4056 6310
525 357 586 416 ιι
1677 347 1810 404 ANA
1820 347 2036 406 STASﬂ
2075 342 2519 436 BlBLlOTHECA
2528 341 2620 396 Rll

2113 467 2166 525 Α

943 466 1028 523 Es
1071 470 1166 522 cod
1214 467 1430 522 Theano
1461 467 1647 520 altero.

587 559 684 614 Lin
706 563 759 624 6,
789 558 857 612 de
881 557 1026 612 omni
1060 555 1310 610 Ecclesiae
1349 554 1538 608 ordine
1563 553 1709 624 fecit.
1730 548 2081 624 lin_7,_Pa_la-

500 630 646 684 'tinis
674 619 928 694 ex'hujus
955 641 1001 680 Β.
1031 639 1082 679 o.
1128 639 1178 679 c.
1216 625 1256 678 Α
1303 624 1365 687 Β,
1408 639 1564 694 quem
1591 622 1758 694 cimit.
1789 621 1863 694 [in
1892 621 1944 681 9,
1974 619 2084 674 Ro-

515 698 717 752 sarinm
746 712 795 750 c.
839 690 897 749 o.
956 709 1006 748 ιι.
1051 690 1490 754 campestrornm.
1546 693 1619 744 lin
1673 693 1760 754 14,
1789 690 2078 742 Baccanas.

515 769 588 820 lin
618 765 705 829 l5,
733 775 785 819 et
809 764 1113 819 trimisinm.
1154 758 1247 817 llic
1275 763 1400 816 fecit
1423 762 1575 815 ordin
1601 763 1634 814 2
1665 761 1716 813 in
1757 758 1888 812 urbe
1913 758 2082 829 Roma

516 853 566 903 ιο.
602 851 677 890 m.
694 827 1071 903 Decembrem.
1099 833 1175 885 lin
1205 833 1287 898 l9,
1311 832 1567 888 viaArd.
1601 845 1760 900 quem
1803 831 1916 897 ipse
1961 827 2086 881 insi—

519 900 668 962 stens
696 904 838 968 fecit,
885 918 974 958 sec
1004 900 1137 955 Non.

3701 344 3767 399 12

2444 458 2596 528 Apud
2625 455 2954 512 llolstenium
2981 466 3025 510 et
3056 453 3504 512 Scheiestratinm.

2209 551 2211 554 ’
2253 545 2350 602 Lin
2374 546 2846 614 2,FlorFacnndi.
2872 549 2944 601 lin
2973 549 3004 601 5
3035 547 3184 604 Flor.
3208 548 3534 605 deestutrbis.
3557 545 3632 603 lin
3645 550 3765 602 eod.

2190 616 2320 673 Cass
2362 628 2417 672 et
2451 617 2581 670 Flor
2617 619 2916 686 episc0pus.
2950 620 3024 670 tiu
3061 619 3110 674 6.
3145 618 3231 671 lid
3267 620 3363 670 cod
3390 619 3455 671 de
3489 618 3634 670 omni
3671 617 3766 670 Ec-

2189 688 2354 744 clesia
2384 687 2675 741 ordinavit.
2705 688 2777 740 lin
2813 689 2864 750 7,
2891 687 3020 740 Flor
3046 687 3350 743 Pallicinns.
3391 687 3462 738 at.
3497 701 3595 739 ms.
3621 686 3770 741 Pala-

2189 758 2354 812 tinus.
2385 757 2460 809 lin
2489 757 2522 810 9
2561 755 2708 819 Flor,
2740 757 3024 810 rosarium.
3053 757 3125 808 lin
3156 757 3236 816 14,
3287 754 3414 809 Cass
3441 755 3768 810 Baccanum.

2189 826 2263 879 lin
2303 826 2393 890 l7,
2429 823 2550 888 Vat,
2582 825 2655 894 in;
2686 825 2817 879 urbe
2866 825 3054 894 Roma.
3091 825 3163 878 lin
3193 825 3276 889 l9,
3307 823 3441 880 Flor
3478 822 3597 890 Vat,
3627 826 3770 894 quod

2194 895 2310 966 ipse
2355 894 2612 950 insistens
2633 891 2760 950 fecit
2787 894 2957 965 pridie
2980 893 3180 960 Nonas,
3203 905 3309 950 etc.

1769 1010 2008 1072 NOTAE
2071 1007 2517 1070 VARIORUM.

1095 1134 1528 1192 ALTASERRA.

591 1231 754 1288 Linea
790 1230 844 1284 4.
868 1227 1056 1282 -Ηὶο
1105 1227 1368 1280 constituit
1407 1234 1463 1278 ut
1506 1223 1773 1290 episcopus
1815 1219 2088 1290 Ostiensis,

520 1306 609 1374 qui
632 1309 896 1374 consecrat
931 1300 1242 1374 episcopium
1253 1294 1428 1356 Urbis,
1470 1289 1629 1361 pollio
1661 1289 1997 1374 uteretur.“et
2027 1289 2091 1341 ab

523 1358 699 1426 eodem
729 1358 995 1438 episcopus
1026 1358 1166 1438 urbis
1199 1363 1377 1438 Roma!
1401 1358 1809 1438 cousecrgretur.
1839 1358 2088 1438 Pallium,

524 1443 664 1509 quod
692 1427 1144 1509 estplenitudinis
1188 1432 1510 1509 pontiﬁcalis
1554 1430 1710 1509 ollicii
1759 1428 1984 1509 insigne.
2026 1427 2091 1480 de

516 1499 642 1581 jure
672 1499 951 1581 confertur
977 1499 1652 1581 tantumarchiepiscopis,
1676 1499 1818 1578 ean}
1838 1506 1908 1581 “et
1937 1511 2089 1581 seqq,

524 1567 628 1634 ἰοί)
653 1578 803 1638 dist.,
838 1589 937 1643 cap
965 1572 998 1626 ι
1027 1575 1090 1626 de
1128 1572 1292 1643 Elect.
1331 1567 1523 1643 Verum
1553 1584 1618 1621 ex
1655 1567 1870 1643 speciali
1894 1567 2089 1643 gratia,

523 1649 688 1703 etiam
723 1635 990 1714 episcopis
1013 1642 1332 1714 quibusdam
1368 1638 1632 1714 indultum
1665 1635 1764 1714 fuit
1799 1651 1828 1714 ξι
1867 1635 2092 1714 summis

524 1705 888 1786 pontifici-bus,
910 1705 979 1766 ἰιι
1014 1705 1045 1765 a
1077 1711 1252 1786 Marco
1297 1710 1546 1786 episcopo
1587 1705 1839 1786 Ostiensi,
1878 1713 2094 1786 propter

523 1775 984 1842 consecrationem
1032 1780 1222 1834 summi
1274 1775 1559 1845 potililicis,
1608 1791 1778 1845 quam
1819 1775 1980 1828 habet
2016 1787 2091 1845 ex

525 1856 748 1924 antiqua
775 1849 1199 1925 consuetudine;
1229 1843 1729 1925 syagi-ioepiscopo
1758 1843 2093 1925 Augustodu-

523 1912 678 1980 nens‘i
708 1938 739 1976 a
763 1920 1045 1990 Gregorio,
1073 1919 1136 1972 de
1157 1912 1402 1990 q-io'ipsc
1425 1915 1495 1968 lib
1514 1912 1773 1990 :vn,epi_st
1797 1913 1830 1966 5
1851 1912 1907 1966 et
1932 1912 2086 1965 aliis:
2128 1929 2168 1986 Β

526 1995 670 2048 unde
725 1984 963 2045 mana'vit
1005 1984 1354 2042 consuetudo.
1406 1992 1462 2036 nt
1509 1984 1770 2039 Ostiensis
1815 1990 2092 2036 consecret

524 2076 793 2117 summum
840 2057 1191 2119 pontificem,
1244 2064 1302 2107 nt
1349 2052 1512 2107 refert
1559 2053 1778 2106 Robert.
1825 2052 1990 2104 abbas
2041 2051 2092 2102 in

526 2131 693 2201 Suppl
716 2120 984 2201 Sigeberti
1015 2127 1080 2180 ad
1115 2139 1219 2201 ann
1264 2123 1420 2201 “Sp.
1460 2141 1476 2172 ι
1511 2120 1772 2177 Ostiensis
1815 2121 2096 2201 cpiscopus

525 2215 592 2270 ex
606 2193 838 2270 antiqua
861 2194 1247 2253 consuetudine
1269 2195 1479 2270 ordinat
1500 2202 1553 2270 et
1581 2201 1760 2270 sucrat
1789 2193 2093 2270 pontiﬁcem

525 2257 828 2338 Romanum
855 2307 870 2330 ,
915 2281 1034 2336 qua:
1082 2263 1412 2338 consuetudo
1466 2262 1682 2338 exinde_
1705 2257 1922 2338 act-idil,
1952 2257 2093 2338 qqod

526 2329 876 2410 ntartyrizato
919 2329 1077 2410 beato
1109 2333 1284 2410 Sixto,
1334 2339 1616 2410 etlsancto
1664 2329 1950 2410 Laurentio
1981 2329 2097 2395 ejus

526 2398 772 2469 (liaeo'no,
803 2407 991 2460 beatus
1013 2402 1254 2456 Justinus
1284 2400 1560 2470 presbyter
1580 2415 1701 2470 eum
1731 2401 1874 2452 clero
1897 2398 2091 2451 [ionia-

523 2493 594 2531 no
633 2468 1137 2556 elegit-Dionysium
1251 2468 1554 2550 pontilirem
1587 2468 2093 2556 ltont:uittut,-queut

523 2537 757 2599 sacravit
786 2537 1048 2597 Maximus
1081 2537 1345 2595 Ostiensis
1373 2539 1653 2606 episcopus
1680 2555 1692 2590 :
1733 2551 1798 2590 ex
1842 2537 1940 2589 hac
1969 2549 2094 2588 con-

522 2613 807 2668 suetudine
833 2611 1026 2666 exinde
1053 2609 1314 2665 Ostiensis
1356 2608 1635 2676 episcopus
1675 2607 1905 2676 ordinat,
1935 2615 1986 2676 et
2009 2620 2095 2656 sa-

523 2691 640 2736 crat
669 2681 968 2736 Romanum
996 2678 1300 2748 pontificem
1319 2717 1332 2739 ,
1366 2674 1420 2730 et
1453 2674 1615 2748 habet
1645 2674 1859 2748 pallium
1893 2675 2093 2726 solum-

526 2752 688 2806 modo
718 2751 786 2804 ad
815 2765 904 2815 ea,
931 2746 1050 2817 quia
1075 2747 1346 2817 pertiuent
1373 2746 1795 2817 in_ordinatione
1823 2753 1878 2796 et
1907 2757 2095 2817 conse-

523 2821 775 2874 cratione
797 2811 1026 2872 Romani
1057 2811 1348 2884 pontiﬁcis.
1373 2834 1390 2866 ι
1420 2813 1669 2884 Ejusdem
1697 2813 1829 2884 ritus
1852 2811 2095 2884 meminit

523 2888 783 2958 Augustin
822 2881 1109 2958 in_Bre\'ie.
1152 2883 1439 2958 collattliei
1481 2883 1532 2942 3,
1583 2896 1701 2958 cap.
1731 2882 1814 2958 l6.
1871 2898 1889 2930 ι
1937 2881 2090 2934 Rom.

523 2951 766 3026 pontifex
806 2955 943 3026 solet
977 2951 1216 3026 ordinari
1254 2968 1288 3026 _a
1326 2953 1494 3006 tribus
1516 2951 1796 3026 _epi_scopis
1819 2965 2092 3026 ι,ιμιονιιιιι

524 3017 733 3096 primus
757 3034 839 3080 est
882 3022 1161 3080 Ostiensis.
1177 3039 1208 3096 _)_
1240 3021 1485 3096 Anastas.
1516 3017 1798 3096 iu'JoaAnne
1825 3017 1865 3068 ν
1886 3037 1910 3096 _:
1946 3019 2096 3096 c__llie

525 3089 888 3170 consecratus
917 3101 1001 3162 est
1041 3105 1072 3144 a
1117 3091 1293 3170 tribus
1326 3090 1590 3170 episcopis
1612 3131 1626 3153 ,
1667 3089 1897 3170 Ostiensi
1925 3128 1939 3150 ,
1967 3089 2099 3170 Dor-5

524 3165 698 3220 tuensi
724 3204 740 3229 ,
779 3159 1171 3225 Veliternensi,
1219 3158 1378 3214 sicuti
1421 3161 1784 3230 praedecessor
1829 3158 1944 3228 ejus
1986 3158 2096 3212 Leo

509 3249 765 3376 ’φιῧιιιζξι
887 3298 987 3376 Hic
1015 3298 1133 3376 fecit
1155 3297 1576 3376 duas__basilicas,
1602 3313 1760 3376 unum
1782 3295 1864 3350 via
1887 3295 2089 3376 Ardea-

523 3373 667 3436 tino,
710 3370 798 3424 ubi
829 3365 1128 3436 requiescit,
1162 3377 1210 3421 et
1252 3367 1409 3420 aliam
1443 3367 1498 3422 in
1545 3367 1670 3420 urbe
1708 3365 1895 3429 Roma,
1932 3365 2093 3436 juxta

527 3387 667 3436 una,
710 3387 796 3424 ποι
829 3387 882 3423 re
917 3387 1128 3433 mesen,
1162 3387 1210 3421 et
1252 3387 1409 3420 atram
1443 3387 1498 3422 tu
1545 3387 1670 3420 uroe
1708 3387 1895 3429 nomo,
1967 3387 2093 3420 una

527 3441 836 3494 Pallacinis.
863 3387 1084 3493 'lquenda
1108 3447 1190 3492 est
1236 3436 1472 3505 vulgaris
1513 3436 1710 3491 lectio:
1755 3436 1895 3490 male
1929 3387 2094 3488 litare-

526 3511 647 3563 nius
673 3509 800 3577 legit
840 3505 1134 3577 Palatinas.
1182 3504 1476 3577 Pallaeeuis
1521 3507 1850 3577 fuitAnomen
1881 3504 2091 3577 cloacae

526 3579 692 3634 Urbis
713 3573 830 3647 qua:
852 3587 931 3632 est
948 3576 1098 3647 juxta
1121 3576 1506 3647 monasterium
1535 3574 1594 3647 S_.
1637 3573 1913 3647 Laurentii
1942 3589 2088 3647 ma_r-

525 3647 678 3717 tyris,
723 3642 874 3717 cujus
913 3642 1158 3717 meminit
1201 3647 1448 3717 Anastas.
1493 3645 1628 3698 infra
1672 3645 1724 3697 in
1769 3643 1984 3717 Nicolao
2023 3642 2086 3695 l:

528 3711 704 3770 (lude
733 3711 896 3784 cmpit
931 3714 1216 3784 decurrere
1255 3715 1305 3767 in
1337 3713 1608 3784 cloacam,
1640 3723 1786 3784 qua!
1818 3721 1900 3766 est
1934 3711 2088 3777 juxta

527 3782 911 3838 monasterium
938 3784 1107 3838 sancti
1131 3782 1403 3836 Laurentii
1430 3783 1702 3850 martyris,
1727 3796 1846 3850 quae
1869 3791 2090 3835 vocatur

521 3853 797 3908 Pallacini.
832 3872 851 3906 ι
881 3853 1022 3908 ldem
1064 3853 1117 3906 in
1158 3852 1336 3905 Leone
1360 3851 1462 3904 Ill:
1507 3871 1524 3900 ι
1563 3851 1626 3904 Et
1667 3851 1721 3904 in
1764 3852 2094 3904 monasterio

521 3923 662 3977 beati
693 3923 960 3975 Laurentii
991 3922 1262 3990 martyris,
1291 3921 1380 3989 qui
1417 3921 1716 3990 appellatur
1757 3919 2029 3990 Pallacini.
2063 3938 2081 3971 ι

520 3991 663 4047 Idem
689 3992 741 4044 in
768 3991 1057 4045 Benedicto
1095 3987 1198 4043 Ill:
1231 4007 1248 4039 ‹
1280 3987 1404 4042 Inde
1440 3987 1616 4042 autem
1660 3987 1883 4058 Tyberis
1923 3989 2088 4057 impe-

521 4071 632 4114 tum
679 4060 882 4113 faciens
926 4059 1088 4127 erepit
1128 4058 1516 4127 decurrerein
1561 4059 1819 4114 cloacam.
1847 4073 1968 4127 qua;
2005 4067 2088 4112 cst

513 4129 667 4195 juxta
714 4126 1097 4197 monasteritim
1140 4128 1310 4181 sancti
1355 4126 1636 4197 Sylvestri,
1667 4136 1722 4197 et
1755 4129 1923 4197 sancti
1951 4126 2086 4180 Lau-

521 4197 678 4250 rentii
726 4196 1000 4264 martyris,
1042 4197 1183 4264 quod
1231 4194 1452 4250 vocatur
1487 4194 1759 4249 Pallacini.
1794 4216 1810 4246 ι
1843 4195 1987 4250 Idem
2033 4197 2084 4250 in

517 4265 781 4335 Gregorio
802 4264 864 4335 ΙΥ
892 4283 905 4318 :
943 4283 961 4315 ι
991 4265 1140 4320 Fecit
1164 4266 1324 4319 etiam
1358 4265 1409 4318 in
1439 4266 1764 4320 monasterio
1790 4265 2084 4320 beatissimi

520 4334 775 4405 martyris
817 4334 1014 4389 Christi
1047 4335 1339 4398 Laurentii,
1373 4335 1514 4402 quod
1548 4335 1744 4405 dicitur
1777 4335 2082 4399 Pallacinis,

519 4403 757 4457 canistra
787 4405 851 4474 de
883 4413 1104 4474 argento
1130 4419 1242 4474 sex.
1285 4423 1302 4455 ι
1340 4405 1534 4474 Eadem
1577 4403 1855 4458 Palacenis
1884 4405 2026 4474 dicta
2054 4421 2083 4458 a

517 4474 778 4543 Gregorio
805 4473 877 4528 lib
907 4472 966 4535 v,'
990 4475 1126 4542 epist
1165 4473 1234 4525 44
1269 4489 1281 4526 :
1318 4491 1335 4524 ι
1365 4472 1662 4528 Tabernam
1694 4474 1746 4528 in
1778 4477 1878 4528 hac
1919 4473 2083 4539 Urbe,

514 4557 638 4612 qua:
671 4551 754 4599 est
775 4543 949 4613 posita
967 4543 1119 4614 juxta
1146 4543 1442 4597 l'alacenis.
1487 4560 1506 4593 ι

1011 4631 1183 4687 ΒιΝιιι
1203 4647 1271 4686 ET
1299 4631 1583 4686 LABBA‘II.

592 4722 757 4778 Linea
786 4723 842 4778 4.
864 4753 934 4794 ea
965 4723 1067 4776 Hic
1110 4725 1373 4794 constituit
1404 4733 1458 4776 ut
1504 4725 1771 4794 episcopus
1813 4723 2082 4778 Ostiensis.

429 4843 434 4848 .
516 4791 861 4848 Consuetudo
887 4793 994 4856 illa,
1021 4809 1124 4861 qua
1164 4793 1427 4847 Ostiensis
1468 4791 1750 4862 episcopus
1785 4794 2083 4848 Romanum

517 4863 828 4932 episcOpnm
853 4877 1178 4932 consecrare
1193 4863 1370 4932 solet,
1389 4863 1490 4916 hoc
1536 4870 1773 4930 tempore
1813 4864 2086 4930 antiquior

515 4931 638 5001 cisse
685 4931 934 5001 videtur:
998 4945 1120 4983 nam
1165 4931 1445 5000 Dionysius
1487 4947 1620 5001 papa
1675 4948 1702 4984 a
1759 4932 2083 4989 Maximiano

516 4999 752 5056 Ostiensi
781 5000 1031 5071 episcopo
1054 4999 1414 5071 consecratus,
1438 4999 1601 5071 fuisse
1642 5002 1853 5070 legitur.
1882 5003 1938 5056 S.
1969 5009 2078 5056 Au-

515 5072 714 5142 gustin.
763 5068 830 5142 in;
851 5068 1128 5142 Breviculo
1163 5069 1340 5142 collat.
1389 5070 1494 5142 diei
1535 5072 1588 5134 5,
1637 5068 1734 5139 cap
1777 5071 1874 5134 l6,
1917 5088 2081 5142 agens

516 5138 774 5195 adversus
799 5139 1136 5202 Donatistas,
1171 5138 1328 5206 hujus
1371 5139 1507 5194 ritus
1552 5138 1804 5210 tanquam
1835 5138 2078 5196 vetustis-

515 5210 636 5263 simi
663 5209 927 5264 meminit.

587 5277 753 5332 Linea
781 5279 831 5333 5.
856 5307 926 5319 —
946 5275 1118 5330 Pallio
1149 5285 1397 5329 uteretur.
1443 5277 1665 5333 Pallium
1698 5278 1854 5333 aliter
1877 5293 2080 5333 canone

513 5345 598 5417 *12Δ
639 5345 968 5417 Gangrensis
1019 5345 1263 5410 concilii,
1325 5346 1480 5401 aliter
1528 5349 1614 5402 hic
1671 5349 1958 5417 accipitur.
2005 5347 2078 5400 lbi

513 5414 659 5467 enim
690 5414 919 5485 sumitur
939 5431 1035 5484 pro
1056 5426 1205 5470 veste
1235 5430 1338 5484 qna
1375 5419 1662 5471 utebantur
1684 5414 1889 5485 illi,’qui
1916 5416 2077 5468 vitam

514 5483 868 5554 austeriorem
901 5483 1263 5554 monasticam
1290 5487 1547 5554 professi,
1589 5485 1762 5548 carni,
1787 5483 1842 5538 et
1880 5486 2079 5539 mundo

515 5553 976 5622 renuntiaverant.
1031 5553 1126 5606 llic
1170 5553 1305 5608 vero
1337 5556 1568 5608 sumitur
1601 5569 1698 5622 pro
1742 5554 2073 5617 indumento,

514 5629 569 5692 et
613 5621 808 5692 insigni
846 5622 1050 5692 summi
1087 5623 1355 5691 pudicis
1392 5621 1618 5678 Romani
1644 5663 1659 5689 ,
1702 5639 1808 5691 quo
1838 5638 2079 5677 summus

513 5689 704 5758 honor,
726 5689 786 5749 ’Ξ
1153 5701 1318 5762 πᾶν
1337 5707 1393 5748 as
1431 5689 1793 5762 signiﬁcatur;
1827 5694 2075 5760 quodque

2140 3029 2142 3031 ›
2193 2997 2422 3065 ostendi)
2449 3012 2462 3049 :

2198 1131 2266 1184 ab
2318 1127 2506 1200 eodem
2561 1128 3014 1200 metropolitanis
3048 1130 3312 1200 episcopis
3365 1129 3652 1198 aliquando
3699 1133 3770 1187 ob

2195 1211 2393 1268 causas
2406 1197 2626 1268 arduas,
2647 1208 2710 1268 et
2732 1197 3093 1254 rationabiles
3115 1197 3372 1268 impertiri
3401 1197 3614 1256 solitum
3647 1203 3766 1257 fuit.

2196 1267 2309 1340 l_loc
2345 1266 2484 1340 alias
2509 1267 2805 1335 appellatur
2829 1268 3142 1340 Phrygium,
3188 1266 3439 1340 fortasse
3459 1272 3600 1332 ideo.
3627 1273 3768 1340 quod

2196 1336 2552 1405 Phrygiorum
2603 1352 2766 1402 opere
2806 1336 3059 1394 crucibus
3103 1340 3318 1395 contexi
3365 1339 3519 1396 solet.
3571 1336 3766 1396 Baron.

2195 1420 2335 1460 anno
2360 1407 2483 1470 356,
2521 1420 2576 1459 n.
2605 1405 2692 1460 63.
3521 1435 3532 1451 ι

2773 1497 3156 1554 BLANCHINI.

2679 1588 2731 1644 Ν
2735 1599 2833 1644 om:
2863 1587 3257 1658 chronologicw.

2263 1681 2429 1737 Beato
2457 1681 2660 1743 Marco,
2698 1687 2895 1749 prator
2924 1692 3140 1732 menses
3174 1688 3323 1750 octo,
3349 1688 3402 1735 et
3436 1678 3551 1750 dies
3579 1679 3766 1750 viginti

2194 1767 2358 1804 unum
2389 1751 2747 1820 episcopatus,
2775 1763 2944 1820 annos
2972 1761 3187 1820 quoque
3215 1749 3348 1804 duos
3375 1749 3628 1820 tribuunt
3643 1749 3766 1805 cum

2194 1818 2503 1890 picturis’S.
2537 1818 2683 1872 Pauli
2712 1818 2939 1890 catalogi
2970 1818 3319 1890 vetustiores,
3349 1828 3576 1890 excepto
3609 1818 3768 1890 Libe-

2197 1885 2385 1942 riano:
2411 1903 2603 1956 nempe
2627 1885 3022 1956 catalogns'sub
3043 1885 3220 1940 Felice
3241 1889 3466 1954 Quarto,
3485 1885 3767 1951 Cavensis,

2199 1957 2471 2012 Farfcnsis
2492 1999 2506 2020 ,
2556 1957 2813 2010 Lucensis
2835 1995 2850 2018 ,
2909 1964 2962 2009 et
2992 1957 3297 2026 Colbertini
3343 1971 3531 2012 omnes
3555 1997 3570 2021 ,
3605 1973 3764 2026 supra

2201 2028 2352 2080 relati
2400 2028 2451 2081 in
2480 2026 2878 2094 Prolegomenis
2899 2025 3092 2078 seriem
3129 2024 3282 2080 Rom.
3307 2026 3521 2094 pontif.,
3559 2024 3767 2081 necnon

2199 2105 2377 2150 textus
2421 2096 2842 2150 Bibliothecarii.
2874 2094 3099 2164 Unicum
3143 2103 3320 2149 tamen
3353 2112 3451 2164 par
3488 2096 3765 2150 consulum

2197 2165 2270 2218 illi
2302 2167 2575 2235 assignant
2605 2163 3052 2235 tnmAcatalogus_
3067 2163 3404 2235 Lilierianus,
3441 2176 3551 2219 tmn
3580 2166 3646 2218 ab
3678 2164 3768 2218 illo

2196 2232 2475 2302 proximus
2502 2233 2696 2287 Felicis
2717 2232 3006 2298 Quarti,'et
3025 2233 3493 2298 Bibliothecarius,
3522 2244 3576 2288 et
3599 2236 3765 2288 codex

2196 2303 2557 2359 Ocriculensis
2605 2312 2830 2373 quartus
2875 2320 2890 2356 :
2938 2314 3199 2371 quotquot
3245 2305 3449 2357 scilicet
3487 2314 3767 2373 apponunt

2196 2385 2376 2427 notam
2402 2373 2728 2427 consulatus.
2757 2372 2892 2426 Sunt
2915 2383 3092 2424 autem
3131 2373 3376 2428 consules
3399 2373 3489 2441 qni
3520 2372 3576 2426 in
3605 2373 3765 2426 Marci

2173 2443 2509 2512 pontificatu
2573 2443 2946 2512 exprimuntur
2995 2441 3318 2512 Nepotianus
3361 2453 3414 2497 et
3462 2441 3765 2512 Focundus,

2194 2510 2512 2582 quiannum
2540 2511 2970 2582 signaruntterze
3004 2510 3200 2582 Christi
3232 2513 3532 2582 communis
3561 2511 3684 2566 536.

2266 2581 2359 2635 His
2401 2578 2612 2649 nempe'
2637 2578 2944 2634 consulibus
2975 2579 3178 2633 electus
3210 2582 3448 2649 pontifex
3488 2581 3762 2634 Romanus

2194 2649 2384 2704 diebus
2416 2650 2721 2719 quindecim
2756 2653 2855 2719 (tot
2883 2650 3025 2702 enim
3054 2660 3302 2719 numerat
3329 2667 3447 2704 cmn
3480 2651 3765 2705 Bibliothe-

2193 2719 2344 2773 cario
2369 2717 2648 2788 catalogus
2679 2717 2970 2788 Farfensis)
2995 2734 3024 2770 a
3055 2720 3228 2771 morte
3251 2718 3494 2774 Silvestri
3520 2723 3769 2774 decesso-

2195 2791 2287 2851 ris,
2316 2789 2407 2856 qui
2439 2788 2901 2842 vitam-clauserat
2949 2803 3200 2856 supremo
3229 2791 3353 2843 anni
3399 2789 3622 2843 Romani
3655 2791 3763 2851 die,

2193 2866 2248 2911 et
2278 2857 2586 2911 consulatus
2617 2857 2912 2912 Constantii
2948 2866 3001 2911 et
3023 2857 3195 2910 Albini
3227 2857 3284 2910 5|
3318 2858 3622 2912 Decembris
3644 2875 3767 2912 aet-te

2197 2927 2392 2981 Christi
2426 2927 2531 2981 555
2571 2926 2650 2995 (ut
2679 2927 2729 2980 in
2765 2925 3009 2996 silvestri
3039 2927 3177 2996 uotis
3215 2927 3616 2996 Chronologicis
3653 2928 3764 2996 jam

2513 3005 2566 3048 et
2610 2995 2917 3062 apostolica:
2963 2995 3074 3048 sedi
3106 2996 3414 3050 solemniter
3457 2995 3767 3052 illatus’dio

2196 3064 2470 3119 Dominiea
2527 3065 2590 3119 l8
2643 3065 2883 3119 Januarii
2938 3065 3146 3119 Pascha
3210 3067 3424 3120 unicum
3473 3067 3764 3122 celebravit

2195 3137 2380 3188 eodem
2404 3132 2685 3205 consulatu
2708 3131 2982 3205 Nepotiani
3019 3143 3071 3188 et
3097 3133 3353 3194 Facumli,
3390 3152 3496 3205 quo
3526 3138 3760 3190 nondum

2199 3203 2716 3272 absolutomigravit
2761 3203 2812 3256 in
2861 3205 3054 3257 coelum
3099 3205 3255 3258 nonis
3284 3203 3551 3260 Octobris.
3589 3206 3765 3271 Quare

2121 3267 2166 3328 C
2197 3273 2319 3352 anni
2349 3275 2471 3357 _duo
2509 3267 2849 3357 poutilicatus
2891 3274 2995 3357 qui
3030 3276 3360 3357 praacedunt,
3385 3267 3662 3357 pertinent
3696 3277 3761 3357 ad

2197 3342 2510 3411 vicariatmn
2541 3341 2608 3394 ab
2654 3342 2771 3411 ipso
2799 3343 3094 3411 exercitum
3121 3354 3359 3397 extrema
3387 3341 3442 3398 in
3486 3353 3762 3399 senectute

2194 3409 2474 3464 Silveslri?
2502 3427 2621 3465 cum
2671 3409 2966 3465 necessitas
3014 3409 3302 3477 adjmuenti
3352 3415 3418 3467 ad
3464 3418 3759 3467 exercenda

2192 3480 2517 3548 pontillcalia
2573 3495 2794 3534 munera
2843 3495 2938 3548 per
2976 3484 3274 3535 confectam
3323 3483 3464 3536 illam
3519 3482 3761 3536 Silvestri

2191 3559 2402 3604 aetatem
2429 3565 2532 3602 non
2555 3550 2732 3604 minus
2756 3551 3032 3617 exigerent
3062 3551 3316 3604 vicarium
3347 3552 3399 3604 in
3424 3567 3554 3619 pace
3578 3553 3763 3606 Eccle-

2191 3619 2312 3688 site,
2365 3635 2526 3688 quam
2573 3619 2879 3688 exegissent
2925 3629 3202 3672 constante
3251 3623 3623 3687 persecutione
3661 3623 3762 3676 sub

2189 3687 2564 3742 decesseribus
2597 3687 2896 3756 frequentia
2928 3688 3013 3740 illa
3047 3689 3356 3741 discrimina
3385 3692 3630 3756 superius
3660 3705 3758 3744 ex-

2190 3756 2382 3824 plicata
2433 3759 2484 3811 in
2536 3759 2678 3811 notis
2705 3759 2773 3811 ad
2815 3759 3122 3811 eormndem
3153 3759 3326 3827 vitas.
3359 3759 3518 3827 Alia:
3548 3774 3764 3827 quoque

2189 3841 2365 3880 causa:
2388 3836 2673 3880 suaserunt
2696 3827 2966 3882 Romanos
2988 3826 3263 3895 pontifices
3282 3826 3437 3894 hujus
3461 3826 3760 3895 prtesertim

2189 3896 2362 3963 quarti
2400 3911 2430 3948 a
2472 3895 2684 3949 Christo
2722 3895 2900 3950 sazcnli
2928 3934 2943 3959 ,
2983 3898 3066 3949 cui
3100 3898 3256 3950 modo
3290 3898 3658 3961 innueramur,
3703 3905 3763 3950 ut

2189 3965 2452 4035 vicarium
2479 3965 2530 4017 in
2580 3965 2718 4020 Urbe
2762 3967 3148 4035 constituerent
3179 3968 3334 4019 modo
3364 3967 3759 4035 presbyterum,

2189 4035 2348 4087 modo
2373 4033 2682 4153 episcogum
2710 4035 2776 4085 ad
2807 4033 2984 4100 plures
3007 4046 3162 4087 actus
3201 4033 3551 4088 exercendos'.
3578 4038 3758 4102 Quare

2189 4101 2240 4153 in
2300 4101 2448 4153 Actis
2498 4101 2557 4153 Li
2597 4101 2694 4153 erii
2746 4102 3007 4153 Damasus
3053 4110 3178 4153 tunc
3224 4104 3504 4153 nreslivter
3561 4105 3758 4153 dicitur

2189 4101 2269 4172 in,
2300 4101 2448 4172 Actis
2498 4101 2716 4172 Liberii
2746 4102 3007 4172 Damasus
3053 4110 3178 4172 tunc
3224 4104 3504 4172 presbyter
3561 4101 3759 4158 dicitur

2187 4171 2459 4224 adhibitus
2485 4185 2514 4222 a
2543 4170 2755 4223 Liberio
2799 4171 3051 4224 vicarius.
3080 4171 3218 4235 Quin
3265 4170 3426 4224 etiam
3471 4173 3758 4227 observare

2187 4239 2341 4303 licet,
2369 4240 2554 4311 eodem
2590 4247 2783 4311 quarto
2820 4239 3016 4294 saeculo
3061 4241 3401 4308 procedente,
3438 4256 3594 4296 nsum
3631 4243 3755 4311 qui-

2185 4312 2304 4362 dem
2336 4309 2851 4381 vicariorumjuisse
2885 4311 3190 4381 prudenter,
3215 4311 3511 4364 adhibitum
3538 4327 3634 4379 pro
3649 4309 3756 4381 ’ωρ-

2184 4378 2513 4450 portunitate
2562 4378 2615 4431 in
2660 4377 2902 4450 Romana
2955 4377 3222 4450 Ecclesia;
3274 4381 3368 4434 sed
3420 4381 3471 4434 in
3514 4377 3757 4450 pluribus

2184 4446 2439 4518 Ecclesiis
2468 4449 2819 4518 degenerasse
2855 4448 2907 4502 in
2949 4449 3208 4512 abusum;
3241 4465 3361 4504 cum
3409 4446 3573 4504 fuerit
3601 4451 3756 4504 cohi-

2184 4517 2391 4589 bendus
2437 4517 2812 4589 per’Nictenos
2851 4533 3084 4589 canones
3109 4557 3122 4578 ,
3180 4527 3313 4572 teste
3361 4520 3656 4589 Augustino
3685 4539 3697 4572 :
3723 4537 3753 4574 a

2112 4607 2162 4667 ι)
2189 4585 2594 4667 quo-discemus
2625 4587 2847 4667 epistola
2894 4588 2994 4667 l-Itl
3019 4589 3194 4667 etiam
3224 4596 3343 4667 post
3369 4585 3492 4643 illos
3519 4605 3755 4667 canones

2194 4654 2357 4707 nmlto
2391 4667 2515 4710 ante
2543 4654 2805 4728 conditos,
2837 4659 2926 4711 sed
2959 4673 2987 4709 a
3021 4654 3237 4710 Valerio
3272 4657 3599 4728 Hipponensi
3641 4660 3754 4728 epi-

2191 4739 2376 4797 scopo.
2407 4737 2463 4780 et
2491 4743 2519 4780 a
2548 4742 2607 4781 se
2637 4726 2937 4797 ignoratos,
2985 4726 3528 4797 contra__eorumdem
3582 4726 3752 4797 legem

2189 4796 2535 4850 constitutum
2568 4810 2624 4850 se
2647 4795 2810 4864 fuisse
2837 4795 3092 4848 vicarium
3122 4811 3152 4848 a
3188 4795 3401 4864 Valerio
3427 4813 3542 4849 cum
3573 4795 3754 4864 [uiam

2187 4865 2529 4918 successione.
2585 4865 2732 4934 Unde
2780 4863 2933 4934 facile
2965 4863 3377 4934 comperimus,
3437 4881 3543 4919 non
3576 4863 3754 4920 modo

2188 4948 2340 5003 usum
2368 4934 2660 5002 legitimum
2688 4933 2870 4987 vicarii
2901 4932 3065 4986 fuisse
3098 4932 3149 4986 in
3182 4932 3434 5003 Ecclesiis
3462 4935 3752 5003 compluri-

2188 5001 2286 5070 bus
2320 5000 2672 5070 frequentem,
2706 5003 2796 5054 sed
2840 5003 3000 5055 etiam
3047 5003 3097 5056 in
3149 5001 3415 5069 aliquibus
3460 5000 3754 5060 descivisse

2188 5069 2240 5142 in
2272 5069 2628 5142 torruptelam
2658 5073 2958 5142 assumendi
2988 5071 3169 5142 vicarii
3205 5087 3326 5124 cum
3356 5083 3512 5142 pacto
3532 5087 3750 5128 succes-

2187 5138 2378 5209 sionis.
2432 5138 2744 5209 llnjusmodi
2797 5141 3186 5209 corruptelam,
3233 5149 3286 5192 et
3325 5138 3549 5197 abusum
3605 5143 3751 5197 desi-

2185 5208 2383 5274 gnandi
2419 5208 2648 5261 viearios
2675 5225 2796 5262 cum
2827 5208 3194 5272 successione,
3242 5209 3476 5265 Ecetesia
3508 5210 3750 5265 Romana

2187 5289 2360 5348 neque
2391 5276 2441 5330 in
2484 5292 2542 5331 se
2584 5279 2822 5343 admisit,
2843 5289 3016 5346 neque
3056 5279 3106 5331 in
3153 5279 3367 5334 caeteris
3410 5282 3748 5348 approbavit.

2179 5343 2504 5426 Legitiuunn
2540 5363 2666 5402 vero
2695 5343 3078 5426 usumnvicarii,
3111 5348 3222 5400 sive
3261 5343 3590 5426 presbyteri,
3639 5352 3751 5405 sive

2185 5415 2452 5483 epiScopi,
2503 5426 2662 5486 prout
2707 5416 3219 5486 pontificimlibcret,
3246 5417 3380 5486 citra
3425 5415 3516 5485 jus
3556 5419 3750 5473 futura:

2185 5484 2584 5549 successionis,
2648 5486 2891 5540 adhibuit
2950 5484 3188 5536 Romana
3255 5484 3496 5540 EetzleSia
3561 5489 3748 5540 eodem

2184 5562 2377 5621 quarto
2405 5556 2620 5617 saeculo,
2647 5563 2702 5607 et
2738 5554 3184 5621 subsequentibus
3206 5555 3426 5624 retinnit
3450 5570 3464 5607 :
3491 5559 3750 5624 quemad-

2184 5624 2396 5676 modum
2437 5624 2629 5677 retinet
2657 5634 2813 5678 tetate
2843 5633 3024 5676 nostra
3072 5623 3570 5686 provideritissitiie,
3605 5624 3750 5678 nulla

2183 5704 2303 5743 cmn
2351 5691 2535 5745 fraude
2565 5707 2862 5756 canonum,
2897 5693 3002 5745 into
3035 5691 3264 5763 plurimo
3294 5709 3416 5772 cum
3457 5693 3658 5762 frucsu,
3694 5719 3751 5748 et

3813 1485 3827 1542 l
