4056 6310
305 307 384 366 25
1141 308 1460 366 HISTORIA
1504 309 1591 364 DE
1633 307 2011 365 VITlS-ROM.
2052 308 2253 367 PONT.
2289 342 2355 354 -ο
2398 314 2457 370 S.
2499 315 2757 374 JULlUS.
3505 324 3580 381 26

310 427 579 502 sationes,
608 424 755 502 quod
780 433 940 502 metit
954 423 1158 479 Persici
1188 423 1334 502 belli,
1364 422 1588 502 Romam
1619 423 1750 490 ipsis
1777 438 1902 501 pro—
1935 425 1979 487 Α
2011 436 2114 487 tus,
2147 434 2202 481 et
2230 427 2491 502 septimus
2517 443 2688 482 canon
2720 429 2810 502 j_us
2835 429 3253 502 appellationum
3286 430 3338 484 in
3358 431 3576 502 episco-

310 496 482 553 ficisci
509 491 856 550 non'liceret.
903 495 1079 559 Quare
1126 493 1413 548 concilium
1466 491 1765 546 Romanum
1785 491 1897 556 jam

309 579 474 622 antea
523 565 786 631 indictum
840 564 1011 618 Julius
1059 563 1352 618 celebravit
1400 576 1544 615 anno
1590 560 1713 615 542.
1765 561 1901 617 Huic

308 636 538 692 adfuere
580 634 969 702 quinquaginta
999 632 1257 700 episcopi,
1288 647 1416 685 cura
1458 630 1666 685 Vitonis
1711 631 1898 702 Sylve-

308 708 409 771 stri
454 701 746 774 pontificis
791 701 848 757 in
887 702 1102 774 Nictena
1150 702 1422 771 quondam
1474 702 1678 770 synodo
1718 701 1897 774 legati.

309 777 386 830 lbi
430 771 593 829 causa
628 775 686 828 S.
711 773 993 828 Athanasii
1038 771 1103 824 ad
1133 786 1362 826 examen
1390 780 1580 825 vocata
1610 780 1716 835 est,
1748 772 1901 840 isque

309 844 699 899 communione
748 854 805 898 et
864 844 1191 912 episcopatu.
1245 841 1438 912 dignus
1487 839 1779 912 judicatus,
1812 839 1898 912 iul

307 930 478 981 purus
533 913 846 975 criminum,
890 910 1010 981 {pne
1050 911 1152 981 ipsi
1200 910 1517 981 aﬂinxerant
1562 910 1846 981 Eusebiani
1882 927 1895 963 :

308 978 467 1039 lectae
495 993 623 1038 sunt
665 982 719 1037 in
762 978 992 1038 concilio
1020 980 1213 1036 littera:
1240 980 1666 1035 Eusebianorum
1696 980 1761 1032 ad
1802 978 1897 1033 Ju-

307 1054 443 1107 limn
473 1068 691 1123 papam,
721 1053 911 1123 synodi
944 1051 1294 1123 Antiochente
1331 1049 1545 1123 nomine
1583 1049 1740 1110 datae,
1778 1064 1901 1123 quae

307 1123 453 1178 s'vlo
474 1117 820 1176 insolenti'et
854 1120 1192 1177 contentioso
1223 1128 1379 1175 erant
1402 1118 1636 1187 scriptaz,
1682 1128 1732 1171 ct
1764 1117 1901 1171 mul-

308 1191 557 1264 tipjcem
587 1193 849 1264 adversus
880 1190 1190 1264 pontificem
1223 1189 1497 1264 querelam
1530 1187 1896 1264 continebant.

306 1255 378 1315 Ιιᾷ
414 1261 698 1331 respondit
745 1278 808 1316 cx
860 1255 1095 1331 concilii;
1121 1255 1389 1331 sententia
1419 1256 1695 1331 _pontifex‘,
1747 1255 1900 1331 cujus

304 1326 576 1399 epistola,
628 1346 790 1399 quam
845 1331 1011 1385 refert
1064 1328 1122 1383 S.
1168 1328 1503 1399 Athanasius
1560 1326 1802 1399 apologia
1860 1343 1898 1399 _u

304 1396 578 1455 adversus
614 1396 863 1464 Arianos,
915 1400 1126 1469 insigne
1189 1408 1275 1454 est
1317 1397 1699 1453 ecclesiasticze
1739 1396 1901 1465 disci:

304 1470 471 1540 plina:
490 1471 944 1540 promptuarium.
962 1465 977 1478 ⁸

379 1537 673 1593 Marcellus
694 1537 1012 1610 Ancyranus
1037 1538 1342 1610 episcopus,
1380 1538 1470 1605 qui
1503 1551 1644 1610 anno
1686 1545 1898 1610 trecen-

308 1610 509 1676 tesimo
525 1610 804 1678 trigesimo
813 1606 909 1663 sex
919 1621 971 1664 to
993 1611 1044 1664 in
1061 1606 1266 1678 synodo
1285 1606 1896 1676 Constantinopolitana,

306 1680 363 1732 in
386 1694 497 1746 qua
529 1676 587 1732 S.
604 1676 946 1743 Athanasius
973 1676 1225 1734 exsulare
1239 1678 1427 1800 gussus
1455 1685 1558 1734 est,
1584 1678 1895 1747 episcopatu

306 1748 613 1800 depositus.
642 1758 698 1800 et
733 1749 925 1800 exsilio
953 1748 1214 1800 multatus
1262 1756 1436 1800 uerat.
1463 1747 1662 1800 unione
1706 1749 1772 1800 ad
1813 1763 1895 1800 se-

304 1748 613 1818 depositus,
642 1758 698 1803 et
733 1749 925 1803 exsilio
953 1748 1214 1803 multatus
1239 1747 1436 1809 fuerat,
1460 1747 1662 1818 quique
1706 1749 1772 1801 ad
1813 1763 1896 1801 se-

305 1816 430 1872 dein
463 1833 623 1873 suam
655 1833 927 1882 reversus,
958 1820 1153 1873 iterum
1185 1819 1249 1872 de
1283 1816 1471 1871 haeresi
1501 1826 1807 1879 accusatus,
1841 1819 1892 1876 iu

305 1888 457 1942 dicto
504 1889 737 1945 concilio
766 1890 1104 1955 Antiochcno
1144 1889 1431 1941 damnatus
1479 1885 1673 1951 fuerat,
1705 1887 1755 1940 in
1795 1889 1897 1941 hac

304 1956 519 2027 synodo
547 1957 791 2012 Romana
841 1974 1022 2014 coram
1054 1957 1196 2013 Iulio
1236 1971 1369 2027 papa
1408 1970 1627 2027 causam
1653 1956 1812 2021 dixit,
1843 1966 1898 2011 et

304 2025 576 2082 innocens
601 2029 908 2083 declaratus
932 2039 1050 2094 est;
1092 2026 1423 2082 Athanasius
1448 2025 1647 2094 quippe
1692 2026 1749 2095 in
1778 2026 1895 2095 epi-

309 2097 452 2149 stola
479 2098 549 2152 ad
588 2098 859 2154 solitarios
890 2098 956 2153 de
992 2114 1058 2153 eo
1086 2097 1276 2152 scribit
1306 2112 1320 2150 :
1351 2095 1450 2149 Ille
1475 2104 1647 2148 autem
1678 2094 1897 2149 Romam

301 2166 594 2234 profectus,
620 2184 730 2222 sese
749 2169 1071 2223 innocentem
1095 2167 1273 2220 docuit
1297 2181 1316 2220 :
1345 2165 1437 2221 sed
1462 2166 1895 2220 communionem

303 2245 434 2289 ante
464 2237 568 2306 ipsi
596 2235 772 2308 Julius
798 2253 902 2292 non
937 2238 1194 2308 restituit,
1235 2251 1397 2304 quam
1438 2234 1561 2308 fidei
1602 2235 1894 2308 professio-

303 2320 431 2376 nem
462 2303 516 2360 in
543 2307 763 2376 scriptis
806 2307 882 2361 illi
922 2303 1266 2368 tradidisset,
1282 2320 1444 2376 quam
1474 2304 1641 2376 refert
1665 2303 1897 2374 Epipha~

302 2375 430 2430 nius
462 2374 858 2432 bseresi'Lxxn.
890 2376 1086 2430 Verum
1116 2384 1199 2430 est
1224 2374 1514 2429 Baronium
1560 2374 1896 2440 existimare,

303 2460 427 2499 eam
456 2446 850 2515 professionem
892 2446 1013 2501 fidei
1064 2460 1171 2499 non
1216 2460 1350 2507 esse.
1373 2459 1491 2515 eam
1533 2459 1696 2515 quam
1725 2443 1898 2515 Julius

377 2531 404 2568 r
427 2513 614 2571 omnia
638 2517 1064 2577 consentientem
1093 2529 1212 2571 esse
1236 2515 1401 2569 tradit
1428 2513 1680 2568 Ecclesia:
1703 2513 1900 2575 catho-q

327 2586 447 2649 iter,
476 2587 625 2652 quod
660 2587 784 2645 licet
827 2587 881 2641 in
911 2600 974 2639 ea
1004 2586 1167 2640 multa
1197 2587 1264 2639 ad
1297 2584 1621 2638 Arianorum
1651 2582 1899 2651 impieta-

303 2665 417 2707 tem
443 2654 834 2710 confutandam
868 2657 1237 2725 reperiantur;
1273 2664 1452 2725 tamen
1497 2652 1640 2725 quod
1682 2652 1897 2721 potissi-

302 2739 455 2779 mum
488 2727 841 2797 exigebatur
892 2721 945 2780 θ’
978 2724 1281 2797 professore
1336 2721 1607 2797 catholico
1632 2735 1923 2797 ,__n0t_nen.

304 2790 775 2850 consubstantith
823 2797 877 2851 in
926 2790 993 2850 ea
1041 2810 1144 2849 non
1195 2794 1421 2864 legatur.
1467 2790 1577 2847 Sed
1623 2790 1898 2864 silentium

302 2864 437 2919 illud
472 2864 728 2920 Marcello
749 2866 969 2921 minime
1011 2865 1141 2918 vitio
1170 2859 1485 2918 vertendum
1511 2878 1526 2926 ;
1571 2876 1696 2916 cum
1722 2859 1898 2916 nullus

302 2950 432 2989 eum
477 2944 785 2999 accusaret,
807 2937 949 3005 quod
991 2950 1099 2988 non
1128 2935 1374 3005 crederet
1417 2930 1894 3005 consubstantiali-

300 3015 501 3069 tatem,
532 3020 695 3074 quam
726 2999 1118 3074 subscripserat
1148 3012 1204 3057 et
1238 3001 1554 3057 defenderat
1585 3001 1636 3054 in
1666 2999 1897 3074 concilio

300 3070 567 3140 Nicenoi
597 3075 690 3131 sed
713 3082 918 3128 tantum
938 3070 988 3127 ei
1012 3076 1367 3141 imputaretur
1390 3086 1545 3125 error
1566 3070 1891 3141 contrarius,

302 3138 743 3214 Sabellianorum
799 3159 990 3214 nempe
1036 3138 1295 3214 et'PauliA
1324 3140 1682 3214 Samosateni.
1724 3138 1893 3214 Porro

302 3215 436 3271 licet
466 3213 754 3268 Marcellus
777 3222 883 3267 tam
915 3209 967 3266 in
1003 3214 1103 3266 hac
1127 3210 1343 3282 synodo
1364 3209 1628 3282 ltotnaua,
1651 3223 1811 3277 quam
1840 3209 1895 3263 in

302 3285 645 3345 Sardicensi,
676 3285 742 3336 de
788 3297 892 3351 qua
937 3296 1061 3335 mox
1102 3279 1378 3335 absolutus
1409 3279 1569 3351 fuerit
1594 3292 1780 3351 ,Aeum
1816 3285 1890 3331 ta-

307 3371 433 3408 men
478 3354 548 3406 ab
577 3347 820 3407 haeresis
844 3351 1148 3420 suspicione
1194 3351 1424 3406 liberare
1477 3348 1641 3417 aliqui
1690 3347 1893 3420 frustra

305 3422 664 3485 contendunt,
686 3437 809 3474 cum
825 3422 893 3475 ab
918 3417 1239 3484 Athanasio,
1266 3431 1322 3473 et
1346 3428 1529 3487 postea
1554 3421 1623 3473 ab
1640 3417 1894 3487 omnibus

306 3494 601 3546 luereticus
645 3492 858 3559 agnitus
893 3490 1074 3553 fuerit,
1132 3498 1193 3543 ut
1247 3486 1431 3559 videre
1471 3496 1552 3559 est
1599 3489 1653 3541 in
1703 3486 1891 3559 critica

303 3562 615 3615 Baruniana
642 3556 709 3614 ad
738 3575 939 3613 annum
974 3559 1098 3622 547,
1125 3568 1181 3612 et
1203 3559 1342 3628 apud
1371 3556 1813 3628 Schelestratium
1836 3556 1889 3628 in

306 3632 526 3684 dissert.
563 3645 645 3691 tu,
680 3631 746 3683 de
772 3644 930 3683 sacro
954 3629 1182 3682 concilio
1202 3625 1560 3690 Antiocheno,
1590 3642 1708 3695 cap.
1729 3625 1893 3695 5,ubi

304 3703 631 3753 observatur
648 3698 767 3765 ejus
797 3699 1047 3752 hreresim
1071 3699 1285 3753 nonnisi
1315 3706 1433 3765 post
1461 3694 1749 3751 multosab
1774 3694 1892 3764 ejus

308 3770 463 3823 obitu
483 3784 660 3822 annos
688 3769 1008 3823 iunotuisse.

383 3837 512 3892 Post
589 3840 905 3915 synodum_
934 3838 1228 3915 Romanam
1284 3836 1587 3915 Eusebiani
1648 3835 1890 3915 improba

308 3909 505 3961 iterum
522 3904 772 3971 audacia,
791 3908 842 3960 in
867 3907 1125 3963 Ecclesiis
1147 3906 1554 3977 perturbandis.
1575 3904 1893 3977 insidiisque

308 3978 615 4031 Athanasio
647 3978 950 4040 teudeudis,
969 3979 1052 4030 usi
1077 3975 1222 4031 sunt.
1250 3977 1429 4044 Quare
1455 3975 1629 4030 Julius
1649 3975 1890 4044 pontifex

306 4063 533 4101 causam
563 4047 846 4101 Athanasii
895 4048 962 4101 ad
1007 4048 1360 4102 Coastantetn
1390 4048 1768 4115 imperatorem
1801 4060 1892 4099 re-

308 4123 456 4179 tulit,
482 4125 537 4172 et
569 4116 985 4179 commendavit,
1019 4126 1074 4170 ιιι
1101 4118 1240 4186 apud
1267 4116 1488 4170 fratrem
1516 4115 1891 4186 Constantium

306 4205 407 4258 pro
437 4187 563 4254 ejus
610 4188 686 4258 iur
714 4201 809 4240 sua
833 4188 969 4258 sede
1015 4185 1355 4258 restitutione
1389 4195 1592 4258 ageret.
1626 4185 1891 4258 Constans

307 4254 375 4311 ad
407 4257 785 4311 Constantium
825 4254 1046 4310 fratrem
1075 4256 1174 4311 hac
1201 4258 1266 4309 de
1300 4272 1358 4310 re
1387 4254 1625 4325 scripsit,
1650 4263 1703 4308 et
1732 4255 1892 4307 ambo

306 4328 669 4396 imperatores
707 4326 994 4380 concilium
1041 4325 1306 4389 Sardicae,
1335 4340 1455 4395 qua:
1483 4327 1613 4379 urbs
1656 4325 1890 4378 confinis

308 4408 394 4451 est
426 4396 648 4464 Illyrici,
673 4397 878 4466 Mysiae,
912 4404 967 4448 et
1012 4396 1258 4449 Thracia:
1307 4397 1358 4449 in
1390 4410 1589 4466 annum
1624 4402 1891 4448 trecente-

306 4469 510 4536 simum
562 4465 1031 4536 quadmgesimum
1090 4465 1771 4536 septimum?indixerunt,
1810 4471 1890 4536 _ut

307 4534 603 4589 manifeste
632 4533 1083 4604 patet'exeadetn
1128 4535 1409 4588 Athanasii
1443 4535 1677 4587 secunda
1703 4533 1890 4602 apolo-

306 4607 422 4674 εἰς»,
454 4621 520 4659 ex
553 4602 669 4672 ejus
697 4603 925 4674 epistola
962 4602 1028 4656 ad
1056 4605 1352 4668 solitarios,
1386 4612 1440 4657 et
1481 4618 1546 4656 ex
1583 4606 1695 4674 ipsa
1726 4616 1890 4672 syno-

306 4673 433 4728 dic-a
458 4675 690 4743 cpistola
735 4673 956 4728 Patrum
1003 4676 1193 4744 synodi
1235 4675 1302 4727 ad
1349 4688 1542 4727 oumes
1584 4673 1886 4744 episcopos.

313 4744 453 4799 Huic
496 4741 707 4814 synodo
758 4741 1047 4797 trecentos
1083 4746 1195 4797 fere
1242 4745 1548 4814 episcopos,
1581 4741 1892 4814 interfuisse

308 4825 505 4870 auctor
531 4812 622 4868 est
650 4813 978 4868 Athanasius
1010 4815 1061 4865 in
1092 4814 1233 4868 dicta
1256 4814 1321 4866 ad
1345 4812 1617 4867 solitarios
1640 4812 1887 4881 epistola.

306 4885 366 4938 In
404 4900 469 4936 ea
507 4883 569 4937 S.
598 4883 947 4945 Athanasius,
997 4882 1283 4937 Marcellus
1319 4884 1664 4951 Ancyranus,
1701 4881 1887 4951 Ascle-

308 4971 409 5024 pas
430 4954 715 5019 Gazensis,
742 4962 798 5024 et
821 4953 910 5006 alii
942 4955 1010 5007 ab
1052 4954 1368 5007 Eusebianis
1410 4950 1593 5024 inique
1624 4950 1888 5016 damnati,

310 5020 548 5078 absoluti
582 5034 730 5077 sunt.
764 5022 1005 5091 Epistola
1036 5024 1292 5094 synodica
1340 5024 1407 5076 ad
1455 5020 1655 5075 Julium
1697 5035 1890 5094 papam

312 5094 541 5162 Scripta,
572 5095 624 5146 in
654 5108 760 5161 qua
798 5093 886 5146 illa
914 5092 1079 5147 verba
1111 5100 1292 5145 nutatu
1325 5094 1483 5160 digna
1518 5098 1664 5153 sunt,
1695 5092 1893 5162 quibus

310 5158 532 5232 egregie
558 5158 823 5217 asseritur
854 5163 1080 5216 Romani
1129 5158 1404 5231 pontificis
1426 5162 1690 5232 primatus
1716 5158 1735 5212 7:
1778 5158 1892 5232 Hoc

307 5230 732 5302 euinioptimum
755 5242 803 5285 et
828 5230 1347 5302 congruentissimum
1389 5248 1498 5302 esse
1542 5230 1818 5302 videbitur,
1837 5231 1893 5302 _si

308 5303 379 5354 ad
404 5298 586 5371 caput,
615 5303 669 5354 id
697 5311 769 5355 est
808 5302 877 5354 ad
908 5298 1055 5354 Petri
1084 5302 1305 5371 apostoli
1338 5301 1530 5362 sedem,
1560 5299 1624 5352 de
1672 5298 1892 5371 singulis

303 5370 709 5442 quibuscunque
751 5372 1043 5440 provinciis,
1068 5370 1284 5442 Domini
1316 5371 1543 5438 referant
1575 5370 1886 5442 sacerdotes.

302 5437 455 5496 idem
507 5437 719 5497 constat
751 5437 842 5496 'ex
889 5440 1113 5510 cpistola
1166 5437 1424 5508 synodica
1465 5442 1533 5493 ad
1594 5437 1891 5510 Ecclesium

298 5512 757 5576 Alexandrinam,
811 5521 864 5565 et
912 5509 980 5565 ex
1030 5509 1254 5578 epistola
1302 5510 1556 5578 synodica
1595 5509 1662 5562 ad
1703 5521 1891 5578 omnes

303 5583 616 5651 t‘t'iat‘ttpos,
646 5598 766 5651 qua:
795 5598 823 5633 a
869 5579 929 5635 S.
963 5577 1259 5635 Athanasio
1303 5577 1370 5648 ap
1392 5578 1543 5648 ilogia
1576 5595 1613 5651 υ
1648 5577 1891 5632 referun-

304 5663 419 5703 tnr.
460 5650 660 5720 Viginti
707 5665 944 5707 canones
970 5653 1037 5705 ab
1090 5666 1151 5704 ea
1186 5652 1401 5720 synodo
1431 5650 1681 5720 conditos
1707 5664 1891 5702 nume-

306 5731 435 5775 rant
464 5719 682 5786 Graeci;
736 5721 927 5792 viginti
949 5732 1005 5779 ct
1029 5735 1195 5776 unum
1224 5719 1423 5775 Latini.
1458 5719 1694 5789 Tertius,
1728 5734 1889 5791 quar-

2008 511 2198 568 porum
2231 498 2421 568 causis
2445 507 2693 568 asserunt
2727 498 2969 568 Romano
3012 500 3274 568 pontifici,
3304 498 3577 559 att—Itono-

2003 565 2227 636 raudam
2256 567 2424 619 sancti
2454 565 2599 620 Petri
2627 566 2849 636 apostoli
2886 565 3208 623 mem—ariam.

2072 634 2150 688 Ex
2183 636 2492 711 iis‘qnidam
2533 634 2805 711 asserunt,
2837 637 2931 691 sed
2960 638 3112 711 falso,
3139 639 3229 707 jus
3256 641 3576 711 appellatio-

2002 719 2129 758 num
2160 705 2226 759 ad
2250 705 2549 761 Romanam
2586 706 2767 761 sedem
2799 721 2905 760 non
2936 705 3342 773 confirmatum,
3363 712 3456 766 sed
3493 713 3577 767 iri-.-

2002 775 2250 852 stitutum
2302 791 2331 828 a
2374 774 2603 852 concilio
2644 775 2982 852 Sardicensi;
3018 779 3288 852 namhoc
3326 781 3441 852 ipso
3466 798 3576 852 quo

2001 844 2277 920 Romanus
2300 845 2537 919 pontifex
2564 855 2648 900 est
2667 846 2799 920 jure
2817 846 2998 920 diyino
3023 848 3262 920 omnium
3297 844 3575 920 episcopo-

2002 928 2123 985 rum
2167 915 2395 985 primus,
2429 914 2485 969 et
2523 917 2738 971 caeteris
2777 914 3158 983 iurisdictione
3208 914 3575 985 superiorfac

2004 983 2260 1058 Ecclesiae
2295 993 2476 1058 caput.
2517 1000 2853 1058 consequens
2900 996 3001 1052 est,
3048 997 3106 1040 ut
3143 988 3210 1058 ad
3253 983 3428 1055 ipsum
3457 983 3573 1058 epi-

2001 1054 2167 1127 scopi,
2200 1066 2321 1127 cum
2373 1054 2622 1127 injuriam
2672 1054 2978 1127 patiuntur,
3026 1054 3302 1127 appellare
3345 1054 3572 1127 possint.

2001 1121 2180 1190 Quare
2200 1121 2291 1190 jus
2317 1121 2730 1195 appellationum
2767 1121 3150 1195 episcopaliuin
3182 1127 3247 1180 ad
3276 1121 3573 1182 Romanam

2002 1195 2184 1247 sedem
2207 1194 2474 1264 pontiticii
2522 1195 2786 1262 primatus
2818 1194 3082 1264 appendix
3122 1205 3224 1251 est.
3270 1196 3337 1250 Et
3366 1213 3572 1261 revera,

2003 1264 2498 1337 inquit_Perroui_usA
2519 1264 2807 1337 cardinalis
2837 1266 2889 1337 in
2916 1265 3136 1333 Replica
3170 1265 3236 1337 ad
3271 1268 3577 1337 responsio-

2003 1332 2358 1405 nemb‘lagnte
2406 1332 2703 1405 Britannim
2745 1334 2902 1405 regis
2948 1332 3065 1403 cap.
3098 1337 3154 1397 5,
3186 1334 3228 1389 si
3256 1332 3516 1405 jus'illud
3541 1350 3574 1391 a

2002 1402 2233 1473 concilio
2251 1402 2587 1456 ’Sardicensi
2630 1402 2934 1473 institutum
2988 1402 3148 1467 esset,
3200 1402 3305 1473 qtia
3364 1406 3575 1459 ratione

1999 1471 2173 1526 Julius
2202 1471 2477 1526 Romanus
2524 1472 2764 1541 pontifex
2812 1474 3056 1542 pluribus
3115 1471 3241 1528 ante
3286 1475 3574 1531 concilium

2003 1542 2130 1615 illud
2162 1542 2325 1615 annis
2354 1543 2467 1597 haec
2493 1543 2559 1596 ad
2591 1542 2924 1598 Eusebianos
2955 1544 3262 1615 scripsisset
3294 1562 3367 1615 τρι
3402 1545 3575 1615 Opor-

2003 1613 2104 1682 tuit
2128 1612 2419 1666 secundum
2456 1626 2738 1682 canonem,
2768 1622 2823 1667 et
2845 1628 2949 1666 non
2981 1612 3083 1667 isto
3110 1615 3291 1680 modo,
3311 1612 3573 1682 judicium

2006 1680 2154 1746 ﬁeri;
2208 1680 2732 1751 oportuitfscribere
2777 1684 3027 1736 omnibus
3072 1684 3248 1749 nobis,
3294 1680 3357 1739 ut
3400 1684 3475 1738 ita
3506 1686 3576 1740 ab

1929 1774 1970 1833 Β
2000 1750 2269 1832 omnibus,
2292 1752 2434 1833 quod
2457 1750 2672 1833 justum.
2688 1760 2853 1814 esset,
2893 1753 3294 1833 decerneretur.
3320 1753 3573 1833 Episcopi

1997 1821 2139 1903 enim
2162 1829 2339 1903 erant:
2371 1829 2427 1874 et
2453 1836 2554 1901 non
2584 1820 3117 1903 vulgares-ecclesiae,
3150 1823 3241 1903 qui
3269 1820 3376 1877 ista
3396 1820 3573 1892 patie-

1998 1891 2214 1955 bantur,
2237 1890 2331 1945 sed
2360 1906 2495 1958 quas
2520 1891 2615 1958 ipsi
2641 1891 2868 1959 apostoli
2901 1892 2966 1944 ad
2997 1892 3155 1946 fidem
3174 1890 3570 1947 instruxerunt.

1996 1960 2105 2015 Cur
2134 1961 2299 2029 igitur
2325 1967 2379 2014 et
2410 1960 2460 2013 in
2488 1961 2678 2029 primis
2694 1960 2765 2014 de
2790 1961 3154 2015 Alexandrina
3192 1961 3410 2025 civitate
3438 1963 3575 2017 nihil

1999 2030 2155 2084 nobis
2184 2029 2419 2083 scribere
2462 2029 2743 2084 voluistis?
2774 2031 2852 2082 An
2888 2030 3056 2098 ignari
3104 2031 3235 2085 estis
3281 2031 3420 2085 hanc
3446 2047 3575 2086 cono

1997 2100 2356 2168 suetudinem
2387 2115 2527 2164 esse,
2578 2109 2638 2153 ut
2690 2100 2921 2168 primum
2976 2100 3132 2154 nobis
3186 2100 3476 2164 scribatur,
3517 2109 3576 2155 ut

1998 2171 2144 2233 hinc,
2176 2167 2544 2239 quodjustum
2595 2167 2701 2233 est,
2746 2169 2958 2223 deliniri
2990 2170 3192 2237 possit?
3232 2171 3575 2239 Quapropter

1998 2241 2039 2310 si
2081 2237 2205 2295 istis
2233 2237 2543 2310 hujusmodi
2586 2240 2908 2310 suspiciorin
2940 2239 3268 2310 episcopum
3313 2237 3572 2308 concepta

1998 2309 2194 2381 fuerat,
2229 2309 2281 2364 id
2307 2310 2412 2363 huc
2451 2309 2520 2364 ad
2557 2317 2801 2363 nostram
2831 2308 3362 2381 Ecclesiam'referri
3414 2324 3575 2380 opor-

1999 2379 2120 2433 tuit.
2162 2397 2182 2431 ›

2065 2448 2259 2504 Petrus
2287 2449 2352 2504 de
2378 2448 2554 2503 Marca
2602 2448 2695 2501 lib.
2728 2464 2800 2503 vn
2844 2448 2911 2502 de
2939 2448 3240 2503 Concordia
3276 2448 3568 2503 sacerdotii

1997 2526 2051 2572 et
2080 2518 2310 2586 imperii,
2335 2534 2455 2588 cap.
2481 2519 2534 2581 5,
2558 2518 2832 2572 existimat
2847 2516 2933 2588 jus
2955 2518 3006 2569 in
3034 2516 3343 2577 Sardicensi
3365 2518 3577 2587 synodo

1997 2588 2280 2656 qttazsitum
2310 2586 2562 2656 episcopo
2591 2591 2851 2656 ltomano,
2884 2586 3160 2656 diversum
3192 2600 3411 2656 prorsus
3450 2601 3573 2642 esse

1997 2672 2027 2708 a
2048 2655 2255 2722 judicio
2282 2655 2678 2727 appellationis.
2707 2655 2947 2723 nihilque
2983 2655 3125 2711 aliud
3154 2655 3203 2709 ei
3232 2669 3569 2727 concessum,

1996 2741 2157 2848 quam
2202 2736 2260 2808 ut
2306 2725 2595 2808 decernere
2659 2733 2840 2807 posset
2887 2739 3063 2779 causa
3109 2725 3568 2782 retractationetn.

2044 2810 2196 2848 erum
2228 2810 2334 2848 tam
2359 2811 2493 2848 virts
2533 2797 2706 2848 doctis
2730 2795 3100 2848 observatum.
3128 2796 3392 2848 svnodum
3433 2795 3568 2848 hanc

2044 2810 2196 2850 erum
2224 2796 2493 2865 jamviris
2533 2795 2706 2851 doctis
2730 2795 3100 2865 observatum,
3128 2796 3392 2865 synodum
3433 2795 3573 2851 hanc

1996 2880 2102 2919 non
2131 2865 2303 2920 solum
2341 2863 2431 2931 jus
2474 2864 2803 2921 concedeudi
2832 2863 3176 2934 revisionem,
3204 2864 3299 2919 sed
3327 2874 3569 2934 potesta-

1999 2939 2103 3004 tetu
2150 2935 2425 3004 iudicandi
2471 2934 2860 3004 appellationes
2899 2933 3270 3004 abrepiscopis
3313 2933 3572 3004 depositis

1998 3002 2170 3057 factas
2190 3004 2256 3056 ad
2280 3002 2576 3058 Romanam
2610 3005 2812 3067 sedem,
2850 3002 3091 3074 pontifici
3133 3002 3397 3074 Romano
3423 3020 3571 3060 asse-

1921 3103 1969 3166 C
2000 3074 2408 3166 ἷῖἷῖῗδῗξέἓθῗὲ
2417 3089 2671 3166 ἯξῬδΫξ-
2682 3075 2814 3166 9.9.“?
2819 3072 3188 3166 ,δθὲξῖῗκέἴίὲἔέ
3198 3074 3294 3166 1ῗῖ
3323 3072 3572 3166 ίῖίῖἳιῖῗὲἓ

1999 3159 2118 3197 mus
2140 3141 2316 3207 aﬂ‘ert,
2340 3142 2406 3196 ab
2427 3142 2547 3197 aliis
2574 3143 2867 3205 confutata,
2912 3152 3297 3210 ostensumque
3334 3144 3569 3212 appella-

1998 3215 2200 3267 tionum
2229 3228 2404 3276 usum,
2430 3220 2540 3266 tum
2583 3214 2635 3267 in
2660 3212 2896 3267 Ecclesia
2921 3212 3201 3276 Orientali,
3237 3221 3347 3265 tum
3373 3213 3426 3266 in
3458 3213 3568 3270 0c-

1993 3282 2242 3351 cidentali
2305 3290 2428 3351 post
2489 3282 2773 3337 concilium
2848 3281 3171 3337 Sardiceuse
3232 3279 3569 3351 frequentem

1992 3349 2192 3414 fuisse;
2222 3349 2447 3421 ejusque
2487 3353 2638 3405 initia
2668 3366 2949 3421 perperam
3005 3351 3233 3421 detrudi
3262 3349 3569 3421 ab:eodem

1992 3366 2192 3414 tuisse;
2222 3367 2447 3421 ejusque
2487 3366 2638 3405 unua
2640 3366 2949 3475 ’lperperam
3005 3366 3216 3406 aetrqu
3262 3366 3331 3404 an
3381 3366 3569 3406 eouem

1991 3421 2227 3490 praesule
2277 3422 2342 3474 ad
2386 3422 2598 3476 concilii
2688 3420 2879 3474 rulani
2935 3430 3177 3490 tempora
3225 3420 3277 3473 in
3329 3420 3571 3475 Ecclesia

1992 3489 2203 3557 Graeca,
2232 3498 2288 3544 et
2313 3492 2379 3545 ad
2418 3499 2670 3545 octavum
2716 3490 2970 3545 saeculum
3008 3489 3317 3544 in‘Latina.
3365 3490 3442 3545 De
3486 3490 3571 3546 his

1993 3559 2253 3628 legendus
2280 3558 2487 3614 Natalis
2524 3559 2832 3615 Alexander
2876 3559 3073 3614 steculo
3099 3575 3169 3613 tv.
3204 3559 3374 3613 Porro
3400 3573 3567 3615 canor

1988 3646 2091 3683 nes
2116 3632 2169 3683 in
2191 3630 2292 3683 hoc
2312 3631 2540 3684 concilio
2564 3630 2871 3685 Sardiceusi
2895 3630 3134 3685 sancitos
3157 3629 3392 3699 explicat
3417 3628 3571 3683 Chri-

1995 3700 2204 3753 stianus
2254 3699 2438 3768 Lupus
2468 3700 2521 3752 in
2551 3708 2703 3766 parte
2749 3714 2766 3750 ι
2808 3700 3146 3768 decretorum
3189 3706 3244 3753 et
3293 3713 3564 3753 canonum

1992 3770 2318 3838 synodorum
2339 3767 2670 3838 generalium
2697 3776 2753 3838 et
2778 3767 3205 3838 provincialium.

2070 3833 2319 3890 Ursatius
2340 3833 2393 3888 et
2415 3835 2613 3889 Valens
2638 3833 2876 3904 episcopi
2900 3833 3190 3897 Pannonii,
3214 3835 3303 3890 hic
3331 3834 3566 3901 Mursiaa,

1992 3907 2084 3962 ille
2105 3904 2477 3974 Singindonis,
2507 3907 2596 3973 qui
2635 3905 2687 3958 in
2718 3904 3077 3974 suspicionem
3101 3904 3316 3959 Ariaua:
3346 3904 3569 3974 hmresis

1993 3973 2289 4045 venerant,
2304 3975 2531 4045 ideoque
2556 3991 2589 4045 a7
2614 3974 2821 4045 synodo
2843 3973 3149 4027 Sardicensi
3176 3974 3413 4045 daumati
3446 3973 3564 4045 fue-

1992 4054 2137 4110 rant,
2169 4044 2406 4098 libellum
2443 4043 2736 4114 supplicem
2760 4052 3116 4112 porrexerunt
3140 4045 3344 4114 synodo
3365 4043 3574 4101 Medio-

1993 4114 2200 4169 lanensi
2227 4115 2417 4168 eodem
2460 4129 2603 4168 anno
2642 4114 3019 4183 trecentesimo
3065 4114 3296 4182 septimo
3343 4129 3570 4183 congre-

1992 4193 2147 4254 gatae,
2175 4200 2282 4253 quo
2334 4184 2446 4237 Arii
2489 4192 2544 4237 et
2590 4183 2801 4238 Photini
2834 4182 3112 4254 perﬁdiam
3136 4184 3503 4254 _damnabant,
3534 4197 3568 4238 a

1991 4251 2098 4323 qua
2125 4251 2359 4322 suscepti
2390 4262 2516 4307 sunt
2548 4254 2599 4306 iu
2649 4251 3102 4323 communionem.
3133 4251 3259 4306 Haec
3305 4254 3565 4323 synodus,

1993 4320 2113 4394 qum
2146 4320 2425 4394 celebrata
2444 4332 2530 4394 est
2557 4324 2913 4394 pnesentibus
2939 4320 3065 4375 Julii
3088 4337 3243 4394 papa:
3271 4320 3481 4394 legatis,
3506 4330 3568 4394 ut

1996 4391 2227 4472 testatur
2276 4391 2623 4472 _S.nllilarius
2640 4394 2704 4472 in
2734 4391 3038 4472 fragmento
3066 4392 3439 4472 densynodis,‘
3481 4391 3564 4472 vel

1923 4451 1968 4509 D
1994 4462 2321 4533 presbyteris
2350 4461 2608 4517 Romana:
2637 4451 2891 4516 Ecclesiae
2911 4451 3293 4585 grtesentibus,
3321 4468 3379 4513 ut
3407 4451 3566 4514 docet

1993 4532 2219 4585 enistola
2246 4532 2458 4585 concilii
2491 4531 2867 4585 Ariminensis.
2951 4531 3089 4584 abita
3119 4538 3224 4585 est.
3254 4539 3311 4583 ut
3346 4530 3400 4583 in
3424 4529 3566 4583 Pho-

1993 4529 2219 4602 epistola
2246 4532 2458 4587 concilii
2491 4531 2867 4595 Ariminensis,
2911 4529 3089 4585 habita
3119 4538 3224 4594 est,
3254 4539 3311 4602 ut
3346 4530 3406 4602 in_
3424 4529 3568 4583 Pho-

1997 4599 2091 4655 ti'ui
2121 4602 2359 4671 episcopi
2392 4602 2706 4656 Sirmieusis
2744 4602 3230 4671 luereticicausam
3261 4599 3564 4671 inquirere-

1995 4681 2099 4737 tur,
2132 4667 2192 4725 ut
2243 4667 2439 4727 ibi-dem
2489 4672 2649 4725 habet
2692 4671 2944 4724 Hilarius.
2994 4667 3348 4732 Numerosaui
3396 4667 3564 4723 fuisse

1990 4742 2251 4812 synodum
2288 4742 2544 4812 oportuit,
2574 4756 2695 4812 eum
2724 4740 2790 4793 de
2813 4749 2957 4794 statu
3003 4738 3401 4812 utetmpolitaui
3423 4738 3562 4812 ‘epi-

1991 4806 2161 4881 scopi,
2203 4821 2257 4865 et
2287 4806 2365 4865 de.
2382 4826 2542 4866 eausa
2570 4811 2689 4864 lidei
2712 4819 2980 4881 ageretur.
3007 4806 3201 4881 Prima:
3218 4819 3397 4881 autem
3423 4806 3565 4881 Pho-

1987 4875 2100 4935 tini
2134 4881 2406 4934 damnatio
2437 4880 2576 4932 facta
2606 4891 2687 4934 est
2710 4875 2769 4932 in
2794 4879 2897 4933 hac
2920 4881 3124 4949 synodo
3155 4875 3560 4949 Mediolanensi,

1990 4960 2046 5004 et
2072 4952 2294 5018 repetita
2336 4966 2365 5003 a
2407 4949 2548 5003 Julio
2576 4966 2707 5019 papa
2748 4949 2801 5003 in
2827 4945 3031 5019 synodo
3058 4949 3295 5019 Romana
3345 4945 3562 5019 biennio

1990 5028 2111 5089 post
2131 5015 2361 5083 _habita;
2398 5030 2454 5072 et
2496 5015 2710 5073 tandem
2756 5020 2809 5072 in
2840 5015 3045 5089 synodo
3092 5015 3389 5089 Sirmiensi
3417 5028 3560 5089 anno

1994 5082 2373 5161 trecentesimo
2441 5082 2908 5161 quinquagesimo
2942 5088 3151 5161 primo,
3204 5082 3560 5161 quadriennio

1990 5166 2112 5227 post
2147 5154 2620 5227 Mediolanenseut,
2652 5154 2707 5208 in
2730 5154 3045 5227 qtta_ultima
3086 5154 3346 5227 Photinus
3388 5154 3559 5227 primo

1990 5222 2276 5280 damnatus
2298 5241 2361 5280 ac
2388 5222 2660 5294 depositus
2688 5222 2792 5279 est.
2816 5224 3015 5278 Harum
3045 5225 3204 5294 trium
3230 5224 3557 5291 synodorum

1989 5297 2208 5365 epocbte
2237 5296 2291 5349 in
2320 5292 2506 5350 critiéa
2536 5295 2832 5348 liarouiana
2856 5303 3044 5365 exacte
3063 5292 3337 5365 discussae.

2063 5366 2235 5421 Porro
2256 5365 2467 5420 Photini
2501 5364 2723 5420 haeresis
2760 5365 2874 5417 haec
2912 5363 3061 5416 fuere
3097 5362 3292 5430 capita.
3323 5360 3505 5414 Primo
3540 5378 3556 5413 :

1992 5437 2158 5491 Deum
2186 5436 2484 5491 solitarium
2508 5449 2649 5498 esse,
2688 5446 2743 5488 et
2784 5449 2932 5487 more
2952 5432 3168 5500 judaico
3194 5431 3559 5486 confitendum

1988 5506 2198 5569 etfutiit,
2232 5507 2430 5560 nullam
2466 5504 2621 5559 Verbi
2652 5505 2838 5579 divini,
2868 5514 2958 5557 aut
2987 5502 3233 5579 Spiritus
3261 5501 3556 5579 sancti-pu-

1991 5587 2111 5630 tans
2138 5592 2256 5631 esse
2287 5591 2590 5645 personam,
2623 5577 2716 5629 sed
2745 5589 2903 5627 unam
2943 5569 3069 5645 esse
3092 5571 3362 5645 I’atris,e‘t
3410 5569 3553 5645 Filii,

1988 5658 2043 5700 et
2071 5639 2303 5715 Spiritus
2330 5645 2497 5699 sancti
2528 5646 2889 5712 operationem
2914 5644 3229 5715 praedicans.
3266 5639 3548 5706 Secundo:

1989 5718 2262 5773 Christum
2290 5715 2500 5771 initium
2523 5716 2796 5784 accepisse
2817 5729 2883 5769 ex
2911 5715 3095 5779 Maria,
3123 5721 3177 5766 ct
3203 5725 3411 5767 merum
3435 5722 3556 5764 esse
