4056 6310
263 300 334 360 ιι
1095 299 1413 357 HlSTOlllA
1448 300 1535 356 DE
1574 298 1750 357 VITIS
1788 299 1952 356 ROM.
1992 298 2189 355 ΡΟΝΤ.
2229 328 2299 339 --
2337 299 2394 353 8.
2437 295 2768 351 LlBlilliUS.
3431 294 3506 352 42

446 412 576 469 355.
617 413 797 485 ldilms
844 416 1066 485 Augusti
1108 416 1325 484 pellitur
1376 417 1426 469 in
1462 414 1711 471 exsilium
1760 416 1846 469 Li—
1872 418 1921 477 Α
1947 414 2579 485 cmmeterioiPriscilhe,‘
2594 427 2785 485 nempe
2820 411 3177 485 'ljarcell‘inus,
3205 411 3507 485 Marcellus,

449 551 580 606 356.
619 484 884 605 duini”:l
914 551 1203 607 intruditur
1240 552 1387 607 Felix
1436 554 1486 607 iu
1527 554 1707 608 sedem
1742 554 1850 609 Ro-

712 636 948 673 manant.

452 688 581 744 357.
640 689 727 742 die
752 705 825 744 tv.
857 689 948 743 Non

640 689 727 742 die
749 705 825 770 tv.
857 689 1039 769 itiones
1066 688 1184 759 Aug
1225 690 1363 744 redit
1394 706 1423 743 a
1464 692 1628 760 priori
1659 695 1849 748 exsilio

703 757 970 811 Libertus.

749 775 970 811 tlzertus.

446 824 577 881 358.
636 825 722 880 die
766 827 853 879 10.
900 825 1076 879 Martii
1120 828 1330 882 exsulat
1382 828 1574 882 iterum
1605 829 1849 886 Liberius

707 904 827 964 post
852 909 1001 966 mens
1017 896 1072 958 7,
1086 897 1199 966 dies
1213 897 1265 961 9,
1282 913 1312 949 a
1333 898 1501 951 reditu
1519 909 1846 966 numeratos,

705 973 759 1017 et
784 965 927 1017 cedit
955 964 1287 1032 pontificatu.

639 1031 868 1101 Eligitur
938 1031 1174 1101 legitime
1246 1046 1524 1088 successor
1579 1034 1638 1089 8.
1700 1034 1849 1089 Felix

713 1103 797 1153 die
825 1116 921 1153 vtu
956 1101 1091 1153 Auc.

713 1103 797 1153 die
825 1116 921 1155 vtn
956 1103 1091 1155 Auc.

713 1116 797 1153 ute
825 1116 921 1155 vtn
956 1116 1091 1169 aug.

643 1167 700 1223 S.
731 1168 884 1240 Felix
909 1171 1398 1240 expulsusﬁmartyr
1423 1171 1537 1225 sive
1563 1172 1846 1235 occiditur,

714 1236 829 1291 sive
858 1236 1491 1306 cediipontilicatud'pm
1510 1240 1846 1295 Novembris.

640 1306 829 1362 Cessat
849 1304 1187 1376 episcopatus
1204 1304 1356 1373 juxta
1378 1308 1849 1364 Bibliothecarium

782 1388 807 1427 r
828 1376 943 1429 dies
974 1377 1064 1437 39,
1096 1392 1162 1429 ex
1211 1392 1264 1429 st
1308 1376 1623 1431 Novembris
1650 1378 1716 1431 ad
1758 1393 1848 1431 ut

768 1445 1018 1516 :centbris
1034 1461 1057 1516 ;_
1077 1445 1230 1514 juxta
1245 1446 1542 1516 catalogum
1568 1446 1853 1516 Be’rgoma-

711 1521 819 1567 tem
849 1513 966 1566 dies
1008 1513 1097 1576 '57,
1129 1527 1195 1567 ex
1223 1530 1275 1568 st
1305 1513 1623 1570 Novembris
1666 1513 1734 1569 ad
1779 1531 1851 1569 xx

715 1580 1044 1637 Decembris.

640 1649 730 1705 die
773 1666 863 1704 xx:
912 1652 1222 1721 Decembris
1262 1652 1453 1706 iterum
1495 1652 1709 1721 eligitur
1744 1653 1853 1709 Ro-

449 1032 580 1087 358.

454 1169 582 1223 359.

452 1304 583 1359 559.

457 1646 586 1704 559.

1953 485 2231 547 Silvestcr,
2262 484 2525 543 Liberius.
2550 483 2793 547 Siricius,
2822 481 3164 537 Caelestiuus.
3195 481 3508 551 Aringhius,

1950 555 2041 623 qui
2068 555 2283 623 eosdem
2310 553 2578 623 recensuit
2595 552 2776 605 Roma:
2791 551 3136 623 subterr._li_b2
3168 566 3241 623 IV_.
3270 550 3389 619 cap.
3414 550 3508 623 28,

1951 618 2009 675 ιὶ.
2040 622 2126 686 10,
2165 622 2399 675 advertit
2432 621 2595 675 etiam
2630 634 2697 672 ex
2739 618 2963 688 epistola
3010 619 3230 688 Adriani
3270 618 3419 688 papa:
3440 621 3509 675 ad

1942 690 2202 745 Carolum
2226 691 2472 757 Magnum
2494 697 2761 747 constare,
2778 687 2999 757 picturis
3017 687 3323 757 decoratmn
3347 688 3514 743 fuisse

1948 761 2054 814 hoc
2079 756 2450 815 cmmeterium
2489 774 2519 811 a
2541 756 2852 813 Ctelestino.
2890 756 3081 809 Subdit
3118 771 3173 809 ιι.
3210 756 3293 819 l2,
3324 771 3354 809 a
3387 757 3517 811 Pas-

1951 829 2091 897 chali
2122 843 2257 897 papa
2302 828 2655 897 complurium
2689 839 2752 897 ex
2804 826 2869 879 iis
2914 824 3169 897 reliquias
3210 825 3263 878 in
3311 824 3513 880 Urbem

1952 894 2391 966 fuisse—perlatas
2417 894 2650 966 (quando
2696 894 2909 966 fuerunt
2936 908 2988 966 _a
3028 894 3421 966 saracenorum
3460 904 3517 966 et

1951 962 2327 1021 haereticorum
2366 962 2668 1020 incursibus
2700 973 2755 1017 et
2791 962 3001 1031 injuriis
3047 962 3400 1031 vindicandas)
3438 964 3514 1017 uti

1950 1035 2143 1089 docent
2195 1036 2389 1088 tabula:
2442 1047 2756 1089 marmoreae
2827 1030 2879 1086 in
2945 1031 3097 1085 titulo
3153 1030 3211 1085 S.
3269 1031 3523 1095 Praxidfg

1951 1104 2143 1167 aliine,
2171 1105 2259 1157 ubi
2283 1103 2381 1157 SS.
2412 1104 2720 1173 pontificum
2742 1100 2921 1173 Siricii
2946 1110 3001 1173 et
3020 1100 3293 1173 Caelestini
3312 1101 3518 1173 lipsana

1952 1173 2065 1241 ipse
2104 1174 2347 1241 deposuit
2372 1188 2385 1227 :
2412 1170 2641 1241 quorum
2678 1179 2733 1224 et
2757 1170 3075 1241 epigraphes
3105 1170 3457 1239 sepulcrales,
3487 1188 3519 1225 a

1995 1239 2185 1295 aronio
2231 1250 2286 1295 et
2332 1258 2361 1295 a
2420 1239 2651 1296 Cratero
2699 1239 2866 1292 etiam
2910 1239 3198 1308 productas
3250 1241 3516 1308 ostendit.

1949 1310 2179 1364 Aliunde
2205 1312 2363 1364 etiam
2400 1310 2646 1364 novimus
2670 1307 3048 1363 Cmmeterium
3073 1307 3328 1362 Priscillae
3356 1308 3523 1365 fuisse

1951 1380 2161 1434 celebre
2199 1389 2357 1433 mtate
2387 1379 2583 1434 Liberii
2628 1394 2692 1431 ex
2740 1376 2975 1446 solemni
3010 1377 3276 1446 baptismo
3322 1378 3521 1433 ibidem

1952 1449 2323 1502 administrate
2370 1464 2464 1516 per
2507 1448 2753 1502 eumdem
2800 1444 3142 1516 pontificem.
3189 1446 3313 1500 dum
3360 1446 3523 1502 Urbis

1954 1517 2195 1584 ingressu
2251 1519 2665 1586 prohiberetur:
2701 1517 2773 1570 ita
2820 1517 3078 1586 suadente
3128 1516 3352 1586 Damaso
3398 1532 3523 1572 cum

1954 1588 2202 1667 universo
2223 1584 2362 1667 coetu
2394 1588 2824 1667 preshxterorum
2853 1584 3047 1667 ibidem
3079 1584 3323 1667 collecto,
3348 1587 3425 1667 uti
3455 1603 3522 1641 ex

1951 1656 2102 1709 Actis
2131 1656 2363 1724 antiquis
2392 1651 2590 1709 Liberii
2622 1662 2884 1710 memorat
2913 1651 3051 1724 idem
3080 1653 3373 1724 Aringltius
3406 1656 3523 1709 lau-

687 1720 1132 1814 manttspontit‘ett
1147 1720 1852 1814 LiberiusanliA’postoliea:
1892 1756 1934 1814 Β
1961 1725 2087 1778 dato
2136 1720 2277 1814 libro
2295 1740 2392 1814 liv,
2427 1739 2545 1814 cap.
2686 1731 2755 1814 _et
2801 1724 2862 1777 5|
2890 1762 2904 1786 ,
2943 1721 3033 1814 ubi
3063 1720 3304 1814 illustiat
3342 1734 3524 1814 partes

710 1789 822 1843 sedi
870 1791 1118 1857 prtcsidet
1145 1805 1313 1857 usque
1362 1792 1428 1845 ad
1452 1789 1659 1845 ’obitum
1701 1808 1857 1847 suum

708 1805 836 1911 ἒξεῗὲ
862 1805 1342 1928 ἓῖἰξιῗὲξῗιξι-ἳέἮὲἳξ.

569 1963 589 1980 .
642 1924 903 1981 Gratiano
923 1924 977 1982 et
997 1927 1293 1997 Dagtaiplto
1318 1942 1460 1983 coss.
1495 1928 1637 1997 diem
1660 1929 1858 1985 claudit

701 2010 1008 2066 supremum
1026 1996 1080 2050 S.
1106 1996 1349 2066 Liberius
1364 2013 1487 2051 xstv
1503 1996 1858 2066 Septembris.

708 2079 829 2118 cum
868 2065 1128 2119 tenuisset
1148 2065 1441 2119 Romanam
1464 2065 1644 2120 sedem
1668 2069 1734 2121 ab
1756 2069 1860 2122 ite-

708 2144 824 2187 rata
849 2134 1108 2189 electione
1133 2150 1231 2189 sua
1258 2136 1412 2190 annis
1441 2136 1607 2191 ferme
1631 2148 1855 2205 septem.

832 2241 986 2297 Nota:
1015 2243 1299 2299 historiae.

320 2333 485 2388 Num.
502 2332 565 2387 5!
582 2373 597 2396 ,
607 2332 749 2405 linea
767 2333 788 2386 Ι
802 2332 999 2405 neSed
1004 2335 1038 2386 it
1052 2349 1217 2405 annos
1230 2333 1426 2405 decem,
1440 2351 1633 2389 menses
1644 2344 1833 2405 septem
1843 2377 1857 2398 ,

280 2405 391 2458 dies
428 2414 557 2457 tres.
596 2403 711 2469 Qua
761 2404 969 2457 ratione
1002 2401 1279 2472 colligatur
1314 2404 1445 2472 huic
1490 2401 1709 2457 summa
1750 2407 1857 2458 dixi

282 2473 445 2540 paulo
472 2482 601 2526 ante
627 2474 678 2525 iu
707 2474 852 2541 notis
874 2471 1284 2541 chronologicis.
1310 2471 1366 2525 In
1395 2474 1580 2527 codice
1609 2474 1665 2526 S.
1694 2473 1857 2529 Marci

278 2539 527 2595 Florent.
560 2542 753 2612 legitur
772 2560 784 2594 :
803 2539 906 2596 Sed
925 2558 1031 2612 ann
1054 2539 1303 2612 mineus.
1335 2557 1407 2604 Iv,
1432 2544 1541 2594 dies
1570 2558 1652 2612 ni.
1678 2542 1861 2612 Suspi-

280 2626 379 2664 eor
402 2626 475 2664 ex
501 2610 784 2664 vetustiori
812 2610 1100 2679 exemplari
1133 2612 1470 2677 desmnptum
1500 2612 1586 2665 ubi
1614 2610 1860 2666 fortassis

280 2681 410 2732 anni
454 2696 533 2743 vr,
586 2695 738 2733 mens
786 2695 926 2741 vttn,
964 2680 1078 2733 dies
1107 2694 1186 2739 ιη,
1214 2680 1681 2749 exprimebantnr;
1740 2696 1861 2749 qua:

284 2765 497 2802 summa
527 2758 739 2816 tempus
774 2749 959 2802 deliuit
992 2750 1060 2802 ab
1090 2749 1277 2815 iterata
1308 2748 1567 2802 electione
1605 2750 1671 2802 ad
1699 2748 1858 2803 finem

285 2819 407 2871 vita:
463 2817 699 2888 Liberii,
747 2818 978 2888 rotundo
1020 2833 1262 2888 numero
1326 2833 1591 2871 annorum
1653 2827 1858 2888 septem

282 2888 499 2955 signata
528 2901 627 2954 per
655 2885 1127 2941 Bibliotherarium
1155 2888 1390 2940 sectione
1419 2887 1685 2955 sequenti.

355 2956 662 3009 Sessioista
683 2955 878 3009 Liberii
902 2956 1192 3025 interrupta
1216 2971 1312 3024 per
1327 2956 1858 3021 iteratumexsilium,

283 3027 517 3093 abrupta
572 3039 666 3092 per
712 3024 1135 3093 dimissionem
1195 3034 1250 3078 et
1309 3040 1626 3079 consensum
1674 3027 1742 3079 ab
1794 3043 1860 3082 eo

284 3084 594 3162 pnes'titum
639 3095 704 3165 ad
748 3094 1065 3165 electionem
1100 3092 1313 3165 Felicis,
1356 3095 1581 3164 repetita
1628 3095 1858 3165 denique
1887 3084 1930 3143 (ἶ

284 3178 385 3232 per
434 3164 740 3232 secundam
787 3164 1101 3217 electionem
1157 3164 1223 3217 ad
1274 3162 1568 3217 Romanam
1621 3162 1855 3228 Sedem,

292 3230 481 3304 reddit
501 3230 621 3298 ejus
652 3241 889 3304 tempora
915 3231 1282 3304 itaimplieata
1303 3249 1317 3295 ;
1340 3241 1437 3304 ἰιιΔ
1458 3233 1698 3304 omnium
1726 3250 1860 3304 pene

289 3301 677 3355 historicorum
703 3300 1233 3369 et‘chronologorum
1273 3300 1504 3357 calculos
1541 3300 1740 3370 fugiat,
1768 3313 1862 3357 aut

286 3379 441 3450 certe
457 3370 796 3450 patientiam
838 3370 1023 3440 fatiget
1050 3370 1289 3450 ejusdem
1309 3371 1459 3450 sedis
1483 3371 1857 3450 .Clll"0.l_l0I(tgl:i.

289 3438 519 3493 Accedit
563 3438 847 3492 dilIicultas
891 3438 1174 3508 separandi
1215 3440 1266 3492 in
1309 3440 1530 3494 historia
1570 3438 1775 3495 Liberii
1796 3457 1860 3494 ea

288 3521 412 3578 qua}
435 3510 594 3575 prius
610 3517 764 3578 gesta
789 3517 923 3578 sunt
940 3525 968 3560 a
1007 3509 1217 3578 caneris
1243 3509 1541 3563 subsecutis
1567 3522 1688 3576 post
1715 3526 1860 3564 revo-

290 3576 575 3646 catiooem
600 3576 633 3646 ςῘ
657 3586 716 3630 ιιι
756 3577 872 3646 ipse
900 3576 1181 3630 Annalium
1222 3579 1465 3631 conditor
1510 3578 1767 3633 Baronius
1793 3580 1861 3633 ad

292 3661 495 3699 annum
523 3645 633 3700 357
663 3645 945 3707 observat,
981 3647 1346 3715 complicauda
1390 3647 1490 3700 sibi
1521 3662 1639 3700 esse
1670 3664 1858 3702 neces-

289 3715 441 3769 sario
465 3716 651 3784 priora
671 3730 791 3770 cum
820 3715 1226 3784 posterioribus,
1251 3724 1309 3767 ut
1333 3716 1449 3770 idea
1482 3716 1700 3770 resultet
1724 3716 1860 3770 inte-

291 3799 386 3853 gra
412 3795 693 3855 gestorum
720 3785 887 3855 abeo
898 3784 1154 3855 pontifice
1187 3802 1199 3837 :
1232 3784 1383 3853 cujus
1406 3786 1658 3838 invictum
1701 3786 1862 3839 robur

294 3855 349 3908 in
377 3852 686 3908 assertione
713 3853 991 3907 catholicae
1017 3852 1160 3916 littei,
1201 3860 1255 3907 et
1276 3852 1484 3907 morum
1507 3855 1859 3908 sanctimonia

297 3938 328 3975 a
358 3922 617 3976 Patribus
636 3930 795 3975 aetate
822 3921 922 3990 ipsi
947 3922 1240 3990 aequalibus
1265 3921 1635 3975 commendata
1666 3926 1723 3975 lit
1751 3939 1861 3975 ma-

295 3992 525 4055 nil‘esta,
563 3992 606 4060 si
642 3991 814 4060 prima
855 4005 975 4045 cum
1011 3992 1296 4058 postremis
1324 3991 1653 4060 temporibus
1676 3991 1859 4046 confe-

297 4070 514 4113 runtur.
543 4059 675 4126 Qua:
716 4067 895 4113 autem
920 4061 1229 4128 humanitus
1253 4059 1443 4128 passus
1466 4069 1549 4113 est
1580 4062 1754 4115 medio
1781 4064 1865 4113 in-

299 4129 547 4193 tervallo,
563 4131 688 4183 dum
713 4128 869 4182 lmdio
883 4127 1102 4183 allectus
1124 4128 1297 4198 exsilii
1312 4130 1628 4198 subscripsit
1650 4139 1865 4184 senten-

301 4200 387 4252 tia:
431 4207 625 4253 contra
677 4198 1071 4260 Athanasium,
1133 4207 1189 4252 et
1240 4196 1481 4253 formula:
1523 4196 1713 4252 dolose
1759 4198 1860 4253 sibi

299 4277 566 4337 [umectat
605 4266 754 4336 (licet
800 4282 831 4319 a
882 4266 1144 4320 catholica
1172 4265 1299 4337 itide
1347 4283 1450 4337 non
1505 4268 1859 4337 dissentienti)

300 4335 481 4406 divelli
506 4335 746 4405 nec'ipsa
766 4342 991 4406 possunt
1019 4351 1047 4388 a
1079 4336 1219 4406 serie
1242 4335 1480 4406 plurium
1506 4347 1776 4406 gestorum
1809 4335 1860 4388 in

299 4405 425 4459 aliis
444 4399 693 4460 formulis
716 4399 1100 4474 subsecutistet
1131 4405 1201 4459 ab
1239 4399 1322 4457 illa
1354 4399 1602 4467 diversis,
1634 4421 1861 4474 quarum
1891 4399 1941 4456 D

300 4476 369 4529 de
388 4474 952 4543 subscriptionenota
980 4472 1300 4543 illiimpingi
1338 4489 1440 4543 non
1468 4472 1664 4542 potest.
1689 4475 1865 4540 Quare

302 4543 506 4597 mirum
538 4542 708 4598 vlderi
744 4542 966 4596 minime
995 4542 1182 4605 debet,
1208 4544 1252 4596 si
1285 4542 1442 4610 paulo
1470 4544 1781 4597 obscuriora
1813 4552 1868 4596 et

302 4612 531 4682 confusa
567 4612 760 4682 Liberii
789 4620 951 4682 gestat
970 4624 1031 4682 se
1062 4612 1215 4682 nobis
1248 4611 1475 4682 offerant
1498 4613 1597 4682 hoc
1627 4614 1677 4665 in
1708 4612 1869 4666 Libro

305 4680 616 4736 Pontilicali
636 4699 650 4733 :
669 4680 955 4750 quae—apud
983 4680 1269 4751 historicos
1293 4690 1346 4751 et
1375 4680 1728 4751 chronologos
1752 4681 1869 4751 dilig

302 4751 584 4820 gentiores
612 4766 716 4820 non
742 4751 857 4804 sine
879 4749 1226 4820 permistione
1245 4758 1298 4803 et
1320 4749 1754 4820 implexione'dis,
1779 4750 1869 4803 oni

307 4817 618 4887 potuerunt.
646 4819 717 4872 Ea
745 4827 924 4888 tamen
954 4817 1242 4888 dilucidata
1271 4821 1502 4888 reperiet
1523 4818 1693 4873 lector
1722 4820 1870 4888 prio-

305 4886 470 4967 ribus
486 4888 634 4941 curis
659 4889 796 4967 apud
815 4886 1103 4967 _Baroniutn
1127 4887 1191 4940 ad
1214 4886 1411 4967 annum
1434 4886 1869 4967 prasertiut'i’tm,

305 4957 509 5011 deinde
534 4956 675 5025 apud
693 4955 922 5026 'Pagium
946 4955 1214 5026 iuniorem
1238 4956 1292 5026 in
1315 4955 1553 5026 sectione
1576 4955 1798 5020 Liberii,
1820 4968 1875 5010 et

306 5026 546 5095 fortasse
571 5024 803 5079 nitidius
818 5025 957 5095 apud
980 5024 1214 5089 Somier,
1241 5025 1295 5078 in
1312 5024 1547 5079 llistoria
1572 5027 1871 5095 dogmatica

308 5096 372 5148 8.
404 5093 592 5148 Sedis:
642 5095 717 5147 uti
765 5093 1076 5163 experietur
1103 5109 1169 5147 ex
1199 5107 1265 5148 eo
1288 5095 1579 5162 specimiue
1622 5093 1873 5147 notarum

308 5164 683 5229 selectiorum,
713 5162 1099 5232 quteejusdem
1127 5177 1192 5216 cs
1215 5163 1601 5217 commentario
1628 5164 1715 5218 hic
1749 5163 1879 5218 alic-

307 5240 522 5292 runtur,

372 5299 536 5354 Num.
563 5300 768 5363 52,]in.
786 5300 880 5370 710.
908 5330 980 5340 —
1008 5299 1109 5370 Hic
1129 5300 1247 5370 fecit
1271 5300 1537 5355 basilicam
1565 5302 1761 5355 nomini
1782 5318 1877 5355 suo

300 5370 463 5438 juxta
477 5370 753 5440 macellum
772 5369 959 5424 Libies.
974 5370 1031 5423 ln
1050 5368 1202 5424 Sinite
1218 5374 1375 5423 tertio
1390 5370 1775 5440 amplificatore
1788 5373 1879 5433 ba:

311 5440 478 5509 silice
490 5438 795 5509 Libet-ianua
806 5440 918 5509 erit
936 5440 1085 5493 locus
1098 5441 1450 5509 opportunior
1473 5438 1538 5494 de
1552 5440 1651 5509 illa
1663 5442 1875 5507 agendi.

383 5507 552 5579 Linea
601 5507 1033 5579 i3.-:Sepultus
1071 5507 1147 5562 est
1174 5507 1265 5561 fin.
1291 5510 1575 5562 cwmeterio
1620 5508 1881 5563 Priscillae

308 5579 398 5647 eia
440 5577 677 5647 salaria.
723 5577 790 5632 Et
838 5577 1141 5647 complures
1188 5579 1471 5647 pontifices
1509 5579 1575 5631 ab
1620 5586 1781 5634 aetate
1818 5579 1877 5633 8.

313 5646 552 5701 Marcelli
577 5662 749 5715 usque
778 5649 844 5700 ad
885 5646 1136 5703 Siricium
1175 5649 1376 5702 conditi
1421 5647 1667 5718 leguntur
1693 5649 1745 5704 in
1781 5651 1881 5705 hoc

666 5740 934 5798 ΡΑτιιοι..
981 5738 1320 5798 CXXVIII.

1960 1795 2255 1847 coemeterii
2294 1790 2551 1847 l’riscillm
2595 1794 2767 1848 dictas
2801 1792 3169 1846 cmmcterium
3210 1790 3445 1847 Novella:
3469 1804 3525 1849 et

1957 1863 2327 1931 ctemeterium
2357 1862 2650 1916 Ostianum.
2685 1862 2808 1916 llzec
2833 1876 2994 1931 supra
3014 1861 3255 1931 Vindicavi
3287 1869 3432 1917 tomo
3457 1863 3521 1925 II,

1961 1931 2013 1984 in
2046 1932 2185 1984 notis
2217 1935 2281 1985 ad
2310 1930 2367 1985 S.
2397 1932 2760 1986 Marcellinum
2778 1971 2793 1994 ,
2821 1946 2941 1999 pag.
2969 1930 3092 1984 259.
3121 1930 3384 1985 Caeterum
3416 1934 3522 1985 Da-

1961 2015 2162 2064 masus,
2194 2002 2283 2070 qui
2316 2002 2604 2068 superstite
2643 2000 2856 2055 Liberio
2887 2002 3165 2070 presbyter
3192 2000 3416 2069 ejusque
3440 2003 3521 2055 vi-

1960 2069 2137 2122 carius
2169 2069 2225 2122 iii
2250 2070 2401 2124 Actis
2429 2071 2754 2133 nominatur,
2783 2070 2973 2124 deinde
3007 2069 3283 2138 proximus
3309 2086 3526 2125 succes-

1959 2152 2049 2190 sor
2094 2138 2222 2198 fuit.
2253 2140 2306 2192 in
2351 2140 2539 2193 eodem
2568 2140 2880 2194 cmmeterio
2905 2138 3193 2203 l'riscillm,
3219 2139 3306 2192 ubi
3338 2140 3526 2194 deces-

1959 2221 2134 2260 sorem
2168 2207 2453 2277 Liberium
2498 2209 2766 2272 condidit,
2806 2209 3017 2262 ornavit
3058 2209 3299 2262 versibus
3347 2210 3526 2277 sepul-

1958 2292 2111 2346 crum
2162 2276 2391 2331 Marcelli
2442 2292 2610 2346 papm,
2648 2277 2887 2344 legendis
2936 2277 3075 2345 apud
3122 2276 3441 2341 Baroniunr,
3471 2279 3526 2332 in

1957 2345 2090 2417 App.
2150 2355 2278 2417 tom.
2329 2346 2421 2417 lll,
2470 2345 2587 2417 pag.
2643 2348 2782 2417 δοες
2833 2346 3122 2417 Gruterum
3177 2361 3298 2414 pag.
3355 2347 3524 2410 H72;

1960 2416 2299 2485 Aringltium,
2331 2415 2422 2469 lib.
2453 2431 2526 2479 tv,
2546 2415 2676 2484 ‘cap.
2708 2415 2795 2479 28,
2824 2430 2879 2467 n.
2909 2416 2959 2466 7.

2580 2523 2882 2579 CIACONll.

2029 2640 2191 2694 Linea
2230 2642 2284 2693 5.
2330 2669 2398 2679 -
2442 2637 2542 2692 Hic
2572 2638 2752 2691 exsilio
2780 2636 3086 2704 deportatur
3121 2654 3153 2689 a
3196 2637 3524 2693 Constantia.

1959 2709 2187 2763 Mittitur
2218 2712 2267 2763 in
2290 2708 2534 2762 exsilium
2550 2706 2794 2761 Liberius
2814 2719 2983 2774 usque
3019 2705 3259 2760 Beroeam
3285 2707 3531 2763 Thracia:

1960 2780 2146 2832 urbem
2183 2779 2250 2832 ab
2289 2778 2645 2846 imperatore,
2675 2790 2741 2846 eo
2780 2777 2921 2844 quod
2952 2784 3135 2829 contra
3176 2776 3529 2846 Athanasium

1959 2848 2319 2911 subscribere,
2342 2845 2537 2899 etcum
2560 2845 2771 2899 Arianis
2783 2846 3180 2899 communicare
3201 2845 3387 2899 nollet.

2028 2916 2193 2970 Linea
2219 2918 2271 2971 5.
2308 2942 2379 2955 --
2412 2915 2794 2969 Ordinaverunt
2824 2914 2875 2967 in
2915 2912 3085 2966 locum
3127 2914 3241 2983 ejus
3276 2912 3526 2970 Felicem.

1959 2986 2108 3040 Felix
2150 2986 2405 3039 Romana:
2436 2983 2685 3038 Ecclesite
2724 2983 3151 3043 archidiaconus,
3197 2986 3530 3052 procuranti-

1963 3058 2061 3109 hus
2081 3056 2314 3116 Arianis,
2338 3066 2391 3108 et
2415 3053 2707 3123 pnesertitn
2730 3052 2924 3123 Acacio
2947 3052 3266 3105 Arianorum
3289 3052 3531 3121 principe

1964 3126 2015 3179 ia
2065 3126 2238 3180 locum
2267 3123 2464 3178 Liberii
2496 3122 2754 3176 suliicitur
2782 3140 2795 3174 :
2826 3122 3157 3176 orthodoxus
3187 3129 3386 3187 tamen,
3420 3138 3524 3176 non

1960 3195 2225 3258 Arianus;
2264 3210 2389 3247 natn
2413 3194 2554 3263 qttod
2585 3194 2649 3245 ad
2680 3191 3002 3263 religionem
3021 3189 3279 3263 attinebat
3300 3206 3533 3263 ,_repre-

1962 3264 2218 3317 heusione
2244 3258 2447 3325 caruit,
2473 3263 2596 3314 licet
2624 3275 2744 3313 cmn
2769 3258 2892 3321 illis,
2914 3260 3004 3328 qui
3035 3260 3177 3313 illam
3202 3258 3531 3315 labefactare

1960 3333 2266 3395 studebant,
2288 3331 2455 3385 libere
2478 3327 2888 3383 communicarit
2908 3327 2963 3383 et
2992 3329 3044 3383 in
3075 3330 3356 3382 Athanasii
3378 3331 3531 3383 dam-

1961 3402 2235 3456 nationem
2267 3399 2667 3467 subscripserit.
2698 3399 2959 3469 Auctores
2984 3408 3109 3452 sunt
3150 3397 3529 3469 H_ieronymus.

1961 3471 2028 3524 de
2044 3471 2239 3539 Script.
2259 3471 2463 3523 Eccles.
2482 3466 2532 3521 in
2547 3468 2746 3539 Acacio
2759 3468 3168 3539 ;Theodoretn_s,
3190 3466 3282 3520 lib.
3301 3466 3529 3532 tt,'c.10,

1962 3534 2314 3601 Sozomeuus,
2356 3539 2446 3592 lib.
2490 3554 2564 3601 tv,
2612 3552 2661 3590 c.
2707 3537 2792 3602 ll),
2824 3536 3037 3605 aliique.
3082 3534 3306 3599 Vivente
3352 3548 3530 3591 autent

1963 3608 2021 3662 S.
2054 3610 2269 3663 Liberio
2297 3623 2400 3661 non
2432 3608 2605 3677 potuit
2630 3605 2778 3677 Felix
2801 3606 3079 3677 plusquam
3115 3607 3535 3677 chorepiscopus

1960 3693 2079 3732 esse
2097 3679 2363 3740 delectus;
2388 3674 2453 3730 ne
2474 3678 2629 3729 unius
2649 3675 2925 3728 catholicae
2951 3674 3200 3728 ECcIesite
3225 3675 3332 3727 duo
3353 3674 3537 3729 essent

1961 3747 2232 3815 episcopi,
2262 3756 2317 3799 et
2343 3748 2501 3799 unius
2525 3744 2766 3813 corporis
2793 3742 2899 3795 duo
2922 3743 3100 3810 capita
3145 3743 3373 3809 turpiter
3392 3745 3531 3799 emi-

1964 3827 2174 3868 IICI‘CIII.

2034 3884 2197 3937 Linea
2237 3884 2292 3938 8.
2329 3911 2401 3922 —
2439 3880 2630 3951 Neque
2658 3880 2714 3951 in
2752 3877 3025 3951 ecclesias,
3060 3878 3306 3951 nequein
3348 3878 3534 3933 balnea

1962 3953 2207 4005 haberent
2240 3947 2543 4004 introitum;
2575 3948 2768 4003 Clerici
2802 3952 2945 4001 enim
2975 3957 3031 4002 et
3060 3947 3399 4017 sacerdotes,
3440 3951 3532 4017 qui

1961 4021 2122 4075 Felici
2171 4022 2535 4083 adhaeserant,
2581 4019 2648 4073 ab
2698 4017 2925 4072 ecclesia
2971 4018 3059 4071 ubi
3113 4016 3359 4071 Liberius
3411 4016 3536 4071 suos

1961 4091 2292 4145 convocabat
2309 4089 2678 4150 abhorrentes,
2709 4088 2871 4141 etiam
2894 4086 3097 4141 balneis
3126 4084 3353 4155 publicis
3375 4085 3538 4141 absti—

1963 4163 2182 4222 nebant,
2211 4174 2277 4213 ne
2305 4172 2408 4213 una
2440 4173 2560 4212 cum
2596 4157 2702 4211 illis
2745 4156 3084 4220 lavarentur,
3123 4163 3181 4210 ut
3212 4155 3305 4223 qui
3333 4156 3537 4210 scirent

1963 4245 2029 4281 ex
2059 4228 2320 4283 sententia
2352 4225 2576 4281 Joannis
2619 4226 2962 4295 evangelista:
2995 4240 3097 4281 nec
3133 4224 3308 4279 balnei
3342 4225 3539 4279 loliOue

1964 4314 2084 4352 cum
2110 4297 2374 4352 haereticis
2393 4295 2820 4366 participandum
2842 4308 2981 4349 esse.

2651 4427 2849 4484 PAGII.

2038 4542 2199 4597 Linea
2240 4543 2293 4595 3.
2331 4571 2402 4582 —
2439 4541 2482 4592 A
2527 4536 2851 4594 Constantio.
2905 4536 2942 4592 S
2992 4536 3269 4601 Liberius,
3320 4538 3538 4593 natlonc

1971 4612 2269 4675 Romanus,
2298 4626 2364 4665 ex
2394 4620 2547 4679 patre
2572 4609 2993 4679 Augusto,ipost
3020 4607 3245 4679 duorum
3275 4607 3538 4679 mensium

1970 4675 2978 4758 etaliquotdieruminterpontilicium,
3007 4675 3538 4758 pontiﬁcium-sedem

1972 4742 2233 4814 ascendit,
2262 4744 2544 4804 ordinatur
2586 4742 2673 4800 die
2712 4746 2965 4815 vigesima
2994 4742 3167 4814 prima
3208 4742 3372 4815 Junii,
3420 4760 3541 4813 quae

1971 4837 2059 4873 an.
2092 4819 2467 4887 trecentesimo
2493 4814 2935 4887 quinquagesimo
2971 4815 3205 4887 secundo
3236 4814 3539 4887 Dominica-

1971 4890 2037 4943 ls
2064 4888 2183 4941 fuit.
2215 4888 2410 4963 Statim
2438 4883 2753 4963 Orientales?
2775 4884 3008 4963 episcopi
3056 4883 3247 4963 ipsttm
3274 4884 3341 4963 in
3363 4892 3545 4952 partes

1972 4973 2097 5013 suas
2134 4958 2452 5026 pertrahere
2483 4962 2773 5026 tentarunt,
2810 4951 2908 5009 sed
2948 4954 3035 5007 hic
3067 4951 3428 5026 Orientalibus
3457 4967 3546 5007 re-

1974 5020 2210 5095 srripsit,
2240 5040 2297 5080 se
2320 5026 2385 5095 iis
2422 5025 2724 5079 consentire
2745 5039 2851 5078 non
2891 5037 3046 5091 posse
3070 5020 3544 5095 diuqueﬁAthana-

1976 5095 2040 5149 sii
2072 5087 2286 5147 causam
2311 5093 2570 5147 damnare
2597 5087 2907 5146 constanter
2937 5089 3225 5145 recusavit.
3268 5087 3445 5153 Quare
3484 5099 3540 5142 ut

1977 5163 2374 5224 imminentem,
2404 5175 2508 5212 non
2539 5172 2646 5213 tam
2682 5160 2939 5213 adversus
2968 5156 3340 5219 Athanasium,
3377 5171 3538 5224 quam

1977 5234 2280 5286 universam
2310 5228 2608 5283 Ecclesiam
2629 5228 2965 5291 catholicam,
3012 5239 3076 5278 ac
3109 5224 3408 5292 praesertim
3449 5228 3548 5281 ad-
3612 5276 3618 5285 ,

1977 5317 2166 5355 versus
2190 5299 2566 5372 Occidentales
2599 5298 2875 5372 episcopos
2905 5294 3333 5372 persecutionem
3351 5310 3545 5372 ,hanno

1978 5371 2081 5425 355
2135 5372 2202 5426 ad
2244 5362 3061 5441 Constantium'imperatorem.
3108 5362 3218 5429 (ιιιίς
3247 5362 3546 5441 ,Ρπζρωϐδιο

1979 5441 2283 5511 Magnentio
2304 5439 2520 5494 Arelate
2540 5432 2881 5511 subslit-erat,
2912 5433 3114 5511 legatos
3140 5432 3285 5511 nttsit
3318 5432 3547 5511 Vincen-

1981 5500 2112 5565 tium
2133 5511 2443 5579 Capuanum
2465 5510 2796 5579 episcopum,
2828 5500 3135 5579 Marcellum
3156 5500 3467 5579 galnpanize
3490 5514 3546 5557 et

1982 5581 2115 5634 alios
2147 5572 2449 5641 no'nuullos,
2474 5572 2667 5647 quibus
2694 5576 2752 5647 in
2775 5574 3038 5647 mandatis
3069 5572 3233 5647 dedit,
3280 5580 3341 5647 ut
3383 5574 3452 5627 ab
3482 5588 3549 5625 eo

1982 5650 2268 5707 concilium
2315 5641 2562 5721 generale
2598 5644 2855 5714 Aquileitc
2884 5643 3203 5702 celebrando
3230 5659 3259 5694 η
3302 5641 3548 5709 impetrat.

3244 5739 3283 5797 2
