4056 6310
220 387 293 443 43
1007 378 1322 435 HISTORIA
1356 380 1447 435 DE
1490 376 1661 433 VlTlS
1701 377 1863 442 ROM.
1907 376 2101 432 PONT.
2138 405 2210 416 —
2248 374 2305 432 S.
2347 375 2680 433 LIBERIUS.
3364 378 3459 432 ’46

222 496 383 552 tertia
433 493 636 562 synodo
676 490 1266 562 Sirmiensianno7553
1316 490 1785 562 (‘Clebt‘uitt._Cet‘lc
1816 495 1861 552 Α
1889 488 2211 562 Atlumasius
2239 489 2289 542 iu
2316 488 2538 562 epistola
2562 488 2636 562 ad
2666 487 2947 545 Africanos
2979 495 3033 545 et
3070 499 3287 545 sanctus
3313 492 3459 548 llila-

222 580 368 618 anno
396 558 523 621 357,
546 576 726 612 mense
758 560 1055 619 Decembri,
1073 558 1313 612 Liberius
1341 560 1572 611 nomium
1608 560 1788 610 llome

222 644 340 688 erat
366 646 489 685 cum
516 632 595 681 lex
620 629 678 680 li
702 628 829 679 Coti.
854 626 1053 679 Thcod.
1078 628 1141 680 de
1156 627 1444 696 Episcopis,
1463 628 1585 679 data
1611 641 1794 681 mense

224 700 509 755 Deccmbri
550 696 852 758 Mediolani,
883 696 1086 748 directa
1121 698 1189 749 sit
1230 697 1294 747 ad
1326 696 1559 750 Felicem
1589 698 1795 764 cpisco-

226 786 352 841 pum
406 768 731 841 Romanum,
773 766 995 841 ideoque
1044 764 1291 841 Liberius
1338 766 1450 841 sedi
1501 780 1609 841 sua;
1639 779 1792 841 non-

229 833 354 892 ilum
386 834 675 889 restitutus
704 841 838 887 erat.
894 833 1016 887 [huc
1043 849 1205 902 porro
1239 833 1463 886 formula
1508 834 1594 887 cui
1639 833 1794 886 Libe-

230 909 344 961 rius
367 903 715 971 subscripsit,
758 902 968 955 videtur
1009 901 1128 955 esse
1159 916 1238 962 ea,
1274 902 1442 971 quam
1462 901 1695 957 Hilarius
1743 902 1794 953 in

229 974 734 1044 fragtnentis__vocat
762 972 1042 1044 perfidiam
1084 972 1150 1023 ah
1183 972 1393 1026 Arianis
1415 972 1795 1044 conscriptam,

228 1056 280 1099 et
307 1039 475 1111 quam
507 1040 751 1094 Liberius
788 1041 1307 1111 catholicanrvocat,
1340 1055 1402 1095 ac
1424 1055 1454 1093 a
1483 1039 1797 1111 Demophilo

229 1109 336 1166 sibi
353 1112 594 1165 oblatam
620 1109 919 1177 suscepisse
946 1124 1002 1163 se
1023 1109 1151 1161 dicit
1179 1110 1230 1161 in
1257 1111 1479 1179 epistola
1511 1110 1575 1162 ad
1601 1109 1795 1163 Orien-

232 1182 382 1236 tales.

297 1252 437 1305 Cum
488 1257 610 1318 post
666 1247 877 1301 tertiam
935 1247 1195 1316 synodum
1260 1246 1606 1318 Sirmiensem
1658 1260 1799 1318 anno

234 1316 616 1373 trecentesimo
638 1318 1079 1386 quinquagesimo
1100 1324 1306 1386 octavo,
1336 1325 1393 1368 ut
1427 1317 1600 1385 legere
1623 1326 1705 1369 est
1745 1316 1797 1367 in

232 1390 437 1442 (tritica
486 1383 725 1447 Baronii,
775 1383 1114 1445 celebratam,
1146 1383 1196 1436 in
1230 1400 1331 1451 qua
1372 1383 1673 1451 conscripta
1716 1392 1798 1437 est

231 1458 316 1509 illa
350 1457 480 1510 fidei
525 1454 771 1517 formula,
799 1453 884 1507 cui
928 1452 1168 1505 Liberius
1193 1453 1527 1521 subscripsit,
1560 1468 1661 1505 non
1692 1461 1797 1504 tam

230 1542 335 1606 pax
366 1526 515 1578 inter
539 1523 844 1578 Orientales
887 1521 1083 1606 sanciri
1129 1521 1239 1606 visa
1280 1531 1443 1606 esset,
1472 1537 1631 1602 qnam
1660 1522 1800 1606 inter

230 1589 379 1663 ipsos
406 1609 547 1647 nova
575 1605 848 1663 emergere
876 1590 1120 1663 dissidia,
1138 1589 1799 1663 Constantiusimperator

230 1659 628 1718 (eromenicam
664 1659 891 1713 Arimini
954 1659 1215 1728 synodum
1260 1659 1451 1713 indixit
1497 1674 1637 1712 anno
1684 1669 1792 1728 tre:

232 1733 535 1809 centesimo
573 1726 1013 1809 quinquagesimo
1060 1742 1200 1809 non_o
1246 1726 1793 1809 ce.lebrandam.;.s.cd

229 1802 502 1885 eamdenli‘,
524 1797 752 1885 consitio
776 1797 1118 1885 (Arianorum,
1143 1797 1275 1885 duas
1302 1798 1354 1877 in
1381 1797 1788 1885 pat'tesidiv‘is'it;
1827 1829 1869 1885 Β

232 1873 304 1924 ita
344 1880 404 1923 ut
441 1868 748 1923 Orientales
776 1866 1030 1920 Seleucia:
1070 1867 1122 1918 in
1153 1865 1395 1931 Isauria,
1424 1865 1793 1920 Occidentales

231 1955 363 1993 vero
406 1937 643 1992 Arimini
701 1937 754 1989 in
800 1934 1016 1988 Emilia
1066 1935 1431 1989 convenirent.
1497 1935 1798 1989 Orientales

232 2009 451 2077 quidem
496 2020 722 2060 numero
770 2004 879 2058 160
916 2003 1172 2077 Seleuciae
1197 2005 1501 2077 congregati
1534 2004 1793 2073 episcopi,

232 2073 353 2131 cum
383 2077 590 2130 mutuis
627 2089 744 2128 sese
781 2073 1208 2127 accusationibus
1236 2073 1569 2136 dives-arent,
1614 2076 1795 2127 conci-

230 2147 361 2200 lium
404 2148 461 2199 in
492 2146 629 2198 duas
670 2155 854 2213 partes
881 2143 1103 2213 scissim}
1126 2149 1226 2213 est,
1259 2149 1314 2196 et
1350 2159 1484 2197 nova
1525 2143 1643 2196 fidei
1674 2142 1797 2213 for-

234 2215 376 2268 mula
398 2216 470 2268 ab
494 2210 693 2267 Acacio
720 2212 980 2266 Ctesarete
1005 2210 1301 2281 Palaestinas
1327 2213 1576 2281 episcopo
1604 2212 1798 2280 prioris

233 2284 489 2338 factionis
518 2284 652 2335 duce
673 2282 838 2343 edita,
868 2280 918 2332 in
945 2296 1069 2349 qua,
1093 2279 1325 2348 explosis
1350 2279 1645 2343 vocabulis,
1674 2297 1796 2333 con-

235 2351 621 2412 substantialis,
675 2360 722 2403 et
789 2349 1400 2419 wquiconsubstentialis,
1454 2359 1705 2419 tanquam
1764 2363 1793 2401 a

236 2421 539 2490 Scripturis
583 2417 1026 2490 abhorrentibus,
1071 2417 1473 2490 similitudinem
1515 2417 1633 2490 Filii
1676 2433 1795 2473 cum

236 2486 393 2544 Patre
438 2490 747 2551 fatebatur,
796 2487 1122 2554 verbumque
1171 2486 1420 2540 dissimile
1458 2489 1798 2540 anathemate

236 2559 553 2620 damnabat,
581 2558 890 2625 rcjectaiest
923 2556 991 2608 ah
1015 2554 1236 2625 alterius
1262 2554 1507 2625 factionis
1533 2556 1798 2624 episc0pis

234 2628 367 2679 semi
396 2624 746 2693 Arianis,’qui
775 2624 965 2678 Filium
990 2624 1134 2678 Patri
1159 2624 1388 2677 similem
1417 2625 1469 2677 in
1494 2625 1795 2678 substantia

236 2697 667 2766 propugnabant,
698 2708 811 2766 non
827 2707 956 2747 vero
982 2694 1091 2747 sola
1120 2693 1408 2766 voluntate,
1431 2701 1502 2766 ⁸ιιι
1525 2693 1792 2766 _Acaciu_s.

235 2761 435 2829 Quare'
464 2764 719 2819 Acaciani
763 2764 1144 2823 discesserunt.
1194 2761 1539 2817 semi-Ariani
1584 2776 1714 2815 vero
1743 2762 1796 2816 iu

234 2833 523 2887 ecclesiam
564 2833 961 2896 convenientes,
1000 2846 1095 2885 eos
1123 2830 1309 2885 adesse
1352 2838 1663 2886 recusantes
1703 2830 1796 2884 ab-

237 2902 488 2955 dicarunt
515 2910 571 2955 et
595 2902 1145 2956 excommunicarunt.
1195 2902 1272 2954 De
1314 2900 1397 2968 his
1442 2900 1644 2968 legendi
1674 2914 1797 2954 san-

236 2980 355 3025 ctus
402 2971 759 3039 Athanasius,
782 2970 872 3023 lib.
924 2971 987 3025 de
1018 2969 1278 3039 Synodis;
1319 2966 1589 3039 Socrates,
1638 2969 1672 3022 l.
1706 2984 1791 3039 _n,

237 3055 359 3107 cap.
393 3041 461 3093 '51
492 3051 548 3093 et
569 3055 706 3107 seq.,
739 3036 1084 3100 Sozomenns',
1127 3038 1215 3107 lih.
1244 3052 1319 3107 tv,
1347 3052 1463 3107 cap.
1506 3038 1598 3102 2|,
1623 3047 1676 3092 et
1699 3036 1794 3092 Se-

233 3105 400 3163 verus
434 3105 692 3178 Sulpitius
718 3108 807 3161 lib.
832 3123 869 3162 ιι
889 3147 904 3173 ,
928 3109 1016 3178 qui
1047 3106 1235 3178 scribit
1256 3105 1313 3160 S.
1340 3105 1599 3178 Hilarium
1622 3107 1795 3178 Picta-

236 3178 485 3232 viensem
533 3174 845 3246 episcopum
896 3174 1019 3231 huic
1067 3176 1272 3245 synodo
1322 3174 1578 3246 adfuisse.
1646 3176 1797 3232 Unde

237 3246 353 3315 ipse
378 3245 632 3309 Hilarius,
663 3261 782 3316 qua:
808 3245 860 3298 in
889 3259 949 3297 ea
978 3254 1127 3316 gesta
1168 3252 1293 3299 sunt
1331 3245 1633 3300 accuratius
1673 3261 1798 3299 nar-

237 3314 325 3371 rat
363 3317 457 3370 lib.
497 3326 679 3369 contra
706 3314 1097 3370 Constantium.
1600 3338 1603 3339 ν

308 3384 741 3452 Quadringentos
757 3385 1033 3454 episcopos
1055 3383 1376 3454 Ariminensi
1391 3384 1613 3440 concilio
1632 3385 1801 3439 inter-

239 3454 405 3508 fuisse
431 3466 618 3507 auetor
635 3467 717 3508 est
734 3453 873 3507 idem
897 3455 1135 3522 Severus
1149 3453 1405 3522 Sulpitius
1429 3456 1545 3509 loco
1567 3455 1801 3508 laudato.

240 3523 524 3592 Episcopis
551 3524 602 3576 in
640 3539 800 3577 unum
828 3516 1183 3593 congregatis,
1213 3516 1364 3593 lectae
1390 3533 1512 3578 sunt
1538 3524 1800 3577 Constan-

240 3590 300 3644 tii
332 3593 672 3660 imperatoris
698 3593 918 3655 litterae,
939 3590 1142 3660 ‘qui'bns
1163 3590 1383 3659 jubebat
1412 3603 1469 3646 ιιι
1496 3593 1665 3647 solum
1690 3605 1799 3645 tra-

241 3659 484 3714 ctaretur
508 3662 573 3715 de
607 3664 726 3713 tide.
764 3659 1045 3715 Valens'et
1083 3659 1332 3714 Ursacius
1354 3662 1561 3724 Ariani,
1593 3662 1804 3715 tertiam

243 3730 365 3783 fidei
407 3728 688 3784 formulam
719 3729 1067 3785 Sirtniensem
1091 3731 1146 3785 in
1177 3730 1406 3788 modium
1444 3731 1802 3799 protulerunt,

242 3814 361 3865 qua
383 3798 578 3853 Filium
605 3800 750 3854 Patri
792 3799 1015 3854 similem
1050 3804 1338 3855 secundum
1374 3798 1677 3869 Scripturas
1706 3801 1803 3855 do-

243 3876 361 3931 cet;
395 3871 490 3921 sed
522 3869 655 3939 licet
692 3884 753 3922 ea
789 3870 1090 3939 imperatori
1134 3870 1441 3939 placuisset,
1485 3885 1516 3922 a
1559 3870 1805 3923 Patribus

245 3946 425 3990 tamen
461 3936 656 4005 reiecta
678 3945 779 3992 est.
809 3936 1005 3991 Dcinde
1041 3936 1253 3992 Niciena
1291 3938 1421 3993 fides
1445 3939 1679 3992 unanimi
1718 3954 1805 3992 ca-

244 4004 568 4077 tholicos-mn
585 4007 880 4077 antistitum
910 4004 1160 4077 suffragio
1183 4007 1436 4077 probata;
1471 4008 1713 4076 hancque
1738 4008 1804 4059 ad

242 4077 426 4128 omnia
457 4074 696 4129 sufficere
730 4075 1044 4142 judicatum.
1080 4074 1360 4138 Ursacius,
1398 4077 1591 4130 Valens
1623 4074 1677 4129 et
1715 4076 1803 4129 alii

243 4155 481 4217 quatuor
512 4145 747 4217 episcopi
781 4144 969 4217 Ariani
998 4143 1282 4217 damnati,
1303 4154 1356 4197 et
1381 4145 1604 4213 epistola
1643 4161 1801 4217 syno-

243 4216 364 4283 dica
404 4214 473 4266 ad
514 4213 885 4283 Constantium
916 4215 1210 4282 Augustum
1253 4214 1408 4274 data,
1441 4230 1599 4283 quam
1643 4213 1806 4267 refert

240 4281 571 4336 Athanasius
591 4281 663 4336 lib
685 4284 751 4336 de
772 4281 1021 4352 Synodis.
1055 4284 1202 4335 lianc
1227 4281 1504 4349 epistolam
1528 4284 1713 4336 Patres
1741 4284 1805 4334 ad

242 4353 622 4419 imperatorem
664 4368 758 4421 per
789 4352 991 4421 legatos
1030 4355 1277 4421 mittunt,
1314 4366 1447 4419 quos
1489 4362 1547 4404 ut
1581 4352 1807 4420 benigne

240 4421 525 4488 suscipiat,
573 4420 743 4474 orant.
790 4420 1103 4489 Snppiicant
1137 4420 1364 4487 denique
1407 4431 1464 4489 ut
1505 4422 1804 4489 episCOpos,

1899 558 2011 611 rius
2041 559 2091 611 in
2117 558 2427 626 fragmentis
2455 566 2509 611 ct
2529 556 2638 626 alii.

1900 644 1907 651 ·
1968 625 2217 700 Liberius
2234 642 2369 694 papa
2408 625 2808 700 et___Vincentius
2841 627 3124 700 papnanus
3149 632 3451 700 episcOpus,

1898 697 1984 764 qui
2010 695 2324 766 Arianorum
2351 695 2594 749 sordibus
2609 705 2763 750 antea
2789 696 3089 766 labefactati
3105 695 3201 751 visi
3223 695 3456 766 fuerant,

1898 767 1963 817 ad
1997 765 2266 835 meliorem
2305 765 2511 834 frugem
2540 766 2781 819 conversi
2812 780 2910 835 pro
2948 765 3050 835 fide
3088 768 3348 823 catholica
3380 765 3460 825 in-

1899 834 2089 901 trepidi
2127 833 2409 895 steterunt,
2438 842 2491 886 et
2520 833 2835 889 Arianorum
2860 833 3099 901 perfidia:
3124 837 3460 893 subscribere

1900 911 2235 979 rectisnrunt,
2266 911 2323 955 ut
2346 909 2492 979 patet
2516 917 2579 979 ex
2606 904 2839 979 epistola
2855 904 3072 979 Damasi
3097 920 3245 975 papa:
3282 916 3336 961 et
3371 924 3460 979 sy-

1900 970 2289 1057 nodi-Romana:
2301 970 2371 1057 ad
2387 971 2593 1057 lilyrios
2613 970 2993 1057 a‘Tlieodorcto
3022 970 3112 1029 lib}
3139 970 3200 1055 ri,
3226 990 3343 1057 cap.
3367 970 3458 1044 2‘2,

1900 1039 2087 1114 relata,
2111 1049 2166 1093 et
2198 1054 2264 1114 ex
2300 1039 2563 1114 legatione
2588 1041 2798 1114 concilii
2826 1042 3171 1114 Lampsaceni
3195 1045 3262 1101 ad
3286 1039 3457 1114 ipsum

1900 1109 2169 1163 Liberium
2199 1108 2707 1185 missaI_Ctt_m_cttiiit
2727 1153 2739 1173 ,
2758 1108 3268 1185 defunctoioviano
3294 1108 3462 1185 impe-

1900 1188 2117 1253 ratore,
2162 1179 2394 1253 episcopi
2431 1178 2770 1253 _llellesponti
2814 1191 2868 1234 et
2921 1180 3201 1253 By_thiuia;,
3257 1178 3455 1253 aliique

1899 1248 2473 1323 consubstantialitatis
2494 1248 2801 1323 assertores
2839 1248 3123 1304 concilium
3154 1248 3456 1323 Lampsaci,

1900 1331 2017 1384 qua)
2055 1315 2243 1387 civitas
2282 1326 2363 1370 est
2402 1321 2451 1370 in
2494 1317 2851 1387 Hellesponto,
2898 1334 3040 1374 anno
3088 1315 3461 1377 trecentesimo

1900 1386 2453 1455 sexagesimoquarto
2482 1386 2862 1452 celebrassent,
2897 1389 2948 1440 in
2981 1404 3087 1455 quo
3111 1390 3462 1445 decreverunt

1900 1455 2197 1526 doctrinam
2223 1454 2366 1526 illam
2410 1465 2579 1510 ratam
2608 1456 2754 1521 fore,
2786 1472 2904 1526 quae
2933 1454 3126 1511 Filium
3159 1458 3300 1514 Patri
3336 1462 3463 1515 sub-

1898 1523 2093 1578 stantia
2121 1523 2346 1600 similem
2372 1526 2664 1600 asserebat,
2694 1523 2959 1580 celebrato
2985 1527 3221 1600 concilio
3242 1529 3460 1600 legatio-

1899 1610 2020 1648 nem
2048 1593 2328 1669 _m_iscr_nn_t
2377 1594 2442 1646 ad
2491 1594 2757 1648 Liberium
2804 1611 3017 1664 papam,
3068 1593 3361 1669 legatisque
3407 1602 3459 1653 in

1899 1662 2165 1734 mandatis
2208 1663 2486 1734 dederunt,
2511 1674 2573 1734 ut
2606 1662 2939 1734 nequaquam
2977 1681 3097 1720 cum
3120 1662 3355 1722 'Liberio
3392 1669 3460 1722 tle

1896 1731 2001 1785 fide
2026 1732 2391 1794 dissentirent,
2429 1733 2520 1785 sed
2572 1731 3030 1788 communicarent
3068 1750 3191 1790 cum
3223 1736 3460 1792 Ecclesia

1897 1801 2155 1861 Romana,
2182 1799 2442 1869 fidemque
2475 1801 2953 1858 Consubstantialis
3004 1813 3173 1858 ratam
3200 1804 3456 1861 facetent.

1899 1871 2082 1939 Legati
2109 1869 2331 1939 Romam
2356 1870 2699 1925 advenientes
2720 1910 2734 1935 ,
2764 1872 2973 1926 concilii
3006 1873 3212 1929 litteras
3243 1877 3457 1929 obtule-

1901 1937 2042 2013 runt,
2086 1940 2179 2013 sed
2214 1937 2457 1993 Liberius
2505 1954 2597 1993 eas
2645 1940 2883 2013 recipere
2918 1941 3163 2013 nolebat,
3187 1946 3328 2013 quod
3365 1961 3459 2001 eos

1897 2009 2110 2063 Arianze
2138 2009 2398 2077 haereseos
2424 2018 2699 2077 suspectos
2726 2010 2965 2065 haberet.
2993 2012 3063 2064 At
3093 2012 3168 2067 illi
3194 2009 3253 2066 se
3273 2015 3461 2069 catho-

1899 2078 2030 2132 licos
2054 2091 2172 2131 esse
2209 2076 2604 2147 professisunt,
2640 2079 2795 2147 eique
2823 2078 3056 2134 libellum
3095 2081 3368 2146 obtulere,
3405 2086 3459 2140 iu

1899 2163 2006 2221 quo
2042 2148 2202 2199 verba
2249 2145 2362 2213 ipsa
2387 2145 2598 2221 ‘i‘iiczeni
2651 2145 2875 2221 syjntboii
2923 2151 3227 2221 conscripta
3256 2145 3456 2221 erant.

1898 2214 2021 2271 [huc
2038 2223 2286 2288 constant
2305 2230 2366 2267 ex
2384 2214 2690 2288 Solomone
2703 2217 2795 2288 lib.
2816 2233 2887 2280 vt,
2904 2233 3022 2288 cap.
3042 2220 3072 2271 7
3086 2214 3225 2277 et'ex
3241 2220 3461 2279 Socrate

1900 2288 2007 2354 lib.
2025 2299 2097 2346 IV,
2122 2282 2290 2354 (ειη).Αᾷ
2314 2293 2367 2337 et
2395 2284 2599 2354 ll,quo
2624 2286 2673 2339 in
2703 2286 2888 2341 ultimo
2916 2282 3032 2342 loco
3048 2288 3187 2343 idem
3205 2290 3458 2345 Socrates

1899 2353 2112 2420 subiicit
2138 2352 2372 2425 iihellnm
2395 2370 2422 2406 a
2453 2352 2689 2422 prielittis
2721 2354 2908 2425 legatis
2934 2355 3149 2413 Liberio
3175 2361 3452 2413 traditum:

1898 2440 2005 2494 quo
2024 2422 2341 2493 profitentur
2366 2436 2425 2475 se
2450 2425 2604 2477 fidem
2629 2422 2945 2494 catholicam
2973 2435 3154 2481 tenere
3170 2467 3184 2490 ,
3214 2442 3459 2483 servare-

1898 2493 2022 2560 que,
2053 2507 2172 2560 quae
2201 2506 2231 2544 a
2262 2501 2609 2546 sacrosancto
2641 2493 2867 2546 concilio
2896 2493 3113 2550 Nicaeno
3140 2496 3458 2553 confirmata

1924 2560 2082 2632 inerit,
2125 2560 2177 2611 in
2197 2574 2312 2632 qua
2350 2573 2452 2613 vox
2493 2562 2983 2632 consubstantialis,
3036 2565 3101 2617 ad
3152 2580 3459 2632 perversam

1897 2630 2009 2684 Arii
2027 2628 2339 2704 _do_ctrinar_n
2367 2630 3033 2704 _expag_nandam,_sanc_te
3068 2628 3259 2704 pieque
3284 2637 3457 2704 posita

1898 2707 1998 2753 est.
2027 2695 2243 2766 Deinde,
2287 2695 2497 2759 Arium,
2523 2695 2744 2766 impiam
2788 2697 2905 2765 ejus
2949 2695 3245 2756 doctrinam
3282 2695 3335 2757 et
3374 2723 3461 2758 er-

1898 2768 2038 2822 roris
2064 2765 2300 2819 fautores
2343 2765 2692 2821 exsecrantur
2726 2777 2786 2835 et
2818 2769 3093 2824 damnant.
3141 2770 3341 2835 Tertio,
3374 2774 3456 2825 di-

1898 2845 2027 2892 cunt
2049 2836 2335 2889 anathema
2372 2836 2682 2889 nominatim
2713 2834 2837 2892 fidei
2874 2836 3115 2894 formula:
3155 2840 3206 2894 in
3234 2844 3460 2897 concilio

1894 2905 2221 2980 Ariminensi
2254 2904 2511 2969 recitatae,
2538 2913 2719 2980 utpote
2750 2918 2868 2975 quae
2900 2905 3126 2964 Nicaame
3150 2908 3271 2980 tidei
3302 2926 3462 2980 repu-

1934 2983 2042 3046 nat.
2065 2973 2263 3046 Quarto
2287 3014 2300 3037 ,
2328 2973 2783 3046 exponunt‘tfidem
2797 2991 2981 3046 suam,
3006 2992 3124 3046 qua:
3147 2978 3199 3032 in
3215 2973 3461 3035 omnibus

1947 3046 2111 3099 ianua
2150 3042 2281 3112 fides
2309 3042 2409 3096 est.
2451 3042 2557 3098 lsto
2591 3044 2767 3099 libello
2795 3042 3041 3101 Liberius
3090 3047 3312 3112 legatos,
3342 3056 3460 3103 tan-

1898 3128 2061 3185 quam
2084 3111 2366 3185 sponsione
2389 3113 2751 3185 obstringens,
2776 3111 3285 3185 incomittuiiionern
3314 3132 3461 3171 rece-

1901 3179 1999 3255 pit,
2028 3179 2290 3255 datisque
2314 3179 2507 3255 litte_ri_s
2533 3179 2895 3255 illosAdimisit.
2924 3182 3074 3249 Quod
3100 3199 3228 3240 sane
3252 3195 3456 3241 certum

1901 3249 1984 3308 est
2010 3253 2075 3306 de
2100 3249 2397 3323 orthodoxa
2421 3250 2615 3323 Liberii
2647 3249 2750 3323 fide
2779 3263 3177 3323 argumentum.

1974 3323 2203 3376 Sanctus
2217 3319 2343 3373 item
2356 3319 2675 3390 Athanasius
2689 3321 2740 3374 in
2763 3319 2979 3390 epistola
2997 3323 3062 3376 ad
3078 3323 3228 3378 solita
3238 3323 3369 3379 riam
3386 3326 3459 3380 vi-

1906 3399 2012 3470 tam
2037 3398 2253 3470 agentes
2273 3398 2471 3470 narrat,
2496 3389 2781 3470 Etisehium
2797 3389 3098 3470 Constantii
3123 3393 3461 3470 imperatoris

1901 3457 2100 3529 Ariani
2117 3457 2414 3529 eunuchum
2447 3457 2609 3529 multa
2650 3458 2709 3529 Β.
2741 3457 2901 3529 Petro
2928 3476 3151 3515 munera
3176 3457 3457 3529 obtulisse,

1903 3529 1997 3584 sed
2024 3526 2295 3581 Liberium
2316 3525 2550 3594 ejusdem
2582 3526 2822 3582 ecclesia;
2845 3530 3119 3584 custodem
3153 3530 3351 3585 acriter
3375 3525 3460 3587 iul

1904 3610 2176 3668 crepasse,
2200 3597 2341 3663 quod
2366 3595 2452 3649 illa
2472 3594 2657 3668 inferri
2690 3598 2744 3649 in
2770 3597 3050 3652 ecclesiam
3078 3613 3265 3668 passus
3292 3611 3461 3664 esset,

1904 3664 2127 3737 ipsaque
2170 3673 2422 3737 tanquam
2445 3664 2652 3737 _illicita
2683 3664 3094 3737 etessecranda
3126 3668 3194 3721 ab
3220 3667 3457 3722 Ecclesia

1902 3732 2092 3804 projici
2118 3733 2417 3804 mandasse.
2445 3732 2638 3804 \iertnn
2667 3733 2792 3804 quid
2818 3734 3102 3798 haeremus,
3129 3749 3250 3804 cum
3274 3737 3462 3804 certis-

1904 3798 2098 3860 simum
2124 3801 2189 3871 de
2210 3798 2523 3871 orthodoxia
2542 3798 2741 3871 Liberii
2766 3811 3136 3871 argumentum
3164 3802 3315 3871 nobis
3339 3819 3462 3871 sup-

1941 3871 2107 3937 editet
2131 3868 2355 3922 Siricins
2384 3883 2517 3937 papa
2542 3866 2592 3920 in
2617 3866 2852 3935 epistola
2869 3884 3030 3937 quam
3058 3870 3124 3923 ad
3165 3866 3458 3929 Himeriuin

1941 3889 2107 3927 euttet
2132 3889 2355 3922 Dll‘lCllls
2384 3889 2517 3937 papa
2542 3889 2592 3920 In
2617 3889 2837 3935 episrom
2869 3889 3030 3937 quant
3058 3889 3124 3923 au
3165 3889 3458 3929 ntmertum

1904 3889 2366 4010 garraconens‘em
2395 3937 2700 4010 episcopum
2731 3937 2976 4009 scripsit,
3004 3939 3069 4010 de
3093 3952 3197 4010 qua
3230 3954 3373 4010 mox.
3403 3940 3458 3993 In

1905 4027 1968 4067 ea
2001 4011 2147 4066 enim
2191 4008 2365 4078 capite
2413 4008 2584 4078 primo
2622 4008 3062 4078 diserte’asserit
3086 4008 3127 4072 ,'
3151 4022 3256 4064 non
3289 4008 3460 4065 solum

1904 4079 2172 4149 Liberium
2201 4077 2389 4149 magna
2417 4077 2578 4130 animi
2611 4077 2818 4149 fiducia,
2852 4078 3183 4149 Arianorum
3203 4080 3462 4149 procacia:

1902 4146 2278 4220 perditissimis
2294 4146 2765 4220 'illi_s__tct_npor_ibus
2790 4147 3070 4220 restitisse,
3096 4146 3311 4220 Arianae
3339 4149 3467 4204 fidei

1905 4215 2148 4272 formulae
2175 4217 2224 4269 in
2248 4215 2471 4270 concilio
2491 4216 2812 4270 Ariminensi
2838 4218 3073 4271 recitatae
3096 4232 3199 4270 non
3227 4218 3463 4272 subscri-

1906 4287 2100 4347 bendo,
2124 4294 2177 4338 ut
2208 4285 2454 4355 plerique
2469 4298 2669 4355 omnes
2680 4286 2945 4355 scribunt,
2972 4286 3065 4340 sed
3091 4284 3312 4340 ulterius
3331 4302 3462 4355 pro-

1908 4355 2166 4416 cessisse,
2205 4352 2261 4406 et
2310 4352 2591 4409 concilium
2640 4352 2765 4406 illud
2811 4354 3053 4409 irritasse
3100 4363 3156 4407 et
3197 4352 3458 4410 cassasse.

1908 4424 2084 4477 Siricii
2110 4423 2274 4476 verba
2304 4438 2447 4474 num.
2487 4422 2552 4475 15
2586 4423 2804 4476 recitata

242 4482 467 4561 quos'et
507 4482 740 4561 gravitas
762 4482 955 4552 natalis,
986 4500 1039 4541 et
1075 4482 1359 4561 pauperias
1394 4482 1597 4561 afliigit,
1628 4482 1803 4561 in'pa-
1837 4482 1883 4539 D
1979 4491 2137 4545 Certe
2162 4506 2407 4561 magnam
2437 4490 2597 4561 fuisse
2624 4491 2675 4561 in
2701 4490 2938 4561 Ecclesia
2969 4490 3233 4561 catholica
3259 4490 3458 4545 Liberii

243 4559 405 4609 triam
439 4559 615 4610 reduci
640 4557 845 4625 jubeat,
878 4574 943 4611 ne
973 4557 1233 4617 ecclesize,
1265 4557 1574 4612 absentibus
1594 4557 1803 4625 episco-

241 4629 345 4693 pis,
382 4626 611 4679 deserta:
652 4628 1035 4695 relinquantur.
1086 4629 1154 4680 At
1197 4625 1449 4681 Ursacius
1490 4636 1545 4679 et
1589 4625 1804 4687 Valens,

239 4698 332 4762 qui
355 4696 655 4761 legatorum
676 4698 1089 4749 orthodoxorum
1117 4696 1398 4748 adventum
1420 4705 1807 4763 praevenerant,

244 4767 316 4817 ita
350 4765 694 4843 imperatoris
715 4766 952 4843 animum
978 4767 1387 4843 exacerbarunt,
1429 4774 1488 4817 ut
1521 4764 1755 4843 episcopi
1780 4781 1808 4815 a

240 4832 479 4885 concilio
520 4834 665 4887 missi
700 4833 897 4886 nullum
936 4847 1246 4902 responsum
1284 4833 1486 4886 referre
1518 4832 1807 4902 potuerint.

243 4902 373 4955 [hec
402 4903 584 4954 omnia
619 4902 937 4955 Arianorum
972 4900 1177 4956 artibus
1206 4901 1347 4954 facta
1383 4910 1607 4955 testatur
1637 4900 1811 4954 Theo—

243 4972 491 5030 dorcttts,
526 4980 585 5022 ut
621 4973 945 5024 orthodoxos
981 4973 1257 5039 episcopos
1295 4985 1441 5024 mora
1478 4970 1811 5023 diuturniore

246 5041 500 5107 fatigatos
518 5078 534 5101 ,
563 5041 822 5160 taadioque
849 5055 1129 5108 oppressos
1147 5079 1160 5101 ,
1186 5043 1251 5093 ad
1279 5040 1694 5093 destructionem
1723 5040 1814 5089 de-

246 5119 523 5160 cretorum
544 5123 729 5160 comae
755 5110 920 5160 lerent
937 5150 950 5160 .
975 5124 1092 5160 uiue
1113 5118 1297 5160 contra
1322 5108 1567 5160 haeresim
1591 5108 1813 5160 eiusaue

242 5119 523 5177 cretorum
544 5108 920 5176 compellerent
937 5150 950 5171 ,
975 5124 1092 5177 qua:
1113 5118 1297 5162 contra
1322 5108 1567 5161 heresim
1591 5108 1813 5176 ejusque

243 5176 565 5229 defensores
588 5179 885 5231 ediderant.
930 5180 1033 5230 Sed
1077 5178 1325 5231 catholici
1370 5177 1644 5245 przesnles,
1674 5178 1812 5228 datis

243 5247 310 5295 ad
337 5246 711 5298 Constantium
746 5247 955 5309 litteris,
987 5245 1211 5313 professi
1241 5255 1367 5299 sunt
1395 5261 1665 5314 nunquam
1692 5258 1749 5296 se
1781 5261 1808 5294 a

242 5314 414 5381 priori
457 5315 734 5382 proposito
779 5325 833 5369 et
873 5317 1135 5368 sententia
1166 5317 1526 5378 discessuros,
1569 5315 1815 5379 idemque

243 5396 305 5434 se
339 5384 556 5436 concilii
590 5385 778 5451 legatis
810 5385 859 5435 in
900 5385 1167 5437 mandatis
1194 5385 1424 5437 dedisse.
1467 5382 1813 5451 Verumtcum

241 5451 486 5519 episc0pi
511 5467 543 5503 a
572 5448 798 5505 concilio
823 5454 988 5515 missi,
1018 5452 1273 5520 compulsi
1302 5459 1484 5506 essent
1505 5451 1572 5504 ad
1600 5448 1816 5520 Ariano-

243 5518 369 5572 rum
432 5521 712 5599 perfidiam
773 5518 1462 5599 subscribeudamtatque
1512 5532 1634 5571 cum
1688 5518 1817 5599 ipsis

241 5590 781 5659 communicandum,
812 5590 862 5641 in
897 5604 1017 5643 eam
1050 5587 1548 5659 praevaricationem
1575 5599 1683 5640 non
1718 5587 1818 5640 soli

242 5658 468 5711 adducti
496 5669 621 5711 sunt
642 5659 778 5720 ,°sed
804 5667 857 5711 et
885 5656 1069 5712 omnes
1093 5672 1228 5726 pene
1254 5656 1672 5726 orthodoxarum
1699 5669 1817 5723 par-

245 5729 384 5779 tium
430 5729 703 5781 antistites
758 5728 824 5781 de
873 5725 1106 5795 quorum
1151 5728 1296 5797 lapsu
1347 5725 1555 5795 legendi
1603 5733 1818 5782 sanctus

1912 4562 2132 4640 inmani,
2152 4560 2208 4614 S.
2233 4558 2497 4613 Ambrosii
2527 4558 3052 4640 elogium_p_r_aediea_t,
3080 4560 3373 4628 quilib.tu,
3397 4563 3464 4615 de

1912 4630 2237 4700 Virginibus,
2262 4640 2422 4700 quem
2454 4627 2776 4700 scripsitad
2810 4627 3171 4700 Mareellinam
3201 4643 3461 4700 sororem,

1912 4701 1984 4752 ait
2006 4696 2032 4751 ἶ
2056 4718 2072 4748 ι
2105 4697 2366 4763 Quoniam
2395 4710 2513 4762 qua:
2541 4696 2840 4759 habuimus,
2872 4696 3192 4765 digessimus
3222 4698 3465 4766 superio-

1912 4769 2057 4822 ribus
2078 4766 2226 4820 libris
2246 4765 2472 4827 duobus,
2494 4772 2704 4833 tempus
2724 4772 2829 4827 est,
2854 4780 3007 4819 soror
3028 4774 3238 4833 sancta,
3259 4765 3320 4819 ea
3348 4780 3466 4833 qute

1914 4851 2121 4889 mecum
2155 4833 2397 4888 conferre
2429 4832 2587 4895 soles,
2608 4832 2783 4902 beatae
2811 4834 3080 4887 memoria:
3103 4832 3298 4887 Liberii
3332 4832 3467 4902 pra:-

1910 4914 2066 4972 cepta
2112 4904 2385 4957 revolvere
2404 4942 2418 4965 ,
2451 4910 2519 4972 ut
2547 4915 2653 4970 quo
2678 4901 3039 4972 virsanctior,
3080 4915 3147 4972 eo
3174 4901 3351 4972 sermo
3375 4917 3466 4972 ac_-_

1913 4968 2069 5025 cedat
2100 4972 2322 5040 gratior,
2355 4990 2372 5040 ι
2412 4969 2525 5040 ubi
2548 4968 2741 5040 postea
2770 4969 2959 5040 interiit
2993 4968 3232 5040 ejusdem
3271 4969 3471 5040 Liberii

1914 5036 2212 5094 sermonem
2242 5039 2482 5091 habitum
2514 5036 2567 5089 iri
2595 5037 2830 5103 ejusdem
2866 5036 3187 5090 Marcellinae
3210 5037 3467 5105 spiritua~

1916 5110 2052 5161 libus
2072 5105 2288 5174 nuptiis,
2304 5119 2425 5157 cum
2448 5119 2504 5156 se
2518 5105 2626 5174 Deo
2647 5112 2902 5174 perpetua
2918 5104 3223 5174 virginitate
3242 5104 3469 5174 dicaret.

1916 5178 2019 5231 Sed
2045 5216 2058 5238 ,
2105 5171 2164 5228 ut
2200 5186 2319 5241 qum
2358 5180 2482 5225 sunt
2522 5171 2875 5241 Ariminensis
2919 5171 3130 5225 concilii
3167 5173 3469 5241 absolvam,

1915 5245 2178 5313 episcopis
2218 5238 2362 5296 illius
2406 5239 2648 5303 concilii,
2671 5239 2744 5313 ob
2775 5238 2978 5313 lapsum
3016 5241 3149 5313 adeo
3187 5240 3471 5313 lugendum

1918 5307 2183 5368 hiereséos
2212 5320 2393 5365 notam
2439 5324 2543 5362 non
2586 5325 2704 5363 esse
2733 5307 3048 5360 inurendam
3093 5307 3473 5366 dissertatione

1917 5382 2169 5451 peculiari
2199 5380 2432 5435 ostendit
2458 5377 2661 5451 Natalis
2683 5374 2985 5451 Alexander
3007 5377 3201 5432 smculo
3230 5394 3303 5432 tv.

1990 5452 2232 5529 Liberins
2275 5464 2423 5529 papa“
2443 5446 2775 5529 Ariminensi
2795 5444 3021 5529 concilio
3051 5460 3472 5529 cassato,_gene-_

1920 5519 2053 5573 ralia
2079 5519 2144 5572 ad
2169 5514 2369 5573 Christi
2395 5516 2578 5569 ﬁdeles
2601 5514 2814 5586 decreta
2841 5514 3006 5579 misit,
3027 5530 3145 5586 quae
3171 5514 3389 5586 quidem
3408 5518 3476 5570 ad

1920 5604 2017 5643 nos
2044 5603 2151 5658 non
2176 5584 2675 5658 pervenerunt,_s_ed
2699 5585 3111 5658 eo_rum_mentio
3135 5584 3219 5642 est
3248 5587 3301 5640 in
3352 5589 3472 5658 epi-

1920 5657 2056 5713 stola
2081 5650 2260 5711 Siricii
2297 5667 2445 5724 papa:
2475 5652 2550 5733 ad
2572 5651 2864 5733 liimerium
2887 5650 3476 5733 Tarraconensemepi-

1924 5741 2142 5795 scopum
2160 5741 2299 5780 anno
2316 5725 2693 5777 trecentesimo
2705 5725 3035 5790 octogesimo
3049 5725 3233 5793 quinto
3258 5726 3401 5787 scrip
3426 5741 3473 5784 ει,
