4056 6310
492 367 561 423 59
1277 419 1284 427 _
1644 364 2005 420 ANASTASll
2043 362 2583 426 BIBLIOTIIECARII
3654 362 3725 417 Ct)

492 491 630 536 esse,
664 484 721 530 ut
757 475 1119 537 ostendamus,
1146 482 1344 543 quanta
1389 489 1509 528 cum
1539 475 1768 529 utilitate
1806 474 2055 529 Ecclesia:
2088 480 2128 534 Α
2161 473 2376 541 insuper
2404 473 2629 529 reddunt
2648 471 2763 543 ejus
2787 474 3084 543 sementim,
3116 472 3480 540 significantes
3502 478 3723 542 pacilice

493 543 762 612 prtefuerit
793 545 1035 598 Liberius
1072 544 1137 597 ad
1182 545 1361 596 sedem
1393 560 1542 596 suam
1578 545 1739 596 redux
1764 551 1818 595 et
1848 544 2056 595 releva-

494 624 578 666 tus
603 628 631 665 a
669 613 815 680 lapsu
847 629 1001 679 quem
1025 628 1213 680 passus
1236 612 1411 665 fuerat
1434 614 1485 665 in
1512 612 1903 680 subscriptione
1930 627 2052 665 con.

492 690 572 734 tra
598 682 966 734 Athanasium.

564 749 689 803 Post
712 750 907 802 Libet-ii
932 764 1232 816 regressum
1261 749 1310 802 in
1340 748 1556 811 Urbem,
1581 748 1804 816 contigit
1832 748 2057 801 Arimini

564 765 689 803 l’t)$t
712 765 907 802 LIDCI'II
932 765 986 800 re
1029 765 1232 803 ressnm
1261 765 1310 802 tu
1344 765 1556 811 urbem,
1581 765 1804 816 contigit
1832 765 2057 801 nrtmtm

493 816 903 871 conciliabulum
930 765 1208 871 celebrari.
1234 819 1415 884 Neque
1440 818 1581 870 enim
1610 817 1818 870 concilii
1844 817 2057 870 nomine

494 886 680 939 donari
717 894 891 954 potest
918 897 1213 941 conventus
1247 887 1648 954 episcoporum,
1691 884 1841 954 cujus
1883 900 2057 952 neque

492 953 803 1005 convocatio
824 993 838 1015 ,
870 968 1043 1020 neque
1069 952 1389 1016 celebratio,
1421 952 1592 1022 neque
1617 952 1794 1008 exitus‘
1823 953 2055 1021 legitime

494 1021 774 1088 processit.
820 1022 1116 1089 Imperator
1150 1024 1240 1091 qui
1284 1021 1617 1077 defensorem
1667 1022 1919 1091 Ecclesiae
1960 1038 2057 1086 pro

493 1105 591 1141 suo
622 1102 842 1143 munere
868 1101 1121 1158 praestare
1150 1089 1428 1155 debuerat,
1451 1091 1650 1144 oblitus
1676 1089 1905 1145 oﬂicium
1931 1106 2055 1158 pro-

495 1159 734 1229 tectoris,
772 1161 1079 1229 assumcliat
1118 1171 1298 1227 partes
1329 1160 1596 1229 pontificis
1624 1168 1679 1214 et
1723 1159 1941 1211 maximi
1972 1175 2058 1211 sa-

493 1227 725 1298 cerdotis
758 1227 857 1280 sibi
886 1228 1190 1298 nullatenus
1223 1227 1581 1298 congruentes
1607 1245 1620 1280 :
1649 1242 1819 1298 quare
1848 1235 1903 1280 et
1929 1242 2057 1298 con-

492 1295 691 1375 cili_nm_
719 1296 966 1364 generale
984 1295 1397 1375 fconvoeaver'at
1436 1299 1502 1350 ad
1532 1295 1746 1350 easdem
1794 1297 2057 1375 procellas

491 1364 775 1443 sedamlas,
805 1380 939 1443 quas
984 1367 1420 1443 ipse_excitaba_t,
1457 1364 1863 1443 arro‘gattstsi’bi
1918 1366 2057 1434 regi-

491 1432 1013 1502 menEcclesiarum.
1045 1454 1064 1485 ι
1104 1436 1201 1488 Dat
1234 1436 1538 1489 mandatum
1574 1432 1772 1502 (inquit
1806 1432 2057 1487 Sozonie-

493 1500 706 1572 nnslib.
743 1517 816 1572 tv,
847 1519 960 1571 cup.
994 1504 1082 1571 l5)
1121 1505 1388 1572 ntidcccm
1433 1500 1774 1572 episcopi’ex
1818 1504 2058 1569 partibus

491 1568 816 1634 Occidentis,
839 1583 894 1624 et
910 1568 1142 1625 'totidein
1170 1571 1423 1638 Orientis,
1447 1568 1580 1638 quos
1603 1568 1886 1625 concilium
1913 1586 2057 1624 com-

492 1639 637 1711 muni
692 1641 1294 1711 sententiatdeligeret,
1338 1641 1405 1695 ad
1450 1638 1704 1708 palatium
1750 1655 1905 1693 suum
1953 1656 2054 1693 una

491 1709 756 1779 venirent,
784 1709 991 1777 sibique
1011 1749 1025 1773 ,
1052 1709 1171 1779 qua:
1200 1711 1411 1765 decreta
1439 1718 1619 1763 essent
1640 1749 1654 1773 ,
1685 1717 2014 1779 exponerent
2037 1725 2051 1773 ;

2160 543 2240 609 agi
2276 558 2377 595 non
2425 556 2581 608 posse
2611 541 2679 593 ab
2709 542 2773 594 iis
2821 541 2910 607 qui
2956 557 3139 608 pacem
3186 543 3415 594 tollunt:
3454 550 3508 596 et
3534 557 3721 598 contra

2157 613 2370 663 eosdem
2395 610 2518 677 jure
2546 610 2871 678 clamatnras
2904 609 3169 663 Ecclesias
3206 620 3460 673 caeteras,
3490 626 3721 678 przcser-

2160 679 2251 732 tim
2285 678 2600 731 Romanam.
2639 697 2657 727 σ
2691 677 2819 730 Nam
2851 680 3117 747 quomodo
3146 680 3368 744 pacilicc
3387 677 3546 747 agere
3572 692 3725 747 pote-

2158 755 2280 799 runt
2330 748 2595 813 (scribunt
2645 748 2698 799 in
2746 746 2963 812 epistola
3014 748 3082 800 ad
3128 746 3490 801 Constantium
3534 746 3723 803 Patres

2155 816 2559 880 Ariminenses;
2589 816 2746 883 apud
2779 815 2835 869 S.
2875 816 3155 877 Athanas.,
3186 817 3248 868 de
3277 815 3503 883 Synodis
3539 827 3592 869 et
3622 818 3722 871 So~

2157 900 2363 936 zomen.
2413 883 2502 936 lib.
2555 900 2629 946 tv,
2673 900 2788 950 cap.
2839 883 2932 951 l7)
2962 886 3057 950 qui
3104 900 3288 953 pacem
3339 885 3571 937 tollunt?
3616 886 3723 940 Sed

2156 952 2332 1018 potius
2356 953 2478 1007 inde
2504 955 2903 1005 contentionem
2945 952 3412 1020 turbationemque
3432 993 3445 1015 ,
3477 963 3585 1007 tum
3631 972 3719 1008 rc-

2158 1020 2316 1086 quuis
2343 1022 2670 1082 civitatibus,
2704 1030 2813 1073 tum
2861 1020 3117 1074 Romana:
3165 1023 3282 1074 urbi
3326 1020 3650 1075 oborituras.
3696 1044 3715 1074 ι

2158 1087 2259 1141 Ubi
2313 1090 2602 1143 notandum
2660 1098 2742 1141 est
2797 1104 2890 1156 per
2949 1090 3181 1157 reliquas
3232 1090 3500 1143 Eeclesias
3564 1091 3631 1143 ibi
3689 1108 3718 1144 a

2157 1157 2743 1228 l’atribusisigniﬁcari
2794 1171 2924 1221 eas,
2982 1175 3207 1226 (piarum
3264 1175 3329 1211 ex
3388 1160 3723 1228 delegatione

2158 1241 2316 1278 nemo
2359 1227 2547 1281 aderat
2589 1227 2641 1281 in
2692 1226 2783 1280 illo
2829 1236 3117 1290 conventu,
3153 1227 3228 1281 uti
3258 1242 3364 1281 non
3390 1226 3613 1281 aderant
3653 1246 3718 1282 cx

2159 1294 2418 1347 Romana.

2228 1361 2417 1416 Veram
2444 1363 2627 1432 fuisse
2674 1363 3044 1431 episcoporum
3080 1363 3443 1431 conjecturam
3472 1364 3722 1432 probavit

2157 1441 2399 1484 eventus.
2431 1431 2665 1485 deium
2695 1446 2857 1487 morsu
2882 1432 3237 1487 Ariminensis
3262 1431 3549 1496 diuturnae,
3576 1443 3722 1488 artes

2159 1499 2607 1569 adversariorum,
2641 1500 2811 1553 exsilii
2845 1510 3038 1569 metus,
3085 1512 3140 1554 et
3185 1501 3444 1561 malorum
3476 1518 3594 1569 quae
3635 1503 3722 1555 iu-

2161 1568 2502 1637 tentahautur
2529 1586 2557 1621 a
2598 1569 2835 1637 principe
2854 1609 2868 1631 ,
2899 1568 3100 1623 inflexit
3143 1570 3347 1623 animos
3390 1571 3452 1622 ad
3483 1568 3721 1624 subscri-

2159 1636 2388 1706 bendum
2432 1636 2672 1692 formulae
2712 1636 2999 1706 atquivocis
3042 1639 3222 1694 verbis
3267 1646 3549 1702 contexttc,
3581 1641 3723 1693 unde

2160 1705 2344 1758 Ariani
2372 1715 2552 1771 postea
2583 1705 2804 1761 mutuati
2836 1715 2961 1760 sunt
2985 1708 3288 1775 praesidium
3318 1708 3517 1762 erroris
3544 1710 3625 1762 sui
3654 1710 3721 1761 ad

492 1778 558 1829 ad
585 1791 713 1858 eum.
744 1775 925 1864 linem“2
956 1788 1012 1859 ut
1042 1775 1153 1848 ipse
1173 1794 1276 1832 non
1303 1787 1647 1858 cognosceret
1667 1775 2052 1858 solumnulrum
2087 1807 2129 1864 Β
2162 1789 2341 1864 rogatu
2374 1775 2947 1864 Ecclesiae'doctripam
2977 1776 3376 1864 elintinandatn:
3414 1776 3582 1857 Roma
3604 1793 3721 1864 “non

491 1847 869 1900 convenienter
893 1846 1184 1917 Scriptura:
1205 1846 1611 1917 sacrteinterse
1631 1848 2050 1917 consensissent;

494 1928 682 1986 verum
703 1919 863 1986 etiam
891 1915 1300 1986 qnid‘optimum
1330 1916 1474 1969 factu
1504 1916 1775 1986 videretur
1798 1915 2051 1986 decerne-

490 1993 635 2054 ret.»
656 1982 857 2054 Deinde
875 1982 1235 2054 opportunum
1263 1986 1433 2049 duxit,
1464 1985 1815 2054 suadentibus
1838 1984 2054 2040 Arianis

495 2051 756 2123 Eudoxio,
781 2051 997 2123 Acaeio,
1032 2064 1160 2119 ete.,
1183 2069 1410 2123 quorum
1434 2053 1674 2123 consiliis
1703 2054 1969 2123 utebatur,
1997 2063 2055 2108 ut

490 2120 736 2191 bifariam
759 2122 1090 2191 divideretur
1107 2120 1391 2179 concilium
1418 2138 1433 2175 :
1461 2133 1514 2178 ct
1534 2122 1820 2177 orientales
1839 2124 2054 2191 quidem

491 2189 722 2258 episcopi
753 2190 1026 2255 Seleneize,
1056 2193 1416 2247 occidentales
1451 2207 1576 2247 vero
1599 2191 1827 2244 Arimini
1857 2189 2053 2246 conve-

497 2258 695 2332 nirent.
722 2277 739 2309 4
764 2258 1066 2332 Scribitquc
1091 2262 1378 2332 imperator
1400 2261 1664 2331 episcopis
1682 2260 1844 2332 (teste
1867 2261 2055 2332 eodem

495 2325 794 2399 Strzomeno
824 2329 911 2383 ubi
934 2325 1110 2399 supra,
1138 2325 1340 2398 tiecnnp
1373 2325 1632 2384 Atlianas.
1656 2325 1719 2382 de
1749 2328 1974 2399 Synod.)
2000 2339 2059 2383 ut

493 2397 721 2469 primum
757 2399 820 2450 de
850 2399 950 2461 his,
983 2397 1101 2466 qute
1131 2400 1182 2453 in
1225 2397 1326 2452 lide
1356 2400 1603 2469 ambigua
1632 2397 2055 2454 viderentnrde-

492 2464 765 2530 ciderent;
794 2469 860 2548 ad
884 2464 1183 2535 extremum
1210 2483 1399 2548 causas
1426 2464 1796 2548 episcoporum
1818 2469 1906 2535 qui
1929 2483 2061 2536 que-
2092 2506 2103 2519 .

492 2546 769 2608 rerentur,
805 2537 1186 2605 disceptarent,
1232 2538 1405 2606 deque
1449 2537 1771 2608 ct'iminibus
1810 2548 2058 2608 accurate

483 2603 876 2676 jndicarent...‘.
924 2603 1188 2676 rebusque
1227 2603 1475 2661 omnibus
1503 2605 1805 2676 dijudicatis
1829 2645 1842 2670 ,
1870 2606 2055 2660 decem

493 2672 771 2744 utriusque
796 2676 966 2744 partis
993 2676 1058 2729 ad
1086 2672 1260 2729 aulam
1283 2672 1620 2738 accederent,
1642 2675 1732 2743 qui
1751 2715 1766 2738 ,
1795 2690 1913 2744 qua:
1937 2684 2057 2730 acta

490 2749 687 2812 essent.
722 2742 820 2809 ipsi
849 2744 1243 2812 renuntiarent.
1280 2764 1297 2795 ι
1332 2745 1408 2798 lla
1433 2759 1621 2812 nempe
1646 2742 1701 2797 et
1730 2744 1780 2796 in
1809 2742 2058 2812 praescri-

492 2807 679 2881 bendis
709 2807 1166 2881 conciliolegibus
1193 2829 1351 2881 super
1380 2807 1600 2867 materia
1623 2822 1677 2865 et
1705 2807 1892 2865 ordine
1916 2813 2058 2881 judi-

495 2876 585 2935 cii,
623 2892 828 2949 necnon
860 2880 910 2949 in
938 2876 1160 2946 judicati
1198 2876 1358 2934 causa
1388 2882 1454 2933 ad
1482 2897 1539 2935 se
1573 2876 1934 2949 pertrahenda
1964 2897 2056 2936 su-

494 2946 663 3018 premi
690 2946 743 2998 in
773 2948 1011 3002 Ecclesia
1030 2948 1227 3016 judicis
1249 2961 1428 3016 partes
1455 2946 1917 3018 ipsc'assumcbat.

523 3014 776 3093 .Ccrtum
804 3014 1181 3093 est_Liberium
1220 3014 1412 3093 papam
1453 3014 1626 3093 neutri
1655 3018 1883 3093 concilio
1924 3018 2057 3072 asti-

497 3086 657 3147 tisse;
689 3086 1133 3153 quemadmodum
1167 3086 1248 3141 est
1282 3089 1640 3142 certissimum
1667 3088 1840 3141 eidem
1864 3104 2056 3141 convo-

492 3153 688 3207 cationi
728 3171 832 3207 non
861 3158 1198 3211 consensisse
1228 3166 1332 3211 tam
1378 3157 1616 3211 ridiculis
1660 3156 2056 3219 conditionibus

492 3224 781 3295 propositis
833 3225 901 3280 ab
957 3225 1281 3294 imperatore
1331 3225 1665 3280 Constantio.
1720 3224 1827 3279 Sed
1883 3241 2054 3295 neque

490 3289 715 3369 opinari.
750 3289 1065 3369 possumus,
1116 3294 1466 3369 Vincentium
1501 3295 1844 3369 Capuanum,
1897 3289 2055 3369 quem

490 3359 675 3412 dicunt
703 3359 1009 3417 interfuisse
1047 3365 1333 3418 conventui
1376 3359 1737 3427 Ariminensi,
1772 3364 1823 3417 in
1866 3359 2054 3418 eodem

491 3436 634 3503 coetu
673 3431 906 3503 astitisse
958 3440 1215 3503 tanquam,
1256 3434 1485 3503 legatum
1526 3434 1668 3487 sedis
1714 3433 2049 3503 apostolicae,

489 3497 632 3564 quod
662 3501 988 3555 recentiores
1022 3497 1259 3572 nonnulli
1295 3497 1463 3572 g‘ratis
1491 3497 1792 3572 assumunt.
1823 3501 1878 3555 ιη
1912 3511 2055 3555 utro-

490 3580 596 3645 que
621 3581 872 3645 cdttsessu
915 3571 1107 3639 agendi
1150 3571 1430 3645 [aetherius
1450 3571 1531 3625 ita
1558 3579 1676 3624 erat
1707 3571 1880 3645 aliena
1909 3586 1937 3623 a
1970 3588 2055 3645 re-

489 3634 627 3708 gulis
654 3635 895 3708 Patrum,
924 3634 1001 3693 itit
1044 3640 1189 3694 credi
1231 3634 1450 3695 ininime
1496 3649 1675 3708 posset
1715 3641 1952 3708 synodus
2001 3642 2053 3694 itt

488 3702 695 3778 Christi
714 3710 927 3762 nemine
952 3720 1269 3778 congregata
1300 3749 1313 3773 ,
1344 3724 1441 3763 nec
1470 3702 1693 3776 proinde
1723 3702 1787 3761 ex
1819 3710 2053 3762 auctori-

490 3780 600 3846 tate
626 3774 766 3846 illius
792 3778 881 3846 qui
920 3774 1288 3833 vices'Cb'risti
1326 3774 1531 3832 Domini
1577 3780 1628 3832 in
1674 3778 1911 3832 Ecclesia
1957 3796 2051 3832 sua

486 3843 825 3921 ger-itahlissi
847 3848 915 3921 ab
951 3849 1191 3921 Augusto
1232 3864 1327 3918 per
1353 3849 1653 3921 provincias
1686 3848 1922 3921 magistri
1944 3850 2052 3921 ofﬁ-

486 3910 641 3985 ciales
668 3914 749 3985 (ut
775 3916 970 3970 iudicat
993 3910 1139 3984 Sdlp.
1160 3910 1411 3981 Sc'vcrus,
1442 3917 1577 3970 "ist.
1604 3917 1692 3970 lib.
1720 3910 1810 3982 xx)
1834 3910 2049 3985 quidam

487 3980 650 4055 etiam
680 3980 909 4055 illorum
954 3980 1113 4039 illecti
1154 4002 1246 4055 spe
1291 3987 1653 4055 consulatus,
1679 3986 1721 4037 si
1775 3980 1880 4037 non
1927 3996 2052 4045 ante

485 4049 738 4104 collectos
764 4053 1095 4122 dimitterent
1125 4049 1282 4122 quam
1316 4056 1367 4107 in
1400 4070 1558 4107 unam
1591 4054 1746 4106 (idem
1773 4055 2048 4107 conscnti~

488 4126 628 4179 rent,
660 4120 947 4174 satellitum
978 4138 1127 4175 more
1146 4120 1262 4176 non
1305 4131 1509 4176 tantum
1541 4123 1742 4175 accitos
1768 4123 1859 4175 sed
1888 4124 2048 4177 etiam

488 4194 686 4259 tractos
710 4189 1124 4259 quadringentos
1161 4200 1216 4247 et
1246 4192 1473 4257 amplius
1497 4191 1773 4258 episcopos
1804 4190 2052 4247 occiden-

486 4253 869 4329 talesArimini
895 4253 1306 4329 etingegarunt.
1333 4253 1543 4314 Taurus
1564 4253 1693 4313 vero
1719 4276 1783 4312 ex
1808 4260 1911 4313 illis
1940 4277 2050 4315 ma~

483 4322 666 4407 gistris
691 4328 985 4407 praecipuus
1002 4322 1177 4383 Velini
1198 4331 1303 4407 sub
1334 4330 1576 4407 custodia
1615 4330 1885 4407 detinebat
1911 4348 2046 4398 prte-

482 4391 657 4469 sules,
686 4391 750 4448 ne
772 4391 892 4469 quis
923 4397 1144 4469 illorum
1172 4400 1322 4468 prius
1350 4400 1472 4453 inde
1508 4398 1854 4461 dilaberetur,
1888 4391 2047 4467 quam

484 4466 537 4512 in
558 4467 885 4536 sententiam
926 4466 1185 4534 principis
1207 4469 1632 4536 subscripsisset.

554 4530 619 4582 Et
639 4533 892 4606 catholici
926 4530 1141 4603 quidem
1181 4530 1432 4605 episcopi
1463 4546 1770 4591 constanter
1798 4550 2043 4606 egerunt,

484 4612 588 4678 per
602 4600 818 4678 aliquod
839 4600 1065 4678 tempus,
1093 4600 1388 4678 praesertim
1412 4605 1654 4678 Arimini,
1681 4606 1768 4661 ubi
1793 4600 2047 4662 nolueras

480 4673 657 4747 potior
693 4686 759 4747 ex
808 4673 935 4747 ipsis
967 4675 1410 4747 constituebatur.
1448 4675 1824 4747 Verumtamen
1877 4677 1929 4729 in
1981 4694 2044 4731 ea

480 4739 712 4792 statione
733 4739 913 4794 lassati
944 4743 1362 4807 succubuerunt,
1384 4752 1438 4797 et
1465 4743 1645 4797 infelix
1669 4745 2044 4800 documentum

482 4816 767 4886 evaserunt
816 4812 1124 4886 posteritati
1148 4811 1265 4886 ejus
1302 4814 1608 4886 axiomatis,
1641 4814 1780 4881 quod
1813 4815 2046 4883 Spiritus

479 4875 679 4929 Christi
726 4875 938 4932 mentiri
984 4875 1194 4934 nescius
1242 4882 1295 4934 in
1344 4882 1522 4935 medio
1550 4875 1734 4935 earnm
1766 4875 1871 4937 non
1914 4888 2038 4940 resi~

478 4943 662 5024 deret;
692 4960 812 5024 cum
838 4950 970 5024 _sine
1016 4950 1268 5004 Ecclesizc
1298 4955 1471 5024 capite
1510 4954 1815 5024 congregati
1847 4970 2043 5024 reprze-

476 5023 693 5089 sentare
723 5017 940 5089 minime
968 5028 1187 5087 possent
1211 5017 1404 5089 corpus
1436 5017 1705 5075 Ecclesiae.

547 5084 800 5153 Quisquis
846 5084 1026 5158 itaque
1068 5098 1237 5144 sanus
1268 5084 1324 5144 et
1350 5092 1678 5144 orthodoxas
1719 5093 2042 5147 Ariminensi

478 5152 530 5205 in
563 5164 707 5228 cultu,
730 5152 1011 5225 snpererat
1043 5160 1285 5228 prmvidit
1316 5160 1468 5213 facile
1492 5176 1600 5228 quo
1633 5164 1913 5215 tenderent
1940 5164 2041 5215 im-

475 5227 742 5289 peratoris
788 5227 1052 5291 consilia,
1093 5237 1147 5283 et
1194 5230 1371 5296 qualis
1421 5227 1643 5286 futurus
1682 5241 1824 5284 essm
1869 5232 2044 5284 exitus

474 5296 895 5370 cottvocationis.
941 5297 1220 5370 Catholici
1254 5298 1441 5370 falsam
1482 5299 1803 5370 Arianorum
1854 5314 2039 5366 pacem

475 5360 608 5412 nihil
642 5363 924 5435 habentes,
956 5376 1011 5421 et
1054 5367 1366 5435 promissam
1394 5367 1462 5419 ab
1507 5369 1816 5421 cot'uattlettt
1854 5360 2042 5434 prote-

474 5436 633 5507 ctore
650 5430 901 5507 Ecclesia:
933 5430 1396 5507 tranquillitatem,
1429 5437 1537 5490 cito
1556 5430 1887 5503 judicarunt,
1919 5452 2040 5491 cum

476 5498 720 5576 hostibus
750 5504 990 5576 veritatis
1022 5498 1221 5576 mittam
1256 5498 1573 5576 iniriposse'
1597 5521 1777 5559 veram
1811 5498 2040 5561 concor~

472 5567 636 5647 diam,
663 5584 783 5647 cum
812 5572 1006 5647 nullam
1037 5575 1323 5628 adtnissuri
1349 5567 1532 5629 essent
1559 5576 1742 5629 Ariani
1773 5576 1886 5629 sine
1916 5578 2040 5629 sub-

472 5638 718 5714 versionc
740 5638 990 5714 justitite;
1022 5652 1077 5695 et
1102 5654 1287 5711 aperte
1315 5647 1726 5714 prommtiarunt
1754 5661 1849 5713 pro
1872 5647 2037 5700 veteri

473 5706 577 5760 title
634 5722 733 5776 per
782 5707 1053 5765 Nicaenam
1104 5706 1362 5781 sj'noduin
1416 5706 1766 5770 conlirmata.‘
1809 5714 2036 5771 Causam

2160 1842 2329 1914 defuit
2350 1845 2467 1914 suis
2492 1844 2734 1914 partibus
2756 1844 2929 1914 valide
2971 1860 3032 1898 se
3070 1846 3370 1914 opponendi
3400 1846 3724 1899 novitatibus

2160 1912 2508 1983 perniciosis;
2537 1921 2593 1967 et
2619 1913 2815 1983 Liberii
2847 1912 3127 1969 successor
3144 1912 3204 1969 in
3228 1930 3327 1969 sua
3354 1914 3621 1983 Synodica
3650 1917 3723 1968 ad

2158 1980 2489 2053 Illyricianos
2523 1983 2686 2053 (apud
2710 1981 3051 2047 Theodoret.,
3080 1985 3173 2038 lib.
3203 1999 3273 2048 ιι,
3301 1980 3420 2051 cap.
3452 1984 3542 2052 (ἐξ)
3573 1999 3721 2038 asse-

2156 2058 2306 2103 verat
2352 2052 2493 2119 quod
2527 2052 2544 2102 i
2580 2066 2838 2122 numerus
2875 2054 3216 2119 quantumvis
3245 2069 3482 2122 magnus
3505 2054 3719 2120 episcoo

2157 2134 2343 2240 porum
2373 2122 2464 2188 qui
2493 2128 2650 2174 erant
2674 2120 2900 2174 Arimini
2930 2123 3256 2201 congregati,
3286 2120 3581 2201 prtejudicii
3609 2125 3718 2177 vim

2178 2189 2357 2240 labere
2380 2205 2485 2240 non
2510 2190 2687 2240 debet.
2716 2200 3010 2240 nrmscrtim
3041 2207 3160 2240 cum
3210 2189 3436 2240 formula
3464 2191 3549 2240 illa
3578 2207 3718 2240 com-

2178 2189 2357 2242 tabcre
2380 2205 2485 2243 non
2510 2190 2687 2255 debet,
2716 2190 3010 2257 prmscrtim
3040 2189 3160 2245 cum
3210 2189 3436 2244 formula
3464 2191 3549 2244 illa
3578 2207 3727 2244 com-

2158 2258 2332 2323 posita
2360 2259 2450 2323 sit,
2481 2273 2652 2328 neque
2681 2258 2931 2328 episcopo
2959 2258 3220 2324 Romano,
3264 2259 3413 2328 cujus
3456 2262 3722 2315 sententia

2160 2341 2267 2393 prae
2293 2328 2504 2382 caeteris
2547 2327 2796 2382 omnibus
2824 2329 3181 2396 exspectanda
3212 2327 3355 2389 erat,
3385 2344 3558 2396 neque
3588 2328 3717 2382 Vin-

2159 2397 2356 2459 centio,
2387 2397 2478 2469 qui
2526 2406 2604 2469 tot
2645 2397 2800 2459 annis
2826 2399 3187 2469 episcOpatum
3221 2399 3426 2467 integre
3460 2408 3720 2469 gesserat,

2158 2480 2331 2532 neque
2355 2466 2473 2520 aliis
2502 2467 2676 2520 eidem
2699 2467 3175 2523 consentientibus.
3211 2485 3228 2520 ι

2230 2533 2353 2587 llaec
2380 2535 2583 2589 Liberii
2625 2536 2926 2589 constantia
2957 2545 3143 2589 contra
3185 2550 3305 2590 eum
3346 2535 3591 2590 accendit
3618 2535 3721 2588 itc-

2159 2617 2278 2656 rttnt
2321 2603 2644 2658 Arianorum
2689 2604 3130 2672 persecutionem.
3161 2605 3486 2659 Potestatetn
3527 2605 3593 2658 ab
3624 2606 3722 2657 int-

2160 2680 2409 2738 pcratore
2439 2673 2779 2727 obtinuerant
2823 2673 3173 2742 compellendi
3210 2688 3398 2727 omnes
3444 2673 3723 2741 episcopos

2160 2741 2226 2793 ad
2255 2742 2699 2796 subscribendum
2727 2742 2847 2796 fidei
2891 2741 3131 2795 formulae
3156 2759 3185 2796 a
3216 2759 3274 2796 se
3297 2750 3598 2806 contextae;
3628 2758 3722 2796 eos

2162 2824 2286 2878 vero
2315 2811 2404 2878 qui
2440 2812 2750 2865 resisterent
2779 2811 3029 2866 Ecclesiis
3064 2812 3403 2865 cxtnrbandi.
3432 2810 3721 2864 Exordium

2160 2876 2388 2933 licentia:
2416 2880 2515 2934 fuit
2533 2888 2720 2933 contra
2750 2881 3056 2949 episcopum
3084 2879 3384 2934 Romanum
3423 2879 3717 2949 Liberium,

2159 2948 2248 3019 cui
2273 2962 2492 3019 necesse
2520 2948 2621 3003 fuit
2652 2949 2702 3001 in
2732 2948 2947 3018 cryptas
2971 2959 3278 3019 martyrum
3306 2964 3423 3019 sese
3461 2948 3720 3016 recipere,

2162 3016 2250 3068 ubi
2283 3017 2458 3072 clerus
2502 3033 2623 3071 eum
2667 3016 3037 3080 conveniebat,
3089 3016 3154 3071 ad
3200 3016 3602 3071 deliberandum
3654 3019 3721 3073 de

2162 3083 2414 3139 Ecclesia:
2439 3088 2868 3156 necessitatibus;
2904 3088 3161 3141 Secunda:
3189 3086 3345 3153 hujus
3389 3087 3718 3156 expulsionis

2159 3170 2225 3225 ac
2269 3169 2511 3210 recessus
2550 3155 2746 3210 Liberii
2786 3166 2995 3225 veteres
3033 3156 3417 3212 meminerunt.
3458 3155 3722 3225 praecipue

2162 3224 2530 3288 Sozomcnns,
2582 3225 2672 3292 qui
2730 3241 2909 3278 veram
2957 3224 3193 3291 ejusdem
3245 3224 3501 3292 cpoelta-In
3557 3227 3718 3277 etiam

2158 3293 2356 3363 signat,
2386 3293 2510 3363 licet
2536 3294 2624 3347 alii
2654 3295 2943 3363 scriptores
2972 3295 3146 3349 minus
3172 3296 3409 3348 accurati
3439 3308 3720 3363 perperam

2157 3362 2302 3482 uiam
2334 3362 2661 3419 confundant
2694 3362 2815 3418 cuin
2842 3365 3006 3433 priori
3035 3364 3225 3417 exsilio
3267 3364 3535 3432 pontificis
3579 3364 3720 3432 apud

2203 3448 2404 3482 eroam.

2203 3448 2404 3485 eroam.
2573 3483 2576 3486 .

2228 3500 2479 3555 Nonnihil
2512 3501 2767 3569 temporis
2811 3503 2910 3555 hoc
2938 3502 2989 3554 in
3020 3500 3240 3554 latibulo
3265 3499 3416 3553 duxit
3451 3500 3719 3562 Liberius,

2158 3571 2326 3624 donec
2377 3570 2576 3623 electus
2622 3573 2908 3637 imperator
2948 3570 3192 3631 Julianus
3236 3569 3290 3621 in
3346 3571 3460 3637 ipso
3508 3570 3718 3636 imperii

2156 3639 2379 3692 exordio
2425 3640 2669 3708 permisit
2706 3640 2971 3708 episc0pis
3015 3654 3043 3693 a
3074 3639 3390 3693 Constantio
3434 3638 3717 3692 decessore

2157 3723 2253 3761 suo
2282 3707 2517 3774 expulsis
2565 3718 2658 3761 aut
2703 3707 2755 3761 in
2799 3708 3043 3762 exsilium
3074 3709 3209 3762 actis
3238 3708 3465 3761 reditum
3502 3709 3568 3760 ad
3596 3723 3720 3776 pro-

2156 3777 2300 3844 prias
2329 3777 2502 3841 sedes.

2224 3846 2403 3898 Prima
2433 3845 2631 3899 Libet-ii
2662 3861 2789 3900 cura
2819 3847 2869 3899 in
2898 3845 2997 3897 hac
3026 3844 3250 3899 malacia
3282 3842 3379 3897 fuit
3405 3844 3711 3898 amnistiam

2154 3914 2460 3982 generalem
2508 3916 2717 3969 edicere
2757 3926 2813 3968 et
2849 3914 3141 3967 concedere
3171 3913 3455 3982 episcopis,
3508 3915 3598 3982 qui
3650 3915 3717 3965 ab

2154 3983 2371 4037 Arianis
2399 3984 2748 4036 circumventi
2780 3984 3015 4050 captioso
3055 3984 3366 4036 earumdem
3408 3982 3716 4036 fortnulario

2155 4053 2602 4132 subscripserunt:
2629 4052 2963 4132 E_t_tcyt~l.c_a_m
2990 4053 3150 4132 igitur
3178 4050 3458 4132 epistolam
3483 4052 3627 4132 dedit
3649 4053 3714 4105 ad

2153 4120 2431 4189 episcopos
2459 4136 2554 4186 per
2585 4120 2808 4182 Italiam,
2836 4122 2922 4174 ubi
2948 4120 3251 4176 cdissercns
3278 4120 3343 4173 ad
3372 4120 3713 4189 apostolicam

2153 4191 2526 4244 auctoritatem
2571 4205 2723 4243 suam
2770 4191 3065 4258 pertinere,
3114 4199 3170 4243 ut
3211 4190 3389 4243 omnia
3441 4190 3713 4243 moderate

2154 4261 2465 4328 perpendat,
2494 4270 2547 4313 et
2578 4261 2629 4312 in
2663 4259 2921 4319 malorum
2950 4260 3256 4315 auctoribus
3292 4258 3714 4312 condemuandis

2155 4329 2539 4384 misericordiae
2574 4345 2679 4381 non
2716 4330 2976 4393 oblivisci,
3017 4330 3314 4398 prtescrtim
3347 4343 3471 4397 erga
3502 4342 3595 4380 eos
3624 4328 3714 4394 qui

2151 4400 2506 4468 pneoccupati
2552 4399 2844 4468 ignorantia
2901 4397 3028 4452 cum
3070 4397 3412 4468 admisissent
3454 4410 3711 4468 errorem,

2152 4467 2457 4543 apostolicis
2499 4465 2718 4543 vocibus
2762 4469 2981 4543 excitati
3025 4469 3090 4519 ab
3136 4467 3257 4543 illo,
3310 4465 3710 4543 resipiscerent.

2151 4532 2256 4591 llus
2289 4536 2432 4589 enim
2481 4538 2687 4592 restitui
2732 4539 2952 4591 mandat
2994 4537 3223 4604 propriis
3252 4535 3487 4604 sedibus.
3528 4532 3713 4585 Verum

2145 4608 2191 4658 si
2239 4606 2427 4669 aliquis
2474 4607 2599 4659 nolit
2650 4608 2941 4659 converti...
2990 4603 3191 4658 auctori
3245 4603 3477 4672 per/illiw
3521 4604 3713 4672 per/ide

2144 4676 2421 4735 deputatus
2454 4675 2699 4729 Ecclesia:
2726 4675 2994 4729 catholica:
3036 4671 3257 4743 spiritali
3307 4671 3711 4743 t‘igOl:§__Pl(_ZCItt-

2145 4746 2440 4865 turr(episti
2475 4744 2673 4799 Liberii
2697 4746 2766 4797 ad
2787 4745 3049 4812 episcopos
3065 4739 3225 4806 Ἰιαιη
3261 4739 3399 4811 apud
3428 4739 3709 4800 llilarinm,

2146 4829 2199 4865 tn
2248 4829 2414 4865 raam.
2452 4853 2463 4865 .

2146 4829 2199 4866 ΙΙΙ
2225 4829 2463 4866 ΙΙὮΗΙΙΙΛ.

2225 4817 2414 4866 fratrm.
2452 4853 2463 4865 .

2216 4817 2695 4948 licaietit)tempore
2744 4880 2920 4950 habita
2962 4889 3045 4934 cst
3090 4875 3709 4950 synodusAlcxandrite,

2146 4952 2234 5005 ubi
2266 4953 2467 5021 pariter
2488 4946 2827 5021 declaratum
2845 4949 2965 5021 fuit,
2993 4950 3058 5021 ad
3082 4946 3512 5021 consecutionem
3545 4946 3713 4998 venite

2145 5016 2279 5075 esse'
2316 5020 2674 5075 admittendos
2719 5027 2775 5072 et
2816 5019 2868 5070 in
2903 5018 3252 5085 dignitatibus
3283 5016 3529 5070 Ecclesia:
3579 5029 3712 5080 quas

2145 5091 2458 5144 obtinebant
2513 5086 2936 5142 manutenendos
2998 5100 3119 5141 esse
3162 5087 3251 5153 qui
3308 5101 3410 5139 non
3465 5094 3712 5153 auctores

2147 5160 2388 5221 fuissent,
2416 5158 2510 5231 sed
2547 5157 2893 5231 necessitate
2918 5172 2982 5211 ac
3024 5149 3272 5231 violentia
3309 5152 3585 5231 compulsi.
3624 5149 3713 5231 Vi-

2146 5245 2258 5299 sum
2287 5239 2380 5299 est,
2416 5225 2604 5294 inquit,
2635 5226 2738 5299 illis
2768 5227 2994 5299 quidem
3017 5241 3127 5299 esse
3167 5225 3531 5299 ignoscendum
3558 5231 3621 5299 “et
3658 5225 3712 5299 iit

2144 5298 2268 5348 cieri
2319 5290 2868 5349 locum—restituendos
2926 5296 3055 5363 (vid.
3107 5290 3264 5363 epist.
3317 5290 3592 5363 Athanasii
3643 5290 3712 5342 ad

2147 5365 2368 5433 lla/fiunt
2415 5364 2550 5433 apud
2599 5365 2788 5418 concil.
2831 5358 3027 5418 Nicicu.
3061 5358 3372 5433 "factione
3412 5360 3483 5426 1).
3517 5358 3712 5421 Quem-

2145 5427 2423 5486 admodum
2448 5427 2573 5487 Ἰηιξε
2601 5445 2647 5488 et
2684 5434 2899 5486 Romam
2926 5432 3118 5499 scripta
3144 5440 3286 5495 stmt,
3321 5427 3712 5495 Romanumque

2148 5502 2636 5574 Ecclesium‘omnia
2667 5501 3026 5574 comprobasse
3051 5510 3272 5574 constat,
3456 5564 3489 5574 Α
3530 5565 3540 5574 _
3646 5564 3654 5574 .

2213 5571 2546 5625 Credendum
2573 5582 2675 5633 est,
2709 5564 3038 5623 visitationcs
3071 5569 3425 5623 Ecclesiarum
3451 5564 3713 5627 Orientis,

2145 5659 2279 5708 quas
2314 5651 2437 5692 tunc
2463 5640 2710 5694 obierunt
2740 5638 3002 5692 Eusebius
3030 5636 3712 5708 Vcrccllensiscpiscopus,

2146 5704 2193 5765 ei
2252 5710 2459 5763 Lucifer
2504 5710 2871 5771 (Ialaritanus,
2922 5717 2974 5760 et
3019 5713 3169 5761 actus
3210 5704 3598 5774 jnrisdiclionis
3647 5704 3713 5763 ab
