4056 6310
210 364 328 422 169

903 361 1222 421 HISTORIA
1261 363 1347 419 DE
1377 361 1554 418 Vl'l‘lS
1595 361 1759 418 ROM.
1801 359 1999 419 ΡΟΝΤ.
2037 390 2112 404 -
2145 360 2206 417 S.
2245 359 2702 419 INNOCENTIUS

3346 365 3480 420 ΠΟ·

203 478 580 537 sollicitudine
635 478 874 551 invigilat
913 479 966 551 in
1005 477 1298 551 Occidente
1346 486 1456 530 tum
1494 476 1788 551 disciplina
1814 474 1971 546 Aius
2015 477 2441 551 ecclesiasticum
2470 477 2538 531 de
2565 476 2902 551 laliefactatis
2935 479 3118 535 causis
3164 489 3310 543 eum,
3355 484 3450 551 qui

199 551 527 628 apostolica
575 563 674 628 per
721 546 1020 628 decretales
1065 547 1322 628 epistolas
1366 546 1782 628 eopserv'andao,

201 613 322 672 tum
387 619 512 672 fidei
569 613 846 672 catholica
901 613 1122 685 puritati
1151 631 1180 669 a
1210 614 1446 672 Calestii
1499 629 1563 685 ac
1590 613 1787 685 Pelagii

196 687 619 755 contagionibus
666 684 910 740 arcenda
935 700 999 738 ac
1043 687 1330 740 liberanda
1357 701 1384 755 :7
1405 691 1466 736 ut
1501 684 1692 755 triplici
1720 698 1788 737 ex

196 770 336 834 cura
374 753 627 818 unitatis,
656 756 973 834 disciplina,
1012 770 1076 834 ac
1101 755 1222 834 fidei
1251 754 1547 834 per-“ipsum
1590 753 1787 834 ubique

200 833 481 878 terrarum
509 825 749 879 exercita
792 821 990 877 revera
1023 824 1229 877 dicatur
1254 821 1285 876 a
1329 821 1784 885 Bibliotliecario;

191 890 353 960 Fecit
378 895 722 948 constitutum
747 895 812 947 de
836 892 1090 960 Ecclesia.
1123 891 1198 946 De
1219 892 1389 960 prima
1413 891 1636 960 unitatis
1657 905 1787 944 cura

190 959 471 1017 hactenus
519 971 698 1016 aetum
746 971 833 1016 est
876 962 928 1015 in
980 959 1132 1016 Notis
1178 959 1407 1014 Semicr.
1463 959 1539 1014 De
1576 961 1786 1014 duobus

191 1033 473 1154 ﬁroximis
510 1047 632 1113 qua
679 1041 976 1100 sequuntur
1039 1031 1373 1083 extraximus
1426 1043 1494 1083 ex
1542 1028 1783 1099 ejusdem

245 1111 339 1154 ist.
377 1102 564 1154 domn.
594 1101 685 1154 lib.
718 1116 790 1154 iv.
822 1115 941 1154 can.
967 1099 1021 1154 8.
1047 1101 1100 1154 9.
1143 1117 1163 1150 ι

245 1104 339 1154 ist.
377 1099 564 1172 dogni.
594 1101 685 1183 lib:
718 1099 790 1166 iv,
822 1099 1100 1180 cap.'8,_9.
1143 1117 1163 1150 ι
1269 1167 1282 1179 .
1375 1165 1388 1179 ν
1426 1166 1439 1178 ο
1601 1166 1612 1178 ι

245 1171 349 1247 Ἐκ
410 1185 532 1240 cap.
580 1171 781 1247 {circa
809 1169 1170 1247 “disciplinam
1221 1167 1478 1247 Ἶιςιιιειρ
1529 1180 1783 1237 episcopo

191 1235 628 1308 Moma'gensi
655 1239 708 1319 in
729 1237 914 1319 Galliis
933 1235 1518 1319 ﬁ‘Bomana_Ecclesia
1537 1235 1782 1290 norman

190 1307 536 1379 magnopere
575 1307 864 1389 postulanti
913 1307 1157 1388 digestas
1191 1307 1313 1358 vita
1337 1315 1392 1359 et
1420 1319 1628 1384 morum
1658 1319 1784 1385 pro-

188 1377 463 1454 babilium
519 1377 828 1454 disciplinas
871 1383 1186 1454 transmittit
1223 1374 1566 1454 lniipceutius
1609 1373 1779 1444 (epist.

185 1446 247 1512 2)
271 1447 404 1500 suis
429 1442 771 1515 litteris,'per
815 1460 950 1514 quas
987 1447 1270 1515 advertant
1298 1442 1661 1515 Ecclesiaruiu
1692 1458 1778 1515 re-

221 1516 396 1578 ionis,
428 1515 628 1584 inquit,
653 1512 847 1570 vestra
861 1515 1060 1583 populi,
1091 1513 1286 1582 quibus
1311 1513 1474 1584 rebus
1500 1521 1555 1584 et
1583 1512 1782 1584 regulis

232 1581 638 1639 bristianorum
672 1586 779 1638 vita
823 1581 877 1636 iii
912 1581 1009 1638 sua
1044 1581 1303 1652 cujusque
1325 1581 1658 1652 professiope
1685 1582 1778 1635 ile-

188 1655 318 1708 beat
351 1655 638 1708 conteneri
663 1653 979 1723 {qualisque
1005 1649 1407 1723 observatur'in
1426 1651 1572 1707 urbis
1596 1649 1778 1723 Roma

184 1723 451 1793 ccciesiis
505 1718 802 1793 disciplina.
846 1718 962 1793 Erit
1005 1721 1310 1776 dilectionis
1338 1718 1776 1793 tiiaperhplebes

1891 559 1996 617 neri
2019 545 2338 617 defenderit,
2368 557 2625 616 prastare
2649 548 2950 617 compellat.
2986 565 3004 599 i

1959 614 2170 669 Referri
2201 614 2382 684 potest
2396 617 2537 670 inter
2563 614 2852 670 constituta
2882 618 2946 670 de
2971 616 3254 686 disciplina
3282 619 3446 674 etiam

1887 683 2179 756 vicaria_tus
2202 683 2482 756 apostolici
2508 700 2604 756 per
2631 685 2897 756 Illyricum
2937 683 3452 756 iteratagdeclaratio
3493 750 3496 756 ,

1885 763 1942 806 et
1968 754 2321 808 confirmatio.
2344 754 2550 809 Collat'a
2595 756 2826 823 primum
2874 755 3050 809 fuerat
3074 771 3102 807 a
3126 754 3184 808 S.
3219 757 3450 810 Daniaso

1959 830 2126 893 testas
2154 824 2352 876 vicaria
2379 823 2636 893 Romana
2665 823 2808 878 sedis
2854 839 3016 893 supra
3055 826 3356 893 complures
3380 827 3448 879 ll-

1905 891 2037 961 yrici
2061 893 2373 962 provincias
2398 892 2456 962 S.
2488 892 2630 946 )Elio
2652 893 2902 962 episcopo
2923 891 3400 949 ‘Tliessaloiiicensi
3433 914 3448 948 :

1883 960 1993 1027 quo
2023 961 2315 1014 decedente
2343 960 2401 1014 S.
2427 961 2640 1030 Aiiysus
2687 960 2971 1030 successor
3025 963 3249 1016 similem
3300 971 3454 1030 pote-

1884 1039 2083 1098 statem
2137 1031 2372 1083 obtinuit
2421 1044 2451 1082 a
2494 1029 2724 1098 quatuor
2775 1029 3125 1085 Pontificibus
3169 1029 3448 1094 Romanis,

1885 1096 2136 1171 Damaso,
2188 1098 2407 1171 Siricio,
2453 1096 2756 1171 Anastasio,
2807 1109 2862 1153 et
2909 1100 3452 1171 lnnocentio._Anyso

1882 1167 1992 1220 vita
2036 1166 2220 1221 functo
2267 1167 2566 1235 sublegitur
2617 1167 2788 1222 Rufus
2838 1183 3157 1224 successor:
3189 1166 3274 1223 cui
3304 1166 3453 1223 eam-

1882 1235 2004 1307 dem
2029 1247 2348 1305 potestatem
2373 1237 2566 1292 detulit
2605 1237 2966 1292 Innocentius.
3009 1238 3248 1307 Utraque
3279 1239 3450 1292 colla—

1883 1305 1960 1358 tio
1985 1306 2278 1377 Innocentii
2302 1307 2496 1376 legitur
2517 1307 2567 1360 in
2591 1307 2852 1377 epistolis,
2881 1322 3111 1377 quarum
3141 1305 3445 1377 exemplum

1881 1383 2129 1442 superest
2157 1376 2208 1429 iii
2236 1375 2387 1430 Actis
2414 1375 2638 1430 concilii
2676 1375 2914 1431 Romani
2931 1376 3075 1430 tertii
3106 1377 3207 1430 sub
3236 1375 3450 1429 Boiiifa-

1877 1444 1963 1516 cio
1984 1444 2098 1513 ejus
2115 1446 2524 1516 iiomiiiisipapa
2543 1447 2813 1516 secundo.
2851 1463 2870 1497 i
2903 1446 3258 1516 Dilectissimo
3296 1445 3450 1500 fratri

1877 1514 2062 1583 Anyso
2112 1513 2472 1568 Innocentius.
2527 1515 2624 1569 Cui
2654 1516 2816 1570 etiam
2872 1515 3169 1569 anteriores
3208 1517 3340 1568 tanti
3383 1531 3450 1569 ac

1881 1582 2016 1636 talos
2048 1584 2146 1636 viri
2175 1586 2599 1653 pradecessores
2634 1586 2736 1638 mei
2768 1584 3025 1653 episcopi,
3050 1584 3102 1636 id
3128 1593 3212 1638 est
3243 1595 3448 1638 sancta

1878 1653 2153 1706 memoria
2182 1654 2464 1716 Damasus,
2503 1653 2747 1716 Siricius,
2797 1663 2958 1722 atque
2987 1667 3148 1722 supra
3179 1669 3445 1709 memora—

1879 1727 1966 1792 tus
1988 1722 2074 1792 vir
2095 1724 2113 1791 (
2138 1722 2454 1776 Anastasius
2481 1722 2498 1792 )
2527 1723 2600 1775 ita
2647 1722 2974 1786 detulerunt,
3008 1731 3068 1775 ut
3095 1723 3294 1786 omnia,
3323 1737 3445 1790 qua

186 1791 483 1881 ﬁnitimas,
524 1801 582 1846 et
621 1787 1028 1881 consacerdst
1072 1798 1314 1881 nostros1
1344 1787 1515 1858 quiin
1545 1787 1648 1881 ill‘is
1690 1804 1774 1842 re-
1807 1823 1848 1881 Β
1879 1789 1933 1881 illi
1983 1787 2113 1872 illis'
2136 1791 2382 1873 partibus
2435 1787 2770 1881 gererentur,
2825 1792 3277 1881 sanctitati‘tua,
3325 1787 3446 1859 qua

219 1863 450 1916 ionibns
519 1861 759 1931 propriis
813 1860 1056 1931 ecclesiis
1121 1857 1412 1930 praesident
1468 1857 1768 1931 regularum

205 1927 335 1984 iuiic
378 1927 575 1984 librum
611 1927 765 1999 quasi
813 1927 1212 1990 didascaliciiin,
1266 1937 1427 1998 atque
1473 1927 1773 1981 admonito-

186 2015 299 2054 rem
352 2000 548 2054 catulo
577 1999 851 2054 insinuare
885 2017 900 2052 :
937 2010 995 2054 ut
1014 2010 1072 2054 et
1099 2007 1313 2054 nostros
1341 2005 1771 2067 cognoscere,et

186 2070 252 2122 ad
281 2069 458 2121 fidem
487 2068 867 2123 confluentium
897 2084 1072 2123 mores
1116 2069 1328 2122 valeant
1353 2066 1574 2121 docendi
1611 2066 1770 2120 sedu-

185 2135 346 2191 litate
388 2137 647 2192 forinare.
687 2175 704 2191 .
739 2176 754 2191 .
792 2137 916 2192 Hac
941 2146 1068 2192 sunt
1113 2152 1234 2206 qua
1275 2136 1528 2206 deinceps
1575 2136 1768 2190 intuitu

187 2207 360 2260 divini
383 2209 575 2276 jiidicii
601 2221 814 2262 omnem
864 2207 1182 2261 catholicum
1224 2206 1529 2276 episcopum
1554 2208 1770 2276 expedit

187 2275 494 2340 custodire,
531 2296 552 2329 ο
583 2285 690 2331 etc.
741 2277 888 2330 liiter
911 2276 1122 2346 regulas
1162 2286 1386 2346 cateras
1414 2275 1553 2329 hanc
1600 2275 1767 2346 refert

187 2347 251 2416 de
275 2347 631 2416 gravioribus
658 2347 838 2401 causis
865 2347 931 2399 ad
953 2344 1134 2400 sedem
1160 2344 1504 2416 apostolicam
1530 2344 1766 2416 referen-

186 2413 310 2469 dis':
355 2435 373 2466 i
413 2417 473 2471 Si
499 2425 680 2470 autem
716 2416 949 2485 majores
993 2429 1167 2468 causa
1198 2413 1271 2485 in_
1303 2413 1534 2467 medium
1569 2413 1767 2468 fuerint

187 2485 478 2545 devoluta,
519 2487 590 2538 ad
615 2483 1194 2553 sedem‘apostolicain,
1231 2483 1368 2553 sicut
1393 2484 1627 2552 synodus
1654 2494 1766 2538 sta-

187 2555 286 2625 tuit
342 2554 815 2625 (Sardicensisjet
854 2552 1007 2625 beata
1056 2552 1383 2608 consuetudo
1415 2553 1601 2622 exigit,
1645 2561 1766 2622 post

183 2622 453 2691 judicium
482 2623 841 2692 episcOpalem
873 2622 1188 2676 referantur.
1227 2641 1245 2672 i

251 2693 334 2747 Ad
361 2690 728 2761 Exsuperiu‘m
780 2691 1100 2746 Tolosanum
1131 2692 1300 2760 (epist.
1344 2690 1398 2758 5)
1425 2705 1521 2744 sua
1557 2690 1758 2744 Decre-

189 2761 274 2814 tali
326 2773 538 2832 prater
582 2761 878 2832 disciplina
926 2774 1190 2832 normam,
1245 2775 1504 2814 canonein
1549 2774 1764 2828 quoque

188 2829 375 2886 scribit
429 2829 731 2899 utriusque
765 2829 1092 2884 Testamenti
1137 2829 1418 2899 librorum,
1459 2843 1493 2899 e
1539 2844 1764 2883 numero

186 2900 484 2954 excludeiis
529 2898 866 2968 apocryphas
896 2900 1208 2968 scripturas,
1239 2915 1358 2967 qua
1403 2898 1534 2952 falso
1570 2899 1763 2952 inscri-

189 2979 286 3036 pta
312 2969 847 3023 circumferebantur
889 2969 1192 3023 nominibus
1233 2968 1614 3036 apostolorum.

255 3039 515 3092 Patribus
565 3037 778 3091 concilii
826 3037 1067 3091 Toletani
1096 3051 1160 3091 ex
1195 3036 1448 3106 Hispania
1479 3037 1761 3106 rescripsit

189 3122 345 3175 super
387 3107 848 3161 ‘ordinationibus.
883 3108 964 3162 Ad
1003 3107 1282 3176 episcopos
1337 3107 1656 3160 Macedoniae
1682 3108 1760 3160 di-

190 3159 326 3230 reiit
352 3159 700 3230 Decretalem
715 3159 719 3160 ί
734 3159 1252 3246 ile—aliquodreguiis
1276 3159 1756 3246 sacramentorum.
1788 3159 1832 3221 Ο

187 3248 408 3300 Aurelio
431 3246 849 3311 Carthaginensi
890 3245 1085 3300 Africa
1111 3245 1328 3314 primati
1356 3246 1520 3300 edicit
1545 3264 1557 3297 :
1587 3263 1604 3294 i
1637 3245 1764 3300 Haec

188 3317 340 3368 velini
369 3323 576 3370 concta
595 3315 881 3385 recitanda
907 3329 1004 3385 per
1027 3329 1218 3385 omnes
1265 3314 1548 3385 Africanas
1579 3315 1764 3369 Eoele—
1798 3330 1805 3338 '

188 3386 292 3438 sias
322 3387 532 3454 scripta
575 3383 800 3454 dirigas.
835 3403 852 3435 i
882 3383 1134 3454 Decentio
1179 3383 1587 3454 Eugubiiiorista
1613 3399 1762 3438 com-

191 3452 453 3507 memorat
478 3454 552 3506 de
583 3452 958 3508 traditionibus
985 3452 1247 3507 Romana
1271 3452 1546 3508 Ecclesia.
1583 3472 1601 3504 i
1633 3454 1765 3519 Quis

189 3525 412 3587 nesciat,
440 3532 540 3575 aut
565 3538 671 3576 non
700 3523 941 3577 advertat
965 3523 1203 3592 id,_quod
1231 3537 1261 3576 a
1293 3523 1532 3592 principe
1554 3534 1764 3590 aposto-

192 3592 362 3646 lorum
423 3592 593 3647 Petro
638 3591 893 3646 Romana
943 3590 1196 3647 Ecclesia
1245 3590 1500 3646 traditum
1543 3602 1646 3654 est,
1700 3609 1764 3646 ac

193 3677 332 3716 nunc
355 3677 579 3730 quoque
600 3663 918 3724 custoditur,
942 3663 1012 3717 ab
1035 3662 1286 3715 omnibus
1307 3663 1502 3716 debere
1522 3662 1722 3715 servari
1746 3679 1760 3725 ;

194 3747 291 3784 nec
315 3731 694 3800 superinduci,
725 3743 819 3784 aut
843 3731 1107 3785 introduci
1132 3730 1353 3800 aliquid,
1381 3731 1523 3800 quod
1544 3741 1637 3784 aut
1663 3747 1762 3784 aii-

192 3801 499 3854 ctoritateiii
551 3815 657 3854 non
689 3803 903 3864 habent,
951 3809 1042 3853 aut
1071 3801 1282 3853 aliunde
1307 3805 1552 3866 accipere
1583 3801 1759 3852 videa-

193 3878 276 3921 tiir
315 3869 680 3937 exemplum?
730 3869 1032 3923 Prasertiin
1069 3885 1190 3923 cum
1233 3870 1304 3923 sit
1344 3869 1684 3922 manifestum
1710 3871 1760 3921 iii

191 3953 402 3992 omnem
427 3940 664 4003 Italiam,
691 3937 914 4002 Gallias,
961 3938 1265 4006 Hispanias,
1310 3939 1572 3998 Africani,
1602 3948 1762 4005 atque

193 4008 430 4077 §iciliam
459 4008 772 4077 insulasque
819 4007 1200 4075 interjacentes
1226 4008 1428 4061 iiiilliiiii
1464 4007 1761 4077 instituisse

191 4075 488 4140 Ecclesias,
512 4078 636 4146 nisi
679 4075 791 4140 eos,
831 4093 968 4146 quos
1013 4077 1335 4131 venerabilis
1364 4077 1636 4145 apostolus
1663 4075 1761 4131 Pe-

193 4154 324 4209 trus,
349 4155 448 4200 aut
469 4145 592 4212 ejus
632 4145 969 4201 successores
1012 4146 1387 4200 constituerint
1432 4147 1755 4200 sacerdotes.

191 4215 292 4268 Alit
313 4216 525 4285 legant,
557 4217 602 4270 si
636 4216 687 4269 in
718 4215 802 4269 his
831 4215 1123 4286 provinciis
1143 4215 1280 4286 alius
1303 4215 1660 4286 apostolorum
1685 4216 1760 4268 in-

193 4284 424 4347 vaiitur,
455 4293 556 4338 aut
581 4286 774 4353 legitur
817 4284 1084 4338 docuisse.
1128 4285 1280 4350 Quod
1313 4285 1358 4337 si
1401 4299 1504 4338 non
1557 4284 1754 4354 legunt,

190 4354 311 4421 quia
361 4369 634 4422 nusquam
693 4356 987 4416 inveniunt,
1033 4362 1243 4422 Oportet
1278 4367 1372 4408 eos
1417 4355 1518 4407 lioe
1565 4355 1754 4422 sequi,

191 4425 330 4490 quod
364 4425 617 4478 Romana
665 4422 902 4477 Ecclesia
949 4424 1201 4487 custodit,
1229 4439 1259 4474 a
1289 4438 1390 4490 qua
1421 4437 1514 4493 eo;
1561 4424 1758 4491 princi-

190 4494 334 4560 pium
359 4493 641 4560 accepisse
673 4493 890 4547 dubium
919 4507 1021 4546 non
1051 4501 1133 4562 est
1159 4508 1172 4543 :
1203 4507 1271 4546 ne
1301 4496 1424 4545 iluiii
1464 4495 1759 4562 peregrinis

193 4563 589 4616 assertionibus
639 4563 870 4627 student,
913 4570 1071 4630 caput
1121 4561 1514 4616 institutionum
1546 4561 1762 4616 videan-

193 4633 578 4686 tnrorrittere.
603 4650 621 4681 ι
648 4631 873 4684 Felicem
897 4630 1219 4684 Nucerinum
1241 4631 1596 4693 commendat,
1620 4634 1760 4698 quod

195 4714 342 4755 more
372 4700 645 4768 majorum
697 4701 822 4755 hinc
851 4702 1139 4768 repetenda
1184 4714 1304 4754 esse
1339 4702 1551 4754 duxerit
1573 4704 1760 4755 dubia-

194 4783 309 4838 rum
335 4767 524 4825 rerum
553 4767 938 4824 definitionem.
976 4788 995 4820 i
1034 4767 1214 4838 Mirari
1242 4785 1344 4823 non
1369 4785 1650 4838 possumus
1679 4771 1761 4824 di-

196 4837 481 4892 lectionem
510 4847 656 4909 tuam
678 4841 826 4907 sequi
849 4837 1091 4893 instituta
1114 4836 1383 4909 majorum
1405 4857 1420 4902 ;
1450 4841 1756 4909 omniaque,

194 4921 311 4975 qua
329 4918 562 4988 possunt
591 4908 824 4988 aliquam
857 4909 1101 4988 recipere
1128 4908 1531 4988 dubitationem,
1563 4912 1628 4988 ad
1655 4908 1760 4965 iios

197 4978 347 5045 quasi
373 4980 443 5030 ad
473 4987 658 5047 caput,
681 4987 840 5045 atque
882 4978 1087 5043 apicem
1135 4978 1472 5045 episcopatus
1513 4979 1754 5032 referre:

200 5055 258 5097 ut
279 5049 530 5101 consulta
557 5047 805 5100 videlicet
833 5049 990 5099 sedes
1017 5048 1306 5115 apostolica
1344 5063 1410 5099 ex
1441 5049 1570 5114 ipsis
1598 5049 1758 5101 rebus

198 5115 368 5170 dubiis
393 5128 610 5170 certum
649 5117 848 5183 aliquid
897 5115 1199 5170 faciendum
1253 5117 1578 5183 pronuntiet.
1608 5117 1759 5181 Quod

199 5192 256 5236 et
281 5200 382 5239 nos
406 5186 643 5238 libenter
672 5186 988 5253 accipimus,
1017 5194 1072 5239 et
1105 5185 1442 5238 dilectionem
1474 5195 1618 5238 tuam
1646 5203 1762 5240 ine-

199 5267 401 5308 morem
427 5269 700 5309 canonuin
749 5254 1102 5322 approbamus
1131 5254 1300 5322 (epist.
1323 5253 1409 5320 4).
1433 5272 1452 5303 i
1485 5255 1549 5308 Et
1573 5265 1629 5307 ut
1655 5272 1761 5310 ca-

199 5329 340 5392 teras
397 5324 830 5392 praterinittaiii,
893 5322 1062 5375 zelum
1124 5322 1414 5389 disciplina
1472 5326 1693 5391 requirit
1728 5343 1758 5378 a

113 5432 116 5435 ι
201 5390 410 5462 Joanne
451 5395 704 5462 episcopo
737 5390 1219 5462 Hierosolyinitano
1250 5395 1424 5460 (epist.
1454 5390 1566 5462 52),
1599 5395 1668 5446 ita
1703 5394 1760 5446 il-

202 5461 313 5514 lum
339 5461 590 5525 monens,
619 5471 679 5513 iit
715 5461 1009 5515 defensioni
1053 5465 1496 5516 monasteriorum
1527 5461 1757 5518 'stiiilcat

198 5531 512 5600 impensius.
547 5548 567 5581 i
613 5531 778 5595 Vide,
808 5529 1003 5592 frater,
1035 5532 1245 5598 antiqui
1294 5532 1326 5584 li
1363 5533 1460 5584 stis
1502 5532 1753 5590 insidias.

201 5609 254 5653 et
275 5602 467 5666 spiritu
506 5600 636 5656 boni
685 5601 914 5653 rectoris
939 5601 1234 5668 pcrvigila;
1285 5610 1344 5653 ut
1385 5603 1498 5655 hac
1525 5615 1644 5670 qua
1688 5605 1755 5657 ad

202 5671 578 5738 nosopinione
627 5670 821 5738 magis,
865 5683 1027 5738 quam
1083 5670 1426 5738 accusatione
1463 5671 1753 5726 manifesta

200 5737 376 5792 delata
419 5749 563 5804 sunt,
613 5739 697 5792 vel
723 5737 1078 5809 Corrigantpr,
1127 5737 1210 5792 vel
1255 5740 1652 5794 retundantur:
1688 5758 1753 5798 ne

648 5831 912 5888 Parnm.
955 5829 1295 5890 CXXVIII.

232 5895 272 5905 ι.-

1876 1858 2030 1927 plena
2061 1858 2284 1930 jnstitia
2332 1858 2461 1922 est,‘
2489 1862 2760 1916 traderent
2803 1860 3170 1930 cognoscenda
3207 1879 3220 1914 :
3269 1858 3442 1914 meam

1874 1929 2087 1998 quoque
2130 1932 2448 1998 parvitatem
2499 1931 2598 1984 hoc
2642 1939 2824 1985 tenere
2849 1929 3128 1998 judicium,
3175 1931 3446 1985 eamdem-

1872 2010 1978 2070 que
2005 2000 2202 2070 liabere
2223 1999 2549 2053 voluntatem
2578 2008 2628 2053 te
2649 2001 2800 2054 decet
2830 2014 3231 2070 recognoscere.
3260 2000 3447 2068 Neque

1872 2068 2017 2137 enim
2043 2067 2124 2120 fas
2151 2078 2286 2128 erat,
2316 2077 2488 2121 utaut
2515 2083 2614 2137 ego
2642 2078 2832 2122 contra
2879 2067 3149 2122 tantorum
3179 2067 3442 2122 bonorum

1870 2134 2108 2220 virorum
2130 2137 2388 2220 judicium
2415 2134 2594 2191 venire
2621 2148 2902 2200 tentarem,
2928 2154 3168 2220 quorum
3187 2139 3238 2191 in
3265 2137 3442 2220 locum

1870 2207 2197 2276 successisse
2247 2207 2552 2276 digiioseor,
2583 2218 2676 2261 aut
2704 2217 2794 2262 tuo
2835 2207 3046 2272 merito,
3087 2212 3170 2261 cui
3199 2208 3443 2276 praeclari

1868 2275 1970 2347 viri
2003 2287 2203 2332 tantam
2246 2275 2472 2347 gratiam
2530 2279 2866 2331 auctoritatis
2902 2278 3124 2347 hujusce
3151 2275 3445 2330 cciitulisse

1867 2345 2139 2418 videntur,
2191 2345 2393 2416 aliquid
2442 2348 2696 2418 denegari
2747 2345 3039 2400 videretur.
3073 2346 3316 2418 Pramo
3348 2347 3443 2398 ita-

1867 2429 1972 2484 que
1997 2417 2131 2482 fero,
2163 2426 2223 2469 ut
2247 2415 2348 2471 hoc
2373 2418 2544 2485 ipsum
2586 2415 2758 2472 etiam
2813 2430 2946 2470 mea
2973 2415 3228 2485 parvitati
3261 2428 3440 2485 reser-

1865 2483 2048 2556 vatium
2060 2483 2470 2556 recognoscam,
2491 2496 2551 2540 ut
2576 2488 2689 2556 pari
2706 2486 2926 2552 judicio.
2969 2484 3234 2552 similique
3249 2483 3438 2556 forma,

1865 2563 1922 2608 et
1951 2553 2106 2624 bonis
2133 2552 2370 2624 adaque,
2394 2568 2448 2608 et
2472 2552 2864 2624 tiia'cliaritati,
2897 2555 3126 2624 tribuam
3156 2552 3299 2624 quod
3329 2566 3446 2604 ine-

1866 2622 2023 2677 reris.
2059 2622 2418 2678 Dilectissimo
2458 2623 2611 2678 fratri
2647 2624 2787 2677 Rufo
2832 2622 3192 2676 Innocentius.
3226 2622 3300 2674 lia
3332 2629 3442 2674 tota

1865 2691 2212 2761 miseratione
2265 2693 2528 2747 mirabilis
2573 2693 2768 2746 Paulus
2818 2693 2938 2746 Tito
2967 2707 3086 2761 qua
3114 2701 3268 2746 curet
3299 2691 3440 2760 apud

1863 2760 2100 2832 Cretam,
2127 2762 2421 2816 Tiinothao
2461 2778 2580 2832 qua
2605 2777 2700 2830 per
2721 2761 2957 2815 Asiamdi
2982 2760 3194 2829 sponat,
3220 2761 3445 2832 commi—

1863 2831 1936 2902 sit
1959 2847 1979 2902 :_
2008 2841 2065 2902 ut
2093 2847 2370 2884 sacrarum
2407 2830 2752 2902 epistularum
2783 2832 3009 2902 lectione
3040 2830 3432 2902 cognoscimus.

1864 2897 2130 2971 Diviiiitiis
2157 2916 2284 2970 ergo
2321 2897 2780 2971 liac'procurreiis
2824 2901 2997 2971 gratia
3044 2897 3129 2954 ita‘
3156 2899 3330 2968 longis
3354 2899 3439 2951 in-

1866 2970 2104 3023 tervallis
2151 2970 2542 3024 disterminans
2569 2987 2598 3024 τι
2647 2986 2732 3024 inc
2759 2970 3010 3024 Ecclesiis
3038 2971 3214 3022 discat
3239 2983 3434 3021 consu-

1864 3037 2099 3100 lendum,
2127 3048 2184 3091 iit
2211 3041 2530 3108 prudentia,
2570 3041 2929 3108 gravitatique
2957 3050 3059 3093 tua
3102 3038 3444 3092 committen-

1865 3107 1987 3178 dam
2022 3107 2285 3178 ﬁcorum,
2341 3107 2639 3178 causasque
2697 3111 2741 3163 si
2803 3124 2920 3176 qua
2973 3109 3288 3161 exoriaiitur
3345 3121 3443 3176 per

1863 3175 2104 3248 Achaia,
2153 3176 2465 3242 Thessalia,
2516 3175 2666 3248 Epiri
2713 3175 2934 3242 veteris,
2980 3178 3136 3248 Epiri
3184 3175 3365 3248 nova,
3386 3184 3445 3229 et

1865 3243 2057 3315 Cretae,
2085 3247 2259 3303 Dacia
2288 3243 2715 3312 mediterranea,
2743 3249 2917 3302 Dacia
2947 3243 3194 3315 ripcnsis,
3221 3245 3440 3306 Masia,

1867 3314 2170 3380 Dardania,
2203 3325 2259 3370 et
2283 3317 2506 3371 Pravali
2537 3317 2806 3372 Ecclesias
2836 3314 3054 3370 Christo
3089 3315 3316 3382 Domino
3341 3330 3441 3368 an-

1865 3394 2066 3454 iiucnte
2106 3400 2380 3446 censeam,
2425 3396 2530 3441 etc.
2578 3388 2776 3454 Accipe
2830 3388 3042 3454 itaque,
3087 3384 3465 3438 dilectissime-

1864 3453 2054 3518 frater,
2094 3465 2290 3509 nostra.
2334 3456 2452 3510 vice
2507 3471 2668 3524 supra
2712 3453 3254 3524 dictas'Eeclcsias,
3289 3453 3465 3507 salvo-

1865 3538 2052 3578 earum
2111 3525 2341 3592 primatu
2399 3523 2634 3579 curam:
2689 3534 2745 3578 et
2794 3524 2934 3578 inter
2987 3525 3131 3592 ipsos
3181 3523 3440 3591 primates

1864 3593 2092 3660 primus,
2122 3595 2379 3662 quidquid
2417 3609 2511 3658 eos
2537 3594 2604 3646 ad
2650 3609 2748 3646 nos
2789 3607 3009 3646 necesse
3035 3594 3198 3646 fuerit
3222 3593 3440 3645 mittere

1865 3677 1972 3714 non
2021 3663 2139 3715 sine
2187 3672 2277 3716 tuo
2302 3665 2571 3732 postulent
2614 3664 2898 3732 arbitratu.
2943 3663 3016 3714 lta
3041 3662 3184 3732 enim
3214 3670 3309 3713 aut
3344 3676 3441 3729 per

1866 3739 2012 3783 tuam
2037 3730 2420 3798 experientiam
2456 3732 2719 3800 quidquid
2771 3731 2899 3782 illud
2947 3741 3030 3782 est
3075 3730 3314 3791 finietur,
3345 3740 3442 3781 aut

1866 3807 1956 3852 tuo
1983 3800 2204 3852 consilio
2235 3802 2300 3852 ad
2329 3815 2426 3854 nos
2461 3813 2630 3868 usque
2655 3800 3072 3868 perveniendum
3119 3812 3238 3868 esse
3264 3813 3439 3868 ‘man-

1863 3869 2072 3920 damus.
2107 3868 2334 3921 Licitiim
2394 3865 2594 3928 autem,
2636 3865 2692 3921 et
2734 3867 3038 3935 apostolica:
3074 3866 3218 3920 sedis
3255 3865 3439 3919 favore

1864 3937 2184 4004 permissum
2223 3945 2326 3990 tua
2377 3937 2701 3991 fraternitati
2756 3951 3042 4004 cognosce,
3088 3945 3147 3988 ut
3189 3949 3311 3988 cum
3338 3935 3436 3988 alio

1863 4020 1968 4072 qua
2000 4005 2374 4059 Ecclesiastica
2436 4006 2572 4059 ratio
2605 4005 2685 4059 vel
2736 4007 2786 4058 iii
2821 4015 2929 4068 tua,
2960 4007 3043 4059 vel
3085 4006 3140 4057 in
3171 4018 3441 4058 memora-

1865 4077 1943 4145 tis_
1964 4075 2254 4141 provinciis
2279 4076 2552 4144 agitanda,
2577 4081 3055 4145 cognoscendaque
3087 4074 3270 4136 fuerit,
3295 4089 3437 4145 quos

1865 4143 1998 4197 velis
2041 4142 2414 4212 episcoporum
2442 4146 2618 4199 socios
2646 4142 3052 4212 Quibuscuiique
3081 4145 3146 4197 de
3182 4142 3439 4196 Ecclesiis

1861 4227 2103 4266 assumas
2151 4223 2325 4268 tecum
2372 4231 2386 4267 :
2437 4230 2665 4282 quorum
2719 4223 2772 4268 et
2821 4214 2924 4282 fide
2971 4223 3026 4268 et
3073 4213 3440 4266 moderatione

1860 4282 2120 4353 quidquid
2146 4281 2469 4346 necessitas,
2515 4298 2786 4353 causaque
2828 4281 3170 4351 “agitaverit,
3201 4282 3439 4353 optimus

1861 4351 2330 4422 dividasgarbiter,
2369 4362 2435 4406 'et
2478 4351 2778 4422 pracipuos
2818 4369 2831 4405 :
2868 4353 3065 4422 quippe
3108 4367 3138 4405 a
3177 4351 3333 4406 nobis
3360 4351 3439 4407 let

1861 4429 1980 4474 ctus
2005 4421 2228 4475 definias
2251 4421 2596 4486 intercessor,
2629 4442 2647 4474 i
2679 4430 2783 4476 etc.

1790 4485 1836 4544 ι)
1931 4491 2010 4544 Ex
2038 4506 2156 4560 cap.
2193 4491 2261 4547 99
2297 4492 2440 4546 circa
2489 4485 2646 4546 tidem
2693 4489 3110 4545 constitutorum
3162 4491 3438 4560 damnatio

1867 4559 2204 4630 cognoscitur
2259 4561 2556 4631 Pelagiana
2605 4561 2873 4616 bareseos
2907 4577 2938 4613 a
2991 4561 3199 4615 duobus
3243 4559 3439 4615 Africa

1867 4631 2112 4685 conciliis
2137 4632 2391 4699 expetita.

1937 4699 2069 4755 Octo
2095 4702 2359 4769 praecipua
2385 4715 2630 4754 errorum
2655 4700 2831 4769 capita
2866 4699 3437 4769 constitiiebantsum-

1867 4785 2009 4822 main
2042 4767 2654 4840 barcseosiPclagiana,
2676 4767 2798 4840 iiut
2824 4783 2928 4821 non
2955 4767 3307 4840 defendendo,
3339 4771 3436 4823 sed

1867 4839 2045 4907 potius
2075 4841 2127 4891 iii
2166 4838 2484 4908 sacrilegam
2509 4838 3158 4908 superbiamiextollendo
3206 4838 3436 4891 liberum

1865 4909 2171 4970 arbitrium,
2221 4907 2422 4961 iiulluin
2477 4908 2782 4976 relinquant
2821 4907 2998 4976 locum
3025 4908 3214 4975 gratia
3257 4908 3374 4968 Dei,
3411 4925 3429 4954 ι

1865 4977 2317 5043 quemadmodum
2359 4975 2698 5044 perscribunt
2746 4975 3191 5044 Carthaginensis
3220 4976 3432 5028 concilii

1867 5042 2054 5098 Patres
2078 5045 2146 5096 ad
2198 5042 2564 5098 Innocentium
2609 5047 2661 5096 in
2698 5058 2792 5096 sua
2842 5042 3116 5112 synOdica.
3146 5042 3255 5096 Hos
3279 5057 3434 5095 erro-

1864 5130 1951 5168 res
1980 5113 2144 5167 fuisse
2173 5114 2403 5182 primum
2431 5128 2459 5165 a
2483 5112 2733 5182 liomana
2767 5113 2894 5164 sede
2921 5113 3249 5182 proscriptos
3276 5112 3436 5182 docet

1864 5130 1951 5168 H35
1980 5130 2144 5167 ιιιςεεε
2173 5130 2366 5182 ιιιΊηιιιι
2431 5130 2459 5165 3
2490 5130 2733 5165 nomana
2767 5130 2894 5164 8808
2921 5130 3249 5180 pl‘OSCl‘lplOS
3276 5130 3436 5163 00001»

1864 5194 2051 5238 auctor
2110 5182 2332 5252 aqualis
2481 5179 2712 5249 Prosper
2771 5183 3013 5234 carmine
3079 5182 3146 5233 de
3206 5181 3436 5250 [ngratis

1863 5269 1982 5322 cap.
2009 5255 2044 5306 2
2078 5271 2090 5305 :

2112 5341 2307 5390 Pestem
2329 5341 2624 5388 subeuntem
2652 5339 2801 5399 prima
2829 5335 3005 5399 recidit

1872 5395 1900 5422 “
1983 5403 2143 5454 Sedes
2166 5401 2312 5450 lioma
2334 5401 2490 5462 Petri,
2514 5413 2625 5461 qua
2645 5395 2898 5462 pastoralis
2917 5398 3108 5462 noueris

1987 5463 2131 5514 Facta
2154 5473 2296 5524 caput
2320 5459 2496 5510 mundo
2516 5459 2752 5525 quidquid
2776 5471 2868 5506 non
2896 5459 3109 5518 possidet
3131 5462 3280 5507 armis

1987 5527 2260 5588 ltelligione
2280 5530 2436 5572 tenet.

1928 5607 2123 5672 Pestis,
2156 5621 2248 5662 seu
2284 5613 2444 5660 secta
2486 5601 2783 5672 Pelagiana
2819 5599 3054 5672 nomine,
3080 5616 3110 5672 _a
3137 5600 3302 5656 Roma
3331 5597 3450 5670 prii

1859 5690 2002 5732 mum
2056 5669 2242 5732 recisa
2262 5688 2354 5728 seu
2390 5669 2672 5733 damnata,
2706 5671 2793 5724 hic
2830 5669 3438 5740 Prosperiiitelligit’Jo-

1856 5749 2153 5812 viniannm,
2185 5743 2453 5805 Ruliuuzn,
2497 5749 2550 5795 et
2577 5741 2859 5812 Evagrium
2884 5739 3185 5806 Ponticum,
3210 5739 3440 5809 quorum

2968 5834 3006 5894 6
