4002 6316
235 314 346 372 185

959 309 1283 367 HISTORIA
1324 310 1414 367 DE
1453 307 1632 366 Yl'flﬁ
1653 306 1830 366 non.
1873 307 2082 370 PONT.
2111 339 2179 360 -—-.-
2213 312 2274 368 S.
2313 313 2737 370 BONIFACIUS.

3360 347 3364 352 -
3399 309 3498 376 186

223 424 632 489 conﬂuentes.
667 433 780 480 etc.-
810 423 1018 480 ldetroo
1039 427 1250 480 noverit
1279 433 1458 480 vestra
1488 423 1822 490 fraternitas,
1854 427 1898 486 Α
1926 426 2166 481 ostendit
2220 426 2278 480 S.
2311 425 2664 494 Augustinus
2717 426 2811 480 lib.
2868 442 2910 480 ιι
2938 425 3006 480 ιιι]
3057 424 3260 494 Bonif.,
3285 440 3410 494 cap.
3440 429 3494 486 ὅ.

231 495 376 549 nihil
405 511 507 548 nos
528 504 648 562 post
675 495 793 549 illas
819 511 957 564 quas
981 497 1234 562 superius
1261 495 1340 549 vel
1375 497 1580 548 litteras
1609 504 1816 564 vestras

233 561 576 632 accepimus,
617 561 931 618 immutasse
957 583 970 618 :
996 561 1088 618 sed
1129 568 1192 618 in
1227 565 1414 619 eodem
1459 572 1653 620 cuncta
1697 561 1822 617 reli-

236 635 426 702 quisse
449 643 620 698 statu,
659 635 712 687 in
743 649 854 702 quo
891 634 1092 689 dudum
1145 634 1372 696 fuerant,
1411 650 1537 689 cum
1578 634 1682 687 hoc
1721 648 1819 702 no-

234 701 374 757 stris
397 704 596 757 litteris
625 701 821 758 vestra:
872 704 1227 758 indicavimus
1274 703 1578 767 sanctitati;
1613 713 1670 756 ut
1709 701 1820 766 illa,

238 788 364 840 qua
402 789 433 827 a
467 773 624 828 vobis
650 774 718 828 ad
759 789 856 828 nos
885 774 1047 827 missa
1087 784 1229 838 erat,
1260 775 1546 828 obtestatio
1577 787 1823 828 remane-

235 852 416 898 εει.»

309 912 398 964 Ad
436 928 617 968 cause
663 912 820 981 hujus
863 912 1231 967 deﬁnitionem
1271 911 1555 966 deventum
1607 912 1820 966 tandem

238 980 413 1036 fuisse
455 997 555 1052 per
579 980 760 1038 sedem
784 992 917 1052 tum
971 983 1153 1051 plures
1189 992 1442 1037 auctores
1488 982 1818 1052 ostendunt,

240 1059 358 1121 tum
383 1051 501 1120 prie
527 1055 741 1109 caneris
771 1051 830 1108 ὃ.
859 1053 1189 1121 Augustinus
1234 1053 1446 1121 (contra
1474 1053 1510 1104 2
1537 1051 1820 1121 epistolam

239 1119 448 1190 Pelagii
473 1122 567 1176 lib.
595 1139 656 1185 ιι,
685 1137 803 1191 cap.
835 1122 892 1190 5)
941 1119 1186 1176 scribens
1231 1119 1486 1190 praesules
1535 1119 1820 1176 Africanos

235 1192 481 1247 mansisse
514 1192 730 1247 Zosimo
754 1233 768 1255 ,
801 1201 861 1245 ut
889 1200 1176 1246 contentus
1227 1206 1330 1246 non
1369 1200 1514 1246 esset
1554 1206 1818 1246 consensu

233 1262 519 1333 generiem
547 1278 708 1333 quem
730 1263 927 1316 litteris
939 1261 1246 1333 .lnnocentii
1280 1272 1540 1333 pr:esta_re
1565 1276 1624 1318 se
1639 1259 1818 1328 jacta-

235 1331 334 1386 bat
366 1330 675 1397 Celestius,
701 1334 793 1387 sed
825 1332 1102 1400 speciatim
1133 1330 1201 1384 ab
1242 1346 1306 1384 eo
1328 1331 1673 1400 requireret,
1708 1348 1727 1381 ι
1760 1339 1820 1383 ιιι

235 1413 432 1471 aperte
488 1403 973 1458 anathematizaret
1011 1416 1132 1468 qua:
1175 1401 1233 1455 in
1283 1416 1384 1471 suo
1430 1400 1819 1471 libellogprava

233 1469 534 1540 posuerat:
563 1487 630 1528 ne
655 1473 702 1527 si
733 1473 784 1526 id
812 1487 917 1525 non
946 1471 1184 1532 fecisset,
1207 1470 1360 1524 mulli
1393 1485 1582 1539 parum
1624 1469 1820 1523 intelli-

233 1539 430 1608 ξοπιες
457 1544 628 1612 magis
657 1544 710 1596 in
742 1541 920 1596 libello
953 1540 1074 1612 ejus
1102 1541 1191 1593 illa
1222 1541 1344 1594 fidei
1386 1554 1593 1594 venena
1631 1554 1659 1590 a
1692 1539 1819 1612 sede

553 1609 845 1667 crederent
892 1611 1187 1690 approbata
1211 1649 1226 1674 ,
1270 1618 1555 1690 propterea
1585 1609 1725 1676 quod
1749 1610 1820 1663 ab

232 1680 326 1732 illa
358 1683 562 1736 diuum
591 1691 730 1745 erat,
758 1697 881 1736 eum
915 1679 1112 1734 librum
1137 1695 1258 1734 esse
1280 1679 1623 1740 catholicum.
1646 1693 1808 1746 quam

229 1753 523 1820 cumulata
551 1761 775 1820 propter
823 1750 974 1814 illud,
1029 1750 1170 1820 quod
1215 1764 1274 1804 se
1320 1765 1472 1818 papae
1519 1747 1815 1803 lnnocentii

230 1818 438 1890 litteris
464 1818 772 1876 consentire
803 1821 916 1890 ipse
939 1819 1308 1888 responderet.
1337 1820 1488 1873 Tunc
1529 1833 1661 1890 ergo
1691 1833 1813 1890 cum

225 1888 352 1953 eius
395 1891 684 1959 praesentia
735 1888 1086 1961 posceretur,
1127 1898 1187 1961 ut
1233 1890 1401 1961 certis
1449 1905 1512 1944 ac
1563 1888 1814 1961 dilucidis

230 1956 686 2026 responsionibus
708 1956 792 2014 vel
819 1959 1016 2014 astutia
1042 1959 1295 2022 hominis,
1321 1959 1404 2013 vel
1429 1957 1693 2013 correctio
1723 1956 1818 2010 de-

230 2027 558 2095 lucesceret,
586 2040 640 2086 et
669 2029 798 2083 nulli
819 2029 1067 2099 ambigua
1089 2038 1420 2094 remaneret,
1442 2044 1499 2084 se
1525 2027 1816 2092 subtraxit,

227 2107 286 2152 et
310 2101 538 2168 negavit
566 2101 822 2154 examini.
859 2117 881 2151 ι

303 2167 420 2222 liae
488 2170 654 2238 igitur
717 2169 972 2224 methodo
1045 2184 1168 2224 eum
1233 2168 1430 2223 astutia
1508 2167 1818 2224 simulantis

225 2239 720 2309 pmmptitudinem
746 2240 812 2292 ad
837 2239 1135 2309 parendum
1169 2249 1225 2309 et
1245 2254 1302 2293 se
1349 2239 1646 2291 sistendum
1676 2238 1818 2304 judi-

227 2309 318 2361 cio
347 2307 552 2363 fuisset
595 2307 1132 2372 detecta,'testantur
1174 2307 1235 2362 S.
1267 2309 1598 2375 Augustinus
1629 2308 1813 2375 (epist.

226 2376 319 2446 47,
344 2379 420 2430 ad
458 2376 794 2431 Valentinum
834 2389 886 2433 et
933 2379 1091 2446 epist.
1126 2378 1250 2440 157,
1295 2376 1366 2430 ad
1415 2377 1710 2446 Optatum),
1757 2378 1814 2431 S.

228 2445 469 2518 Prosper
497 2447 616 2518 (lib:
645 2457 833 2501 contra
854 2445 1062 2515 collat.)
1107 2447 1310 2501 Marius
1354 2445 1628 2501 Mercator
1657 2451 1820 2515 (cont-

229 2517 420 2586 mouit.
461 2519 533 2570 ad
576 2517 858 2586 Theudae.)
904 2519 1130 2586 aliique,
1179 2531 1286 2571 non
1345 2518 1506 2571 modo
1553 2519 1817 2584 prolatam

227 2584 402 2640 fuisse
453 2595 645 2657 contra
694 2584 968 2657 Pelagium
1014 2584 1072 2641 et
1105 2587 1415 2641 Caelestium
1453 2585 1818 2657 damnationis

227 2656 562 2709 sententiam
586 2657 751 2710 etiam
781 2655 1094 2720 a'Zosimo,
1143 2657 1234 2710 sed
1277 2657 1420 2710 hunc
1465 2655 1819 2708 circularibus

226 2724 431 2778 litteris
461 2725 531 2778 ad
557 2725 839 2781 universos
861 2727 1025 2781 totius
1045 2726 1191 2781 orbis
1218 2726 1501 2795 episcopos
1549 2725 1691 2776 datis
1719 2739 1817 2795 cu-

227 2809 410 2859 rasse,
439 2806 500 2847 ut
531 2797 585 2848 in
615 2795 855 2849 omuium
888 2797 1134 2851 notitiam
1170 2811 1200 2848 a
1226 2793 1284 2849 se
1314 2793 1527 2848 decreta
1575 2793 1817 2862 perveni-

228 2873 372 2945 tzent.
427 2863 716 2945 Legendus
743 2880 854 2933 pra:
880 2866 1103 2945 caneris
1138 2865 1395 2918 Paulinus
1414 2864 1676 2945 Ecclesiae
1709 2862 1816 2942 ille-

227 2932 567 2987 dioianensis
598 2932 855 2989 diaconus
880 2939 931 2990 in
963 2935 1161 2998 libello,
1193 2948 1351 3002 quem
1378 2935 1552 2987 eidem
1603 2932 1818 2986 Zosimo

227 3002 284 3056 in
305 3004 618 3073 gratiarum
648 3004 916 3058 actionem
945 3005 1159 3070 obtulit,
1189 3005 1279 3058 ubi
1306 3004 1504 3058 seriem
1529 3002 1717 3073 judicii
1749 3017 1814 3056 ac

227 3075 521 3127 sententia:
549 3082 739 3128 contra
761 3073 1071 3129 Coalestium
1098 3089 1128 3126 a
1157 3089 1215 3129 se
1259 3074 1493 3128 delatum
1522 3089 1550 3126 a
1603 3073 1817 3126 Zosimo

223 3143 494 3210 prolatis,
552 3152 677 3212 post
721 3144 1072 3214 prioreinrab
1122 3143 1434 3198 Innocentio
1487 3143 1806 3212 profectam,

223 3214 518 3266 describit.
553 3233 574 3264 ι
603 3214 716 3283 Ego
742 3216 854 3268 Deo
873 3227 929 3267 et
952 3213 1168 3269 Christo
1201 3214 1425 3267 Domino
1452 3214 1656 3280 gratias
1689 3227 1810 3280 ago,

223 3284 373 3353 quod
398 3282 896 3339 Eeelesiatcausam
919 3285 991 3337 ita
1020 3285 1104 3353 agi
1133 3283 1320 3346 voluit,
1342 3292 1402 3336 ιιι
1423 3284 1578 3336 sedes
1599 3292 1816 3353 aposto-

224 3350 352 3414 lica,
377 3371 412 3406 ιι
442 3369 552 3424 qua
574 3355 816 3424 oportuit
845 3369 939 3408 ore
961 3350 1188 3408 duorum
1216 3353 1526 3424 pontiﬁcum
1566 3350 1816 3424 haeresim

225 3421 702 3493 mortemnarﬂea
723 3425 1025 3493 dainnanda
1065 3421 1341 3493 pueeepit,
1363 3437 1482 3490 qua:
1516 3437 1547 3476 a
1579 3437 1663 3475 me
1685 3421 1811 3476 Cu:-

230 3490 388 3545 latio
412 3494 642 3547 fuerunt
661 3491 894 3560 objecta.
928 3512 948 3544 ι

295 3563 418 3626 Quo
447 3571 634 3616 autem
666 3557 825 3630 pacto
844 3564 1142 3632 approbata
1178 3562 1367 3617 fuisset
1394 3570 1549 3632 antea
1596 3559 1651 3614 in
1684 3557 1816 3632 Acm-

228 3629 387 3684 lcstio
418 3629 678 3685 voluntas
695 3629 1090 3702 emendationis
1109 3672 1125 3698 ,
1165 3649 1270 3702 qua
1299 3633 1366 3686 de
1394 3631 1637 3702 pluribus
1662 3630 1817 3702 dubi-

229 3708 350 3752 tans
399 3702 600 3755 instrui
646 3715 704 3756 se
751 3701 886 3755 velle
936 3698 1233 3764 asserebat,
1277 3698 1556 3756 non—vero
1607 3698 1820 3753 falsitas

230 3768 503 3840 dogmatis
529 3809 546 3835 ,
617 3785 779 3841 quam
834 3772 1074 3841 profiteri
1133 3782 1261 3826 tunc
1322 3787 1428 3825 non
1486 3769 1817 3832 declarabat,

1995 496 2242 575 Zosinms
2294 498 2346 549 in
2397 496 2671 575 encyclica
2708 495 2772 548 ad
2801 497 3087 575 episcopos
3125 493 3380 575 jusserat,
3441 509 3499 552 ut

1923 565 2012 620 illa
2037 567 2404 620 condemnatis
2432 565 2742 631 Pelagianos
2767 565 2833 618 ab
2859 565 3108 621 omnibus
3131 565 3499 620 subscribere-

1925 645 2032 699 tur,
2057 636 2253 690 indicta
2294 634 2621 690 refractariis
2646 648 2802 700 ptena
2833 635 3181 702 depositionis
3210 637 3295 702 (ex
3330 633 3500 688 Mario

1923 703 2089 760 Merc.
2121 705 2173 757 in
2201 701 2562 771 Commonil.).
2587 702 2804 756 liettorii
2833 701 3052 774 Augusti
3099 703 3180 774 lex
3217 705 3341 757 huic
3368 720 3500 774 pon-

1922 775 2101 829 tifici-.2
2140 775 2508 828 constitutioni
2569 774 2641 824 ita
2689 788 2748 827 se
2796 773 3023 840 praebuit
3079 772 3396 838 adjutricem
3442 775 3496 828 in
3573 830 3590 836 ,

1921 859 2084 899 causa
2115 843 2260 906 fidei,
2289 853 2346 898 ut
2369 842 2766 897 accusationem
2790 842 3061 909 publicam
3113 842 3310 910 ubique
3356 854 3502 898 loco-

1925 929 2045 967 rum
2067 914 2296 977 institui,
2324 914 2500 967 exsilii
2524 926 2741 982 umnam
2771 913 2823 964 in
2849 911 3078 966 rebelles
3102 912 3317 965 decerni
3349 929 3501 968 manv

1923 985 2097 1039 daret.

1993 1054 2212 1123 Experti
2257 1063 2383 1109 sunt
2413 1064 2525 1107 ttun
2573 1051 2883 1124 pontiﬁciae,
2912 1060 3028 1124 tum
3077 1049 3374 1124 imperialis
3406 1067 3503 1120 po-

1922 1119 2136 1179 testatis
2195 1123 2396 1192 justam
2461 1119 2848 1179 coercitionem
2905 1119 3153 1192 Julianus
3217 1119 3500 1192 episcopus

1927 1190 2260 1256 Eclanensis,
2312 1193 2512 1264 aliique
2555 1192 2970 1264 septemdecim,
3003 1190 3104 1264 qui
3159 1190 3500 1264 subscribere

1927 1210 2260 1256 nctanensts,
2312 1210 2512 1316 innatae
2555 1210 2970 1264 septemdecim,
3014 1210 3104 1258 qui
3159 1210 3499 1246 seuseu-were

1923 1273 2260 1326 recusantes,
2286 1279 2316 1316 a
2349 1277 2406 1317 se
2445 1278 2477 1317 e
2499 1262 2791 1331 apostolica
2804 1271 2941 1331 sunt
2969 1261 3088 1330 cjus
3119 1259 3499 1331 communione

1923 1333 2138 1400 privati,
2166 1342 2220 1386 et
2239 1333 2308 1386 ab
2337 1328 2699 1399 Augustorum
2717 1328 3140 1396 judicibus'sunt
3161 1329 3214 1382 in
3244 1329 3498 1382 exsilium

1923 1402 2087 1472 pulsi,
2115 1414 2173 1456 ut
2196 1417 2260 1455 ex
2284 1402 2481 1456 Zosimi
2505 1418 2542 1455 ιι
2571 1401 2798 1471 epistola
2823 1407 3054 1472 constat.

1997 1471 2130 1537 Qua)
2161 1473 2423 1527 hactenus
2453 1467 2725 1540 prosecuti
2753 1485 2940 1540 sumus
2979 1469 3176 1540 Zosimi
3206 1467 3498 1540 constituta

1927 1542 1996 1595 ad
2025 1542 2280 1596 Ecclesia:
2335 1537 2656 1596 universalis
2694 1539 2930 1609 regimen
2982 1539 3093 1609 ipsi
3130 1537 3499 1609 concreditum

1924 1613 2198 1680 pertinere
2222 1621 2535 1666 noscuntur.
2570 1611 2698 1676 Qua:
2722 1606 2898 1680 autem
2923 1607 3216 1680 peculiaria
3243 1606 3296 1661 in
3330 1608 3502 1677 regio-

1923 1676 2086 1735 nibus
2113 1682 2513 1749 patriarchatus
2541 1679 2903 1736 Occidentalis
2926 1676 3227 1749 ordinavit,
3253 1691 3318 1730 ea
3372 1676 3500 1732 sunt

1924 1746 2187 1818 primatus
2234 1752 2395 1804 trium
2448 1749 2850 1818 provinciarum
2903 1762 2998 1815 per
3029 1746 3258 1818 Gallias,
3310 1759 3502 1818 nempe

1927 1815 2262 1882 Viennensis,
2291 1815 2654 1874 Narbonensis
2681 1835 2698 1872 I
2723 1827 2778 1872 et
2805 1816 3170 1871 Narbonensis
3213 1831 3272 1878 tt,
3303 1815 3499 1870 contir-

1919 1900 2096 1944 matus
2144 1891 2398 1959 episc0po
2435 1889 2777 1950 Arelatensi,
2815 1887 2912 1959 cui
2955 1887 3134 1940 fuerat
3175 1885 3340 1959 etiam
3376 1894 3502 1959 ante

1920 1953 2403 2030 collatusfadjecto
2426 1959 2610 2030 vicarii
2637 1957 2918 2030 apostolici
2945 1970 3166 2030 munere
3183 1970 3276 2030 per
3299 1953 3498 2030 Gallias

1918 2021 2200 2104 universas
2231 2021 2399 2104 (epist.
2433 2029 2490 2104 Δ5
2531 2039 2586 2104 et
2633 2021 2708 2099 6).
2764 2025 3042 2104 uesyeliio
3079 2021 3393 2103 Salonitano
3444 2024 3497 2104 in

1919 2116 2018 2155 sua
2049 2096 2311 2156 Decretali
2327 2101 2512 2222 1Σερίει.
2548 2099 2600 2166 l)
2627 2096 2926 2168 praescribit
2951 2105 3008 2148 ut
3032 2096 3082 2150 in
3105 2110 3202 2148 sua
3226 2096 3498 2162 provincia

1919 2170 2200 2222 Dalmatia:
2261 2185 2322 2222 ea
2363 2186 2448 2222 em
2517 2169 2872 2222 observentur
2933 2165 3000 2218 de
3071 2161 3498 2222 ordinationibus

1919 2170 2200 2224 Dalmatia:
2261 2161 2448 2223 eadem
2517 2161 2872 2222 observentur
2933 2165 3000 2218 de
3071 2161 3499 2222 ordinationibus

1919 2239 2161 2301 decreta,
2206 2254 2326 2308 qua:
2382 2241 2451 2293 ad
2491 2238 2728 2302 Gallias,
2784 2235 3090 2306 Hispanias,
3149 2243 3205 2289 et
3260 2229 3498 2288 Africam

1925 2310 2248 2364 transmisit.

1991 2380 2046 2432 in
2077 2379 2348 2433 Africanis
2374 2377 2664 2448 provinciis
2692 2389 2964 2444 complura
2982 2372 3151 2448 etiam
3202 2371 3411 2448 statuit.
3436 2369 3496 2448 in

1919 2447 2252 2518 Byzacenam
2277 2439 2518 2516 inci-spat
2537 2439 2836 2518 episcopos,
2849 2444 2996 2512 quod
3009 2442 3264 2496 laicorum
3279 2439 3500 2508 judiciis

1919 2516 2027 2570 nun
2056 2527 2344 2572 vereantur
2369 2519 2597 2570 subdere
2621 2516 2951 2568 sacerdotes.

1995 2587 2052 2656 In
2121 2586 2495 2656 Mauritaniam
2561 2584 2946 2656 Catsarienseln
2986 2579 3376 2656 _A_ugustinum
3435 2592 3503 2631 se

1919 2655 2168 2709 conferre
2190 2655 2398 2724 impulit
2415 2655 2484 2707 ob
2503 2653 2865 2724 terminandas
2877 2650 3129 2724 Ecclesiae
3153 2650 3502 2724 necessitates

1921 2726 2006 2792 (ex
2041 2715 2281 2778 Possidio
2313 2726 2364 2777 in
2392 2724 2508 2776 Vita
2535 2725 2670 2792 Aug.
2693 2737 2814 2790 cap.
2834 2720 2904 2792 ιι
2927 2729 2982 2774 et
3003 2735 3072 2792 ett
3095 2717 3252 2785 epist.
3280 2715 3337 2770 S.
3359 2715 3498 2792 Aug.

1920 2787 2024 2848 157
2050 2795 2117 2848 ad
2153 2794 2426 2861 Opuituni)
2451 2809 2572 2846 cum
2601 2787 2666 2846 de
2691 2787 2854 2846 causa
2887 2789 3310 2861 Deitatistarum,
3348 2794 3401 2838 et
3427 2787 3501 2861 de

1919 2854 2370 2932 appellationibus
2401 2854 2468 2915 ad
2503 2863 2687 2932 sedem
2718 2858 3073 2932 apostolicam
3104 2856 3386 2923 agebatur.
3425 2854 3500 2922 De

1903 2928 2005 2987 suis
2031 2933 2317 2988 videndum
2343 2942 2427 2987 est
2452 2930 2746 2995 concilium
2791 2928 3222 2995 Carthaginiense
3258 2940 3328 2986 γι,
3378 2939 3497 2993 cap.

1921 3003 1988 3056 2:
2026 3020 2042 3054 ι
2067 3002 2316 3068 lnjuncla
2343 3002 2498 3057 nobis
2522 3009 2648 3055 sunt
2667 3016 2698 3053 a
2721 2999 2849 3054 sede
2871 2997 3163 3068 apustolica
3197 2995 3498 3061 aliqua.....

1924 3071 2037 3127 Hoc
2085 3066 2170 3126 est
2212 3073 2278 3126 tle
2326 3071 2558 3127 Niconis
2612 3066 2920 3124 canouibus
2959 3076 3018 3122 ut
3061 3066 3436 3120 observentur.
3476 3080 3496 3112 ι

1843 3119 1887 3182 C
1921 3119 2276 3197 Sarvdicensis
2291 3119 2502 3197 concilii
2531 3156 2702 3194 canon
2731 3119 2868 3200 erat,
2890 3119 3086 3204 dequo
3111 3119 3183 3190 ibi
3212 3134 3497 3204 agebatur,

1917 3211 2046 3267 licet
2072 3212 2318 3266 Nicatnus
2339 3227 2512 3282 canon
2539 3210 2900 3282 appellaretur
2923 3221 2953 3258 a
2981 3203 3252 3282 pontifice,
3269 3217 3333 3282 eo
3358 3203 3500 3282 qtmd

1917 3282 2009 3336 illa
2037 3283 2142 3336 duo
2169 3283 2421 3345 concilia,
2450 3276 2726 3352 Nieaéuum
2756 3288 2812 3334 et
2855 3276 3214 3352 _S_ardicense,
3259 3276 3498 3352 juncti-ut

1917 3365 2028 3407 uno
2065 3352 2116 3406 in
2145 3351 2280 3405 libro
2307 3343 2570 3420 cou‘ipleta
2606 3349 2753 3420 (cum
2775 3346 3194 3420 etNicmnorum
3215 3343 3502 3420 explicatio

1919 3423 1973 3475 in
2003 3414 2766 3488 Sardieensibus"haberetur)
2801 3417 2998 3489 Memini
3037 3414 3254 3489 nomine
3297 3414 3499 3489 passim

1921 3491 2190 3553 venirent,
2221 3505 2286 3545 ea
2316 3491 2614 3559 praesertim
2641 3485 2801 3542 athuc
2821 3485 3154 3559 ac__plu_ribus
3175 3485 3498 3559 consecutis.

1925 3549 2332 3614 Reverentiam'
2353 3577 2513 3629 quant
2543 3560 2843 3629 debuerant
2885 3549 3192 3629 Zosimouse
3223 3549 3502 3629 professos

1925 3638 2194 3684 testantur
2224 3619 2412 3686 Patres
2465 3628 2707 3683 Africani
2733 3627 2788 3679 in
2832 3641 2927 3680 sua
2945 3623 3210 3697 synodica
3247 3621 3313 3673 ad
3344 3619 3504 3697 Boui-

1925 3699 2123 3754 facium
2157 3700 2356 3754 Zosimi
2385 3711 2789 3761 successorem,
2841 3704 2900 3748 ut
2945 3690 2998 3745 in
3048 3690 3504 3756 subsequentibus

1925 3771 2263 3824 ostendetur.

239 3926 3495 3962 WW

1109 4077 1390 4157 XLIV.
1459 4072 1936 4156 SANCTUS.
1978 4069 2625 4196 summotus.

1057 4259 1226 4303 anno
1268 4259 1517 4302 rnutsrt
1560 4239 1704 4314 M9,
1748 4259 2018 4302 nomen"
2062 4239 2159 4310 15,
2203 4254 2543 4300 resonos"
2588 4234 2687 4298 12.

469 4351 583 4430 σο
612 4347 1001 4427 Bonifacius,
1022 4348 1274 4408 natione
1294 4346 1630 4420 Romanus,
1664 4364 1742 4407 ex
1755 4353 1939 4425 patre
1957 4340 2248 4404 locando
2265 4339 2655 4422 presbytero,
2687 4333 2843 4396 sedit
2873 4345 3070 4393 annos
3099 4335 3248 4400 tres,
3273 4337 3506 4385 mensos

385 4459 698 4532 quatuor,
763 4449 890 4514 dies
945 4452 1248 4516 tredecim
1279 4466 1330 4511 ει.
1390 4451 1514 4514 Hic
1544 4451 1655 4512 sub
1717 4449 2108 4512 contentione
2151 4464 2291 4507 cum
2353 4442 2608 4506 Eulalia
2679 4437 3014 4502 ordinatur
3065 4449 3195 4498 una
3247 4430 3395 4505 die,
3450 4435 3509 4488 et

381 4553 518 4633 fuit
570 4552 870 4614 dissensio
923 4555 988 4615 in
1043 4553 1208 4616 clero
1270 4555 1604 4616 mensibus
1635 4562 1905 4634 septem,
1973 4557 2035 4615 et
2100 4569 2214 4630 per
2269 4550 2410 4613 dies
2488 4546 2856 4630 quindecim
2878 4549 2932 4605 ιι.
3010 4538 3310 4603 Eulalius
3356 4550 3507 4597 vero

383 4657 726 4720 ordinatur
793 4660 860 4721 in
931 4660 1198 4722 basilica
1273 4659 1850 4733 Constantiniana,
1921 4656 2289 4720 Bonifacius
2359 4661 2570 4719 autem
2647 4653 2714 4714 in
2781 4648 3043 4712 basilica
3101 4643 3308 4706 Julite.
3384 4639 3508 4701 Eo-

302 4764 342 4824 5
385 4761 540 4825 dem
601 4769 888 4844 tempore
934 4765 1202 4828 audiens
1267 4765 1388 4827 hoc
1445 4764 1725 4827 Placidia
1781 4766 2070 4842 Augusta
2123 4779 2271 4824 cum
2327 4759 2460 4821 filio
2509 4772 2628 4818 suo
2683 4754 3134 4816 Valentiniano
3188 4753 3507 4830 Augusto,

385 4869 548 4930 dum
615 4869 911 4932 sederent
972 4872 1314 4943 Ravennae,
1369 4870 1590 4932 retulit
1646 4870 1936 4932 Honorio
1986 4869 2277 4944 Augusto
2331 4861 2677 4927 Mediolani
2740 4858 3015 4932 sedenti,
3080 4857 3306 4919 eodem
3343 4861 3508 4914 tem-

385 4987 548 5051 pore
618 4973 806 5040 ambo
885 4974 1156 5051 Augusti
1232 4975 1428 5036 missa
1500 4975 1875 5036 auctoritate
1945 4971 2066 5032 hoc
2126 4974 2599 5049 prmceperunt,
2655 4974 2726 5028 ut
2783 4965 2972 5026 ambo
3026 4961 3290 5040 exirent
3342 4954 3510 5014 civi—

386 5080 607 5137 tatem.
692 5077 818 5150 Qui
901 5078 1054 5140 dum
1141 5078 1456 5157 compulsi
1537 5077 1864 5148 exissent,

1063 5181 1358 5259 martyris
1452 5181 1547 5242 via
1639 5179 1895 5240 Salaria.

386 5183 504 5239 ctu)
610 5178 961 5242 Felicitatis

231 5283 681 5345 .105anctum
783 5284 1088 5344 Hermen.
1189 5283 1502 5344 Veniente
1604 5289 1818 5345 autem

1947 5072 2255 5134 habitavit
2332 5069 2694 5132 Bonifacius
2775 5069 2841 5128 in
2929 5062 3292 5130 cmmeterio
3361 5072 3508 5118 san-

2003 5175 2294 5238 Eulalius
2391 5190 2541 5236 vero
2639 5173 2710 5234 in
2805 5171 3060 5233 civitate
3155 5161 3330 5227 Antii
3426 5160 3504 5220 ad

1919 5281 2213 5359 proximo
2300 5278 2404 5340 die
2481 5276 2778 5349 Paschm,
2869 5268 3271 5352 praesumpsit
3370 5265 3506 5325 Eu—

382 5389 600 5463 lalius,
697 5405 774 5452 eo
845 5389 1019 5469 quod
1105 5388 1434 5450 ordinatus
1516 5388 1745 5450 fuisset
1819 5388 1887 5448 in
1955 5387 2217 5449 basilica
2280 5383 2826 5455 Constantiniana,
2911 5385 2971 5441 et
3044 5371 3334 5436 introivit
3391 5369 3505 5431 Ur-

1304 5527 1568 5570 NOTULIE
1610 5526 2010 5567 MABGI‘NALES
2092 5523 2426 5566 FABROTTI.

303 5640 328 5667 ι
356 5628 424 5695 Β,
450 5645 559 5684 ann
581 5631 633 5693 5,
661 5631 841 5685 minus
861 5631 897 5684 2
921 5630 1220 5692 mensibus,
1248 5637 1301 5682 et
1331 5629 1364 5680 5
1389 5627 1510 5680 dieb
1535 5642 1562 5678 a
1588 5625 1719 5680 Cuss
1743 5625 1924 5684 llouor
1948 5627 2039 5682 XII
2065 5636 2119 5686 et
2145 5625 2328 5681 Theod
2352 5623 2486 5689 Vlll,
2507 5622 2573 5677 ad
2597 5619 2955 5676 Martmanum
2980 5625 3035 5674 et
3059 5616 3508 5688 Asclepiodorum

237 5697 386 5754 C058.
483 5701 510 5740 δ
541 5701 673 5758 Vide
705 5701 883 5758 Baron
911 5702 978 5758 ad
1000 5718 1106 5754 ann
1135 5699 1344 5755 Domini
1372 5696 1494 5760 “8,
1527 5697 1576 5750 in
1603 5697 1725 5751 (inc.
