4002 6316
173 327 289 395 22$
958 328 1276 386 HISTORIA
1317 329 1411 389 Μ
1426 328 1635 389 γιπει
1654 330 1753 389 no;

1857 330 2056 389 Ροατ.
2085 356 2165 379 σ-ί
2180 334 2257 389 Su
2281 333 2529 392 SIXTUS
2569 338 2652 393 Ill.
3325 344 3432 400 226

175 443 379 525 ratibus
428 439 676 525 Ecclesiis
707 440 1120 525 _ru_ina
1145 444 1489 525 providenter
1528 444 1744 510 avertit,
1774 451 1829 510 Α
1853 445 2158 525 minabatur
2187 464 2205 501 :
2227 447 2656 525 oujitsﬂistorim
2698 464 2964 525 summam
2990 469 3057 507 ex
3089 452 3434 524 Pagin'sale'

175 513 387 586 vicibus
420 513 622 586 pariter
639 513 753 586 suis
778 514 940 586 beato
958 513 1158 582 Cyrillo
1183 514 1541 586 demandatis.
1607 583 1619 586 _
1849 516 1955 570 etis
2002 517 2144 571 notis
2181 513 2339 586 paulo
2382 528 2513 572 ante
2555 521 2893 586 prmmissam
2920 539 3026 578 non
3074 513 3195 580 esti,
3215 539 3313 580 cur
3342 525 3434 582 hic

241 579 484 636 HmrcSis
532 579 863 637 Nestorianae
915 579 1125 638 fun'esta
1164 584 1313 653 origo
1344 584 1553 638 ruinam
1606 583 1747 639 hanc
1847 592 2155 654 repetamus
2173 579 2239 640 ex
2262 584 2323 639 D.
2356 579 2767 657 archiepiscopo
2789 588 3020 646 Sontier.

181 746 3420 775 —-——-———-—-——-—-—-—-———-——-————-————————-—-———————————-————.

1085 892 1329 969 XLVI
1413 891 1867 972 SANCTUS
1931 891 2299 1013 merus
2358 892 2550 985 11L,

895 1084 1064 1128 uno
1119 1084 1366 1129 ounrsn
1412 1067 1566 1138 1:32,
1612 1082 1950 1125 τηεουοειι
1992 1064 2104 1137 25,
2150 1082 2595 1126 “manuum
2653 1068 2717 1129 8.

442 1298 563 1371 ’33
590 1293 814 1353 Sixtus
874 1292 1123 1364 tertius,
1185 1292 1436 1351 natione
1496 1292 1839 1363 Romanus,
1899 1310 1976 1350 ea:
2034 1298 2213 1369 patre
2267 1291 2450 1351 Sixto
2489 1335 2506 1364 ,
2564 1291 2725 1353 sedit
2786 1310 2983 1352 annos
3050 1297 3219 1373 octo,
3301 1293 3434 1358 dies

320 1397 412 1459 ’19
452 1418 511 1458 ι.
575 1398 699 1458 Hic
752 1403 897 1474 post
951 1412 1187 1457 armum
1245 1396 1563 1474 primum,
1644 1400 1706 1456 et
1770 1410 2025 1456 menses
2088 1402 2276 1467 octo,
2330 1415 2370 1454 α
2423 1396 2688 1474 quodam
2752 1396 3000 1457 bBas-so
3069 1398 3433 1469 incrimine-

330 1507 437 1560 tus
511 1507 957 1580 accusatusque
980 1506 1100 1560 est.
1154 1498 1391 1559 Eodem
1438 1504 1724 1575 tempore
1778 1494 2046 1558 audiens
2103 1494 2221 1557 hoc
2272 1497 2776 1559 Valentinianus
2807 1500 3182 1576 Augustus,
3234 1503 3435 1581 jussit

328 1601 682 1664 concilium
735 1608 967 1663 sancta;
1030 1601 1259 1681 synodi
1328 1601 1720 1679 congregari,
1776 1607 1836 1663 et
1893 1599 2058 1663 facto
2120 1607 2439 1663 conventu
2502 1621 2638 1662 cum
2695 1620 2916 1681 magna
2978 1607 3436 1672 examinatione

240 1704 290 1764 ~5
319 1690 579 1782 judicio
658 1704 1011 1783 synodicoc
1071 1711 1469 1782 purgatus‘a
1527 1703 1981 1783 quinquaginta
2046 1721 2156 1763 sex
2218 1705 2565 1783 episcopis,
2628 1711 2690 1766 et
2760 1706 3221 1770 condemnatus
3270 1711 3434 1773 ’Βδε-

327 1826 443 1869 sus
519 1826 553 1869 a
623 1807 911 1886 synodo,
980 1806 1068 1868 ita
1123 1813 1335 1869 tamen
1401 1811 1470 1867 ut
1547 1805 1625 1867 ad
1706 1804 2007 1869 ultimum
2083 1804 2312 1869 diemd
2378 1806 2676 1868 viaticum
2754 1807 2812 1871 ei
2891 1826 3018 1870 non
3093 1822 3434 1889 negaretur

323 1918 596 1989 ιιι-θρίου
673 1910 1133 1973 humanitatem
1225 1908 1480 1988 pietatis
1558 1908 1878 1971 Ecclesiae.
1960 1910 2097 1971 Hoc
2186 1910 2458 1971 audiens
2537 1911 3023 1975 Valentinianus
3100 1916 3431 1994 Augustus

328 2030 485 2075 cum
558 2017 756 2074 matre
823 2030 940 2074 sua
1012 2010 1263 2073 Placida
1332 2012 1618 2088 Augusta
1670 2010 1886 2076 furore
1959 2018 2180 2075 sancto
2241 2014 2568 2086 commoti,
2623 2016 3084 2095 proscriptione
3132 2014 3429 2101 Bassum

304 2114 969 2189 ~condemnaverunt,
1049 2121 1111 2177 et
1197 2117 1412 2178 omnia
1486 2116 1724 2195 praedia
1801 2116 2166 2179 facultatum
2243 2118 2383 2197 ejus
2457 2120 2753 2181 Ecclesia:
2832 2121 3152 2187 catholicm
3228 2130 3433 2190 socia-

216 2219 288 2278 10
327 2223 590 2279 verunt.
641 2217 768 2291 Qui
821 2218 1052 2279 Bassus
1110 2224 1278 2279 nutu
1326 2217 1680 2280 divinitatis
1740 2219 1905 2282 intra
1962 2236 2220 2282 menses
2287 2226 2413 2284 tres
2482 2222 2820 2285 defunctus
2879 2225 3167 2288 moritur.
3225 2227 3427 2308 Cujus

302 2337 575 2400 corpus
653 2321 871 2381 Sixtus
959 2321 1300 2399 episcopus
1364 2338 1520 2382 eum
1601 2322 2121 2394 linteaminibus,
2188 2328 2251 2383 et
2306 2325 2693 2386 aromatibus
2757 2326 3050 2387 manibus
3109 2328 3247 2389 suis
3308 2337 3433 2390 tra-

327 2429 557 2496 ctans,
627 2423 1111 2504 recondensque
1154 2434 1178 2463 °
1242 2424 1536 2502 sepelivit
1605 2422 1682 2486 ad
1742 2424 1999 2487 beatum
2080 2426 2339 2488 Petrum
2407 2426 2764 2505 apostolum
2827 2428 2896 2488 in
2960 2429 3260 2493 cubiculo
3315 2448 3433 2510 pa-

324 2534 597 2590 rentum
627 2528 792 2607 ejus.

262 2712 265 2719 Ι
402 2635 525 2709 ea
575 2632 700 2694 Hic
757 2630 906 2695 fecit
956 2639 977 2679 ι
1028 2631 1350 2695 basilicam
1404 2647 1639 2695 sancue
1692 2631 1951 2708 Mariae,
2024 2648 2169 2711 qua
2241 2631 2320 2713 ab
2380 2632 2662 2712 antiquis
2722 2632 2959 2695 Liberii
3020 2637 3433 2715 cognomina-

328 2737 528 2800 batur
598 2737 781 2816 juxta
859 2735 1192 2799 macellum
1275 2737 1491 2816 Libyae
1522 2744 1585 2812 ε,
1658 2736 1771 2797 ubi
1845 2745 1908 2797 et
1985 2735 2217 2798 obtulit
2297 2735 2698 2799 haec:altare
2774 2744 3141 2815 argenteum
3219 2743 3433 2820 puris-

320 2840 575 2902 simum
628 2856 905 2919 pensans
958 2837 1153 2901 libras
1214 2844 1527 2902 trecentas
1560 2859 1577 2913 ;
1611 2844 1871 2917 patenas
1901 2844 2230 2918 argenteas
2260 2843 2413 2912 tres,
2444 2844 2786 2920 pensantes
2826 2839 3017 2903 libras
3048 2843 3428 2924 sexaginta;

326 2960 511 3004 amas
586 2949 919 3020 argenteas
992 2949 1309 3022 quatuor,
1382 2950 1724 3019 pensantes
1792 2941 1986 3004 libras
2068 2942 2440 3020 sexaginta;
2504 2942 2817 3022 scyphum
2895 2924 3161 3009 aureum
3219 2948 3433 3028 puris-

245 3050 293 3109 5
331 3048 618 3119 simum,
687 3052 1063 3126 pensantem
1122 3045 1315 3107 libras
1378 3043 1904 3124 quinquaginta;
1979 3044 2257 3124 scyphos
2309 3050 2645 3124 argenteos
2696 3045 3030 3126 quinque,
3086 3058 3431 3128 pensantes

326 3150 533 3211 libras
587 3148 1115 3228 quinquaginta;
1181 3146 1411 3209 calices
1477 3146 1932 3209 ministeriales
2006 3154 2341 3225 argenteos
2422 3148 2640 3210 decem
2677 3192 2693 3220 ,
2770 3156 3111 3228 pensantes
3189 3151 3430 3231 singuli

327 3253 527 3315 libras
591 3258 782 3327 tres;
855 3249 1305 3331 aquaemaniles
1365 3255 1700 3327 argenteos
1726 3250 1797 3320 δ’,
1870 3256 2214 3329 pensantes
2285 3249 2525 3327 singuli
2595 3248 2787 3310 libras
2867 3256 3066 3325 octo;
3132 3270 3431 3317 coronam

331 3357 597 3436 pharam
660 3361 808 3419 ante
864 3355 1060 3417 altare
1117 3362 1504 3431 argenteam,
1558 3356 1927 3431 pensantem
1986 3352 2178 3414 libras
2242 3352 2537 3431 triginta;
2591 3368 2857 3414 coronas
2904 3363 3232 3432 argenteas
3276 3357 3431 3436 pha-

329 3456 499 3517 rales
557 3453 811 3530 triginta
872 3459 1167 3531 quatuor,
1226 3455 1579 3529 pensantes
1652 3448 1846 3510 libras
1880 3448 2146 3523 decem;
2199 3450 2572 3512 candelabra
2608 3455 2903 3528 argentea
2939 3463 3233 3534 quatuor,
3264 3444 3432 3537 pen-

224 3566 295 3625 10
331 3563 541 3625 santia
623 3560 817 3622 libras
904 3560 1193 3639 viginti;
1291 3557 1859 3622 tltimiamaterium
1955 3566 2370 3637 argenteum,
2469 3578 2745 3639 pensans
2811 3560 3009 3623 libras
3086 3560 3429 3641 quinque;

332 3664 635 3727 cantharo
681 3670 990 3726 cerostata
1050 3662 1426 3725 aurochalca
1492 3666 1510 3705 ί
1579 3661 1810 3738 viginti
1869 3667 2184 3740 quatuor,
2244 3662 2581 3741 pensantia
2638 3661 2831 3724 libras
2877 3664 3010 3737 15;
3069 3663 3431 3741 possessio:

329 3786 483 3831 nem
560 3769 957 3831 scaurianam
1033 3766 1101 3829 in
1172 3766 1493 3828 territorio
1575 3766 1967 3837 GacitanOi,
2046 3772 2447 3843 praestantem
2522 3766 2738 3828 omnia
2814 3763 2975 3826 inibi
3052 3780 3195 3825 cum
3257 3764 3431 3843 adja-

325 3871 633 3935 centibus
685 3871 763 3932 ad
820 3870 1026 3949 tignis
1069 3854 1310 3934 solidos
1367 3871 1507 3946 312,
1568 3875 1632 3933 et
1693 3869 2039 3932 trimisium
2074 3876 2148 3945 ἰς
2188 3872 2660 3951 possessionem
2703 3872 3146 3933 Marmoratam
3178 3868 3248 3928 in
3283 3876 3423 3931 ter-

332 3978 566 4040 ritorio
641 3977 1063 4049 Prienestino,
1131 3984 1531 4057 praestantem
1602 3976 1840 4039 solidos
1901 3982 2160 4038 centum
2219 3976 2683 4056 quinquaginta
2760 3975 2983 4048 duos;
3069 3975 3430 4053 possessio-

226 4084 297 4145 15
334 4099 487 4145 nem
541 4080 771 4143 celeris
830 4081 895 4143 iu
952 4081 1272 4144 territorio
1320 4081 1566 4142 Afilano
1614 4080 1660 4153 ι,
1733 4086 2130 4159 praestantem
2191 4078 2434 4140 solidos
2485 4084 2782 4152 centum,
2839 4084 2900 4139 et
2960 4077 3301 4153 undecim,
3363 4064 3433 4140 et:

333 4187 726 4258 trimisium;
782 4186 1056 4247 Domum
1114 4185 1374 4248 Palmati
1430 4185 1592 4247 intra
1655 4184 1916 4257 Urbem,
1975 4185 2158 4262 juxta
2215 4183 2378 4244 inibi
2439 4182 2768 4245 basilicam
2832 4200 2979 4245 cum
3038 4182 3421 4256 balneo,.et

331 4272 615 4363 pristino
654 4307 717 4364 ιιι,
771 4296 1170 4369 prmstantem
1244 4290 1484 4351 solidos
1566 4289 1735 4361 15's;
1817 4306 2076 4352 cervum
2158 4295 2528 4366 argenteum
2607 4287 2677 4348 in
2732 4286 2963 4349 fonten
3036 4284 3429 4348 fundentem

332 4408 612 4469 aquam,
672 4401 1043 4471 pensantem
1115 4393 1305 4454 libras
1358 4391 1674 4469 triginta;
1738 4392 1952 4453 omnia
2011 4409 2155 4453 vasa
2210 4390 2509 4469 baptismi
2574 4396 2812 4452 sacrata
2888 4394 3184 4467 argentea
3231 4388 3429 4451 libras

337 4494 456 4567 15;
507 4496 827 4559 ccenacula
882 4495 1071 4574 regiae
1110 4494 1443 4574 gradorum
1476 4482 1858 4555 adhaerentia
1887 4499 1913 4527 °
1949 4493 2250 4565 basilicas,
2295 4491 2395 4554 vel
2452 4492 2766 4573 quidquid
2802 4488 3054 4555 videtur
3119 4509 3260 4555 esse
3316 4492 3419 4553 in-

227 4597 300 4657 ω
340 4598 678 4661 trinsecus.
731 4601 857 4662 Hic
914 4600 1164 4662 ornavit
1219 4601 1300 4664 de
1359 4606 1621 4677 argento
1688 4596 2157 4661 confessionem
2220 4596 2387 4660 beati
2442 4597 2608 4660 Petri
2657 4596 2964 4676 apostoli,
3024 4613 3170 4677 quia
3234 4595 3424 4659 habet

337 4692 535 4754 libras
558 4694 1063 4774 quadringintas.

414 4798 526 4871 65
605 4798 1350 4877 Hujussupplicanone
1453 4799 1684 4861 ontulit
1762 4797 2249 4861 Valentinianus
2317 4803 2648 4877 Augustus
2731 4800 3074 4877 imaginem
3114 4817 3427 4863 auream»

338 4918 485 4964 cum
561 4900 899 4963 duodecim
981 4901 1220 4979 portis,
1289 4905 1349 4962 et
1416 4900 1741 4979 apostolos
1798 4900 2179 4974 duodecim,
2257 4907 2315 4963 et
2379 4902 2763 4962 Salvatorem
2828 4902 2895 4960 in
2952 4901 3219 4978 gemmis
3282 4916 3426 4977 pre-

341 5005 712 5068 tiosissimis
778 5013 1062 5068 ornatam
1115 5022 1313 5083 super
1367 5006 1838 5068 confessionem
1895 5004 2063 5067 beati
2116 5006 2279 5067 Petri
2326 5004 2622 5083 apostoli.
2688 5003 2859 5067 Fecit
2918 5015 3128 5067 autem
3186 5003 3427 5066 Valen-

339 5096 625 5172 tinianus
686 5126 762 5171 ex
812 5116 1036 5186 rogatu
1085 5107 1244 5168 Sitti
1299 5108 1582 5188 episcOpi
1630 5107 1954 5185 fastigium
2007 5115 2377 5185 argenteum
2437 5109 2501 5166 in
2557 5107 2812 5168 basilica
2868 5105 3417 5179 Constantiniana,

268 5214 512 5295 Siquod
575 5232 612 5277 a
668 5213 952 5277 barbaris
1016 5211 1336 5274 sublatum
1409 5211 1654 5284 fuerat,
1735 5210 1911 5291 quod
1986 5210 2286 5291 pensabat
2363 5208 2557 5272 libras
2632 5210 3011 5290 quingentas
3079 5214 3142 5270 et
3217 5205 3423 5270 unde-

1247 5377 1511 5420 NOTULE
1553 5375 1952 5421 HARGINALES
1986 5373 2323 5419 FABBOTTI.

269 5492 293 5520 ι
319 5479 381 5546 B,
410 5483 588 5538 minus
612 5482 666 5537 d.
696 5481 786 5545 30,
819 5496 849 5534 a
874 5494 996 5536 coss
1019 5478 1168 5545 Elii,
1200 5488 1255 5533 et
1283 5477 1498 5543 Valerii,
1529 5478 1594 5532 ad
1617 5475 2046 5532 Valentinianum
2069 5475 2178 5530 Vel
2201 5475 2524 5531 Anatolium.
2600 5477 2629 5516 δ
2669 5471 2796 5527 Vide
2843 5473 2969 5528 Bnr.
3001 5474 3073 5527 ad
3102 5490 3229 5546 ann.
3262 5472 3425 5546 Dom.-

201 5543 480 5623 έόξηρας.
529 5552 659 5623 64οε
748 5543 808 5590 ε’
846 5550 1045 5623 Judicii
1093 5543 1330 5623 synodici
1376 5556 1653 5623 purgatus.
1726 5548 1886 5623 d_‘_ln
1931 5548 2119 5603 ultimo
2148 5547 2273 5623 die.
2366 5548 2483 5623 °_C.
2514 5546 2572 5607 Β,
2618 5545 3038 5623 recondidit-et.
3120 5544 3180 5583 τ’
3211 5543 3420 5623 refecit.

208 5612 461 5690 rudia;
537 5612 1138 5690 h'Aqnamanunulos:
1213 5612 1660 5690 i‘auroclfalcei.

1842 5617 2069 5690 :ijetano.
2148 5617 2196 5690 k_
2222 5615 2284 5670 C.
2343 5615 2653 5690 triinissem.
2736 5612 2788 5649 ι·
2818 5614 3073 5690 Λςῑιίςληρ.
3106 5683 3120 5690 _
3151 5625 3191 5653 ιη
3223 5613 3296 5690 C._
3345 5614 3422 5684 pi-

204 5688 379 5743 strino.
451 5702 477 5730 υ
502 5696 514 5711 ⁸
545 5683 766 5747 Fonteii:
810 5689 1126 5758 baptisterii.
1203 5695 1228 5724 ⁸
1254 5690 1268 5709 ⁴
1295 5700 1326 5741 e
1366 5687 1581 5759 regione
1618 5683 1882 5758 graduum
1924 5686 2255 5746 adberentia.
2347 5696 2373 5734 I'
2399 5686 2414 5703 ‘
2446 5684 2731 5756 Imaginem
2763 5697 2979 5740 auream
3031 5683 3346 5765 Salvatoris.
