4004 6314
556 348 664 404 167

1706 339 2068 398 ANASTASII
2103 335 2669 413 BIBLIOTHECARIIV

3709 335 3811 395 468

556 461 694 533 Quid
725 462 1149 533 interest_utrum
1178 471 1436 527 paganus,
1454 463 1568 533 aut,
1590 455 1732 524 quod
1763 464 1850 510 est
1872 455 2129 533 deterius,
2158 451 2208 510 A
2230 452 2320 533 riis
2339 451 2452 506 suis
2491 459 2729 533 quatuor.
2749 464 2818 533 es
2865 459 3089 520 argento
3116 464 3327 533 puram:
3356 436 3527 519 Hujus
3570 451 3810 533 meminit

557 525 659 588 sub
688 532 903 587 nomine
930 525 1236 584 Christiano
1254 525 1445 580 veram
1471 527 1847 593 sinceramque
1886 525 2130 580 traditio-

558 619 677 677 nem
709 601 1018 672 apostolica
1044 598 1242 677 regula:
1266 595 1847 677 ιιοιιιιιιιιιῃἰιιῐινίιιειξιειιίἰ
1886 603 2048 676 atque
2077 595 2129 675 in

554 674 697 728 hanc
720 663 1072 739 prorumpere
1096 663 1418 739 ctecitatem,
1456 674 1514 739 ut
1540 681 1662 739 cum
1690 663 1743 718 in
1775 663 1879 719 illis
1900 665 2135 739 regioni-

557 745 657 796 bus
684 735 889 794 cunctae
918 735 1136 807 prorsus
1162 738 1396 807 haereses
1420 736 1701 807 opiniones
1741 750 1868 807 suas
1900 735 2132 788 habeant

556 805 1071 882 publicelireutiam
1104 806 1410 882 promendi.
1439 806 1551 882 sola
1579 805 1858 882 catholicae
1886 818 2128 882 commu-

558 874 734 936 nionis
762 881 985 933 libertas
1013 874 1230 946 putetur
1249 877 1317 931 ab
1338 876 1417 930 eis
1440 875 1529 943 qui
1553 889 1610 928 se
1640 874 1918 946 religiosos
1946 874 2131 946 existi-

556 942 1046 1005 mantsubruenda?
1055 946 1182 1012 Qua:
1198 946 1242 1000 si
1264 953 1483 1015 putatur
1495 958 1648 999 error
1663 942 1824 1011 (quod
1841 959 1944 997 non
1954 943 2104 1015 licet)
2115 984 2130 1007 ,

556 1036 679 1073 eum
720 1018 931 1073 caeteris
964 1016 1158 1084 quibus
1198 1013 1308 1071 illic
1335 1013 1565 1070 facultas
1600 1023 1685 1068 est
1722 1026 1884 1084 agere
1922 1013 2133 1084 sinatur

557 1089 853 1143 erroribus.
872 1086 965 1140 Sin
985 1082 1275 1154 integritas
1301 1083 1920 1151 mstimatur;sequenda
1954 1082 2130 1154 potius

556 1159 746 1217 fuerat,
770 1171 931 1226 quam
954 1151 1182 1208 violenta
1208 1154 1877 1226 persecutionevastanda.
1902 1174 1918 1204 ι
1938 1151 2130 1226 abici.)

631 1247 650 1280 ι
684 1223 1019 1282 Sic—recessit
1048 1226 1116 1278 ab
1144 1225 1395 1278 humanis
1437 1224 1702 1278 mentibus
1730 1223 1889 1283 Deus,
1937 1231 1994 1274 ut
2031 1224 2130 1275 ob-

555 1298 752 1352 stinate
793 1306 979 1350 contra
1025 1294 1140 1364 ejus
1187 1292 1510 1348 voluntatem
1561 1308 1667 1346 non
1724 1293 2128 1364 asp’ciantiet

556 1376 679 1437 post
716 1366 875 1434 hujus
893 1366 1024 1437 vit-.e
1051 1359 1267 1437 cursum
1287 1404 1301 1426 ,
1330 1363 1501 1437 illise
1529 1359 1809 1418 tremendo
1838 1376 1940 1437 non
1974 1359 2129 1437 defu-

561 1431 710 1490 iuros
730 1431 984 1497 examini,
1013 1433 1112 1489 sub
1139 1449 1249 1502 quo
1277 1433 1704 1502 perniciosorum
1737 1432 1909 1486 stmlia
1958 1431 2130 1502 modis

557 1505 808 1559 omnibus
849 1505 1118 1559 actionum
1155 1500 1395 1557 discussa
1438 1501 1722 1569 pateﬁant,
1767 1511 1824 1555 et
1864 1500 2131 1569 patefacta

556 1576 851 1643 puniantur
879 1591 894 1627 :
925 1573 1027 1628 nisi
1057 1574 1146 1643 qui
1184 1573 1296 1626 brec
1322 1572 1542 1643 omnino
1569 1588 1672 1625 non
1700 1571 1950 1643 credunt,
1972 1570 2131 1637 quive

559 1640 643 1697 illa
670 1660 729 1699 se
750 1640 1088 1713 perpetrasse
1112 1642 1327 1713 impune
1355 1641 1698 1713 confidunt...
1727 1640 1927 1713 Omnes
1949 1642 2133 1694 catho-

557 1712 647 1768 lici
674 1710 968 1783 principes,
998 1714 1112 1767 sive
1150 1710 1270 1766 cum
1293 1710 1913 1783 imperiigubernacula
1941 1724 2127 1764 susce—

554 1781 770 1859 perunt,
813 1781 930 1859 sive
953 1797 1073 1859 cum
1103 1781 1409 1859 apostolicae
1451 1781 1564 1835 sedi
1597 1795 1763 1859 novos
1800 1789 2132 1859 agnoverunt
2164 1800 2206 1859 Β

550 1849 814 1922 praesules
861 1849 1168 1922 institutos,
1217 1854 1282 1905 ad
1328 1864 1445 1904 eam
1493 1850 1737 1922 protinus
1782 1864 1879 1904 sua
1931 1849 2130 1922 scripta

557 1918 842 1988 miserunt,
870 1930 927 1976 ut
958 1936 1016 1976 se
1042 1920 1301 1976 docerent
1328 1934 1448 1975 esse
1476 1920 1593 1990 ejus
1617 1927 1914 1990 consortes.
1948 1918 2132 1987 Itaque

555 1993 645 2060 qui
673 1992 775 2048 hoc
802 2008 907 2047 non
945 1991 1187 2046 fecerunt
1233 1992 1301 2044 ab
1340 1989 1526 2043 eadem
1565 1989 1772 2060 seipsos
1809 1990 2133 2060 proﬁtentur

555 2058 797 2118 alienos:
834 2061 975 2130 quod
1022 2061 1226 2115 chartis
1272 2073 1485 2130 quoque
1530 2058 1822 2130 tuispapud
1867 2067 1918 2130 te
1966 2058 2132 2130 etiam

554 2132 824 2198 possimus
849 2127 1161 2185 astruere...
1205 2127 1309 2183 non
1351 2128 1580 2193 mirum,
1627 2128 1672 2182 si
1719 2127 1773 2182 in
1802 2127 2134 2198 orthodoxos

555 2197 802 2265 Saeviant,
829 2201 1025 2270 quibus
1055 2208 1231 2269 potest
1268 2213 1389 2270 cum
1422 2198 1639 2270 cunctis
1675 2197 2133 2270 hmrcsibuscom

556 2270 742 2325 venire
767 2288 781 2324 :
813 2266 866 2324 et
893 2266 1158 2325 universis
1185 2268 1460 2324 erroribus
1485 2267 1675 2332 amici,
1704 2282 1806 2322 non
1846 2266 2054 2336 possint
2076 2266 2131 2320 ui

559 2340 687 2393 solis
711 2354 830 2393 esse
860 2356 962 2393 non
992 2339 1301 2393 errantibus
1332 2336 1556 2391 inimici.
1592 2356 1610 2387 ι
1644 2337 1833 2405 (Ibid.)

628 2409 792 2463 Linea
820 2409 907 2462 12.
942 2439 1013 2448 -
1039 2408 1100 2462 Β.
1133 2406 1480 2477 Symmachus
1506 2407 1697 2477 invenit
1736 2405 2065 2477 Manicltatos
2079 2406 2132 2460 in

558 2479 684 2531 urbe
705 2478 888 2541 Roma,
918 2494 1137 2547 quorum
1161 2475 1392 2531 omnium
1418 2475 1719 2539 simulacra,
1751 2485 1856 2547 etc.
1889 2476 2133 2547 Pontifex

560 2545 1017 2619 Symmachusita
1041 2557 1159 2619 erat
1180 2547 1390 2619 alienus
1399 2555 1462 2619 et
1483 2559 1679 2619 expers
1699 2545 2133 2619 criminisMani-

557 2615 795 2671 chacismi
845 2634 938 2687 per
986 2617 1310 2672 calumniam
1352 2615 1433 2687 illi
1482 2616 1757 2687 imputati,
1806 2626 1865 2669 ut
1908 2616 2133 2687 historia

559 2685 957 2741 llililiothecarii
1010 2695 1300 2746 memoret,
1350 2685 1766 2739 Manichaeorum
1820 2685 2037 2740 codices
2081 2694 2138 2740 ct

557 2757 847 2810 simulacra
873 2766 997 2810 ante
1019 2756 1160 2811 fores
1188 2755 1424 2810 basilica:
1454 2754 1913 2809 Constantinianze
1944 2756 2135 2809 eodem

551 2825 776 2894 jubeute
806 2825 970 2879 fuisse
1005 2833 1380 2888 concremata,
1423 2826 1677 2894 ipsosque
1726 2823 2049 2880 Manichaeos
2080 2826 2134 2879 in

556 2896 805 2949 exsilium
833 2895 1033 2964 pulsos.

1123 3004 1556 3061 ALTASERRA.

628 3106 786 3161 Num.
820 3107 908 3174 77,
955 3105 1095 3162 linea
1148 3106 1201 3160 7.
1230 3135 1298 3147 κ-
1344 3105 1489 3160 Tunc
1542 3105 1730 3161 Festus
1777 3115 1823 3161 et
1872 3104 2136 3159 Probinus

557 3189 820 3230 senatores
842 3177 1091 3231 miserunt
1120 3175 1419 3231 relationem
1452 3177 1581 3246 regi,
1607 3186 1653 3230 et
1690 3185 1950 3246 eruperunt
1985 3191 2135 3245 agere

559 3260 611 3299 nt
643 3247 954 3314 uisitatorem
997 3247 1142 3300 daret
1194 3262 1284 3300 rex
1328 3247 1437 3300 sedi
1478 3243 1794 3314 apostolica).
1856 3243 2136 3298 Tunc'rex

557 3316 698 3369 dedit
724 3313 938 3369 Petrum
963 3315 1149 3369 Altinae
1194 3317 1416 3370 civitatis
1464 3316 1780 3385 episcoyum.
1834 3315 2135 3385 Instaurato

556 3386 847 3440 Schismate
872 3385 1017 3456 inter
1046 3384 1430 3456 Symmachum
1458 3394 1513 3439 et
1551 3383 1917 3456 Laurentium,
1946 3383 2135 3456 Petrus

559 3456 773 3510 Altinus
800 3454 1133 3524 episcopusa
1177 3455 1512 3510 Theoderico
1535 3470 1659 3524 rege
1683 3454 1979 3509 Gothorum
2011 3454 2133 3507 visi-

560 3536 699 3580 tator
725 3526 868 3579 sedis
912 3525 1217 3593 apostolica:
1268 3527 1445 3587 datus,
1490 3525 1883 3594 postulantibus
1927 3524 2134 3578 duobus

558 3596 895 3650 senatoribus
924 3604 1109 3649 contra
1136 3610 1386 3649 canones.
1434 3594 1574 3648 Idem
1633 3603 1814 3649 narrat
1866 3594 2131 3660 Sigebert.

558 3666 623 3718 al
655 3683 778 3718 ann.
806 3665 931 3719 Chr.
970 3665 1075 3719 496
1115 3683 1125 3717 :
1180 3684 1197 3715 ι
1234 3665 1409 3734 Aliqui
1463 3664 1824 3719 liornanorum
1873 3665 2134 3719 suborna-

562 3735 630 3787 tis
652 3734 1065 3806 l'alsistcstilms,
1085 3735 1488 3789 int-riminantcs
1512 3737 1889 3806 Symmachum
1915 3749 2130 3803 papam,

557 3806 787 3860 latenter
801 3805 1143 3859 Laurentium
1159 3807 1209 3859 in
1226 3816 1474 3874 papatum
1490 3804 2023 3869 subiutroduxermit,
2037 3819 2134 3874 pro

556 3888 663 3945 quo
684 3876 973 3931 schismate
994 3875 1312 3939 dirimcmlo,
1334 3891 1423 3929 rex
1441 3875 1805 3929 Theudoricus
1823 3876 2133 3944 episcopum

556 3944 809 4008 Petrum,
837 3955 1023 3999 contra
1071 3961 1306 4000 canones
1357 3946 1687 3999 visitatoretn
1733 3946 1875 3999 sedis
1920 3953 2134 4012 aposto-

557 4016 674 4070 lica:
704 4015 1013 4077 instituit,id
1037 4023 1120 4067 est
1145 4023 1203 4067 ut
1230 4015 1381 4083 pulso
1409 4025 1633 4083 utroque
1660 4016 1843 4068 sedem
1874 4023 2126 4067 teneret»

628 4083 784 4136 Num.
829 4084 911 4139 79.
959 4083 1123 4137 Linea
1154 4083 1420 4136 L—llic
1470 4084 1587 4150 fecit
1652 4083 1920 4135 basilicam
1967 4083 2132 4135 sancti

557 4154 780 4205 Andreae
819 4152 1077 4221 apostoli,
1116 4152 1256 4221 apud
1291 4153 1494 4205 beatum
1544 4150 1758 4206 Petrum
1809 4150 2128 4221 apostolum,

556 4222 644 4274 ubi
701 4221 821 4288 fecit
856 4220 1155 4290 'ciboriunt'
1203 4237 1267 4275 ea:
1344 4230 1584 4290 argento,
1647 4230 1693 4275 et
1756 4220 2128 4287 confessionem

556 4300 856 4359 pensantem
907 4288 1067 4343 libras
1123 4299 1325 4344 centum
1370 4288 1421 4343 ei
1475 4292 1673 4359 uiginti.
1736 4289 1905 4343 Altat'i
1943 4291 2128 4344 basili-

557 4376 634 4413 cae
662 4358 952 4427 imponitur
979 4360 1274 4422 ciborium,
1320 4369 1378 4412 ut
1411 4358 1537 4412 inl'r.
1568 4359 1687 4413 eod.
1723 4374 1737 4413 :
1772 4379 1789 4409 ι
1828 4359 1970 4414 lnlra
1998 4362 2128 4414 civi-

553 4436 717 4482 tatem
772 4428 1069 4482 Romanam
1114 4428 1390 4483 basilicam
1441 4440 1748 4484 sanctorum
1796 4429 2037 4485 Silvestri
2073 4440 2127 4484 et

2235 520 2461 591 (ιι-θεον.
2491 518 2620 575 Tur.
2658 521 2723 577 de
2751 518 2959 591 Mirac.,
2999 518 3223 591 martyr.
3266 520 3356 575 lib.
3386 537 3433 586 ι,
3470 534 3591 591 cap.
3619 518 3720 584 28,
3746 520 3809 591 de

2233 589 2453 647 basilica
2483 591 2626 646 Petri
2661 609 2673 644 :
2710 609 2729 642 ι
2764 590 2936 645 Habet
2964 589 3393 658 etiam‘quatuor
3437 589 3719 644 columnas
3758 590 3808 643 in

2234 661 2426 727 altari,
2452 678 2571 731 quae
2601 671 2727 716 sunt
2747 659 2906 716 simul
2954 669 3393 731 centumptaeter
3423 659 3575 731 illas,
3603 674 3723 731 quae
3745 661 3813 713 ci-

2234 677 2388 715 auart
2411 702 2426 727 ,
2452 678 2571 731 quae
2601 677 2727 716 sunt
2747 677 2906 716 suum
2954 677 3168 714 centum
3237 677 3393 714 ιτιθιρι·
3424 677 3575 723 mas,
3603 677 3723 726 quae
3745 677 3813 713 Ct-

2234 731 2447 801 horium
2483 730 2714 801 sepulcri
2760 738 3085 801 sustentant.
3126 749 3144 781 ι
3180 677 3249 784 Et
3280 727 3377 801 ini.
3414 729 3537 783 eod.
3572 744 3589 783 :
3632 747 3652 779 ι
3680 727 3814 783 Sunt

2236 800 2307 855 ibi
2329 812 2384 855 et
2405 798 2666 855 columna:
2687 800 2836 854 mirze
2859 798 3134 868 elegantia:
3154 800 3387 854 candore
3409 800 3570 854 niveo
3587 807 3817 866 quatuor

2236 886 2463 925 numero
2488 887 2608 936 quae
2641 870 2906 924 ciborium
2935 869 3163 936 sepulcri
3192 869 3464 923 sustinere
3492 868 3768 922 dicuntur.
3792 887 3809 919 ι

2236 887 2463 925 numero
2528 888 2608 926 me
2641 887 2906 924 emortum
2935 887 3163 936 sepulcri
3192 887 3464 923 susuncre
3492 887 3768 922 atcuntur.
3792 887 3809 919 ι

2235 887 2571 1019 Sepulcro‘il.
2594 940 2817 1009 Agnetis
2839 937 3089 1019 martyris
3112 939 3421 1019 impositum
3451 937 3725 1019 cibarium
3750 940 3817 992 ab

2235 1006 2488 1065 Honorio.
2544 1006 2794 1065 Ana'stas.
2850 1008 2903 1062 in
2948 1006 3064 1075 ejus
3112 1006 3220 1062 Vit.
3260 1027 3271 1061 :
3320 1026 3337 1058 ι
3368 1007 3597 1062 Ornavit
3640 1016 3817 1061 autem

2237 1080 2540 1148 sepulcrum
2593 1079 2712 1149 ejus
2740 1094 2804 1133 ex
2834 1086 3091 1149 argento,
3115 1078 3294 1147 posuit
3328 1087 3383 1132 et
3403 1078 3647 1149 desuper
3676 1077 3818 1131 cibo-

2232 1147 2369 1204 rium
2401 1165 2600 1204 aereum
2621 1147 2932 1203 deauratum
2964 1147 3113 1202 mira:
3142 1147 3545 1218 magnitudinis.
3583 1166 3601 1197 ι

2304 1218 2452 1274 Fecit
2491 1230 2662 1273 autem
2702 1218 2937 1271 oratoria
2993 1218 3095 1271 duo
3135 1215 3307 1271 sancti
3357 1215 3587 1271 Joannis
3636 1215 3821 1285 Bapti-
3872 1253 3884 1263 .

2232 1300 2354 1352 stre,
2401 1299 2447 1343 et
2490 1290 2659 1343 sancti
2703 1286 2930 1341 Joannis
2981 1285 3328 1357 Epangelistte
3359 1303 3376 1340 :
3411 1303 3529 1357 qua:
3576 1286 3819 1357 cubicula

2235 1360 2376 1412 omni
2424 1376 2455 1410 a
2511 1359 2849 1426 fundamento
2917 1355 3145 1426 perfecta
3213 1356 3526 1410 construxit.
3578 1355 3815 1409 Cubicu-

2235 1428 2341 1482 lum
2382 1424 2520 1482 idem
2554 1429 2695 1497 quod
2726 1424 2981 1480 sacellum
3011 1424 3453 1497 veloratorium,
3479 1435 3538 1480 ut
3569 1426 3677 1483 hoc
3706 1426 3819 1497 loco

2233 1513 2353 1567 qua:
2380 1498 2530 1567 prius
2557 1495 2699 1559 dicta
2744 1504 2870 1567 sunt
2912 1495 3182 1567 oratoria,
3223 1512 3345 1567 mox
3384 1495 3643 1567 dicuntur
3673 1496 3818 1567 cubi-

2234 1564 2394 1620 cula.‘
2424 1567 2613 1621 Anast.
2662 1567 2714 1620 in
2765 1565 3081 1621 Marcellino
3112 1583 3125 1619 :
3161 1589 3177 1615 ι
3222 1564 3315 1619 llic
3344 1564 3590 1635 sepultus
3620 1574 3720 1635 est
3767 1566 3817 1619 in

2235 1637 2539 1692 etemiterio
2585 1635 2882 1699 Priscilla),
2915 1636 2966 1689 in
2999 1634 3248 1689 cubiculo
3275 1634 3422 1689 claro
3444 1674 3457 1695 .
3484 1634 3633 1702 quod
3679 1644 3817 1703 patet

2237 1722 2403 1771 usque
2451 1707 2502 1760 in
2544 1707 2861 1761 hodiernum
2908 1706 3068 1759 diem.
3124 1725 3142 1757 ι
3195 1706 3335 1759 Idem
3381 1705 3434 1757 in
3479 1704 3669 1759 Leone
3710 1703 3814 1757 lll:

2242 1800 2257 1826 ι
2296 1776 2550 1831 Cubicula
2583 1791 2712 1830 vero
2734 1776 2888 1845 juxta
2920 1774 3201 1845 ecclesiam
3236 1774 3377 1828 beati
3412 1773 3561 1845 Petri
3601 1784 3815 1845 aposto-

2235 1846 2407 1899 lorum
2453 1846 2710 1916 principis
2740 1844 2792 1916 in
2841 1844 3115 1916 meliorem
3146 1853 3346 1916 statum
3394 1844 3592 1916 erexit.
3637 1864 3655 1895 ι
3696 1844 3816 1916 Inde

2235 1914 2545 1970 cubicularii
2575 1915 2703 1971 dicti
2730 1914 2913 1970 clerici
2932 1955 2947 1981 ,
2970 1914 3060 1984 qui
3088 1915 3468 1969 ministrabant
3517 1915 3570 1969 in
3624 1914 3815 1984 pratuli-

2234 1985 2333 2039 czis
2368 1986 2638 2040 oratoriis.

2307 2056 2516 2111 Gradus
2540 2072 2659 2110 vero
2681 2064 2799 2111 ante
2822 2054 2960 2124 fores
3000 2053 3229 2109 basilica:
3251 2052 3386 2107 beati
3423 2051 3569 2109 Petri
3599 2053 3817 2122 amplia-

2235 2125 2323 2195 t-it.
2357 2126 2437 2180 Ad
2482 2126 2759 2180 basilicam
2806 2125 2951 2179 Petri
2980 2124 3237 2195 gradibus
3262 2125 3598 2195 ascenditur.
3634 2124 3710 2195 Ea
3739 2131 3815 2177 est

2234 2194 2406 2250 forma
2436 2205 2677 2251 veterum
2702 2195 2894 2249 aedium
2924 2192 3233 2261 sacrarum,
3267 2203 3322 2247 ut
3352 2192 3612 2263 gradibus
3644 2193 3709 2247 ad
3732 2208 3818 2247 eas

2235 2265 2578 2320 ascendatur.
2605 2265 2857 2319 Anastas.
2884 2264 3008 2318 iul‘r.
3042 2264 3164 2317 eod.
3193 2263 3257 2317 de
3285 2264 3506 2319 basilica
3535 2262 3596 2316 Β.
3630 2263 3776 2316 Pauli
3801 2283 3812 2315 :

2241 2355 2257 2383 ι
2303 2335 2370 2389 Ει
2397 2347 2522 2390 ante
2550 2336 2697 2390 fores
2723 2335 2960 2388 basilicze
2984 2334 3183 2404 gradus
3213 2332 3337 2388 fecit
3360 2335 3410 2387 in
3434 2335 3595 2395 atrio,
3621 2343 3679 2388 et
3697 2350 3817 2386 can-

2236 2404 2471 2458 tharum.
2512 2425 2530 2456 ›
2564 2405 2703 2459 Idem
2733 2404 2784 2458 in
2817 2403 3092 2473 Stephano
3118 2403 3183 2456 IV
3217 2420 3230 2456 :
3269 2423 3287 2454 ι
3324 2405 3494 2469 Quem
3524 2407 3592 2474 ad
3623 2403 3819 2474 gradus

2235 2474 2477 2529 ecclesia:
2498 2476 2638 2529 beati
2672 2474 2817 2529 Petri
2848 2472 3362 2542 comprehendentes
3388 2472 3650 2527 custodcs
3680 2472 3815 2525 Lon-

2271 2546 2593 2600 ohardorum
2621 2546 2685 2599 ad
2711 2560 2866 2598 suum
2904 2541 3243 2598 deduxerunt
3291 2558 3494 2612 regem.
3536 2563 3556 2594 ι
3593 2542 3739 2612 Idem
3766 2541 3814 2596 in

2271 2560 2593 2600 ouaruorum
2621 2560 2685 2599 au
2711 2560 2866 2598 suum
2904 2560 3243 2598 deduxerunt
3291 2560 3494 2612 regem.
3536 2563 3556 2594 ι
3594 2560 3739 2597 metu
3766 2560 3813 2596 ιιι

2235 2560 2472 2669 is’riano
2524 2633 2535 2666 :
2593 2632 2612 2665 ι
2659 2614 2884 2669 Carolus
2931 2629 3019 2667 rex
3068 2628 3256 2682 oniues
3299 2613 3498 2681 gradus
3547 2611 3813 2682 sigillatim

2238 2685 2477 2751 ejusdem
2509 2685 2886 2739 sacratissimae
2912 2684 3052 2738 beati
3086 2681 3228 2736 Petri
3256 2682 3512 2737 Ecclesia:
3539 2681 3817 2737 deuscula-

2238 2763 2323 2808 tus
2368 2764 2476 2813 cst.
2519 2763 2574 2809 et
2622 2755 2697 2809 ita
2746 2768 2916 2822 usque
2958 2753 3026 2807 ad
3076 2751 3527 2822 pnenomiuatum
3576 2754 3818 2822 pervenit

2237 2824 2542 2891 pontiﬁcem
2563 2863 2578 2887 ,
2611 2824 2700 2879 ubi
2729 2824 2782 2877 iu
2811 2820 2948 2876 atrio
2975 2820 3138 2890 super
3160 2823 3359 2890 gradus
3376 2820 3533 2888 juxta
3565 2820 3708 2878 fores
3732 2838 3817 2877 εε-

2237 2895 2414 2948 etesia:
2438 2893 2745 2949 assistebat.
2780 2914 2797 2945 ι
2830 2892 2910 2945 Ad
2941 2891 3135 2960 templa
3161 2892 3322 2960 etiam
3346 2892 3609 2960 gradibus
3633 2908 3817 2947 ascen-

2237 2963 2461 3017 debatur
2493 2981 2505 3016 :
2549 2964 2819 3019 Atnmian.
2862 2962 2957 3016 lib.
3006 2959 3140 3015 xitttl
3172 2977 3187 3014 :
3221 2981 3239 3011 ι
3272 2959 3520 3029 Namque
3567 2962 3817 3016 Kalendis

2240 3033 2369 3101 ipsis
2390 3032 2659 3088 Januariis
2671 3033 2994 3087 ascendente
3014 3031 3295 3099 eogradilc
3311 3029 3466 3101 Genii
3484 3033 3767 3101 templum.
3792 3053 3809 3083 ι

2243 3102 2309 3154 Μ.
2340 3102 2474 3155 Tull.
2504 3104 2569 3155 ad
2597 3104 2832 3157 Atticum
2857 3119 2942 3172 ep.
2973 3102 3021 3154 l.
3059 3119 3077 3151 ι
3105 3101 3247 3172 Cum
3285 3100 3556 3172 venissem
3600 3100 3670 3155 ad
3702 3118 3815 3171 por-

2243 3180 2350 3225 tam
2391 3173 2660 3242 Capenam
2708 3170 2906 3243 gradus
2955 3171 3270 3242 templorum
3320 3170 3389 3226 ab
3434 3171 3623 3226 intima
3669 3174 3816 3242 plebe

2240 3243 2484 3312 complcti
2513 3252 2684 3296 erant.
2725 3263 2744 3295 ι

2311 3310 2473 3367 Linea
2500 3312 2591 3366 Ξῖ).
2614 3344 2684 3352 -
2705 3312 2901 3367 Eodem
2929 3322 3154 3381 tempore
3199 3311 3320 3380 fecit
3365 3310 3646 3367 basilicam
3689 3312 3817 3365 beati

2240 3379 2536 3447 Pancratii,
2565 3383 2649 3435 ubi
2669 3392 2717 3437 et
2740 3381 2857 3450 fecit
2878 3379 3058 3435 arcum
3085 3379 3383 3449 argenteum
3400 3422 3418 3448 ,
3442 3383 3536 3450 qui
3569 3384 3815 3450 pensabat

2238 3452 2401 3506 libras
2443 3452 2755 3521 quindecim.
2803 3453 2974 3505 Arcus
3002 3452 3241 3521 argentei
3289 3462 3448 3506 erant
3493 3461 3814 3507 ornamenta

2236 3523 2428 3576 aedium
2456 3520 2748 3577 sacrarum
2770 3562 2784 3587 ,
2830 3530 2884 3575 ut
2919 3521 3006 3577 hic
3048 3532 3105 3576 et
3152 3520 3276 3576 inlr.
3310 3522 3432 3576 cod.
3468 3540 3487 3571 ι
3523 3523 3705 3576 Arcus
3731 3538 3814 3576 ar-

2237 3600 2457 3661 genteos
2478 3593 2791 3657 duodecim,
2838 3594 2928 3661 qui
2973 3592 3274 3660 peusabant
3300 3592 3500 3661 singuli
3534 3593 3705 3646 libras
3732 3594 3815 3647 de-

2235 3678 2373 3715 cem.
2415 3682 2432 3715 ι
2468 3663 2533 3716 Et
2566 3677 2751 3718 rursus
2779 3677 2793 3715 :
2827 3681 2846 3713 ι
2876 3662 3012 3716 Nam
3061 3662 3127 3715 ad
3171 3662 3556 3731 archangelum
3587 3663 3819 3717 Michae-

2237 3732 2339 3785 lcnt
2371 3733 2647 3787 basilicam
2675 3733 2981 3799 ampliavit,
3010 3743 3066 3786 et
3092 3732 3288 3799 gradus
3317 3732 3462 3786 fecit.
3494 3732 3728 3786 Basilca
3758 3731 3812 3785 5.

2238 3802 2507 3857 Pancratii
2531 3802 2633 3856 fuit
2656 3801 2840 3872 titulus
2859 3801 3152 3872 cardinalis
3174 3801 3409 3872 episcopi
3432 3802 3808 3872 Albaucnsisi

2236 3876 2486 3926 Anastas.
2523 3872 2646 3926 infr.
2691 3874 2741 3926 in
2788 3871 2965 3926 Leone
3009 3871 3093 3925 ΙΙΙ.
3138 3869 3415 3926 Prioratus
3456 3872 3496 3926 S
3545 3869 3815 3926 Pancratii

2237 3945 2302 3995 de
2331 3943 2518 3997 Lewes
2547 3944 2599 3995 in
2630 3942 2820 4011 Anglia
2856 3953 2939 3995 est
2969 3957 3109 3997 unus
3148 3957 3179 3996 e
3225 3939 3523 4009 majoribus
3568 3943 3815 4010 priorati-

2237 4013 2334 4067 bus
2362 4013 2569 4066 ordinis
2593 4013 2969 4067 Cluuiaceusis
2992 4053 3005 4072 ,
3052 4027 3212 4079 quem
3244 4011 3489 4065 fundavit
3515 4012 3815 4068 Willelmus

2235 4095 2415 4137 comes
2464 4081 2768 4136 Warennm.
2816 4081 2904 4133 W.
2951 4081 3226 4136 Malmcsb.
3277 4081 3368 4134 lib.
3422 4096 3493 4140 tt,
3545 4082 3616 4135 de
3667 4082 3811 4137 Gest.

2182 4182 2187 4185 -
2235 4153 2471 4218 pontiﬁc.
2500 4151 2656 4221 Angl.
2690 4152 2875 4205 Matth.
2902 4151 3131 4206 Wcstm.
3161 4150 3227 4205 ad
3254 4167 3381 4205 ann.
3413 4150 3583 4216 1078,
3618 4151 3688 4206 de
3713 4169 3811 4221 quo

2232 4235 2350 4283 cap,
2379 4220 2726 4276 Sacrosancta
2747 4222 2812 4274 de
2838 4222 2983 4275 elect.

2348 4294 2464 4347 inea
2486 4292 2578 4346 ‘25.
2608 4321 2677 4332 —
2704 4292 2768 4344 Et
2796 4308 3056 4345 cameram
3094 4289 3244 4361 fecit,
3277 4300 3324 4345 et
3372 4298 3746 4361 matronwum,
3765 4304 3810 4345 et

2228 4378 2383 4430 super
2393 4362 2767 4431 confessionem
2778 4362 3054 4430 imaginem
3073 4359 3369 4430 argenteam
3386 4376 3504 4414 cum
3519 4359 3806 4431 Saluatore.

2231 4432 2284 4485 lu
2312 4429 2515 4486 aedibus
2541 4432 2709 4486 sacris
2733 4444 2849 4483 erat
2890 4429 3014 4498 pars
3062 4429 3433 4485 n'tatronarum
3458 4444 3555 4484 seu
3588 4429 3808 4484 femina-

554 4498 765 4568 Martini
815 4514 845 4552 a
898 4499 1243 4552 fundamento
1287 4500 1620 4563 construxit,
1663 4498 1814 4567 juxta
1864 4499 2125 4554 Thermas
2156 4494 2203 4553 ί)
2236 4517 2350 4553 rum
2380 4501 2619 4555 tabulato
2647 4494 2902 4555 distincta
2928 4518 2959 4553 a
2989 4511 3139 4568 parte
3165 4501 3435 4564 virorum,
3467 4515 3593 4567 quae
3614 4512 3808 4554 matro-

554 4567 845 4640 'l'rajanas,
875 4569 962 4621 ubi
1007 4578 1271 4640 ethsuper
1301 4569 1467 4622 altare
1511 4568 1770 4624 ciiorium
1811 4579 2126 4640 argenteum

553 4638 681 4711 fecit
713 4647 1027 4711 pensantem
1061 4637 1226 4711 libras
1254 4648 1467 4692 centuut
1493 4648 1545 4691 et
1571 4640 1775 4711 viginti.
1819 4661 1835 4690 ι
1872 4637 2123 4695 Ᾱιιίιειίιε.

553 4707 607 4761 in
634 4707 857 4777 Gregor.
892 4708 930 4760 ll
966 4726 978 4760 :
1018 4727 1035 4756 t
1072 4707 1138 4760 Et
1166 4708 1334 4761 altare
1358 4724 1385 4758 a
1419 4723 1559 4761 novo
1598 4707 1751 4773 fecit,
1781 4722 1835 4764 et
1864 4711 2126 4766 ciborium

554 4789 866 4848 argenteum
895 4777 1034 4845 quod
1063 4777 1237 4848 fuerat
1280 4780 1429 4831 ruina
1461 4791 1792 4848 quassatum.
1828 4800 1845 4830 ι
1883 4780 1991 4834 Leo
2029 4780 2126 4836 Os-

555 4845 712 4901 tiens.
748 4846 889 4920 li_b._t
931 4847 1128 4920 Chron.
1165 4845 1313 4902 Cass.
1364 4845 1491 4917 cap.
1523 4848 1635 4920 20:
1679 4870 1696 4901 ι
1739 4849 1912 4920 Super
1955 4851 2126 4904 altare

554 4927 732 4988 autem
763 4918 819 4969 S.
858 4917 1163 4988 Benedicti,
1195 4928 1505 4988 argenteum
1532 4919 1659 4972 illud
1682 4917 1891 4974 auro—et
1915 4921 2125 4975 smaltis

553 4987 710 5040 simul
733 5003 1022 5059 exornans.
1054 5005 1069 5036 ι
1099 4986 1248 5059 Quod
1266 4986 1391 5042 erat
1413 4990 1787 5057 cooperculum
1811 4999 2123 5059 argenteum

549 5060 692 5143 quod
739 5058 1112 5143 imponebatur
1176 5058 1330 5112 altari
1369 5070 1601 5143 Ioruatus
1645 5058 2124 5143 _ct.:tusa.".loannes

550 5127 921 5191 Chrysostom.
955 5129 1006 5182 in
1031 5129 1151 5183 Aet.
1176 5129 1464 5197 apostolor.
1494 5144 1613 5197 cap.
1642 5128 1791 5188 l9,in
1825 5129 1910 5181 illa
1934 5129 2121 5195 verba,

559 5216 574 5244 ι
621 5198 792 5253 Faber
819 5199 1160 5268 argentarius
1187 5197 1275 5265 qui
1307 5196 1534 5250 faciebat
1562 5196 1779 5268 delubra
1815 5208 2069 5268 argentea
2108 5219 2119 5254 :

555 5272 646 5322 Ital
678 5274 780 5345 ira;
826 5265 907 5323 ἕνῖ
940 5269 1089 5345 ναούς
1118 5270 1383 5345 ἀργυρρςς-
1408 5266 1768 5345 γένεταιηῖσῳς
1885 5265 2125 5345 ’κιϐωρια

558 5339 743 5409 μικρά;
769 5341 1120 5409 οιῄνιιιιυιιιιιόι)
1150 5336 1425 5406 ’βυέδίιιίιιέ
1465 5346 1581 5389 erat
1624 5341 1735 5409 heri
1783 5338 2000 5393 delubra
2031 5336 2121 5392 ar-

548 5406 738 5474 gett‘tea
764 5447 776 5469 ,
819 5406 956 5463 forte
999 5408 1249 5461 aediculas
1297 5417 1350 5457 et
1379 5407 1707 5476 _(‘00pct'Ctti:t
1755 5424 1873 5476 quae
1921 5410 2121 5462 ciboria

546 5480 774 5529 vocant?
795 5495 811 5527 ι
842 5476 1040 5529 Eodem
1067 5476 1224 5529 modo
1245 5474 1507 5544 sepulcris
1523 5474 1883 5545 apostolorum
1902 5487 1956 5530 et
1979 5494 2122 5531 mar.

474 5554 477 5557 '
551 5559 724 5615 tyrnm
749 5546 1126 5612 imponebatur
1140 5546 1401 5599 ciborimn
1420 5556 1476 5597 ut
1492 5546 1738 5614 sepulcro
1757 5546 2120 5615 apostolorum

548 5628 577 5664 a
604 5613 897 5683 Grcgoriol
931 5616 1235 5684 impositum
1287 5613 1571 5678 cihorium,
1600 5620 1740 5684 quod
1769 5613 2124 5675 sustineretur

548 5694 777 5754 quatuor
814 5686 1077 5754 columnis
1123 5686 1411 5754 argenteis.
1438 5686 1690 5739 Anastas.
1727 5688 1779 5739 in
1817 5687 2076 5754 Gregorio
2110 5706 2120 5742 :

554 5769 576 5803 ι
608 5752 705 5807 llic
730 5753 853 5809 fecit
874 5752 1028 5809 beato
1050 5752 1209 5810 Petro
1232 5755 1470 5823 apostolo
1493 5756 1752 5812 ciborium
1775 5772 1897 5811 cum
1923 5752 2125 5812 colum-

2234 4586 2409 4625 meum
2456 4573 2756 4626 dicebatur.
2789 4570 2992 4624 Prmter
3040 4572 3181 4625 hunc
3225 4570 3401 4624 locum
3463 4569 3723 4623 Auastas.
3757 4569 3805 4623 in

2228 4640 2459 4712 Gregor.
2492 4641 2557 4697 ιγ
2589 4655 2604 4694 :
2643 4660 2659 4692 ι
2701 4642 2798 4696 Cui
2828 4655 2894 4695 ex
2925 4638 3332 4712 septentrionali
3361 4639 3515 4712 plaga
3545 4638 3806 4712 lapidibus

2229 4708 2372 4781 circa
2398 4720 2608 4781 septum
2635 4721 2990 4781 matromeum
3017 4709 3283 4781 apposuit.
3324 4708 3499 4781 i_l_nde
3520 4710 3805 4766 emendau-

2228 4782 2330 4835 dns
2353 4778 2503 4835 locus
2538 4781 2811 4834 Anastasii
2858 4780 2911 4833 in
2955 4778 3131 4833 Leone
3158 4779 3219 4832 ΙΙΙ
3255 4795 3269 4832 :
3304 4797 3322 4830 ι
3356 4778 3659 4832 Matronae)
3691 4794 3807 4831 vero

2230 4850 2398 4918 ipsius
2446 4850 2822 4904 Laterauensis
2881 4849 3198 4918 patriarchii
3256 4864 3377 4917 qua:
3422 4848 3737 4901 extenditur
3774 4863 3793 4899 τ

2229 4917 2450 4988 campo,
2479 4930 2534 4975 et
2563 4920 2698 4973 ultra
2727 4917 2988 4989 imagines
3022 4918 3423 4987 apostolorum;
3454 4937 3491 4989 ι⁸
3508 4925 3575 4989 ut
3606 4917 3791 4989 legatio

2232 4985 2586 5043 iitatronmum
2615 4990 2768 5059 quasi
2802 4985 3009 5058 partem
3050 4985 3441 5043 matronarum.
3472 4985 3616 5042 Male
3658 4987 3793 5058 vulg!

2226 5059 2421 5130 legitur
2444 5069 2751 5130 matronam.

2302 5131 2457 5184 Num.
2494 5129 2584 5192 81,
2639 5129 2778 5182 linea
2812 5128 2859 5180 1.
2887 5156 2956 5167 -—
2983 5124 3086 5180 Hic
3113 5127 3373 5180 constituit
3424 5137 3479 5180 ut
3538 5129 3683 5182 omni
3730 5127 3797 5182 dit

2228 5200 2501 5253 Dominico
2532 5198 2607 5252 rel
2635 5197 2895 5266 natalibus
2933 5208 3223 5266 martyrum
3253 5236 3268 5260 ,
3299 5198 3523 5266 hymnus
3550 5198 3799 5251 diceretur

2220 5270 2512 5345 angelicas,
2553 5268 2606 5345 itl
2637 5277 2735 5345 est,
2769 5265 2967 5345 _Gloria
3012 5265 3082 5318 in
3106 5267 3323 5345 excelsis
3366 5265 3494 5345 Deo.
3526 5266 3801 5345 Teir-spite-

2230 5335 2319 5391 rus
2343 5340 2548 5408 primus
2577 5337 2807 5408 instituit
2831 5336 3088 5408 hymnum
3127 5336 3425 5408 angelicum
3452 5335 3803 5408 decantariin

2231 5404 2415 5473 missa,
2446 5422 2565 5476 quae
2584 5404 2951 5476 celebraretur
2971 5405 3073 5459 sub
3100 5406 3330 5459 mediam
3360 5414 3576 5476 noctem
3604 5404 3802 5458 Natalis

2231 5477 2437 5533 Domini
2466 5472 2481 5530 Ξ
2515 5485 2697 5545 postea
2734 5476 2835 5530 hoc
2868 5473 3138 5541 adjectum
3165 5485 3250 5529 est
3288 5489 3316 5527 a
3364 5472 3721 5545 Symmacho,
3751 5482 3802 5545 ut

2230 5549 2457 5618 hymnus
2492 5544 2762 5618 angelicus
2808 5545 3281 5618 decantaretur‘in
3326 5544 3582 5618 omnibus
3631 5544 3802 5618 missis

2229 5613 2347 5684 qitt‘c
2393 5613 2794 5671 celebrarentur
2832 5614 2886 5666 in
2922 5614 3010 5684 die
3056 5613 3336 5667 Dominico
3361 5655 3375 5677 ,
3425 5614 3508 5684 vel
3539 5614 3799 5684 natalibus

2231 5681 2546 5757 martyrum.
2594 5685 2841 5757 Sigebert
2865 5681 2944 5757 atf
2962 5698 3161 5757 annum
3188 5684 3292 5738 493
3325 5698 3394 5757 :_t
3436 5683 3801 5757 llicSytnma-

2228 5759 2359 5812 chus
2374 5754 2683 5823 constituit,
2701 5755 2846 5810 omni
2870 5754 2952 5808 die
2978 5754 3259 5809 Dominico
3288 5754 3365 5809 vel
3396 5755 3644 5809 uatalitio
3666 5766 3797 5808 mar-
