3962 5338
567 314 675 371 1⁸1⁵5

1732 325 2089 381 ANASTASII
2117 324 2653 383 BIBLIOTHECARII
3710 333 3807 390 I76

612 429 687 491 ιο
728 427 1469 511 Constantinepolitano,
1526 437 1781 511 gavisus
1813 446 1942 509 est,
1980 440 2302 498 sentientes
2331 460 2397 499 eo
2459 438 2626 521 quod
2657 445 2975 517 gratanter
3005 450 3029 478 ι
3064 439 3334 518 suscepti
3389 449 3537 500 sunt
3571 464 3592 501 :
3623 442 3803 504 etiam

730 529 1077 594 sentientes
1115 541 1176 594 et
1206 532 1250 593 ii
1285 533 1603 613 quierunt
1632 535 1971 616 cemplices
2005 538 2239 608 Acacii,
2275 539 2654 600 incluserunt
2687 559 2746 598 se
2776 538 2842 598 in
2872 537 3146 599 Ecclesia
3180 538 3429 618 majori,
3462 558 3596 617 qua
3635 557 3807 599 veco-

726 639 834 690 tur
886 634 1116 695 Sancta
1163 635 1416 714 Sophia.
1464 639 1557 698 Et
1601 639 1863 700 consilio
1905 641 2074 719 facta
2112 640 2558 703 mandaverunt
2602 643 2996 720 imperatori,
3054 641 3318 703 dicentes
3366 666 3388 704 :
3443 644 3590 705 Nisi
3638 645 3807 704 nobis

728 733 975 795 reddita
999 738 1189 816 fuerit
1222 741 1389 803 ratio
1417 759 1607 821 quare
1638 742 1962 805 damnatus
1994 751 2079 804 est
2102 746 2425 824 episcopus
2453 755 2664 806 noster
2700 747 2985 816 Aeacius,
3013 744 3368 806 nullatenus
3402 747 3805 807 consentimus

726 834 858 897 sedi
890 840 1268 917 apostolica.
1304 842 1416 902 Hic
1447 861 1601 922 papa
1633 846 1973 907 Hermisda
2003 850 2278 925 perrexit
2303 848 2380 910 ad
2416 866 2626 927 regem
2655 848 3120 910 Theodericum
3152 849 3549 919 Ravennam,
3580 858 3645 910 et
3674 866 3805 910 cum

615 937 690 999 15
734 944 874 1016 ejus
911 943 1182 1006 consilio
1228 945 1399 1008 misit
1433 948 1870 1019 auctoritatem
1908 950 1981 1011 ad
2020 950 2342 1013 Iustinum
2384 951 2853 1030 imperatorem,
2879 955 2940 1011 et
2972 949 3298 1011 vinculum
3330 948 3805 1029 bchiregraphi,

729 1049 792 1105 et
823 1050 1065 1107 textum
1112 1047 1348 1119 libelli,
1412 1050 1821 1129 reintegravit
1874 1052 1951 1115 ad
2001 1053 2319 1115 unitatem'
2344 1052 2518 1116 sedis
2578 1051 2974 1131 apostolica),
3010 1051 3389 1115 damnantes
3446 1054 3707 1116 Petrum
3754 1061 3807 1116 et

729 1145 1057 1222 Acacium,
1095 1150 1191 1211 vel
1225 1168 1450 1215 omnes
1488 1153 1785 1217 hasreses.
1822 1154 1946 1216 llic
1979 1154 2212 1235 invenit
2243 1156 2640 1228 Μαηὶοιιωοε,
2676 1173 2831 1235 quas
2858 1155 3038 1215 etiam
3071 1154 3387 1217 discussos
3418 1176 3562 1218 cum
3597 1164 3808 1221 exami-

729 1246 983 1307 natione
1034 1247 1368 1327 plagarum
1404 1252 1633 1315 exsilio
1663 1253 2041 1333 deportavit.
2103 1231 2386 1330 Quorum
2434 1231 2704 1314 codices-
2732 1260 2871 1312 ante
2913 1254 3078 1332 fores
3120 1251 3394 1314 basilice:
3454 1255 3808 1316 Constanti-

728 1343 929 1405 niana:
977 1346 1259 1410 incendio
1307 1353 1740 1415 concremauit.
1782 1353 1995 1433 Hujus
2032 1352 2413 1432 temporibus
2449 1352 2854 1432 epiSCOpatus
2890 1351 2956 1412 in
2985 1351 3204 1430 Africa
3232 1361 3380 1429 post
3438 1371 3647 1414 annos
3680 1373 3800 1433 sep-

610 1447 690 1509 20
732 1450 1020 1526 tuaginta
1048 1460 1321 1530 quatuor
1356 1462 1684 1518 revocatus
1716 1462 1836 1530 est,
1868 1456 1979 1536 qui
2011 1457 2089 1519 ab
2121 1455 2434 1529 haereticis
2465 1456 2667 1518 fuerat
2706 1455 3190 1517 exterminatus.

798 1563 909 1635 35
936 1556 1170 1620 Eodem
1194 1564 1480 1638 tempore
1513 1562 1684 1623 venit
1715 1580 1981 1642 regnum
2012 1579 2156 1624 eum
2180 1573 2203 1601 °
2229 1562 2500 1642 gemmis
2538 1561 2834 1640 pretiosis
2859 1580 2890 1624 a
2916 1578 3062 1640 rege
3081 1562 3471 1624 Francorum
3494 1561 3804 1625 Clodeveo

729 1655 1091 1722 Christiane
1123 1661 1361 1723 denum
1398 1663 1583 1726 beato
1626 1666 1807 1726 Petro
1842 1664 2132 1744 apostolo
2163 1685 2179 1725 :
2211 1663 2331 1727 sub
2363 1663 2557 1743 hujus
2590 1663 2960 1742 episcopatu
3009 1662 3207 1725 multa
3265 1680 3415 1725 vasa
3443 1681 3646 1727 aurea
3669 1708 3686 1736 ,
3722 1667 3803 1725 vel

728 1769 1025 1838 argentea
1066 1773 1378 1829 venerunt
1412 1769 1493 1830 de
1519 1768 1781 1846 Grtecia,
1813 1775 1876 1832 et
1910 1768 2245 1846 Evangelia
2269 1786 2415 1833 cum
2452 1768 2714 1831 Tabulis
2751 1767 2988 1845 aureis,
3021 1783 3163 1830 cum
3195 1767 3468 1847 gemmis
3491 1767 3804 1846 pretiosis,

728 1881 872 1942 qum
909 1884 1172 1944 pensan.
1208 1869 1353 1933 libr.
1402 1873 1510 1946 15;
1551 1881 1843 1952 patenam
1890 1891 2149 1939 auream
2196 1891 2343 1936 cum
2396 1871 2806 1954 hiacynthis,
2859 1890 3003 1954 qua;
3031 1888 3295 1951 pensau.
3335 1870 3483 1932 libr.
3520 1870 3646 1941 25;
3675 1886 3807 1946 scy-

648 1966 687 2027 ὅ
730 1966 924 2045 phum
961 1987 1225 2033 aureum
1254 1991 1396 2035 cum
1426 1976 1720 2052 gemmis,
1750 1994 2013 2055 pensari.
2047 1976 2157 2040 lib.
2190 1983 2368 2051 octo;
2406 1975 2719 2057 scyphum
2749 1992 3015 2039 aureum
3060 1974 3517 2039 circumdatum
3558 1989 3754 2051 regno
3778 1980 3800 2019 ι

729 2087 994 2148 pensan.
1037 2074 1149 2138 lib.
1182 2085 1359 2150 octo,
1399 2080 1676 2160 scyphos
1695 2089 2030 2158 argenteos
2061 2087 2186 2143 tres
2222 2081 2558 2144 deaurates
2584 2126 2601 2154 ,
2641 2097 2905 2159 pensan.
2933 2079 3100 2157 sing.
3129 2078 3239 2141 lib.
3273 2080 3618 2159 quinque;
3655 2084 3807 2155 pate-

727 2190 841 2235 nas
870 2187 1200 2255 argenteas
1238 2181 1421 2258 duas,
1455 2201 1719 2263 pensnn.
1772 2183 1918 2245 libr.
1969 2184 2237 2262 vinginti
2280 2184 2603 2264 quinque;
2639 2183 2859 2261 gabata
2894 2180 3227 2254 electrina,
3262 2196 3531 2259 pensat).
3566 2177 3715 2239 libr.
3744 2178 3803 2247 ἒς

730 2275 944 2339 thecas
974 2280 1159 2359 Cyrei
1194 2300 1419 2347 aureas
1449 2286 1632 2362 duas,
1672 2304 1938 2367 pensan.
1978 2288 2143 2365 sing.
2182 2286 2327 2350 libr.
2364 2305 2515 2361 sex;
2559 2286 2743 2365 pallia
2784 2286 3043 2348 elebera
3070 2285 3300 2349 blattea
3332 2298 3356 2327 °
3393 2303 3542 2347 cum
3581 2283 3802 2346 tabulis

729 2366 886 2445 aure
944 2386 1125 2449 tectis
1160 2388 1241 2450 de
1277 2389 1630 2470 chlamyde,
1666 2366 1762 2454 vel
1799 2391 1879 2455 de
1912 2389 2075 2453 stola
2112 2389 2428 2469 imperiali
2456 2388 2839 2451 suﬂitorium
2869 2390 2887 2428 ί
2920 2405 3112 2466 super
3140 2387 3613 2453 confessionem
3642 2385 3803 2449 beati

623 2483 697 2544 10
740 2484 901 2546 Petri
932 2490 1232 2564 apostoli.
1278 2493 1425 2554 Haec
1473 2494 1686 2558 omnia
1739 2512 1773 2559 a
1803 2495 2059 2557 Iustino
2107 2495 2397 2571 Augusto
2433 2486 2790 2556 orthodee
2842 2499 3130 2555 votorum
3165 2493 3361 2570 gratia
3391 2494 3601 2556 oblata
3635 2499 3801 2553 sunt.

840 2589 953 2661 86
1010 2589 1249 2653 Eodem
1309 2598 1592 2673 tempore
1643 2594 2080 2658 Theodericus
2131 2611 2239 2655 rex
2290 2591 2523 2679 obtulit
2579 2592 2762 2654 beato
2831 2592 3017 2653 Petro
3080 2592 3368 2670 apostolo
3433 2598 3761 2654 cerestata.

762 2695 1058 2761 argentea
1114 2688 1286 2764 duo,
1337 2708 1602 2769 pensan.
1660 2691 1857 2755 libras
1910 2690 2337 2772 septuaginta.
2394 2689 2629 2751 Eodem
2675 2694 2957 2769 tempore
3006 2687 3125 2750 fuit
3174 2689 3204 2731 ιι
3255 2706 3417 2769 papa
3464 2689 3800 2751 Hormisda

762 2785 929 2863 apud
985 2786 1237 2850 beatum
1292 2792 1541 2853 Petrum
1590 2794 1947 2873 apostolum
1997 2793 2281 2866 trabem,
2328 2807 2520 2871 quam
2579 2807 2659 2852 ex
2715 2796 2976 2867 argento
3036 2787 3408 2867 coeperuit,
3462 2803 3605 2868 quae
3645 2802 3800 2865 pen-

768 2900 904 2945 san.
944 2885 1136 2948 libras
1178 2888 1378 2963 mille,
1428 2897 1491 2953 et
1535 2892 1972 2970 quadraginta.
2005 2892 2127 2955 Hic
2175 2891 2325 2956 fecit
2357 2890 2425 2952 in
2456 2889 2716 2953 basilica
2762 2887 3286 2950 Constantiniana
3320 2904 3535 2949 arcum
3577 2903 3800 2965 argen-

760 2989 930 3044 teum
984 2993 1132 3047 ante
1185 2985 1414 3063 altare,
1465 2990 1578 3069 qui
1630 2992 1953 3070 pensabat.
2004 2992 2149 3054 libr.
2201 2992 2473 3072 viginti;
2531 2991 2828 3055 canthara
2880 2998 3176 3068 argentea
3228 2988 3594 3064 sexdecim,
3647 3006 3797 3068 peu-

763 3099 898 3146 san.
944 3084 1176 3164 singul.
1235 3086 1428 3150 libras
1502 3089 1896 3169 quindecim.
1951 3093 2109 3154 Item
2177 3094 2255 3156 ad
2330 3092 2589 3154 beatum
2663 3089 2932 3151 Paulum
2996 3087 3144 3151 fecit
3218 3104 3401 3151 arcus
3462 3095 3795 3164 argenteos

761 3178 967 3255 duos,
1018 3199 1284 3260 pensan.
1344 3186 1579 3264 singuli
1611 3184 1801 3249 libras
1855 3188 2127 3266 viginti;
2178 3187 2475 3250 canthara
2516 3194 2813 3266 argentea
2846 3188 2944 3260 15,
2999 3203 3263 3266 pensat).
3315 3186 3481 3263 sing.
3544 3186 3652 3246 lib.
3692 3186 3793 3258 15;

700 3266 703 3271 ’
763 3293 935 3339 omns
1000 3286 1333 3357 argenteas
1392 3292 1560 3357 tres,
1616 3300 1884 3362 pensan.
1942 3285 2108 3365 sing.
2180 3284 2291 3347 lib.
2356 3286 2467 3360 10;
2517 3282 2794 3364 scyphos
2858 3288 3195 3361 argenteos
3260 3280 3632 3344 stationales
3680 3298 3792 3344 sex

763 3392 905 3437 cum
958 3377 1230 3442 ducibus
1282 3383 1346 3453 ί,
1400 3400 1579 3461 pens.
1636 3381 1801 3461 sing.
1852 3383 1962 3446 lib.
2034 3402 2170 3446 sex.
2226 3383 2347 3444 Hic
2410 3384 2557 3465 fecit
2607 3382 3035 3444 ordinationes
3092 3381 3159 3442 in
3229 3382 3389 3443 urbe
3435 3382 3633 3443 Roma
3687 3398 3794 3459 per

628 3474 700 3531 1t)
770 3491 1052 3537 Inelisem
1084 3478 1383 3541 Decemb.
1435 3480 1829 3560 presbyteros
1879 3482 1992 3556 21,
2045 3485 2365 3561 episcopos
2428 3499 2541 3560 per
2605 3480 2848 3542 diversa
2917 3481 3053 3542 loca
3128 3481 3585 3560 quinquaginta
3626 3480 3796 3559 quin-

764 3595 896 3656 que.
938 3579 1063 3651 Qui
1118 3579 1308 3643 etiam
1361 3582 1640 3660 sepultus
1683 3590 1768 3643 est
1824 3584 1891 3645 in
1946 3584 2210 3646 basilica
2254 3583 2420 3645 beati
2469 3582 2634 3643 Petri
2685 3579 2963 3661 apostoli
3024 3589 3247 3644 octavo
3303 3582 3444 3643 idus
3490 3580 3791 3659 Augusti,

756 3668 1103 3743 'censulatu
1157 3681 1416 3744 Maximi
1450 3681 1498 3757 ἱ,
1530 3690 1584 3744 et
1627 3685 1882 3747 cessavit
1928 3686 2319 3765 episcopatus
2370 3681 2499 3744 dies
2526 3690 2773 3762 septem.

1579 3874 1587 3879 _
1646 3825 1909 3870 Νοτυωε
1955 3823 2353 3869 ΜΑιιοιΝΔιεε
2396 3821 2732 3865 FABROTTI‘.

624 3936 650 3963 ι
686 3923 744 3984 C,
776 3924 945 3977 εοίιεῙι
972 3923 1111 3992 quod

1193 3932 1292 3978 rat.
1359 3927 1385 3966 δ
1410 3926 1471 3983 C.
1507 3943 1627 3980 rum
1676 3927 1887 3981 vinculo
1923 3927 2052 3982 Vide
2096 3927 2273 3980 Baron
2314 3927 2383 3980 ad
2430 3942 2535 3979 ann
2569 3925 2774 3979 Domini
2803 3924 2927 3979 5‘25.
2988 3936 3010 3964 ε
3042 3925 3103 3987 C,
3136 3926 3343 3993 regium
3399 3924 3600 3981 donum
3656 3943 3789 3982 cna.

574 3991 702 4046 Vide
729 3992 905 4046 Buron
948 3991 1299 4063 adunati“.
1372 3996 1674 4053 dGrmmis.
1736 4008 1757 4037 ε
1789 3997 1862 4058 C.
1895 3996 2099 4051 olofera
2143 3996 2338 4050 litotes.
2405 3995 2468 4048 Β.
2499 3994 2784 4050 oloscrica.
2864 3993 2885 4033 ί
2921 3994 2982 4062 C,
3018 3991 3473 4051 succincterium.
3550 3999 3579 4038 ⁶
3612 3997 3673 4063 C,
3705 4014 3790 4051 ce-

561 4071 810 4117 restrata.
888 4062 916 4103 h
954 4061 1123 4118 Fecit.
1206 4065 1223 4104 ι
1268 4064 1330 4131 Β,
1375 4066 1625 4122 crucibus
1670 4067 1745 4121 vel
1789 4068 2071 4122 calicibus.
2149 4063 2164 4115 i
2203 4065 2268 4132 Β,
2320 4065 2651 4137 Symmachi.

1776 4200 2047 4263 VARUE
2107 4197 2568 4262 LECTlONES.

820 4320 971 4389 Apud
1001 4319 1309 4375 Fabrottum
1338 4337 1402 4374 ex
1424 4322 1598 4377 codice
1624 4320 1861 4378 Freheri.

632 4408 771 4461 Nam
807 4408 895 4471 8‘2,
930 4410 1003 4463 lin
1033 4410 1081 4473 1,
1110 4410 1174 4473 Α,
1202 4410 1502 4465 Frisiluum.
1531 4410 1598 4477 Β,
1625 4413 1927 4468 Frisinone.
1958 4412 2031 4468 (in
2062 4414 2085 4467 1
2110 4456 2123 4477 ,

554 4477 666 4539 ΑΒ,
714 4494 884 4533 :mnos
930 4480 987 4545 9,
1042 4495 1194 4535 mens
1250 4481 1335 4535 17.
1386 4481 1460 4535 lin
1496 4482 1549 4546 4,
1601 4484 1870 4540 meientis.
1916 4484 1991 4538 lin
2038 4485 2127 4552 10,

553 4547 621 4605 Β.
656 4547 938 4601 Hilarium.

606 4589 621 4610 ,
657 4564 938 4601 llllal‘llllll.

634 4615 775 4687 Num
806 4615 896 4678 85,
922 4618 994 4671 lin
1015 4618 1068 4680 5,
1093 4619 1204 4680 AB,
1234 4619 1516 4675 Heliodoro
1538 4629 1587 4676 et
1614 4622 1901 4676 Demetrio.
1931 4621 2006 4675 lin
2039 4622 2124 4687 10,

555 4684 665 4738 ΑΒ.
693 4688 829 4754 epist
855 4687 996 4740 ﬁdei.
1023 4687 1166 4744 lin.9
1191 4689 1255 4752 Β,
1281 4692 1345 4743 10
1366 4691 1665 4745 civitatum.
1685 4692 1757 4744 lin
1782 4693 1867 4754 10,
1895 4702 2021 4746 tuuc
2044 4684 2127 4745 fu;-

555 4770 696 4809 rore.
720 4755 795 4831 l_in
828 4755 914 4818 l2,
944 4766 1075 4811 nutu
1101 4759 1297 4831 divino.
1326 4761 1399 4813 lin
1429 4760 1514 4825 14,
1542 4761 1608 4826 Α,
1636 4776 1732 4830 per
1760 4762 1975 4817 nunties
2003 4778 2127 4831 gra-

555 4834 685 4886 tuui,
720 4825 778 4886 Β,
805 4834 1017 4886 gratum
1045 4836 1101 4881 et
1126 4827 1402 4882 illustrem.

635 4892 890 4971 Num_84_,
917 4894 992 4971 lin
1016 4896 1070 4961 5,
1098 4895 1436 4971 _B,_inunitos
1461 4914 1525 4971 ex
1552 4901 1698 4955 omni
1738 4906 1893 4971 parte
1924 4899 2028 4971 title
2060 4909 2124 4971 et

550 4971 722 5038 textu.
750 4963 823 5038 (1.11
856 4966 908 5027 7,
940 4963 1001 5027 Β,
1047 4966 1112 5038 ad
1157 4966 1442 5038 Castellum
1474 4963 1753 5033 Rotunde;
1778 4971 1918 5038 quod
1950 4970 2118 5024 ducit.

548 5032 745 5104 tin_l_5,
771 5032 978 5104 B,_cum
1016 5036 1246 5090 vinculo.
1273 5036 1346 5090 lin
1380 5038 1443 5093 19
1477 5051 1523 5093 et
1544 5041 1633 5104 ΞΟ,
1657 5040 1720 5103 Β,
1754 5032 1858 5091 ann
1888 5041 1976 5092 8t.

633 5098 775 5153 Num
828 5102 917 5158 85.
964 5104 1041 5157 lin
1091 5104 1147 5158 5.
1196 5105 1261 5160 Β.
1296 5106 1389 5160 20.
1434 5098 1719 5160 εενηὶιιίιιιξ
1764 5108 1842 5160 lin
1886 5109 1940 5160 7.
1982 5108 2122 5162 aabb

2152 4329 2196 4388 Λ
2226 4322 2432 4378 Joanne
2490 4321 2657 4376 Const
2725 4322 2996 4391 episcopo,
3070 4338 3190 4377 cum
3245 4332 3401 4377 const
3452 4323 3519 4379 R.
3589 4325 3785 4383 Theod-

2230 4392 2675 4465 (pMLepiscopo;
2731 4392 2928 4465 direxit
2988 4393 3540 4465 quoque)._Direxit
3599 4412 3789 4465 quoque

2229 4463 2487 4518 Evedium
2529 4460 3187 4534 episeopunvNemensem
3214 4460 3494 4534 etEertun
3526 4460 3674 4534 epist:
3703 4460 3786 4521 Cr

2229 4534 2513 4593 tinensem,
2549 4527 2603 4584 et
2632 4527 2971 4584 Vehantium.
3008 4530 3081 4583 lin
3112 4532 3194 4588 10.
3242 4532 3503 4586 Hilarium
3540 4527 3786 4589 notarium

2227 4616 2403 4656 suum.
2432 4599 2532 4665 Qui
2559 4608 2747 4654 euntes
2772 4600 2838 4652 ad
2870 4601 3037 4653 Anast
3065 4602 3128 4653 Α.
3155 4601 3227 4654 lin
3261 4601 3347 4663 11,
3372 4615 3626 4664 egerunt.
3662 4606 3785 4661 Misit

2229 4684 2444 4791 ﬁneque
2495 4669 2732 4724 secunde
2782 4668 3016 4722 Evedum
3069 4669 3181 4737 (Μ,
3225 4671 3569 4741 Eunodium)
3616 4692 3788 4755 supra-

2238 4807 2243 4808 ν
2271 4739 2453 4803 ictum,
2478 4747 2535 4794 et.
2569 4738 2668 4792 Per
2687 4753 2773 4807 ep.
2800 4736 3154 4808 Meseveutem
3185 4756 3233 4806 ν.
3272 4756 3359 4808 ep.
3389 4742 3788 4799 confortatoms

2225 4807 2301 4862 lin
2315 4808 2414 4882 _M.
2452 4808 2622 4882 Quasi
2662 4806 2799 4882 Aug.
2831 4806 2924 4882 ξὺν
2955 4808 3015 4882 Ε.
3042 4806 3342 4882 communis
3374 4821 3535 4882 erat“

2305 4876 2446 4931 Num
2472 4877 2561 4941 85,
2586 4877 2660 4932 lin
2687 4877 2740 4940 1,
2770 4876 2936 4951 voluit
2963 4878 3142 4951 itaque
3171 4878 3376 4951 legatos
3399 4876 3549 4951 sedis
3582 4894 3782 4951 aposto-

2225 4944 2339 5000 lica:
2382 4962 2480 5017 per
2524 4961 2638 5021 rem
2681 4961 2775 5021 cor
2817 4943 2980 5021 legati
3015 4943 3144 5021 vero
3179 4943 3316 5021 cont
3343 4946 3409 5001 Α.
3437 4949 3515 5003 lin
3560 4943 3632 5015 3,.
3658 4954 3787 5021 prius

2224 5014 2559 5089 operaretur.
2600 5014 2941 5089 tin_4,_ejecit
2983 5030 3077 5070 eos
3114 5016 3181 5069 de
3225 5015 3380 5089 Urbe
3416 5032 3516 5089 per
3542 5014 3720 5089 poster
3746 5030 3784 5074 et

2224 5085 2404 5162 impii}
2433 5085 2551 5162 navi
2584 5085 3026 5162 periculosorum
3057 5100 3129 5162 (η.
3156 5085 3603 5162 θι-ηιξείεῂτίξιὴο
3632 5091 3788 5161 nomi-
