3972 5360
81 340 178 392 3-59

840 331 1155 389 HISTORIA
1195 330 1283 385 DE
1325 329 1496 384 VITIS
1534 328 1698 384 R031.
1734 327 1931 384 PONT.
1974 357 2044 368 —
2082 326 2140 381 S.
2179 326 2593 384 GREGORIUS.

3199 334 3304 390 650

81 464 91 497 ι
131 459 284 506 mus,
306 456 532 510 cumque
560 441 614 493 in
640 456 701 497 ea
735 439 848 510 jam
886 440 1172 510 missarum
1199 436 1457 510 solemnia
1485 436 1627 510 eele-
1656 442 1704 500 Α
1732 437 1873 510 modi
1912 437 1964 510 in
2013 436 2628 510 ecclesiis_legerentur.
2654 438 2884 510 _ldcirco
2936 442 3075 496 inter
3120 445 3304 504 oblata

81 535 89 566 l
128 506 517 572 brarenturfet
555 524 665 577 pm
686 506 923 579 ejusdem
949 507 1049 560 loci
1080 506 1323 579 angustia
1351 506 1527 574 populi
1570 521 1629 560 se

81 604 88 635 ι
128 579 297 639 turba
338 575 733 647 comprimeret,
758 578 993 647 quidam
1021 591 1084 647 ex
1134 575 1203 647 _iis
1234 575 1326 644 qui
1362 585 1515 629 extra
1545 591 1633 647 sa—

81 671 87 702 l
127 651 372 705 crarium
397 644 630 708 stabant,
668 644 889 717 porcum
920 645 1097 699 subito
1132 644 1274 698 intra
1320 660 1446 699 suos
1473 646 1634 717 pedes

81 743 89 773 π
126 721 241 774 huc
288 719 521 786 illucque
571 715 869 772 discurrere
908 722 1235 786 senserunt;
1293 729 1453 786 quem
1496 715 1634 786 dum

81 809 87 841 l
128 783 502 856 unusquisque
543 785 790 848 sentiret,
816 794 871 856 e_t
898 785 1050 856 juxta
1084 798 1143 836 se
1190 784 1456 856 stantibus
1494 783 1634 837 indi-

81 879 86 909 :
127 852 309 919 eat-et,
344 852 483 910 idem
527 869 721 925 porcus
745 852 1197 925 eccles‘iazjanuas
1224 853 1394 921 petiit,
1422 861 1475 907 et
1511 867 1631 925 om-

81 946 87 977 l
130 940 233 981 nes
255 940 351 994 per
374 940 511 993 quos
527 921 761 985 transiit,
794 924 846 977 in
879 921 1289 994 admirationem
1319 922 1629 994 commovit,

82 1018 83 1021 η
126 996 227 1051 sed
250 990 417 1049 videri
447 1010 478 1046 a
526 993 668 1046 nullo
694 993 886 1061 potuit,
914 990 1161 1061 quamvis
1199 991 1384 1061 sentiri
1431 991 1631 1058 potuis-

82 1088 83 1093 η
123 1075 251 1118 set:
284 1061 426 1131 quod
471 1062 669 1116 idcirco
696 1059 873 1131 divina
921 1059 1094 1131 pietas
1131 1060 1385 1131 ostendit,
1412 1069 1475 1113 ut
1501 1075 1632 1131 cnn-

82 1170 83 1177 η
119 1134 230 1194 ctis
276 1128 603 1201 patesceret,
647 1131 777 1201 quia
811 1130 878 1184 de
914 1128 1039 1201 loco
1082 1128 1268 1201 eodem
1328 1128 1632 1201 immundus

124 1197 403 1256 habitator
427 1202 616 1255 exiret.
645 1197 867 1255 Peracta
910 1200 1073 1267 igitur
1114 1197 1475 1251 celebratione
1503 1198 1631 1252 mis-

82 1294 83 1319 ;
127 1287 316 1324 sarum
364 1271 703 1325 recessimus.
735 1268 840 1323 Sed
874 1268 1049 1322 adhuc
1092 1276 1250 1321 nocte
1279 1267 1465 1321 eadem
1516 1283 1630 1320 ma-

120 1356 268 1411 gnus
315 1340 368 1393 in
409 1340 651 1411 ejusdem
680 1339 920 1411 ecclesiae
964 1335 1118 1411 tectis
1161 1337 1414 1411 strepitus
1457 1335 1631 1411 factus

81 1432 85 1461 ι
122 1404 235 1473 Est,
267 1424 334 1464 ac
374 1404 521 1463 si'in
551 1409 630 1462 eis
669 1408 863 1477 aliquis
880 1404 1489 1477 errando‘discurreret.
1533 1407 1631 1459 Se-

122 1479 313 1547 quenti
363 1489 542 1532 autem
578 1486 735 1532 nocte
759 1473 983 1547 gravior
1021 1473 1229 1547 sonitus
1269 1476 1528 1547 excrevit,
1567 1490 1631 1529 ac

123 1544 310 1602 subito
342 1556 495 1601 tanto
524 1557 728 1601 terrore
762 1544 1019 1609 insonuit,
1053 1557 1117 1596 ac
1144 1544 1188 1597 si
1222 1544 1399 1598 omnis
1430 1544 1513 1598 illa
1541 1558 1628 1599 ec-

82 1644 83 1647 η
126 1618 292 1671 clesia
341 1633 373 1671 a
422 1616 784 1671 fundamentis
810 1613 1000 1669 fuisset
1037 1626 1247 1676 eversa,
1291 1622 1345 1666 et
1386 1614 1629 1681 protinus

82 1732 83 1735 η
120 1687 375 1751 recessit,
401 1696 458 1740 et
497 1685 638 1739 nulla
667 1687 792 1739 illuc
819 1684 1044 1739 ulterius
1074 1682 1382 1750 inquietudo
1421 1683 1627 1751 antiqui

1734 507 1979 587 ecclesiis
2002 507 2247 587 donaria:
2274 506 2411 587 infra
2439 509 2491 561 in
2520 508 2795 587 Stephano
2822 510 2888 564 ιγ
2912 512 3147 568 oblatum
3168 516 3304 587 _legi-

1735 591 1854 629 mus
1884 576 2075 630 librum
2101 575 2166 650 XI
2206 574 2579 650 Homiliarum.
2617 574 2888 650 interdum
2925 595 3137 650 quoque
3167 574 3304 642 lili'er

1734 652 2039 716 sermonum
2067 645 2277 716 oblatus
2306 645 2525 709 dicitur,
2557 646 2610 699 in
2646 662 2751 716 quo
2780 645 2984 703 scilicet
3026 645 3304 711 sermones

1733 714 1949 785 Patrum
1980 714 2208 785 describi
2239 714 2676 785 consueverant,
2711 726 2875 785 atque
2922 719 3083 773 iidem
3117 738 3302 779 coram

1732 783 1886 857 plebe
1907 783 1958 837 in
1982 783 2265 857 missarum
2287 784 2615 857 solemnibus
2632 786 2700 857 _a_d
2724 783 2896 857 instar
2911 790 3306 857 explanationis

1735 854 1799 930 ad
1824 853 2163 930 Evangelium
2186 853 2433 930 lectitari.
2448 853 3144 930 _l..iber_H‘on_iiliarius:audit
3160 864 3305 930 apud

1732 921 1921 1000 Ratres
1942 921 2269 1000 Turonensis
2294 923 2480 1000 synodi
2510 925 2632 1000 anni
2657 924 2780 988 815,
2803 939 2927 1000 can.
2952 927 3016 1000 17
3040 944 3054 990 ;
3084 921 3307 1000 Magn".

1734 992 1883 1067 time,
1913 1005 2038 1067 ann.
2072 991 2204 1067 847,
2226 991 2358 1067 _can.
2404 992 2468 1067 2,
2515 992 2848 1062 aliarumque“
2884 996 3095 1067 stt-pius.
3128 991 3306 1067 Atque

1734 1060 1787 1113 in
1829 1061 1897 1113 iis
1924 1059 2292 1115 describendis
2344 1062 2603 1129 majorem
2652 1059 2978 1129 exposcebat
3019 1059 3302 1125 solertiam

1730 1129 1793 1183 Β.
1837 1130 2165 1209 Augustinus
2210 1130 2263 1183 in
2299 1132 2457 1197 epist.
2499 1132 2595 1185 77:
2632 1150 2651 1183 ‹
2703 1132 2770 1209 lJt
2804 1135 2994 1202 jubeas
3019 1136 3300 1209 singulos.

1731 1213 1870 1267 quos
1908 1198 2149 1269 volueris
2174 1239 2188 1262 ,
2232 1214 2508 1255 sermones
2549 1202 2776 1255 seorsim
2805 1198 3156 1269 conscriptos
3180 1247 3196 1269 ,
3247 1198 3306 1263 et

1729 1267 2040 1342 emendatos
2066 1269 2202 1342 mitti
2234 1270 2407 1342 nobis.
2434 1288 2462 1342 ε
2492 1269 2689 1342 Gonfer
2716 1272 2783 1324 ad
2814 1274 2926 1326 haec
2952 1267 3214 1342 Beletum,
3245 1292 3297 1331 c.

1728 1335 1834 1398 59;
1856 1346 1912 1391 et
1930 1338 2232 1391 Durandum
2253 1338 2342 1392 lib.
2363 1355 2412 1393 vi
2432 1339 2668 1404 Ration.,
2696 1355 2745 1395 c.
2764 1342 2794 1394 ‘l
2817 1381 2832 1404 ,
2854 1358 2910 1397 n.
2929 1342 3015 1395 52.
3200 1335 3227 1373 ’-

1802 1407 1965 1461 Linea
1989 1406 2188 1460 3.-—--Et
2225 1406 2572 1461 Pastoralent.
2596 1409 2849 1477 Agnellus
2893 1413 2945 1465 in
2986 1412 3130 1467 lib."
3158 1414 3302 1471 Pon-

1732 1474 2025 1548 ti_fi_c._,_par.
2052 1491 2127 1548 ne,
2158 1477 2436 1548 pagal'ld,
2472 1486 2581 1531 tom
2611 1474 2669 1531 ll'
2689 1478 2888 1548 Script.
2929 1480 3057 1535 Rer.
3105 1485 3331 1548 Italic...

1731 1546 1820 1599 ubi
1854 1545 2041 1618 ‘Vitam
2079 1546 2335 1618 describit
2377 1546 2692 1618 Mariniani,
2739 1545 2973 1618 episcopi
3017 1545 3325 1609 Ravenna-L-

1734 1614 1929 1687 tensis,
1959 1616 2417 1687 caiis'eumeminit
2455 1618 2530 1687 ob
2576 1632 2734 1687 quam
2772 1614 3029 1687 'pontifex
3080 1622 3300 1679 Librum

1729 1682 2058 1737 Pastoralem
2091 1684 2317 1760 ediderit
2345 1702 2357 1737 :
2391 1705 2411 1760 ε
2432 1686 2483 1760 _A
2507 1682 2816 1760 beatissimo
2832 1689 3089 1760 Gregorio
3118 1692 3301 1751 Romae

82 1778 85 1806 ι
126 1758 305 1812 hostis
339 1755 613 1825 apparuit;
658 1756 749 1809 sed
797 1769 893 1823 per
924 1756 1146 1825 terroris
1182 1754 1436 1825 sonitum,
1466 1768 1624 1819 quem
1658 1765 1704 1825 Β
1731 1761 2099 1825 consecratus,
2127 1763 2180 1825 et
2206 1755 2272 1825 ab
2297 1769 2362 1808 eo
2391 1756 2478 1808 hic
2503 1756 2696 1810 missus
2722 1767 2807 1812 est
2832 1775 2846 1820 ;
2873 1768 2927 1812 et
2942 1754 3075 1814 cum
3100 1763 3301 1817 voluis—
3328 1804 3331 1807 λ

81 1847 86 1875 r
122 1825 276 1888 fecit,
321 1823 575 1886 innotuit,
614 1825 754 1892 quod
781 1826 849 1877 ab
874 1839 939 1879 eo
967 1824 1107 1888 loco,
1135 1838 1294 1892 quem
1324 1823 1413 1875 diu
1443 1834 1631 1876 tenne-

82 1918 84 1943 :
122 1905 225 1960 rat,
256 1903 482 1950 coactus
502 1894 697 1949 exibat.
740 1893 868 1948 Post
892 1908 1092 1962 paucos
1125 1908 1254 1948 vero
1279 1892 1393 1945 dies
1423 1893 1633 1962 inma-

82 1989 85 2003 ι
120 1982 225 2032 gina
254 1963 548 2020 serenitate
576 1964 717 2017 aeris
752 1961 913 2032 super
936 1963 1105 2017 altare
1129 1962 1365 2032 ejusdem
1391 1961 1647 2032 ecclesiae.

81 2056 85 2085 ι
125 2034 302 2089 indies
340 2032 553 2087 coalitus
601 2031 898 2091 descendit.
945 2048 1150 2102 suoque
1188 2031 1314 2085 illud
1367 2031 1631 2085 velamine

119 2103 365 2172 aperuit,
421 2116 738 2170 omnemque
778 2102 1064 2172 ecclesiam
1117 2111 1265 2156 tanto
1294 2109 1520 2172 _ter-rore
1567 2114 1629 2172 ac

119 2170 411 2227 suavitatis
454 2172 621 2225 odore
676 2170 941 2240 replevit,
994 2180 1053 2226 ut
1103 2170 1411 2240 patentibus
1449 2170 1631 2238 januis

118 2243 308 2297 nullus
343 2241 467 2297 illuc
496 2239 841 2310 pnesuineret
867 2240 1086 2295 intrare.
1110 2239 1389 2310 Sacerdos
1416 2253 1629 2307 quoque

119 2321 181 2366 et
209 2322 420 2374 custos,
455 2308 510 2364 et
542 2309 596 2363 bi
626 2309 716 2379 qui
747 2311 813 2363 ad
855 2310 1174 2364 celebranda
1215 2308 1498 2379 missarum
1539 2324 1629 2363 so-

122 2381 330 2434 lemnia
360 2388 640 2441 venerant,
689 2394 800 2432 rem
842 2379 1114 2442 videbant,
1158 2378 1361 2445 ingredi
1414 2378 1632 2431 minime

117 2459 400 2520 poterant,
431 2458 487 2503 et
514 2450 833 2520 suavitatem
875 2449 1085 2520 mirifici
1115 2447 1628 2520 odoristrahebant.
1683 2499 1695 2511 _

122 2516 226 2574 Die
259 2535 387 2574 vero
410 2520 517 2574 alio
540 2534 663 2573 cum
688 2519 740 2572 in
779 2533 843 2572 ea
876 2519 1148 2587 lampades
1169 2518 1283 2571 sine
1306 2516 1504 2570 lumine
1532 2518 1630 2571 de-

120 2590 447 2658 penderent,
473 2588 671 2643 emisso
699 2586 953 2658 divinitus
988 2588 1195 2658 lumine
1216 2594 1344 2641 sunt
1368 2601 1647 2658 περιίδητε

121 2656 262 2713 Post
301 2674 503 2729 paucos
535 2659 731 2729 iterum
769 2657 883 2729 dies
923 2673 1044 2729 cum
1078 2656 1304 2725 expletis
1343 2657 1628 2729 missarum

116 2725 404 2783 solemiiiis
450 2728 729 2782 exstinctis
768 2725 1100 2795 lampadibus
1123 2736 1306 2781 custos
1340 2741 1407 2779 ex
1443 2727 1629 2780 eadem

122 2799 359 2853 ecclesia
402 2812 654 2868 egressus
681 2795 888 2868 fuisset,
914 2805 1032 2865 post
1070 2795 1343 2868 paululum
1387 2795 1628 2868 intravit,

116 2877 177 2922 et
216 2864 516 2937 lampadés,
545 2881 679 2936 quas
702 2864 999 2921 exstinctas
1034 2864 1345 2934 reliquerat,
1390 2864 1632 2937 lucentes

82 2960 83 2963 η
121 2936 351 3006 reperit,
378 2952 512 3005 quas
559 2937 884 3005 negligenter
924 2936 1250 2990 exstinxisse
1293 2943 1351 2989 Se
1379 2936 1629 3006 credens,

120 3022 222 3061 eas
260 3008 373 3076 jam
404 3005 665 3076 sollicitus
708 3005 1072 3076 exstinxit,get
1113 3008 1299 3076 exiens
1347 3005 1630 3059 ecclesiam

119 3074 355 3141 clausit;
396 3075 489 3130 sed
514 3082 632 3145 post
659 3076 911 3129 horarum
938 3074 1100 3128 trium
1141 3074 1372 3144 spatium
1416 3088 1628 3141 regres-

121 3162 243 3207 sus,
290 3147 566 3214 lampades
590 3158 723 3212 quas
760 3146 1093 3198 exstinxerat
1144 3145 1337 3196 iterum
1377 3157 1631 3197 accensas

82 3236 83 3243 η
121 3216 362 3281 invenit,
391 3225 449 3268 ut
494 3215 737 3268 videlicet
776 3229 842 3268 ex
881 3215 1000 3281 ipso
1024 3214 1223 3267 lumine
1258 3220 1442 3280 aperte
1464 3214 1634 3267 clare-

119 3293 337 3348 sceret,
387 3284 515 3354 quia
559 3284 708 3339 locus
750 3283 840 3339 ille
880 3299 911 3337 a
941 3284 1175 3339 tenebris
1222 3282 1277 3336 in
1321 3282 1492 3337 lucem
1546 3299 1636 3337 ve-

124 3356 321 3409 uisset.
354 3373 375 3405 ν
766 3398 771 3403 .

132 3426 269 3494 Hae
294 3424 560 3480 Baronius
578 3423 772 3493 partim
802 3438 869 3478 cx
898 3438 985 3487 se,
1008 3424 1204 3494 partim
1232 3436 1297 3494 ex
1337 3420 1396 3475 Β.
1426 3421 1634 3494 Grego-

81 3496 146 3548 io
174 3492 401 3559 refert;
439 3495 493 3548 in
538 3492 641 3563 qua
682 3503 859 3547 tamen
907 3492 1212 3547 narratione
1246 3493 1352 3546 duo
1370 3492 1638 3563 _videntur

81 3565 253 3617 uinus
308 3561 571 3618 accurate
607 3563 947 3632 conscripta,
1000 3563 1229 3632 primum
1278 3577 1307 3614 a
1369 3561 1638 3615 Ricimere

81 3636 276 3687 triane
294 3634 577 3689 ecclesiam
599 3631 667 3703 λδ.
692 3631 914 3703 Agathm
941 3631 1204 3685 catholico
1235 3646 1383 3703 more
1408 3646 1640 3703 exorna-

81 3719 176 3757 am
201 3703 373 3758 fuisse
396 3703 581 3757 abside
594 3700 886 3755 Salva‘toris
907 3710 1066 3770 atque
1085 3702 1445 3769 apostolorum
1468 3701 1637 3753 sacris

81 3773 395 3841 marginibus
423 3788 491 3826 ex
522 3773 747 3841 imusivo
780 3785 969 3841 .opere
991 3772 1267 3824 nobilitata
1296 3785 1310 3835 ;
1371 3770 1633 3841 alterum,

82 3866 85 3893 ι
145 3840 314 3896 beato
356 3840 607 3911 pontifice
652 3840 1010 3911 Gregoriogin
1048 3842 1328 3911 eamdcnn
1352 3840 1635 3911 ceelesiam

81 3910 320 3966 πάροιθε
347 3908 511 3967 fuisse
539 3908 791 3980 reliquias
821 3911 879 3963 S.
915 3908 1169 3980 Stephani
1204 3919 1259 3963 et
1296 3908 1352 3980 S.
1394 3908 1634 3962 Martha}.

81 3982 121 4034 ii
147 3982 303 4034 enim
328 3981 632 4050 diligentius
656 3977 894 4034 animum
914 3977 1255 4050 intendisset
1289 3977 1354 4030 ad
1378 3993 1448 4050 ea
1473 4018 1491 4050 ,_
1519 3993 1637 4050 quze

81 4051 342 4104 ulrianus
361 4046 495 4119 papa
538 4051 729 4105 scribit
770 4048 962 4103 Carolo
998 4046 1529 4119 Magno‘inepistola
1569 4048 1638 4102 ad

81 4136 191 4173 rum
220 4117 543 4187 datm—cujus
574 4122 685 4174 lucc
722 4129 846 4173 sunt
876 4120 1037 4171 verba
1065 4117 1132 4171 :‘c
1164 4117 1455 4172 Ecclesiam
1484 4118 1637 4170 Aria-

81 4203 288 4251 lorum,
315 4190 467 4259 cujus
490 4189 605 4257 ipse
627 4192 684 4259 β.
712 4188 1003 4259 Gregorius
1028 4187 1336 4259 inADialogis
1372 4189 1633 4259 meminit,

81 4260 277 4312 ilacuit
302 4256 475 4312 eidem
516 4256 575 4313 S.
614 4256 873 4328 Gregorio
905 4267 965 4309 ut
993 4258 1044 4310 in
1077 4256 1179 4310 fide
1222 4258 1516 4328 catholica,
1556 4259 1639 4309 in-

82 4327 336 4383 roduclis
358 4328 468 4382 illic
494 4328 556 4382 Β.
592 4327 891 4382 Sebastiani
919 4336 972 4380 et
1001 4327 1059 4379 Β.
1088 4327 1306 4395 Agatha:
1341 4337 1633 4395 martyrum

82 4398 336 4465 eliquiis,
362 4398 609 4453 dedicare
634 4396 923 4460 debuisset,
950 4396 1095 4464 quod
1114 4404 1168 4465 et
1190 4395 1384 4449 factum
1419 4406 1501 4450 est
1524 4436 1538 4458 ,
1580 4404 1635 4450 et

81 4464 301 4521 livet-sis
332 4466 446 4536 ipse
483 4466 545 4519 Β.
585 4466 875 4536 Gregorius
925 4466 1069 4535 pingi
1114 4464 1240 4519 fecit
1283 4481 1399 4517 emn
1446 4468 1632 4520 tamin

81 4536 306 4597 nusivo,
336 4551 498 4605 quam
525 4537 578 4589 in
596 4537 865 4590 coloribus
885 4576 900 4599 ,
941 4546 994 4588 et
1026 4536 1353 4588 venerandas
1380 4537 1637 4603 imagines

81 4605 175 4658 llic
204 4607 409 4667 erexit,
435 4617 492 4659 et
513 4620 542 4659 a
575 4614 701 4659 tunc
735 4621 904 4674 usque
932 4605 1189 4674 hactenus
1214 4613 1568 4674 venerantur,
1612 4625 1630 4657 ι

81 4690 174 4729 ron
214 4687 286 4726 ea
312 4674 412 4728 sibi
454 4675 702 4730 excidere
733 4671 924 4743 passus
962 4671 1167 4726 fuisset.
1210 4672 1310 4726 Per
1348 4674 1447 4727 hoc
1493 4675 1636 4727 enim

81 4743 442 4797 estintenium
470 4745 615 4799 clare
658 4744 961 4798 ostenditur
995 4757 1177 4795 sacras
1215 4742 1334 4795 illas
1376 4743 1638 4811 imagines

81 4812 373 4867 ialvatoris
399 4825 450 4867 et
477 4815 838 4884 apostolorum
878 4811 1062 4884 absidi
1080 4811 1153 4864 illi
1188 4826 1253 4884 ex
1299 4814 1507 4884 musivo
1543 4812 1640 4864 ad-

81 4891 267 4945 ecus,
303 4897 436 4951 quas
472 4880 595 4938 ante
615 4882 853 4951 ejusdem
894 4880 1344 4951 absidisruinam
1379 4880 1640 4935 Baronius

81 4948 450 5020 «inspexerat,
484 4968 514 5006 a
536 4948 722 5007 sancto
751 4952 997 5020 pontitice
1022 4949 1306 5020 collocatas
1323 4948 1504 5011 fuisse,
1532 4968 1639 5004 non

82 5024 131 5078 ib
166 5019 391 5092 homine
412 5025 634 5087 Ariano,
685 5019 856 5092 neque
888 5023 956 5075 iis
992 5019 1319 5089 temporibus
1350 5020 1543 5092 quibus
1585 5022 1637 5073 in

81 5090 336 5148 Ecclesiis
362 5107 510 5146 rarus
532 5095 706 5146 adhuc
751 5090 1037 5159 imaginum
1075 5103 1239 5159 usus;
1280 5096 1441 5160 atque
1477 5090 1640 5143 etiam

1734 1831 1817 1876 set
1840 1838 1907 1876 ex
1938 1824 2041 1895 hac
2064 1822 2321 1895 “cathedra
2346 1825 2603 1887 evadere,
2644 1842 2712 1895 ne
2738 1828 2974 1895 pontifex
3004 1868 3019 1891 ,
3060 1831 3297 1894 dicebat,

1733 1908 1793 1945 se
1818 1893 1949 1945 tanti
1992 1893 2210 1945 honoris
2243 1895 2484 2015 Eondera
2529 1893 2752 1962 implere
2784 1912 2888 1950 non
2926 1913 3099 1965 posse.
3149 1893 3329 1957 Tune-

1733 1961 2077 2015 beatissimus
2097 1977 2230 2015 nana
2295 1964 2535 2015 recorius
2557 1966 2718 2015 cmuit
2752 1967 3107 2015 consulatui-iu
3135 1972 3295 2015 verba

1732 1961 2081 2033 beatissimus
2097 1961 2535 2033 papaGregorius
2557 1961 2718 2033 cmpit
2752 1961 3107 2022 consolatoria
3135 1972 3297 2024 verba

1732 2034 1990 2117 reticere”,
2018 2032 2260 2117 dicens;
2294 2032 2408 2100 Ego
2443 2032 2758 2117 propter-"te
2812 2051 2975 2089 unum
3017 2040 3298 2117 parvulum

1731 2099 1927 2154 librmn
1950 2100 2163 2180 faciam.
2191 2098 2477 2180 Teneﬁeuni
2500 2098 2737 2180 quotidie
2760 2120 2869 2173 pne
2894 2098 3136 2180 manibus
3160 2109 3297 2171 tuis;

1734 2184 1946 2239 semper
1974 2170 2027 2223 in
2064 2170 2239 2242 ipsum
2270 2170 2526 2242 intende;
2560 2170 2785 2226 observa
2808 2175 2966 2228 verba
2990 2170 3298 2242 illiuslibri,

1731 2248 1785 2293 et
1806 2238 1923 2293 eSto
1950 2238 2259 2293 securusiab
2291 2239 2435 2292 omni
2475 2241 2778 2295 formidine.
2820 2262 2837 2293 ι
2869 2244 2937 2297 Ει
2959 2246 3199 2300 scribens
3214 2238 3299 2301 Li;

1732 2310 1887 2380 brum
1922 2305 2264 2380 _Pastoralem
2291 2309 2460 2380 misit.
2503 2310 2560 2363 lo
2609 2311 2819 2380 vulgata
2854 2320 3030 2368 tamen
3063 2316 3299 2371 editione

1731 2378 1893 2432 Liber
1918 2374 2207 2448 Pastoralis
2229 2393 2255 2428 a
2276 2376 2342 2448 AS.
2368 2377 2626 2448 Gregorio
2652 2374 2843 2433 Jo'anni
2878 2382 3294 2444 Ravennatensi.

1732 2446 2113 2516 prtedecessori
2142 2444 2831 2516 Mariniani,‘inscribitur.
2876 2449 2991 2516 Qua
3026 2452 3092 2507 de
3121 2468 3179 2507 re
3220 2456 3299 2508 vi-

1733 2515 1875 2571 desis
1900 2515 2243 2569 Bacchinium
2270 2516 2397 2570 ibid.
2424 2516 2475 2569 in
2508 2518 2668 2571 notis.

1802 2586 2050 2659 Liiiea_4.
2074 2615 2145 2626 -—
2162 2581 2361 2659 Eodem
2386 2595 2629 2659 tempore.
2658 2587 2974 2659 Anastasius
3000 2591 3115 2648 haec
3136 2594 3300 2649 verba

1731 2655 2015 2724 descripsit
2040 2670 2138 2724 pro
2185 2655 2333 2709 more
2364 2670 2462 2709 suo
2482 2670 2558 2777 fx
2588 2656 2751 2711 Paulo
2785 2659 2932 2715 Uiac.
2958 2660 2996 2714 Ι.
3028 2676 3099 2725 iv,
3135 2678 3184 2716 c.
3216 2666 3250 2719 8
3282 2684 3296 2716 :

1737 2745 1755 2777 ι
1778 2723 1889 2777 Hac
1901 2726 2062 2777 etiam
2080 2734 2393 2777 temnestate
2408 2725 2487 2777 Ro
2510 2742 2680 2777 nanus
2695 2729 2950 2777 patricius
2961 2739 3014 2777 et
3032 2734 3296 2777 exarnlmn

1737 2745 1755 2777 ι
1778 2723 1889 2779 Hac
1901 2723 2062 2779 etiam
2080 2734 2393 2796 tempeState
2408 2723 2680 2796 ﬂoinanus
2695 2743 2755 2794 pa
2764 2729 2950 2784 tricins
2961 2739 3014 2784 et
3032 2723 3302 2789 exarcbus

1730 2796 2000 2849 Ravenna:
2039 2796 2265 2852 Romam
2318 2796 2644 2863 properavit.
2681 2798 2782 2863 Qui
2821 2799 2946 2853 dum
2991 2800 3300 2858 Ravennam

1731 2865 2039 2938 revertitur,
2071 2868 2272 2938 recepit
2293 2865 2537 2919 civitates
2556 2880 2687 2938 quae
2706 2882 2737 2919 a
2765 2866 3128 2938 Langobardis
3155 2879 3302 2928 tene-

1730 2936 1943 2996 bantur,
1977 2935 2208 3004 qnarum
2237 2937 2339 2990 ista
2383 2944 2512 2989 sunt
2548 2935 2804 2990 nomina:
2849 2935 3119 3003 Siitrium,
3165 2941 3304 2997 Poli-

1734 3006 2007 3068 martium,
2039 3005 2279 3069 Ilortam,
2304 3004 2617 3068 Tudertem,
2650 3007 2886 3069 Ameria,
2919 3006 3163 3075 Perusia,
3194 3012 3303 3066 Lu-

1736 3075 1920 3147 ceolis,
1945 3085 1999 3147 et
2024 3077 2158 3147 alias
2178 3074 2439 3147 quasdam
2463 3075 2730 3129 civitates.
2761 3076 2912 3142 Quod
2951 3078 3153 3147 factum
3178 3098 3302 3137 cum

1739 3146 1848 3214 regi
1872 3146 2155 3220 Agilnlplio
2177 3145 2477 3220 nuntiatum
2506 3155 2670 3220 esset,
2692 3148 2873 3220 statim
2901 3147 3088 3220 Ticino
3116 3145 3301 3220 egres-

1736 3230 1829 3289 sus
1865 3214 1987 3267 cum
2018 3217 2190 3289 valido
2217 3214 2760 3289 exercitu__civit_a_tem
2800 3216 3077 3289 Perusiam
3102 3214 3259 3289 rpétiit
3285 3264 3303 3285 ,

1737 3284 1918 3353 ibique
1944 3299 2040 3354 per
2062 3287 2177 3341 dies
2219 3286 2422 3406 aliquot
2453 3283 2829 3339 Maurisionem
2876 3287 3062 3342 ducem
3097 3283 3306 3359 Lango¥

1737 3355 2172 3406 bardorumsaui
2207 3370 2265 3406 se
2325 3357 2671 3406 {omanorum
2709 3356 2951 3406 partibus
2989 3360 3301 3406 ll'adideral-

1736 3355 2172 3425 bardoruni,'qui
2207 3370 2265 3411 se
2307 3355 2671 3408 Romanorum
2709 3356 2951 3422 partibus
2989 3355 3303 3425 tradideﬁit,

1735 3423 1964 3494 obsedit,
1991 3435 2046 3478 et
2087 3423 2203 3480 sine
2243 3438 2394 3479 mora
2440 3432 2655 3494 captum
2684 3426 2803 3494 _vita
2848 3427 3093 3494 privavit.
3139 3423 3307 3492 l-lujus

1735 3493 1878 3574 regis
1902 3494 2131 3548 adventu
2162 3493 2639 3574 intantuin‘beatus
2668 3492 2955 3574 Gregorius
2975 3512 3108 3574 papa
3129 3507 3309 3574 exter-

1739 3560 1873 3615 ritus
1901 3574 2016 3625 est,
2061 3574 2118 3616 ut
2142 3565 2209 3617 ah
2243 3562 2576 3632 expositione
2619 3560 2803 3631 templi
2839 3564 2904 3616 de
2944 3560 3057 3632 quo
3090 3560 3140 3617 in
3177 3567 3307 3620 Eze-

1737 3632 1909 3685 chiele
1941 3634 2152 3701 legitur,
2176 3634 2493 3695 desisteret,
2524 3631 2664 3684 sicut
2699 3633 2812 3702 ipse
2856 3631 3069 3702 quoque
3108 3634 3162 3688 in
3194 3636 3306 3692 suis

1737 3702 1970 3757 homiliis
2001 3704 2177 3755 refert.
2214 3722 2231 3752 ι
2680 3710 2688 3719 ‘

1784 3775 1970 3826 'Linea
1999 3776 2049 3827 7.
2076 3801 2148 3812 —-—
2174 3771 2370 3825 Eodem
2403 3782 2648 3839 tempore.
2678 3770 2806 3836 Quae
2851 3772 2952 3826 hoc
2982 3772 3098 3828 loco
3140 3773 3310 3830 refert

1737 3843 2056 3899 Anastasius
2078 3845 2141 3896 de
2160 3843 2417 3912 missione
2447 3842 2737 3912 apostolica
2770 3841 2823 3894 in
2862 3841 3107 3912 Angliam
3152 3845 3310 3900 insti-

1743 3922 1882 3973 tuta,
1932 3915 2120 3966 eadem
2151 3910 2347 3965 Paulus
2390 3926 2506 3980 cap.
2551 3911 2621 3964 26
2663 3911 2812 3965 hisce
2853 3910 3033 3966 verbis
3067 3925 3304 3970 enarrat.

1743 4002 1761 4034 ι
1800 3982 1913 4037 Hoc
1943 3995 2180 4050 tempore
2208 3981 2346 4052 idem
2395 3979 2581 4035 beatus
2624 3979 2917 4052 Gregorius
2946 3982 3308 4052 Augustinum

1738 4064 1794 4108 et
1831 4047 2112 4114 Mellitum,
2144 4061 2199 4105 et
2233 4047 2493 4105 Joannem
2522 4066 2642 4105 cum
2676 4047 2795 4105 aliis
2838 4047 3081 4118 pluribus
3116 4069 3307 4109 mona-

1739 4126 1856 4179 chis
1888 4123 2196 4177 timentibus
2227 4120 2531 4183 Dominum,
2572 4120 2624 4173 in
2649 4120 2983 4174 Britanniam
3025 4124 3193 4187 misit,
3218 4139 3311 4187 eo-

1737 4207 1963 4262 rumque
1990 4194 2368 4262 praedicatione
2387 4192 2452 4244 ad
2466 4191 2737 4262 Christum
2754 4189 2953 4258 Anglos
2974 4195 3256 4248 convertit.
3284 4214 3304 4246 ι

1738 4260 1964 4319 Gemina
1992 4260 2119 4315 sunt
2147 4276 2266 4331 quae
2295 4270 2481 4315 noster
2515 4260 2783 4331 edisserit.
2825 4262 3139 4331 Quanquam
3181 4264 3310 4319 dum

1739 4333 1904 4387 hasce
1938 4329 2261 4385 lacinias—ad
2303 4332 2525 4384 verbum
2556 4345 2621 4382 ex
2655 4329 2823 4384 Paulo
2862 4329 3008 4384 Diae.
3048 4333 3098 4384 in
3148 4331 3312 4388 Gesta

1735 4402 2049 4472 pontificum
2082 4401 2407 4472 transcribit,
2436 4401 2676 4472 ordinem
2702 4411 3000 4472 temporum
3026 4402 3171 4456 nullo
3198 4403 3314 4458 loco

1743 4464 1949 4535 habuit,
1984 4472 2236 4539 tenuique
2279 4471 2486 4524 delectu
2530 4470 2652 4539 hinc
2687 4480 2743 4523 et
2772 4464 2895 4523 inde
2941 4480 3059 4524 acta
3090 4487 3313 4527 consar-

1739 4543 1930 4595 cinans
1949 4580 1962 4602 ,
2015 4538 2264 4594 tenebras
2292 4540 2573 4609 plusquam
2604 4538 2925 4609 Cimmerias
2951 4541 3315 4609 chronologia

1739 4610 1947 4665 oﬂ‘udit.
1982 4610 2088 4664 Sed
2116 4610 2183 4663 de
2209 4610 2291 4662 his
2315 4616 2500 4675 postea
2531 4608 2721 4662 fusius.
3329 4616 3332 4620 '

2245 4737 2400 4794 BINIl
2435 4754 2504 4794 ετ
2542 4737 2801 4795 LABBEI.

1814 4872 1977 4925 Linea
2003 4871 2125 4924 1.-
2152 4868 2431 4943 Gregorius
2464 4886 2606 4925 anno
2621 4869 2843 4943 _Domini
2881 4872 3006 4938 590,
3033 4881 3317 4943 postquam

1743 4947 1902 4999 sedes
1932 4956 2027 4995 sex
2060 4942 2369 4999 mensibus,
2400 4948 2455 4990 et
2492 4943 2563 4994 26
2602 4940 2792 4991 diebus
2826 4940 3101 5005 vacasset,
3143 4940 3320 4992 factus

1743 5024 1828 5069 est
1858 5012 2097 5079 pontifex
2126 5008 2183 5063 S.
2230 5008 2562 5079 Gregorius,
2603 5023 2695 5076 qui
2741 5016 2902 5063 natus
2950 5023 3104 5066 atavo
3147 5007 3325 5061 Felice

1743 5075 1879 5160 papa
1909 5079 2026 5147 ejus
2052 5079 2281 5159 nominis
2306 5075 2486 5160 tertio,
2518 5075 2941 5160 noii'qluartouit
2963 5082 3071 5135 vult
3095 5080 3327 5133 Joannes
