3992 6314
648 320 747 374 69!

1771 327 1774 329 “
1802 316 2156 398 ANASTASII
2193 311 2633 368 BlllLIOTHECA
2643 311 2732 366 ιιιι

3662 357 3672 366 .
3734 321 3808 375 6:)!

650 443 888 482 cessario
931 435 1014 479 est
1063 426 1346 496 illigandus
1377 426 1509 480 huic
1561 441 1732 490 anno,
1783 427 1928 480 sicut
1955 425 2214 496 Bonifacii
2243 425 2291 484 Α
2319 437 2383 496 ex
2418 421 2650 474 Liberali
2679 422 2888 496 diaconi
2925 423 3202 496 Bgeviarii,
3229 409 3350 494 cap.
3381 425 3667 496 22._constet
3689 431 3809 486 Sili-e-

651 497 982 550 successoris
1028 496 1142 564 ipso
1188 494 1482 564 eodemque
1522 510 1663 548 anno
1706 505 1938 549 exeunte
1981 495 2219 548 anterior

555 625 562 632 _
651 583 756 618 non
789 575 871 619 est
896 563 1117 632 dicenda
1157 563 1379 632 electio;
1414 579 1586 631 neque
1620 565 1864 617 eamdem
1892 565 1958 632 ad
1991 579 2220 631 sequen—

651 645 758 688 teni
787 649 984 686 annum
1005 631 1355 685 differendam
1379 627 1513 685 cuni
1528 633 1690 700 Pagio
1707 627 1998 686 Eleutherii
2023 627 2216 693 caedes,

647 703 859 770 aliaque
885 710 1201 770 argumenta
1231 701 1540 770 ostendunt,
1577 718 1696 770 qua:
1724 703 1776 754 in
1807 703 1947 754 notis
1975 703 2040 754 ad
2070 717 2223 754 eum-

647 768 1143 825 dem—Bonifacium
1196 768 1480 822 adducam.
1518 768 1648 836 Quae
1695 785 1816 824 cum
1869 771 1938 823 ita
1986 771 2115 830 sint,
2159 770 2216 822 S.

622 840 942 894 Deusdedit
989 839 1152 905 igitur
1199 844 1320 905 post
1363 853 1574 892 menses
1619 839 1682 900 5,
1712 839 1766 890 d.
1810 839 1896 900 15,
1925 839 2222 892 vacationis

647 909 952 970 ordinatus,
983 907 1071 961 die
1091 905 1384 976 ,lSlOctob.
1414 905 1535 966 615,
1569 917 1688 976 post
1710 923 1902 961 annor.
1933 908 1967 960 5
1992 923 2055 961 ac
2083 909 2216 960 dier.

647 977 718 1030 20
738 977 940 1038 sedem,
972 976 1062 1029 die
1089 975 1120 1044 _7
1149 975 1468 1029 Novembris
1515 975 1741 1029 moritur
1785 993 1848 1028 ac
1889 978 1975 1030 die
2007 987 2221 1044 postera

647 1045 928 1115 sepelitur,
952 1054 1010 1098 ut
1034 1039 1179 1098 recte
1193 1045 1511 1098 Anastasius
1525 1055 1578 1098 et
1595 1039 2032 1115 Martyrologium
2061 1045 2216 1098 ῐὶυιιι.

648 1131 677 1168 a
710 1113 906 1183 Baron.
938 1116 1279 1183 emendatum
1309 1114 1544 1178 habent,
1568 1113 1757 1183 nempe
1791 1113 1908 1182 ipsa
1937 1115 2222 1182 depositio-

647 1183 736 1238 nis
769 1184 854 1238 die
883 1182 916 1237 8
942 1181 1277 1237 Novembris.

1277 1295 1592 1351 CIACONII.

720 1384 885 1455 Linea
921 1386 1062 1455 l.-:—
1094 1383 1410 1455 Deusdedit:
1443 1385 1732 1455 Presbyter
1777 1385 2063 1455 cardinalis
2120 1385 2220 1440 SS.

648 1449 872 1508 Joannis
925 1464 979 1508 et
1019 1453 1206 1515 Pauli,
1259 1455 1340 1507 tit.
1385 1449 1770 1522 Pammachii,
1799 1470 1828 1507 a
1877 1454 1933 1506 S.
1966 1456 2224 1522 Gregorio

650 1536 788 1591 papa
821 1524 1014 1584 factus,
1036 1523 1405 1591 pontiﬁcatum
1427 1525 1665 1576 omnium
1687 1521 1956 1591 sulfragiis
1977 1521 2222 1592 adeptus,

650 1593 814 1655 sedit,
845 1593 1168 1662 imperatore
1223 1592 1406 1645 Flavio
1453 1592 1698 1646 Heraclio
1750 1594 2011 1662 Augusto,
2057 1609 2227 1647 annos

648 1669 800 1723 tres,
847 1661 963 1714 dies
1008 1662 1106 1724 l9;
1151 1670 1496 1714 consecratus
1527 1662 1614 1714 die
1638 1661 1948 1724 Dominieo,
1990 1677 2064 1714 xii
2107 1662 2222 1715 Kal.

647 1728 990 1792 Novembris,
1019 1744 1160 1783 anno
1189 1729 1397 1784 Domini
1429 1729 1553 1784 6l5.
1581 1730 1871 1784 Deusdedit
1915 1739 2034 1783 erat
2066 1747 2222 1784 voca-

645 1797 830 1851 bulum
858 1799 1213 1867 compositum
1242 1814 1306 1851 ex
1325 1801 1555 1867 nomine
1588 1809 1643 1852 et
1671 1800 1858 1862 verbo,
1888 1799 1996 1853 illis
2025 1809 2228 1866 tempo-

650 1867 800 1920 ribus
823 1865 1103 1921 usitatum.
1131 1867 1264 1919 Nam
1293 1865 1362 1919 M.
1393 1868 1643 1922 Aurelius
1661 1868 2014 1922 Cassiodorus
2040 1865 2230 1922 scribit

651 1935 720 1987 ad
753 1935 1061 1996 Deusdedit,
1096 1937 1328 1990 scribam
1359 1935 1763 2000 Ravennatem,
1789 1947 1844 1990 et
1883 1947 2102 1992 sanctus
2121 1939 2229 1991 Au-

653 2005 902 2074 gustinus
931 2005 996 2056 ad
1027 2005 1476 2074 Quodvultdeum.

723 2072 885 2144 Linea
904 2075 1005 2144 μ.
1023 2104 1090 2112 -
1119 2073 1245 2126 Post
1272 2074 1382 2126 haec
1405 2083 1580 2128 secuta
1621 2085 1697 2126 est
1738 2074 1911 2128 clades
1939 2076 1992 2128 in
2015 2076 2226 2144 populo.

649 2141 808 2196 Anno
833 2142 958 2206 6l5,
981 2142 1220 2212 Augusto
1241 2157 1446 2204 mense,
1479 2152 1623 2196 terra
1661 2144 1861 2212 ingenti
1905 2141 2050 2198 motu
2081 2141 2230 2198 ’ροη-

649 2211 874 2264 tremuit
900 2251 916 2277 ,
942 2211 1308 2265 terrazmotum
1343 2227 1471 2265 vero
1499 2211 1792 2266 lmdissima
1840 2212 1953 2266 lues
1984 2224 2066 2267 est
2100 2229 2232 2267 con-

649 2291 855 2352 secuta.
890 2282 1156 2352 Hmcerat
1186 2281 1429 2344 scabies,
1460 2280 1778 2352 elephantiaz
1805 2284 2022 2352 nomine
2049 2283 2231 2352 appel-

649 2347 760 2401 lata
787 2390 800 2413 ,
837 2364 956 2418 quae
980 2349 1295 2404 alfectorum
1339 2365 1434 2402 ora
1475 2347 1560 2402 ita
1579 2349 1944 2412 deformabat,
1976 2361 2034 2403 ut
2064 2347 2168 2404 an
2199 2368 2231 2405 a

649 2419 881 2488 mortuis
905 2419 1044 2472 haud
1072 2418 1533 2486 distinguerentur
1568 2434 1669 2488 nec
1699 2419 1940 2487 dignosci
1987 2429 2226 2488 possent.

651 2487 769 2558 Quo
794 2497 1035 2558 tempore
1055 2488 1330 2558 pontiﬁcia
1359 2488 1620 2542 sanctitas
1645 2487 1910 2558 insignem
1950 2487 2008 2543 se
2059 2490 2230 2542 homi-

653 2554 1155 2626 nibusdeclaravit.
1189 2556 1325 2608 Nam
1351 2573 1474 2611 cum
1515 2554 1942 2624 pontifex'obvio
1973 2558 2230 2626 elephan-

653 2625 794 2695 _t_iaco
820 2625 1292 2695 liominiosculum
1318 2626 1634 2691 obtulisset,
1677 2626 1946 2695 extemplo
1989 2625 2230 2694 pristinae

649 2692 800 2746 illum
826 2694 1044 2747 sanitati
1071 2695 1323 2748 restituit.

1323 2804 1552 2859 MAFEI.

722 2894 884 2946 Linea
911 2895 995 2964 il.
1020 2923 1090 2934 --
1113 2892 1237 2947 Post
1266 2895 1377 2964 hau:
1398 2904 1574 2948 secuta
1609 2904 1683 2947 est
1715 2897 1910 2948 clades.
1960 2896 2227 2964 Elephan—

658 2962 819 3040 tiasi_n
841 2963 1113 3040 morbum,
1134 2965 1223 3040 qui
1247 2978 1276 3015 a
1304 2962 1506 3040 Graecis
1533 2969 1878 3040 aawpiaa'isou
1904 2962 2225 3026 nominatur,

655 3033 813 3103 quod
837 3030 1120 3103 faciem_eo
1134 3031 1435 3103 laborantis
1461 3030 1689 3103 similen'i
1722 3030 1895 3103 reddit
1921 3043 2224 3103 satyrorum

655 3099 840 3168 faciei,
865 3109 987 3152 ante
1008 3100 1108 3154 Cn.
1134 3100 1369 3168 Pompeii
1403 3109 1640 3167 tempora
1670 3101 1720 3153 in
1753 3101 1900 3153 Italia
1927 3099 2029 3154 non
2059 3101 2226 3156 fuisse

653 3167 860 3221 Plinius
887 3177 970 3221 est
1005 3177 1196 3221 auctor
1234 3167 1371 3221 libro
1413 3185 1536 3222 xxvi
1565 3168 1686 3221 Nat.
1721 3168 1855 3222 llist.
1898 3171 1968 3221 At
2013 3173 2230 3224 sedente

657 3245 846 3290 sancto
872 3237 1123 3304 pontiﬁce
1154 3238 1440 3291 Deusdedit
1465 3238 1537 3290 ita
1564 3253 1762 3292 saevum
1789 3238 1841 3290 in
1865 3239 2078 3292 modum
2118 3240 2229 3293 ele-

653 3306 953 3374 phantiasis
983 3307 1034 3359 in
1066 3306 1209 3361 Urbe
1237 3315 1477 3376 grassata
1529 3318 1642 3370 est,
1692 3317 1750 3360 ut
1797 3307 1973 3360 nullus
2014 3317 2228 3376 posset,

654 3377 1104 3447 quemadmodum
1130 3377 1305 3447 inquit
1327 3375 1537 3447 Noster,
1563 3385 1832 3447 mortuum
1857 3375 2230 3447 suum’cogno-

655 3457 831 3497 scere.
859 3444 914 3496 In
950 3452 1099 3497 tanta
1131 3459 1258 3497 vero
1285 3445 1559 3497 hominum
1593 3444 1746 3498 clade
1773 3445 2046 3512 pontiﬁcia
2099 3444 2231 3500 cha-

653 3512 791 3566 ritas
816 3527 970 3581 opem
1007 3513 1184 3567 ferens
1211 3513 1295 3567 lue
1328 3514 1651 3568 conllictatis
1671 3556 1686 3576 ,
1714 3514 1968 3567 divinitus
2007 3516 2106 3568 fuit
2135 3531 2231 3569 no-

654 3581 882 3636 nililala.
933 3582 1376 3650 Elepliantiacum
1416 3585 1558 3637 enim
1605 3583 1706 3637 sibi
1753 3584 1969 3638 obvium
2015 3595 2233 3639 sanctus

657 3650 949 3722 Deusdedit
975 3652 1295 3706 deosculans
1325 3652 1616 3720 extemplo,
1639 3653 1819 3706 divina
1841 3667 1940 3722 per
1961 3667 2081 3706 eum
2105 3669 2234 3722 ope-

656 3729 810 3790 rante
841 3721 1070 3784 virtute,
1102 3722 1342 3790 pristinae
1373 3723 1592 3774 sanitati
1635 3722 1888 3775 restituit.
1915 3721 2067 3786 Quod
2105 3723 2233 3776 insi-

654 3804 758 3856 gne
785 3788 986 3842 factum
1017 3807 1045 3842 a
1085 3788 1406 3858 pervetustis
1435 3791 1688 3846 Ecclesiae
1719 3791 2079 3844 monumentis
2121 3792 2232 3844 Iau—

653 3859 862 3919 datum,
893 3869 1049 3912 sexto
1072 3860 1192 3913 ldus
1215 3860 1543 3914 Novembres
1570 3859 1686 3925 ejus
1709 3859 1873 3912 natali
1900 3861 1984 3912 die
2009 3860 2059 3912 in
2094 3860 2232 3912 Illar-

658 3925 920 3996 tyrologio
980 3929 1221 3982 Romano
1285 3930 1653 3983 anniversaria
1725 3930 2234 3982 commemoratione

657 3995 1023 4050 hisce.verbis
1056 3999 1310 4051 recolitur
1342 4018 1353 4050 :
1389 3997 1570 4051 Romae
1612 3999 1779 4050 sancti
1811 3997 2095 4050 Deusdedit
2134 4015 2226 4064 pa-

656 4081 758 4130 pae,
785 4066 875 4133 qui
902 4067 1033 4118 tanti
1061 4068 1230 4118 meriti
1271 4067 1370 4133 fuit
1392 4105 1406 4128 ,
1444 4076 1496 4118 ut
1523 4067 1781 4135 leprosum
1823 4066 2000 4118 osculo
2030 4083 2062 4117 a
2091 4066 2232 4135 lepra

654 4135 940 4186 sanaverit.

1342 4241 1540 4296 PAGll.

729 4326 893 4380 Linea
917 4327 1130 4382 l.—Ea:
1152 4339 1298 4397 patre
1321 4328 1584 4397 Stephano
1608 4329 1944 4383 subdiacono.
1973 4331 2028 4383 In
2052 4345 2230 4384 exem-

656 4395 795 4466 plari
828 4398 1107 4466 Anastasii
1147 4395 1255 4466 quo
1280 4395 1542 4451 BarOnius
1581 4414 1707 4451 usus
1741 4408 1860 4463 est,
1906 4400 2181 4466 legebatur
2211 4419 2224 4453 :

661 4465 940 4518 Deusdedit
965 4465 1111 4532 [ilius
1136 4465 1416 4534 Stephani,
1445 4482 1508 4519 ea:
1541 4467 1860 4520 subdiacono
1890 4470 2019 4521 sedit
2062 4485 2227 4522 annos

657 4546 780 4586 tres.
807 4535 888 4586 Ad
917 4550 1036 4602 qua:
1059 4537 1220 4588 verba
1257 4535 1330 4588 ita
1369 4536 1594 4588 scribit:
1629 4555 1647 4586 ι
1687 4536 1755 4590 Ut
1789 4545 1966 4590 autem
2005 4538 2224 4590 subdia-

657 4618 828 4674 conus
866 4602 1141 4674 Romanus
1187 4602 1429 4672 pontifex
1470 4614 1775 4667 crearetur,
1823 4621 1964 4659 nunc
1995 4606 2225 4674 primum

659 4671 882 4734 accidit,
909 4673 1113 4744 absque
1137 4671 1406 4744 majorum
1438 4675 1703 4744 exemplo,
1729 4684 1785 4727 ut
1817 4675 1973 4742 plane
1995 4671 2053 4727 in
2081 4674 2226 4728 clero

662 4756 886 4812 magnas
913 4742 1283 4796 ﬂuctuationes
1304 4742 1760 4806 concitatas'esse,
1789 4745 1861 4796 sit
1886 4756 2221 4812 argumento.

663 4809 790 4881 sed,
824 4820 884 4863 ut
913 4812 1127 4881 omissis
1157 4813 1309 4873 aliis,
1339 4812 1628 4866 Deusdedit
1663 4809 1984 4881 elegeretuf,
2013 4812 2223 4881 egregia

663 4880 717 4931 id
735 4879 859 4950 ejus
892 4880 1150 4950 sanctitas
1178 4881 1456 4948 praestitit,
1482 4896 1587 4950 qua
1619 4879 1845 4934 mirifice
1883 4881 2022 4935 inter
2051 4890 2125 4934 tot
2148 4879 2230 4933 te-

663 4947 861 5001 nebras
904 4947 1204 5002 illustratus
1243 4947 1536 5002 emicuit.)
1575 4951 1704 5002 Cum
1749 4951 1852 5002 huc
1892 4963 2062 5017 usque
2100 4950 2231 5002 viris

662 5017 836 5070 doctis
880 5031 1196 5083 persuasum
1246 5019 1407 5072 fuerit
1453 5019 1810 5072 subdiaconos
1860 5018 1911 5070 in
1961 5018 2231 5071 Romanos

662 5085 945 5155 pontiﬁces
975 5102 1247 5154 nunquam
1280 5086 1444 5141 luisse
1472 5087 1696 5149 electos,
1714 5101 1780 5139 ex
1807 5087 2041 5140 editione
2067 5089 2230 5155 Regia

664 5154 935 5223 Anastasii
983 5157 1255 5223 variisque
1290 5155 1407 5222 ejus
1451 5157 1724 5209 codicibus
1771 5170 1900 5208 mss.
1949 5154 2235 5223 pnedictus

665 5220 814 5274 locus
845 5223 896 5274 in
930 5224 1071 5278 hunc
1113 5220 1333 5277 moduni
1371 5225 1648 5278 restitutus
1691 5231 1770 5277 est
1801 5241 1813 5276 :
1842 5220 2123 5277 Deusdedit
2167 5239 2232 5277 ea:

609 5297 611 5299 ’
659 5300 808 5360 patre
835 5289 1098 5360 Stephano
1127 5293 1462 5356 subdiacona,
1491 5293 1561 5344 ita
1585 5302 1638 5346 ut
1671 5293 1956 5346 Deusdedit
1984 5307 2087 5345 non
2114 5293 2233 5346 fue-

665 5359 737 5413 rit
760 5359 1118 5416 subdiaconus
1135 5400 1156 5424 ,
1176 5362 1269 5416 sed
1304 5362 1612 5416 subdiaconi
1656 5363 1813 5416 ﬁlius.
1850 5361 2044 5414 Verum
2066 5399 2082 5423 ,
2109 5377 2230 5416 eum

2321 492 2460 542 rium
2501 507 2582 563 ea:_
2609 491 2928 563 subdiacono
2961 491 3310 563 Romanum'
3333 494 3619 563 pontiﬁcem
3663 501 3810 553 dictum

2319 573 2458 618 esse,
2485 569 2537 632 et
2565 559 2848 632 Liberatus
2873 562 3062 614 eodem
3094 559 3348 632 tempore
3367 579 3470 631 quo
3499 564 3719 620 Silverius
3736 571 3809 624 ele-

2317 629 2685 698 ctusvixerit,
2716 629 2975 681 incertum
3006 629 3252 684 remanet
3279 629 3517 698 quamam
3542 649 3599 686 ex
3623 635 3708 689 illis
3726 640 3812 689 dna.

2320 697 2421 769 bus
2445 695 2762 769 lectionibus
2793 698 2860 750 sit
2885 698 3245 769 pra-ferenda,
3269 695 3390 754 cum
3413 704 3654 755 correctio
3673 708 3815 769 prioris

2319 763 2456 839 falso
2477 764 2823 839 fundamento
2846 763 3065 839 nitatur.
3084 768 3453 839 Subdiaconos
3477 784 3622 839 porro
3642 763 3815 839 potuisse

2319 832 2444 905 eligi
2467 834 2740 905 existimo,
2755 849 2924 905 usque
2942 836 3006 888 ad
3031 845 3268 905 tempora
3299 832 3546 905 Stephani
3567 832 3812 904 Ill,'aliislV',

2319 900 2374 952 in
2402 900 2561 968 cujus
2588 905 2789 972 synodo
2818 902 3060 957 Romana
3082 945 3096 968 ,
3127 900 3272 960 anno
3314 900 3415 959 769
3455 909 3715 968 celebrata,
3749 900 3816 964 sub

2322 972 2673 1045 anathemate
2702 973 3047 1025 interdictum
3073 983 3174 1045 est,
3209 991 3274 1045 ne
3294 975 3432 1027 ullus
3454 991 3657 1044 unquam
3673 994 3812 1045 prau-

2321 1048 2431 1090 mat
2445 1039 2922 1111 ‘laicorum,_neque
2946 1058 3011 1094 ea:
3032 1043 3138 1095 alio
3162 1044 3370 1105 ordine,
3394 1044 3492 1095 nisi
3512 1039 3595 1111 per
3614 1039 3813 1101 distinctos

2321 1107 2518 1181 gradus
2543 1107 2844 1181 ‘ascendens
2884 1111 3139 1164 diaconus
3181 1122 3276 1164 aut
3318 1107 3570 1181 presbyter
3600 1116 3812 1168 cardinalii

2323 1175 2497 1242 factus
2530 1176 2686 1250 fuerit
2728 1178 2816 1250 ad
2843 1195 3052 1250 sacrum
3095 1175 3433 1247 pontiﬁcatus
3466 1175 3680 1234 honorem
3712 1201 3813 1250 posse

2320 1245 2644 1310 promoveri;
2671 1259 2736 1298 ex
2767 1245 2850 1300 his
2874 1248 3017 1317 enim
3049 1245 3399 1303 verbismihi
3425 1249 3532 1302 erui
3563 1265 3694 1317 posse
3712 1245 3814 1306 iide-

2325 1319 2412 1364 tur
2443 1322 2799 1387 tunc_t_antum
2845 1316 3203 1387 subdiaconos
3233 1316 3584 1387 apontiﬁcatu
3607 1321 3812 1384 exclusos,

2311 1389 2444 1432 ‘cum
2472 1395 2534 1434 ex
2564 1381 2813 1436 Liberato
2859 1385 3070 1438 laudato
3100 1381 3398 1440 habeamus
3432 1386 3683 1441 Silverium
3705 1406 3751 1443 ex
3770 1381 3813 1444 eo

2323 1450 2514 1523 ordine
2542 1453 2608 1523 ad
2639 1452 3006 1523 pontiﬁcatum
3039 1466 3400 1523 assumptum,
3443 1457 3639 1509 nemine
3659 1460 3761 1510 hanc
3780 1462 3813 1514 ei

2325 1516 2736 1587 incapacitatem
2769 1520 3056 1587 objiciente
3076 1565 3090 1582 ,
3136 1533 3191 1576 et
3220 1516 3290 1577 ex
3318 1516 3590 1578 Anastasio
3619 1526 3812 1581 incertum

2327 1598 2604 1642 remaneat
2637 1605 2704 1642 an
2737 1589 2851 1649 ipse
2876 1592 3036 1644 etiam
3065 1592 3359 1646 Deusdedit
3391 1592 3543 1647 fuerit
3583 1604 3686 1647 ante
3708 1611 3810 1649 suam

2325 1655 2642 1730 electionem
2690 1655 2860 1712 solum
2908 1662 3312 1724 subdiaconus,
3374 1664 3512 1730 quod
3549 1664 3814 1729 probabilius

2326 1725 2739 1810 videturhnam
2792 1730 3058 1810 posterior
3113 1731 3275 1810 lectio
3327 1725 3484 1785 habet
3517 1725 3696 1810 quidem
3730 1747 3812 1810 eum

2335 1791 2498 1868 [uisse
2521 1791 2830 1868 subdiaconi
2856 1798 3045 1857 ﬁlium.
3081 1800 3174 1852 sed
3209 1814 3315 1852 non
3347 1810 3500 1868 negat
3529 1791 3677 1868 ipsum
3693 1803 3807 1854 etiam

2331 1862 2497 1935 fuisse
2527 1865 2933 1935 subdiacouum,
2961 1869 3100 1934 quod
3129 1869 3282 1935 prior
3301 1862 3496 1923 disci-te
3525 1862 3677 1921 habet.

2403 1931 2565 1986 Linea
2616 1932 2762 1986 9.—
2785 1933 2887 1988 Hic
2937 1931 3207 1989 constituit
3257 1938 3535 1990 secundam
3574 1937 3740 1988 missam
3777 1937 3812 1987 in

2331 1999 2491 2068 clero.
2517 2001 2645 2068 Ejus
2666 2003 2718 2056 in
2744 2003 2946 2057 clerum
2976 2020 3218 2059 amorem
3249 2016 3304 2060 et
3327 2007 3694 2059 beneﬁcentiam
3715 2006 3809 2057 Libri

2329 2067 2661 2143 Pontiﬁcalis
2703 2081 2891 2143 auctor
2931 2075 3312 2137 commendat,
3340 2075 3431 2143 qui
3461 2083 3512 2129 et
3536 2075 3722 2128 scribit:
3745 2073 3810 2124 llic

2331 2140 2598 2211 constituit
2629 2142 2925 2211 secundum
2953 2142 3183 2211 missam
3211 2145 3269 2196 in
3299 2140 3455 2197 clero;
3482 2145 3554 2196 Ad
3580 2157 3676 2211 quae
3700 2145 3810 2196 verba

2335 2206 2524 2261 Petrus
2552 2207 2921 2264 Urbevetanus
2948 2210 2999 2263 in
3029 2213 3254 2266 scholiis
3287 2213 3424 2266 apud
3453 2206 3724 2266 cardinalem
3745 2212 3810 2263 Bo-

2331 2289 2486 2348 nam,
2525 2276 2619 2331 lib.
2652 2293 2690 2341 ι,
2715 2293 2833 2348 cap.
2865 2279 2954 2342 14,
2981 2297 3030 2332 n.
3065 2281 3120 2343 4,
3146 2282 3214 2336 de
3242 2276 3423 2335 Rebus
3451 2281 3704 2348 liturgicis,
3728 2282 3808 2331 ait:

2337 2362 2354 2393 ι
2389 2346 2524 2409 Quia
2555 2354 2677 2400 tunc
2703 2347 2930 2402 forsitan
2964 2349 3028 2400 ad
3057 2351 3233 2404 instar
3253 2351 3554 2405 Graecorum
3575 2346 3666 2402 non
3688 2359 3809 2403 canta-

2331 2412 2491 2488 batur
2518 2415 2569 2467 in
2591 2417 2816 2488 ecclesia
2849 2417 2949 2488 nisi
2982 2433 3087 2471 una
3120 2421 3287 2474 missa
3310 2459 3324 2483 ,
3353 2420 3505 2488 quod
3528 2423 3672 2488 magis
3699 2418 3806 2488 aditi—

2330 2482 2491 2556 eabat
2507 2486 2802 2556 secundum
2826 2487 3097 2556 antiquos.
3131 2506 3150 2538 ι
3178 2482 3386 2543 Veruui
3406 2486 3562 2541 multo
3579 2482 3683 2540 aute
3698 2487 3807 2556 petis-

2331 2551 2479 2603 dedit
2525 2553 2575 2605 in
2630 2553 2926 2608 Romanam
2959 2551 3278 2611 'Ecclesiam
3325 2557 3656 2610 introductum
3695 2555 3808 2607 fuisse

2331 2634 2533 2692 morem
2567 2622 2794 2692 iterandi
2819 2625 3070 2679 sacriﬁcii
3102 2634 3319 2680 constat
3341 2641 3405 2678 ex
3429 2625 3591 2679 Leone
3606 2623 3748 2692 Magno
3770 2623 3806 2673 in

2329 2688 2555 2760 epistola
2583 2690 2642 2743 81
2680 2692 2748 2744 ad
2782 2692 3096 2748 Dioscorum
3117 2693 3532 2748 Alexandrinum
3552 2732 3565 2755 ,
3599 2688 3806 2760 quaman-

2331 2758 2423 2809 dat
2455 2759 2636 2812 iterari
2667 2761 2994 2823 sacriﬁcium
3025 2779 3146 2817 cum
3176 2763 3414 2817 ﬁdelium
3442 2758 3684 2817 multitudo
3703 2768 3804 2812 tanta

2328 2835 2412 2902 est
2447 2839 2504 2880 ut
2529 2842 2717 2902 omnes
2744 2830 2904 2883 simul
2934 2832 3152 2886 basilica
3197 2834 3436 2902 recipere
3473 2829 3805 2902 nonpossiliel

2331 2895 2432 2971 hoc
2459 2897 2599 2971 enim
2631 2909 2949 2971 sequeretur
2967 2903 3109 2971 quod
3139 2917 3244 2954 una
3268 2895 3394 2971 pars
3410 2901 3580 2971 populi
3593 2895 3677 2950 sua
3698 2897 3806 2949 dero-

2332 2965 2477 3018 tione
2506 2965 2827 3033 privaretur,
2857 2968 2901 3022 si
2933 2965 3090 3023 unius
3115 2965 3324 3023 tantuin
3350 2965 3518 3023 missae
3535 2984 3631 3021 mos
3649 2980 3804 3020 servan-

2331 3033 2430 3086 dus
2456 3044 2618 3108 esset.
2650 3035 2891 3108 fl‘uniait
2917 3037 3130 3107 plenum
3159 3040 3380 3108 pietatis
3409 3037 3682 3108 acrationis
3705 3047 3807 3108 esse,

2331 3112 2388 3176 u_t
2413 3103 2626 3176 quoties
2649 3103 2935 3176 basilicam
2959 3103 3244 3176 pmsen'tia
3269 3123 3420 3162 novae
3447 3107 3599 3176 plebis
3623 3104 3806 3176 impleve-

2330 3169 2442 3234 rit,
2475 3172 2633 3226 toties
2670 3169 2995 3229 sacriﬁcium
3046 3179 3385 3236 subsequens
3425 3169 3664 3229 oneratur.
3683 3169 3806 3236 Quam

2329 3241 2578 3315 sacriﬁcii
2605 3243 2946 3315 iterationem
2978 3244 3036 3298 S.
3063 3241 3305 3314 pontifex
3344 3245 3602 3315 prtecepit,
3633 3257 3682 3315 ex
3706 3251 3806 3315 mute

2330 3309 2420 3376 qui
2451 3317 2577 3381 tunc
2603 3310 2789 3364 Roma
2817 3307 3147 3381 vigebatfut
3179 3317 3235 3370 in
3271 3307 3524 3376 omnibus,
3562 3310 3714 3380 inquit,
3747 3307 3805 3359 ol-

2329 3379 2585 3430 servantia
2607 3391 2792 3450 nostra
2820 3379 3116 3450 concordet.
3146 3383 3214 3436 Et
3241 3382 3378 3436 infra
3406 3400 3420 3436 :
3450 3381 3510 3434 Ut
3540 3381 3654 3450 quod
3676 3387 3804 3450 unum

2331 3449 2690 3500 consuetudini
2713 3464 2777 3501 ea:
2801 3449 2969 3517 forma
2996 3461 3230 3518 pateram
3252 3447 3803 3518 traditionis'insedit,_lla

2328 3529 2531 3588 quoque
2555 3533 2702 3588 _cur_a
2728 3512 2849 3588 non
2879 3512 3120 3588 negligat.
3162 3520 3240 3575 De
3282 3521 3347 3574 iis
3388 3519 3528 3588 plura
3555 3518 3684 3588 habet
3710 3512 3805 3588 idem

2331 3580 2620 3657 cardinalis
2652 3585 2794 3638 Bona
2826 3580 3092 3642 laudatus.
3117 3588 3258 3654 Quid
3295 3580 3420 3643 vero
3461 3604 3549 3657 per
3583 3587 3674 3657 lucc
3692 3580 3802 3632 verba

2330 3650 2594 3722 intelligat
2614 3657 2955 3718 Anastasius,
2978 3657 3096 3711 aliis
3125 3650 3530 3711 examinandum
3555 3654 3757 3718 relinquo.

2401 3721 2562 3774 Linea
2579 3722 2672 3793 12.
2697 3753 2768 3763 —-
2791 3723 2894 3788 Qui
2919 3726 3216 3793 defunctus.
3239 3729 3543 3780 Anastasius
3560 3723 3615 3793 de
3634 3724 3710 3775 hoc
3725 3730 3803 3793 Sall:

2329 3797 2418 3864 cto
2441 3792 2692 3864 pontiﬁce
2721 3782 2909 3846 scribit
2937 3813 2950 3846 :
2986 3782 3089 3864 'Qui
3118 3796 3396 3864 defunctus
3414 3806 3457 3847 et
3479 3792 3740 3864 sepultusest
3759 3782 3802 3833 σά

2331 3857 2535 3930 beatum
2560 3857 2782 3930 Petrum,
2801 3856 3115 3930 apostolum,
3143 3856 3229 3918 die
3258 3875 3436 3916 octaua
3462 3856 3626 3914 mensis

2331 3927 2436 3995 bris
2459 3967 2473 3990 ,
2504 3929 2643 3995 quod
2691 3937 2745 3982 et
2773 3924 3047 3985 Marianus
3073 3924 3267 3986 Scottis
3312 3935 3362 3985 in
3410 3931 3645 3986 Chronico
3680 3924 3802 3995 habet.

2330 3989 2491 4049 Parte
2518 3989 2618 4048 alia
2641 4011 2763 4050 cum
2792 3998 3068 4054 Gotfridus
3095 4001 3468 4062 Viterhiensis,
3495 3997 3707 4052 Martinus
3727 3989 3798 4042 P0-

2332 4063 2486 4134 lonus
2516 4066 2568 4118 in
2601 4066 2900 4132 Chronico,
2943 4079 3130 4123 auctor
3169 4066 3452 4124 Fasciculi'
3483 4077 3747 4134 temporum,
3765 4063 3804 4134 fl

2332 4132 2512 4204 plures
2538 4134 2772 4203 Calalogi
2811 4127 3118 4204 pontiﬁcum
3154 4137 3314 4192 Rom.
3346 4127 3802 4192 habeant'Dcusdedit

2330 4203 2536 4276 sedisse
2561 4203 2847 4276 annostrés
2873 4216 2920 4258 et
2951 4208 3057 4276 dies
3084 4209 3304 4276 viginti,
3336 4217 3640 4274 consequens
3661 4207 3802 4276 estof;

2330 4272 2658 4346 dinationem
2689 4271 2814 4346 ejus
2831 4275 3049 4346 ajnobis
3078 4260 3224 4330 recte
3269 4260 3526 4346 alligatam
3555 4285 3653 4325 cum
3677 4260 3800 4346 ὤθει-9

2331 4337 2582 4412 θευῖίηῖίε
2620 4331 2746 4412 anni
2785 4342 2921 4407 6l5,
2954 4359 3182 4412 eumque
3209 4331 3408 4399 obiissue
3433 4345 3515 4396 die
3550 4349 3699 4412 octava
3731 4331 3799 4383 No-

2335 4409 2565 4463 vembris
2581 4411 2704 4462 anni
2728 4409 3110 4467 sexcentesimi'
3128 4415 3320 4468 decimi
3346 4412 3525 4467 octavi.
3549 4409 3651 4473 Ejus
3667 4413 3798 4456 nomen

2330 4475 2383 4548 in
2423 4476 2799 4548 Martyrologio
2847 4479 3097 4534 Galesinii
3146 4493 3202 4536 et
3249 4483 3304 4537 in
3359 4477 3698 4548 antiquioribus
3728 4481 3798 4542 uoti

2330 4544 2528 4615 legitur
2562 4544 2826 4615 'quidém,
2881 4553 2974 4604 sed
3026 4552 3288 4605 Baronius
3331 4553 3398 4605 ob

2328 4614 2606 4690 virtutes,
2640 4616 2766 4690 illud
2819 4618 3200 4690 Martyrologio
3253 4614 3506 4690 Romano
3535 4631 3560 4666 εὶ
3596 4614 3796 4690 50.399}?

2329 4685 2490 4762 ritate
2507 4685 2810 4763 apostolica
2843 4681 3140 4743 emendato
3154 4690 3220 4742 ad
3248 4691 3389 4744 diem
3413 4688 3444 4741 8
3469 4681 3723 4739 Novembris
3742 4684 3794 4722 ιιι·

2328 4764 2546 4820 scripsit

2956 4844 3282 4900 SOMMIER.

2400 4949 2565 5003 Linea
2588 4951 2716 5004 9.—
2732 4951 2832 5004 Hic
2852 4955 3118 5005 constituit
3135 4953 3411 5006 secundum
3432 4949 3614 5001 missam
3630 4941 3671 4992 in
3682 4935 3788 4989 clera-

2333 5019 2483 5092 llaud
2505 5023 2996 5092 satisconipertuin
3021 5023 3254 5092 estquid
3277 5037 3369 5089 per
3383 5012 3646 5092 ⁸Ι-ιρείςμίεζὶξει
3662 5011 3790 5092 auger

2333 5087 2478 5140 Libri
2505 5081 2837 5142 Pontiﬁcalis
2867 5081 3163 5159 signiﬁcet.-
3191 5081 3429 5144 Nonnulli
3471 5081 3789 5159 siquidem}?

2335 5160 2467 5209 dunt
2496 5159 2562 5210 ab
2592 5172 2657 5210 eo
2683 5150 3002 5226 permissum
3031 5174 3135 5212 uno
3161 5161 3447 5226 eodemque
3477 5150 3552 5205 die
3576 5150 3711 5201 miss'e
3733 5150 3788 5226 ξς

2323 5227 2595 5312 rriiicium
2631 5215 2955 5312 repeterent
2991 5227 3238 5312 locisuubi
3271 5215 3495 5312 eceiesim

2322 5296 2586 5415 {aquilum
2635 5285 2738 5348 non
2780 5296 3078 5364 capiebant.
3113 5297 3304 5348 Verum
3352 5295 3398 5346 id
3440 5285 3722 5344 constituerat
3747 5285 3784 5322 δ·

2381 5380 2444 5415 eu
2476 5364 2710 5415 Maonus.
2741 5373 2798 5415 ut
2832 5365 3064 5415 uiximus
3084 5367 3135 5415 in
3159 5365 3273 5415 eius
3292 5363 3588 5415 pontiﬁcatu.

2381 5380 2444 5415 eo
2476 5364 2710 5425 Maonus,
2741 5373 2798 5416 ut
2832 5363 3064 5418 diximus
3084 5367 3135 5418 in
3159 5365 3273 5434 ejus
3292 5363 3588 5434 pontilicatu.

3447 4547 3684 4618 praeclaras
3720 4549 3797 4618 eius
3889 4605 3895 4618 η
