3992 6314
638 296 745 352 699

1795 293 2151 348 ANASTASII
2192 294 2729 350 BIBLIOTIIECARII
3724 301 3804 357 33')

640 406 1033 479 cremeterinm,
1084 408 1226 475 quod
1274 424 1377 460 non
1415 410 1500 461 via
1536 407 1845 479 Ardeatina,
1891 416 1950 479 nt
1978 408 2212 479 _s_cripsit
2237 416 2286 471 Α
2312 425 2407 463 cas
2431 410 2482 479 in
2506 410 2750 479 Angliam
2774 408 2982 479 litteras
3006 409 3148 461 misit
3170 407 3479 463 Bonifacius
3493 407 3576 479 diu
3594 425 3807 479 uiperae:

641 470 948 544 Unupbrius
992 470 1509 546 inAc'gnmeteriorum
1554 477 1830 546 Catalogo,
1852 477 1944 529 sed
1977 470 2213 546 Nutrien-

641 552 768 597 lana
816 557 985 612 prope
1034 544 1193 599 Urbis
1239 547 1436 599 nuenia
1476 547 1635 599 situm
1685 544 1805 599 esse
1843 546 1985 598 inter
2029 544 2213 597 Roma;

641 613 1008 683 subterranea:
1031 615 1321 683 scriptores
1354 615 1487 669 satis
1523 616 1791 669 convenit.
1818 612 2017 667 Ibidem
2047 613 2210 683 etiam

640 689 761 734 erat
811 679 1040 753 ecclesia
1085 679 1156 736 εξ
1189 681 1524 753 ῌίοοηιείιίε,
1566 698 1726 753 quam
1768 691 2050 753 vetustate
2090 680 2213 735 fati-

644 757 882 805 scentem
915 750 1182 806 Adrianus
1204 751 1247 814 Ι,
1265 760 1322 805 ut
1348 752 1513 806 refert
1538 750 1848 805 Anastasius
1870 751 2031 810 intra,
2051 764 2210 803 renoc

645 819 808 871 vavit.
843 817 948 873 Sed
984 827 1281 890 temporum
1309 820 1514 890 injuria
1537 821 1610 874 ita
1637 820 1752 874 solo
1778 829 1987 887 aequata
2017 828 2117 879 est,
2146 826 2213 890 ut

647 895 831 940 nostra
856 895 1015 957 aetate
1044 887 1130 942 vix
1155 887 1433 957 parietinis:
1464 888 1607 943 illius
1640 890 1748 944 sint
1778 890 2111 957 conspicnze.
2131 887 2213 941 Ad

644 956 1015 1027 eameterium
1058 955 1187 1027 vero
1233 960 1375 1027 quod
1418 959 1630 1022 attinet,
1658 973 1780 1013 cum
1821 955 1948 1010 ante
1991 955 2212 1027 Boisinm

646 1033 791 1077 esset
816 1024 1282 1096 ignotum,Bosius
1303 1027 1428 1096 illud
1448 1027 1654 1096 primus
1667 1027 1871 1080 detexit
1895 1040 2036 1096 anno
2055 1024 2210 1087 1601,

645 1106 812 1160 prope
839 1091 997 1147 Urbis
1016 1096 1211 1149 muenia
1234 1098 1318 1149 via
1351 1091 1710 1161 Nomentana,
1735 1093 2215 1163 complectiturque

647 1170 766 1282 δεῖ
805 1169 898 1215 aut
940 1172 1171 1230 quatuor
1194 1164 1402 1219 viarum
1445 1166 1667 1221 semitas
1705 1161 2034 1232 totidemque
2065 1161 2215 1216 cubi-

667 1245 714 1280 Ἰ
774 1269 788 1282 .

667 1245 766 1282 211Ιέ
774 1269 788 1282 .

1329 1320 1530 1378 PAGll.

718 1429 878 1483 Linea
909 1431 993 1485 l2.
1014 1462 1086 1474 —
1105 1432 1209 1498 Qui
1231 1435 1508 1487 defunctus
1536 1434 1769 1504 sepultus
1794 1443 1890 1487 est.
1925 1432 2215 1500 Postquam

2319 494 2424 530 non
2454 476 2800 540 fuitfeodem
2845 477 2989 530 enim
3029 493 3169 530 anno
3205 476 3590 530 sexcentesimo
3611 476 3807 537 vicesimo

2358 546 2529 609 uinto,
2575 546 2661 600 die
2690 546 2946 599 vicesima
2990 546 3224 599 secunda
3263 542 3530 607 Octobris,
3564 561 3807 614 supremum

2358 615 2459 669 iem
2488 615 2643 678 obiit,
2681 623 2758 677 et,
2786 623 2845 667 ut
2876 614 3037 669 habet
3075 614 3416 677 Anastasius,
3456 614 3662 681 sepulta
3682 629 3740 670 ut
3758 622 3807 672 ait

2316 681 2383 753 If.
2437 682 2652 753 Petrum
2701 681 3127 753 apostolumﬂdie
3173 683 3420 735 vicesimo
3466 681 3630 751 quinto
3669 690 3809 739 aratis

2319 749 2580 816 Octobris,
2619 749 2899 819 postquam
2924 752 3363 819 sedissetiannos
3401 749 3629 819 quinque.
3664 769 3809 808 tum

2316 820 2511 883 decem,
2534 829 2593 873 ut
2615 817 2809 874 habent
2834 818 3112 875 Gotl'ridus
3132 817 3491 874 Viterbiensis
3514 817 3563 871 in
3581 817 3808 887 Chronico,

2315 888 2707 957 Luitprandus,
2764 887 3049 1012 Catalotg‘ps
3099 888 3381 942 nominum
3436 887 3809 955 apostolicorum,

2315 958 2485 1011 codex
2512 971 2615 1009 ms.
2644 957 2912 1010 Anastasii
2971 959 2983 974 ‘
3004 956 3289 1011 ilbertinus
3313 964 3371 1008 et
3392 962 3612 1012 quatuor
3626 970 3681 1008 ex
3704 967 3808 1009 cata-

2315 956 2485 1011 codex
2512 971 2615 1009 ms.
2644 957 2912 1025 Anastasii
2943 956 3289 1025 Colbertinus
3313 964 3371 1008 et
3392 962 3612 1025 quatuor
3626 970 3681 1008 ex
3704 967 3808 1009 cata-

2314 1024 2450 1095 logis
2476 1025 2690 1095 Critica:
2714 1024 3030 1079 Baroniana:
3058 1024 3297 1094 prreiixis
3313 1033 3411 1095 ;_ret
3430 1024 3565 1095 quod
3593 1039 3687 1095 rein
3704 1037 3809 1078 extra

2315 1092 2535 1148 dubium
2560 1094 2730 1162 ponit,
2757 1094 2873 1163 ejus
2892 1092 3223 1163 epitaphium
3242 1108 3288 1163 _a
3324 1093 3549 1146 Baronio
3574 1092 3809 1156 recitatum,

2314 1164 2456 1234 quod
2480 1160 2689 1218 duobus
2723 1160 2808 1217 bis
2833 1160 3082 1218 versibus
3103 1160 3397 1217 clauditur.

2316 1294 2517 1348 Colman
2552 1294 2864 1355 apostolicum
2886 1296 3108 1355 quinque
3131 1302 3183 1343 et
3206 1294 3286 1342 bls
3309 1292 3573 1353 mensibus,
3594 1292 3709 1341 annis

2443 1356 2608 1417 Rexit,
2635 1366 2688 1405 et
2705 1357 2766 1404 ad
2788 1357 2949 1419 magni
2966 1359 3160 1404 culmen
3180 1355 3384 1403 honoris
3404 1356 3518 1402 abit.

1807 1717 2133 1799 LXXII.~
2184 1713 2734 1797 BONORIUS.

1662 1891 1831 1936 anno
1885 1887 2133 1934 cnatsn
2180 1869 2336 1943 6°26,
2397 1884 2696 1929 nsnacut
2752 1865 2850 1925 17.

2073 2041 2509 2060 ---

892 2141 1053 2220 ιιθ
1108 2144 1436 2207 Honorius
1493 2147 1751 2208 natione
1782 2145 2185 2223 Campanus,
2260 2164 2336 2207 ex
2402 2151 2576 2222 patre
2634 2140 2931 2205 Petronio
2988 2137 3285 2206 consule,
3353 2131 3513 2193 sedit
3558 2147 3724 2192 annos
3748 2131 3811 2197 12,

807 2264 1061 2310 menses
1122 2248 1221 2322 11,
1270 2248 1408 2310 dies
1471 2251 1547 2312 17
1575 2270 1629 2313 ι.
1666 2251 1786 2311 Hic
1846 2249 2243 2328 temporibus
2279 2250 2418 2311 suis
2482 2247 2680 2309 multa
2732 2248 2899 2308 bona
2958 2243 3131 2305 fecit.
3163 2240 3289 2301 Hic
3324 2237 3592 2300 erudivit
3616 2236 3810 2295 clerum.

809 2351 1233 2429 Temporibus
1287 2352 1425 2413 suis
1485 2353 1814 2416 renovavit
1873 2368 2130 2414 omnem
2202 2350 2509 2412 familiam
2601 2349 2773 2411 beati
2854 2344 3021 2408 Petri
3111 2339 3391 2421 apostoli
3428 2341 3503 2411 ιι,
3563 2342 3617 2398 et
3683 2335 3810 2405 iuxe-

818 2454 995 2514 stivit
1044 2452 1513 2518 confessionem
1576 2455 1744 2518 beati
1807 2455 1975 2517 Petri
2060 2471 2140 2516 ex
2223 2459 2484 2532 argento
2555 2438 2718 2531 puro
2748 2493 2766 2524 ,
2834 2446 3008 2526 quod
3088 2451 3319 2524 pensat
3388 2442 3569 2502 libras
3626 2443 3809 2499 contum

733 2559 772 2615 5
814 2556 1172 2636 octuaginta
1242 2565 1304 2622 et
1377 2571 1647 2639 septem.
1735 2557 2073 2621 lnvestivit
2126 2557 2333 2634 regias
2394 2556 2625 2636 januas
2700 2554 2769 2615 in
2852 2554 3147 2629 ingressu
3223 2546 3507 2612 ecclesia:
3578 2544 3807 2619 majores.

788 2677 958 2740 «quae
1039 2662 1439 2742 appellantur
1523 2663 1833 2725 medianae
1910 2680 1991 2724 ex
2062 2668 2366 2739 argento,
2449 2675 2595 2741 qum
2671 2662 2940 2737 pensant
3013 2654 3210 2716 libras
3291 2650 3685 2727 noningentos
3737 2658 3811 2701 se-

814 2764 1145 2843 ptuaginta
1192 2766 1501 2846 quinque,
1555 2764 1705 2828 fecit
1754 2772 1815 2828 et
1872 2772 2215 2828 cerostatas
2261 2764 2534 2843 majores
2576 2776 2599 2805 ο
2645 2762 2726 2824 e‘x
2773 2766 3037 2837 argento
3099 2757 3274 2836 paria
3328 2754 3498 2827 duo,
3544 2765 3664 2829 qua:
3707 2751 3809 2806 sunt

816 2873 967 2927 ante
1019 2882 1253 2945 corpus
1323 2867 1493 2928 beati
1552 2867 1722 2929 Petri
1786 2868 2102 2947 apostoli,
2157 2884 2422 2946 pensata.
2489 2867 2655 2944 sing.
2718 2866 2912 2927 libras
2958 2862 3097 2923 2'12.
3158 2860 3338 2921 Fecit
3394 2864 3456 2919 et
3510 2855 3578 2916 ad
3627 2852 3808 2913 beatum

815 2968 1134 3032 Andream
1188 2971 1593 3051 apostolum,
1662 2973 1775 3035 ubi
1856 2991 2093 3052 supra,
2149 2980 2297 3036 ante
2379 2971 2854 3035 confessionem
2910 2968 3160 3032 tabulas
3213 2985 3293 3030 ex
3372 2967 3655 3042 argento.
3712 2968 3809 3032 (ἱυεθ

698 3074 776 3133 10
821 3090 1000 3152 pens.
1058 3073 1226 3146 xlibr.
1286 3076 1691 3153 septuaginta
1753 3081 1905 3138 tres.
1984 3077 2196 3154 Hujus
2242 3076 2643 3155 temporibus
2706 3074 2922 3137 levata:
2987 3077 3138 3134 sunt
3222 3069 3437 3131 trabes
3505 3066 3566 3126 in
3618 3056 3809 3124 ecclesia

814 3175 985 3237 beati
1044 3176 1211 3238 Petri
1274 3177 1548 3256 apostoli
1599 3195 1875 3241 numero
1934 3180 2278 3242 sexdecim.
2329 3180 2451 3244 Hic
2507 3178 2839 3259 coeperuit
2909 3176 3243 3240 ecclesiam
3287 3186 3538 3237 omnem
3580 3184 3646 3229 ex
3690 3161 3812 3223 tabu-

831 3276 961 3337 lisd
992 3278 1219 3350 aereis,
1265 3296 1426 3357 quas
1478 3279 1713 3341 levavit
1760 3280 1841 3341 de
1903 3283 2177 3361 templo,
2231 3284 2404 3362 quod
2462 3281 2862 3362 appellantur
2930 3281 3146 3340 Romae
3177 3290 3203 3319 ο
3253 3296 3335 3338 ex
3384 3289 3668 3339 consensu
3704 3268 3809 3348 piis-

820 3374 966 3435 simi
1026 3376 1317 3439 Heraclei
1389 3378 1818 3456 imperatoris.
1876 3381 2119 3443 Eodem
2170 3387 2459 3458 tempore
2510 3381 2665 3441 fecit
2724 3377 3055 3441 ecclesiam
3100 3377 3308 3439 beatae
3367 3373 3611 3454 Agnetis
3649 3372 3812 3440 marty-

827 3474 916 3535 ris
974 3475 1272 3539 milliario
1308 3477 1387 3538 ab
1421 3477 1582 3539 urbe
1635 3479 1834 3539 Roma
1888 3478 2109 3551 tertio,
2169 3477 2272 3540 via
2306 3478 2747 3548 Nomentana,
2803 3493 2838 3535 a
2893 3473 3075 3544 solo,
3134 3473 3247 3534 ubi
3307 3468 3809 3552 requiescit,quam

703 3574 779 3634 15
822 3573 1109 3651 undique
1184 3576 1435 3637 ornavit
1483 3583 1543 3639 et
1594 3576 1977 3655 exquisivit,
2033 3575 2143 3636 ubi
2199 3573 2419 3653 posuit
2467 3574 2664 3636 multa
2712 3572 2901 3635 dona.
2963 3572 3225 3634 Ornavit
3271 3580 3482 3634 autem
3537 3562 3809 3643 sepulcrum

821 3669 963 3747 ejus
1032 3687 1110 3732 ex
1164 3679 1468 3748 argento,
1524 3672 1697 3751 quod
1760 3688 2027 3751 pensan.
2078 3671 2272 3732 libras
2321 3671 2463 3732 252.
2520 3670 2739 3733 Posuit
2785 3675 2849 3731 et
2918 3668 3197 3748 desuper
3266 3664 3808 3731 cmurium‘ereum

822 3767 1196 3827 deauratum
1245 3768 1421 3828 miris
1474 3768 1959 3847 magnitudinis.
2006 3769 2179 3830 Fecit
2232 3773 2293 3830 et
2346 3767 2670 3829 Gabatbos
2707 3783 2935 3829 aureos
2992 3772 3268 3847 quatuor
3301 3769 3368 3845 ',,
3422 3776 3655 3843 pensan.
3695 3754 3809 3847 είηε·

825 3863 1021 3926 iibras
1084 3865 1392 3942 singulas.
1457 3845 1634 3929 Fecit
1678 3865 1963 3929 absidam
2033 3863 2321 3944 ejusdem
2368 3863 2648 3925 basilica;
2712 3882 2791 3926 ex
2860 3845 3231 3939 musiboh,
3294 3861 3408 3925 ubi
3470 3857 3635 3922 etiam
3676 3845 3811 3950 multa

842 3961 1049 4024 bonai
1110 3963 1365 4024 obtulit.
1423 3965 1578 4025 ltem
1637 3964 1787 4041 fecit
1826 3962 2151 4024 basilicam
2211 3962 2377 4024 beati
2432 3960 2823 4039 Apollinaris
2877 3960 3174 4039 martyris
3228 3960 3296 4021 in
3352 3958 3504 4023 urbe
3556 3954 3731 4013 Roma,
3767 3952 3817 4041 to

705 4062 787 4119 20
830 4061 1077 4138 porticu
1131 4061 1301 4123 beati
1345 4062 1513 4123 Petri
1571 4036 1882 4139 apostoli,
1942 4078 2089 4140 quae
2143 4034 2511 4140 appellatnr—
2548 4059 2622 4119 ad
2695 4058 2968 4138 palmata
3025 4034 3061 4120 a
3120 4057 3311 4129 solo,
3369 4056 3475 4118 ubi
3524 4052 3661 4113 dona
3700 4034 3811 4101 mul‘

834 4163 891 4217 ta
948 4156 1225 4233 largitus
1280 4159 1455 4221 esti.
1568 4168 1569 4171 ‘

911 4232 1079 4324 1207
1109 4253 1227 4314 Hic
1277 4251 1426 4313 fecit
1476 4251 1897 4313 constitutum
1957 4251 2022 4311 in
2078 4251 2386 4325 Ecclesia,
2442 4259 2504 4313 et
2530 4251 2813 4313 decrevit
2863 4257 2932 4312 ut
2984 4268 3098 4329 per
3139 4265 3396 4311 omnem
3449 4232 3808 4306 nebdomndam

810 4338 1111 4415 ~Sabbato
1148 4355 1254 4416 die
1286 4361 1468 4417 exeat
1509 4354 1756 4417 Litania
1789 4354 1867 4416 ad
1902 4354 2159 4417 beatum
2214 4356 2677 4434 Apollinarem,
2708 4362 2770 4417 et
2815 4355 2890 4416 ad
2930 4354 3186 4416 beatum
3239 4353 3487 4412 Petrum
3538 4336 3806 4421 apostolum

832 4473 980 4517 cum
1018 4457 1275 4535 bymnis
1311 4464 1374 4519 et
1418 4457 1682 4520 canticis
1735 4457 2012 4537 pepulus
2060 4459 2270 4521 omnis
2323 4475 2657 4520 occurrere
2704 4458 2952 4519 debeat.
2998 4456 3169 4517 Fecit
3224 4461 3289 4516 et
3336 4448 3635 4515 ecclesiam
3682 4440 3808 4500 beat"

836 4558 1099 4638 Cyriaco
1130 4560 1388 4639 martyri
1432 4579 1464 4622 a
1516 4561 1655 4622 solo
1686 4561 1787 4622 via
1821 4561 2100 4623 Ostiensi
2137 4561 2436 4622 milliaria
2477 4560 2778 4638 septimo,
2821 4559 2932 4619 ubi
2983 4565 3047 4619 et
3080 4557 3321 4618 donum
3366 4549 3600 4615 obtulit.
3641 4541 3804 4643 Eodem

755 4664 797 4725 5
835 4670 1118 4742 tempore
1153 4664 1304 4727 fecit
1334 4665 1661 4728 ecclesiam
1694 4666 2024 4728 beatorum
2056 4666 2401 4743 Martyrum
2430 4670 2710 4743 quatuor
2735 4662 3225 4731 Coronatorum,
3256 4673 3441 4737 quam
3471 4659 3528 4715 et
3555 4642 3803 4708 dedicant,

841 4772 902 4826 et
938 4766 1177 4827 donum
1216 4767 1470 4830 obtulit.
1506 4769 1680 4830 Fecit
1713 4767 2043 4832 ecclesiam
2077 4742 2260 4829 beato
2290 4742 2596 4829 Severino
2629 4782 2664 4827 a
2700 4765 2839 4826 solo
2885 4763 3066 4841 juxta
3114 4760 3429 4824 civitatem
3478 4742 3803 4841 Tiburtinffflv

839 4863 1138 4925 milliario
1173 4864 1252 4927 ab
1284 4865 1443 4926 urbe
1491 4830 1773 4928 Romana
1828 4865 2161 4937 vicesimo,
2219 4880 2412 4942 quam
2468 4861 2609 4940 ipse
2666 4830 3008 4931 dedicavit,
3061 4865 3123 4918 et
3173 4858 3339 4921 dona
3401 4847 3576 4913 multa
3622 4830 3799 4942 οὺιυξίίο

838 4968 1189 5029 Renovavit
1221 4976 1283 5031 et
1319 4969 1748 5031 cmmeterium
1782 4969 2110 5031 beatorum
2152 4974 2509 5043 martyrum
2551 4961 2903 5024 Marcellini
2950 4967 3013 5021 et
3051 4958 3242 5031 Petri,
3292 4956 3387 5017 via
3427 4935 3803 5043 Lavicana-FO'

840 5070 984 5133 dem
1010 5078 1297 5151 tempore
1325 5070 1475 5134 fecit
1503 5069 1825 5133 basilicam
1855 5072 2041 5133 beato
2072 5038 2402 5132 Pancratio
2438 5065 2725 5143 martyri,
2754 5064 2854 5126 via
2884 5061 3182 5134 Aurelia,
3229 5057 3513 5122 milliario
3540 5038 3800 5151 secuit“?

722 5161 798 5236 to
835 5173 973 5237 solo
999 5219 1017 5248 ,
1048 5183 1113 5237 et
1140 5136 1389 5238 ornavit
1420 5175 1785 5254 sepulcrum
1820 5176 1958 5255 ejus
1994 5193 2072 5239 ex
2099 5179 2386 5253 argento,
2414 5136 2880 5253 quod—pansam.
2920 5168 3111 5229 libras
3145 5171 3395 5228 centum
3428 5151 3641 5236 viginti.
3669 5136 3800 5255 Et?”

810 5277 1167 5339 constituit
1197 5277 1365 5339 mola
1415 5276 1485 5338 in
1519 5294 1773 5339 murum
1820 5277 1890 5338 in
1923 5276 2063 5340 loco
2094 5276 2347 5357 Trajani
2367 5275 2552 5359 juxta
2600 5289 2854 5335 murum
2891 5270 3189 5343 civitatis,
3223 5275 3286 5331 et
3316 5268 3559 5331 formam
3585 5264 3695 5332 (ιυω
3720 5237 3798 5300 de‘

1762 5419 2026 5463 NOTULB
2068 5419 2116 5462 Μ
2125 5383 2309 5463 Δίκαια
2318 5421 2350 5461 Δ
2359 5417 2467 5461 ιιῑε
2503 5416 2840 5461 FABBOTTI.

753 5536 779 5563 ιι
813 5521 856 5576 Β
879 5524 935 5586 5,
965 5524 1141 5579 minus
1168 5524 1204 5595 3
1232 5524 1355 5581 dicb
1452 5525 1482 5566 δ
1508 5527 1527 5549 ‘
1556 5523 1831 5580 cimiliam.
1862 5522 1925 5588 ϐ,
1956 5523 2243 5595 cetniliam.
2279 5523 2348 5595 ΒΔ
2381 5522 2650 5595 cymiliam
2675 5518 2754 5595 pel
2782 5519 3189 5595 supellectilem.

1074 5606 1098 5634 ε
1125 5594 1408 5659 ’1ὶοηιυ1ὶ.
1486 5597 1503 5636 ί
1536 5599 1552 5618 ⁸
1582 5595 1874 5652 Ciborium.
1956 5597 1981 5634 ε
2013 5595 2028 5611 ⁸
2058 5591 2293 5649 Galiatas
2317 5592 2371 5648 5.
2412 5589 2428 5595 ⁷
2450 5594 2478 5633 ιι
2510 5593 2527 5611 ¹
2550 5589 2778 5646 musivo.

680 5590 725 5667 ιε’
739 5593 755 5611 ⁸
787 5595 995 5665 tegnlis.

3287 5529 3310 5557 ο
3349 5519 3362 5537 ⁶
3389 5514 3620 5569 cerosL'lll

2858 5574 2875 5630 ἶ
2900 5574 2926 5609 θ’
2953 5590 3147 5652 dona..
3190 5586 3207 5641 i
3238 5591 3256 5611 ‘
3274 5581 3518 5643 Palmaria
3542 5574 3597 5628 Β.
