3992 6314
3162 258 3189 281 ο

136 365 251 415 709
947 362 1264 415 HISTORIA
1305 357 1391 414 DE
1432 362 1604 414 VlTiS
1642 361 1802 414 “05L
1849 363 2044 416 l‘(l.\"l‘.
2086 393 2151 403 -——
2189 365 2588 422 SEVERINUS.
3293 373 3396 428 710

127 482 274 546 εδει..
301 469 388 522 vel
440 467 771 522 schismatici
829 469 1022 521 iterum
1065 477 1185 538 post
1229 468 1446 522 Honorii
1491 477 1717 521 mortem
1747 478 1792 530 Α
1824 472 2007 533 tionis,
2036 473 2413 546 cimonium-Iis
2439 483 2530 525 aut
2563 475 2875 542 sepulturae,
2923 488 2982 532 ut
3023 494 3164 546 sche
3210 480 3290 542 tit,
3341 483 3394 534 in

126 537 275 616 lnp‘s'i
309 548 513 616 sunt.“
586 604 620 616 υ
767 605 832 616 M
1023 605 1057 616 Λ
1107 607 1117 616 _
1153 577 1156 580 .
1186 607 1212 616 γ’
1480 603 1492 616 ⁸
1684 615 1691 616 7
1825 556 2161 616 sitnuuame
2184 539 2345 616 Nato,
2377 537 2957 616 ex‘quoinanil‘est'nm
3003 548 3060 601 tit
3085 537 3200 602 .iios
3240 537 3400 616 juxta

209 605 380 686 tium.
417 606 536 687 120,
584 604 724 687 linea
765 605 854 686 fit).
896 636 966 645 —
1015 605 1117 687 Qui
1146 607 1306 687 etimit
1348 603 1577 686 sepultus
1619 615 1714 684 est.
1825 622 2055 686 mentem
2080 610 2352 687 Anastasii
2377 603 2794 687 ordinationem
2819 617 2936 687 ejus
2981 627 3128 670 recte
3167 603 3398 687 conjun?

125 673 294 747 Obiit
324 673 850 747 tandem‘lionorius
885 690 1018 747 papa
1055 676 1141 747 die
1170 673 1484 747 duodecima
1501 674 1718 747 mensis
1825 679 1969 730 xisse
1999 692 2122 731 cum
2160 679 2245 732 die
2283 680 2352 731 ‘27
2381 679 2628 735 Octobris
2673 685 2796 736 anni
2841 673 2967 745 325.
3015 701 3161 747 Clllll,
3204 673 3395 740 eodem

124 744 400 796 Octobris
441 743 568 815 anni
614 745 989 815 sexcentesimi
1039 744 1295 815 trigesimi
1340 743 1514 815 octavi
1555 751 1721 815 _p0_st-
1827 755 1993 808 teste.
2035 747 2230 800 ohierit
2263 758 2316 801 et
2343 750 2580 815 sepultus
2611 751 2680 803 sit
2709 755 2762 804 in
2795 743 3011 808 basilica
3065 743 3204 808 beati
3249 756 3394 810 Petri

124 827 332 877 quam,
365 823 423 864 ιιι
446 813 607 886 habet
630 813 966 886 Anastasius,
993 811 1218 886 sedisset
1237 811 1714 886 annosttuodecint,
1826 816 2048 884 apostoli
2076 818 2169 868 sub
2196 818 2280 869 die
2303 811 2490 886 qua'rto
2517 818 2649 873 Idus
2674 819 2932 875 Octobris,

123 897 350 933 "tum;
377 882 642 942 undecim,
673 880 781 934 dies
823 883 1210 948 septemdecim,
1247 890 1352 933 tam
1384 882 1469 934 die
1503 882 1720 933 omina-

1277 1145 1628 1274 Lxxm.
1690 1197 2284 1277 SEVERINUS.

1216 1370 1383 1411 uno
1427 1369 1673 1422 CHRISTI
1715 1349 1854 1420 638,
1890 1369 2186 1410 HERACLII
2225 1352 2326 1411 29.

389 1626 544 1697 ιρι
589 1615 956 1690 Severinus,
1011 1616 1268 1691 natione
1299 1619 1646 1690 Romanus,
1684 1636 1762 1680 ex
1800 1625 1974 1697 patre
2019 1621 2293 1691 Abieno,
2345 1619 2512 1681 sedit
2540 1637 2795 1683 menses
2824 1621 3022 1698 duos,
3054 1626 3194 1688 dies
3229 1644 3386 1706 qua-

305 1732 456 1782 tuor
483 1734 535 1779 ε.
571 1720 780 1797 Hujus
811 1721 1206 1799 temporibus
1241 1721 1638 1784 devastatum
1673 1730 1769 1784 est
1816 1724 2210 1802 episc0pium
2253 1725 2675 1787 Lateranense
2713 1743 2748 1788 a
2794 1727 3105 1789 Mauricio
3140 1727 3394 1790 chartu-

306 1825 467 1886 lario
495 1831 556 1886 et
594 1826 794 1885 lsacio
830 1824 1096 1902 patricio
1149 1832 1210 1885 et
1256 1825 1526 1888 exarch’o
1557 1826 1774 1898 ltalite,
1805 1843 1948 1888 cum
1981 1826 2190 1888 adhuc
2224 1827 2464 1888 electus
2497 1835 2664 1888 esset
2710 1827 2989 1892 domnus
3023 1829 3394 1893 Severinus.

305 1929 430 1990 Sed
460 1934 797 2005 antequam
850 1927 1097 1988 veniret
1144 1928 1422 1999 lsacius,
1472 1928 1821 1990 Mauricius
1856 1929 2005 1989 dolo
2051 1927 2285 1988 ductus
2333 1928 2639 2018 adversus
2693 1928 3040 1991 Ecclesiam
3081 1931 3200 1993 Dei
3247 1948 3400 1995 con-

223 2035 262 2094 5
307 2018 453 2094 silio
493 2033 656 2093 inito
686 2031 829 2093 cum
880 2031 1265 2109 quibusdam
1302 2031 1618 2111 perversis
1653 2032 2063 2108 hominibus,
2115 2033 2540 2113 incitaverunt
2593 2036 2945 2097 exercitum
2981 2037 3341 2098 Romanum
3370 2081 3388 2108 ,

305 2136 628 2207 dicentes,
692 2135 845 2212 quia
899 2135 1057 2214 quid
1115 2135 1376 2214 prodest
1434 2135 1607 2215 quod
1671 2142 1862 2198 tantae
1916 2137 2204 2215 pecuniae
2271 2143 2667 2213 congregatae
2729 2145 2877 2204 sunt
2939 2140 3008 2202 in
3066 2140 3396 2219 episcopio

313 2234 719 2297 Lateranensi
775 2235 852 2295 ab
899 2235 1186 2296 Honorio
1242 2253 1432 2315 papa,
1483 2243 1542 2298 et
1593 2236 1778 2320 miles
1825 2236 1946 2297 iste
1996 2236 2157 2297 nihil
2209 2237 2442 2300 exinde
2481 2238 2837 2299 subventus
2885 2237 3110 2313 habet,
3143 2239 3400 2319 quando

311 2352 373 2404 et
405 2359 570 2420 roga:
600 2348 849 2414 vestrte,
886 2359 1047 2420 quas
1094 2342 1372 2405 domnus
1422 2344 1768 2424 imperator
1820 2344 2006 2405 vobis
2050 2361 2163 2421 per
2211 2344 2385 2406 vices
2421 2346 2766 2417 mandavit,
2803 2343 2891 2404 ibi
2921 2350 3074 2404 sunt
3103 2361 3136 2404 a
3174 2349 3394 2404 sancto

311 2447 446 2505 viro
481 2447 842 2508 reconditze.
877 2447 993 2508 His
1027 2449 1266 2510 auditis
1301 2457 1674 2512 exarserunt
1723 2466 1946 2512 omnes
1995 2451 2300 2511 adversus
2350 2451 2698 2511 Ecclesium
2752 2450 2906 2522 Dei,
2964 2456 3026 2511 et
3080 2455 3400 2510 venerunt

193 2552 267 2608 10
312 2569 531 2612 omnes
588 2571 621 2612 a
684 2553 952 2615 minimo
1012 2553 1344 2626 concitati,
1411 2572 1638 2616 omnes
1697 2555 1962 2627 armati,
2019 2555 2131 2633 qui
2187 2555 2430 2615 inventi
2496 2559 2645 2614 sunt
2700 2553 2766 2613 in
2817 2553 3069 2614 civitate
3115 2552 3396 2611 Romana

310 2673 341 2714 a
376 2671 576 2733 puero
625 2673 833 2734 usque
880 2657 957 2718 ad
995 2675 1213 2718 senem
1271 2658 1338 2719 in
1388 2658 1716 2736 episc0pio
1773 2658 2205 2738 suprascripto
2255 2654 2705 2726 Lateranensi,
2755 2662 2818 2715 et
2867 2671 2997 2715 non
3048 2659 3397 2731 potuerunt

312 2779 500 2821 manu
561 2762 820 2823 militari
879 2763 1190 2836 introire,
1257 2765 1410 2844 quia
1467 2765 1836 2827 restiterunt
1897 2765 1993 2827 eis
2065 2763 2180 2843 qui
2239 2767 2418 2825 erant
2475 2777 2620 2822 cum
2683 2756 3089 2820 sanctissimo
3151 2754 3395 2816 domno

304 2858 632 2919 SeVerino.

376 2967 530 3037 1’22
575 2965 755 3026 Tunc
790 2966 1016 3028 videns
1060 2969 1181 3030 hoc
1212 2968 1586 3039 Mauricius,
1623 2967 1775 3046 quia
1811 2967 1970 3028 nihil
2004 2971 2352 3047 potuerunt
2383 2963 2621 3036 facere,
2658 2961 2806 3024 dolo
2842 2960 3074 3021 ductus
3124 2957 3272 3020 fecit
3305 2957 3396 3017 ibi

230 3124 240 3131 .
298 3068 654 3130 exercitum
709 3068 1028 3143 residere,
1077 3071 1239 3133 intra
1295 3072 1692 3150 episcopium
1749 3073 2212 3144 Lateranense,
2277 3076 2337 3130 et
2389 3067 2651 3129 fuerunt
2697 3065 2784 3126 ibi
2847 3063 2986 3124 dies
3043 3071 3193 3122 tres.
3246 3063 3394 3121 Post

303 3169 591 3229 triduum
651 3179 862 3231 autem
926 3173 1217 3234 introivit
1279 3175 1630 3235 Mauricius
1697 3191 1841 3235 cum
1884 3173 2253 3252 judicibus,
2305 3172 2418 3251 qui
2471 3169 2717 3232 inventi
2762 3174 2915 3228 sunt
2963 3183 3107 3227 cum
3157 3165 3297 3243 ipso
3331 3164 3396 3224 iu

301 3271 614 3344 consilio,
662 3281 724 3334 et
773 3275 1214 3352 sigillaverunt
1244 3277 1271 3316 δ
1318 3293 1508 3338 omne
1557 3277 1926 3338 vestiarium
1978 3275 2297 3348 ecclesiae,
2355 3292 2473 3336 seu
2529 3270 2831 3350 cimbylia
2879 3267 3214 3347 episcopii,
3256 3284 3398 3345 quas

221 3375 262 3434 5
301 3373 542 3437 diversi
605 3376 1136 3438 Christianissimi
1209 3380 1669 3458 imperatores,
1753 3395 1866 3441 seu
1935 3377 2183 3456 patricii
2239 3385 2304 3438 et
2365 3375 2704 3446 consules,
2778 3388 2894 3450 pro
2954 3370 3396 3447 redemptione

301 3471 662 3532 animarum
691 3489 948 3533 suarum
988 3475 1172 3535 beato
1221 3475 1407 3536 Petro
1455 3474 1744 3552 apostolo
1797 3474 2226 3553 reliquerant,
2271 3479 2341 3534 ut
2399 3470 2788 3550 pauperibus
2825 3468 3100 3544 singulis
3148 3474 3394 3544 tempo-

305 3575 484 3634 ribus
515 3590 628 3651 pro
657 3576 956 3637 alimonia
980 3593 1002 3620 ε
1041 3587 1478 3654 erogarentur,
1534 3596 1650 3639 seu
1699 3583 1958 3656 propter
2010 3576 2516 3654 redemptionem
2551 3574 2970 3651 captivorum.
2999 3571 3076 3628 Et
3111 3575 3399 3644 postmo-

304 3678 457 3736 dum
509 3677 684 3738 misit
729 3678 1077 3740 Mauricius
1140 3679 1444 3759 epistolas
1485 3697 1635 3740 suas
1678 3681 1756 3742 ad
1810 3679 2086 3741 lsacium
2128 3677 2462 3756 patricium
2511 3677 2876 3736 Ravennam
2914 3671 2992 3731 de
3044 3668 3166 3730 hoc
3219 3669 3394 3746 quod

304 3787 512 3840 actum
549 3786 679 3855 est,
709 3784 1032 3859 quomodo
1063 3782 1199 3858 ipse
1230 3791 1374 3845 Cum
1406 3783 1694 3843 exercitu
1723 3781 2067 3860 sigillasset
2103 3796 2296 3841 omne
2338 3778 2709 3839 vestiarium
2739 3775 3086 3854 episcOpii;
3139 3783 3202 3833 et
3245 3771 3418 3848 quia.

194 3882 265 3938 10
305 3883 442 3944 sine
479 3883 692 3957 aliqua
742 3885 1000 3945 laesione
1037 3899 1295 3946 omnem
1329 3885 1755 3950 substantiam
1802 3902 1970 3964 saepe
2017 3884 2247 3946 dictam
2287 3881 2651 3962 potuissent
2689 3878 3062 3958 depraedari.
3102 3876 3395 3954 Cumque

309 4003 433 4047 mec
483 3987 701 4048 verius
758 3990 1157 4064 cognovisset
1217 3988 1507 4060 lsacius,
1565 3989 1742 4050 venit
1807 3989 1876 4049 in
1941 3987 2261 4049 civitatem
2338 3987 2732 4056 Romanam,
2801 3990 2862 4044 et
2931 3981 3107 4042 misit
3168 3995 3396 4040 omnes

309 4083 654 4157 primatosd
682 4085 982 4147 Ecclesim
1016 4084 1316 4163 singulos
1346 4103 1456 4163 per
1486 4084 1775 4162 singulas
1806 4084 2094 4146 civitates
2125 4085 2193 4144 in
2229 4081 2529 4144 exsilium
2553 4126 2570 4156 ,
2605 4087 2676 4143 ut
2713 4098 2840 4140 non
2885 4078 3118 4139 fuisset
3164 4075 3279 4154 qui
3327 4076 3387 4134 ci

315 4185 606 4248 resistere
637 4187 968 4250 debuisset
997 4187 1076 4248 de
1105 4187 1302 4249 clero.
1334 4187 1411 4247 Et
1443 4193 1586 4265 post
1631 4185 1773 4249 dies
1803 4186 2164 4266 aliquantos
2210 4185 2542 4261 ingressus
2579 4190 2674 4244 est
2710 4183 2950 4244 lsacius
2981 4181 3283 4260 patricius
3328 4178 3396 4238 in

309 4290 698 4369 episcopium
757 4292 1214 4364 Lateranense,
1266 4297 1330 4353 et
1377 4289 1500 4352 fuit
1547 4290 1638 4352 ibi
1686 4309 1800 4370 per
1833 4290 1974 4352 dies
2021 4295 2199 4362 octo,
2240 4305 2451 4369 usque
2498 4287 2651 4349 dum
2708 4284 3396 4348 omnes~substantiam

208 4399 274 4454 133
313 4392 474 4454 illam
510 4393 1048 4472 depraadarentur.

387 4496 540 4567 123
567 4495 802 4556 Eodem
844 4503 1130 4575 tempore
1180 4495 1415 4558 direxit
1450 4496 1684 4558 exinde
1711 4512 1794 4558 ex
1841 4481 2018 4575 parte
2069 4512 2148 4558 ex
2206 4493 2560 4556 substantia
2594 4492 2732 4572 ipsa
2773 4512 2798 4540 ο
2838 4491 2906 4551 in
2936 4491 3258 4551 civitatem
3290 4502 3388 4548 re-

311 4593 469 4668 giam
531 4594 611 4657 ad
666 4597 1032 4659 Heraclium
1093 4597 1566 4676 imperatorem.
1631 4598 2050 4660 Postmodum
2111 4595 2440 4658 ordinatus
2519 4598 2615 4652 est
2680 4588 3129 4651 sanctissimus
3193 4586 3396 4644 Seve-

314 4697 530 4770 rinus,
589 4704 652 4759 et
707 4714 1003 4758 reversus
1062 4703 1158 4758 est
1211 4697 1451 4759 lsacius
1505 4699 1897 4759 Ravennam.
1968 4697 2088 4757 llic
2144 4692 2478 4756 renovavit
2555 4688 2842 4750 absidam
2901 4692 2920 4731 ί
2992 4685 3162 4748 beati
3227 4681 3395 4742 Petri

312 4793 594 4869 Apostoli
647 4812 726 4855 ex
800 4794 1101 4866 musivo,
1157 4794 1331 4872 quod
1395 4793 1679 4855 dirutum
1738 4799 1894 4856 erat.
1970 4789 2088 4851 Hic
2141 4789 2366 4851 dilexit
2432 4785 2716 4856 clerum,
2777 4792 2840 4845 et
2901 4783 3199 4844 omnibus
3273 4779 3398 4839 do-

245 4887 278 4946 5
314 4878 458 4950 num
512 4901 538 4940 ε
585 4891 1045 4966 augmentavit.
1101 4891 1246 4952 Fuit
1297 4899 1510 4953 autem
1558 4898 1859 4961 sanctus,
1907 4889 2228 4966 benignus
2286 4903 2483 4963 super
2542 4901 2767 4946 omnes
2806 4882 3144 4951 homines,
3207 4893 3390 4938 ama~

315 4997 406 5048 tor
463 5008 860 5068 pauperum,
918 4991 1130 5068 largus
1188 4996 1248 5050 et
1301 4989 1705 5050 mitissimus.
1765 4989 1940 5050 Fecit
1996 4995 2208 5048 autem
2264 4984 2602 5062 episcopos
2649 4999 2762 5058 per
2797 4980 3045 5040 diversa
3089 4977 3222 5036 loca
3264 4991 3393 5033 nu-

314 5105 484 5150 mero
529 5097 825 5167 quatuor.
884 5090 1006 5150 Hic
1049 5088 1292 5149 dimisit
1342 5093 1371 5132 ιι
1428 5086 1603 5147 omni
1663 5086 1833 5150 clero
1890 5102 2106 5161 rogam
2165 5084 2503 5159 integram.
2553 5079 2678 5152 Qui
2727 5078 2916 5140 etiam
2956 5073 3246 5151 sepultus
3291 5079 3389 5132 est

311 5187 382 5246 ad
448 5189 702 5248 beatum
744 5190 995 5248 Petrum
1055 5188 1412 5265 apostolum
1451 5187 1572 5245 sul)
1633 5185 1737 5244 die
1789 5192 2016 5264 quarto
2071 5185 2282 5245 Nonas
2342 5180 2656 5257 Augusti,
2689 5185 2749 5240 et
2804 5175 3078 5239 cessavit
3134 5173 3386 5252 episco-

316 5293 492 5361 patus
549 5301 804 5346 menses
853 5291 1162 5363 quatuor,
1217 5283 1353 5344 dies
1418 5281 1644 5362 viginti
1706 5298 1962 5346 novem.
3215 5270 3228 5285 ’

1218 5443 1484 5486 NOTULJB
1528 5442 1925 5486 MARGINALES
1984 5441 2321 5483 FABROTTI.

247 5569 474 5640 fBaron.
507 5571 581 5624 ait
605 5571 939 5623 Anastasium
966 5569 1015 5622 ei
1051 5563 1751 5640 tribueremens._undecim.

1825 5563 1855 5604 ι)
1878 5539 2151 5640 intrantes.
2169 5563 2268 5618 sub
2300 5563 2492 5640 _specie
2522 5563 2668 5640 pacis
2719 5560 2878 5640 sigill.
2952 5569 2978 5640 ξε
3016 5557 3387 5640 ῐηξιρεημξδγιψ.

185 5636 395 5760 igni-on.
435 5639 654 5710 intelligi
677 5650 822 5708 putat
846 5638 1159 5693 cardinales.
1216 5648 1238 5675 ε
1271 5635 1386 5704 Ipsa
1410 5635 1703 5688 substantia
1730 5645 1934 5704 partem
1961 5634 2250 5704 quandam.
2297 5631 2316 5671 ί
2344 5627 2407 5698 Β,
2440 5627 2696 5700 upside").
2772 5627 2803 5672 '3
2835 5628 2898 5695 Β,
2933 5629 3087 5684 donis
3112 5627 3188 5683 vel
3214 5627 3391 5680 bouis.

273 5711 472 5763 .divisi:

273 5750 283 5772 ,
303 5720 472 5764 dmsn‘
