3992 6314
686 394 797 455 723
1640 458 1643 459 ν
1856 384 2220 441 Auas'rasu
2258 391 2262 437 l

2270 378 2804 437 BIBLIOTIIECARII
3776 371 3846 428 726

847 527 924 574 eo
979 507 1155 590 quod
1205 506 1516 572 Mauricio
1576 504 1791 568 omnis
1856 500 2179 564 exercitus
2244 496 2445 560 Italiae
2494 499 2892 560 sacramenta
2939 491 3221 555 dedisset
3280 509 3350 562 ι,
3415 490 3579 553 misit
3627 490 3848 561 Donum,

848 587 1227 687 magistrum
1292 605 1571 667 militum
1647 609 1710 665 et
1786 598 2191 662 sacellarium
2255 614 2487 666 suum,
2569 593 2647 656 ad
2717 592 3043 654 civitatem
3110 588 3379 649 Romam
3441 603 3575 649 cum
3622 587 3848 649 exemita.

851 709 967 788 qui
1028 707 1298 769 veniens
1352 704 1420 766 in
1495 701 1820 764 civitatem
1899 700 2291 769 Romanam,
2358 710 2583 757 omnes
2635 690 2939 770 judices,
3015 706 3135 751 seu
3206 689 3520 749 exercitus
3571 687 3852 761 Romanus,

735 808 814 870 15
855 806 981 882 Qui
1029 805 1209 886 prius
1266 822 1336 867 se
1395 820 1537 866 cum
1588 799 1899 863 Mauricio
1962 803 2361 860 sacramento
2426 793 2967 864 constrinxerant,
3026 790 3256 852 timore
3323 788 3493 850 ducti
3554 788 3853 852 dimittentes

846 905 1231 968 Mauricium
1269 900 1729 965 chartularium
1785 897 1838 971 ³³,
1898 914 2125 960 omnes
2188 912 2259 958 se
2306 911 2450 955 cum
2505 895 2758 953 Domno
2805 891 3173 969 junxerunt
3205 901 3257 949 ε.
3552 966 3559 975 ῃ

930 1003 1251 1085 lgedEt
1306 1002 1598 1080 ingresso
1663 1015 1742 1061 eo
1797 999 2061 1059 Romam
2117 994 2281 1072 fugit
2341 991 2692 1055 Mauricius
2751 990 2831 1053 ad
2893 990 3141 1052 beatam
3199 988 3462 1049 Mariam
3513 988 3583 1050 ad
3630 990 3853 1069 Praesepe,

851 1120 1044 1186 quem
1102 1101 1403 1164 tollentes
1447 1098 1528 1160 de
1577 1097 1848 1161 ecclesia
1915 1095 2231 1157 miserunt
2289 1092 2558 1171 bojam'
2591 1091 2660 1152 in
2719 1087 2954 1151 collum
3014 1089 3178 1167 ejus.
3229 1088 3536 1151 Similiter
3591 1096 3644 1151 et
3682 1106 3853 1164 omnes,

852 1207 965 1287 qui
1012 1206 1078 1266 in
1136 1201 1413 1266 consilio
1458 1217 1601 1263 cum
1687 1199 1829 1277 ipso
1890 1195 2191 1268 fuerant,
2253 1192 2572 1272 inbojatos
2615 1190 2634 1228 ¹
2675 1191 2853 1253 misit
2900 1192 3268 1252 Ravennam
3330 1207 3442 1268 per
3496 1206 3693 1255 manus
3740 1192 3854 1252 Mau-

854 1308 984 1370 rini
1061 1303 1422 1376 scribonis,
1489 1306 1552 1365 et
1616 1297 1915 1363 'I‘homati
1954 1296 2405 1361 ltchartularii.
2481 1294 2609 1368 Qui
2663 1293 3054 1356 dedocentes
3118 1311 3229 1356 eos
3291 1300 3689 1373 pervenerunt
3736 1294 3854 1370 juxta

774 1408 814 1470 ὅ
855 1405 1178 1470 civitatem
1216 1405 1651 1465 Ravennatem
1713 1399 1780 1461 in
1836 1397 2050 1460 locum
2106 1396 2220 1476 qui
2272 1395 2508 1458 dicitur
2567 1395 2821 1457 Ficulas
2867 1393 2894 1433 ⁸·
2933 1394 3321 1458 duodecimo
3377 1393 3648 1456 milliaria
3696 1392 3857 1454 acivi-

858 1512 1028 1578 tate,
1094 1510 1156 1566 et
1216 1502 1311 1565 ibi
1367 1499 1850 1563 decollaverunt
1903 1495 2331 1568 Mauricium,
2393 1494 2546 1573 quia
2592 1496 2685 1557 sic
2738 1494 2804 1555 in
2860 1493 3176 1557 mandatis
3230 1497 3592 1570 acceperant
3644 1509 3673 1552 a
3706 1507 3857 1567 supra-

860 1604 1102 1682 scripto
1171 1601 1417 1674 lsacio,
1483 1605 1550 1662 ut
1614 1598 1812 1660 unius
1886 1597 2211 1659 civitatem
2267 1596 2699 1656 Ravennatem
2769 1609 2901 1655 non
2975 1591 3448 1669 ingrederetur.
3502 1589 3571 1651 Et
3618 1596 3853 1668 postquam

855 1701 1207 1766 decollatus
1265 1705 1405 1772 est,
1454 1697 1741 1760 levantes
1789 1700 1975 1774 caput
2030 1694 2212 1773 ejus,
2268 1692 2592 1754 duxerunt
2634 1694 2651 1734 ι
2722 1694 3113 1753 Ravennam.
3142 1689 3412 1752 .Videns
3458 1696 3648 1751 autem
3695 1689 3855 1750 lsacius

867 1808 1057 1883 caput
1115 1799 1458 1873 Mauricii,
1514 1797 1772 1878 gavisus
1820 1786 1959 1858 est.
2048 1797 2125 1857 Et
2188 1793 2339 1856 fecit
2397 1794 2474 1857 ad
2540 1791 2906 1871 exemplum
2967 1792 3320 1854 multorum
3382 1791 3448 1852 in
3499 1790 3649 1853 circo
3696 1791 3855 1853 Raven-

741 1905 818 1967 10
858 1907 1009 1965 nate
1061 1902 1131 1962 in
1192 1898 1480 1979 stipitem
1541 1895 1722 1976 poni.
1777 1894 1932 1956 Illos
1995 1902 2207 1956 autem
2268 1893 2384 1974 qui
2459 1910 2606 1955 cum
2670 1893 2815 1971 ipso
2873 1889 3095 1952 directi
3161 1888 3420 1952 fuerant
3490 1905 3684 1951 omnes
3726 1888 3857 1951 inibo-

792 2010 793 2013 ‘
854 2000 1074 2087 jatosl
1126 1997 1325 2080 jussit
1374 2002 1543 2058 arcta
1596 1993 1890 2058 custodia
1937 1993 2005 2054 in
2052 2009 2366 2055 carcerem
2408 1991 2611 2064 mitti,
2666 1991 2952 2068 cogitans
2996 2005 3107 2052 eos
3146 1988 3474 2069 quomodo
3516 1987 3758 2066 puniret;
3787 1987 3855 2047 sed

862 2118 1013 2165 cum
1060 2117 1135 2162 ea
1173 2103 1517 2177 agerentur
1571 2112 1718 2157 mox
1773 2094 1890 2156 Dei
1929 2092 2177 2174 judicio
2228 2093 2389 2171 ipsis
2425 2091 2656 2155 diebus
2702 2108 3046 2172 percussus
3100 2090 3331 2152 divino
3382 2091 3511 2153 ictu
3554 2087 3750 2151 interiit
3778 2088 3857 2148 isa-

864 2204 1045 2276 cius,
1113 2208 1173 2265 et
1227 2207 1522 2263 mortuus
1575 2206 1694 2262 est.
1750 2199 2078 2260 linautem
2132 2197 2245 2278 qui
2316 2195 2552 2259 reclusi
2612 2202 2835 2270 erant,
2891 2200 3206 2257 exeuntes
3270 2195 3352 2256 de
3395 2208 3654 2267 carcere,
3698 2187 3856 2251 reversi

836 2311 1023 2370 ,sunt
1065 2303 1308 2383 singuli
1351 2320 1465 2382 per
1507 2301 1645 2364 loca
1701 2318 1840 2362 sua.
1905 2299 2192 2362 Audiens
2260 2298 2380 2361 hoc
2449 2298 2796 2377 imperator
2847 2294 2900 2371 ι,
2960 2296 3114 2377 quia
3147 2294 3492 2359 defunctus
3539 2301 3623 2357 est
3668 2293 3856 2363 Isacius,

749 2409 827 2471 15
867 2406 1045 2469 misit
1123 2403 1533 2468 Theoderum
1602 2401 1940 2481 patricium
2024 2398 2413 2475 exarchum,
2491 2397 2598 2462 cui
2689 2404 3190 2477 cognomentum
3264 2398 3615 2477 CalliOppa,
3684 2393 3742 2457 ad
3792 2410 3858 2454 re-

869 2507 1140 2589 gendam
1205 2524 1460 2569 omnem
1518 2505 1791 2568 Italiam.
3174 2546 3187 2556 .
3274 2508 3281 2513 ’
3910 2552 3911 2589 ξ

953 2604 1109 2674 127
1171 2603 1335 2683 Ipsis
1400 2602 1799 2681 temporibus
1854 2600 2029 2663 venit
2071 2598 2356 2679 Pyrrhus
2406 2616 2486 2662 ex
2535 2598 2790 2673 Africa,
2843 2600 2956 2681 qui
3005 2599 3215 2663 fuerat
3268 2599 3601 2681 patriarcha
3639 2597 3858 2660 Constan-
3910 2574 3911 2641 Ῐ

865 2708 1380 2787 tinopolitauns,
1440 2708 1507 2769 in
1560 2707 1787 2769 urbem
1847 2707 2112 2768 Romam
2150 2704 2227 2767 ad
2280 2703 2504 2768 limina
2556 2703 2994 2784 apostolorum
3039 2710 3084 2766 ι.
3135 2705 3265 2780 Qui
3311 2706 3624 2783 ingressus
3664 2700 3857 2764 libellum

871 2810 1106 2875 obtulit
1163 2828 1309 2873 cum
1368 2828 1481 2872 sua
1546 2808 2022 2889 subscriptione
2085 2809 2449 2888 apostolicae
2511 2816 2747 2871 nostra;
2811 2810 2987 2872 sedis
3038 2809 3106 2870 in
3170 2810 3503 2890 praesentia
3551 2809 3722 2872 cuncti
3760 2804 3857 2868 cleri
3910 2788 3911 2791 “

872 2923 939 2978 et
993 2914 1238 2996 populi,
1281 2916 1718 2980 condemnans
1772 2913 1841 2976 in
1898 2914 2124 2978 eodem
2180 2913 2399 2977 libello
2456 2913 2675 2977 omnia
2715 2933 2858 2996 qua:
2912 2933 2948 2978 a
3001 2933 3071 2977 se
3120 2915 3220 2978 vel
3278 2934 3313 2979 a
3369 2914 3750 2978 decessormus
3773 2908 3858 2971 suis
3910 2966 3911 2971 η

794 3022 830 3082 ὃ
873 3019 1105 3100 scripta
1158 3019 1257 3082 vel
1330 3027 1466 3083 acta
1518 3026 1670 3082 sunt
1727 3017 2037 3080 adversus
2113 3017 2585 3082 immaculatam
2650 3028 2935 3081 nostram
2998 3019 3212 3083 ﬁdem.
3290 3020 3409 3083 His
3479 3021 3666 3098 itaque
3718 3015 3773 3077 ab
3811 3027 3859 3072 eo
3910 3000 3911 3017 “

871 3125 1169 3203 peractis,
1218 3123 1369 3188 fecit
1407 3142 1554 3186 cum
1607 3140 1877 3186 munera
1928 3140 2189 3202 erogare
2242 3125 2310 3186 in
2370 3125 2680 3204 populum
2711 3145 2774 3198 ιι,
2822 3131 2883 3188 et
2939 3125 3307 3190 cathedram
3361 3126 3419 3189 ei
3464 3123 3601 3207 poni
3635 3122 3769 3203 juxta
3805 3116 3859 3177 al-
3910 3140 3911 3191 ς

870 3237 1028 3305 tare,
1058 3229 1383 3292 honorans
1439 3243 1588 3290 eum
1650 3233 1721 3288 ut
1791 3227 2187 3291 sacerdotem
2255 3230 2445 3308 regiae
2498 3230 2798 3294 civitatis.
2855 3232 3081 3294 Postea
3146 3250 3378 3295 rursus
3433 3248 3594 3293 more
3651 3227 3780 3291 canis
3812 3221 3857 3283 ad

871 3332 1201 3413 praprium
1268 3330 1617 3411 impietatis
1699 3331 2014 3393 vomitum
2081 3332 2408 3413 repedavit
2450 3343 2503 3395 ι’.
2570 3336 2752 3397 Tunc
2818 3334 3268 3397 sanctissimus
3344 3333 3684 3397 Theodorus
3731 3343 3855 3405 papa.
3910 3398 3911 3407 χ

867 3454 1229 3502 convocans
1294 3437 1692 3500 universos°
1755 3424 2126 3501 Sacerdotes
2183 3446 2245 3502 et
2320 3440 2559 3503 elerum
2620 3440 2686 3502 in
2744 3440 3012 3503 ecclesia
3084 3441 3257 3504 beati
3319 3441 3479 3504 Petri
3540 3431 3856 3517 apostolorum
3910 3446 3911 3455 η

752 3536 828 3594 10
869 3535 1223 3618 principis,
1288 3543 1740 3606 condemnavit
1800 3561 1949 3607 eum
2007 3545 2130 3607 sub
2194 3544 2454 3608 vinculo
2524 3545 2948 3609 anathematis
2995 3546 3183 3627 juxta
3247 3544 3589 3608 mercedem
3642 3556 3697 3601 ac
3738 3529 3857 3596 retriv

870 3637 1207 3705 butionem
1272 3646 1546 3725 propriae
1624 3645 2205 3724 transgressionis,
2279 3648 2652 3711 canonicam
2715 3666 2964 3728 poenam
3047 3650 3185 3712 sive
3267 3645 3694 3729 depositioncm
3752 3630 3856 3697 erci-

867 3739 1054 3818 piens
1088 3760 1135 3802 r.
1201 3744 1327 3819 Qui
1382 3745 1725 3824 praedictus
1794 3745 2076 3827 Pyrrhus
2133 3763 2432 3810 reversus
2492 3754 2587 3811 est
2646 3748 2715 3809 in
2776 3757 2986 3828 partes
3046 3748 3359 3810 Orientis.
3910 3772 3911 3815 1

942 3842 1106 3913 128
1144 3845 1384 3908 Eodem
1426 3855 1711 3926 tempore
1763 3847 2039 3911 relevata
2079 3854 2233 3910 sunt
2302 3865 2565 3928 corpora
2636 3856 3003 3911 sanctorum
3052 3856 3410 3929 martyrum
3458 3840 3656 3911 Primi.
3698 3840 3744 3898 θί
3789 3832 3857 3892 Fit”
3910 3880 3911 3915 v

865 3944 1113 4022 liciani,
1163 3966 1309 4027 quae
1353 3958 1536 4012 erant
1584 3951 1651 4011 in
1700 3951 2000 4014 arenario
2054 3950 2330 4032 sepulta,
2389 3952 2488 4014 via
2539 3952 2963 4023 Nomentana,
3005 3957 3069 4012 et
3124 3950 3405 4013 adducta
3449 3950 3586 4008 sunt
3633 3940 3687 4001 in
3710 3933 3853 4032 urbere
3910 4016 3911 4019 η

870 4025 1382 4120 Romam-Quas
1430 4055 1490 4109 et
1560 4049 1888 4109 recondita
1937 4056 2091 4111 sunt
2129 4025 2229 4112 vin
2286 4051 2547 4114 basilica
2626 4050 2799 4113 beati
2874 4047 3178 4129 Stephani
3235 4040 3748 4128 protomartyrisc,
3786 4025 3854 4091 ubi
3910 4060 3911 4067 η

878 4146 938 4202 et
986 4142 1156 4205 dona
1206 4143 1463 4218 obtulit,
1520 4146 1822 4222 gabathas
1876 4164 2106 4209 aureas
2161 4155 2315 4224 tres,
2379 4149 2629 4213 tabulas
2687 4167 2767 4211 ex
2818 4156 3085 4228 argento
3118 4156 3267 4212 ante
3322 4143 3753 4213 confessionem,
3787 4146 3855 4191 ar-

767 4244 807 4306 5
869 4259 984 4305 cus
1032 4253 1373 4321 argenteos
1425 4246 1612 4308 duos.
1666 4247 1839 4309 Fecit
1906 4248 2245 4311 ecclesiam
2317 4251 2507 4313 beato
2582 4250 2957 4326 Valentino,
3032 4250 3132 4313 via
3199 4249 3534 4319 Flaminia,
3584 4244 3730 4325 jule
3753 4243 3855 4312 Ρ⁰⁰⁶
3910 4312 3911 4319 η

872 4349 997 4405 tem
1060 4345 1351 4407 Milvium
1407 4364 1442 4408 a
1496 4346 1661 4419 solo,
1724 4365 1917 4428 quam
1986 4350 2126 4429 ipse
2196 4350 2546 4425 dedicavit,
2592 4361 2659 4413 et
2723 4350 2892 4414 dona
2958 4349 3159 4413 multa
3207 4347 3461 4411 obtulit.
3516 4340 3664 4405 Fecit
3717 4334 3851 4394 οῐδιο·

872 4444 1039 4506 rium
1094 4446 1282 4508 beato
1342 4448 1646 4510 Silvestro
1694 4468 1716 4496 ι
1763 4451 1929 4514 intra
1986 4451 2389 4531 episcopium
2458 4451 2915 4524 Lateranense,
2969 4449 3085 4511 ubi
3139 4455 3202 4511 et
3277 4448 3445 4510 dona
3505 4439 3727 4518 largitus
3776 4430 3848 4531 est:
3910 4478 3911 4481 η

870 4547 1051 4609 Fecit
1100 4553 1160 4609 et
1214 4548 1565 4611 oratorium
1628 4551 1813 4625 beato
1893 4521 2104 4633 Euplo
2165 4521 2430 4633 martyri
2494 4550 2654 4615 foris
2704 4521 2952 4631 portam
2989 4549 3161 4613 beati
3204 4546 3388 4612 Pauli
3451 4534 3707 4622 apostoli,
3739 4521 3847 4609 qu0d
3910 4552 3911 4603 ζ

869 4645 1062 4709 etiam
1110 4649 1384 4712 ornavit.
1812 4662 1817 4669 '

986 4753 1149 4827 129
1191 4756 1213 4784 ⁸
1260 4751 1439 4812 Tunc
1476 4751 1924 4814 sanctissimus
1979 4752 2357 4815 Theodorus
2422 4769 2586 4832 papa
2625 4749 2885 4832 scripsit
2914 4749 3114 4812 Paulo
3164 4734 3528 4828 patriarchae
3577 4732 3726 4814 regie
3745 4723 3847 4832 οίνίῖ

861 4846 1058 4921 tatis,
1121 4854 1263 4933 tam
1299 4866 1528 4928 rogans
1581 4868 1908 4931 quamque
1967 4852 2349 4931 regulariter
2403 4822 2789 4932 increpans;
2873 4865 3129 4914 necnon
3169 4822 3328 4928 'pcr
3384 4833 3767 4924 apocrisarios.
3804 4822 3844 4878 πί

860 4943 1109 5008 dictum
1165 4951 1303 5019 est,
1363 4962 1477 5025 pro
1530 4945 1650 5010 hoc
1717 4948 1996 5013 maxime
2050 4949 2410 5014 destinatos
2468 4950 2959 5032 praesentialiter
3024 4949 3380 5013 admonens
3442 4952 3501 5009 et
3552 4934 3843 5032 contestatlsv

862 5022 1574 5125 quatenusproprium
1646 5048 2013 5111 emendaret
2084 5022 2569 5124 commentum,
2631 5022 2826 5130 atque
2880 5048 2960 5112 ad
3023 5046 3442 5111 orthodoxam
3490 5040 3655 5105 ﬁdem
3696 5022 3846 5130 author

779 5142 824 5208 6
863 5141 1003 5207 lica
1063 5142 1367 5209 Ecclesia:
1428 5152 1765 5223 remearet.
1825 5148 1899 5207 Et
1958 5164 2173 5227 neque
2245 5155 2594 5227 rogantes,
2661 5126 2878 5225 neque
2936 5147 3349 5228 increpantes
3407 5135 3710 5223 potuerunt
3751 5126 3844 5183 eum

1793 5390 2062 5434 κοτυιιις
2103 5389 2507 5435 ΜΑιισιΝΔιεε
2551 5388 2890 5434 FABROTTI.

777 5546 804 5576 ι
833 5536 975 5604 quod
1016 5532 1309 5589 Mauricius
1336 5551 1459 5591 cum
1489 5532 1909 5604 omniexercitu
1934 5534 2025 5588 tali
2054 5542 2393 5589 sacramenta
2417 5534 2516 5590 sibi
2536 5534 2768 5590 invicem
2794 5533 3090 5590 dedissent.
3170 5533 3198 5574 δ
3226 5532 3294 5595 Β,
3313 5531 3432 5604 add.
3459 5517 3671 5604 Battlan-

706 5620 803 5658 ncs
832 5581 890 5659 sle
922 5605 988 5658 ad
1021 5606 1159 5658 dona
1189 5614 1490 5660 verterunt.
1564 5603 1590 5644 δ
1633 5601 1763 5659 Vide
1793 5603 1970 5658 Baron
2010 5581 2078 5658 ηᾶ
2109 5581 3179 5673 est
3213 5581 3486 5659 (sane.
3515 5581 3518 5582 ν
3606 5589 3660 5673 ἐξ.

709 5675 733 5745 ἕ
826 5673 1146 5745 Τιωπωβῑῑ.Δ
1186 5674 1255 5745 --ιξ
1280 5672 1516 5745 Figulus
1541 5673 1586 5727 Β
1608 5691 1626 5737 ;
1654 5684 1727 5729 est
1750 5674 1964 5745 ecclesia
1992 5651 2285 5729 Fingens;

2334 5651 2520 5729 ’ἧόξὶίὶ
2534 5651 2755 5730 ’ᾶὲηοεω
2784 5651 2993 5740 ὝἘΪ
3012 5651 3466 5745 ὧτὶἒέεἱιίἴξέίὼ.
3558 5660 3582 5745 ἱ,
3604 5651 3839 5745 ἤθελ’έῇ

712 5741 1050 5823 3‘._‘£°"‘£“.’!’-
1071 5810 1084 5823 .
1133 5739 1151 5779 ι
1186 5740 1319 5796 Vide
1356 5743 1534 5823 “at”?
1569 5718 1638 5797 “:1
1663 5761 1769 5799 mm
1810 5744 2024 5823 20'385'“
2063 5745 2224 5823 “si;
2272 5718 2315 5823 ’ἐ
2340 5746 2391 5823 ί,¹¹
2420 5718 2694 5823 ρίξρυιο.”
2716 5718 2755 5785 ιι.
2774 5718 3307 5801 τενθῖέιιὲ.ωῒῐῖἱέὶξε
3329 5718 3492 5819 flama
3517 5718 3686 5823 adigat:
3706 5718 3839 5774 00M“
3910 5752 3911 5759 η

708 5809 831 5862 (διδ.
906 5820 933 5857 P
962 5807 1025 5873 C,
1054 5810 1366 5865 decernens.
1445 5822 1473 5861 ει
1504 5814 1557 5866 in
1587 5797 1768 5870 mente
1810 5797 2018 5870 (ὶσξιὶιίοζ⁷
2075 5797 2247 5879 ΪΕΒ,
2274 5797 2635 5871 Sebastiano.
2693 5828 2715 5854 ε
2758 5797 3085 5870 νὶάέέιιιῖὸη
3116 5814 3184 5868 ad
3210 5830 3313 5869 amt
3337 5797 3645 5866 Domiuitiis.
