4028 6314
152 358 277 416 ’ΠἾ

875 360 1197 423 HISTORIA
1235 365 1323 421 DE
1353 365 1530 423 VITIS
1567 366 1730 424 ROM.
1767 367 1966 423 PONT.
2007 398 2077 410 —
2099 369 2157 425 S.
2203 370 2629 432 VITALIANUS.

3309 385 3409 441 778

359 527 365 534 .
416 472 576 545 136
619 473 853 540 Omnia
904 495 1050 558 quae
1097 485 1278 541 erant
1324 479 1389 540 in
1436 497 1561 542 aere
1609 480 1688 543 ad
1733 487 2026 544 ornatum
2079 483 2353 546 civitatis
2405 487 2732 566 deposuit,
2789 493 2900 553 sed
2954 501 3014 557 et
3077 497 3404 562 ecclesiam

328 582 530 646 beata:
585 582 798 645 Mariae
865 583 944 644 ad
1000 585 1342 661 Martyres,
1406 603 1548 664 qua:
1603 586 1682 647 de
1745 586 1978 664 tegulis
2033 589 2216 650 tereis
2269 597 2402 652 erat
2457 601 2779 670 cooperta,
2838 597 3302 680 disc00peruit,
3344 615 3406 669 et

326 681 398 743 in
465 681 702 761 regiam
771 682 996 743 urbem
1070 699 1216 744 cum
1293 681 1436 743 aliis
1499 682 1770 746 diversis
1843 702 1988 764 quae
2061 686 2482 764 deposuerat,
2537 689 2793 752 direxit.
2853 694 2930 753 Et
2999 703 3404 774 postmodum

329 785 610 846 secunda
684 785 843 847 feria
915 803 1212 862 egressus
1275 785 1353 846 de
1417 787 2056 861 civitate'Romana,
2135 807 2429 853 reversus
2491 799 2586 854 est
2651 795 3002 875 Neapolim.
3065 801 3220 864 Inde
3280 810 3406 866 ter-

235 881 282 943 5
328 898 486 944 reno
534 881 766 944 itinere
813 883 1090 961 perrexit
1136 882 1451 960 Rhegium

1505 896 1564 957 ι,
1622 883 1949 962 ingressus
1996 886 2273 949 Siciliam
2323 906 2436 968 per
2472 889 2692 953 indict.
2739 912 2849 955 vn.
2891 897 2965 956 Et
3002 897 3304 962 habitavit
3335 902 3405 962 in

321 979 580 1040 civitate
643 978 1074 1056 Syracusana,
1149 986 1212 1040 et
1282 979 1470 1042 talem
1536 979 1939 1043 aﬁlictionem
2016 985 2230 1062 posuit
2287 986 2356 1047 in
2414 989 2698 1067 p0pulo,
2763 1010 2879 1055 seu
2945 995 3406 1066 habitatoribus

324 1082 428 1146 vel
485 1082 968 1162 possessoribus
1021 1085 1492 1162 provinciarum
1555 1085 1890 1160 Calabriae,
1948 1088 2207 1164 Siciliae,
2270 1090 2543 1166 Africaa,
2597 1095 2938 1170 Sardiniae,
2997 1116 3112 1176 per
3162 1101 3408 1180 diagra-

321 1185 446 1266 pba
516 1202 633 1248 seu
693 1187 898 1265 capita
949 1195 1140 1266 atque
1200 1189 1667 1251 nauticationes
1726 1208 1840 1269 per
1900 1209 2101 1254 annos
2156 1195 2507 1272 plurimos,
2571 1199 2795 1277 quales
2853 1218 2888 1261 a
2947 1204 3179 1267 saeculo
3240 1225 3405 1270 nun-

319 1305 516 1367 quam
570 1286 861 1363 fuerant,
910 1293 980 1350 ut
1027 1289 1215 1352 etiam
1274 1308 1506 1354 uxores
1559 1311 1593 1354 a
1650 1293 1928 1367 maritis,
1977 1296 2074 1359 vel
2130 1297 2296 1360 ﬁlios
2349 1317 2380 1360 a
2434 1306 2608 1378 patre
2655 1303 2684 1342 ι’
2729 1313 3132 1382 separarent,
3185 1315 3245 1370 et
3284 1310 3405 1374 alia

191 1391 280 1451 10
322 1389 526 1452 multa
571 1383 858 1456 inaudita
905 1396 1190 1473 perpessi
1241 1404 1433 1471 sunt,
1489 1404 1568 1471 ut
1605 1397 1793 1460 alicui
1846 1416 1992 1478 spes
2050 1400 2191 1462 VIItB
2246 1419 2375 1464 non
2420 1413 2806 1481 remaneret,
2845 1409 2960 1470 sed
3011 1418 3072 1472 et
3114 1429 3259 1474 vasa
3306 1431 3406 1476 sa-

317 1501 490 1557 crata
546 1495 646 1558 vel
705 1497 962 1578 cymilia
1015 1508 1371 1562 sanctarum
1427 1502 1544 1589 Dei
1600 1503 2012 1567 ecclesiarum
2063 1507 2356 1570 tollentes
2412 1510 2572 1572 nihil
2629 1512 3034 1576 dimiserunt.
3092 1516 3170 1578 Et
3232 1524 3406 1595 post-

316 1599 580 1661 modum
617 1599 846 1680 quiuto
888 1600 1134 1663 decimo
1171 1602 1274 1665 die
1311 1605 1554 1665 mensis
1600 1605 1753 1667 Julii
1802 1625 1915 1685 per
1959 1608 2184 1672 indict.
2213 1630 2284 1672 ιι
2315 1614 2653 1690 praedictus
2689 1616 3030 1696 imperator
3071 1619 3138 1680 in
3171 1618 3403 1683 balneo

312 1703 568 1766 occisus
637 1711 755 1766 est.
834 1705 910 1765 Et
980 1723 1111 1768 non
1174 1714 1317 1786 post
1385 1709 1663 1772 multum
1739 1713 2046 1793 temporis
2109 1716 2468 1778 antedictus
2537 1720 2978 1784 sanctissimus
3039 1724 3138 1784 vir
3208 1725 3402 1787 vitam

313 1806 546 1868 ﬁnivit.
611 1809 790 1870 Fecit
845 1798 1057 1870 autem
1120 1811 1558 1877 ordinationes
1613 1819 1888 1895 quatuor

1953 1840 1968 1878 :
2032 1820 2437 1898 presbyteros
2495 1821 2723 1901 viginti
2789 1825 2992 1900 duos,
3057 1827 3402 1891 diaconum

178 1911 266 1973 15
311 1929 558 1984 unum,
625 1911 959 1990 epiSCOpos
1020 1931 1130 1992 per
1193 1914 1446 1979 diversa
1505 1918 1644 1982 loca
1698 1922 2045 2000 nonaginta
2098 1931 2342 2004 septem
2405 1937 2452 1986 ο.
2516 1927 2642 2001 Qui
2705 1930 2893 1993 etiam
2950 1931 3242 2010 sepultus
3303 1940 3402 1995 est

309 2014 389 2076 ad
429 2015 688 2077 beatum
728 2017 980 2079 Petrum
1029 2021 1391 2097 apostolum
1443 2023 1565 2086 sub
1613 2024 1718 2088 die
1758 2032 1940 2089 sexto
1988 2027 2257 2092 Kalend.
2312 2031 2680 2107 Februarii,
2728 2042 2790 2098 et
2839 2035 3112 2100 cessavit
3156 2019 3402 2116 episco-

305 2121 496 2194 patus
525 2133 780 2180 menses
824 2117 1025 2195 duos,
1059 2120 1198 2184 dies
1228 2125 1556 2188 tredecim.

1235 2286 1397 2330 NOTU
1407 2289 1498 2330 LE
1539 2289 1934 2334 MARGINALES
1977 2295 2307 2340 FABBO'I'I‘I.

211 2391 243 2421 ι
273 2377 407 2437 lude
431 2381 569 2438 mari
607 2381 882 2454 Tyrreueo
907 2385 1147 2456 perrexit
1175 2385 1416 2456 Regium.
1512 2388 1539 2428 δ
1570 2403 1600 2442 a
1625 2391 1956 2459 parentibus.

2071 2405 2092 2432 ο
2129 2393 2192 2448 Β.
2221 2394 2307 2448 18.

1437 2525 1670 2583 VARIAE
1707 2528 2104 2588 LECTIONES.

436 2653 516 2709 Ex
549 2655 727 2710 codice
761 2653 1086 2710 Famesiano
1115 2653 1261 2710 LXX
1275 2653 1434 2716 VIII.

211 2759 363 2815 Nunt
391 2761 508 2833 155,
534 2761 606 2816 lin
635 2763 690 2828 6,
719 2763 773 2828 7,
807 2764 858 2817 in
881 2763 1110 2820 circuitu
1155 2774 1367 2820 ornata.
1419 2765 1493 2819 lin
1535 2767 1618 2833 18,
1664 2768 1716 2822 in

131 2832 364 2887 basilica
401 2831 596 2902 Vigilii.

208 2919 370 2991 Nam.
415 2920 531 2981 156,
560 2922 652 2974 tiu.
683 2921 772 2987 11,
811 2928 865 2976 et
897 2920 1234 2991 postmodum
1271 2938 1340 2976 xv
1385 2923 1472 2979 die
1512 2925 1716 2981 mensis

130 2989 263 3043 Julii
295 3006 395 3060 per
420 3005 490 3044 xu
521 2991 706 3045 indict.

591 3120 677 3175 Ea:
702 3121 877 3176 codice
914 3119 1274 3176 Vallicellano.

203 3234 357 3288 Num
383 3233 505 3297 155,
528 3232 599 3286 lin
627 3233 679 3298 9,
704 3248 799 3301 per
818 3233 1056 3288 litoraria
1085 3235 1136 3287 in
1163 3234 1425 3298 Athimas,
1451 3245 1505 3290 et
1523 3235 1717 3293 exinde

130 3305 458 3366 Tarentum,
500 3304 685 3357 deinde
713 3304 1095 3357 Beneventum.
1133 3303 1206 3356 lin
1249 3305 1337 3366 11,
1367 3321 1463 3358 vox
1501 3307 1714 3361 obviam

133 3379 302 3429 deest.
333 3373 431 3426 lin.
461 3372 546 3436 12,
577 3388 717 3426 eum.
743 3373 857 3442 Ipsa
876 3375 979 3426 die.
1003 3373 1077 3425 lin
1105 3375 1192 3436 15,
1219 3375 1284 3426 ad
1315 3375 1369 3428 S.
1404 3375 1617 3428 Petrum
1648 3378 1714 3430 ad

128 3446 455 3498 orationem.
503 3442 576 3495 lin
622 3442 706 3504 14,
752 3445 838 3496 die
889 3443 1112 3496 sabbato
1155 3446 1412 3511 perrexit,
1467 3456 1598 3510 etc.,
1656 3459 1713 3498 ut

126 3513 288 3583 Reg.,
327 3512 462 3583 Hoc
490 3521 538 3565 et
591 3511 795 3583 Timon.
827 3513 899 3565 lin
939 3512 1024 3574 17,
1072 3513 1198 3566 item
1240 3517 1586 3583 sabbatorum
1629 3517 1714 3569 die

127 3585 286 3636 venit
323 3582 618 3650 imperator
663 3582 725 3634 ad
771 3582 1074 3641 Lateranis,
1119 3583 1266 3635 ilavit
1296 3582 1434 3704 μορε
1462 3594 1516 3637 et
1557 3584 1710 3656 lavit]

127 3662 180 3704 et
211 3652 415 3704 ibidem
454 3652 662 3704 mansit
709 3651 762 3704 in
810 3652 1028 3704 basilica
1062 3651 1258 3704 Vicilii.
1316 3656 1371 3704 iu
1405 3653 1488 3704 18.
1515 3655 1708 3704 iterum

124 3662 180 3705 et
211 3652 415 3705 ibidem
453 3652 662 3720 pransit
709 3651 762 3704 in
810 3652 1028 3705 basilica
1062 3651 1258 3720 Vigilii.
1296 3651 1708 3716 Iiu'18,iterum

125 3720 534 3775 Dominicorum
563 3719 672 3775 die.
697 3721 772 3774 lin
808 3721 892 3781 19,
923 3731 977 3776 et
1011 3719 1147 3789 posti
1174 3721 1470 3776 celebratas
1498 3725 1708 3779 missas.

124 3789 334 3860 [bidem
357 3790 615 3859 pontifex.
651 3790 833 3860 Itaque
857 3789 947 3844 Xll
979 3792 1114 3854 dies,
1140 3801 1249 3844 etc.
1281 3803 1335 3843 ut
1369 3791 1477 3860 Reg
1512 3792 1638 3845 Μαι
1663 3806 1710 3846 et

129 3857 319 3914 Tltan
350 3857 469 3912 cum
494 3861 678 3930 quibus
719 3857 1089 3930 Vallicellanus
1121 3862 1215 3914 cod
1249 3857 1526 3914 concordat
1553 3863 1710 3915 etiam

124 3944 314 3996 supra,
349 3929 578 3994 lineiﬂ,
610 3931 665 3994 5,
697 3929 750 3993 5,
783 3932 834 3994 7,
870 3930 934 3983 10
953 3941 998 3983 et
1027 3929 1112 3983 15.

1746 2665 1798 2724 Α
1824 2660 1887 2727 9,
1921 2661 2120 2719 littora.
2149 2665 2258 2718 ibid
2286 2664 2596 2730 Tarentum,
2619 2664 2812 2721 deinde
2840 2665 2907 2720 Β.
2930 2667 3004 2721 lin
3027 2667 3115 2730 10,
3146 2667 3392 2724 Romam.

1822 2747 1876 2800 q.
1911 2734 2004 2787 lin.
2044 2734 2142 2799 12,
2186 2735 2416 2807 miliario
2442 2735 2494 2788 5.
2525 2737 2631 2789 ibid
2663 2751 2808 2789 cum.
2844 2737 2955 2807 Ipsa
2989 2738 3041 2807 (1.
3069 2737 3145 2791 lin
3179 2738 3263 2802 15,
3297 2739 3397 2795 Pe-

1819 2809 1961 2855 trum
1989 2818 2108 2857 eum
2135 2806 2376 2860 exercitu
2409 2821 2506 2860 suo
2529 2807 2594 2859 ad
2629 2805 2923 2860 orationem
2954 2805 3035 2873 (Μ
3064 2807 3307 2872 Petrum,
3339 2819 3395 2864 et

1816 2873 2136 2946 orationem,
2160 2875 2429 2946 etdonum
2456 2877 2491 2946 i.
2520 2875 2655 2946 obt.)
2682 2874 2775 2929 Die
2802 2875 3036 2930 Sabbato
3059 2879 3298 2946 perrexit
3329 2881 3394 2932 ad

1818 2955 1863 2994 s.
1895 2941 1963 3015 M.
1999 2944 2178 3015 ibique
2204 2944 2399 2998 donum
2423 2945 2534 3015 obt.
2569 2941 2721 3015 Dom.
2753 2947 2805 2997 d.
2841 2941 3157 3015 itcruni'pr.
3191 2945 3264 3000 [in
3294 2947 3390 3009 15,

1817 3013 2016 3082 cereis,
2049 3025 2103 3066 et
2130 3014 2238 3067 obt.
2281 3030 2325 3067 s.
2370 3028 2420 3067 a.
2459 3014 2643 3082 ipsius.
2678 3014 2751 3068 lin
2793 3016 2889 3079 17,
2937 3013 3292 3070 Sabbatorum
3337 3019 3390 3071 d.

1815 3079 1947 3152 idid.
1979 3083 2044 3135 ad
2067 3083 2245 3136 Later.
2272 3093 2326 3136 et
2353 3079 2547 3137 ibidem
2572 3085 2797 3152 pransit.
2819 3085 2891 3136 [in
2922 3085 3003 3150 18,
3029 3086 3220 3140 iterum
3245 3087 3391 3140 dom.

1815 3151 1888 3224 ib.
1908 3151 1971 3224 et
1995 3162 2121 3224 post
2149 3153 2248 3207 cel.
2277 3169 2348 3206 m.
2379 3152 2452 3206 lin
2488 3151 2864 3224 19,7pontifex,
2891 3156 3074 3224 itaque
3098 3155 3165 3207 12
3192 3153 3307 3210 dies
3337 3158 3392 3211 in

1815 3220 1962 3291 civit.
1991 3222 2144 3275 Rom.
2175 3237 2525 3291 perseverans
2549 3220 2750 3278 omnia.

1887 3289 2031 3343 Num
2061 3289 2189 3354 156,
2215 3291 2363 3361 lilii,
2394 3294 2774 3361 discooperuit,
2805 3303 2853 3346 et
2901 3293 2976 3348 lin
3015 3291 3067 3355 5,
3110 3293 3196 3346 dir
3237 3293 3393 3348 Post-

1815 3360 2051 3434 tnodum.
2079 3361 2152 3434 (iu
2181 3361 2232 3423 4,
2266 3359 2713 3434 Ν.ᾼ1)(ξῇιιᾱαὶιιειι“ἰ
2733 3364 2972 3434 Tyrreno
2991 3377 3113 3434 perr
3138 3362 3386 3434 Regium.

1813 3428 2091 3502 Ingressus
2123 3432 2302 3500 itaque
2326 3431 2564 3502 Siciliam
2607 3449 2660 3502 p.
2690 3441 2728 3485 t.
2777 3428 2833 3496 7,
2874 3428 3134 3486 habitavit
3174 3428 3390 3488 in'civit

1817 3497 1986 3570 §yrac
2018 3510 2072 3554 et
2100 3497 2231 3554 tales
2262 3500 2577 3556 alllietiones
2605 3497 2656 3570 ί).
2687 3502 2898 3570 populo.
2930 3503 3003 3554 lin
3029 3502 3080 3566 7,
3106 3511 3158 3555 ct
3183 3502 3281 3555 Afr
3307 3505 3391 3558 vel

1815 3567 1874 3621 S.
1902 3567 2054 3632 (£118,
2085 3580 2246 3639 atque
2273 3567 2714 3626 nauticatioueni.
2745 3567 2819 3624 [in
2849 3573 2900 3634 9,
2936 3571 3152 3624 fuerunt
3192 3572 3244 3625 ib
3275 3572 3330 3626 ﬁl
3359 3591 3390 3626 ει

1813 3640 2128 3712 parentibus
2155 3651 2432 3712 seperaret
2455 3641 2554 3712 (11,
2585 3641 2903 3712 separaret).
2929 3640 3045 3693 Alia
3069 3641 3230 3694 etiam
3248 3642 3390 3694 mul-

1813 3716 1866 3760 ta
1895 3708 1930 3760 i.
1955 3724 2008 3778 p.
2056 3725 2102 3763 s.
2132 3720 2187 3763 ut
2216 3708 2481 3777 aliqtsiibus
2527 3727 2570 3764 s.
2604 3708 2677 3763 [in
2728 3710 2813 3769 10,
2848 3708 3171 3772 remaneret,
3207 3712 3300 3764 sed
3331 3719 3390 3764 et

1811 3792 1941 3831 vasa
1973 3793 2063 3834 sae
2093 3789 2149 3832 et
2175 3780 2370 3833 cimilia
2401 3781 2434 3833 5
2475 3781 2534 3832 D.
2570 3780 2684 3833 eeel
2716 3779 3024 3833 auferentes
3051 3795 3106 3832 η.
3139 3781 3192 3833 d.
3228 3779 3388 3834 Post-

1813 3848 2048 3918 niodum.
2075 3848 2148 3902 lin
2172 3850 2256 3912 12,
2288 3865 2380 3918 per
2415 3851 2508 3903 ind
2547 3849 2611 3901 12
2641 3850 2882 3916 proditus
2914 3849 3084 3918 imper
3111 3849 3163 3902 in
3195 3850 3388 3904 balneo

1813 3915 2136 3988 Deiiiudieio
2174 3915 2386 3972 occisus
2419 3926 2543 3988 iest.
2584 3915 3052 3988 Eodemwtempo're
3084 3919 3230 3974 missi
3263 3929 3390 3973 sunt

198 3983 370 4051 Νηίη,
418 3983 667 4073 156415,;
723 3983 797 4063 1',
824 3983 1105 4073 Ecclesia,“
1155 4000 1366 4073 Sancta},
1416 3998 1597 4073 Maria;
1641 4002 1708 4073 qd
1738 4015 1786 4073 Β
1814 3983 2297 4073 ξιγγῇᾳιὶίιρολρξιρα
2323 3988 2375 4041 in
2415 3987 2750 4073 Britanniam
2782 3983 3390 4073 Theodorusarchicpi:

125 4065 395 4140 ηδε-,πω
420 4057 608 4140 μεηςδρ
641 4057 906 4140 integram
936 4070 1120 4140 urbem]
1142 4109 1157 4132 ,
1200 4070 1462 4140 τηεηάοερ,
1492 4068 1624 4140 Lege
1657 4072 1708 4125 ίη
1739 4057 1786 4073 ⁸⁷
1812 4068 2026 4140 soOpus,
2057 4065 2111 4110 et
2132 4057 2611 4140 Adrianusallbas,
2641 4059 2856 4140 utrique
2878 4059 3194 4140 .doctissimi
3221 4099 3236 4123 ,
3272 4057 3386 4140 qui

125 4137 330 4204 regiam
349 4138 558 4191 urbem.
574 4137 647 4191 lin
660 4137 780 4202 ead,
799 4139 1016 4192 direxit.
1035 4139 1400 4192 Postmodum.
1418 4138 1492 4191 lin
1505 4137 1707 4200 άλλως)-

124 4207 314 4275 polim;
338 4207 530 4275 deinde
543 4210 675 4260 mari
699 4208 940 4272 Tirreno,
957 4217 1061 4262 etc.
1078 4219 1130 4260 ut
1155 4224 1259 4275 reg,
1285 4207 1408 4261 Μαι
1427 4218 1474 4260 et
1499 4208 1704 4264 Thuan.

123 4275 198 4348 lin
226 4274 282 4348 ἶ,
305 4274 524 4348 ᾼΐιοῇοειξ,
545 4277 629 4330 vel
661 4277 923 4348 Sardiniae
946 4293 1040 4346 per
1063 4274 1310 4346 diagrava
1341 4276 1471 4348 [lege
1496 4279 1708 4348 diagra-

124 4342 278 4416 pha].
302 4345 456 4416 lin_9,
484 4345 717 4416 fuerunt.
735 4346 855 4416 Ibid
874 4342 1010 4402 ﬁlios
1026 4363 1054 4399 a
1077 4342 1388 4416 parentibtis
1407 4342 1704 4414 separaret,

123 4413 252 4468 etcf
271 4423 328 4466 ut
371 4413 476 4485 Reg
502 4414 648 4485 Hoc,
684 4427 730 4470 et
758 4415 958 4470 Titum.
987 4413 1174 4485 lini“,
1199 4417 1282 4470 vel
1311 4413 1532 4470 eimilia.
1560 4420 1668 4471 ibid
1686 4458 1701 4484 ,

125 4484 483 4540 ecclesiarum
510 4484 834 4547 auferentes,
878 4486 1010 4541 nihil
1049 4484 1411 4540 dimittebant.
1452 4486 1704 4542 Postmo-

123 4553 273 4606 dum.
299 4554 376 4606 lin
409 4554 494 4616 12,
528 4569 628 4623 per
648 4556 990 4609 indietionem
1013 4571 1085 4608 xu
1113 4595 1128 4620 ,
1151 4564 1256 4610 etc.
1276 4595 1292 4619 ,
1320 4565 1374 4608 ut
1420 4558 1552 4609 codd
1582 4574 1704 4611 mox

123 4623 358 4696 laudati,
379 4627 602 4692 exceptis
627 4634 828 4696 toruum
854 4627 1060 4678 uocibus
1083 4640 1112 4677 a
1141 4624 1399 4679 Bitaliano
1417 4664 1432 4688 ,
1459 4636 1506 4679 et
1532 4641 1704 4696 quan-

124 4700 179 4764 to
199 4693 437 4764 scilicet,
457 4709 555 4764 pro
571 4710 604 4764 ra
636 4695 903 4748 Vitaliano
926 4705 974 4748 et
1000 4703 1230 4764 quantos
1249 4696 1474 4758 scilicet,
1497 4693 1565 4748 αι’
1579 4696 1704 4764 bene

128 4760 256 4832 Reg,
287 4762 415 4816 Ma:
441 4760 489 4816 et
514 4761 719 4816 Thuan.
745 4764 820 4817 tiu
852 4763 939 4826 14,
968 4760 1120 4817 υῐίὶά
1137 4804 1150 4827 ,
1191 4781 1310 4817 cum
1348 4765 1534 4832 quibus
1572 4760 1700 4818 Val-

123 4831 402 4886 ticetfanut
424 4833 588 4886 codex
624 4834 902 4886 concordat
925 4836 1082 4887 etiam
1122 4833 1196 4886 lin
1225 4834 1280 4888 2.
1313 4831 1413 4888 8⁷81
1446 4834 1534 4888 14.

376 4966 529 5035 Apud
567 4964 878 5022 Fabrottum
904 4983 969 5022 ea:
995 4968 1170 5022 codice
1194 4966 1433 5022 Freltcri.

192 5075 344 5131 Num
367 5077 488 5141 155,
521 5077 595 5132 lin
623 5078 676 5141 9,
701 5079 964 5143 litoraria,
987 5081 1052 5143 Α,
1077 5079 1322 5142 Iiteralia,
1350 5078 1413 5138 Β,
1447 5078 1697 5134 Iitoralia.

121 5144 314 5218 ϐαι-18,
346 5149 543 5218 prgxit,
568 5147 633 5209 Α,
661 5150 869 5216 prausit
897 5150 950 5202 in
980 5149 1199 5203 basilica
1232 5149 1426 5218 Vigilii.

187 5213 492 5281 Num'136,
512 5216 588 5298 fin
621 5213 706 5283 15,
738 5218 854 5273 loca
883 5219 971 5284 97,
999 5218 1066 5284 Β,
1089 5219 1179 5273 27.

245 5341 248 5344 ’
335 5348 424 5403 Ea:
448 5350 624 5405 codice
654 5349 835 5421 Regio,
864 5350 1139 5406 Mazarino
1163 5362 1212 5406 et
1239 5351 1478 5409 Timauo.

192 5469 340 5544 Nugu
367 5471 489 5544 155,
512 5473 587 5544 [in
614 5473 667 5537 1,
697 5472 968 5543 Signentis
989 5490 1042 5543 p.
1069 5473 1130 5528 Ο.
1162 5488 1226 5527 ex
1255 5489 1306 5544 p.
1335 5474 1398 5528 A.
1435 5473 1509 5527 (in
1537 5476 1602 5538 5,
1632 5474 1699 5529 ad

115 5540 249 5612 piss.
287 5542 349 5614 Ρ.
378 5542 469 5614 (in?
504 5541 559 5614 If
584 5544 723 5614 deest
756 5540 1069 5613 piissimo—5).
1106 5545 1178 5598 (in
1205 5540 1511 5614 5,'quorum
1540 5545 1607 5598 el.
1634 5560 1695 5614 7p.

116 5611 165 5668 ὲ.
198 5627 273 5667 In.
304 5613 501 5668 direxit
531 5611 591 5665 Β.
623 5612 684 5666 Ρ.
714 5611 778 5665 Α.
807 5628 997 5683 evang.
1029 5611 1151 5668 aur.
1186 5615 1260 5669 lin
1293 5611 1353 5681 7,
1384 5623 1593 5670 ornata.
1621 5611 1696 5667 (in

446 5829 716 5890 Parum.
762 5827 1107 5891 CXXVIII.

1727 5355 1776 5418 C

1809 4124 2068 4196 plurimas
2099 4127 2356 4182 ecclesias
2383 4127 2675 4196 Anglorum
2709 4124 2978 4191 doctrinae
3003 4124 3386 4183 ecclesiasticae

1809 4193 1960 4264 fruge
1983 4194 2357 4252 fecundarunt.
2392 4198 2434 4251 E
2463 4193 2658 4265 quibus
2682 4196 3000 4251 Theodorus
3027 4198 3388 4267 archiepisco-

1806 4278 1906 4332 pus
1938 4267 2274 4334 peccantium
2308 4267 2529 4336 judicia.
2563 4279 2797 4336 quiantos
2833 4268 3038 4322 scilicet
3075 4283 3246 4320 annos
3285 4283 3384 4335 pro

1808 4349 2130 4403 unoquoque
2160 4349 2384 4405 peccato
2418 4338 2539 4406 quis
2588 4337 2854 4406 poenitere
2901 4337 3111 4401 debeat,
3153 4337 3386 4390 mirabili

1805 4412 1861 4457 et
1895 4406 2126 4459 discreta
2155 4407 2586 4476 consideratione
2613 4407 2920 4476 descripsit.
2952 4406 3068 4460 Non
3101 4415 3223 4476 post
3250 4407 3389 4459 mul-

1809 4481 1920 4546 tum
1940 4489 2084 4546 vero
2111 4479 2365 4546 temporis
2384 4475 2497 4544 jam
2519 4477 2694 4546 dictus
2716 4475 3040 4533 venerabilis
3053 4475 3194 4546 papa
3219 4477 3385 4530 vitam

1807 4544 1999 4598 ﬁnivit.
2032 4544 2105 4598 lin
2131 4544 2504 4611 11,'diac0nos
2529 4545 2620 4612 50,
2646 4548 2815 4615 episc.

3394 4325 3417 4357 ἦ

2215 4676 2301 4731 Ea;
2325 4678 2498 4732 codice
2529 4676 2746 4732 Thuano
2783 4677 2967 4732 altera.

1876 4786 2020 4840 Num
2055 4787 2173 4846 155,
2203 4786 2277 4839 lin
2304 4788 2353 4848 1,
2381 4800 2445 4840 ex
2478 4795 2651 4855 patre.
2689 4784 2764 4838 lin
2808 4785 2865 4848 6,
2903 4800 2990 4854 ap.
3033 4800 3222 4855 evang.
3246 4799 3381 4855 aur.

1803 4855 1877 4908 lin
1901 4857 1954 4918 7,
1986 4865 2196 4908 ornata.
2234 4855 2306 4907 lin
2331 4858 2383 4917 9,
2426 4853 2643 4908 Iitﬁtoria.
2674 4855 2749 4907 lin
2789 4855 2882 4918 10,
2917 4853 2968 4909 id
2995 4863 3078 4908 est
3111 4853 3192 4907 I5.
3226 4854 3278 4905 d.
3307 4853 3383 4906 lin

1803 4926 1893 4988 12,
1922 4925 2031 4978 mil.
2067 4926 2272 4994 quinto.
2299 4925 2424 4976 ibid.
2458 4933 2512 4976 et
2543 4925 2594 4976 in
2625 4923 2734 4990 ipsa
2762 4924 2814 4976 d.
2848 4940 2900 4976 a.
2937 4924 3031 4977 Im.
3058 4923 3124 4994 ad
3150 4939 3197 4976 s.
3231 4921 3290 4974 P.
3315 4925 3383 4975 ad

1801 5008 1884 5048 or.
1911 4994 1985 5047 lin
2015 4994 2096 5055 16,
2125 4994 2291 5062 ipsius
2316 4994 2532 5062 pallium
2555 5007 2687 5046 auro
2710 4999 2932 5045 textum.
2962 4994 3038 5046 tiu
3062 4993 3151 5056 18,
3175 4995 3383 5062 pransit

1802 5064 1856 5117 in
1885 5062 2277 5133 basil..Vigi|ii.
2319 5063 2516 5117 Iterum
2551 5063 2603 5115 d.

1878 5134 2025 5186 Num
2055 5129 2177 5190 156'.
2210 5133 2283 5202 (in
2311 5135 2362 5194 9,
2394 5148 2422 5184 a
2453 5130 2766 5202 parentibus
2791 5145 2836 5185 ε.
2868 5130 2944 5184 tiu
2974 5131 3061 5196 11,
3091 5129 3384 5184 abstollcn-

1803 5211 1904 5259 tes.
1936 5204 2009 5256 lin
2036 5204 2123 5268 16,
2149 5201 2248 5257 sub
2287 5202 2372 5257 die
2401 5204 2455 5255 7.

2127 5313 2278 5385 Apud
2301 5313 2518 5368 Peniam
2540 5331 2603 5370 ea:
2623 5314 2798 5369 codice
2819 5313 3056 5368 Cavensi.

1881 5425 2024 5498 Num
2053 5428 2174 5494 155,
2204 5427 2278 5483 lin
2309 5430 2389 5494 18,
2423 5429 2552 5484 ibid.
2586 5429 2810 5498 pransit.

1880 5497 2024 5551 Num
2055 5499 2172 5562 156,
2208 5500 2282 5552 lin
2307 5500 2361 5562 2,
2387 5508 2503 5553 erat
2530 5497 2908 5566 diSeoopcruit.
2949 5497 3022 5552 lin
3051 5498 3103 5562 4,
3131 5511 3380 5552 reversus

1805 5567 1858 5621 in
1892 5567 2186 5650 Neapolim;
2222 5569 2348 5623 lude
2379 5577 2590 5624 terreno
2620 5584 2746 5638 perr
2787 5567 2970 5638 Regio.
3018 5569 3092 5622 lin
3133 5568 3187 5635 8,
3217 5575 3380 5636 atque

1805 5647 2184 5693 nauticauoue.

2859 5828 2940 5886 25
