4028 6314
555 329 666 397 εον
1707 335 2067 395 ANASTASI!
2107 333 2643 396 BIBLIOTIIECARII
3696 347 3805 404 338

715 463 856 509 rum
909 445 1025 508 Dei
1075 445 1505 508 Ecclesiarum
1537 489 1555 518 ,
1609 448 1782 526 quod
1840 453 1903 508 et
1951 446 2246 508 ordinare
2304 463 2431 507 non
2480 447 2730 509 distulit
2769 469 2821 510 ι.
2867 449 2942 511 Et
2981 448 3219 514 direxit
3257 458 3287 500 δ
3323 451 3802 519 Abundantium

600 542 677 606 10
715 543 1210 613 Paterncnsem,
1286 542 1596 604 Joannem
1666 542 2093 619 lthegitanum
2168 553 2219 616 ο,
2298 551 2359 604 et
2441 544 2747 606 Joannem
2824 548 3245 612 Portuensem
3320 551 3692 633 episcOpum
3746 556 3806 630 ⁸,

713 639 1124 702 Theodorum
1206 645 1268 701 et
1347 641 1690 717 Georgium
1772 639 2226 720 presbyteros,
2310 641 2623 702 Joannem
2719 642 3061 709 diaconum
3151 655 3214 710 et
3292 648 3807 728 Constantinum,

713 737 1122 801 Theodorum
1202 739 1645 818 presbyterum
1722 752 1745 780 ο
1827 739 2296 811 Ravennatem,
2381 743 2588 817 atque
2656 739 2996 818 religiosos
3083 761 3304 806 servos
3385 747 3505 809 Dei
3563 757 3806 808 mona-

716 837 893 898 chos.
944 837 1197 898 Clcrum
1251 837 1548 900 videlicet
1603 837 1874 899 diversis
1923 836 2292 908 ordinibus,
2359 843 2418 898 et
2471 854 2665 915 super
2723 840 2897 918 quod
2947 844 3386 920 competebat,
3443 861 3556 906 eos
3602 845 3806 910 hono-

717 936 897 998 ribus
980 936 1328 1012 ampliavit.
1416 936 1535 996 Hic
1617 936 1776 996 ultra
1857 935 2392 996 consuetudinem
2475 934 2756 996 arcarius
2835 935 3134 998 Ecclesiae
3217 939 3515 1001 Romanae
3606 941 3806 1004 efﬁci-

599 1035 677 1095 15
718 1041 820 1095 tur
864 1039 912 1106 ί,
960 1039 1018 1094 et
1073 1052 1182 1113 per
1230 1033 1645 1110 semetipsum
1721 1049 1971 1093 causam
2016 1033 2270 1092 arcariae
2319 1031 2669 1107 disposuit,
2711 1032 3010 1092 emittens
3057 1033 3352 1096 videlicet
3394 1035 3476 1097 de
3509 1048 3806 1117 suscepta

717 1153 833 1214 per
914 1133 1453 1194 nomenclatorem
1536 1147 1729 1191 manu
1815 1146 1932 1190 sua
2019 1129 2471 1204 obumbratas,
2572 1129 2686 1206 qui
2773 1129 3140 1192 infirmitate
3221 1131 3520 1195 detentus
3604 1136 3805 1200 Arca-

715 1234 889 1294 dium
913 1233 1099 1310 juxta
1131 1231 1663 1292 consuetudinem
1686 1229 2004 1289 instituit.

797 1333 949 1405 ιιι
1006 1332 1215 1409 Hujus
1276 1329 1670 1407 temporibus
1733 1328 1957 1388 indict.
2015 1343 2130 1385 vm
2195 1327 2346 1387 luna
2381 1324 2672 1404 eclipsim
2751 1326 3011 1404 pertulit
3067 1344 3271 1390 mens.
3325 1329 3474 1391 Jun.
3536 1331 3644 1395 die
3703 1336 3801 1396 28.

713 1431 1020 1495 Similiter
1083 1437 1143 1492 et
1217 1429 1562 1489 mortalitas
1628 1426 1827 1505 major
1897 1432 2089 1504 atque
2142 1422 2516 1500 gravissima
2591 1422 2935 1484 subsecuta
2998 1430 3095 1485 est
3173 1442 3393 1489 mense
3448 1434 3804 1508 suprascri-

713 1538 865 1608 pto,
934 1526 1151 1598 Julio,
1220 1527 1508 1600 Augusto
1563 1529 1623 1584 et
1679 1521 2031 1598 Septembr.
2087 1520 2404 1581 inurbe-
2439 1521 2678 1590 Roma,
2728 1520 2938 1599 qualis
2997 1538 3114 1584 nec
3182 1525 3577 1604 temporibus
3640 1529 3804 1591 aiio-

713 1647 853 1690 rum
922 1627 1292 1706 pontiticutn
1361 1640 1504 1683 esse
1555 1633 1580 1670 ε
1638 1628 2047 1682 memoratur.
2107 1621 2185 1681 Ut
2246 1620 2436 1682 etiam
2494 1627 2788 1698 parentes
2847 1638 2993 1682 cum
3058 1621 3210 1684 ﬁliis
3244 1668 3261 1696 ,
3316 1631 3509 1704 atque
3576 1628 3804 1694 fratres

627 1730 671 1790 5
711 1736 901 1806 atque
965 1741 1218 1788 sorores
1277 1721 1544 1782 biuatim
1605 1727 1635 1767 λ
1694 1736 1806 1798 per
1861 1717 2060 1780 lectos
2128 1719 2207 1779 ad
2267 1715 2560 1794 sepulcra
2628 1716 3118 1779 deducerentur.
3178 1720 3593 1786 Postmodum
3649 1741 3802 1790 veno

710 1827 882 1888 foras
927 1826 1428 1900 circumquaque
1476 1817 1847 1880 suburbana
1893 1822 1956 1878 et
2002 1822 2201 1876 castra
2249 1814 2580 1875 devastare
2619 1830 2748 1876 non
2789 1815 3061 1877 cessavit
3119 1829 3165 1880 ί.
3211 1817 3338 1891 Qui
3385 1824 3804 1902 suprascripti

715 1925 899 1986 missi
962 1923 1133 1984 sedis
1197 1917 1601 1997 apostolicae,
1670 1915 1784 1995 qui
1851 1914 2072 1976 directi
2129 1910 2423 1986 fuerant,
2484 1914 2574 1976 in-
2621 1914 2859 1992 regiam
2920 1916 3140 1976 urbem
3198 1915 3637 1996 ingredientes
3699 1924 3802 1986 die

714 2029 956 2090 decima
1039 2024 1280 2086 mensis
1348 2019 1724 2082 Novembris
1785 2035 1955 2080 nona
2038 2018 2430 2093 indictione,
2502 2017 2779 2079 Domino
2828 2017 3074 2080 solante
3133 2017 3199 2092 1',
3254 2029 3447 2100 atque
3515 2025 3804 2104 principe

717 2131 1154 2210 apostolorum
1219 2126 1563 2189 comitante
1634 2122 1916 2201 suscepti
1987 2130 2141 2183 sunt
2193 2139 2226 2183 a
2262 2120 2554 2200 principe
2611 2122 2676 2181 in
2740 2122 2997 2183 oraculo
3052 2123 3220 2183 beati
3294 2124 3463 2186 Petri
3523 2130 3800 2206 apostoli

594 2241 672 2302 1ο
714 2240 878 2298 intra
937 2233 1283 2313 palatium,
1347 2231 1748 2309 porrigentes
1810 2227 1872 2290 ei
1931 2229 2169 2306 scripta
2226 2225 2568 2304 pontiﬁcis.
2626 2224 2782 2298 Quae
2841 2226 2992 2287 dum
3051 2228 3440 2304 suscepisset
3512 2247 3802 2294 commo-

714 2335 856 2397 nuit
905 2351 1016 2420 eous
1075 2339 1264 2412 atque
1311 2331 1684 2392 adhortatus
1739 2335 1836 2390 est
1896 2335 1968 2393 ut
2013 2345 2141 2390 non
2194 2345 2305 2406 per
2352 2327 2628 2389 schisma
2680 2333 2790 2387 aut
2834 2326 3114 2388 furorem
3143 2369 3158 2398 ,
3198 2327 3309 2388 sed
3358 2330 3611 2408 paciﬁca
3663 2333 3802 2395 dis.

709 2438 1032 2518 positione
1113 2434 1510 2496 remittentes
1588 2431 2062 2511 philosophicas
2146 2431 2534 2493 assertiones
2606 2447 2824 2507 puram
2897 2438 3259 2492 sanctarum
3331 2431 3798 2512 Scripturarum

716 2542 1100 2616 Petrumque
1161 2541 1225 2596 et
1283 2533 1605 2612 probatam
1665 2531 1854 2592 [idem
1908 2548 2019 2609 per
2072 2527 2408 2610 synodalia
2463 2527 2714 2590 decreta
2773 2527 3232 2590 satisfacerent.
3295 2527 3320 2565 "
3375 2529 3447 2589 Et
3497 2531 3656 2592 dans
3706 2532 3800 2593 in-

711 2641 934 2704 ducias
990 2635 1507 2702 adretractanda
1565 2633 1831 2710 scripta,
1889 2633 2106 2694 tribuit
2173 2631 2265 2693 eis
2327 2630 2542 2692 omnia
2601 2647 2743 2709 quae
2795 2631 2872 2692 ad
2931 2632 3462 2695 sustentationem
3519 2635 3798 2699 suiﬁcie—

591 2749 669 2810 15
713 2747 862 2807 bant
915 2745 982 2804 in
1028 2759 1250 2804 eorum
1305 2756 1618 2818 expensas
1668 2739 1734 2799 in
1787 2738 1980 2798 domo
2031 2753 2174 2817 qua:
2218 2735 2573 2815 appellatur
2624 2735 2930 2807 Placidia,
2983 2735 3088 2824 die
3147 2736 3222 2797 18
3276 2739 3510 2798 mensis
3555 2756 3797 2817 supra-

711 2845 977 2926 scripti,
1036 2845 1140 2906 die
1205 2843 1543 2905 Dominico
1601 2842 1883 2903 advocati
1945 2849 2096 2902 sunt
2165 2841 2228 2901 in
2289 2839 2699 2920 processione
2755 2839 2833 2901 ad
2891 2849 3170 2902 sanctam
3231 2842 3347 2904 Dei
3409 2841 3792 2903 Genitricem

712 2952 780 3012 in
837 2947 1216 3010 Blachernas
1273 2947 1338 3008 in
1399 2954 1568 3008 tanta
1622 2945 2147 3020 honoriﬁcentia,
2201 2953 2273 3008 ut
2333 2946 2520 3006 etiam
2583 2945 2664 3006 de
2717 2945 2948 3024 palatio
3007 2945 3285 3007 caballos
3350 2951 3558 3006 stratos
3615 2942 3796 3004 diri—

711 3059 888 3132 geret
932 3069 1076 3114 cum
1134 3048 1448 3126 obsequio
1500 3048 1706 3127 pictas
1757 3047 2146 3126 imperialis,
2205 3051 2267 3109 et
2313 3047 2404 3109 sic
2453 3065 2562 3110 eos
2616 3047 2993 3125 susciperet.
3037 3049 3123 3110 Ea
3169 3048 3308 3128 ipsa
3359 3062 3800 3121 commoneas,

713 3166 782 3219 ut
813 3157 1073 3236 paciﬁca
1099 3155 1452 3216 assertione
1482 3152 1847 3214 testimonia
1881 3151 2344 3214 venerabilium
2375 3152 2627 3212 Patrum
2667 3158 3121 3230 prOponerent.

805 3259 961 3332 142
1011 3259 1030 3299 ί
1072 3255 1190 3317 Die
1236 3255 1533 3316 vicesima
1567 3252 1847 3316 secunda
1897 3255 2136 3314 mensis
2185 3253 2595 3327 Novembris,
2634 3254 2701 3316 in
2747 3254 3008 3316 basilica
3050 3270 3193 3333 qua:
3228 3254 3481 3317 Trullus
3517 3253 3803 3332 appella-

677 3370 855 3434 -‘tur,
909 3363 1074 3421 intra
1137 3358 1435 3435 palatium
1495 3357 1617 3417 sub
1687 3355 1884 3432 regali
1951 3355 2172 3428 cultu,
2235 3356 2553 3418 residente
2612 3374 2756 3418 cum
2811 3357 3231 3420 Constantino
3298 3362 3460 3436 Aug.
3516 3359 3802 3436 Georgio

705 3462 1063 3550 patriarcha
1109 3459 1878 3540 'ConstantinOpolitano,
1939 3477 2013 3522 ac
2069 3461 2340 3522 Macario
2409 3460 2855 3536 Antiocheno,
2911 3463 3188 3542 suscepti
3240 3469 3392 3523 sunt
3445 3463 3625 3524 missi
3687 3480 3799 3524 se-

710 3571 834 3633 dis
891 3567 1293 3648 apostolica),
1351 3567 1586 3629 deinde
1645 3566 2062 3645 metropolitm
2131 3565 2229 3628 vel
2315 3567 2600 3644 episcopi
2659 3565 3085 3629 Orientalium
3177 3567 3447 3645 partium
3517 3584 3796 3629 numero

628 3673 963 3741 Secutum
1013 3670 1499 3754 quinquaginta.
1553 3669 1679 3742 Qui
1740 3669 1922 3748 proni
1995 3668 2371 3741 adorantes,
2432 3669 2712 3732 residere
2760 3685 2872 3731 eos
2929 3671 3225 3749 praecepit
3290 3689 3414 3732 una
3477 3688 3620 3733 cum
3677 3687 3801 3732 no-

707 3782 879 3842 stris.
946 3780 1095 3840 Post
1153 3775 1286 3838 haec
1343 3774 1636 3854 patricii,
1688 3774 1864 3853 ypati
1923 3789 2276 3852 omnesque
2334 3773 2554 3852 inclyti
2607 3790 2648 3820 ω
2696 3775 3120 3846 introierunt,
3181 3781 3244 3838 et
3305 3775 3517 3838 habita
3578 3777 3801 3854 inqui-

706 3883 942 3946 sitione
1009 3882 1087 3944 ab
1156 3881 1294 3960 ejus
1350 3879 1584 3958 pietate
1634 3889 1698 3952 ιι,
1762 3877 1945 3956 cujus
1993 3878 2191 3957 partis
2255 3877 2514 3939 deberet
2580 3879 2868 3940 ostensio
2926 3880 3284 3959 approbari.
3346 3879 3561 3957 Legati
3617 3880 3798 3941 sedis

668 3965 1070 4066 apostolica)
1125 3983 1422 4045 dixerunt
1476 4001 1491 4039 :
1548 3982 1918 4060 Opportuna
1978 3981 2210 4042 veritas
2261 3986 2322 4042 et
2383 3981 2539 4041 ratio
2599 3981 2835 4058 exigit,
2889 3987 2955 4043 ut
3003 4000 3038 4044 a
3094 3990 3267 4060 parte
3320 3992 3346 4021 °
3399 4001 3620 4046 eorum
3677 3985 3798 4066 qui

707 4107 900 4158 unam
963 4089 1352 4150 voluntatem
1415 4092 1476 4148 et
1540 4084 1974 4163 operationem
2039 4083 2107 4146 in
2176 4083 2452 4146 Domino
2521 4085 2675 4146 Jesu
2730 4084 2983 4146 Christo
3039 4093 3372 4160 asserunt,
3431 4089 3798 4166 apostolica

591 4196 668 4257 10
706 4194 879 4258 sedis
926 4208 1246 4272 exponere
1298 4203 1347 4248 ι’.
1410 4189 1535 4261 Qui
1588 4188 1924 4251 audientes
1974 4187 2102 4248 laeti
2161 4189 2368 4251 etl‘ecti
2427 4197 2676 4267 paratos
2728 4206 2799 4251 se
2852 4207 2994 4252 esse
3044 4191 3369 4254 dixerunt.
3417 4192 3498 4252 Et
3542 4199 3796 4270 accepta

705 4294 961 4356 licentia
1014 4311 1087 4355 ea
1139 4292 1293 4353 hora
1349 4308 1503 4352 suos
1562 4291 2052 4352 intromiserunt
2103 4290 2334 4364 libros,
2392 4298 2453 4353 et
2515 4299 2722 4354 tomos
2783 4293 3107 4367 diversos,
3171 4301 3232 4356 et
3287 4295 3575 4374 synodos
3632 4311 3796 4375 quas

708 4391 1110 4454 falsaverant.
1159 4390 1313 4452 Nam
1362 4404 1490 4450 non
1544 4405 1658 4469 per
1708 4389 2032 4462 veritatem
2099 4405 2168 4452 se
2225 4407 2528 4470 superare
2590 4392 2956 4456 nitebantur
3008 4404 3062 4467 τι,
3110 4395 3226 4456 sed
3284 4403 3305 4432 τ
3367 4411 3482 4472 per
3537 4394 3800 4458 menda-

716 4495 812 4558 cia
865 4503 927 4556 et
982 4494 1232 4558 diversa
1279 4500 1634 4556 commenta
1684 4510 1827 4574 quas
1884 4495 1952 4555 in
2008 4494 2190 4556 libris
2245 4497 2380 4558 suis
2441 4495 2566 4576 ipsi
2616 4511 2639 4538 ³
2699 4497 3117 4573 addiderant,
3167 4505 3230 4560 et
3272 4499 3634 4576 relegentes
3687 4514 3797 4576 per

715 4597 1008 4675 singula,
1073 4597 1307 4677 reperti
1383 4603 1533 4658 sunt
1601 4595 1984 4671 mendaces,
2059 4616 2249 4660 unam
2308 4599 2745 4677 operationem
2813 4606 2878 4661 et
2935 4601 3326 4664 voluntatem
3394 4604 3412 4639 ί
3473 4600 3793 4669 dicentes;

593 4702 674 4766 15
710 4705 776 4760 et
827 4698 894 4759 in
951 4695 1174 4776 quinta
1231 4695 1480 4775 synodo
1547 4696 1882 4776 epistolam
1946 4697 2167 4774 Vigilii
2236 4715 2414 4776 papae
2465 4699 2544 4759 ad
2597 4699 2896 4760 Mennam
2955 4699 3416 4777 patriarcham,
3469 4707 3666 4778 atque
3724 4697 3796 4758 Ιί-

707 4799 950 4866 bellum
1025 4801 1310 4881 ejusdem
1379 4801 1629 4864 Menum
1705 4801 1775 4863 in
1844 4801 2382 4881 quaternionibus
2448 4801 2701 4864 noviter
2756 4802 3038 4875 additis,
3091 4800 3528 4875 falsaverunt,
3599 4817 3791 4862 unam

706 4898 1097 4962 voluntatem
1165 4904 1228 4960 et
1287 4899 1724 4978 Operationem
1792 4898 2123 4973 dicentes,
2186 4898 2362 4978 quod
2438 4915 2650 4962 coram
2717 4899 3008 4979 principe
3075 4912 3138 4962 et
3209 4901 3462 4981 synodo
3539 4899 3788 4962 claruit.

704 5001 849 5066 Alia
891 5002 996 5065 die
1050 5000 1373 5064 catholicae
1421 5002 1570 5064 fidei
1617 5002 1917 5066 defensor
1969 5002 2115 5082 pius
2179 5003 2480 5084 princeps
2534 5003 2600 5066 in
2649 5004 3003 5068 secretario
3057 5003 3346 5067 residens
3392 5024 3447 5080 ιι,
3513 5004 3792 5088 inquisi-

705 5107 886 5170 tione
940 5107 1021 5168 de
1074 5105 1236 5185 ipsis
1294 5105 1629 5168 codicibus
1680 5105 1883 5179 facta,
1937 5105 2024 5168 ita
2065 5107 2299 5186 reperit
2351 5106 2511 5170 falsa
2559 5108 2810 5170 naviter
2858 5107 3072 5170 addita
3124 5105 3350 5170 fuisse.

1627 5247 1892 5291 κοπιῶ
1928 5247 2325 5292 κηθιωηε
2363 5247 2673 5292 ιοηιιοπι

649 5345 842 5420 [Vide
886 5349 1064 5404 Barca
1085 5350 1156 5404 ad
1176 5365 1280 5420 ann
1313 5347 1523 5404 Domini
1553 5349 1678 5420 580.
1787 5349 1817 5388 δ
1841 5347 2047 5420 Direxit
2095 5350 2295 5420 itaque.
2395 5363 2418 5391 ο
2449 5349 2768 5419 Regianum.
2853 5350 2880 5390 ά
2912 5347 3209 5420 episcopos.
3307 5359 3349 5420 7°
3377 5346 3784 5405 subdiacanm

553 5417 575 5459 ί
629 5418 852 5490 diaetas
889 5428 992 5490 est.
1107 5419 1370 5490 Birtuisse.
1483 5422 1533 5459 δ’
1570 5419 1704 5490 bini.
1749 5488 1758 5490 _
1823 5420 1865 5459 ί·
1905 5417 2028 5474 Pari
2056 5417 2217 5490 etiam
2266 5423 2422 5490 modo
2477 5417 2620 5476 foras
2669 5423 2813 5477 circa
2862 5417 3465 5490 qtu'eque'subnrbana,
3493 5426 3563 5490 9t
3612 5427 3789 5490 castra

548 5489 736 5542 eadem
767 5489 1066 5542 mortalitas
1113 5487 1304 5543 diﬂ‘usa
1354 5497 1456 5544 est.
1564 5488 1580 5539 i
1617 5486 1658 5542 C
1683 5488 1986 5542 solatiante.
2091 5489 2114 5527 II
2151 5487 2278 5544 Vide
2321 5489 2498 5544 Baron
2525 5491 2593 5544 ad
2621 5507 2727 5544 arm
2755 5485 2965 5544 Dom—ini
3003 5485 3136 5544 ⁷680.
3250 5486 3270 5526 ι
3336 5487 3461 5542 Vide
3484 5485 3668 5541 Baro.
3710 5486 3788 5538 loc

547 5574 709 5630 supra
761 5559 850 5613 cit.
915 5563 978 5589 ι’
1024 5558 1233 5629 patricii
1277 5559 1533 5630 quinque,
1558 5571 1852 5630 omnesque
1881 5556 2074 5630 incliti
2114 5574 2258 5630 cum
2307 5559 2458 5630 omni
2515 5559 2786 5615 sinditico.
2818 5629 2824 5630 ί
2863 5569 2890 5597 ιι
2919 5559 2979 5630 C_,
3008 5569 3176 5630 parte.
3235 5560 3303 5630 f‘
3337 5567 3544 5626 aperte.
3614 5557 3668 5630 r‘
3699 5571 3789 5608 an-

547 5628 774 5746 cttliritas
819 5626 1136 5698 exponetur.
1205 5628 1706 5684 q‘extimaverunt-
1765 5626 1817 5666 1‘
1840 5626 1964 5682 nisi.
2042 5627 2266 5684 "libris
2305 5628 2454 5698 ipsis.
2529 5631 2573 5666 ί*
2597 5631 2652 5684 in
2679 5629 2902 5685 Domino
2945 5626 3073 5685 Jesu
3120 5627 3339 5683 Christo
3358 5642 3498 5684 esse.
3578 5628 3628 5666 I‘
3659 5638 3789 5695 pra-

549 5710 614 5746 Blt
632 5710 747 5746 ens.

549 5710 747 5749 atdans.
