4028 6314
196 398 299 453 δυο
964 401 1280 479 ηεξτοιυει
1322 403 1407 460 DE
1444 376 1616 460 mis
1655 406 1787 462 acii

1889 384 2059 464 'oxr’.
2097 441 2165 449 ——
2203 382 2281 465 s.’
2300 409 2593 468 aeneo.
2998 480 3003 485 ,
3309 416 3422 477 sic
3464 376 3480 421 Ἦ

486 522 600 596 5,3
640 515 751 575 Die
819 516 886 574 12
946 517 1183 577 mensis
1238 516 1605 597 Decembris
1656 533 1688 565 ι
1746 522 2065 585 residi-nte
2118 524 2365 603 synodo
2423 542 2567 599 cum
2644 525 2782 602 ejus
2846 502 3072 603 pietate
3138 498 3422 609 suscepti

356 628 513 681 sunt
571 615 749 677 missi
806 614 977 674 sedis
1033 616 1429 693 apostolica,
1489 623 1549 677 et
1596 614 1889 697 pracepit
1949 639 2059 682 eos
2119 621 2184 682 in
2238 621 2481 700 synodo
2530 623 2557 660 ι’
2604 620 2905 684 residere.
2964 612 3417 707 Praseutuntes

362 722 571 779 locum
638 712 1024 776 sanctissimi
1096 730 1167 774 ac
1228 713 1578 776 beatissimi
1649 716 1993 791 Agathonis
2067 733 2260 795 j‘iapa.
2317 714 2566 789 Quibus
2620 717 2858 797 dictum
2920 728 3014 803 est
3071 729 3139 782 ut
3195 738 3419 785 omnes

358 817 558 880 libros
610 832 774 896 quos
837 813 1073 877 scirent
1128 816 1208 877 ad
1254 834 1506 878 causam
1557 818 1702 880 ﬁdei
1766 820 2127 896 pertinere,
2187 837 2395 883 coram
2462 820 2706 899 synodo
2766 821 3191 897 adducerent,
3247 829 3417 906 quOd

270 923 313 983 ὅ
360 929 421 983 et
487 920 721 982 factum
771 925 915 980 ‘est.
985 916 1061 978 Et
1128 926 1349 980 vocato
1407 920 1679 998 Georgio
1742 922 2010 984 diacono
2074 929 2139 985 et
2211 924 2692 1003 chartOphylace
2755 923 3051 1003 Ecclesia
3103 924 3421 995 Constan—

288 1044 297 1055 ·
358 1021 838 1101 tinopolitaua,
899 1028 1275 1100 praceptum
1335 1030 1430 1084 est
1493 1025 1551 1085 ei
1612 1031 1682 1085 ut
1737 1024 1917 1103 juxta
1973 1043 2192 1088 eorum
2255 1027 2541 1089 notitiam
2596 1025 2846 1089 codices
2900 1043 2975 1089 ex
3037 1028 3419 1094 bibliotheca

358 1125 657 1189 Ecclesia
710 1124 786 1185 ad
840 1124 1118 1186 med‘um
1172 1125 1563 1199 deduceret,
1623 1135 1684 1190 et
1735 1128 1890 1190 dum
1942 1128 2196 1191 adducti
2247 1138 2463 1193 essent
2513 1136 2574 1193 et
2632 1129 3102 1209 relegerentur,
3169 1133 3419 1211 utrique

354 1221 603 1281 similes
659 1221 890 1296 reperti
960 1228 984 1259 ο
1048 1227 1243 1291 sunt,
1302 1222 1463 1283 duas
1521 1230 1774 1285 naturas
1839 1224 2128 1305 duasque
2186 1226 2540 1291 voluntates
2599 1233 2660 1290 et
2714 1229 3117 1306 operationes
3166 1230 3229 1292 in
3272 1234 3420 1301 ,Do-

359 1323 537 1384 mino
592 1322 746 1383 Iesu
809 1320 1058 1383 Christo
1121 1322 1446 1385 habentes.
1511 1326 1588 1385 Et
1644 1325 1950 1388 confusus
2007 1327 2319 1390 Macarius
2380 1346 2586 1391 coram
2656 1329 2902 1406 synodo
2964 1332 3263 1407 inventus
3322 1346 3420 1398 est

182 1432 317 1491 '10
357 1428 649 1489 mendax.
737 1427 937 1487 Tunc.
995 1425 1324 1487 interdixit
1403 1429 1598 1506 pietas
1670 1431 2038 1508 Augustalis
2114 1433 2388 1510 Georgio
2464 1433 2829 1511 patriarcha
2898 1441 2967 1497 ut
3027 1437 3290 1500 minime
3350 1440 3415 1499 in

358 1530 634 1592 Ecclesia
696 1524 810 1591 sua
855 1529 1207 1607 susciperet
1278 1531 1620 1594 Nuceriam
1692 1534 1785 1593 vel
1859 1535 1996 1614 ejus
2058 1534 2389 1608 homines,
2446 1537 2831 1600 interdicens
2894 1539 2952 1601 ei
3022 1556 3413 1618 processum.

356 1632 503 1695 Hac
555 1632 754 1712 prima
807 1635 945 1710 ejus
997 1632 1179 1695 ruina
1224 1633 1377 1708 fuit,
1425 1634 1531 1696 die
1584 1636 1657 1695 13
1699 1636 1724 1675 θ
1771 1637 2012 1699 mensis
2044 1638 2408 1709 Februarii,
2450 1640 2796 1702 auxiliante
2836 1641 3016 1703 beato
3047 1644 3230 1705 Petro
3257 1662 3417 1722 apo-

354 1732 559 1802 Stolo,
618 1738 686 1793 ut
744 1732 1023 1794 veritatis
1083 1726 1299 1793 ldmen
1353 1743 1712 1811 appareret,
1769 1734 2132 1797 intromissa
2181 1744 2330 1797 sunt
2381 1753 2589 1798 coram
2644 1738 2894 1816 synodo
2956 1732 3414 1803 venerabi'lium

354 1837 605 1897 Patrum
690 1838 854 1900 dicta
934 1838 1200 1900 Joannis
1279 1839 2002 1919 ConstantinOpolitani,
2098 1841 2359 1921 Cyrilli,
2456 1842 2825 1912 Athanasii,
2916 1842 3172 1914 Basilii,
3256 1846 3417 1907 Gre-

222 1941 310 2001 15
356 1938 564 2016 gorii,
660 1943 995 2020 Dionysii,
1082 1943 1356 2017 Hilarii,
1441 1945 1806 2019 Ambrosii,
1896 1946 2239 2025 Augustini
2328 1953 2387 2008 et
2487 1946 2754 2018 Leonis,
2852 1946 3011 2008 duas
3095 1945 3414 2007 naturales

359 2038 718 2110 voluntates
798 2061 820 2087 ε
886 2054 944 2108 et
1001 2048 1418 2133 qopcqrationes
1498 2050 1566 2110 in
1641 2049 1932 2123 Christo,
1997 2050 2344 2111 dicentium
2414 2049 2491 2110 ad
2564 2048 3053 2112 satisfactionem
3112 2048 3415 2127 principis

330 2149 741 2229 'velsynodL

436 2244 592 2317 164
660 2245 959 2327 Sequenti
1031 2245 1137 2307 die
1196 2246 1259 2306 in
1324 2246 1546 2310 eodem
1616 2248 1961 2310 secretario
2029 2248 2348 2310 residente
2407 2248 2651 2325 synodo
2710 2266 2835 2310 una
2898 2267 3059 2310 cum
3105 2266 3412 2328 principe,

353 2350 657 2429 synodica
707 2350 1090 2411 sanctissimi
1152 2351 1503 2427 Agathonis
1559 2368 1730 2430 papa
1787 2351 2014 2414 relecta
2077 2359 2215 2423 est,
2271 2357 2332 2412 et
2396 2351 2472 2411 ad
2528 2349 2777 2427 singula
2835 2352 3238 2431 comprobata
3303 2354 3415 2412 Pa-

357 2458 522 2521 taum
586 2454 752 2517 dicta
816 2456 1054 2517 inserta
1109 2454 1175 2531 ',
1228 2456 1294 2518 in
1355 2476 1479 2537 qua
1544 2458 1846 2536 synodica
1912 2458 2191 2535 episcOpi
2261 2456 2685 2519 Occidentalis
2753 2459 2944 2534 partis
3022 2459 3416 2536 mbscripse-

354 2565 502 2619 runt
562 2574 828 2620 numero
886 2566 1140 2621 centum
1196 2560 1419 2638 viginti
1471 2561 1759 2638 quinque
1810 2566 1859 2617 σ.
1919 2558 2207 2637 Cumque
2266 2566 2405 2637 post
2465 2557 3029 2622 hacadhortalus
3093 2570 3229 2632 est,
3298 2576 3416 2623 nec

261 2660 310 2719 5
353 2658 659 2722 dicendus
707 2660 1017 2721 Macarius
1060 2679 1094 2722 a
1132 2668 1344 2723 s‘ancta
1386 2662 1666 2739 synodo,
1719 2660 1813 2722 vel
1857 2678 1890 2721 a
1951 2661 2058 2739 pio
2104 2659 2425 2740 principe,
2478 2660 2783 2740 omnique
2826 2668 3049 2723 senatu
3077 2706 3093 2734 ,
3152 2669 3225 2724 ut
3272 2680 3414 2741 pro-

350 2756 639 2818 ﬁteretur
701 2774 890 2819 unam
960 2764 1070 2819 aut
1140 2758 1296 2819 duas
1372 2754 1654 2820 confiteri
1732 2757 2087 2819 voluntates
2152 2755 2246 2816 vel
2322 2755 2766 2834 operationes,
2847 2756 2959 2835 qui
3047 2757 3413 2821 nullatenus

350 2859 632 2931 audivit,
695 2863 805 2923 sed
854 2855 1077 2940 'rotius
1125 2878 1334 2941 neque
1387 2879 1578 2923 unam
1628 2879 1836 2942 neque
1895 2862 2053 2922 duas
2103 2860 2169 2921 in
2223 2859 2542 2921 Salvatore
2592 2858 2806 2922 dicere
2852 2860 3077 2923 voluit.
3108 2872 3136 2912 ιι
3169 2860 3414 2923 Deinde

347 2961 613 3038 protulit
688 2963 1015 3041 piissimus
1089 2970 1150 3025 et
1229 2964 1676 3029 serenissimus
1748 2963 2041 3043 princeps
2115 2969 2354 3023 tomum
2415 2963 2491 3023 ad
2574 2961 3028 3040 relegandum,
3090 2964 3413 3044 in-quem

356 3078 586 3126 vanum
659 3066 1022 3129 hareticum
1080 3067 1303 3145 dogma
1361 3068 1616 3130 Macarii
1674 3074 1804 3129 erat
1854 3066 2322 3144 conscriptum,
2384 3072 2443 3126 et
2504 3064 2644 3144 ejus
2700 3082 2892 3127 manu
2955 3066 3409 3143 subscriptum.

216 3169 308 3228 10
347 3168 747 3246 apertissime
819 3187 1005 3232 unam
1084 3171 1470 3232 voluntatem
1535 3170 1601 3230 in
1668 3169 1941 3249 Domino
2007 3168 2397 3233 aﬂirmantis.
2463 3168 2593 3229 Sub
2662 3168 2867 3246 ipsius
2932 3169 3281 3249 scriptione
3320 3175 3413 3230 Aet

349 3265 669 3330 Theodori
716 3268 1201 3347 expatriarcha,
1258 3269 1480 3348 utique
1520 3267 1704 3346 juxta
1753 3284 1898 3329 eum
1948 3274 2232 3329 tenorem
2274 3264 2360 3326 ibi
2398 3263 2781 3341 subscriptio
2831 3271 2962 3326 erat
3006 3275 3051 3323 ἰ.
3096 3265 3383 3345 ﬂjnter

352 3374 610 3442 rogatus
675 3367 987 3446 Georgius
1053 3366 1444 3446 patriarcha,
1508 3367 1562 3427 si
1625 3382 1762 3427 eam
1823 3364 2008 3427 fidem
2072 3380 2261 3443 quam
2325 3362 2506 3425 docet
2568 3363 2753 3425 sedes
2815 3362 3206 3439 apostolica,
3272 3381 3415 3429 am-

345 3461 644 3540 plectitur
703 3462 719 3513 ἱ
765 3466 946 3543 juxta
993 3463 1366 3541 scripturam
1422 3461 1766 3525 venerandi
1814 3460 2161 3538 Agathonis
2204 3476 2418 3538 papa,
2475 3475 2594 3520 seu
2644 3465 3005 3522 sanctorum
3046 3476 3150 3535 ac
3224 3476 3415 3523 vene-

322 3557 650 3620 -rabilium
717 3562 966 3623 Patrum
1003 3605 1018 3632 ,
1083 3560 1197 3638 qui
1266 3557 1594 3637 respondit
1671 3557 1883 3636 quod,
1943 3561 2196 3633 accepta
2254 3554 2547 3626 licentia,
2607 3554 2671 3615 in
2740 3554 3083 3637 scriptione
3144 3563 3213 3626 ιι,
3270 3572 3414 3639 qua

213 3657 304 3718 15
344 3663 701 3733 opportuna
757 3665 965 3731 erant,
1019 3658 1451 3736 responderet.
1508 3659 1583 3717 Et
1636 3658 1703 3718 in
1753 3655 1854 3716 his
1904 3655 2271 3717 recedentes
2319 3653 2423 3715 die
2470 3656 2546 3715 17
2594 3654 2834 3725 mensis
2881 3653 3249 3737 Februarii,
3280 3654 3412 3747 idie

346 3751 723 3824 Dominico,
780 3754 940 3815 intra
993 3754 1318 3816 oraculum
1373 3754 1572 3816 sancti
1621 3747 1788 3816 Petri
1841 3752 2002 3813 intra
2057 3750 2357 3829 palatium
2413 3748 3142 3837 astante,1sincleto,-,
3187 3753 3412 3837 simpl-

344 3864 487 3935 que.
538 3856 598 3911 et
654 3851 1042 3926 patriarcha,
1099 3852 1341 3932 legatos
1397 3851 1570 3915 sedis
1626 3850 1987 3929 apostolica
2050 3847 2329 3927 suscepit
2378 3859 2446 3920 ιι,
2504 3848 2793 3939 relegens
2851 3861 2877 3888 ο
2939 3834 3408 3941 suggestionem

343 3941 533 4004 aliam
594 3962 708 4022 pro
769 3962 988 4008 eorum
1054 3947 1602 4013 commendatione
1664 3956 1694 3995 ν
1751 3962 1789 4009 a
1844 3943 2244 4007 sanctissimo
2310 3961 2464 4023 papa
2528 3943 2853 4005 directam.
2912 3938 3036 4017 Qui
3098 3938 3410 4029 Georgius

344 4043 785 4104 sanctissimus
842 4043 1185 4124 patriarcha
1234 4041 1559 4125 professus
1613 4048 1707 4127 est
1757 4059 1843 4105 eo.
1880 4041 1984 4102 die
2031 4041 2096 4101 in
2150 4039 2401 4119 scriptis
2450 4039 2606 4101 duas
2656 4046 2912 4101 naturas
2963 4040 3411 4127 duasque'vo-

219 4141 627 4209 201untates
690 4150 749 4205 et
817 4144 1218 4221 operationes
1278 4143 1342 4205 in
1396 4141 1674 4204 Domino
1733 4141 1888 4203 Jesu
1952 4139 2200 4201 Christo
2257 4156 2326 4200 se
2379 4138 2633 4200 credere
2682 4134 2755 4199 ‘et
2810 4128 3189 4217 pradicare,
3249 4126 3411 4219 sicut

339 4243 530 4306 sedes
609 4243 951 4321 apostolica
1029 4243 1278 4315 credit,
1351 4239 1887 4304 anathematizans
1967 4254 2077 4300 eos
2160 4237 2269 4316 qui
2357 4254 2545 4297 unam
2621 4243 2946 4311 naturam,
3008 4228 3433 4303 voluntatem

344 4353 406 4407 et
458 4342 889 4422 operationem
945 4343 1009 4403 in
1070 4341 1343 4403 Domino
1396 4341 1547 4401 Jesu
1611 4336 1862 4399 Christo
1921 4335 2160 4396 dicunt.
2468 4414 2475 4417 ᾗ
2618 4348 2625 4351 '
2846 4408 2853 4413 _
2979 4329 2987 4358 ⁵
3086 4360 3089 4363 ·
3308 4346 3313 4351 “

425 4444 580 4519 145
624 4442 738 4501 Die
798 4440 1095 4501 vicesima
1157 4439 1383 4518 quinta
1440 4436 1680 4498 mensis
1738 4432 2113 4501 Februarii,
2180 4432 2497 4493 residente
2574 4432 2823 4510 synodo
2897 4450 3015 4495 una
3062 4424 3239 4496 lcum
3302 4439 3411 4516 pio

324 4540 629 4621 principe
695 4539 1017 4620 simulque
1081 4536 1432 4617 et‘legatis
1495 4536 1668 4597 sedis
1737 4530 2557 4619 apostolica,7Macarium
2629 4531 2850 4593 adesse
2904 4531 3260 4611 jusserunt.
3336 4540 3412 4600 Et

341 4642 485 4703 data
535 4657 569 4700 a
628 4638 912 4717 principe
974 4635 1226 4697 licentia
1289 4642 1354 4696 ut
1411 4651 1483 4696 se
1532 4636 1782 4712 partes,
1827 4631 1974 4711 quis
2028 4628 2097 4690 in
2144 4645 2304 4707 quas
2357 4628 2547 4691 vellet
2572 4642 2624 4699 ιι,
2684 4628 3034 4703 divideret,
3096 4630 3410 4713 Georgius

342 4734 689 4817 patriarcha
786 4732 972 4811 regia
1052 4730 1322 4793 civitatis
1398 4747 1541 4790 cum
1630 4729 1767 4788 suis
1847 4726 1913 4785 in
2001 4722 2210 4802 partes
2283 4722 2709 4785 orthodoxam
2791 4727 3014 4802 stetit;
3094 4732 3408 4793 Macarius

255 4839 298 4898 5
343 4851 490 4897 vero
566 4849 707 4895 cum
780 4828 915 4892 suis
967 4828 1029 4889 in
1094 4832 1263 4905 parte
1304 4824 1425 4887 alia
1485 4824 1949 4887 haereticorum.
1998 4822 2075 4881 Et
2132 4819 2518 4882 deducentes
2571 4821 2648 4882 ad
2704 4824 2984 4885 medium
3056 4826 3411 4902 professio-

343 4949 490 4995 nem
562 4927 815 5006 Georgii
894 4924 1297 5007 patriarcha,
1366 4936 1554 5001 quam
1616 4920 1888 4989 fecerat,
1957 4923 2238 4995 porrecta
2296 4922 2394 4976 est
2444 4927 2465 4955 ι
2534 4918 2825 4997 principi
2864 4927 2931 4982 et
2997 4922 3224 4985 retecta
3285 4935 3403 4988 est.

341 5033 418 5092 Et
469 5026 894 5092 commonitus
965 5022 1433 5103 suprascriptus
1511 5019 1823 5081 Macarius
1910 5016 2064 5097 quid
2136 5018 2404 5078 sentiret
2476 5019 2572 5079 vel
2658 5020 2992 5096 crederet,
3042 5026 3405 5105 respondit

342 5144 413 5188 se
468 5128 535 5187 in
595 5144 662 5187 ea
708 5135 729 5162 '
782 5120 1049 5198 perﬁdia
1103 5135 1293 5198 quam
1349 5120 1512 5179 ante
1554 5121 2004 5194 proposuerat,
2064 5113 2455 5191 perdurare,-
2490 5121 2552 5176 et
2604 5115 2978 5180 nullatenus
3034 5121 3405 5186 orthodoxa

1248 5257 1510 5300 NOTULE
1552 5253 1952 5299 MARGINALES
2004 5251 2313 5296 FABlIO’I'ﬂ
2324 5275 2336 5292 ο

251 5380 277 5407 ι
306 5365 369 5420 C.
396 5363 680 5418 Novembr.
757 5361 785 5400 ιι
812 5363 830 5381 ⁶
861 5360 1113 5426 synodus.
1192 5368 1213 5395 ο
1246 5359 1263 5376 ⁶
1295 5357 1561 5412 verissimi
1593 5355 1811 5426 reperti.
1882 5354 1911 5394 ά
1940 5357 1958 5376 θ
1988 5354 2073 5410 Η.
2175 5365 2201 5393 ο
2230 5356 2246 5374 ⁸
2270 5353 2405 5410 duas
2427 5364 2647 5411 naturas
2676 5366 2730 5411 et
2755 5358 3073 5414 voluntates.
3153 5361 3173 5399 ί
3200 5363 3216 5383 ⁸
3240 5360 3403 5417 dictis

168 5435 418 5492 insertis.
496 5435 524 5473 ε
551 5430 591 5487 0
616 5430 737 5484 120.
810 5431 837 5470 h
880 5420 1002 5499 Vide
1036 5427 1211 5497 Burou
1255 5427 1321 5479 ad
1345 5444 1448 5499 ann
1474 5420 1679 5499 Domini
1701 5427 1824 5480 68L
1889 5427 1935 5499 _i
1961 5427 1977 5499 ζ
2003 5426 2057 5479 in
2079 5436 2185 5494 (luo
2234 5426 2636 5499 una‘voluntas,
2665 5435 2720 5499 et
2749 5426 2996 5499 haretiea
3020 5429 3271 5499 damnata
3286 5430 3402 5484 Μω-

168 5504 314 5561 carii
341 5511 500 5557 erant
525 5500 847 5568 conscripta,
877 5507 930 5553 et
957 5493 1075 5568 ejus
1099 5511 1256 5568 manu
1287 5494 1706 5568 subscripta,_'ct
1732 5493 2071 5568 apertissime
2091 5493 2269 5568 Junam
2321 5493 2752 5568 voluntatemjn
2803 5496 3024 5568 Domino
3063 5493 3400 5568 alumnus.

165 5574 309 5629 Post
357 5572 539 5641 ipsius,
569 5561 1038 5641 subscriptionem,
1086 5576 1139 5641 et
1176 5561 1513 5641 :l‘heodori."
1561 5561 1575 5613 i
1603 5565 1626 5584 ‘
1655 5561 2067 5641 amplecteretur
2084 5564 2234 5631 juxta
2257 5563 2479 5641 scripta.
2542 5564 2586 5641 _k
2619 5567 2636 5589 ’
2668 5562 2722 5641 in
2749 5566 3014 5641 scripto._
3071 5564 3087 5602 ι
3120 5568 3135 5585 ⁸
3167 5572 3408 5641 astantes

165 5624 451 5711 Magnis
491 5624 649 5693 simul
677 5649 730 5691 et
757 5624 1067 5691 I‘atriarclia
1108 5624 1332 5711 lagatos.
1403 5645 1443 5672 ω
1474 5639 1488 5653 '
1507 5624 1765 5711 syncello'.
1837 5642 1865 5669 ιι
1895 5634 1912 5652 ⁹
1935 5624 2303 5711 susceperunt.
2370 5624 2408 5711 '_°
2440 5633 2456 5650 '
2482 5631 2798 5701 relegentes.
2859 5624 2903 5681 ἰι
2931 5636 2946 5652 ⁸
2976 5632 3040 5687 Β.
3083 5636 3407 5691 condemna-

168 5698 346 5766 ιίοῆε.
376 5698 379 5699 ν
418 5721 445 5758 ει
477 5712 492 5730 ⁸
529 5711 581 5763 in
603 5719 808 5778 partem
857 5722 1013 5776 quam
1045 5698 1185 5772 quis'
1202 5703 1377 5755 vellet.
1459 5711 1480 5738 τ
1507 5698 1595 5753 “et
1644 5711 2015 5770 porrexerunt.
2091 5698 2112 5737 ί
2149 5703 2160 5719 ⁸
2191 5701 2243 5753 in
2295 5698 2479 5752 eadem

539 5799 806 5858 Pauor.
864 5796 1204 5856 CXXVII}.

2932 5793 3011 5856 26
