4028 6314
631 322 739 378 867
1781 321 2142 382 ANASTASH
2177 319 2720 390 BIBLIOTHECARII
2895 331 2898 334 ’
3811 325 3910 380 εει

630 433 1108 514 servandasjnter
1133 431 1438 514 ilomanum
1470 445 1776 514 ροιιιιιιςειιι
1795 477 1810 499 ,
1842 448 1907 514 ει.
1927 436 2208 514 [ὶςινεςιιιιετ
2239 419 2287 472 Α
2316 435 2515 490 certior
2538 434 2835 514 factustuit
2855 435 2922 514 de
2950 433 3482 514 pomitlcio
3514 433 3572 490 id
3605 434 3726 514 _aib_i_

635 514 740 556 lem
773 503 1088 556 antistitem.
1119 503 1372 572 Agnellus
1395 503 1538 558 enim
1573 506 1773 558 nullmu
1797 507 2020 561 verbum
2052 504 2212 557 liabet
2317 514 2528 557 menter
2561 504 2828 572 placuisse
2853 504 3064 558 abunde
3093 511 3322 558 testatus
3345 514 3429 558 est
3451 505 3504 558 in
3531 505 3650 558 suis
3683 504 3914 568 nucis,

630 573 698 642 t_le
741 572 1082 641 imperatoris
1117 573 1394 642 iussione;
1444 576 1549 628 imo
1596 577 1788 630 asserit
1825 574 1940 628 loco
1971 575 2208 636 laudato,
2316 589 2451 642 quas
2481 573 3080 642 appellabantdivalcs.
3106 584 3166 626 ut
3193 575 3329 626 bene
3361 573 3576 629 [iubens
3603 589 3740 627 mox
3785 575 3916 626 cita

631 637 972 695 Theodorum
1020 637 1268 696 simulato
1322 643 1516 700 animo.
1569 655 1622 698 et
1677 657 1882 698 secreta
1941 644 2208 696 foventem
2319 637 2402 696 t'us
2430 637 2683 696 observat
2713 643 2765 695 in
2797 641 2938 696 Hist.
2982 641 3209 696 liaeerm.
3244 645 3311 695 ad
3351 658 3547 695 annum
3575 644 3716 706 695,
3755 658 3914 710 quem

632 710 853 782 collsilia
904 727 1024 764 CIII“
1073 711 1316 765 Rornauo
1363 714 1645 781 pontiﬁce,
1679 732 1706 766 a
1743 713 2035 766 Ravennati
2065 713 2211 765 clero
2318 713 2459 782 vide.
2497 711 2622 782 Vide
2648 713 2802 764 etiam
2825 713 3234 782 eruditissimum
3255 711 3592 782 Bacchinium
3613 712 3677 765 in
3703 713 3917 782 Αςαέιᾶ

632 777 859 834 Romam
918 783 1228 836 discessisse
1279 800 1292 835 :
1348 777 1402 837 ἐι
1463 792 1723 852 puniet-ea
1783 784 2075 852 imperator
2119 783 2210 836 ubi
2318 779 2639 848 Pontiﬁcali,
2667 797 2790 850 pag.
2824 780 2943 844 H9,
2972 783 3097 833 edit.
3131 779 3553 835 Mediolaneusia.

625 955 3896 986 Mm

1354 1095 1776 1173 LXXXIII.
1837 1090 2294 1170 SANCTUS
2355 1087 3002 1167 BENEDICTUS
3065 1087 3141 1166 II

1605 1283 1768 1328 anno
1807 1283 2054 1328 conisu
2097 1265 2239 1337 68's,
2283 1281 2501 1326 cons'r.
2547 1281 2778 1352 moon.
2830 1266 2925 1338 17.

872 1585 1026 1654 151
1098 1579 1530 1653 Benedictus,
1611 1578 1872 1640 natione
1951 1561 2331 1646 Romanus,
2417 1591 2496 1638 ex
2577 1580 2751 1652 patre
2832 1575 3118 1649 Joanne,
3193 1574 3360 1640 sedit
3447 1593 3718 1641 menses
3795 1580 3907 1644 de-

790 1707 928 1750 cem
993 1709 1064 1760 ι,
1122 1686 1260 1748 dies
1323 1683 1683 1745 duodecim.
1766 1682 1885 1741 Hic
1956 1682 2035 1741 ab
2119 1680 2388 1741 ineunte
2464 1686 2649 1741 aetate
2736 1695 2854 1740 sua
2926 1679 3226 1740 Ecclesia:
3287 1679 3643 1752 militavit,
3712 1691 3903 1760 atque

785 1808 857 1851 se
908 1789 999 1850 sic
1050 1788 1115 1848 in
1164 1785 1404 1847 divinis
1447 1781 1788 1863 scripturis
1845 1789 1906 1848 et
1962 1782 2278 1844 cantilena
2327 1800 2362 1845 a
2411 1782 2644 1860 puerili
2695 1789 2877 1845 aetate
2927 1790 2988 1846 et
3042 1783 3106 1844 in
3152 1783 3538 1863 presbyterii
3588 1783 3902 1863 dignitate

788 1893 1120 1964 exhibuit,
1184 1898 1253 1952 ut
1298 1889 1479 1952 decet
1519 1889 1726 1950 virum
1776 1905 1898 1950 suo
1947 1887 2211 1949 nomine
2253 1887 2559 1966 dignum,
2613 1888 2677 1949 in
2722 1905 2874 1979 quo.
2905 1905 3054 1950 vere
3090 1901 3386 1974 superate
3419 1888 3901 1950 benedictionis

708 1999 749 2062 ὅ
788 1998 986 2077 gratia
1049 1993 1480 2065 redundavit,
1541 1998 1601 2052 et
1660 1991 1922 2058 nomine
1987 1991 2220 2068 pariter
2278 1997 2338 2053 et
2389 1991 2733 2069 cperibus,
2780 1997 2860 2058 ut
2915 1991 3149 2068 dignus
3199 1989 3280 2052 ad
3343 1991 3671 2069 pontiﬁcii
3733 1993 3898 2071 regi-

793 2088 808 2104 ’
854 2117 934 2162 en
999 2096 1385 2177 perveniret.
1457 2095 1856 2172 Paupertatis
1924 2100 2212 2169 amator,
2285 2091 2596 2163 humilis,
2671 2104 3090 2169 mansuetus,
3171 2095 3550 2175 patientiam
3637 2096 3894 2169 habens,

823 2211 978 2282 tque
1014 2218 1208 2264 manu
1236 2198 1592 2276 largissima
1625 2205 1676 2259 ιι.

860 2303 1018 2372 152
1060 2301 1180 2360 Hic
1240 2297 1569 2360 ecclesiam
1624 2296 1790 2357 beati
1849 2295 2017 2356 Petri
2075 2296 2389 2375 apostoli,
2441 2297 2552 2359 scd
2613 2304 2672 2358 et
2735 2297 2900 2360 beati
2962 2297 3288 2359 Laurentii
3346 2299 3702 2376 martyris,
3763 2315 3899 2376 qua

787 2405 1145 2487 appellatur
1209 2403 1516 2476 Lucina},
1586 2401 1989 2462 restauravit.
2066 2399 2358 2480 Itemque
2421 2401 2487 2462 in
2550 2403 2817 2465 ecclesia
2879 2402 3046 2465 beati
3115 2401 3438 2464 Valentini
3497 2403 3604 2463 via
3667 2402 3896 2464 Flami-

785 2515 898 2572 nia
956 2508 1104 2570 fecit
1169 2506 1640 2584 coeperlorium
1688 2522 1882 2584 super
1927 2505 2123 2567 altare
2183 2522 2329 2567 cum
2382 2505 2578 2568 clavis
2630 2513 2688 2569 et
2754 2506 3024 2568 fastellis
3083 2516 3147 2578 ο,
3199 2512 3260 2569 et
3318 2508 3403 2566 in
3440 2506 3726 2568 circuitu
3793 2525 3897 2584 pa-

792 2613 1062 2691 lergium
1115 2609 1142 2650 *³
1204 2609 1685 2688 chrysoclavum
1737 2609 2301 2687 pretiosissimum.
2361 2609 2669 2672 Similiter
2720 2617 2780 2672 et
2841 2612 2905 2670 in
2968 2608 3234 2672 ecclesia
3289 2610 3495 2672 beata:
3555 2609 3772 2670 Maria:
3819 2610 3894 2670 ad

706 2719 747 2779 ὃ
794 2719 1101 2794 Martyres
1185 2712 1357 2772 aliud
1438 2713 1909 2790 coepertorium
1998 2712 2518 2790 porphyreticum
2601 2731 2744 2774 cum
2807 2731 2998 2776 cruce
3074 2720 3139 2776 et
3201 2716 3553 2791 gemmulis
3621 2727 3899 2794 quatuor

786 2817 1284 2897 chrysoclavos,
1342 2821 1406 2875 et
1472 2815 1538 2875 in
1595 2813 1866 2876 circuitu
1927 2813 2276 2892 palergium
2348 2813 2428 2875 de
2487 2813 2842 2877 holoscrico
2899 2814 3454 2893 pulcherrimum,
3520 2835 3776 2882 necnon
3837 2825 3897 2880 ct

787 2921 856 2981 in
942 2919 1132 2981 titulo
1205 2919 1638 2998 suprascripto
1704 2919 1958 2980 Lucinae
2026 2920 2220 2980 alium
2286 2921 2757 3000 coopertorium
2829 2929 3123 2982 ornatum
3189 2921 3662 2985 holosericum.
3723 2925 3896 2985 Fecit

787 3027 1000 3082 autem
1038 3020 1267 3081 calices
1303 3037 1530 3082 aureos
1561 3021 2013 3084 ministeriales
2043 3023 2242 3095 duos,
2277 3041 2458 3102 pons.
2492 3024 2731 3101 singul.
2769 3024 2961 3086 libras
2991 3025 3299 3103 singulas.

874 3117 1029 3187 153
1091 3119 1208 3180 Hic
1263 3118 1546 3196 suscepit
1605 3119 1845 3181 divales
1891 3120 2223 3199 jussiones
2282 3121 2769 3185 clementissimi
2835 3124 3234 3188 Constantini
3297 3126 3516 3203 magni
3586 3127 3898 3207 principis

788 3223 866 3284 ad
937 3222 1364 3284 venerabilem
1435 3221 1721 3293 clerum,
1799 3231 1860 3284 et
1925 3224 2282 3302 populum,
2353 3233 2543 3305 atque
2621 3227 3065 3290 felicissimum
3149 3229 3504 3292 exercitum
3592 3233 3897 3292 Romanis

792 3321 1100 3391 civitatis,
1158 3339 1272 3400 per
1329 3337 1488 3401 quas
1543 3321 1902 3394 concessit,
1952 3332 2020 3382 ut
2074 3323 2108 3355 “
2158 3341 2474 3402 persona,
2523 3324 2636 3402 qui
2703 3323 2946 3386 electus
2994 3325 3184 3388 fuerit
3227 3327 3305 3388 ad
3357 3327 3582 3390 sedem
3642 3339 3898 3407 aposto—

791 3423 1024 3496 licam,
1086 3443 1121 3487 e
1187 3424 1459 3502 vestigio
1525 3425 1771 3504 absque
1829 3425 2120 3488 tarditate
2185 3425 2475 3505 pontifex
2541 3427 2899 3489 ordinetur.
2969 3429 3086 3490 Hic.
3165 3445 3286 3490 una
3365 3446 3514 3504 cum
3592 3430 3771 3492 clero
3840 3439 3896 3490 et

704 3529 748 3589 5
791 3527 1075 3588 exercitu
1133 3528 1418 3605 suscepit
1479 3527 1790 3592 mallones
1861 3540 1886 3568 ο
1949 3529 2324 3607 capillorum
2393 3531 2616 3592 domui
2683 3532 3023 3594 Iustiniani
3080 3539 3139 3594 et
3203 3531 3542 3602 Heraclei,
3613 3533 3893 3594 ﬁliorum

792 3628 1284 3694 clementissimi
1341 3631 1696 3712 principis,
1755 3633 1944 3694 simul
2005 3640 2067 3695 et
2113 3631 2474 3712 jussionem
2527 3653 2642 3713 per
2695 3654 2888 3714 quam
2946 3635 3262 3713 significat
3309 3636 3572 3698 eosdem
3632 3632 3896 3712 capillos

796 3735 1134 3798 direxisse.
1192 3736 1401 3816 Hujus
1461 3738 1856 3818 temporibus
1918 3739 2209 3817 apparuit
2262 3738 2444 3801 stella
2497 3748 2691 3801 noctu
2739 3740 2919 3819 juxta
2964 3740 3208 3820 vigilias
3265 3738 3285 3780 ί
3344 3756 3459 3820 per
3511 3740 3689 3801 diem
3741 3736 3899 3801 celo

791 3850 1024 3898 sereno
1119 3834 1290 3900 inter
1387 3835 1795 3900 Nativitatem
1894 3836 2154 3898 Domini
2251 3843 2314 3899 et
2419 3838 2892 3918 'l'heOphaniam
2995 3838 3364 3900 omnimodo
3468 3837 3896 3906 obumbrata,

789 3939 989 4001 veluti
1060 3939 1213 4002 luna
1293 3942 1416 4003 sub
1488 3943 1684 4003 nube.
1763 3942 2056 4022 Itemque
2117 3957 2339 4003 mense
2406 3943 2801 4017 Februario,
2859 3951 2998 4022 post
3055 3943 3257 4004 natale
3310 3941 3514 4002 sancti
3569 3939 3897 4000 Valentini

670 4045 750 4107 10
793 4041 857 4104 in
911 4043 1016 4104 die
1068 4044 1146 4105 ab
1199 4048 1431 4107 oceasu
1493 4046 1646 4108 exiit
1696 4045 1880 4108 stella
1929 4043 2238 4119 meridie,
2295 4053 2354 4106 et
2417 4046 2486 4106 in
2551 4055 2759 4125 partes
2812 4046 3080 4109 orientis
3139 4043 3504 4106 declinavit.
3561 4043 3714 4104 Post
3773 4041 3898 4103 haec

793 4165 981 4210 mons
1031 4149 1268 4210 Bebius
1308 4155 1366 4220 ε,
1400 4149 1513 4227 qui
1565 4156 1660 4210 est
1710 4149 1776 4210 in
1815 4149 2200 4228 Campania,
2249 4166 2469 4211 mense
2529 4151 2754 4212 Martio
2806 4150 3114 4212 eructavit
3163 4166 3274 4228 per
3315 4148 3521 4218 diem,
3566 4154 3631 4207 et
3675 4146 3898 4207 omnia

791 4251 928 4314 loca
996 4253 1496 4332 circumquaque
1562 4271 1686 4332 prie
1773 4255 2034 4332 pulvere
2102 4254 2337 4316 cineris
2415 4255 2590 4317 illius
2670 4255 3085 4317 exterminata
3155 4259 3326 4314 sunt.
3395 4249 3654 4312 Clorum
3717 4250 3900 4310 vide-

795 4348 945 4410 licet
1006 4350 1281 4410 diversis
1349 4350 1690 4412 ordinibus
1739 4351 1806 4412 in
1869 4351 1976 4414 die
2031 4361 2251 4414 sancto
2309 4353 2562 4415 Pascha:
2619 4345 2971 4414 honoribus
3028 4350 3376 4430 ampliavit.
3429 4347 3558 4421 Qui
3608 4364 3644 4408 e
3697 4347 3900 4408 vesti-

796 4453 901 4530 gio
956 4452 1022 4513 in
1079 4440 1511 4515 inﬁrmitatem
1564 4453 1831 4525 incidit,
1888 4461 1948 4516 et
2006 4463 2148 4534 post
2199 4455 2336 4518 dies
2385 4456 2630 4536 aliquot
2681 4455 3020 4518 defunctus
3069 4461 3185 4516 est.
3241 4451 3361 4512 Hic
3408 4449 3660 4511 dimisit
3721 4449 3896 4510 omni

677 4557 757 4620 15
797 4557 1008 4631 clero,
1080 4557 1532 4627 monasteriis,
1603 4556 1910 4619 diaconia)
1977 4565 2039 4619 et
2125 4559 2572 4620 mansionariis
2635 4561 2772 4621 auri
2833 4559 3026 4620 libras
3091 4559 3371 4636 triginta.
3435 4555 3611 4618 Fecit
3677 4561 3895 4615 autem

789 4662 1126 4742 episcorios
1194 4680 1306 4741 per
1378 4661 1630 4724 diversa
1701 4661 1834 4724 loca
1905 4677 2177 4722 numero
2237 4661 2597 4724 duodecim.
2671 4663 2795 4736 Qui
2860 4662 3047 4723 etiam
3099 4659 3399 4738 sepultus
3455 4665 3548 4720 est
3605 4657 3686 4717 ad
3748 4657 3898 4717 bea-

788 4776 928 4828 tum
980 4770 1236 4829 Petrum
1297 4763 1660 4843 apostolum
1715 4764 1840 4825 sub
1916 4765 2022 4826 die
2078 4783 2190 4826 vm
2243 4765 2399 4826 ldus
2452 4765 2644 4838 Maii,
2703 4773 2764 4828 et
2828 4765 3099 4830 cessavit
3164 4766 3575 4842 euiscOpatus
3637 4773 3895 4824 menses

791 4868 957 4928 duos
976 4910 994 4940 ,
1026 4865 1164 4926 dies
1194 4864 1590 4946 quindecim.

1720 4997 1986 5041 NOTULE
2029 4999 2426 5042 ΜΔΒΕΙΝΑΙΕΒ
2471 5000 2802 5044 FABROTTI.

761 5083 778 5101 ‘
814 5080 880 5140 Β,
908 5082 959 5141 8.
989 5081 1102 5133 dies
1131 5082 1214 5135 Π.
1292 5081 1319 5121 b
1351 5079 1414 5150 Β,
1447 5078 1800 5150 largissimis.
1878 5088 1900 5116 ο
1940 5080 1960 5150 ’ν
1993 5078 2219 5150 listcllis.
2295 5077 2372 5150 δέ·
2404 5096 2498 5148 per
2523 5079 2752 5150 largum.
2831 5091 2856 5119 ⁸
2897 5080 3184 5144 umlloncs,
3215 5079 3272 5133 id
3297 5089 3369 5134 est
3398 5079 3585 5133 cirros.
3625 5075 3766 5133 Vide
3790 5076 3897 5134 Bc-

633 5165 752 5207 ron.
784 5168 908 5204 anu.
939 5151 1042 5205 684
1070 5153 1121 5204 in
1149 5153 1274 5221 line.
1353 5149 1376 5187 τ
1407 5147 1550 5218 forte
1578 5149 1855 5216 Vergilias.
1938 5149 1963 5187 ⁸
1987 5147 2120 5214 forte
2155 5147 2432 5202 Vesuvius.

1963 5255 2190 5312 VABIA‘J
2228 5258 2624 5315 LECTIONES.

1085 5355 1170 5401 ιιι
1199 5347 1373 5400 codice
1406 5344 1765 5398 ναίίίεεηαπο·
2244 5366 2289 5424 ιι
2392 5367 2553 5421 Num.
2577 5367 2695 5422 152.
2714 5367 2829 5423 Lm.
2847 5367 3260 5425 3Cod.ValliceI.
3280 5384 3400 5422 cum
3417 5367 3652 5421 clavisin
3671 5364 3897 5424 asa-nis.

713 5441 872 5496 Num.
895 5441 1016 5495 15L
1037 5437 1174 5494 Linl
1211 5440 1324 5493 cod.
1351 5436 2034 5510 Vallirell‘._conrordatcum
2060 5435 2214 5510 [ieg_._,
2323 5450 2377 5497 et
2407 5439 2457 5490 in
2492 5442 2772 5493 rirtmitum
2811 5443 3130 5509 perlarginm
3161 5439 3303 5510 (lege;
3329 5437 3647 5510 palcrgimn)
3681 5437 3900 5507 chryso-

640 5511 784 5566 Maz.
815 5522 859 5565 et
891 5510 1093 5566 Thurin.
1122 5520 1167 5564 et
1197 5512 1269 5562 ita
1295 5510 1367 5562 lin
1391 5509 1444 5563 3.
1473 5508 1546 5560 lin
1573 5506 1616 5560 ﬁ
1636 5507 1774 5578 deest
1805 5523 2038 5578 voxqsua.
2062 5506 2214 5578 lin’5,
2325 5512 2532 5563 clavum
2565 5523 2702 5578 pret.
2737 5506 3059 5564 similiter‘in
3086 5506 3199 5564 ecel
3229 5506 3287 5561 Β.
3323 5506 3386 5561 Μ.
3430 5509 3527 5558 lin.
3555 5506 3618 5568 5,
3646 5517 3697 5578 ct
3725 5506 3902 5578 gamu-

639 5582 753 5634 rcil.
798 5581 1014 5635 nomine
1061 5581 1357 5649 pariterget
1395 5593 1481 5646 op.
1523 5588 1579 5630 ut
1614 5576 1806 5646 dignus
1849 5576 1932 5649 ad
1955 5577 2213 5645 pontiﬁcii
2327 5582 2404 5635 las
2429 5591 2479 5632 et
2505 5575 3114 5641 i-lavoslllauraelavus,
3139 5590 3195 5632 et
3218 5579 3268 5630 in
3290 5578 3573 5649 circuitum
3593 5575 3897 5649 _|_ialcrzinm

639 5652 874 5718 regimen
905 5645 1224 5716 perveniret.
1257 5647 1379 5720 Fuit
1404 5645 1600 5720 Διιιιιιξιιι
1637 5645 1965 5716 pmmcrtatis
2011 5657 2217 5703 amator
2325 5652 2390 5706 de
2412 5653 2700 5720 olosyrico.
2725 5651 2818 5704 tiu.
2851 5652 2900 5715 7,
2927 5660 3174 5704 ornatum
3197 5649 3262 5702 de
3279 5648 3566 5715 olosyricu.
3593 5646 3742 5699 Fecit
3769 5658 3902 5712 qe-

641 5716 718 5770 b.‘
744 5736 815 5770 ιιι.
857 5725 998 5787 pius,
1028 5729 1126 5773 etc.
1167 5728 1220 5770 ut
1251 5717 1413 5770 [aadd
1469 5716 1621 5769 codd.
