3964 5402
49 311 192 373 ἰ93
943 319 1265 381 HISTORIA
1302 323 1391 383 DE
1432 323 1610 383 VITIIS

1811 373 1812 376 χ
1858 326 2069 397 rear,»
2100 354 2177 373 α-
2210 326 2507 387 SERGIUS
3271 339 3376 407 est

92 430 205 491 15
248 428 579 508 Cumque
622 449 798 497 unus
852 433 984 498 alio
1037 447 1068 476 ι
1120 437 1332 499 locum
1388 454 1523 501 non
1569 438 1873 511 cederet,
1916 438 2031 501 sed
2078 440 2357 520 utrique
2410 442 2802 507 immaniter
2846 451 2877 494 ιι
2930 457 3373 524 perdurarent,

262 546 351 600 ut
409 556 581 602 unus
632 538 834 619 alium
905 549 1229 621 superaret
1262 543 1494 621 ,.inito
1571 545 1841 609 consilio
1898 547 2198 624 primates
2246 547 2544 629 judicum
2605 553 2664 611 et
2695 549 3015 612 exercitus
3078 552 3376 613 Romanae

258 639 568 717 militia,
621 644 720 715 vel
773 644 929 708 cleri
986 659 1009 687 ο
1071 646 1343 725 plurima
1394 668 1583 729 pars,
1639 657 1703 713 et
1755 653 2102 731 prmeertim
2150 654 2556 719 sacerdotum
2612 661 2805 735 atque
2856 657 3095 725 civium
3156 659 3379 721 multi-

262 746 435 809 tudo
488 746 569 811 ad
633 764 883 812 sacrum
954 752 1260 829 palatium
1324 762 1821 833 perrexerunt,,
1865 762 1925 816 et
1989 755 2099 818 diu
2166 762 2621 835 pertractantes
2688 759 2843 839 quid
2909 760 3045 822 ﬁeri
3111 761 3377 824 deberet

262 850 653 931 qualiterve.
694 854 972 919 duorum
1041 854 1484 920 altercantium
1544 857 1899 921 electorum
1971 859 2295 939 sepiretur
2361 860 2685 944 contentio
2744 860 2797 923 ἀ.
2857 864 2992 924 Deo
3047 872 3376 926 annuente

93 951 207 1012 20
260 951 737 1031 inpersonam
787 954 1183 1017 denominati
1231 956 1432 1035 Sergii
1496 957 1885 1029 venerabilis,
1942 966 2095 1020 tunc
2155 958 2516 1040 presbyteri
2570 959 3029 1022 concordantes
3084 979 3155 1024 se
3224 980 3377 1024 con-

262 1054 609 1133 tulerunt,
668 1074 953 1138 eumque
1005 1057 1089 1121 de
1142 1060 1356 1123 medio
1419 1060 1641 1139 populi
1700 1060 1997 1125 tollentes
2049 1061 2117 1123 in
2173 1060 2505 1125 oraculum
2560 1060 2731 1124 beati
2775 1061 3030 1125 Cresarii
3081 1063 3376 1143 martyris

258 1160 554 1235 Christi,
618 1164 793 1242 quod
852 1172 949 1226 est
1008 1164 1174 1226 intra
1248 1174 1722 1231 sacrosanctum
1787 1168 2293 1247 snprascriptum
2354 1167 2657 1246 palatium
2712 1168 3249 1241 introduxerunt,
3314 1173 3378 1227 et

256 1265 509 1328 exinde
572 1266 640 1327 in
702 1266 1130 1333 Lateranense
1203 1268 1604 1349 episcopium
1678 1287 1825 1332 cum
1900 1271 2161 1334 laudum
2230 1272 2802 1337 declamationibus
2862 1286 2888 1315 θ
2945 1270 3373 1334 deduxerunt.

263 1371 349 1431 Et
410 1370 705 1451 quamvis
767 1371 951 1434 fores
1018 1374 1385 1453 patriarehii
1448 1374 1841 1439 intrinsecus
1899 1384 2115 1439 essent
2169 1377 2433 1440 munitae
2498 1384 2559 1441 et
2625 1377 2899 1452 clausae,
2961 1382 3174 1439 tamen
3231 1390 3378 1453 pars

100 1495 211 1554 25
263 1511 421 1574 qum
476 1494 846 1574 praedictum
900 1496 1331 1559 venerabilem
1392 1496 1598 1559 virum
1653 1498 1971 1575 elegerat,
2027 1498 2182 1579 quia
2251 1505 2314 1561 et
2373 1496 2643 1562 validior
2699 1504 2880 1572 erat,
2931 1493 3260 1576 praevaluit
3310 1502 3379 1560 et

262 1597 561 1677 ingressa
599 1604 720 1661 est.
843 1662 847 1667 ,
1295 1614 1303 1619 ’
1537 1666 1541 1671 ,

559 1642 561 1655 ι
599 1604 720 1661 est.
843 1662 847 1667 ,
1295 1614 1303 1619 ’
1537 1666 1541 1671 ,
2120 1678 2124 1683 ,

262 1696 275 1704 ’
350 1699 516 1787 159
554 1702 697 1775 Quo
756 1700 1045 1780 ingresso
1120 1721 1294 1766 unus
1357 1721 1393 1766 e
1458 1705 1713 1768 duobus
1793 1705 2058 1781 electis,
2120 1706 2184 1767 id
2246 1712 2342 1769 est
2400 1705 2776 1769 Theodorus
2837 1702 3374 1784 archipresbyter,

264 1807 447 1872 illico
515 1808 761 1891 quievit
837 1828 911 1872 ac
986 1828 1057 1873 se
1136 1809 1523 1874 humiliavit.
1589 1812 1666 1875 Et
1737 1811 2070 1890 ingressus
2139 1811 2618 1899 denominatum
2690 1808 3166 1872 sanctissimum
3245 1804 3376 1866 ele-

270 1920 449 1976 ctum
528 1915 827 1978 salutavit
898 1933 970 1978 ac
1039 1917 1365 1980 osculatus
1431 1924 1549 1981 est.
1616 1916 1979 1979 Paschalem
2046 1934 2198 1979 vero
2256 1916 2436 1979 nullo
2490 1916 2683 1978 modo
2738 1912 2946 1976 cordis
3000 1903 3249 1972 ‘duritia
3309 1908 3372 1967 id

260 2009 482 2076 facere
548 2013 838 2087 sinebat,
897 2015 1102 2077 donec
1168 2022 1424 2079 coactus
1488 2022 1549 2079 et
1602 2014 1956 2087 confusus,
2021 2014 2244 2077 volens
2302 2014 2575 2088 nolens,
2643 2028 2832 2073 suum
2900 2008 3235 2069 dominum
3312 2011 3376 2066 et

163 2115 219 2177 5
264 2114 548 2179 electum
615 2116 950 2197 ingressus
1015 2119 1342 2183 salutaret.
1408 2122 1535 2195 Qui
1598 2121 1787 2187 etiam
1851 2120 2171 2185 Paschalis
2236 2119 2525 2183 clanculo
2589 2134 2719 2179 non
2781 2113 3054 2177 cessavit
3119 2115 3366 2174 Raveno

261 2238 413 2285 nam
471 2239 626 2287 suos
679 2225 931 2314 mittere
984 2227 1264 2301 missos,
1319 2227 2081 2308 promissaque-pecunia
2130 2226 2234 2291 vel
2264 2224 2419 2303 aliis
2474 2222 2750 2297 diversis
2788 2217 3012 2291 donis,
3060 2212 3370 2275 Joannem

266 2329 607 2407 patricium
696 2336 761 2393 et
843 2329 1232 2405 exarchum,
1319 2338 1747 2410 cognomento
1829 2332 2097 2410 Platyn,
2194 2346 2338 2391 cum
2426 2327 2566 2390 suis
2640 2323 3021 2404 judicibus,
3109 2316 3371 2379 nemine

263 2434 546 2507 sciente,
598 2437 861 2497 Romam
904 2428 1597 2517 venirepersuadere,
1650 2432 1777 2508 Qui
1826 2434 1920 2511 sic
1965 2432 2178 2513 abdita
2222 2430 2428 2503 venit,
2475 2435 2546 2490 ut
2585 2444 2705 2489 nec
2752 2426 2964 2511 signa,
3006 2436 3125 2482 nec
3163 2417 3369 2479 banda

262 2550 409 2595 cum
481 2533 711 2595 militia
789 2535 1059 2597 Romani
1135 2534 1952 2597 exercitusoccurrissent
2026 2532 2089 2594 ei
2137 2532 2324 2611 juxta
2384 2526 2920 2593 consuetudinem
2977 2522 3045 2582 in
3106 2535 3370 2596 compe—

126 2638 221 2697 10
268 2637 426 2698 ten“
497 2636 691 2713 Ιοοον.
728 2637 867 2712 .niSi
920 2655 957 2699 ἃ
1021 2636 1042 2676 ί
1103 2638 1465 2718 prepinquo
1535 2640 1833 2699 Romana)
1895 2633 2193 2697 civitatis.
2261 2632 2385 2709 Qui
2443 2630 2595 2693 dum
2660 2628 2949 2690 venisset
3010 2630 3072 2688 et
3143 2638 3371 2687 omnes

268 2741 339 2804 in
394 2758 731 2821 personam
781 2742 984 2820 Sergii
1032 2741 1425 2804 sanctissimi
1478 2741 1833 2805 invenisset
1881 2736 2331 2809 consensisse,
2371 2732 2470 2799 illi
2522 2730 2787 2811 quidem
2845 2723 3181 2805 sull‘ragari
3238 2739 3371 2785 non

264 2843 493 2908 voluit.
550 2844 853 2911 Ecclesiae
901 2851 1113 2911 tamen
1165 2844 1337 2913 beati
1401 2845 1566 2907 Petri
1619 2842 1889 2923 apostoli
1946 2842 2113 2904 idem
2168 2836 2482 2901 exarchus
2528 2852 2644 2915 per
2699 2832 2988 2912 ejusdem
3046 2828 3370 2891 Paschalis

272 2946 627 3024 miseriam,
662 2950 1055 3030 stipendium
1127 2956 1192 3014 et
1253 2950 1563 3013 damnum
1618 2947 1879 3022 intulit,
1944 2945 2118 3024 quod
2168 2948 2192 2987 ⁸
2244 2943 2324 3008 ab
2381 2941 2608 3015 eodem
2662 2936 2952 3002 Paschali
3013 2931 3373 3013 suprascri—

266 3054 377 3125 pto
439 3047 710 3113 exarcho
765 3049 1149 3129 promissum
1198 3048 1437 3116 fuerat,
1493 3048 1557 3109 id
1612 3054 1710 3111 est
1764 3054 2019 3110 centum
2075 3044 2212 3108 auri
2262 3044 2567 3106 librarum
2609 3058 2645 3103 a
2687 3046 2861 3120 parte
2904 3034 3203 3098 Ecclesia
3261 3052 3371 3096 ex-

141 3151 230 3212 15
271 3157 574 3230 petente,
638 3154 862 3230 Sergio
932 3153 1343 3216 sanctissimo
1421 3152 1627 3216 electo
1692 3151 2124 3230 proclamante
2199 3147 2374 3228 quod
2447 3161 2662 3225 neque
2730 3138 3132 3229 promisisset
3191 3136 3367 3206 dare,

266 3272 484 3337 neque
546 3260 940 3337 possibilitas
993 3257 1202 3322 dandi
1281 3264 1623 3339 suppetat,
1684 3264 1745 3320 et
1812 3263 1883 3319 ut
1944 3255 2023 3318 ad
2079 3252 2636 3333 compunctionem
2699 3247 2950 3311 animos
3010 3242 3370 3309 videntium

268 3372 752 3439 commoveret,
818 3364 1156 3427 cantharos
1231 3370 1293 3425 et
1370 3379 1689 3434 coronas,
1762 3376 1907 3440 quin
1972 3366 2122 3422 ante
2179 3373 2430 3420 sacrum
2501 3353 2700 3417 altare
2768 3356 2829 3413 et
2893 3344 3368 3411 confessionem

270 3466 441 3530 beati
497 3468 664 3529 Petri
731 3469 1009 3547 apostoli
1075 3485 1153 3531 ex
1223 3466 1493 3546 antiquo
1563 3462 1965 3543 pendebant,
2029 3459 2268 3538 deponi
2346 3456 2497 3518 fecit
2559 3460 2620 3516 et
2678 3450 2929 3555 pignori
2992 3449 3188 3555 tradi.‘
3243 3446 3363 3555 Sed

266 3580 386 3625 nec
440 3563 505 3626 in
555 3563 676 3627 hoc
737 3545 897 3628 ﬂexa
948 3570 1044 3628 est
1093 3564 1380 3644 ejusdem
1430 3560 1684 3624 exarchi
1736 3558 2015 3631 duritia,
2071 3557 2278 3617 donec
2312 3560 2635 3624 'centum,
2683 3556 2751 3613 ut
2793 3549 3039 3612 dictum
3094 3551 3229 3620 est,
3284 3545 3369 3605 li-

142 3668 231 3731 20
268 3667 524 3731 brarum
577 3673 604 3713 ιι
659 3672 796 3733 auri
837 3670 1102 3749 accepit.
1157 3671 1234 3730 Et
1274 3669 1457 3741 licet,
1510 3675 1579 3728 ut
1624 3664 1951 3746 praefatum
1997 3665 2013 3704 ί
2059 3668 2190 3734 est,
2229 3658 2529 3722 Eccle‘sim
2570 3656 2841 3728 Christi,
2878 3652 3027 3715 ideo
3074 3649 3089 3701 ί
3141 3650 3369 3712 miser-

270 3774 470 3836 rimus
524 3776 844 3840 Paschalis
902 3775 1316 3855 dispendium
1395 3781 1455 3834 et
1520 3772 1824 3832 damnum
1892 3761 2218 3841 infixit“,
2283 3770 2495 3826 tamen
2571 3761 2826 3823 Christo
2906 3759 3158 3823 favente
3213 3758 3366 3820 Ser-

266 3880 410 3957 gius
484 3879 818 3959 presbyter
884 3885 944 3941 et
1009 3878 1251 3940 electus
1316 3874 1386 3935 in
1441 3874 1595 3937 sede
1655 3867 1825 3934 beati
1894 3869 2063 3932 Petri
2137 3866 2411 3948 apostoli
2483 3863 2766 3942 pontifex
2842 3863 3362 3925 ordinatusest.

267 3983 615 4046 Prtedictus
688 4002 837 4046 vero
915 3980 1241 4045 Paschalis
1311 3996 1438 4041 non
1512 3984 1655 4057 post
1723 3975 1996 4039 multum
2064 3977 2366 4053 tempus,
2439 3975 2500 4032 et
2568 3970 2647 4031 ab
2713 3966 2923 4030 oﬂicio
2975 3964 3369 4028 archidiaco-

271 4086 458 4144 natus
516 4097 628 4160 pro
693 4081 1022 4162 aliquibus
1080 4078 1628 4142 incantationibus
1693 4080 1754 4140 et
1809 4074 1970 4137 lucis
2038 4073 2059 4115 ι
2126 4088 2290 4154 quos
2351 4069 2640 4143 colebat,
2702 4066 2801 4131 vel
2865 4065 3148 4176 sortibus
3192 4080 3366 4176 quas

138 4164 231 4252 23
271 4203 414 4249 cum
497 4185 641 4248 aliis
704 4185 1176 4265 respectoribus
1231 4196 1271 4224 ιιι
1335 4182 1680 4257 tractabat,
1747 4174 1868 4243 Dei
1937 4176 2238 4256 beatique
2301 4173 2737 4255 apostolorum
2802 4166 3114 4248 Principis
3192 4164 3368 4229 Petri

275 4289 743 4351 interveniente
788 4287 1080 4370 judicio,
1137 4287 1424 4368 privatus
1475 4292 1570 4347 est
1629 4291 1691 4347 et
1731 4270 1821 4346 in;
1861 4280 2323 4345 monasterium
2384 4287 2717 4352 retrosus,
2779 4281 2924 4357 post
2991 4273 3369 4354 quinquen-

271 4394 447 4456 nium
483 4390 608 4471 [ὧι-ω
637 4390 847 4475 cordis
883 4390 1121 4453 duritia
1153 4390 1558 4471 impmnitens
1588 4388 1929 4451 defunctus
1960 4384 2078 4450 est.
2336 4384 2339 4389 λ
2684 4404 2689 4409 ι
2990 4400 3029 4423 ,κ
3087 4395 3090 4398 ~
3268 4400 3277 4413 ,

347 4492 510 4566 160
560 4503 586 4531 ⁸
641 4493 853 4573 Hujus
908 4494 1126 4573 itaque
1175 4489 1573 4572 temporibus
1620 4480 2026 4552 J‘ustinlanus
2070 4477 2422 4567 imperator
2468 4482 2812 4549 conellium
2865 4498 2939 4544 ιη
2987 4478 3163 4557 regia
3210 4478 3362 4542 urbe

261 4596 457 4676 jussit
504 4594 684 4668 fieri,
734 4593 801 4654 in
852 4609 982 4671 quo
1031 4588 1091 4654 et
1120 4591 1311 4670 legati
1376 4591 1548 4652 sedis
1610 4590 1973 4669 apostolicae
2019 4592 2451 4648 convenerant
2475 4590 2499 4660 ,'
2540 4591 2606 4645 et
2661 4582 2912 4660 decepti
2969 4577 3372 4690 subscripse-

271 4703 431 4757 rant.
487 4694 1003 4776 Compellebatur
1055 4699 1266 4753 autem
1325 4696 1386 4753 et
1444 4691 1582 4770 ipse
1635 4702 1661 4727 °
1700 4688 2166 4754 subscribere,
2236 4684 2346 4745 sed
2398 4684 2767 4747 nullatenus
2827 4681 3192 4761 acquievit,
3232 4692 3369 4776 Apro

270 4814 343 4860 eo
399 4797 573 4877 quod
630 4772 917 4876 quaedam
974 4791 1249 4871 capitula
1304 4796 1493 4853 extra
1536 4791 1726 4851 ritum
1786 4784 2284 4883 ecclesiasticum
2354 4783 2607 4883 fuerant
2642 4780 2712 4840 in
2767 4772 3373 4883 eo~-anne.xa..Quzc

186 4905 227 4967 5
273 4907 331 4964 et
380 4868 566 4979 quasi
618 4868 1013 4974 sj'nodaliter
1052 4868 1322 4953 deﬁnita
1372 4894 1432 4951 et
1486 4888 1554 4949 in
1610 4904 1723 4949 sex
1773 4886 1965 4949 tomis
2011 4880 2333 4956 descripta
2395 4904 2432 4948 ιι
2483 4877 2690 4942 tribus
2735 4871 3148 4981 patrimonia,
3173 4868 3238 4926 id
3280 4879 3383 4935 est

269 4968 752 5069 Alex-andrin'o,
844 4988 1563 5072 Constantinopolitano
1652 4992 1715 5050 et
1818 4985 2269 5052 Antiocheno,
2380 4981 2501 5052 vel
2587 4975 2830 5082 caeteris
2880 4968 3255 5082 consulibus
3297 4982 3395 5082 ne,

264 5100 375 5185 qui
427 5103 489 5163 in
549 5111 841 5176 tempore
898 5106 927 5147 ιι
978 5097 1114 5160 illic
1172 5070 1651 5164 convenerant,
1704 5091 2063 5170 subscripta
2115 5085 2345 5187 erant,
2417 5090 2741 5187 manuque
2786 5070 3417 5187 imperialiltifitlﬁr:

267 5168 465 5281 mata,
522 5168 748 5263 missis
797 5196 863 5259 in
930 5198 1306 5274 Lucellum,
1354 5197 1526 5280 quod
1592 5194 1889 5258 scebrum
1942 5168 1975 5229 ί
2021 5183 2281 5251 carnale
2345 5186 2674 5265 vocitatur
2730 5175 2796 5237 in
2841 5179 3006 5246 hanc
3054 5168 3278 5236 urbem
3342 5174 3436 5238 ad
