3958 5384
519 353 622 409 947

1648 355 2010 414 ANASTASII
2045 356 2587 414 BlBLlOTllECARlI
3672 354 3761 413 9i8

521 461 643 529 aliis
674 431 1090 538 quamplurimis
1125 465 1278 538 festis
1325 467 1548 538 accidit,
1577 483 1717 538 qum
1755 468 2098 538 celebrantur
2130 472 2172 530 Α
2202 467 2538 538 iniquissimo
2558 465 2680 537 jure
2705 465 3052 538 confirmandi
3081 466 3318 523 electum
3349 465 3681 538 pontificem,
3706 466 3759 538 de

473 541 476 544 ‘
523 533 702 586 extra
726 533 1002 609 proprium
1042 536 1216 609 diem;
1251 536 1323 589 ita
1368 551 1472 590 non
1515 533 1632 591 tuit'
1659 553 1794 609 opus
1829 535 1996 609 Paulo
2026 537 2093 609 ιγ

523 616 638 674 rem
682 602 931 674 subtilius
973 605 1256 673 indagare;
1285 621 1406 659 cum
1451 602 1749 674 prasertiin
1795 609 1851 660 in
1878 606 2096 660 diversis

519 670 662 746 grais
677 668 970 746 Christiani
996 668 1257 746 partibus,
1293 684 1352 728 ut
1383 668 1630 746 ipseait,
1663 676 1883 746 prmfata
1911 677 1998 746 die
2027 692 2096 730 xv

517 737 642 818 Kal.
676 739 806 795 Feb.
829 737 1209 818 celebraretur.
1239 737 1423 814 Itaque
1446 737 1704 818 minorum
1730 749 1886 800 etiam
1915 745 2094 818 Ecclej

518 811 1024 883 siqrutnAexempla
1057 813 1208 882 sequi
1256 811 1360 867 non
1412 823 1494 868 est
1543 815 1892 883 dedignatus,
1926 823 1984 868 ut
2029 815 2094 868 ad

518 878 780 958 principis
823 878 1458 958 apostolorumgloriam
1509 878 1795 958 Cattie'drae
1832 884 2093 958 linguaue;

518 951 660 1003 ritus
687 964 793 1019 uno
840 951 1136 1019 eodemque
1175 951 1260 1007 die
1307 953 1360 1005 in
1410 962 1520 1006 toto
1567 954 1698 1008 orbe
1740 955 2005 1010 catholico
2033 968 2096 1007 ac

518 1017 819 1086 praesertim
850 1018 905 1074 in
927 1017 1061 1076 urbe
1088 1023 1257 1076 Roma
1280 1021 1662 1078 celebraretur.

1147 1132 1455 1189 CIACONII.

587 1229 754 1306 Linea
785 1231 836 1306 ς.
861 1262 930 1273 —
958 1232 1240 1306 Sisinuius.
1271 1234 1494 1290 Joannis
1523 1234 1681 1298 filius,
1712 1235 1899 1306 Syrus,
1927 1234 2094 1289 Justi-

519 1298 685 1372 piabo
711 1300 754 1353 ll
777 1300 1021 1372 Augusto
1046 1304 1264 1372 impen;
1295 1306 1433 1360 sedit
1465 1306 1581 1361 dies
1615 1321 1720 1371 xx;
1753 1298 1982 1362 'creatus
2024 1320 2094 1359 xv

519 1367 662 1435 Kal.,
689 1367 1035 1428 consecratus
1061 1389 1093 1428 ι
1117 1367 1234 1428 Kal.
1252 1367 1599 1430 Novembris.

1188 1485 1408 1542 MAFEI.

588 1567 756 1646 Linea
777 1572 861 1646 _l_._
892 1603 953 1615 -
981 1571 1246 1646 Sisinuius
1285 1579 1494 1630 natione
1524 1576 1711 1646 Syrus.
1738 1577 2090 1646 Temporibus

517 1636 792 1696 Benedicti
817 1640 861 1696 ll
890 1643 1149 1700 restincto
1179 1659 1276 1700 uer
1302 1636 1712 1703 Constantinum
1754 1636 2087 1719 Pogonatum

2199 533 2311 605 quo
2367 553 2527 607 supra
2559 533 2674 592 dixi
2724 538 2776 591 in
2824 537 3150 601 Benedicto,
3197 533 3369 590 novas
3415 547 3565 607 artes
3611 533 3761 591 Gnaei

2197 606 2589 675 excogitarunt,
2620 608 2816 676 quibus
2843 621 2940 675 pro
2965 621 3152 660 eorum
3199 607 3434 660 arbitrio
3477 606 3760 676 Romanam

2199 673 2606 731 moderarentur
2639 673 2956 731 Ecclesiam.
3000 675 3058 730 lu
3109 691 3327 730 sacrum
3367 675 3624 730 videlicet
3650 673 3759 728 cieri

2201 745 2360 800 Urbis
2388 745 2666 812 collegium
2708 745 2924 800 Graecos
2964 754 3018 800 et
3046 744 3355 802 Orientales
3393 745 3659 798 curabant
3687 758 3762 797 co-

2197 816 2392 883 optari,
2409 829 2472 868 cx
2494 815 2687 884 quibus
2702 817 2964 884 pnecipue
2974 816 3334 869 exarcliorum
3347 829 3516 882 opera
3539 813 3761 882 pontifex

2197 885 2515 952 eligebatur.
2571 883 2890 940 Benedictus
2937 883 3238 948 Joannem,
3291 884 3536 938 nominis
3592 883 3760 936 ordine

2239 953 2738 1023 uintum,Syrum
2801 954 3043 1017 natione,
3102 968 3473 1023 successorem
3552 952 3755 1023 habuit;

2230 1038 2448 1084 oannes,
2490 1022 2762 1092 Cononem
2793 1023 3090 1086 Thracem;
3134 1023 3348 1086 Conon,
3391 1022 3645 1092 sergium
3668 1022 3760 1092 Sy-

2199 1108 2357 1156 rutu;
2399 1093 2644 1156 Sergius,
2694 1091 2954 1146 Joannem
2995 1092 3082 1153 Vl,
3113 1101 3170 1146 et
3195 1093 3387 1146 deinde
3431 1090 3548 1153 VII,
3596 1090 3756 1146 arabes

2197 1161 2446 1242 graecos;
2499 1160 2733 1242 Jgannes
2787 1160 2907 1242 'Vll,
2973 1161 3268 1242 Sisinuiu‘m
3331 1163 3475 1215 hunc
3545 1160 3751 1242 Syrum;

2200 1230 2467 1285 Sisinuius
2486 1271 2499 1290 .
2525 1231 2930 1286 Constantinum
2974 1232 3156 1284 itidem
3193 1230 3424 1292 Syrum;
3460 1239 3519 1284 et
3549 1230 3640 1284 vix
3667 1247 3756 1285 uno

2197 1299 2457 1369 Gregorio
2476 1301 2517 1357 ll
2546 1302 2846 1368 interjecto,
2877 1299 3275 1371 Qregoriuslll,
3303 1301 3494 1370 Syrus,
3528 1301 3751 1371 eligitur;

2198 1368 2503 1439 post’quein
2530 1371 2847 1433 Zacharias,
2889 1368 3136 1430 Graecus,
3170 1368 3428 1424 Romana:
3454 1371 3572 1423 sedi
3608 1368 3757 1439 pne}-

2153 1451 2162 1456 ‘
2198 1438 2374 1492 eitur.’
2409 1438 2515 1492 Sed
2565 1448 2772 1492 tantum
2826 1439 2995 1493 abfuit
3040 1449 3097 1491 ut
3143 1440 3247 1493 hac
3297 1439 3365 1493 de
3409 1453 3576 1492 causa
3609 1438 3750 1492 electi

2198 1508 2476 1579 pontiﬁces
2505 1508 2585 1579 vel
2629 1509 2904 1562 minimum
2934 1509 3208 1578 quidpiam
3241 1507 3566 1579 apostolica:
3603 1509 3756 1579 gravi-

2198 1577 2322 1631 tatis
2350 1585 2405 1648 et
2438 1577 2721 1648 religionis
2749 1577 3080 1648 remiseriut,
3131 1577 3552 1648 miti-meorum
3580 1577 3754 1648 iniquis

2196 1647 2646 1716 postulationibus
2669 1663 2828 1703 nemo
2854 1648 2940 1702 bis
2959 1647 3142 1702 acrius
3161 1647 3463 1702 obstiterit.

516 1819 3729 1850 ————I———-————————————-———————_———————————

1626 1960 1783 2038 XC.
1845 1961 2630 2044 CONSTANTINUS

1427 2131 1595 2176 ANNO
1634 2133 1882 2176 cunisn
1924 2116 2074 2187 708,
2116 2135 2467 2180 wsmvmvt
2502 2135 2744 2181 mauu
2785 2121 2844 2182 ὅ.

764 2386 926 2456 170
991 2387 1505 2457 Constantinus.
1595 2389 1857 2452 natione
1941 2392 2186 2470 Syrus,
2273 2409 2352 2453 ex
2429 2398 2606 2470 patre
2696 2391 2989 2462 Joanne,
3079 2387 3254 2451 sedit
3335 2405 3544 2453 annos
3629 2405 3754 2471 sep-

680 2494 857 2562 tem,
959 2487 1098 2552 dies
1208 2491 1573 2571 quindecim
1657 2508 1705 2555 α.
1815 2493 1964 2556 Fuit
2061 2501 2274 2558 autem
2377 2494 2774 2572 temporibus
2859 2491 3208 2555 Justiniani
3289 2491 3628 2572 Philippici
3701 2502 3754 2554 et

680 2587 1002 2655 Anastasii
1105 2594 1562 2671 Augustorum.
1671 2597 1788 2658 Vir
1882 2597 2062 2658 valde
2174 2597 2599 2669 mitissimus,
2704 2596 2889 2676 cujus
2979 2594 3387 2674 temporibus
3474 2597 3545 2657 in
3617 2598 3756 2657 urbe

680 2701 874 2764 Roma
936 2701 1137 2764 fames
1192 2702 1351 2766 facta
1411 2711 1506 2766 est
1565 2722 1792 2784 magna
1855 2724 1966 2784 per
2025 2724 2230 2769 annos
2295 2715 2444 2768 tres.
2513 2707 2662 2766 Post
2718 2721 2882 2783 quos
2933 2710 3103 2765 tanta
3156 2702 3278 2766 fuit
3337 2699 3643 2774 ubertas,
3695 2705 3753 2758 ut

599 2797 1025 2865 5fertilitatis
1107 2803 1288 2880 copia
1366 2804 1700 2881 prmteritm
1756 2806 2112 2868 sterilitatis
2193 2806 2474 2884 inopiam
2560 2803 2869 2867 oblivioni
2949 2802 3302 2864 mandaret.
3394 2801 3521 2863 Hic
3610 2798 3753 2861 ordi-

683 2903 862 2966 navit
941 2905 1217 2968 Felicem
1293 2905 1847 2986 archiepiscOpum
1923 2911 2400 2985 Ravennatem,
2492 2909 2606 2990 qui
2689 2907 3044 2971 secundum
3130 2907 3424 2986 priorum
3515 2921 3754 2966 suorum

682 3007 904 3070 solitas
962 3008 1328 3070 in-scrinio
1385 3009 1594 3071 noluit
1654 3009 1865 3074 facere
1922 3013 2302 3086 cautiones,
2354 3012 2466 3074 sed
2523 3030 2638 3091 per
2698 3011 3042 3090 potentiam
3088 3009 3388 3088 judicum
3456 3008 3760 3086 exposuit,

681 3117 753 3173 ut
825 3107 1055 3173 inaluit
1110 3110 1162 3174 δ.
1232 3112 1432 3192 Cujus
1505 3113 1764 3187 cautio,
1837 3133 1871 3176 a
1929 3115 2226 3194 pontifice
2285 3116 2351 3176 iu
2422 3113 2848 3177 sacratissima
2909 3113 3322 3175 confessione
3386 3111 3554 3174 beati
3614 3111 3766 3171 Petri

685 3215 957 3294 apostoli
1025 3217 1225 3294 posita
1259 3262 1276 3288 ,
1338 3224 1480 3298 post
1531 3235 1663 3280 non
1708 3219 1944 3282 multos
1996 3221 2135 3284 dies
2198 3227 2359 3282 terra
2409 3225 2470 3282 et
2519 3219 2701 3299 quasi
2756 3217 2889 3297 igni
2941 3217 3274 3279 combusta
3341 3224 3599 3294 reperta
3656 3223 3766 3274 est.

573 3313 651 3375 10
693 3324 716 3353 ο
788 3314 938 3375 Nam
1003 3314 1470 3380 Ravennatium
1552 3318 1725 3379 cives
1813 3319 1958 3380 elati
2033 3321 2330 3400 superbia
2403 3321 2596 3397 digna
2664 3317 2934 3381 ultionis
2992 3335 3178 3397 poena
3241 3317 3540 3378 mulctati
3607 3320 3768 3374 sunt.

683 3418 942 3480 Mittens
1047 3419 1287 3498 quippe
1401 3419 1804 3481 Justinianus
1901 3421 2249 3501 imperator
2349 3420 2754 3482 Theodorum
2845 3415 3183 3496 patricium
3268 3421 3335 3477 et
3418 3416 3695 3492 primum
3739 3412 3768 3452 ⁴

683 3517 1000 3582 exercitus
1059 3519 1292 3581 insulis
1349 3519 1573 3580 Sicilire
1637 3537 1780 3581 cum
1839 3519 2042 3581 classe
2100 3519 2406 3593 navium,
2474 3520 2834 3579 Ravennam
2897 3514 3220 3576 civitatem
3283 3514 3496 3591 cepit,
3567 3507 3770 3589 prada.

680 3621 817 3677 tum
894 3615 1445 3694 archiepisc0pum
1533 3626 1934 3695 arrogantem
2019 3617 2084 3678 in
2142 3617 2284 3678 navi
2364 3614 2647 3676 vinctum
2733 3612 2982 3686 tenuit,
3060 3620 3122 3672 et
3197 3628 3430 3672 omnes
3513 3608 3771 3670 rebelles

677 3731 844 3794 quos
893 3714 981 3776 ibi
1024 3715 1260 3792 reperit
1305 3716 1719 3795 compedibus
1765 3715 2057 3787 strinxit,
2114 3715 2368 3776 divitias
2423 3731 2644 3775 eorum
2684 3710 2977 3783 abstulit,
3028 3717 3088 3771 et
3147 3705 3770 3784 Constantinopolim

561 3811 638 3876 15
679 3814 875 3875 misit.
962 3813 1075 3876 Dei
1154 3820 1366 3877 autem
1437 3814 1730 3894 judicio,
1811 3821 1874 3876 et
1955 3815 2388 3890 apostolorum
2459 3813 2761 3892 principis
2839 3811 3001 3873 Petri
3065 3810 3436 3881 sententia,
3499 3810 3614 3889 qui
3676 3808 3776 3866 in-

681 3911 1056 3974 obedientes
1105 3911 1367 3976 fuerunt
1423 3914 1789 3993 apostolicae
1856 3913 2029 3974 sedis
2100 3924 2167 3984 ο,
2241 3929 2450 3974 amara
2529 3920 2729 3973 morte
2808 3910 3122 3990 perempti
3201 3917 3393 3981 sunt,
3461 3918 3525 3971 et
3581 3909 3776 3990 isdem

685 4011 1208 4092 archiepisc0pus
1268 4013 1512 4076 lumine
1580 4013 1866 4092 privatus
1922 4013 2180 4090 dignam
2244 4011 2426 4076 factis
2488 4010 2805 4090 recipiens
2864 4026 3120 4088 pcenam
3179 4009 3363 4072 exsul
3425 4010 3499 4072 in
3561 4009 3780 4070 Ponti-

690 4128 826 4173 cam
863 4111 1281 4175 transmissus
1311 4118 1406 4175 est
1434 4113 1784 4192 regionem.

765 4208 919 4278 171
983 4209 1253 4271 Hisdem
1308 4207 1327 4248 ί
1379 4210 1780 4287 temporibus
1833 4209 2011 4270 misit
2061 4206 2422 4288 suprafatus
2473 4207 2816 4285 imperator
2873 4205 2950 4267 ad
3010 4205 3515 4267 Constantinum
3569 4204 3776 4284 piuti-

683 4311 864 4372 ﬂcem
931 4327 1173 4372 sacram
1234 4328 1348 4389 per
1405 4328 1598 4388 quam
1653 4313 1850 4390 jussit
1907 4329 2055 4374 eum
2125 4312 2204 4373 ad
2262 4311 2503 4389 regiam
2562 4311 2907 4374 ascendere
2953 4311 3183 4372 urbem
3223 4311 3274 4372 ⁸.
3331 4311 3464 4384 Qui
3518 4310 3780 4372 sanctis-

678 4413 885 4476 simus
943 4411 1078 4487 vir,
1125 4413 1330 4492 jussis
1387 4414 1826 4492 imperialibus
1868 4417 2356 4496 obtemperans,
2413 4414 2588 4477 illico
2637 4413 2890 4492 navigia
2939 4413 3095 4476 fecit
3149 4415 3407 4492 parari,
3469 4425 3778 4494 quatenus

677 4515 804 4581 iter
861 4516 1314 4597 aggrederetur
1369 4517 1738 4592 marinum,
1799 4525 1863 4580 et
1909 4536 2208 4598 egressus
2254 4527 2349 4582 est
2381 4537 2439 4580 .a
2497 4525 2680 4597 portu
2745 4518 3034 4580 Romano
3079 4516 3196 4580 die
3258 4517 3492 4595 quinta
3543 4513 3778 4580 mensis

592 4619 636 4688 5
678 4619 1018 4697 Octobris,
1074 4621 1430 4686 indictione
1488 4639 1579 4685 ix.
1639 4625 1717 4685 Et
1777 4625 1980 4686 secuti
2045 4631 2197 4687 sunt
2261 4637 2413 4686 eum
2467 4624 2720 4685 Nicetes
2780 4621 3122 4700 episcOpus
3185 4621 3382 4683 Silvae
3439 4620 3776 4687 Candide.

672 4721 991 4800 Georgius
1077 4721 1417 4801 episcopus
1508 4723 1924 4796 Porluensis,
2022 4722 2403 4785 Michaelius
2477 4725 2554 4796 δ,
2622 4721 2902 4795 Paulus,
2996 4721 3320 4799 Georgius
3407 4720 3777 4799 presbyter,

676 4824 992 4902 Georgius
1060 4824 1419 4899 diaconus,
1493 4827 1808 4904 Georgius
1886 4826 2410 4901 secundicerius,
2499 4826 2778 4887 Joannes
2864 4824 3110 4903 primus
3190 4823 3547 4896 defensor,
3631 4823 3777 4884 Cos—

674 4943 818 4988 mus
865 4930 882 4967 ί
930 4929 1345 5004 sacellarius,
1393 4930 1714 4992 Sisinuius
1763 4929 2288 5002 nomenculator,
2349 4929 2608 5008 Sergius
2661 4927 3075 5000 scriniarius,
3130 4927 3513 5016 Dorotheus
3560 4934 3632 4989 et
3675 4926 3788 4985 Ju—

670 5027 884 5094 lianus
915 5033 1293 5094 subdiaconi
1321 5080 1336 5094 .
1375 5041 1437 5094 et
1477 5035 1555 5094 de
1593 5033 1860 5096 reliquis
1890 5033 2190 5096 gradibus
2220 5033 2520 5094 Ecclesiae
2559 5032 2742 5098 pauci
2773 5030 2983 5093 clerici
3014 5029 3063 5088 ἓ.
