4024 6316
165 272 290 338 949
912 277 1231 335 HISTORIA
1271 276 1359 333 DE
1395 276 1572 334 VITIS
1610 277 1754 334 R03!

1864 277 2018 335 ΟΝΤ.
2058 309 2128 319 --
2165 278 2711 338 CONSTANTINL'S.
3348 282 3453 339 950

300 392 530 469 ‘gium
592 389 1077 463 ordinatorem,
1139 375 1544 469 pergensque
1608 391 1975 450 Ravennam
2048 404 2163 465 pro
2229 387 2910 456 suisnefandissimis
2969 392 3151 457 factis
3204 393 3455 473 judicio

260 489 304 552 5
345 488 467 552 Dei
548 489 681 551 illic
758 488 1133 567 turpissima
1207 496 1414 551 morte
1487 487 1815 551 occubuit.
1888 487 2204 566 Georgius
2262 504 2413 551 vero
2475 491 2813 571 presbyter
2874 494 3132 574 Neapoli
3191 495 3455 560 relictus

344 601 492 670 est,
549 602 611 657 et
656 592 947 674 pontifex
1005 610 1153 658 cum
1205 593 1344 655 suis
1388 590 1671 655 Siciliam
1719 592 2045 672 perrexit,
2097 591 2208 655 ubi
2261 590 2640 657 Theodorus
2686 596 2991 674 patricius
3041 599 3386 665 extraticus
3424 612 3455 643 α

344 711 657 776 .anguore
727 694 1028 759 detentus
1101 709 1445 757 occurrens
1510 690 1838 772 pontiﬁci,
1915 706 2142 772 magna
2216 706 2362 753 cum
2432 692 2845 757 veneratione
2912 694 3199 759 salutans
3256 706 3454 780 atque

345 797 760 877 suscipiens,
826 796 1140 862 medelam
1208 795 1477 875 adeptus
1548 800 1646 858 est
1707 793 2004 858 celerem.
2076 795 2290 876 Atque
2369 793 2519 858 inde
2597 795 2934 874 egrediens
3014 818 3127 879 per
3180 802 3465 880 Regium

352 910 418 968 et
478 901 877 973 Cortonam,
930 898 1359 962 transfretavit
1425 896 1839 976 Callipolim,
1911 897 2018 959 ubi
2078 906 2372 961 mortuus
2432 906 2530 961 est
2586 900 2804 964 Niceta
2862 901 3225 983 episcOpus.
3284 906 3457 971 Dum

218 1009 306 1072 10
348 1022 503 1072 vero
560 1004 888 1088 Hydrunti
945 1021 1157 1067 moras
1215 1002 1501 1078 faceret,
1543 1019 1621 1067 eo
1674 1002 1848 1084 quod
1913 1001 2120 1065 hiems
2169 1012 2343 1079 erat,
2399 1003 2529 1069 illic
2576 1005 2864 1087 suscepit
2907 1006 3189 1085 sigillum
3253 1009 3458 1091 impe-

345 1110 504 1175 riale
594 1129 708 1192 per
780 1109 1273 1193 TheOphanium
1363 1109 1843 1189 regionarium,
1930 1109 2269 1174 continens
2361 1111 2451 1173 ita
2533 1118 2600 1177 ut
2698 1112 2814 1178 ubi
2891 1115 2924 1155 δ
3001 1112 3454 1179 denominatus

344 1213 749 1291 contingeret
803 1223 826 1252 α
888 1211 1231 1292 pontifex,
1290 1227 1518 1275 omnes
1570 1211 1828 1291 judices
1870 1210 1958 1273 ita
2019 1228 2167 1273 eum
2226 1211 2580 1277 honoriﬁce
2628 1213 3075 1295 susciperent,
3113 1214 3297 1293 quasi
3352 1214 3456 1295 ip-

342 1335 489 1382 sum
561 1316 1047 1399 praesentialiter
1111 1315 1563 1398 imperatorem
1635 1316 1950 1380 viderent.
2025 1317 2205 1379 Unde
2277 1319 2520 1396 egressi
2593 1326 2809 1399 partes
2875 1319 3135 1382 Gracia
3200 1321 3460 1382 contin-

345 1431 614 1505 gentes,
688 1424 757 1486 in
812 1423 1031 1486 insula
1101 1441 1250 1506 quin
1328 1423 1567 1487 dicitur
1636 1422 1776 1486 Casa
1839 1422 2118 1487 occurrit
2170 1422 2591 1503 'l‘beophilius
2649 1426 2955 1505 patricius
3016 1431 3363 1493 extraticus
3428 1434 3454 1473 ἀ

215 1534 301 1596 15
338 1530 881 1596 caravisianorum
945 1541 971 1571 ο
1036 1544 1182 1595 eum
1238 1548 1493 1593 summo
1567 1530 1817 1595 honore
1884 1549 2033 1595 eum
2112 1531 2443 1611 suscepit,
2522 1538 2586 1594 et
2652 1531 3045 1612 amplectens
3115 1541 3185 1597 ut
3242 1537 3457 1615 jussio

346 1634 760 1709 continebat,
824 1634 946 1698 iter
1010 1634 1286 1698 absolvit
1344 1651 1646 1714 peragere
1708 1641 2008 1716 coeptum.
2080 1637 2132 1699 A
2192 1652 2323 1716 quo
2389 1635 2531 1700 loco
2592 1637 2966 1715 navigantes
3038 1647 3353 1703 venerunt
3422 1659 3462 1703 a

345 1733 624 1815 septimo
681 1733 986 1799 milliario
1037 1733 1711 1812 Constantinopolim;
1774 1734 1886 1797 ubi
1944 1751 2246 1813 egressus
2301 1735 2602 1799 Tiberius
2652 1737 3041 1816 imperator,
3098 1737 3271 1800 filius
3336 1739 3458 1801 Ju-

342 1836 607 1901 stiniani
663 1837 993 1917 Augusti,
1037 1855 1183 1901 cum
1241 1837 1525 1919 patriciis
1592 1845 1655 1901 et
1704 1837 2009 1900 omnibus
2114 1838 2421 1919 inclytis,
2502 1846 2565 1902 et
2631 1839 2836 1919 Cyrus
2896 1841 3250 1921 patriarcha
3307 1859 3471 1908 cum

342 1942 515 2007 clero
584 1949 647 2005 et
707 1940 931 2022 pOpuli
989 1941 1453 2016 multitudine,
1519 1958 1747 2021 omnes
1816 1940 2103 2011 laetantes
2163 1949 2226 2006 et
2285 1943 2457 2009 diem
2514 1942 2751 2007 festum
2810 1953 3100 2024 agentes.
3163 1946 3462 2012 Pontifex

204 2050 300 2111 29
342 2055 563 2111 autem
629 2056 695 2112 et
772 2050 914 2131 ejus
988 2051 1294 2130 primates
1358 2068 1505 2114 cum
1587 2051 1927 2115 sellaribus
1979 2050 2465 2133 imperialibus,
2529 2052 2708 2116 sellis
2765 2060 2828 2117 et
2882 2051 3084 2117 frenis
3144 2053 3477 2117 inauratis.

342 2155 535 2216 simul
619 2162 681 2218 et
748 2156 1067 2237 mappulis
1136 2156 1412 2237 ingressi
1475 2164 1630 2220 sunt
1691 2155 2037 2220 civitatem.
2125 2157 2538 2237 Apostolicus
2600 2156 2891 2239 pontifex
2964 2175 3114 2223 cum
3189 2158 3461 2223 Caume-

343 2253 535 2332 laugo
601 2253 649 2328 τ,
716 2262 787 2318 ut
841 2257 1074 2321 solitus
1129 2264 1227 2320 est
1274 2260 1494 2320 Roma;
1534 2256 1933 2337 procedere,
1978 2276 2012 2319 a
2064 2256 2302 2337 palatio
2349 2275 2648 2337 egressus
2680 2303 2697 2333 ,
2758 2259 2827 2323 in
2873 2258 3184 2324 Placidias
3247 2276 3473 2340 usque.

343 2355 458 2420 ubi
491 2355 763 2435 placitus
798 2365 932 2423 erat
968 2366 1019 2433 ε,
1054 2360 1450 2443 μνορθτδνὶθῐ.

418 2460 579 2532 173
640 2463 934 2526 Domnus
1004 2472 1222 2537 autem
1291 2464 1699 2533 Iustinianus
1778 2465 2162 2547 imperator,
2225 2464 2496 2537 audiens
2560 2467 2702 2546 ejus
2770 2467 3157 2540 adventum,
3224 2482 3477 2545 magno-

340 2566 627 2644 repletus
683 2568 962 2646 gaudio,
1021 2588 1064 2631 a
1118 2570 1324 2635 Nicma
1384 2568 1696 2651 Bithyniae
1764 2571 1940 2634 misit
1994 2588 2244 2637 sacram
2306 2575 2334 2617 ι
2390 2570 2733 2650 gratiarum
2803 2574 3056 2636 actione
3118 2571 3370 2653 plenam
3435 2593 3452 2631 :

337 2666 423 2729 Et
472 2674 545 2730 nt
594 2668 925 2739 debuisset
976 2673 1261 2752 pontifex
1320 2691 1657 2741 occurrere
1710 2676 2189 2749 Nicomediam,
2250 2683 2317 2741 et
2374 2678 2516 2758 ipse
2573 2678 2794 2740 venire
2833 2688 2857 2729 ι
2899 2695 2935 2741 a
2991 2678 3228 2753 Nicena,
3277 2679 3472 2761 quod:

338 2773 405 2827 et
457 2764 693 2831 factum
746 2776 870 2837 est.
930 2771 1005 2834 In
1068 2771 1173 2835 die
1230 2779 1445 2837 autem
1499 2791 1624 2855 qua
1688 2791 1758 2837 se
1821 2774 2106 2839 vicissim
2164 2777 2191 2826 ι’
2251 2774 2593 2850 viderunt,
2653 2777 2986 2853 Augustus
3037 2776 3463 2839 Christianis‘

251 2872 295 2931 5
339 2869 548 2934 simus
603 2890 753 2939 cum
806 2892 1005 2954 regno
1058 2877 1129 2941 in
1192 2877 1399 2958 capite
1470 2896 1541 2942 se
1605 2881 1993 2960 prostravit,
2058 2879 2254 2960 pedes
2324 2879 2625 2943 osculans
2680 2880 3027 2961 pontiﬁcis.
3079 2881 3325 2946 Deinde
3383 2880 3452 2943 in

337 2976 711 3056 amplexum
762 2987 1061 3049 mutuum
1117 2985 1145 3027 ι
1202 2991 1625 3060 corruerunt,
1671 2990 1734 3049 et
1781 2985 1951 3049 facta
1995 2992 2093 3049 est
2147 2985 2365 3049 lmtitia
2419 3002 2643 3065 magna
2704 2986 2771 3048 in
2829 2985 3105 3065 pOpulo,
3147 2986 3471 3053 omnibus.

338 3083 808 3162 aspicientibus
882 3092 1119 3157 tantam
1211 3087 1641 3152 humilitatem
1731 3089 1889 3155 boni
1962 3090 2292 3169 principis.
2362 3089 2482 3152 Die
2568 3102 2721 3152 vero
2799 3089 3134 3167 Dominico
3221 3091 3454 3155 missas

340 3187 716 3267 imperatori
774 3187 966 3266 fecit,
1028 3197 1091 3253 et
1148 3193 1640 3256 communicaris.
1679 3193 1979 3273 princeps
2032 3194 2110 3258 ab
2169 3194 2309 3273 ejus
2378 3194 2723 3269 manibus,
2781 3211 3045 3277 quoque
3102 3195 3240 3259 suis
3296 3194 3467 3258 deli-

340 3287 462 3347 ctis
524 3293 595 3353 ut
645 3288 1100 3369 deprecaretur
1165 3291 1533 3369 pontiﬁcem
1616 3292 1991 3372 postulans,
2053 3292 2270 3357 omnia
2342 3292 2675 3371 privilegia
2734 3291 3039 3356 Ecclesia
3100 3292 3455 3366 renovavit,

214 3394 297 3453 ΞΘ
344 3394 1072 3472 atque‘sanctissimum
1112 3414 1361 3477 .papam
1419 3398 1498 3462 ad
1556 3399 1813 3479 prepria
1874 3400 2108 3464 reverti
2171 3400 2467 3465 absolvit.
2531 3403 2844 3479 Egressus
2908 3398 3107 3480 igitur
3163 3414 3198 3458 a
3266 3395 3463 3458 Nico-

344 3496 560 3560 media
628 3500 884 3563 civitate
938 3500 1180 3563 crebris
1248 3500 1728 3565 valetudinibus
1802 3502 2089 3582 pontifex
2152 3503 2451 3576 attritus,
2518 3503 2774 3566 tandem
2800 3546 2825 3576 ,,
2887 3500 3265 3581 sospitatem
3314 3498 3475 3559 Deo.

346 3603 731 3678 tribuente,
785 3604 1130 3669 incolumis
1198 3605 1277 3668 ad
1353 3612 1608 3685 portu-m
1681 3606 1913 3673 Caietae
1988 3606 2331 3684 pervenit,
2387 3604 2499 3667 ubi
2558 3606 2923 3669 sacerdotes
2978 3613 3047 3667 et-
3106 3602 3471 3669 maximam.

346 3707 573 3785 pepuli
642 3709 914 3773 Romani
995 3710 1229 3789 reperit
1294 3710 1816 3785 multitudinem,
1882 3727 1955 3773 ac
2009 3708 2316 3773 vicesimo
2378 3716 2615 3789 quarto
2669 3709 2776 3773 die
2832 3707 3075 3771 mensis
3129 3706 3424 3771 Octobris

342 3807 695 3871 indictione
756 3826 843 3882 ι,
921 3809 1190 3870 Romam
1270 3808 1601 3887 ingressus
1676 3815 1814 3883 est,
1891 3814 1956 3869 et
2015 3805 2228 3869 omnis
2288 3805 2571 3885 populus
2629 3804 2973 3885 exsultavit
3024 3808 3222 3886 atque
3278 3801 3452 3874 laeta~

211 3915 295 3975 εδ
343 3918 448 3973 tus
478 3918 594 3973 est.

2332 3958 2337 3967 ρ

430 4012 592 4087 174.
633 4012 750 4076 Hic
803 4012 953 4077 fecit
1015 4012 1451 4078 ordinationes
1533 4014 1982 4095 episcoporum
2068 4013 2139 4076 in
2194 4010 2422 4076 eundo-
2477 4004 2547 4075 et
2616 4010 2949 4075 redeundo
3027 4027 3142 4091 per
3192 4009 3463 4071 diversa.

342 4114 480 4176 loca
537 4114 881 4194 episcopos
945 4113 1311 4179 duodecim.
1370 4117 1521 4178 Post
1599 4133 1853 4179 menses
1935 4123 2150 4178 autem
2212 4116 2251 4177 3
2323 4113 2597 4192 lugubre
2672 4110 2980 4175 nuntium
3053 4106 3459 4190 personuit,

343 4218 519 4299 quod
582 4219 989 4282 Justinianns
1072 4219 1662 4283 Christianissimus
1724 4221 2121 4301 imperator,
2198 4226 2261 4282 et
2323 4217 2721 4283 orthodoxus
2789 4216 3184 4294 imperator,
3250 4211 3448 4272 truci-

342 4319 532 4380 datus
595 4324 735 4391 est,
797 4324 860 4382 et
893 4318 1293 4398 Philippicus
1352 4318 1696 4382 haereticus
1756 4320 1824 4381 in
1880 4319 2199 4400 imperiali
2240 4324 2588 4399 promotus
2639 4321 2743 4380 est
2783 4332 2970 4389 arce,
3028 4314 3214 4395 cujus
3250 4317 3449 4376 etsar

254 4418 307 4483 ὃ
344 4432 514 4481 cram
570 4434 719 4481 cum
797 4419 981 4498 pravi
1033 4417 1353 4498 dogmatis
1421 4418 1790 4482 exaratione
1876 4417 2338 4481 Constantinus
2400 4414 2729 4494 suscepit,
2810 4411 2926 4477 sed
2987 4429 3135 4476 cum
3188 4416 3447 4493 apesto~

342 4525 481 4588 licze
536 4524 710 4587 sedis
766 4524 1041 4588 consilio
1084 4525 1356 4605 respuit.
1413 4526 1811 4608 l-Hujusque
1863 4524 1961 4589 rei
2003 4541 2195 4589 causa
2242 4523 2383 4589 zelo
2424 4521 2574 4587 ﬁdei
2636 4535 2950 4585 accensus
3001 4515 3216 4580 omnis
3245 4518 3463 4579 cretus.

337 4624 645 4688 Romanae
717 4623 896 4688 urbis
972 4624 1373 4703 imaginem,
1445 4641 1639 4704 quam
1718 4623 1921 4685 (ἓνωαὶ
1999 4628 2320 4685 votaream
2377 4633 2420 4661 ιι
2479 4624 2757 4691 vocant,
2831 4632 2948 4679 sex
3013 4612 3460 4679 continentem.

274 4762 279 4765 -
342 4733 597 4792 sanctas
661 4745 743 4791 ae-
796 4727 1200 4791 universales
1253 4728 1540 4809 synodos
1577 4768 1596 4801 ,
1658 4728 1729 4789 in
1791 4726 2063 4789 ecclesia
2130 4725 2302 4788 beati
2361 4723 2530 4786 Petri
2591 4723 2961 4784 erexerunt.
3025 4716 3149 4779 Hic
3219 4713 3442 4777 refecit

340 4830 637 4905 patenam
696 4841 1000 4899 auream,
1080 4842 1345 4904 pensan.
1400 4825 1513 4887 lib.
1576 4823 1944 4893 duodecim.
2018 4824 2259 4885 Eodem
2317 4828 2604 4900 tempore
2677 4817 2871 4881 Felix
2920 4812 3457 4892 archiepiscopus

210 4931 301 4993 t0
342 4930 700 5006 Ravennae,
755 4933 839 4994 ab
895 4930 1126 4995 exsilio
1187 4931 1518 5003 reduetus,
1572 4927 1951 5010 poenitentia
2009 4933 2273 5001 motus,
2329 4925 2479 4988 licet
2540 4923 2875 4985 oculorum
2928 4918 3175 4981 lumine
3238 4915 3449 4994 priva-

337 5038 470 5109 tus,
530 5043 744 5098 tamen
799 5036 876 5099 ad
936 5035 1269 5116 prepriam
1315 5034 1504 5097 rediit
1554 5033 1801 5107 sedem,
1851 5039 1912 5095 et
1963 5031 2149 5095 solita
2200 5047 2344 5111 qua:
2396 5029 2473 5091 ab
2514 5025 2833 5088 universis
2891 5025 2957 5084 in
3019 5018 3255 5084 scrinio
3286 5017 3447 5097 Epi-

341 5152 686 5217 scOporum
735 5141 893 5202 fiunt
954 5140 1235 5203 indicula
1269 5183 1286 5212 ,
1351 5145 1413 5201 et
1465 5137 1614 5200 ﬁdei
1672 5136 2143 5217 expositionem
2172 5178 2188 5207 ,
2232 5139 2295 5196 et
2356 5132 2473 5194 hic
2512 5128 2857 5192 confessus
2883 5132 3016 5201 est,
3062 5125 3287 5209 sicque
3349 5138 3443 5185 ω-

347 5245 827 5310 conciliationis
863 5247 1218 5327 promeruit
1253 5245 1755 5310 absolutionem.

1259 5403 1523 5448 NOTULE
1586 5406 1631 5448 Μ
1642 5406 1672 5448 Δ
1682 5404 1987 5448 RGINALES
2033 5401 2367 5446 FABBOTTI'.

249 5539 279 5569 ι
331 5535 388 5583 et
430 5526 717 5584 Straticns.
793 5530 823 5569 ι»
867 5528 1189 5594 ubicunque.
1287 5540 1306 5565 ε
1338 5527 1737 5583 conveniretur.
1830 5525 1854 5566 δ
1905 5536 1960 5582 et
1994 5526 2274 5594 Slrategus
2304 5523 2368 5578 Β.
2469 5534 2492 5563 ε
2525 5521 2588 5583 Β.
2619 5519 3104 5594 curavisianorum.
3202 5518 3435 5594 'Came-

166 5597 358 5652 laneo.
438 5600 463 5638 ⁸
489 5599 854 5668 hospitaturus
882 5608 1016 5654 erat.
1086 5588 1119 5639 Ἰι
1151 5598 1453 5668 epistolam.
1532 5601 1555 5647 ὁ
1596 5598 1819 5652 veniret.
1905 5588 2292 5662 lB,invicein.
2382 5595 2407 5632 ι
2440 5601 2643 5648 motuo.
2736 5590 2753 5629 1
2798 5588 2924 5643 Vide
2956 5588 3154 5645 Baron.
3193 5588 3263 5642 ad
3307 5603 3431 5642 ann.

170 5668 397 5723 Domini
423 5669 544 5723 7ll.
624 5681 663 5708 ω
690 5683 1032 5739 pancarcam.
