4024 6316
707 325 811 382 9ίὸ
983 389 988 394 ,
1431 373 1434 376 .
1857 330 2212 386 ANASTASII
2251 334 2296 388 Β]

2208 335 2212 385 L
2251 333 2786 396 BIBLIOTIIECARII
3731 355 3797 411 π

788 443 826 502 5
866 437 1066 506 larius
1117 441 1344 515 factus,
1400 444 1804 512 bibliotheca
1857 449 1950 510 illi
2005 455 2100 512 est
2161 461 2353 512 cura'
2403 452 2766 524 commissa,
2820 450 3052 515 deinde
3089 451 3164 514 ad
3215 453 3552 521 diaconatus
3590 466 3796 530 ordinem

863 551 1198 621 provectus
1252 553 1372 609 est.
1431 530 1507 611 Et
1554 569 1698 613 cum
1762 553 1897 614 viro
1952 556 2170 614 sancto
2227 552 2643 615 Constantino
2693 553 2988 632 pontiﬁce
3036 555 3111 614 ad
3173 555 3394 632 regiam
3443 560 3702 636 profectus
3738 573 3798 631 est

839 643 1128 716 urbem,
1180 650 1371 724 atque
1422 665 1457 708 a
1509 649 1871 710 Iustiniano
1943 651 2228 727 principe
2300 651 2654 730 inquisitus
2720 652 2800 712 de
2856 652 3236 730 quibusdam
3298 657 3595 734 capitulis,
3635 667 3797 741 Optima

861 742 1281 821 responsione
1353 765 1872 830 unamquamque
1945 752 2132 814 solvit
2206 754 2646 832 quaestionem.
2721 756 2867 816 Erat
2947 756 3116 817 enim
3193 758 3282 818 vir
3354 768 3577 834 castus,
3642 767 3798 828 divina,

860 846 1199 926 Scripturae
1277 853 1604 926 eruditus,
1679 853 1988 918 facundus
2069 856 2323 936 loquela
2399 866 2460 920 et
2515 866 2811 919 constans
2875 860 3126 932 animo,
3193 861 3692 928 ecclesiasticarum
3738 889 3800 931 re.

744 949 812 1006 to
857 961 1000 1007 rum
1060 946 1358 1010 defensor
1423 959 1484 1012 et
1548 953 1880 1014 contrariis
1931 955 1958 995 δ
2017 952 2406 1016 fortissimus
2481 954 2908 1032 impugnator.
2982 956 3098 1017 Hic
3180 957 3427 1017 exordio
3503 962 3798 1036 pontiﬁcatus

863 1049 964 1110 sui
1015 1050 1314 1114 calcarias
1364 1053 1634 1133 decoqui
1657 1055 1914 1132 .jussit,
1967 1062 2029 1117 et
2075 1073 2110 1117 ει
2167 1062 2342 1134 porta
2385 1067 2406 1093 ο
2451 1056 2652 1117 sancti
2695 1057 3016 1118 Laurentii
3071 1056 3371 1119 inchoans
3407 1060 3575 1138 hujus
3613 1063 3797 1125 civitatis

863 1158 1082 1209 murOs
1158 1153 1512 1211 restaurare
1586 1150 1988 1224 decreverat,
2055 1157 2117 1212 et
2171 1151 2447 1230 aliquam
2513 1157 2755 1230 partem
2824 1151 3110 1224 faciens,
3179 1155 3604 1231 emergentibus
3653 1159 3798 1220 incon-

862 1249 1039 1325 gruis
1072 1252 1392 1331 variisque
1430 1253 1807 1316 tumultibus
1831 1298 1848 1328 ,
1889 1255 2270 1334 praepeditus
2300 1263 2416 1324 est.

951 1347 1112 1419 178
1166 1351 1192 1391 ἀ
1255 1351 1464 1430 Hujus
1533 1354 1926 1432 temporibus
1981 1356 2258 1416 Joannes
2316 1355 3061 1436 Constantinopolitanus
3126 1361 3383 1421 antistes
3435 1363 3724 1440 synodicam
3761 1369 3796 1426 cl

866 1447 1085 1522 misit,
1150 1454 1339 1528 atque
1396 1451 1473 1512 ad
1525 1469 1670 1512 eum
1739 1452 2054 1529 rescriptis
2115 1453 2284 1514 idem
2351 1470 2507 1514 usus
2567 1460 2664 1516 est
2725 1455 3033 1534 pontifex.
3099 1451 3220 1519 Hic
3279 1459 3585 1520 maximam
3638 1470 3797 1538 partem

865 1544 1141 1606 basilicae
1199 1544 1363 1606 beati
1421 1546 1598 1609 Pauli
1657 1560 1682 1588 ο
1743 1547 2056 1626 apostoli,
2117 1565 2262 1628 quae
2327 1549 2672 1624 ceciderat,
2730 1550 2936 1612 allatis
2981 1551 3060 1613 de
3115 1551 3392 1614 Calabria
3435 1556 3667 1618 trabibus
3703 1575 3796 1623 coo-

864 1647 1111 1724 peruit,
1172 1654 1234 1710 et
1285 1648 1480 1710 altare
1538 1667 1572 1711 a
1625 1666 1790 1712 novo
1854 1649 2041 1723 fecit,
2099 1659 2160 1714 et
2213 1651 2523 1712 ciborium
2581 1659 2994 1730 argenteum,
3047 1655 3220 1734 quod
3265 1655 3456 1719 fuerat
3498 1661 3645 1721 ruina
3676 1678 3798 1738 quas-

787 1752 824 1810 5
869 1757 1074 1810 satum
1148 1755 1194 1811 ί.
1259 1759 1284 1797 ε
1344 1751 1557 1814 Sancti
1621 1751 1944 1813 Laurentii
2000 1753 2234 1831 pariter
2292 1752 2620 1815 ecclesiam
2679 1755 2836 1816 foris
2893 1773 3112 1817 muros
3167 1757 3389 1829 sitam,
3438 1776 3560 1838 quae
3606 1763 3795 1823 trabibus

866 1851 1201 1915 confractis
1270 1853 1468 1915 ruinae
1520 1856 1650 1932 jam
1715 1860 1845 1916 erat
1901 1855 2150 1927 vicina,
2216 1857 2573 1934 reparavit,
2644 1865 2834 1939 atque
2895 1877 3125 1939 aquam
3190 1857 3410 1922 fistulis
3465 1864 3795 1940 compaginatis

865 1956 1004 2029 post
1063 1950 1335 2012 multum
1391 1959 1639 2029 tempus
1694 1951 1760 2011 in
1815 1951 2099 2014 eamdem
2155 1951 2485 2014 ecclesiam
2539 1955 2832 2027 reduxit,
2883 1955 3300 2034 diversasque
3350 1957 3610 2019 ecclesias
3640 1960 3685 2019 in
3717 1961 3797 2019 rui-

869 2053 968 2113 nis
1043 2051 1278 2129 positas
1350 2051 1715 2125 innovavit,
1773 2070 1931 2132 quas
2001 2070 2114 2131 per
2169 2054 2456 2116 ordinem
2513 2055 2725 2118 dicere
2797 2054 3057 2135 longum
3120 2063 3238 2119 est.
3301 2058 3412 2120 Hic
3464 2059 3520 2118 in
3567 2059 3794 2119 Germania

863 2170 973 2230 per
1032 2152 1428 2214 Bonifacium
1493 2154 1860 2233 episcopum
1921 2156 2182 2217 verbum
2246 2157 2470 2220 salutis
2548 2159 2945 2236 praedicavit,
3021 2165 3082 2222 et
3157 2169 3402 2239 gentem
3465 2161 3602 2223 illam
3652 2163 3797 2221 seden-

746 2255 818 2314 tO
864 2261 984 2317 tem
1043 2255 1111 2316 in
1174 2257 1454 2319 tenebris
1515 2256 1801 2320 doctrina
1853 2256 2016 2320 iucis
2077 2261 2391 2323 convertit
2446 2261 2523 2323 ad
2579 2261 2922 2325 Christum.
2981 2263 3104 2325 Hic
3169 2263 3554 2334 monasteria,
3600 2279 3702 2341 qua
3736 2278 3797 2322 se-

866 2375 978 2419 cus
1021 2363 1049 2402 ει
1091 2359 1416 2422 basilicam
1463 2359 1661 2422 sancti
1721 2360 1899 2423 Pauli
1949 2368 2157 2437 erant,
2205 2362 2282 2424 ad
2335 2363 2746 2426 solitudinem
2797 2365 3060 2428 deducta
3102 2366 3456 2438 innovavit,
3498 2374 3650 2443 atque
3684 2363 3798 2425 ordi-

863 2459 1026 2520 natis
1097 2458 1299 2520 servis
1364 2459 1482 2520 Dei
1539 2456 1908 2532 monachis,
1970 2462 2520 2538 congregationem
2590 2467 2729 2539 post
2791 2461 3050 2537 longum
3112 2468 3360 2540 tempus
3413 2460 3712 2527 constituit,
3756 2467 3796 2517 ut

864 2559 1099 2622 ibidem
1146 2561 1250 2624 die
1310 2570 1629 2643 noctuque
1678 2563 1808 2626 Deo
1869 2563 2203 2627 redderent
2254 2563 2496 2626 laudes.
2555 2563 2672 2626 Hic
2727 2565 3163 2642 gerocomium
3226 2576 3288 2637 ί,
3338 2563 3494 2646 quod
3540 2569 3646 2642 post
3687 2562 3793 2621 absi-

864 2663 1006 2725 dem
1067 2673 1296 2729 sanctae
1349 2667 1466 2730 Dei
1531 2667 1870 2731 Genitricis
1936 2667 2014 2731 ad
2073 2669 2358 2748 Praesepe
2414 2669 2606 2732 situm
2669 2677 2804 2742 est,
2858 2671 3318 2732 monasterium
3370 2667 3627 2728 instituit.
3663 2667 3796 2740 Atque

744 2769 818 2828 15
857 2771 1309 2832 monasterium
1387 2772 1587 2835 sancti
1684 2772 1952 2836 Andreas
2028 2772 2343 2852 apostoli,
2408 2771 2577 2852 quod
2651 2770 2930 2833 Barbarie
3001 2778 3444 2852 nuncupatur,
3510 2768 3572 2832 ad
3625 2767 3791 2828 nimiam

863 2873 1200 2934 deductum
1259 2871 1732 2948 desertionem,
1794 2877 1858 2936 in
1932 2893 2062 2957 quo
2131 2893 2250 2938 nec
2311 2892 2478 2937 unus
2548 2874 2896 2936 habebatur
2962 2880 2976 2929 i
3046 2875 3437 2944 monachus,
3492 2871 3661 2934 ascitis
3706 2882 3796 2928 ino-

865 2968 1082 3030 nachis
1155 2968 1510 3044 ordinavit,
1590 2977 1656 3033 ut
1719 2978 1988 3054 utraque
2064 2972 2443 3035 monasteria
2512 2972 2591 3034 ad
2659 2977 2936 3034 sanctam
3017 2973 3136 3035 Dei
3200 2973 3557 3036 Genitriccm
3615 2965 3795 3044 singulis

859 3071 1096 3155 diebus
1125 3079 1315 3154 atque
1353 3073 1646 3136 noctibus
1685 3075 1818 3138 Deo
1855 3074 2074 3137 laudes
2107 3081 2425 3138 canerent.

939 3177 1104 3248 179
1174 3180 1266 3240 Eo
1352 3181 1633 3256 tempore
1716 3172 2145 3258 Luitprandus
2223 3195 2334 3241 rex
2414 3177 2826 3240 donationem
2911 3179 3277 3258 patrimonii
3358 3178 3584 3258 Alpium
3639 3169 3798 3236 Cotzia-

867 3300 1008 3344 rum
1065 3288 1130 3356 ll,
1187 3297 1381 3362 (luam
1438 3281 1770 3363 Aripertu's
1827 3301 1935 3346 rex
1995 3283 2268 3355 fecerat,
2335 3279 2564 3361 hicque
2631 3283 3011 3362 repetierat,
3075 3281 3497 3346 admonitione
3546 3277 3665 3342 tanti
3705 3272 3798 3340 viri,

870 3387 961 3450 vel
1026 3387 1462 3467 increpatione
1518 3387 1828 3449 redditam
1894 3386 2308 3448 confirmavit.
2375 3383 2393 3426 ι
2455 3387 2664 3467 Hujus
2724 3387 3121 3466 temporibus
3187 3387 3429 3464 signum
3483 3385 3540 3444 in
3589 3380 3696 3440 luna
3731 3374 3798 3482 ,ἴθ-

867 3496 1030 3550 ctum
1066 3494 1174 3549 est
1222 3487 1576 3551 indictione
1619 3505 1774 3562 xxv,
1823 3499 1883 3548 et
1931 3486 2063 3548 visa
2111 3493 2206 3546 est
2255 3491 2576 3547 cruentata
2629 3503 2836 3565 usque
2883 3485 2959 3546 ad
3014 3485 3291 3546 mediam
3339 3489 3580 3544 noctem.
3622 3479 3686 3536 Eo
3729 3478 3797 3531 itas

779 3593 817 3651 5
858 3608 984 3670 que
1041 3598 1320 3669 tempore
1361 3591 1580 3654 Teudo
1623 3610 1705 3663 ω,
1751 3591 1878 3652 dux
1919 3587 2127 3668 gentis
2180 3588 2607 3668 Bajoariorum
2661 3598 2731 3663 υ,
2781 3590 2858 3650 ad
2906 3589 3176 3666 apostoli
3245 3587 3408 3650 beati
3474 3581 3608 3645 Petri
3637 3576 3796 3685 limina.

868 3695 1108 3775 primus
1157 3695 1246 3757 de
1303 3699 1488 3771 gente
1540 3692 1807 3766 eadem,
1871 3692 2183 3765 occurrit,
2247 3690 2552 3754 orationis
2609 3698 2779 3752 voto.
2846 3691 3052 3769 Hujus
3105 3689 3497 3788 temporibus
3537 3686 3797 3744 Anastasws

861 3799 1202 3876 imperator
1265 3796 1527 3859 classem
1585 3795 1844 3856 navium
1904 3801 2307 3874 praeparatam
2368 3793 2435 3854 in
2501 3792 2788 3872 partibus
2845 3792 3247 3853 Alexandriae
3320 3789 3527 3853 direxit
3582 3791 3734 3847 contra
3776 3791 3798 3833 a

867 3901 995 3962 Dco
1049 3900 1406 3963 destructos
1459 3908 1484 3937 °
1542 3899 1891 3979 Agarenos,
1943 3899 2054 3978 qui
2097 3899 2174 3961 ad
2224 3897 2395 3960 aliud
2452 3899 2619 3960 versi
2675 3898 3040 3971 consilium,
3091 3902 3422 3977 antequam
3482 3886 3799 3973 pervenissent

864 3997 939 4060 ad
989 3997 1374 4060 destinatum
1428 3997 1682 4069 locum,
1737 3996 1815 4059 ab
1865 3994 2094 4058 itinere
2145 3993 2353 4055 medio
2393 3994 2469 4056 ad
2519 3995 2754 4072 regiam
2817 3995 3087 4071 regressi
3135 4003 3286 4056 sunt
3336 3993 3562 4059 urbem,
3604 3979 3800 4044 Theodo-

749 4103 825 4161 10
865 4101 1030 4162 sium
1109 4099 1532 4162 orthodoxum
1598 4098 1994 4179 inquirentes
2066 4098 2509 4178 imperatorem
2585 4099 2956 4176 elegerunt,
3028 4105 3221 4178 atque
3283 4103 3542 4158 coactum
3599 4091 3646 4149 in
3696 4079 3799 4142 solio

866 4205 1119 4282 imperii
1187 4201 1738 4267 confirmaverunt.
1821 4204 2196 4266 Anastasius
2265 4204 2482 4282 itaque
2547 4220 2690 4264 cum
2768 4203 3058 4278 civibus,
3129 4203 3227 4265 vel
3286 4203 3505 4282 quibus
3557 4190 3709 4274 potuit
3751 4183 3800 4241 de

867 4307 1144 4368 exercitu
1200 4308 1508 4370 munitam
1582 4308 1902 4370 civitatem
1958 4309 2226 4370 Nicaeam
2282 4308 2554 4387 perrexit
2603 4329 2618 4368 :
2676 4307 2808 4369 illic
2867 4327 3010 4370 cum
3065 4308 3304 4382 classe,
3346 4308 3412 4368 in
3457 4320 3562 4381 qua
3602 4288 3800 4356 Theodoo

859 4407 994 4468 sius
1040 4409 1244 4470 fuerat
1290 4410 1670 4489 imperator,
1724 4410 2082 4482 dimicavit,
2133 4417 2193 4472 et
2244 4409 2377 4473 fere
2431 4417 2671 4488 septem
2725 4410 2922 4472 millia
2961 4412 3277 4472 exercitus
3330 4413 3466 4469 sunt
3510 4399 3797 4491 interempta:

862 4505 1060 4586 Cujus
1129 4507 1448 4569 Anastasii
1515 4514 1809 4587 superata
1878 4526 2018 4586 pars
2088 4509 2353 4571 verbum
2418 4507 2546 4586 jam
2605 4507 3026 4570 immunitatis
3090 4507 3371 4586 expetiit.
3442 4505 3676 4574 Datoque
3723 4489 3798 4548 Slbi

784 4614 822 4671 ’6
864 4621 1257 4674 sacramento
1324 4610 1590 4674 clericus
1659 4611 1864 4674 factus
1935 4619 2125 4694 atque
2197 4613 2531 4694 presbyter
2595 4621 2690 4674 est
2751 4621 3178 4675 consecratus.
3243 4610 3520 4672 Protinus
3573 4597 3713 4658 etiam
3757 4591 3798 4642 υι

859 4713 1191 4791 ingressus
1253 4723 1350 4779 est
1416 4704 1800 4779 memoratus
1870 4718 2275 4781 Theodosius
2336 4721 2574 4796 regiam
2647 4719 2921 4792 urbem,
2976 4720 3312 4796 imaginem
3376 4714 3530 4776 illam
3584 4706 3796 4762 veneran-

861 4816 1002 4878 dam
1030 4865 1046 4894 ,
1100 4819 1171 4880 in
1217 4838 1344 4900 qua
1394 4828 1624 4883 sanctae
1673 4827 1850 4884 erant
1900 4838 2015 4884 sex
2059 4821 2290 4900 synodi
2333 4822 2626 4900 depictas,
2676 4829 2738 4883 et
2783 4840 2819 4884 a
2857 4821 3207 4900 Pliilippico
3255 4834 3369 4879 nec
3403 4807 3633 4875 dicendo
3667 4797 3797 4900 Ῐυθτῧί

861 4921 1191 4998 deposita,
1245 4899 1314 4982 in
1371 4923 1638 5000 pristino
1698 4924 1900 4986 erexit
1949 4899 2108 4987 loco
2141 4935 2204 4999 ι’,
2253 4923 2338 4986 ita
2389 4899 2458 4986 ut
2518 4925 2709 5003 hujus
2766 4923 2911 4987 ﬁdei
2957 4925 3203 4986 fervore
3251 4919 3450 4984 omnis
3496 4914 3563 4976 ab
3607 4899 3796 4970 Ecclesw

858 5023 1133 5079 cessaret
1163 5019 1455 5098 quaestio.

934 5119 1100 5190 180
1139 5129 1166 5169 ει
1207 5121 1298 5182 Eo
1349 5129 1558 5184 autem
1609 5129 1892 5203 tempore
1933 5124 2166 5187 ﬂuvxus
2213 5126 2326 5206 qui
2381 5126 2731 5205 appellatur
2777 5126 3046 5197 Tiberis,
3080 5125 3325 5187 alveum
3372 5130 3540 5181 suum
3573 5108 3797 5183 egressus,

1770 5303 2034 5349 NOTULE
2087 5307 2484 5351 MARGINALES
2528 5308 2862 5352 FABROTTI.
2937 5275 2940 5278 ι

3690 5396 3796 5454 Petri.

3681 5473 3689 5510 t
3717 5463 3798 5520 Vide

3743 5544 3797 5584 llill

768 5436 793 5500 ξ
817 5423 882 5489 C,
913 5439 1097 5500 curam
1125 5424 1378 5500 suscepit.
1453 5424 1480 5464 δ
1500 5422 1996 5500 C,_c_ontrarit_iruu_t.
2074 5439 2095 5468 ο
2121 5427 2183 5492 C,
2211 5430 2438 5496 porticu.
2513 5428 2538 5467 ά
2567 5427 2612 5500 λγ
2617 5429 2699 5482 ide
2717 5429 2917 5500 Barea.
2941 5431 3008 5500 ad
3029 5447 3152 5483 auri.
3177 5425 3295 5500 7M,
3323 5436 3418 5500 (9m
3441 5417 3517 5500 |_X-
3587 5424 3602 5450 ‘
3623 5410 3672 5468 (έν

704 5491 814 5566 [0,
847 5494 1102 5566 restituit.
1181 5491 1542 5566 {amomi}.
1568 5495 1688 5547 7l0.
1711 5497 1796 5566 _7h
1828 5496 1889 5558 (Ι,
1921 5497 2085 5550 circa.
2169 5491 2183 5537 ί
2213 5491 2293 5566 'gel

2054 5516 2085 5550 ι.
2169 5491 2183 5537 ί
2213 5491 2695 5566 gerontocomium.
2775 5499 2787 5546 i
2822 5498 2879 5558 ϐ,
2914 5499 3200 5552 habitabat.
3278 5498 3302 5535 Ιι
3329 5494 3643 5566 (inanimum

695 5542 1141 5615 mirth
1577 5542 1688 5599 ﬁt"-
1709 5542 2541 5630 Theodo‘."“E'Baug‘ztriorutnru
2588 5542 3015 5622 E'désiruéiulb";
3040 5542 3074 5551 “
3097 5542 3134 5616 ’ξ’
3161 5568 3209 5620 in
3241 5563 3502 5626 pristinum
3527 5548 3664 5605 erexit
3683 5542 3740 5593 Ιοσ

699 5637 860 5696 atque
891 5630 1120 5683 titulum.
1193 5641 1220 5680 ιι
1251 5631 1442 5684 Bartm.
1473 5649 1598 5685 ann.
1621 5632 1742 5687 717.
