3958 5384
110 221 209 277 an
791 230 1105 288 HISTORIA
1148 235 1232 288 on
1285 234 1458 289 vms
1501 234 1662 290 non.
1703 235 1901 290 rear.
1943 267 2012 275 -
2052 236 2107 291 s.
2148 237 2540 295 censemus
2575 239 2640 294 ιι.
3235 214 3339 286 973

261 355 405 400 sese
464 358 576 417 per
635 346 1007 419 campestria
1071 347 1291 422 dedit;
1357 349 1662 410 intumuit
1723 349 1913 411 etiam
1980 346 2398 408 inundatione
2462 364 2767 424 aquarum
2823 343 3216 412 multarum.
3283 351 3342 400 ει

257 455 378 516 per
462 447 703 516 portam
781 462 923 523 quea
1009 448 1319 510 Flaminia
1407 449 1639 510 dicitur
1713 449 2040 527 ingressus
2107 461 2133 490 ι
2207 455 2324 510 est.
2411 446 2826 509 Transcendit
2906 449 3156 511 interea
3231 442 3395 524 ειΙίο⁸

253 540 499 618 quibus
560 543 628 604 in
696 545 854 608 locis
905 555 965 609 et
1031 566 1257 630 muros,
1303 550 1523 622 urbis,
1591 556 1780 630 atque
1832 552 1995 613 ultra
2047 551 2371 613 basilicam
2429 549 2631 610 sancti
2685 549 2877 610 Marci
2933 566 3046 627 per
3106 546 3345 638 plateas

175 643 214 700 5
255 659 330 706 se
380 647 706 721 extendit,
751 650 836 710 ita
887 657 951 712 ut
1008 651 1075 712 in
1121 653 1222 714 via
1273 654 1423 715 Lata
1467 653 1544 714 ad
1585 670 1776 714 unam
1831 661 1892 715 et
1942 654 2138 716 semis
2179 658 2481 713 staturam
2527 665 2754 729 aquam
2803 649 3086 726 ejusdem
3138 645 3348 706 ﬂumi-

252 739 362 801 nis
420 744 848 817 excrevisset,
913 754 1104 827 atque
1161 767 1196 810 a
1263 759 1437 828 porta
1511 751 1674 810 beati
1749 751 1915 810 Petri
1978 751 2250 828 apostoli
2325 767 2530 826 usque
2589 748 2668 809 ad
2728 752 2983 827 pontem
3047 747 3341 807 Milvium

252 861 444 923 aqua:
495 863 565 907 se
619 847 1095 923 distenderent,
1155 860 1217 914 et
1264 853 1448 933 juxta
1509 854 1775 915 remissa
1863 855 1931 915 in
1988 855 2210 932 ipsius
2255 853 2540 916 fluminis
2595 852 2850 914 alveum
2905 867 2974 911 se
3039 850 3213 911 dedit
3287 854 3337 926 δ’.

250 949 498 1010 Demos
552 951 770 1031 itaque
829 955 1092 1026 evertit,
1159 973 1343 1033 agros
1408 956 1781 1034 dissipavit,
1843 957 2169 1020 eradicans
2219 959 2473 1018 arbusta
2542 962 2604 1017 et
2664 961 2937 1032 segetes.
3000 953 3154 1012 Nam
3221 966 3338 1011 nec

250 1066 472 1114 serere
522 1053 664 1132 ipso
721 1057 925 1134 potuit
982 1063 1265 1137 tempore
1319 1075 1462 1137 pars
1516 1059 1786 1120 maxima
1847 1060 2299 1121 Romanorum.
2354 1061 2474 1119 Pro
2532 1057 2651 1119 hoc
2704 1054 3079 1117 imminebat
3137 1051 3340 1113 tribu-
3390 1097 3398 1140 ς,

134 1155 208 1214 lt)
251 1151 414 1214 latio
474 1173 718 1234 magna.
784 1161 902 1221 Per
956 1161 1094 1223 dies
1159 1168 1369 1224 autem
1429 1169 1673 1239 septem
1740 1179 1901 1240 aqua
1974 1166 2230 1224 Romam
2298 1162 2553 1223 tenebat
2625 1177 2974 1238 pervasam.
3037 1159 3089 1218 A
3157 1158 3336 1219 dom-

247 1265 346 1310 no
429 1251 644 1330 itaque
729 1271 886 1333 papa
965 1255 1216 1320 letaniaa
1282 1259 1503 1320 crebro
1571 1257 1823 1320 ﬁebant.
1867 1258 2156 1340 Cumque
2210 1259 2274 1319 in
2344 1258 2630 1322 oratione
2697 1263 2758 1317 et
2815 1256 3068 1319 letaniis
3128 1256 3339 1335 persi-

249 1357 488 1423 steret,
548 1361 688 1430 post
737 1364 1029 1420 octavum
1067 1360 1198 1439 jam
1247 1360 1416 1422 diem
1467 1362 1766 1426 misertus
1821 1365 2029 1435 Deus,
2077 1379 2304 1430 aouam
2363 1361 2629 1433 amovit,
2678 1367 2740 1421 et
2782 1359 3014 1421 ﬂuvius
3068 1358 3146 1420 ad
3194 1375 3340 1437 pro-

246 1454 470 1531 prium
505 1474 832 1533 regressus
864 1468 957 1522 est
993 1460 1240 1524 alveum
1277 1481 1388 1542 per
1417 1483 1500 1525 xv
1529 1466 1968 1528 indictionem.
3359 1524 3368 1530 .

340 1554 496 1623 181
569 1556 924 1620 Cumanum
990 1561 1175 1624 etiam
1240 1569 1515 1626 castrum
1576 1566 1718 1643 ipso
1777 1565 1981 1628 fuerat
2043 1569 2325 1642 tempore
2384 1581 2416 1624 a
2474 1565 2905 1640 Longobardis
2963 1562 3132 1642 pacis
3190 1562 3340 1625 dolo

244 1674 622 1738 pervasum.
670 1661 814 1733 Quo
865 1661 1082 1724 audito
1147 1681 1370 1728 omnes
1423 1673 1572 1729 sunt
1625 1667 1850 1730 redditi
1912 1669 2148 1728 tristes.
2211 1665 2569 1728 Adhortans
2635 1665 2828 1730 etiam
2898 1665 3344 1728 sanctissimus

245 1757 590 1836 pontifex,
652 1769 712 1822 et
767 1779 1180 1826 commonens
1241 1767 1691 1844 Longobardos
1757 1773 1827 1827 ut
1893 1766 2276 1838 redderent,
2337 1765 2449 1847 qui
2522 1765 2576 1824 si
2643 1781 2770 1825 non
2833 1765 3340 1844 acquiescerent,

248 1861 325 1921 in
384 1863 540 1925 iram
594 1881 663 1926 se
703 1865 984 1927 divinam
1036 1868 1314 1931 incidere
1364 1887 1477 1949 pro
1537 1870 1686 1932 dolo
1738 1887 1932 1950 quem
1981 1869 2303 1941 fecerant,
2350 1869 2487 1930 suis
2531 1867 2782 1946 scriptis
2823 1866 3342 1941 detestabaturr;

163 1963 204 2022 5
251 1981 410 2026 nam
482 1975 542 2028 et
600 1987 864 2032 munera
929 1973 1024 2033 eis
1088 1973 1237 2036 dare
1301 1980 1370 2035 ut
1431 1974 1838 2036 restituerent
1901 1974 2103 2036 voluit
2173 1972 2410 2044 multa,
2484 1971 2594 2033 sed
2663 1971 2755 2032 illi
2821 1971 3065 2050 turgida
3133 1977 3344 2032 mente

247 2085 475 2146 neque
543 2073 804 2134 monitis
855 2075 1076 2138 audire
1142 2094 1261 2140 nec
1313 2077 1575 2140 reddere
1632 2086 1783 2140 sunt
1831 2078 2022 2158 passi.
2070 2078 2098 2119 ἀ
2149 2077 2326 2138 Unde
2374 2077 2581 2154 nimis.
2628 2076 2798 2138 idem
2848 2082 3105 2136 sanctus
3160 2073 3344 2135 indo-

246 2170 378 2238 luit
432 2175 757 2251 pontifex,
819 2195 1092 2257 seseque
1160 2181 1299 2257 spei
1357 2181 1626 2244 contulit
1689 2182 1969 2257 divinaa,
2025 2187 2216 2259 atque
2272 2179 2339 2240 in
2400 2179 2759 2240 munitione
2822 2177 3002 2240 ducis
3055 2173 3346 2254 Neapoli-

245 2272 392 2334 tani
474 2279 535 2335 et
608 2275 824 2354 pepuli
898 2295 1166 2352 vacans,
1243 2280 1543 2342 ducatum
1625 2281 1685 2343 ei
1755 2280 2032 2362 qualiter
2109 2287 2367 2356 agerent
2429 2275 2717 2356 quotidie
2783 2273 3118 2336 scribendo
3189 2289 3345 2350 pra:-

249 2379 552 2440 sentabat
599 2391 647 2441 °.
702 2381 898 2461 Cujus
953 2384 1248 2446 mandato
1287 2385 1697 2458 obedientes,
1756 2383 2027 2447 consilio
2064 2382 2262 2457 inito,
2299 2379 2528 2444 mcenia
2566 2378 2771 2458 ipsius
2817 2377 3004 2439 castri
3044 2376 3278 2437 virtute
3320 2381 3338 2420 ι

125 2483 204 2544 1ο
249 2482 387 2544 sub
459 2492 768 2558 nocturno
830 2487 1099 2564 ingressi
1161 2495 1309 2550 sunt
1381 2488 1661 2551 silentio.
1727 2490 2010 2550 Joannes
2065 2485 2308 2548 scilicet
2363 2485 2514 2546 dum
2579 2500 2723 2546 cum
2778 2479 3135 2543 Theodimo
3192 2477 3345 2541 sub-

251 2580 540 2642 diacono
601 2591 661 2644 et
717 2590 956 2646 rectere
1019 2596 1044 2634 ε
1098 2592 1288 2664 atque
1355 2587 1684 2658 exercitu,
1762 2592 1822 2648 et
1885 2583 2337 2662 Langobardos
2405 2597 2566 2660 pene
2642 2583 2960 2641 trecentos
3032 2593 3176 2641 cum
3235 2590 3342 2636 eo-

254 2702 406 2744 rum
486 2685 870 2748 castalJione
926 2685 955 2726 ²ι
1027 2688 1513 2764 interfecerunt,
1579 2691 1761 2752 vivos
1845 2691 2035 2751 etiam
2120 2685 2392 2765 amplius
2469 2685 2854 2763 quingentos
2929 2677 3343 2757 comprehen-

247 2786 492 2849 dentcs
560 2802 776 2869 captos
837 2795 1161 2873 Neapolim
1232 2796 1578 2859 duxerunt.
1654 2799 1754 2860 Sic
1819 2803 2096 2860 castrum
2169 2793 2452 2870 recipere
2521 2797 2889 2871 potuerunt.
2962 2790 3081 2849 Pro
3160 2787 3343 2866 cujus

250 2881 704 2962 redemptione
782 2891 1174 2969 septuaginta
1251 2893 1388 2955 auri
1455 2893 1647 2955 libras
1724 2895 1860 2972 ipse
1933 2891 2372 2956 sanctissimus
2445 2907 2648 2970 papa,
2722 2889 2887 2951 sicut
2966 2886 3343 2966 promiserat

115 2985 198 3046 15
247 2991 481 3055 antea,
513 2987 710 3050 dedit.

346 3085 509 3156 182
583 3088 699 3150 llic
764 3089 1163 3154 Hierusalem
1219 3095 1547 3158 ecclesiam
1619 3102 1938 3170 sanctam,
2000 3114 2142 3178 qua:
2211 3099 2410 3159 multo
2463 3095 2668 3158 fuerat
2729 3097 2974 3156 detecta
3035 3098 3343 3170 tempore,

248 3193 323 3249 et
396 3189 891 3272 circumquaque
964 3196 1247 3272 porticus
1325 3207 1639 3263 vetustate
1720 3207 2052 3281 quassatas
2123 3200 2409 3262 trabibus
2484 3198 2772 3262 deductis
2855 3196 3186 3274 cooperuit
3279 3211 3349 3255 ac

253 3293 604 3368 reparavit.
687 3285 1040 3358 Ambonem
1117 3301 1303 3362 etiam
1385 3321 1807 3368 marmoreum
1879 3307 1946 3367 in
2018 3305 2238 3368 eadem
2311 3303 2574 3366 ecclesia
2639 3301 2832 3374 fecit,
2901 3315 3171 3378 eamque
3251 3297 3347 3356 di-

254 3389 472 3452 versis
536 3391 758 3454 ditavit
825 3395 1040 3458 linteis
1107 3405 1295 3477 atque
1374 3401 1773 3464 ministeriis.
1857 3404 2092 3464 Eodem
2198 3411 2484 3482 tempore
2555 3399 2826 3466 nefanda
2901 3399 3338 3474 Agerenot'um

156 3493 194 3512 ν

152 3493 199 3551 ὅ
252 3503 450 3566 gens,
513 3506 654 3550 cum
702 3491 834 3570 jam
893 3493 1341 3572 Hispaniarum
1413 3498 1800 3574 provinciam
1880 3516 1993 3577 per
2052 3498 2270 3560 decem
2340 3504 2627 3559 tenerent
2696 3511 2898 3558 annos
2969 3508 3342 3571 pervasam,

262 3585 616 3648 undecimo
679 3604 848 3651 anno
920 3589 1295 3653 Rhodanum
1369 3595 1759 3657 conabantur
1815 3593 2084 3657 fluvium
2145 3595 2438 3667 transire,
2501 3593 2579 3656 ad
2642 3592 2937 3655 Francias
3017 3606 3340 3670 occupan-

254 3690 449 3760 dum,
512 3688 621 3750 ubi
685 3691 864 3753 Eudo
928 3700 1208 3772 praeerat.
1266 3693 1393 3769 Qui
1452 3696 1608 3759 facta
1683 3700 2065 3762 Francorum
2123 3697 2401 3777 generali
2459 3696 2741 3761 motione
2800 3699 2818 3739 ί
2877 3701 3092 3760 contra
3157 3697 3338 3759 Sara-

255 3808 492 3864 ρυιιοε,
550 3809 660 3854 eos
713 3797 1176 3861 circumdantes
1228 3799 1700 3863 interfecerunt.
1767 3813 1781 3852 ι
1850 3805 2155 3865 Trecenta
2203 3801 2368 3866 enim
2411 3801 2814 3882 septuaginta
2862 3800 3151 3880 quinque
3187 3798 3336 3860 mil-

260 3893 353 3954 lia
389 3911 520 3956 uno
575 3904 725 3959 sunt
773 3899 878 3961 die
930 3899 1266 3977 interfecti,
1319 3909 1388 3965 ut
1443 3905 1725 3983 ejusdem
1776 3905 2061 3967 Eudonis
2117 3906 2502 3967 Francorum
2570 3903 2752 3966 ducis
2805 3903 3002 3966 missa
3059 3900 3340 3983 pontifici

103 4004 206 4064 10
259 3997 538 4077 epistola
601 4002 988 4067 continebat.
1050 4005 1222 4069 Mille
1278 4013 1517 4069 tantum
1588 4010 1972 4088 quingentos
2039 4026 2118 4072 ex
2179 4009 2433 4071 Francis
2483 4007 2685 4071 fuisse
2752 4014 3037 4071 mortuos
3099 4008 3166 4067 in
3225 4022 3339 4068 eo-

261 4102 418 4163 dem
482 4104 650 4166 bello
699 4106 997 4170 dixerunt
1050 4114 1101 4172 ιι.
1162 4110 1487 4190 Adjiciens
1543 4113 1716 4193 quod
1777 4131 1943 4175 anno
1999 4113 2326 4193 praemisso
2380 4112 2447 4182 in
2518 4111 3027 4175 benedictionem
3092 4127 3126 4172 a
3185 4125 3339 4188 prae-

263 4205 445 4266 dicto
500 4207 635 4268 viro
687 4208 780 4271 eis
828 4211 1082 4274 directis
1143 4210 1161 4251 ¹
1220 4213 1421 4276 tribus
1481 4216 1790 4294 spongiis,
1853 4217 2088 4298 quibus
2146 4215 2222 4278 ad
2279 4233 2464 4277 usum
2514 4231 2746 4278 mensae
2791 4213 3107 4294 pontiﬁcis
3145 4227 3338 4292 appo-

263 4315 542 4383 nuntur,
620 4311 686 4372 in
768 4313 922 4375 hora
1002 4333 1129 4394 qua
1203 4316 1444 4380 bellum
1518 4320 2053 4395 committebatur,
2113 4319 2281 4381 idem
2361 4317 2544 4381 Eudo
2611 4319 2971 4397 Aquitania)
3053 4317 3344 4397 princeps

263 4414 514 4492 pepulo
558 4432 678 4478 suo
731 4435 843 4496 per
891 4419 1170 4481 modicas
1228 4428 1436 4499 partes
1485 4424 1778 4486 tribuens
1825 4423 1900 4486 ad
1954 4422 2337 4485 sumendum
2407 4421 2524 4492 eis,
2575 4438 2701 4481 nec.
2753 4437 2922 4481 unus
2974 4419 3346 4480 vulneratus

95 4520 208 4580 15
269 4520 400 4587 est,
445 4533 562 4579 nec
612 4525 900 4580 mortuus
956 4538 1035 4582 ex
1083 4521 1182 4583 his
1229 4524 1342 4602 qui
1395 4524 1745 4602 participati
1813 4533 1986 4586 sunt.
2043 4527 2131 4585 Eo
2191 4539 2450 4602 quoque
2508 4529 2789 4598 tempore
2852 4523 2919 4582 in
2991 4516 3350 4596 Campania}

272 4616 568 4694 partibus
623 4622 1028 4685 combustum
1075 4626 1379 4699 triticum,
1420 4627 1755 4700 hordeum,
1800 4644 1914 4690 seu
1970 4628 2318 4706 legumina,
2367 4625 2552 4703 quasi
2599 4623 2817 4702 pluvia
2869 4624 2936 4684 in
2993 4623 3134 4684 loco
3192 4634 3357 4699 quo-

273 4721 425 4782 dam
481 4740 514 4782 e
565 4727 722 4789 coelo
778 4729 962 4791 missa
1033 4733 1201 4790 sunt.
1281 4731 1400 4792 Hic
1460 4732 1993 4809 quadragesimali
2065 4739 2371 4812 tempore,
2441 4738 2510 4793 ut
2580 4730 2646 4790 in
2712 4729 2936 4808 quinta
2990 4726 3146 4788 feria
3195 4721 3357 4803 jeju-

271 4825 467 4885 nium
521 4835 710 4909 atque
773 4831 1112 4894 missarum
1171 4831 1503 4896 celebritas
1575 4835 1759 4896 ﬁeret.
1813 4830 1895 4895 in-
1960 4835 2270 4908 ecclesiis,
2335 4835 2512 4913 quod
2594 4847 2724 4893 non
2791 4829 3117 4910 agebatur,
3173 4823 3360 4886 insti-

269 4927 428 4988 tuit.
483 4931 844 4995 Oratorium
916 4952 1074 5000 sane
1135 4936 1203 5000 in
1276 4937 1661 5018 patriarchio
1719 4935 1784 4998 in
1837 4941 2099 5004 nomine
2164 4936 2334 5004 beati
2380 4938 2552 5004 Petri
2603 4934 2876 5013 apostoli
2923 4932 3196 4996 diversis
3261 4940 3361 4986 0r-

77 5038 216 5100 20
274 5039 499 5096 natum
565 5034 842 5098 metallis
893 5055 927 5100 a
974 5057 1144 5104 novo
1210 5039 1427 5106 refecit
1472 5065 1536 5118 ω,
1593 5051 1640 5103 et

1800 5061 2223 5130 ‘cumquaque
2289 5040 2508 5108 altaris
2579 5037 2854 5120 parietes
2908 5026 3363 5140 deargentattit,

270 5148 352 5195 ac
400 5133 685 5215 ἀθρίηιίι
743 5131 1088 5202 duOdecim
1137 5141 1480 5222 apostolos,
1517 5140 1630 5223 qui
1680 5155 1859 5216 pens.
1917 5142 2116 5210 libras
2171 5147 2427 5210 centum
2497 5148 2558 5208 et
2616 5137 3006 5218 octuaginta.
3069 5137 3206 5202 Illis
3262 5131 3372 5191 in-

1204 5321 1465 5366 NOTULE
1507 5317 1906 5366 MABGINALES
1948 5327 2282 5375 FABROTTI.
