4024 6316
748 292 857 365 979
1913 292 2050 347 ANA
2058 291 2275 349 STASII
2312 290 2853 348 BlBLiOTllECAml
3764 299 3823 354 ςεο

904 409 1074 468 terea
1132 405 1363 469 diebus
1420 405 2010 482 Constantinopolis
2064 405 2402 468 biennium
2454 411 2550 468 est
2607 422 2643 467 a
2714 421 2835 467 nec
2886 402 3174 466 dicendis
3237 426 3261 454 ι
3327 405 3593 482 Agarenis
3639 408 3821 473 obsessa.

907 502 1030 566 Sed
1085 506 1219 565 Deo
1268 503 1364 567 eis
1422 504 1741 567 contrario
1795 505 2073 568 maxima
2127 504 2261 567 illic
2310 520 2533 567 eorum
2599 508 2773 581 parte
2823 500 2992 563 fame
3057 519 3128 565 ac
3176 503 3340 564 bello
3384 505 3696 583 interempta
3730 526 3823 571 con-

904 599 1033 661 fusi
1097 607 1499 673 recesserunt
1561 602 1772 663 Leone
1827 602 2145 681 principe;
2199 620 2346 664 nam
2404 609 2469 665 et
2518 601 2807 681 ejusdem
2866 600 3137 664 civitatis
3202 600 3484 679 pOpulum
3524 608 3732 666 trecenta
3770 609 3823 668 di:

779 699 861 760 25
902 704 1074 760 ctum
1107 706 1203 761 est
1238 699 1439 761 millia
1472 700 1709 763 diversi
1740 718 1936 763 sexus
1977 712 2040 763 et
2080 701 2283 762 artatis
2319 700 2522 763 fuisse
2569 699 2953 761 necessitate
2988 702 3297 761 vastatum
3334 698 3655 776 pestilentiae
3678 706 3716 759 δ.

981 805 1141 877 133
1174 807 1198 837 ο
1266 799 1359 860 Eo
1410 816 1688 880 namque
1740 806 2027 879 tempore
2082 801 2371 862 moribus
2426 805 2597 863 certe
2641 799 2928 862 Honesta
2985 806 3046 861 et
3107 799 3362 862 nomine
3410 799 3670 879 pontiﬁcis
3704 813 3824 865 mater

897 898 977 961 ab
1028 898 1149 962 hac
1195 902 1324 963 vita
1375 902 1695 966 subtracta
1745 910 1863 966 est.
1916 906 2065 966 Post
2115 905 2213 984 cuj
2235 921 2300 965 is
2351 904 2599 967 obitum
2655 903 3004 980 Gregorius
3048 902 3309 967 domum
3344 903 3632 981 prepriam
3671 906 3718 966 in
3754 906 3823 969 bo-

897 1012 1120 1061 norem
1196 1007 1430 1064 sanctae
1495 1001 1730 1064 Christi
1798 1003 2094 1081 martyris
2162 1002 2463 1080 Agathaa,
2514 1000 2748 1063 additis
2807 1017 2843 1061 a
2919 1000 3327 1062 fundamento
3408 999 3715 1075 cenaculis,
3767 1005 3819 1063 vel

900 1117 1045 1179 qum
1101 1104 1487 1166 monasteria
1536 1101 1564 1142 δ
1616 1110 1794 1166 erant
1851 1105 2210 1166 necessaria
2272 1123 2309 1167 a
2358 1120 2527 1166 novo
2580 1103 2962 1166 construxit.
3012 1103 3249 1165 Praedia
3301 1102 3426 1164 illic
3488 1115 3510 1142 ο
3556 1103 3733 1166 urbana
3766 1106 3821 1165 vel

815 1198 858 1262 5
898 1202 1133 1267 rustica
1191 1219 1304 1282 pro
1366 1202 1824 1266 monachorum
1888 1204 2123 1266 obtulit
2176 1204 2584 1267 necessitate.
2647 1203 2823 1265 Fecit
2884 1209 3100 1265 autem
3160 1203 3230 1265 in
3286 1202 3491 1264 eadem
3518 1201 3822 1266 ecclesiabci-

895 1303 976 1365 ιω
1034 1301 1295 1377 Agathaa
1349 1303 1663 1365 ciborium
1742 1321 1822 1366 ex
1899 1312 2186 1383 argento,
2269 1303 2441 1383 quod
2510 1318 2691 1381 pens.
2754 1302 2951 1364 libras
3023 1302 3447 1380 septingentas
3499 1307 3553 1363 et
3592 1300 3753 1380 viginti
3784 1301 3819 1373 ις

887 1409 1074 1459 arcus
1126 1408 1369 1477 argent.
1417 1419 1531 1463 sex
1604 1418 1785 1482 pens.
1833 1403 1997 1480 sing.
2056 1402 2166 1481 lib.
2193 1401 2590 1483 quindecim,
2648 1401 2921 1463 canistra
2951 1399 3209 1475 decem,
3241 1418 3416 1480 pens.
3447 1402 3588 1480 sing.
3617 1400 3820 1463 lib.duo-

889 1493 1124 1569 decim,
1179 1504 1239 1558 et
1291 1497 1418 1559 alia
1472 1498 1639 1560 dona
1692 1498 1892 1560 multa
1935 1498 2200 1577 largitus
2246 1504 2366 1561 est.
2418 1501 2508 1560 Eo
2561 1504 2847 1577 tempore
2899 1505 3177 1562 castrum
3234 1506 3328 1562 est
3378 1498 3820 1577 NarniaiaLongc

899 1592 1117 1654 bardis
1178 1610 1539 1672 pervasum.
1605 1598 1737 1657 Rex
1803 1612 1953 1656 vero
2021 1595 2589 1674 Longobardorum
2666 1595 3123 1674 Luitprandus,
3188 1597 3454 1673 generali
3506 1597 3722 1660 motione
3768 1597 3818 1656 fa-

770 1696 848 1755 10
887 1700 1009 1769 cta,
1070 1696 1432 1759 Ravennam
1487 1715 1864 1778 progressus
1917 1706 2036 1770 est,
2093 1706 2286 1779 atque
2348 1697 2523 1761 illam
2585 1698 2837 1761 obsedit
2901 1716 3012 1775 per
3079 1699 3220 1760 dies
3277 1699 3525 1778 aliquot,
3564 1704 3612 1760 et
3648 1705 3817 1759 castrum
3910 1696 3911 1729 ³

885 1793 1266 1871 pervadens,
1334 1796 1575 1857 classes
1633 1801 1844 1875 captas
1900 1794 2162 1856 abstulit
2213 1795 2430 1874 plures
2487 1800 2548 1855 et
2605 1811 2758 1872 Opes
2821 1793 3083 1855 abstulit
3140 1794 3515 1859 innumeras.
3562 1795 3584 1835 ⁸
3621 1794 3725 1854 Post
3755 1793 3820 1852 ali-
3910 1800 3911 1809 ‘

884 1896 1044 1969 quot
1117 1890 1254 1953 dies
1290 1892 1565 1953 Basilius
1637 1892 1810 1966 dux,
1879 1890 2190 1951 Jordanes
2256 1888 2727 1960 ehartularius,
2805 1896 2868 1951 et
2936 1889 3216 1951 Joannes
3306 1888 3707 1958 subdiaconus,
3756 1903 3819 1948 co-

864 1997 1213 2066 gnomento
1292 1993 1556 2066 Lurion,
1640 1990 1979 2053 consilium
2063 1990 2352 2052 inierunt
2426 1995 2497 2050 ut
2576 1988 2940 2067 pontiﬁcem
3031 1989 3474 2050 interﬁcerent.
3539 1987 3725 2060 Quibus
3763 2002 3817 2044 as-

883 2103 1152 2151 sensum
1206 2092 1518 2165 Marinus,
1571 2090 1924 2170 imperialis
1972 2090 2377 2168 spatharius,
2439 2088 2555 2170 qui
2608 2091 2964 2151 Romanum
3015 2087 3321 2151 ducatum
3380 2087 3619 2160 tenebat,
3656 2104 3683 2147 a
3716 2082 3816 2160 regia

763 2186 839 2249 15
879 2190 1118 2261 missus
1170 2194 1349 2265 urbe,
1400 2194 1785 2272 imperatore
1838 2191 2201 2267 mandante,
2272 2191 2395 2253 hoc
2464 2189 2786 2269 probavit;
2845 2187 2960 2252 sed
3023 2194 3282 2267 tempus
3327 2187 3586 2249 invenire
3626 2200 3717 2246 non
3755 2196 3816 2259 po-

874 2291 1165 2361 tuerunt,
1220 2293 1375 2372 quia
1431 2293 1544 2355 Dei
1589 2292 1843 2373 judicio
1908 2291 2268 2354 dissolutus
2331 2297 2394 2355 et
2448 2295 2815 2353 contractus
2874 2294 2993 2361 est,
3063 2294 3130 2350 et
3189 2287 3285 2350 sic
3340 2305 3373 2350 a
3423 2288 3595 2349 Roma
3634 2280 3813 2345 recessit.

879 2382 1300 2449 Postmodum
1356 2388 1593 2450 Paulus
1638 2388 1945 2466 patricius
2014 2395 2076 2450 et
2140 2388 2454 2452 exarchus
2512 2389 2750 2451 missus
2811 2386 2882 2448 in
2946 2386 3200 2449 Italiam
3269 2392 3385 2458 est,
3437 2385 3537 2464 qui
3578 2383 3745 2449 denuo,
3774 2383 3814 2438 ut

877 2476 997 2542 hoc
1074 2484 1285 2545 scelus
1358 2486 1779 2563 perficerent,
1838 2485 2331 2548 meditabantur.
2411 2486 2700 2560 Quorum
2768 2484 3137 2548 ‘consilium
3218 2483 3506 2547 Romanis
3561 2477 3813 2561 patefactum

878 2585 1002 2654 est,
1056 2583 1171 2661 qui
1226 2592 1428 2645 morte
1477 2582 1503 2620 ¹¹
1569 2585 1779 2647 cuncti
1836 2584 2176 2646 Iordanem
2247 2584 2711 2649 interfecerunt
2759 2591 2818 2646 et
2891 2586 3210 2646 Joannem
3270 2584 3601 2645 Lurionem.
3644 2573 3813 2637 Basilius

753 2673 834 2736 20
878 2694 1054 2750 vero,
1118 2680 1471 2742 monachus
1520 2681 1748 2752 factus,
1809 2681 1874 2743 in
1954 2683 2093 2744 loco
2172 2683 2450 2761 quodam
2530 2690 2821 2745 retrusus
2904 2683 3097 2744 vitam
3191 2681 3411 2743 ﬁnivit.
3476 2677 3663 2741 Paulus
3719 2683 3809 2730 vero

873 2773 1187 2838 exarchus
1241 2778 1643 2857 imperatoris
1710 2779 2010 2857 jussione
2066 2782 2364 2842 eumdem
2451 2779 2816 2858 pontiﬁcem
2886 2777 3249 2840 conabatur
3313 2777 3642 2842 interﬁcere,
3686 2782 3813 2844 eoque

869 2886 1135 2933 censum
1199 2874 1265 2934 in
1326 2876 1655 2953 provincia
1719 2893 1960 2955 ponere
2018 2878 2470 2956 praepediebat,
2532 2884 2594 2939 et
2653 2877 2953 2954 cogitaret
3007 2877 3153 2938 suis
3208 2877 3434 2955 Opibus
3497 2871 3720 2936 ecclesias
3744 2866 3811 2928 de-

866 2972 1135 3047 nudare,
1193 2976 1360 3040 sicut
1406 2978 1476 3038 in
1524 2979 1769 3040 caeteris
1823 2986 2031 3041 actum
2084 2985 2178 3041 est
2222 2980 2418 3052 locis,
2461 2986 2652 3058 atque
2709 2978 2903 3040 alium
2957 2979 3024 3040 in
3074 2978 3221 3056 ejus
3255 2978 3553 3039 ordinaret
3583 2971 3815 3035 loco.Posl

868 3067 1044 3129 hunc
1099 3071 1460 3149 spatharius
1509 3090 1652 3135 cum
1694 3075 2109 3154 jussionibus
2167 3076 2407 3138 missus
2464 3086 2561 3139 est
2612 3075 2792 3147 alter,
2852 3083 2922 3136 ut
2972 3076 3331 3139 Pontifexa
3366 3094 3474 3138 sua
3504 3073 3626 3136 sede
3651 3083 3815 3132 amore-

746 3164 828 3241 26
870 3172 1066 3227 retur.
1128 3170 1354 3251 Denuo
1407 3171 2005 3251 Pauluspatricius
2076 3173 2152 3234 ad
2222 3173 2688 3252 perficiendum
2761 3172 2883 3235 tale
2948 3174 3188 3245 scelus,
3255 3192 3416 3254 quos
3469 3170 3705 3234 seducere
3747 3178 3815 3240 p0-

873 3270 993 3330 tuit
1047 3288 1125 3331 ex
1172 3272 1472 3333 Ravenna
1538 3287 1555 3314 ι
1618 3291 1763 3334 cum
1827 3289 1948 3336 suo
2000 3274 2260 3347 comite,
2311 3281 2504 3353 atque
2580 3291 2660 3334 ex
2719 3274 2945 3335 castris
3007 3273 3269 3352 aliquos
3329 3272 3509 3334 misit.
3564 3267 3655 3331 Sed
3695 3260 3813 3326 molis

869 3367 1199 3439 Romanis,
1260 3373 1449 3447 atque
1498 3370 1790 3449 undique
1846 3370 2286 3449 Longobardis
2350 3386 2464 3450 pro
2523 3369 2903 3431 defensione
2961 3371 3285 3448 pontiﬁcis
3338 3356 3400 3430 i'n
3459 3366 3652 3430 Salaria
3695 3366 3813 3439 ponte

871 3465 1209 3544 Spoletini,
1302 3474 1496 3548 atque
1576 3467 1724 3530 hinc
1802 3468 1955 3531 inde
2035 3468 2232 3530 duces
2292 3465 2890 3544 ,Longohardorum
2974 3465 3444 3529 circumdantes
3510 3466 3811 3525 Romanorum

859 3564 1020 3625 ﬁnes
1074 3564 1195 3626 hoc
1258 3566 1756 3646 praepedierunt.

942 3663 1104 3736 184
1170 3666 1583 3730 Jussionibus
1664 3668 1883 3747 itaque
1946 3666 2354 3745 postmodum
2420 3664 2637 3727 missis
2696 3664 3061 3727 decreverat
3123 3662 3571 3745 imperatori,
3615 3664 3665 3720 ut
3706 3648 3813 3715 nulla

862 3766 1073 3844 imago
1138 3770 1484 3849 cujuslibet
1536 3771 1778 3843 sancti,
1843 3778 1952 3832 aut
2010 3770 2351 3851 martyris,
2423 3777 2535 3832 aut
2593 3768 2801 3846 angeli
2870 3768 3246 3849 ubicunque
3302 3768 3604 3830 haberetur
3638 3761 3674 3830 ⁸,
3734 3768 3814 3814 ωδ·

863 3867 1096 3932 ledicta
1152 3874 1325 3934 enim
1370 3874 1587 3937 omnia
1641 3875 2008 3947 asserebat,
2060 3882 2123 3936 et
2176 3873 2232 3935 si
2277 3872 2713 3952 acquiesceret
2757 3872 2824 3933 in
2869 3872 2990 3934 hoc
3022 3873 3347 3952 pontifex,
3379 3869 3606 3949 gratiam
3640 3864 3814 3935 ἱωρεη·

855 3972 1015 4033 toris
1073 3972 1373 4048 haberet;
1436 3976 1493 4037 si
1550 3984 1610 4039 et
1672 3977 1792 4039 hoc
1845 3979 1977 4040 fieri
2033 3961 2449 4058 praepediret,
2505 3995 2539 4038 a
2584 3994 2703 4039 suo
2752 3977 2947 4054 gradu
2998 3977 3346 4041 decideret.
3387 3969 3691 4050 Respiciens
3721 3969 3812 4031 θτεο

773 4077 813 4136 5
853 4075 1001 4153 pius
1076 4078 1176 4140 vir
1248 4079 1574 4157 profanam
1654 4082 1955 4160 principis
2028 4082 2440 4159 jussionem,
2500 4081 2630 4175 jan
2709 4086 2922 4143 contra
2988 4081 3435 4158 imperatorem
3481 4069 3632 4175 quasi
3674 4063 3812 4172 ςθυίΐδ

852 4169 1105 4232 hostem
1162 4192 1230 4236 se
1286 4178 1594 4248 armavit,
1651 4195 1926 4239 renuens
1991 4178 2281 4240 haeresim
2338 4178 2479 4257 ejus
2505 4221 2521 4251 ,
2558 4166 2858 4239 scribens
2901 4178 3143 4257 ubique
3174 4192 3396 4240 cavere
3424 4190 3487 4235 se
3513 4166 3811 4231 Christianos.

851 4288 930 4336 eo
983 4278 1155 4354 quod
1211 4286 1350 4340 orta
1402 4279 1632 4342 fuisset
1694 4282 1990 4360 impietas
2049 4284 2193 4345 talis
2256 4285 2301 4344 ι.
2352 4283 2555 4362 Igitur
2615 4283 2889 4362 permoti
2942 4299 3169 4345 omnes
3222 4277 3665 4357 Pentapolenses
3690 4266 3811 4334 δῐιῐυθ

851 4377 1263 4443 Venetiarum
1337 4384 1657 4446 exercitus
1737 4393 1953 4448 contra
2016 4388 2420 4465 imperatoris
2478 4389 2844 4469 jussionem
2906 4389 3319 4462 restiterunt,
3376 4385 3659 4448 dicentes,
3701 4377 3811 4469 Μ’

844 4500 1038 4565 quam
1102 4504 1171 4549 se
1232 4488 1297 4548 in
1353 4490 1638 4569 ejusdem
1703 4490 2018 4568 pontiﬁcis
2078 4468 2593 4555 condescendere
2654 4510 2849 4564 nece,
2907 4493 3018 4555 sed
3082 4510 3194 4571 pro
3256 4492 3393 4571 ejus
3448 4482 3621 4561 magis
3671 4468 3810 4571 de“?

725 4588 803 4650 1ο
840 4564 1023 4653 sione
1082 4591 1350 4654 viriliter
1385 4564 1755 4657 vdecertare.
1823 4594 1911 4661 Ita
1972 4602 2041 4657 ut
2098 4594 2487 4658 anathemati
2546 4595 2809 4659 Paulum
2873 4564 3419 4665 exarchumivel
3475 4583 3576 4668 qui
3612 4590 3718 4642 eum
3750 4564 3808 4675 ᾒίζ

843 4693 1092 4748 rexerat
1126 4698 1206 4759 π’,
1280 4688 1553 4769 ejusque
1623 4698 2093 4755 consentaneos
2159 4693 2595 4767 submittunt,
2654 4702 3031 4773 spernentes
3084 4692 3538 4755 ordinationem
3585 4680 3691 4757 ejus
3732 4662 3805 4726 είδ¹

844 4802 1067 4860 omnes
1132 4789 1394 4870 ubique
1486 4792 1553 4852 in
1639 4793 1815 4857 Italia
1901 4796 2101 4859 duces
2178 4796 2511 4875 elegerunt
2582 4817 2649 4871 ιι,
2739 4805 2931 4878 atque
3005 4796 3252 4863 sicde
3336 4786 3616 4873 pontiﬁcis
3673 4774 3806 4878 dell'le

841 4909 959 4954 sua
1035 4892 1442 4971 immunitate
1524 4886 1734 4962 cuncti
1809 4900 2171 4965 studebant.
2262 4903 2529 4981 Cognita
2603 4920 2753 4966 vero
2820 4901 3223 4981 imperatoris
3300 4894 3602 4977 nequitia.
3670 4882 3804 4940 οωί¹¹⁵

841 4999 1020 5062 Italia
1102 5003 1449 5065 consilium
1513 5006 1660 5067 iniit
1737 5014 1804 5069 ut
1867 5009 1992 5071 sibi
2064 5009 2376 5088 eligerent
2441 5012 2890 5090 imperatorem
2949 5016 3011 5073 et
3070 4994 3645 5078 Constantinomlim

715 5101 797 5166 15
836 5113 1000 5166 rent.
1074 5106 1196 5177 Sed
1255 5110 1649 5188 compescuit
1721 5113 1844 5177 tale
1913 5087 2255 5181 consilium
2329 5087 2659 5196 pontifex,
2723 5132 2988 5193 sperans
3049 5111 3519 5177 conversionem
3571 5087 3802 5174 principis-

1765 5279 2028 5323 NOTULE
2072 5282 2472 5327 MARGINALES
2517 5281 2826 5324 FABRO'I'I‘I
2837 5309 2851 5323 .

744 5405 772 5434 ι
800 5394 862 5448 C.
896 5410 1001 5449 non
1022 5398 1382 5454 nominandis.
1457 5396 1484 5436 δ
1508 5399 1583 5453 De
1603 5413 1710 5467 quo
1730 5401 1925 5469 populo
1941 5415 2072 5458 vero
2097 5403 2335 5473 ejusdem
2353 5402 2589 5458 civitatis
2609 5417 2701 5457 ccc
2727 5401 2891 5455 millia
2919 5400 3147 5455 diversae
3162 5395 3334 5452 aetatis
3351 5379 3619 5461 pestilentia
3636 5362 3804 5475 vasta":

744 5464 942 5496 ..δα-...ηε
1042 5476 1063 5496 η
1101 5465 1271 5496 ιιι-..ιι-
1324 5470 1388 5496 -.ι
1452 5486 1553 5496 ιη...
1618 5469 1718 5496 '11-:
1814 5470 1837 5496 Α
1870 5474 2196 5496 ..........-.....:-
2302 5485 2325 5496 ι.
2367 5472 2405 5496 ι)
2460 5472 2530 5496 :n:
2629 5471 2648 5496 ε
2683 5471 2723 5496 [ν
2776 5471 2846 5496 aa
2949 5472 2974 5496 α
3009 5468 3175 5496 0-..-..
3239 5480 3339 5496 -..κ
3389 5457 3485 5496 “196
3560 5451 3583 5490 1³
3619 5441 3672 5496 Β.
3701 5443 3784 5496 mo-

1093 5451 1577 5556 Iferopéddnaun.
1618 5451 1756 5556 .713:
1775 5451 2246 5556 "‘qiﬁo'n'ééigii}?

2349 5451 2427 5556 .34
2442 5451 2890 5556 ’ίίίέἷ
2926 5451 2974 5556 ἓ
3002 5451 3215 5556 Beier;
3225 5451 3795 5556 ft!!:i.".?‘§:..’§..f;m“'.°il

671 5514 1188 5614 sanguinea;
1208 5514 1409 5614 mg;
1426 5514 1639 5607 ista}:
1658 5514 1840 5614 γέρα
1864 5514 2316 5614 gingiuam
2332 5514 2619 5614 suae.
2643 5514 2870 5598 arsura:
2956 5537 2975 5578 ι
3001 5514 3447 5610 assam“
3468 5514 3743 5590 ίωρίειεωι

667 5607 715 5642 In
736 5598 803 5664 Β,
829 5602 919 5670 qui
952 5602 1076 5657 illud
1101 5606 1335 5663 edictum
1357 5598 1642 5663 direxerat.
1720 5619 1747 5647 ι’
1775 5609 1838 5675 Β,
1869 5610 2004 5664 mori
2034 5598 2309 5681 eligerent.
