3958 5384
99 225 190 279 ξιὸῐ
786 217 1102 273 HISTORIA
1143 217 1229 272 DE
1268 215 1444 272 VlTlS
1481 215 1644 272 ROM.
1685 214 1881 272 PONT.
1921 243 1994 255 -
2026 214 2084 270 S.
2126 215 2518 271 GREGOBIUS
2555 214 2616 270 ll.
3221 206 3324 268 982

245 334 411 415 Ipsis
464 333 704 394 interea
777 333 1008 395 diebus
1063 332 1512 403 Exhilaratus,
1577 334 1708 393 dux
1779 330 2115 409 Neapolis,
2173 331 2476 408 deceptus
2543 329 2852 393 diabOlica
2917 330 3324 408 instigatione

247 450 391 495 cum
453 431 580 491 ﬁlio
639 446 758 492 suo
813 431 1092 492 Adriano
1151 448 1178 475 ι
1240 427 1598 506 Campaniae
1659 435 1868 506 partes
1929 427 2176 499 tenuit,
2233 428 2546 489 seducens
2597 428 2928 506 populum,
2986 436 3057 492 ut
3105 429 3326 492 obedi-

247 540 385 598 rent
465 534 833 610 imperatori
936 539 996 594 et
1079 532 1441 594 occiderent
1523 531 1912 608 pontiﬁcem.
1997 533 2176 591 Tunc
2255 530 2519 591 Romani
2602 545 2824 592 omnes
2900 549 3044 593 eum
3124 531 3327 594 secuti

247 635 912 714 comprehenderunt,
977 640 1038 695 et
1107 651 1251 697 cum
1310 633 1443 695 ﬁlio
1509 651 1629 696 suo
1691 633 2172 696 interfecerunt.
2254 635 2402 695 Post
2461 634 2632 695 hunc
2692 635 2720 674 θ’
2781 639 2842 696 et
2891 635 3143 698 Petrum
3200 634 3329 696 du-

126 743 202 803 20
244 756 406 811 cem,
439 738 755 799 dicentem
793 744 1010 799 contra
1043 737 1407 816 pontiﬁcem
1447 737 1816 816 imperatori
1847 737 2182 816 scripsisse
2214 748 2264 812 ο,
2297 738 2742 800 turbaverunt.

333 837 492 910 185
536 838 738 915 Igitur
786 837 1196 919 dissensione
1231 836 1394 899 facta
1438 837 1504 899 in
1554 837 1840 914 partibus
1887 838 2244 909 Ravenna,
2294 837 2401 898 alii
2440 837 2914 900 consentientes
2962 824 3330 919 impietatid

244 942 686 1021 imperatoris,
745 941 852 1002 alii
920 917 1062 1004 cum
1129 940 1427 1020 pontiﬁce
1480 947 1541 1002 et
1595 941 1890 1002 ﬁdelibus
1939 958 2008 1003 se
2065 947 2392 1013 tenentes,
2448 941 2610 1002 intra
2666 957 2689 985 ο
2736 957 2847 1002 eos
2922 917 3333 1006 contentione

248 1051 468 1117 mota,
543 1044 808 1105 Paulum
879 1044 1219 1123 patricium
1294 1043 1688 1106 occiderunt.
1778 1045 2211 1122 Longohardis
2293 1061 2440 1106 vero
2516 1043 2802 1105 .Emeliaa
2864 1053 3062 1107 castra
3139 1048 3336 1109 Fero-

249 1145 512 1218 rianus,
562 1145 929 1208 Montebelli
957 1190 972 1219 ,
1028 1147 1372 1208 Verablum
1436 1147 1455 1184 ¹
1507 1164 1650 1210 cum
1698 1147 1836 1209 suis
1880 1148 2130 1226 Oppidis
2168 1150 2348 1210 Buxo
2389 1155 2449 1211 et
2489 1150 2838 1212 Pernicteta
2875 1157 2932 1222 ε,
2973 1147 3336 1226 Pentapolis

163 1250 202 1308 5
248 1265 512 1328 quoque
580 1255 641 1311 et
721 1249 1074 1310 Auximana
1143 1250 1368 1311 civitas
1432 1267 1503 1310 se
1579 1250 2000 1312 tradiderunt.
2067 1249 2214 1311 Post
2283 1251 2542 1329 aliquod
2601 1269 2753 1317 vero
2817 1256 3070 1329 tempus
3129 1252 3337 1328 Euty-

250 1348 468 1410 chium
544 1347 877 1425 patricium
940 1349 1353 1422 eunuchum,
1412 1347 1524 1426 qui
1586 1347 1827 1410 dudum
1886 1349 2196 1411 exerchus
2255 1347 2500 1423 fuerat,
2570 1349 2896 1426 Neapolim
2971 1350 3145 1412 misit
3213 1351 3338 1412 im-

248 1459 543 1530 perator,
617 1457 682 1511 ut
757 1451 916 1514 illud
987 1454 1159 1530 quod
1231 1451 1544 1514 exarchus
1611 1452 1891 1526 Paulus,
1952 1452 2257 1530 spatharii
2313 1469 2572 1532 quoque
2635 1459 2697 1515 et
2751 1455 2959 1517 ueteri
3026 1455 3336 1517 malorum

248 1554 694 1617 consiliatores
737 1553 945 1617 facere
982 1555 1443 1634 nequiverunt,
1485 1557 1813 1634 perﬁceret
1852 1556 1993 1631 ille;
2040 1557 2148 1618 sed
2204 1575 2319 1620 nec
2365 1559 2490 1630 sic,
2527 1558 2834 1620 innuente
2886 1569 2913 1610 ιι
2957 1562 3127 1632 Deo,
3161 1543 3341 1622 latuit

247 1657 636 1722 miserabilis
697 1657 926 1732 dolus,
981 1658 1094 1721 sed
1154 1659 1379 1721 claruit
1443 1658 1692 1722 cunctis
1760 1659 2115 1737 pessimum
2178 1660 2560 1731 consilium,
2626 1660 2776 1739 quia
2828 1668 2842 1704 ί
2895 1660 3130 1721 Christi
3199 1661 3344 1722 vio-

123 1764 200 1826 10
248 1761 382 1825 lare
449 1763 842 1825 conabantur
899 1762 1246 1834 ecclesias,
1313 1769 1374 1825 et
1445 1763 1712 1842 perdere
1769 1770 2035 1825 cunctos
2104 1770 2294 1842 atque
2363 1765 2641 1841 diripere
2713 1764 2999 1826 omnium
3062 1765 3227 1826 bona
3291 1765 3341 1825 i.

247 1863 544 1943 Cumque
610 1863 893 1924 mitteret
957 1861 1280 1924 hominem
1343 1863 1674 1940 preprium
1736 1864 2002 1924 Romam
2062 1881 2204 1925 cum
2258 1862 2514 1940 scriptis
2567 1864 2738 1935 suis,
2791 1864 2855 1923 in
2901 1864 3140 1943 quibus
3185 1879 3347 1925 con-

261 1959 610 2033 tinebatur,
665 1963 737 2020 ut
810 1956 1099 2037 pontifex
1188 1957 1582 2020 occideretur
1668 1974 1812 2019 cum
1905 1958 2320 2036 Optimatihus
2413 1960 2650 2032 Romae,
2741 1961 2952 2036 agnita
3038 1959 3347 2022 crudelis-

250 2058 417 2121 sima
475 2058 724 2121 insania
788 2059 1081 2136 protinus
1133 2060 1345 2137 ipsum
1399 2059 1738 2137 patricium
1798 2061 2071 2123 missum
2128 2065 2154 2104 ¹ι
2216 2063 2506 2124 occidere
2553 2063 2920 2138 voluerunt,
2962 2065 3083 2124 nisi
3117 2063 3348 2125 defen—

255 2161 357 2221 sio
445 2160 767 2238 pontiﬁcis
847 2161 1043 2223 nimia
1126 2162 1557 2241 praepedisset.
1650 2163 1888 2225 Verum
1977 2164 2276 2226 eumdem
2369 2165 3066 2227 anathematizaverunt
3149 2167 3346 2244 Euty-

131 2266 209 2325 15
259 2263 478 2325 cliium
547 2263 916 2336 exarclium,
975 2281 1116 2325 sese
1197 2264 1406 2342 magni
1487 2281 1629 2326 cum
1710 2264 1922 2344 parvis
1981 2268 2493 2342 constringentes
2551 2272 2948 2328 sacramento
3015 2284 3345 2344 nunquam

257 2366 627 2444 pontiﬁcem
691 2365 1067 2428 Christianae
1114 2366 1258 2426 ﬁdei
1347 2367 1615 2428 zelotem
1683 2373 1742 2428 et
1831 2368 2254 2429 Ecclesiarum
2345 2368 2746 2431 defensorem
2821 2387 2890 2431 se
2979 2371 3349 2448 permittere

256 2470 505 2545 noceri,
575 2475 685 2533 aut
741 2472 1046 2543 amoveri,
1110 2472 1221 2533 sed
1299 2471 1461 2532 mori
1535 2488 1648 2550 pro
1712 2470 1891 2534 illius
1961 2472 2165 2534 salute
2234 2479 2446 2534 essent
2497 2489 2718 2534 omnes
2786 2473 3009 2551 parati.
3083 2475 3350 2536 Munera

256 2583 415 2637 tunc
478 2573 630 2637 hinc
681 2574 832 2637 inde
888 2574 1162 2637 ducibus
1238 2575 1801 2653 Longohardorum
1887 2582 1950 2638 et
2023 2577 2154 2653 regi
2229 2575 2604 2654 pollicentes
2659 2579 2672 2617 ι
2735 2575 3042 2653 plurima,
3115 2582 3186 2636 ut
3272 2577 3350 2638 ab

251 2676 592 2756 juvamine
686 2676 1069 2738 desisterent
1137 2678 1454 2756 pontiﬁcis
1536 2695 1830 2756 persuos
1929 2680 2170 2756 legatos
2238 2669 2541 2756 patricius
2618 2678 2727 2740 ille
2817 2679 3147 2740 suadebat.
3223 2679 3351 2752 Qui

117 2783 206 2842 20
254 2779 584 2858 rescripsit
637 2790 678 2818 ω
733 2779 1167 2841 detestandam
1258 2781 1377 2841 viri
1409 2780 1810 2842 dolositatem
1873 2781 2326 2858 despicientes,
2374 2798 2498 2842 una
2543 2799 2612 2843 se
2674 2780 2856 2860 quasi
2923 2780 3149 2841 fratres
3201 2780 3350 2841 ﬁdei

261 2887 489 2944 catena
551 2882 1075 2946 constrinxerunt
1165 2883 1434 2944 Romani
1512 2890 1702 2961 atque
1785 2884 2212 2962 Langobardi,
2311 2883 2747 2945 desiderantes
2814 2885 3026 2945 cuncti
3085 2890 3352 2945 mortem

266 3001 388 3062 pro
451 2983 825 3046 defensione
904 2985 1220 3063 pontiﬁcis
1290 2985 1610 3046 sustinere
1692 2985 2078 3062 gloriosam,
2145 3002 2476 3065 nunquam
2548 2985 2726 3046 illum
2777 2984 3031 3062 passuri
3072 2983 3355 3062 perferre

269 3087 661 3162 molestiam,
728 3105 841 3166 pro
891 3088 1010 3149 ﬁde
1073 3105 1218 3148 vera
1285 3095 1346 3148 et
1414 3087 1920 3149 Christianorum
1972 3094 2315 3150 certantem
2379 3103 2407 3131 ιι
2465 3087 2690 3148 salute.
2741 3086 2860 3148 His
2935 3086 3021 3150 ita
3098 3104 3170 3149 se
3237 3085 3357 3148 ha-

263 3189 598 3263 bentibus,
659 3189 849 3268 elegit
905 3190 1109 3268 majus
1158 3190 1524 3268 praesidium
1583 3196 1763 3268 pater
1826 3200 1850 3226 °
1906 3189 2014 3252 ille
2067 3190 2457 3252 distribuere
2518 3174 2947 3266 pauperibus.
2996 3187 3352 3266 largissime

134 3296 225 3355 25
270 3310 469 3354 manu
545 3311 688 3372 quae
777 3294 1152 3373 reperiebat,
1235 3294 1616 3356 incumbens
1698 3294 2096 3357 orationibus
2183 3301 2243 3358 et
2289 3293 2581 3373 jejuniis,
2666 3299 2725 3354 et
2818 3293 3072 3356 letaniis
3151 3293 3354 3352 Deum

271 3396 567 3475 quotidie
624 3398 1102 3465 deprecabatur.
1164 3400 1236 3458 Et
1293 3415 1405 3477 Spe
1456 3399 1543 3460 ita
1607 3399 1900 3460 maneb-t
1962 3416 2214 3477 semper
2266 3397 2469 3458 fultus
2531 3395 2673 3473 plus
2722 3412 2913 3474 quam
2969 3394 3300 3456 hominum
3339 3437 3352 3461 ,

268 3498 502 3574 gratias
569 3505 776 3560 tamen
877 3501 1190 3561 voluntati
1271 3500 1490 3578 populi
1554 3499 1838 3563 referens
1907 3517 2020 3579 pro
2084 3500 2316 3562 mentis
2387 3499 2767 3578 prOposito,
2829 3498 3066 3560 blando
3133 3513 3356 3558 omnes

269 3617 612 3674 sermone,
671 3609 740 3664 ut
788 3603 975 3664 bonis
1034 3604 1098 3664 in
1148 3605 1348 3665 Deum
1409 3604 1786 3681 proﬁcerent
1847 3603 2096 3665 actibus
2160 3609 2221 3663 et
2286 3602 2351 3662 in
2403 3601 2524 3662 ﬁde
2575 3600 3013 3679 persisterent,
3057 3598 3349 3674 rogabat,

272 3705 392 3765 sed
453 3722 534 3766 ne
581 3704 963 3768 desisterent
1021 3707 1097 3768 ab
1175 3723 1388 3768 amore
1461 3706 1550 3768 vel
1613 3707 1735 3768 ﬁde
1784 3707 2051 3768 Romani
2105 3704 2360 3783 imperii
2424 3703 2826 3764 admonebat.
2880 3711 2908 3750 ι’
2949 3699 3050 3761 Sic
3098 3703 3357 3761 cuncto-

125 3811 223 3870 30
273 3825 420 3869 rum
461 3809 648 3870 corda
686 3809 1044 3882 molliebat,
1105 3815 1164 3870 et
1221 3809 1473 3871 dolores
1537 3810 1876 3872 continuos
1940 3787 2335 3887 mitigabatf

360 3913 520 3985 186
587 3914 825 3976 Eodem
893 3921 1176 3993 tempore
1233 3930 1343 3992 per
1398 3932 1466 3974 ιι
1525 3913 1744 3974 indict.
1815 3911 1961 3974 dolo
2019 3929 2050 3973 a
2125 3909 2562 3987 Longohardis
2620 3924 2958 3986 pervasum
3031 3913 3127 3969 est
3206 3906 3360 3967 Sue-

280 4015 495 4077 riense
557 4017 924 4092 castellum,
981 4016 1152 4097 quod
1214 4034 1328 4096 per
1384 4022 1638 4078 centum
1711 4014 2126 4095 quadraginta
2190 4014 2328 4075 dies
2391 4023 2418 4063 ει
2483 4013 2560 4074 ab
2623 4011 2864 4074 eisdem
2925 4008 3363 4090 Longohardis

273 4135 649 4198 possessum
709 4129 825 4183 est.
905 4121 1025 4182 Sed
1087 4120 1405 4200 pontiﬁcis
1477 4119 1693 4182 multis
1766 4116 2088 4182 continuis
2163 4116 2415 4195 scriptis
2490 4122 2680 4194 atque
2751 4110 3364 4174 commonitionibus

281 4217 364 4280 ad
420 4235 632 4296 regem
689 4219 948 4293 missis,
1006 4219 1301 4298 quamvis
1359 4216 1579 4279 multis
1628 4215 1791 4277 datis
1871 4213 2288 4284 muneribus,
2334 4210 2542 4272 saltim
2577 4225 2598 4252 τ
2633 4208 2932 4270 omnibus
2975 4208 3112 4269 suis
3161 4205 3361 4268 nuda-

183 4319 238 4382 5
289 4324 423 4378 tum
481 4319 756 4397 Opibus,
806 4324 1079 4379 castrum
1134 4316 1544 4378 donationem
1593 4311 1980 4375 beatissimis
2045 4309 2349 4389 apostolis
2399 4309 2583 4370 Petro
2642 4312 2703 4368 et
2761 4304 2971 4368 Paulo
3022 4304 3362 4366 antefatam

285 4418 590 4481 emittens
662 4416 1222 4495 Longohardorum
1305 4401 1434 4476 rex
1492 4412 1769 4474 restituit
1843 4417 2034 4490 atque
2105 4406 2388 4470 donavit.
2445 4405 2537 4466 Eo
2598 4408 2808 4465 autem
2874 4408 3209 4480 tempore,
3268 4400 3364 4460 in-

287 4515 570 4576 dictione
617 4534 708 4574 xu
739 4558 754 4587 ,
816 4530 1036 4574 mense
1083 4511 1424 4582 Januario,
1475 4526 1587 4588 per
1633 4509 1853 4569 decem
1905 4513 1965 4568 et
2012 4504 2284 4582 amplius
2335 4501 2475 4563 dies
2519 4499 2725 4571 stella,
2759 4515 2902 4576 qum
2931 4497 3228 4562 Antifer'
3262 4513 3366 4556 vo-

285 4613 538 4686 citetur,
598 4630 741 4674 cum
801 4611 994 4672 radiis
1042 4611 1108 4670 in
1159 4608 1314 4671 cmlo
1371 4605 1662 4684 apparuit
1725 4606 1791 4664 in
1839 4602 2164 4672 Occiduo,
2218 4604 2237 4637 ί
2295 4598 2479 4676 cujus
2546 4595 2700 4655 radii
2760 4601 2968 4670 partes
3029 4590 3370 4670 Aquilonis

290 4710 764 4789 reSpiciebant,
820 4714 880 4770 et
940 4723 1148 4784 usque
1202 4704 1278 4764 ad
1338 4702 1620 4764 medium
1651 4699 1876 4760 coelum
1934 4714 2004 4757 se
2055 4692 2504 4755 extendebant.
2566 4690 2655 4746 Eo
2708 4703 2860 4789 vero
2907 4691 3373 4789 temporesre-

143 4814 250 4877 10
295 4783 438 4890 pius
497 4811 649 4874 dicti
715 4807 1067 4888 Eutychius
1122 4804 1424 4884 patricius
1477 4808 1538 4864 et
1607 4799 2036 4877 Luitprandus
2093 4812 2198 4854 rex
2275 4792 2559 4853 inierunt
2629 4788 2975 4850 consilium
3037 4783 3374 4852 nefarium,

293 4921 360 4976 ut
437 4911 839 4992 congregatis
913 4907 1297 4971 exercitibus
1369 4923 1476 4968 rex
1537 4900 1885 4978 subjiceret
1941 4903 2139 4964 duces
2216 4893 2627 4973 Spoletanum
2687 4894 2767 4992 Aet
2833 4891 3380 4992 Beneventanum,

264 5025 354 5092 ,et
433 4981 750 5082 exar'chus
815 5017 1122 5083 Romam,
1186 5016 1248 5070 et
1307 5027 1450 5089 quae
1511 5005 1759 5088 pridem
1814 5004 1894 5065 de
1950 4999 2272 5085 pontiﬁcis
2333 5009 2606 5077 persona
2675 4987 2913 5065 jussus
2958 4991 3205 5057 fuerat,
3269 4981 3386 5040 im-

260 5093 276 5131 ι
1200 5148 1463 5193 NOTULE
1514 5141 1929 5192 MARGINALES.
1978 5140 2289 5188 FABBOTTI
2300 5165 2313 5180 .

189 5266 224 5280 ..
265 5246 300 5280 η
361 5247 623 5280 Ληιινῖηηη
731 5235 910 5280 bpnsl
930 5237 1049 5280 hnc-
1127 5245 1148 5272 ε
1179 5229 1242 5280 Β.
1281 5231 1520 5280 dicentes
1566 5223 1765 5280 turbati
1801 5231 1947 5280 quod
1993 5229 2181 5280 contra
2210 5219 2519 5280 οοηιίίίςεῐη
2559 5221 2774 5280 qquuo
2809 5216 3113 5274 scripsisset
3212 5221 3220 5228 ”
