4024 6316
1728 234 1851 265 Kcin
1930 231 1981 250 1"“

690 290 795 346 985
1855 293 2218 350 ANASTASII
2253 295 2279 350 Ε

2253 295 2796 356 BIBLIOTHECARII
3153 281 3300 296 ’””“’
3744 312 3810 366 sai

849 404 1070 483 ploret.
1168 405 1295 479 Qui
1371 424 1478 467 rex
1545 407 1871 486 Spoletum
1941 410 2254 484 veniens,
2316 413 2631 490 susceptis
2689 412 2766 473 ab
2828 412 3119 490 utrisque
3181 411 3442 474 ducibus
3506 421 3811 479 sacramentis

853 514 1045 586 atque
1101 509 1462 581 obsidibus,
1530 527 1674 571 cum
1733 517 1861 573 tota
1917 529 2032 573 sua
2095 513 2512 575 cohorteain
2576 513 2846 575 Neronis
2905 531 3197 593 campum
3257 522 3523 576 secessu.
3581 519 3657 577 Ad
3683 537 3811 598 quem

731 614 806 673 '15
849 629 1143 690 egressus
1206 613 1514 691 pontifex,
1575 614 1765 692 eique
1827 620 2267 692 praesentatus,
2341 601 2586 676 sludnit
2651 624 2722 677 ut
2780 609 3023 694 potuit'
3069 615 3241 692 regis
3320 614 3550 679 mollire
3613 620 3810 683 animum

856 714 1357 775 commonitione
1419 715 1544 792 pia,
1610 716 1698 776 ita
1764 722 1840 776 ut.
1902 734 1972 779 se
2031 725 2463 795 prosterneret
2524 719 2664 797 ejus
2723 719 3020 796 pedibus,
3085 725 3150 780 et
3209 719 3577 796 promitteret
3625 738 3679 781 se
3713 723 3812 784 nulli

847 815 1084 877 inferre
1146 816 1469 879 lmsionem
1506 838 1519 875 :
1582 824 1773 896 atque
1831 819 1925 881 sic
1993 820 2072 881 ad
2119 826 2358 882 tantam
2405 821 2965 899 compunctionem
2999 820 3122 899 piis
3151 820 3405 883 monitis
3449 821 3624 882 ﬂexus
3653 829 3736 892 est,
3771 834 3811 884 ut

847 938 990 998 qum
1045 920 1250 982 fuerat
1309 921 1600 995 indutus,
1667 929 1973 996 exueret,
2029 930 2093 986 et
2154 931 2302 985 ante
2365 940 2596 1002 corpus
2649 922 2920 1001 apostoli
2983 928 3256 1001 poneret
3328 928 3621 992 mentum,
3689 924 3815 983 armi-

849 1023 1117 1085 lausiam
1149 1024 1202 1098 δ,
1271 1024 1598 1100 balteum,
1659 1033 1902 1103 spetam
1967 1036 2160 1106 atque
2214 1044 2436 1090 ensem
2507 1029 2881 1090 deauratum
2918 1069 2935 1100 ,
3005 1041 3258 1088 necnon
3318 1040 3586 1086 coronam
3639 1041 3813 1088 auream

715 1126 796 1188 20
843 1132 906 1186 et
1003 1144 1253 1190 crucem
1350 1137 1738 1206 argenteam.
1825 1131 1975 1192 Post
2055 1130 2414 1192 orationem
2489 1127 2716 1190 factam
2791 1127 3146 1190 obsecravit
3219 1125 3558 1205 pontificem
3629 1133 3683 1187 ut
3731 1145 3815 1189 me-

845 1239 1156 1304 moratum
1221 1232 1561 1296 exarchum
1628 1233 1708 1295 ad
1766 1233 1936 1312 pacis
1995 1234 2400 1296 concordiam
2465 1232 2794 1310 suscipere
2851 1232 3271 1309 dignaretur,
3329 1229 3493 1322 quod
3549 1237 3601 1291 et
3652 1228 3811 1290 factum

845 1343 965 1399 est.
1053 1341 1130 1400 Et
1224 1338 1315 1399 sic
1401 1337 1664 1400 recessit
1756 1355 1906 1416 rege
1983 1339 2344 1401 declinante
2405 1355 2442 1402 α
2504 1336 2714 1408 malis,
2797 1335 3037 1415 quibus
3120 1333 3374 1404 inierat,
3443 1331 3685 1395 consiliis
3725 1348 3813 1392 cum
3908 1423 3909 1438 χ

845 1441 1141 1504 εχει-θὴο.

923 1550 1091 1621 187
1140 1545 1345 1627 Igitur
1396 1544 1668 1608 exarcho
1729 1547 1946 1607 Romae
2009 1544 2323 1616 moranti,
2381 1545 2555 1607 venit
2602 1544 2668 1604 in
2718 1542 3006 1622 partibus
3050 1539 3301 1601 Tusciaa
3347 1541 3411 1600 in
3450 1547 3677 1602 castrum
3701 1535 3812 1596 Man-

847 1644 1217 1707 turianense
1265 1661 1286 1689 ο
1343 1645 1602 1724 quidam
1653 1645 1982 1716 seductor,
2046 1643 2343 1706 Tiberius
2399 1643 2689 1715 nomine,
2727 1641 2827 1702 cui
2869 1655 3230 1724 cognomen
3277 1645 3402 1698 erat
3452 1637 3710 1704 Petasius,
3746 1633 3813 1711 qui

845 1741 968 1804 sibi
1039 1759 1308 1821 regnum
1389 1743 1659 1806 Romani
1728 1743 1984 1821 imperii
2055 1758 2366 1820 usurpare
2450 1740 2816 1802 conabatur.
2903 1736 3210 1798 Leviores
3281 1749 3524 1812 quoque
3589 1729 3815 1808 decipiens

841 1838 929 1904 ita
995 1847 1063 1902 ut
1121 1839 1721 1913 Manturianenses,
1787 1840 2123 1902 Lunenses
2209 1845 2404 1916 atque
2475 1835 2738 1898 Bledani
2803 1837 2835 1876 ἀ
2881 1833 2945 1894 ei.
3008 1837 3399 1892 sacramenta
3465 1829 3812 1907 prastitissent.

764 1935 802 1996 5
841 1935 1172 2009 Exnrclius
1223 1954 1406 2011 vero,
1459 1936 1590 2000 haec
1636 1936 1953 2010 audiens,
2017 1936 2310 1998 turbatus
2367 1944 2505 2008 est,
2567 1951 2761 2013 quem
2830 1931 3279 1994 sanctissimus
3338 1946 3484 2006 papa
3540 1923 3813 1997 confortans,

845 2040 906 2098 et,
965 2050 1112 2096 cum
1175 2049 1253 2096 eo
1312 2050 1606 2113 proceres
1669 2033 1969 2097 Ecclesia;
2038 2036 2298 2096 mittens
2352 2041 2543 2112 atque
2607 2031 2926 2093 exercitus
2975 2029 3239 2109 profecti
3289 2034 3452 2088 sunt.
3499 2026 3603 2098 Qui
3642 2023 3813 2085 venien-

849 2139 966 2204 tes,
1036 2131 1101 2192 in
1144 2133 1689 2196 Mantuarianensi
1766 2133 2026 2196 castello
2101 2133 2341 2195 ibidem
2407 2132 2701 2195 Petasius
2771 2132 3199 2208 interemptus
3269 2134 3384 2188 est.
3447 2127 3613 2204 Cujus
3659 2122 3812 2184 abscis-

849 2246 992 2305 sum
1035 2238 1224 2310 caput
1263 2232 1882 2312 ConstantinOpolim
1922 2233 2000 2297 ad
2045 2232 2402 2313 principem
2445 2231 2716 2294 missum
2759 2235 2891 2304 est,
2933 2235 2995 2291 et
3037 2246 3160 2291 nec
3208 2228 3301 2288 sic
3345 2224 3610 2304 Romanis
3646 2220 3808 2298 plenam

844 2327 1112 2406 gratiam
1150 2329 1419 2408 largitus
1451 2337 1547 2396 est
1579 2331 1946 2409 imperator.

929 2431 1093 2502 188
1152 2429 1306 2508 Nam
1361 2436 1502 2507 post
1559 2428 1692 2492 haec
1741 2430 1966 2504 claruit
2021 2430 2310 2510 ejusdem
2373 2428 2782 2509 imperatoris
2829 2428 3114 2502 malitia,
3172 2443 3288 2506 pro
3339 2442 3458 2506 qua
3505 2417 3810 2501 persequeba-

848 2530 952 2592 tur
1026 2529 1436 2606 pontiﬁcem,
1516 2531 1604 2592 ita
1684 2535 1760 2592 ut
1832 2529 2243 2610 compelleret
2323 2547 2548 2592 omnes
2630 2529 3264 2608 ConstantinOpolim
3339 2525 3676 2591 habitantes,
3733 2526 3808 2576 tam

853 2621 1082 2696 virtute
1147 2636 1170 2662 °
1223 2643 1549 2706 quamque
1625 2625 2126 2705 blandimentis,
2192 2634 2263 2688 ut
2331 2626 2778 2706 deponerent,
2839 2627 3217 2706 ubicunque
3296 2625 3669 2690 haberentur,
3707 2617 3807 2675 ima-

847 2719 1030 2800 gines
1109 2729 1234 2796 tam
1306 2725 1650 2790 Salvatoris
1734 2744 2059 2808 quamque
2134 2727 2272 2804 ejus
2339 2725 2683 2804 Genitricis
2756 2732 2991 2786 sanctae
3049 2724 3152 2785 vel
3213 2723 3488 2784 omnium
3535 2721 3806 2780 sanctorum,

768 2817 818 2892 5.
849 2834 1088 2898 easque
1152 2823 1219 2883 in
1279 2824 1492 2886 medio
1557 2811 1874 2898 civitatis,
1933 2825 2105 2903 quod
2165 2825 2374 2897 dicere
2433 2823 2695 2892 crudele
2753 2828 2847 2887 est
2881 2868 2898 2898 ,
2954 2820 3089 2900 igni
3148 2827 3525 2892 cremarent,
3575 2823 3622 2877 et
3665 2824 3807 2873 omnes

855 2914 1223 2994 dealbarent
1283 2919 1564 2999 depictas
1624 2921 1948 2992 ecclesias.
2009 2924 2081 2991 Et
2141 2921 2293 3000 quia
2354 2921 2644 2999 plerique
2701 2937 2778 2983 ex
2835 2921 3126 3000 ejusdem
3189 2918 3455 2981 civitatis
3507 2911 3693 2994 p0pulo
3731 2907 3808 2967 tale

854 3012 1066 3080 scelus
1121 3016 1258 3076 fieri
1317 3017 1837 3098 praepediebant,
1880 3018 2190 3096 aliquanti
2238 3018 2440 3097 capite
2500 3017 2774 3079 truncati
2800 3063 2826 3096 ,_
2867 3016 2978 3078 alii
3027 3025 3272 3094 partem
3325 3019 3343 3059 ί
3386 3012 3628 3090 corporis
3666 3004 3807 3072 excisi.

849 3127 1100 3186 pcenam
1164 3113 1590 3190 pertulerunt.
1654 3117 1776 3191 Pro
1845 3134 1973 3194 qua
2047 3133 2240 3189 causa
2313 3117 2504 3185 etiam
2582 3118 3016 3189 Germanum,
3077 3123 3316 3184 sancta;
3368 3103 3806 3184 Constantinopoli-

849 3198 1011 3270 tanae
1075 3210 1374 3273 Ecclesiae
1430 3214 1824 3290 antistitem,
1887 3205 1963 3276 eo
2019 3214 2189 3292 quod
2250 3215 2307 3277 ei
2369 3231 2755 3277 consensum
2825 3215 3107 3293 praebere
3182 3213 3513 3287 noluisset,
3557 3205 3808 3288 pontiﬁcatu

734 3310 810 3385 10
848 3309 1122 3386 privavit
1219 3312 1421 3375 isdem
1523 3314 1904 3394 imperator,
2000 3313 2257 3395 sibique
2372 3315 2750 3396 complicem
2860 3316 3272 3378 Anastasium
3346 3312 3709 3394 presbyterum
3768 3299 3808 3360 in

855 3410 994 3492 ejus
1068 3411 1207 3475 loco
1270 3423 1295 3460 ι
1359 3415 1713 3476 constituit.
1789 3416 1914 3488 Qui
1991 3416 2186 3488 missa
2244 3418 2510 3478 Romam
2559 3415 2869 3495 synodica
2934 3416 3086 3484 dum
3149 3416 3259 3479 tali
3313 3413 3524 3476 haeresi
3569 3424 3679 3473 eum
3717 3416 3812 3463 con-

852 3498 1239 3594 sentientem
1318 3514 1665 3594 reperiret,
1745 3500 1843 3584 vir
1915 3522 2172 3596 sanctus
2233 3533 2363 3577 non
2423 3515 2674 3578 censuit
2733 3532 2879 3577 eum
2943 3513 3206 3587 fratrem
3268 3520 3374 3578 aut
3425 3503 3806 3576 consacerdolem

849 3612 1038 3673 solito
1125 3615 1381 3688 vocari,
1470 3614 1584 3676 sed
1665 3615 1990 3693 rescriptis
2069 3614 2583 3695 commonitoriis
2665 3614 2794 3675 nisi
2863 3614 2940 3676 ad
3017 3615 3393 3677 catholicam
3464 3607 3809 3674 converteretur

846 3709 1032 3773 ﬁdem
1109 3713 1301 3774 etiam
1381 3720 1700 3776 extorrem
1757 3731 1790 3774 a
1843 3713 2226 3793 sacerdotali
2296 3713 2502 3776 ofﬁcio
2581 3729 2727 3776 esse
2807 3713 3157 3778 mandavit.
3244 3708 3585 3791 Imperatori
3642 3711 3809 3782 quoque

733 3813 811 3871 15-
851 3812 1133 3874 suadens
1166 3814 1465 3877 salutaria
1492 3858 1509 3885 .
1544 3821 1612 3878 ut
1645 3833 1680 3876 a
1715 3813 1821 3875 tali
1855 3813 2235 3876 exsecrabili
2267 3812 2527 3875 miseria
2560 3812 2936 3885 declinaret,
2969 3813 3230 3892 scriptis
3258 3807 3628 3876 commonuit.
3693 3901 3702 3908 Δ
3759 3895 3768 3908 Ι

934 3917 1097 3988 189
1136 3912 1254 3977 Hic
1308 3911 1456 3976 fecit
1505 3913 1765 3977 calicem
1825 3931 2090 3977 aureum
2136 3913 2526 3993 praecipuum
2577 3912 2852 3978 diversis
2899 3923 3198 3979 ornatum
3255 3912 3550 3994 lapidibus
3589 3901 3807 4005 ρτθβξθξίξτ

850 4024 1031 4086 pens.
1066 4009 1174 4072 lib.
1206 4030 1388 4086 xxx;
1427 4012 1726 4074 similiter
1764 4018 1822 4075 et
1855 4019 2141 4091 patenam
2179 4029 2464 4086 auream,
2511 4029 2691 4091 pens.
2739 4015 2849 4076 lib.
2887 4033 3084 4076 xxvm
3121 4021 3186 4077 et
3231 4031 3364 4077 sem
3405 4013 3476 4076 is.
3536 4006 3631 4069 Hic
3654 3999 3810 4061 ἀίωίείι

849 4110 1028 4170 omni
1085 4109 1298 4185 clero,
1355 4111 1808 4183 monasteriis,
1887 4111 2195 4174 diaconiaa
2274 4118 2335 4174 et
2423 4112 2873 4174 mansionariis
2935 4112 3177 4175 solidos
3245 4113 3370 4176 duo
3427 4105 3599 4172 millia
3641 4101 3807 4204 centum

849 4208 1221 4286 sexaginta,
1277 4217 1340 4272 et
1394 4212 1473 4272 ad
1525 4211 1861 4273 luminaria
1921 4210 2085 4273 beati
2143 4210 2308 4273 Petri
2383 4212 2658 4290 apostoli
2719 4211 2960 4274 solidos
3035 4212 3236 4276 mille.
3316 4210 3429 4273 Hic
3482 4204 3606 4268 fecit
3645 4194 3810 4259 ordina-

769 4307 816 4368 5
855 4307 1065 4370 tiones
1113 4308 1403 4388 quinque
1461 4329 1476 4368 :
1528 4316 1805 4388 quatuor
1851 4327 1962 4388 per
2012 4327 2298 4373 mensem
2351 4311 2673 4390 Septemb.
2727 4319 2789 4374 et
2835 4328 3028 4374 unam
3067 4328 3271 4374 mens.
3305 4310 3446 4372 Jun.
3478 4327 3492 4366 :
3523 4297 3807 4398 presbyteros

851 4402 1112 4480 triginta
1172 4405 1504 4486 quinque,
1567 4406 1871 4468 diaconos
1945 4415 2261 4486 quatuor,
2322 4409 2657 4488 episcopos
2727 4426 2840 4488 per
2908 4408 3163 4471 diversa
3239 4410 3370 4472 loca
3434 4408 3645 4467 centum
3691 4403 3808 4470 qum‘

851 4507 1180 4588 quaginta.
1245 4508 1368 4582 Qui
1424 4510 1616 4572 etiam
1679 4510 1972 4588 sepultus
2037 4517 2132 4573 est
2184 4511 2260 4572 ad
2323 4511 2578 4575 beatum
2633 4513 2887 4574 Petrum
2940 4513 3300 4591 apostolum
3347 4511 3459 4573 sub
3499 4506 3675 4568 diem
3715 4490 3806 4554 ldus

856 4611 1233 4687 Februarii,
1271 4612 1494 4677 indict.
1529 4631 1673 4686 xxv,
1715 4613 1931 4677 Leone
1977 4619 2038 4675 et
2087 4612 2504 4676 Constantino
2545 4616 3063 4694 imperatoribus.
3116 4617 3190 4678 Et
3240 4611 3494 4678 cessavit
3527 4597 3807 4685 episcopatus

860 4717 999 4780 dies
1027 4718 1317 4797 quinoue
1382 4735 1669 4800 mensem
1702 4735 1930 4781 unum.

1753 4863 2018 4906 NOTULE
2081 4864 2480 4907 MABGINALES
2541 4863 2880 4907 FABROTTI.

764 4975 789 5000 ι·
821 4977 942 5017 cum
965 4965 1111 5018 omni
1143 4979 1241 5023 suo
1265 4966 1529 5022 exercitu.
1607 4968 1634 5006 δ
1657 4965 1908 5021 Armillas
1935 4966 2048 5021 sive
2075 4966 2136 5030 Β,
2165 4943 2535 5020 armillariam.
2614 4975 2636 5014 ς
2675 4963 3162 5022 Mantuarianense.
3201 4962 3264 5021 ϐ.
3305 4961 3642 5017 Maturanense-
3693 4936 3803 4991 ⁴Β¹θ⁹

691 5031 809 5086 rani
831 5033 891 5086 C.
969 5041 992 5068 ο
1019 5034 1086 5086 vi.
1170 5033 1186 5070 ί
1214 5034 1264 5087 ἰη
1293 5034 1468 5105 aliqua
1495 5045 1666 5105 parte.
1746 5037 1770 5074 ε
1794 5034 1990 5091 locum.

1995 5143 2227 5216 VARUS
2269 5142 2664 5199 LECTIONES.

1148 5253 1229 5309 Ex
1256 5255 1431 5308 codice
1461 5252 1810 5310 Farnesiano.
2293 5265 2339 5320 Α
2368 5252 2568 5324 bardos
2609 5269 2752 5322 pene.
2790 5263 3066 5324 trecentos
3095 5270 3214 5310 cum
3253 5265 3430 5309 eorum
3459 5240 3676 5305 Castaldio
3693 5233 3802 5289 inter-

767 5380 930 5436 Num.
963 5384 1089 5451 177,
1139 5385 1235 5441 lin.
1275 5387 1338 5449 1,
1388 5387 1530 5442 sedit
1570 5403 1742 5444 annos
1789 5404 1879 5452 xv.
1920 5404 2092 5448 mens.
2139 5405 2269 5453 vm,
2377 5321 2775 5456 Remmius,
2808 5392 2903 5446 lin.
2935 5392 3143 5448 lBuxo
3170 5392 3441 5447 Persioeta.

691 5451 812 5529 dies
838 5430 988 5529 xxiv-
1017 5472 1030 5506 :
1065 5430 1879 5529 ﬁciihﬁéoﬂ'é'iaifi;“661'
2149 5430 2270 5512 (.1:
2385 5527 2395 5529 μ
2919 5430 2971 5524 1‘,
2987 5430 3658 5529 KrQBJsBE'VsE'sWeP“

696 5520 828 5596 ιειιιιε
856 5514 1127 5596 integram
1143 5514 1306 5596 deest.
1842 5523 1845 5526 '
2382 5527 2515 5582 l-um.
2547 5528 2642 5583 lin.
2679 5514 2736 5594 δέ
2757 5514 3044 5585 ἐηιέίείίιῖέ
3061 5514 3310 5586 eiﬁiiiéiis
3327 5514 3711 5596 ῐειὶιαοωτιιυπυω
3730 5514 3800 5556 κ’·

770 5587 914 5644 Num
944 5587 1063 5656 {81,
1092 5593 1167 5646 lin
1185 5595 1273 5659 H,
1299 5599 1534 5666 sequitur
1557 5607 1729 5653 textus
1759 5597 1961 5660 Fames
1988 5608 2042 5654 et
2066 5596 2275 5666 Longn-
2383 5597 2480 5648 lin.
2516 5596 2598 5662 £9,
2627 5587 2835 5667 spa'tam
2867 5609 3028 5670 atque
3056 5615 3238 5656 ensem
3263 5587 3534 5655 deauratos.
