4024 6316
108 423 262 484 ιὲἓε
770 475 774 480 ,
845 418 1163 474 HISTORIA
1205 419 1290 473 DE
1330 414 1505 473 Vl'l’lS
1543 415 1704 471 BOM.
1750 415 1948 472 PONT.
1974 415 2120 470 —S.
2158 415 2552 474 GREGORIL’S
2583 418 2662 474 Ill.
3234 423 3372 478 1026

279 537 472 599 etiam
536 531 940 606 consulibus,
992 542 1053 595 et
1107 533 1374 613 reliquis
1428 532 1812 594 Christianis
1861 531 2156 611 plebibus
2216 534 2600 606 astantibus,
2649 533 2932 596 decrevit
2984 543 3053 598 ut
3107 536 3161 599 si
3221 540 3374 619 quis

277 641 633 720 deinceps,
688 639 970 717 antiqua:
1035 637 1522 700 consuetudinis
1589 643 1649 697 et
1709 635 2074 714 apostolicae
2137 634 2435 697 Ecclesiae
2489 642 2778 698 tenentes
2860 638 3112 699 ﬁdelem
3179 657 3370 701 usum

278 748 728 815 contemnens,
793 742 1102 803 adversus
1163 741 1453 802 eamdem
1519 740 1998 802 venerationem
2058 757 2379 800 sacrarum
2439 739 2834 819 imaginum,
2899 741 3196 803 videlicet
3255 742 3368 804 Dei

154 845 232 906 10
278 850 341 908 et
403 845 664 906 Domini
734 844 937 906 nostri
994 829 1150 904 Iesu
1215 831 1449 904 Christi
1486 887 1502 912 ,
1565 849 1626 905 et
1697 839 2038 903 Genitricis
2100 841 2239 920 ejus
2296 857 2552 921 semper
2625 843 2886 920 virginis
2953 846 3377 910 immaculata»

277 957 475 1030 atque
559 948 855 1024 gloriosae
932 947 1170 1020 Mariae,
1239 946 1572 1008 beatorum
1660 945 2092 1025 apostolorum
2162 951 2222 1005 et
2283 944 2575 1005 omnium
2665 953 3030 1007 sanctorum
3112 950 3380 1028 deposi-

279 1058 382 1116 tor
461 1060 652 1132 atque
739 1053 1125 1122 destructor,
1199 1059 1261 1112 et
1343 1037 1712 1128 profanator
1789 1049 1884 1110 vel
1975 1045 2385 1126 blasphemus
2458 1047 2793 1118 chtiterit,
2868 1050 2952 1110 sit
3009 1053 3280 1114 extorris
3339 1071 3377 1117 δ

274 1171 549 1234 corpore
623 1161 684 1216 et
745 1152 1057 1230 sanguine
1129 1153 1386 1214 Domini
1451 1153 1654 1213 nostri
1712 1155 1865 1214 Jesu
1941 1151 2210 1223 Christi,
2281 1151 2377 1213 vel
2458 1152 2654 1213 totius
2724 1151 3024 1216 Ecclesia)
3107 1156 3376 1232 unitate,

276 1264 474 1336 atque
535 1273 868 1336 compage,
938 1254 1112 1335 quod
1195 1260 1256 1318 ei.
1333 1255 1810 1333 subscriptione
1879 1256 2449 1336 suasolemniter
2544 1255 2834 1318 universi
2927 1255 3367 1332 ﬁrmaverunt,

154 1361 233 1422 15
278 1335 389 1420 eti
437 1357 606 1420 inter
686 1335 911 1418 caetera
1000 1355 1294 1418 instituta
1384 1354 1812 1434 probabilium
1895 1335 2490 1434 praedecessorum,
2569 1355 3072 1418 orthodoxorum
3169 1358 3383 1436 ponti-

277 1463 472 1524 ﬁcum
509 1461 907 1522 adnectenda
940 1467 1292 1522 sanxerunt
3005 1515 3030 1524 ,-

368 1567 525 1640 193
571 1567 719 1627 Post
779 1571 1102 1643 peractum
1158 1563 1353 1640 igitur
1410 1577 1530 1623 nor.
1584 1568 2002 1624 memoratum
2059 1560 2362 1640 superius
2405 1559 2716 1640 synodale
2762 1563 3206 1638 constitutum,
3262 1565 3384 1632 ite-

279 1686 430 1730 rum
478 1669 653 1731 misit
717 1669 842 1731 alia
907 1668 1144 1731 similia
1185 1668 1417 1746 scripta
1466 1666 1956 1730 commonitoria
2008 1683 2121 1745 pro
2185 1666 2511 1745 erigendis
2563 1667 2759 1743 sacris
2797 1667 3208 1748 imaginibus,
3267 1690 3382 1752 per

273 1769 776 1832 Constantinum
848 1769 1305 1842 defensorem,
1359 1787 1504 1848 quae
1557 1769 1894 1844 similiter,
1962 1777 2030 1832 at
2086 1770 2402 1833 anteriora
2467 1769 2724 1832 detenta
2795 1779 2969 1832 sunt.
3041 1772 3117 1844 Et
3188 1775 3384 1856 porti-

275 1882 489 1938 torem
575 1892 796 1936 eorum
884 1874 1230 1936 fortissima
1321 1874 1611 1936 custodia
1697 1873 2218 1936 constrinxerunt
2285 1892 2448 1952 pene
2537 1893 2648 1953 per
2711 1892 2954 1937 annum
3035 1877 3376 1957 integrum-

189 1976 234 2041 ὅ
276 1977 696 2038 Postmodum
764 1986 972 2039 autem
1043 1979 1100 2038 vi
1166 1976 1533 2039 auferentes
1595 1977 1654 2040 ei
1720 1978 1855 2057 ipsa
1915 1978 2172 2056 scripta,
2233 1986 2297 2040 et
2350 1979 2813 2041 comminantes
2867 1980 2974 2050 ei,
3030 1988 3170 2059 post
3227 1982 3382 2044 tanti

276 2081 593 2160 temporis
652 2083 1032 2154 custodiam,
1118 2098 1263 2142 cum
1325 2081 1582 2158 injuriis
1661 2099 1807 2144 eum
1891 2081 2304 2142 remiserunt.
2364 2082 2520 2142 Nam
2587 2089 2650 2142 et
2705 2088 2933 2142 cuncta
3003 2061 3384 2161 generalitas

273 2183 477 2246 istius
538 2185 885 2260 provincia}
931 2185 1131 2246 ltaliie
1186 2185 1488 2246 similiter
1543 2201 1654 2265 pro
1716 2185 2038 2261 erigendis
2121 2185 2510 2261 imaginibus
2599 2184 3142 2264 supplicationum
3212 2183 3379 2244 scri-

273 2297 390 2369 pta
444 2289 834 2351 unanimiter
897 2290 969 2352 ad
1013 2290 1272 2352 eosdem
1339 2289 1660 2366 principes
1710 2287 2133 2357 direxerant,
2188 2303 2331 2364 qum
2387 2293 2448 2347 et
2511 2285 2648 2364 ipsa
2716 2285 3018 2347 similiter
3074 2292 3142 2345 ut
3198 2291 3379 2347 ante-

279 2394 456 2455 riora
513 2392 718 2454 ablata
768 2402 918 2455 sunt
946 2413 978 2453 a
1010 2393 1229 2471 Sergio
1289 2393 1576 2469 patricio,
1610 2392 1916 2453 extratico
1973 2409 1998 2437 α
2062 2391 2270 2469 ipsius
2331 2389 2561 2450 insulae
2625 2389 2878 2450 Siciliae.
2931 2392 3022 2450 Ac
3077 2387 3211 2450 fere
3275 2407 3386 2468 per

155 2498 230 2559 10
273 2505 430 2558 octo
484 2514 738 2558 menses
797 2497 1062 2569 detenti,
1120 2497 1377 2558 remissi
1448 2505 1624 2568 sunt,
1690 2496 1989 2557 similiter
2019 2513 2161 2556 cum
2198 2494 2680 2572 cxprobationis
2711 2493 2970 2573 injuria,
3013 2495 3377 2572 portitores.

275 2601 362 2660 Et
419 2599 646 2662 iterum
701 2599 940 2662 faciens
997 2601 1275 2661 domnus
1339 2618 1497 2678 papa
1559 2599 2022 2661 adhortatorias
2074 2597 2315 2659 litteras
2366 2614 2480 2674 pro
2549 2596 2870 2674 erigendis
2932 2598 3383 2677 suprascriptis

275 2706 482 2767 sacris
540 2704 928 2781 imaginibus
990 2711 1051 2765 et
1104 2704 1474 2765 orthodoxm
1537 2703 1685 2764 ﬁdei
1744 2703 2085 2775 ﬁrmitate,
2162 2701 2393 2762 direxit
2479 2717 2593 2778 per
2653 2702 2910 2762 Petrum
2976 2700 3381 2764 defensorem

275 2809 454 2888 apud
488 2813 516 2853 δ
554 2809 790 2884 regiam
851 2809 1075 2868 urbem
1107 2852 1124 2882 ,
1178 2807 1692 2869 tam.Anastasio
1745 2805 2027 2866 iuvasori
2105 2805 2277 2865 sedis
2347 2802 3072 2881 Constantinopolitanae
3157 2822 3384 2884 quam-

278 2932 415 2994 que
447 2913 838 2992 principibus
870 2913 1068 2974 Leoni
1103 2920 1162 2973 et
1199 2912 1638 2973 Constantino.

368 3019 529 3095 195.
567 3019 685 3080 Hic
733 3034 1068 3080 concessas
1117 3017 1243 3078 sibi
1300 3016 1631 3079 columnas
1668 3032 1777 3077 sex
1815 3014 2170 3093 onycliinas
2227 3013 2540 3077 volubiles
2588 3015 2667 3076 ab
2719 3011 3034 3091 Eutychio
3085 3010 3384 3086 exarcho,

276 3123 466 3185 duxit
517 3139 625 3184 eas
685 3123 750 3183 in
818 3121 1148 3183 ecclesiam
1216 3121 1383 3183 beati
1435 3119 1598 3182 Petri
1651 3120 1948 3197 apostoli,
2015 3134 2177 3197 quas
2241 3118 2464 3180 statuit
2501 3117 2666 3179 circa
2699 3097 3172 3196 presbyterium
3235 3126 3384 3181 ante

281 3228 784 3301 confessionem,
843 3233 1032 3287 tresa
1069 3226 1312 3286 dextris
1367 3233 1430 3287 et
1502 3234 1694 3286 tresa
1729 3223 2036 3297 sinistris,
2087 3222 2272 3301 juxta
2334 3221 2489 3284 alias
2545 3221 3014 3302 antiquassex
3072 3220 3203 3284 tilio
3266 3241 3383 3301 pa-

278 3350 385 3394 res
423 3351 476 3405 c,
508 3350 701 3409 super
759 3348 922 3410 quas
977 3330 1190 3408 posuit
1245 3329 1480 3401 trabes,
1535 3338 1599 3390 et
1661 3327 1916 3390 vestivit
1977 3344 2082 3389 eas
2141 3332 2404 3404 argento
2435 3324 2888 3388 mundissimo.
2920 3325 3384 3404 lnquodsunt

192 3439 232 3498 5
282 3453 604 3514 expressa:
658 3437 737 3497 ab
802 3451 930 3496 uno
989 3433 1182 3494 latere
1227 3433 1470 3510 emori-cs
1531 3431 1874 3494 Salvatoris
1925 3436 1987 3492 et
2053 3429 2515 3508 apostolorum,
2589 3435 2650 3490 et
2711 3427 2789 3490 ab
2841 3427 2967 3490 alio
3026 3428 3224 3508 latere
3269 3430 3387 3491 Dei

223 3571 226 3574 ~
283 3540 627 3602 Genitricis
707 3546 768 3600 et
847 3544 1210 3600 sanctarum
1271 3537 1617 3614 virginum.
1718 3535 2075 3624 Posuitque
2159 3551 2354 3611 super
2415 3551 2520 3595 eas
2587 3531 2732 3607 lilia,
2790 3537 2850 3592 et
2933 3531 3165 3609 pharos
3203 3543 3226 3572 ο
3285 3549 3385 3591 ar-

287 3651 579 3723 genteos,
639 3659 822 3720 pens.
889 3643 956 3704 in
1009 3659 1208 3704 unum
1263 3641 1375 3703 lib.
1424 3639 1828 3719 septuaginta
1882 3637 1929 3697 ί.
1981 3638 2102 3699 Hic
2164 3635 2316 3698 fecit
2406 3635 2758 3696 oratorium
2849 3632 3016 3694 intra
3094 3631 3383 3696 eamdem

283 3749 609 3812 basilicam
661 3748 845 3826 juxta
904 3765 1120 3809 arcum
1191 3745 1608 3824 principalem
1677 3751 1854 3823 parte
1914 3742 2243 3814 virorum,
2308 3741 2373 3802 in
2430 3756 2562 3819 quo
2623 3735 2982 3813 recondidit
3045 3735 3115 3798 in
3171 3733 3386 3796 hono-

189 3904 192 3906 η
282 3869 417 3914 rem
504 3850 846 3912 Salvato-ris
955 3857 1320 3928 sanctaaque
1400 3849 1540 3928 ejus
1622 3847 1966 3910 Genitricis
2055 3845 2390 3926 reliquias,
2470 3851 2970 3921 sanctorumque
3063 3838 3385 3920 apostolo-

156 3957 238 4020 ιο
289 3973 488 4028 rum,
576 3955 672 4017 vel
756 3955 1048 4018 omnium
1146 3963 1516 4016 sanctorum
1616 3959 1967 4030 martyrum
2059 3969 2130 4012 ac
2229 3949 2722 4021 confessorum,
2826 3945 3384 4026 perfectorumque

273 4064 601 4143 justorum
690 4066 820 4122 toto
918 4061 985 4122 iu
1068 4061 1223 4123 orbe
1305 4067 1637 4122 terrarum
1709 4056 2284 4138 requiescentium.
2345 4056 2637 4129 Quorum
2699 4052 2860 4115 festa
2929 4051 3288 4132 vigiliarum
3347 4069 3382 4114 a

285 4149 644 4229 monachis,
695 4167 888 4227 trium
980 4164 1522 4226 monasteriorum
1604 4162 1738 4224 illic
1813 4159 2235 4223 servientium
2302 4157 2597 4240 quotidie
2673 4174 2785 4236 per
2868 4155 3160 4220 ordinem
3249 4157 3386 4218 exi-

285 4270 519 4333 stentia
557 4272 606 4342 ⁸,
637 4277 827 4349 atque
886 4268 1326 4330 natalitiorum
1401 4268 1630 4328 missas
1684 4266 1754 4327 in
1813 4265 2036 4327 eodem
2103 4264 2244 4328 loco
2331 4262 2650 4325 celebrare
2717 4257 3142 4331 instituensh,
3183 4257 3246 4320 in
3286 4277 3387 4320 ca-

285 4391 458 4435 none
516 4373 726 4434 missaa
770 4382 785 4421 ί
823 4372 943 4434 hoc
983 4372 1212 4451 adjecit
1271 4373 1356 4432 ita
1404 4390 1438 4434 a
1487 4371 1839 4434 sacerdote.
1870 4369 2265 4432 dicendum:
2332 4367 2616 4444 Quorum
2669 4364 3026 4427 aolcmnt'tas
3071 4361 3258 4436 hodie
3321 4364 3387 4423 in

155 4480 242 4544 ιδ
287 4486 618 4557 conspectu
695 4486 816 4539 tua:
878 4477 1217 4556 majestatis
1305 4477 1650 4539 celebratur
1680 4523 1699 4553 ,
1763 4477 2022 4538 Domine
2097 4476 2260 4537 Deus
2344 4482 2597 4548 noster,
2685 4473 2750 4536 in
2823 4479 2957 4546 toto
3041 4467 3192 4539 orbe,
3252 4475 3390 4540 ter-

283 4601 506 4644 rarum
3194 4645 3198 4649 .

368 4689 525 4762 195
570 4689 776 4759 Quam
831 4687 1304 4751 institutionem
1355 4686 1422 4748 in
1476 4686 1701 4749 eodem
1764 4685 2042 4747 oratorio
2097 4684 2332 4746 tabulis
2393 4682 2664 4761 lapideis
2719 4677 3124 4748 conscribere
3181 4675 3331 4736 fecit
3367 4721 3384 4749 ,

283 4791 354 4851 in
415 4807 546 4868 quo
606 4788 847 4851 faciens
905 4789 1255 4868 pergulam,
1313 4789 1583 4852 contulit
1643 4789 1813 4848 dona
1877 4787 2273 4848 diversarum
2338 4784 2724 4861 specierum,
2785 4781 2852 4842 id
2903 4788 3000 4842 est
3023 4779 3382 4857 ,gabathas,

293 4911 522 4956 aureas
573 4894 760 4968 duas,
819 4893 974 4958 alias
1033 4893 1281 4956 saxicas
1343 4909 1614 4955 numero
1679 4893 2005 4970 quinque,
2067 4907 2291 4951 cruces
2347 4889 2702 4967 pendentes
2749 4902 3022 4951 numero
3081 4890 3382 4963 quatuor.

281 4987 447 5058 Item
505 5014 728 5061 cruces
795 4998 1090 5059 similiter
1126 4999 1142 5052 ί
1182 5011 1450 5060 numero
1515 4996 1772 5070 decem,
1823 4992 2070 5056 amulas
2133 4998 2582 5069 superauratas
2653 4990 2824 5069 paria
2885 4991 3018 5052 duo
3053 5045 3059 5058 ,
3095 4989 3389 5068 penden—

191 5102 242 5167 ὃ
283 5110 385 5166 tes
419 5147 435 5175 ,
496 5103 857 5166 ﬁbulatoria
930 5121 1200 5166 numero
1251 5104 1566 5184 quinque.
1631 5102 1945 5164 Coronam
2003 5117 2260 5161 auream
2311 5115 2461 5160 cum
2514 5113 2702 5158 cruce
2765 5094 3149 5174 pendentem
3189 5111 3387 5170 gem—

285 5207 415 5270 mis
477 5218 763 5270 ornatam
825 5227 1020 5287 super
1087 5209 1314 5275 altare,
1377 5215 1670 5286 patenum
1734 5213 1795 5268 et
1853 5204 2112 5266 calicem
2173 5219 2464 5265 aureum,
2505 5218 2614 5279 per
2663 5216 2862 5262 unum
2906 5198 3032 5260 kin
3075 5195 3387 5274 gemmis,

284 5313 715 5392 aquaamanile
790 5322 1162 5391 argenteum
1219 5331 1332 5392 par
1391 5330 1621 5374 unum.
1680 5312 1758 5373 Et
1816 5310 2162 5388 imaginem
2227 5314 2456 5372 sanctae
2514 5306 2630 5368 Dei
2669 5303 3032 5368 .Genitricis
3094 5300 3391 5370 diadema

289 5424 564 5480 aureum
626 5419 966 5480 habentem
1039 5435 1181 5479 cum
1236 5416 1550 5495 gemmis,
1612 5423 1673 5478 et
1723 5415 1958 5478 collare
2045 5431 2312 5476 aureum
2363 5431 2510 5476 cum
2595 5413 2866 5491 gemmis
2929 5409 3387 5491 pendentibus,

1225 5597 1490 5641 NOTL'LB
1534 5596 1938 5639 MARGINALES
1974 5594 2285 5639 FABBOTTI

195 5721 227 5750 ι
255 5706 320 5773 C,
350 5716 402 5761 et
428 5716 635 5778 strage.
696 5775 705 5778 _
735 5706 762 5745 ιι
793 5704 895 5778 ad._
949 5713 1001 5778 τξι
1041 5701 1108 5766 Β,
1134 5700 1512 5778 _Lilhoparia_s_.
1557 5698 1618 5778 (ξ.
1656 5699 2023 5778 Pliilopareas.
2063 5762 2092 5778 ι
2119 5694 2144 5734 ἀ
2177 5695 2228 5748 in
2263 5693 2490 5778 quibus.
2595 5701 2619 5732 ο
2649 5688 2833 5763 pliara.
2866 5718 2870 5722 λ
2912 5685 2958 5728 τ
2993 5685 3384 5766 septingenta.

114 5762 582 5838 ‘existentiumf
629 5778 657 5818 λι
692 5774 942 5831 instituit.
982 5775 998 5814 ί
1078 5762 1255 5827 missw
1287 5762 1631 5842 li'oc'adjccit.
1714 5765 1726 5820 ἱ
1769 5762 1992 5825 similes.
2063 5762 2095 5802 ι
2125 5772 2393 5837 paratum.
