4024 6316
3705 362 3789 416 1013

858 472 1118 559 inaures
1199 467 1513 553 habentes
1597 468 2047 549 hyacinthinas
2115 482 2254 527 sex.
2317 466 2395 525 Et
2455 462 2677 525 faciem
2728 461 2949 524 altaris
2999 468 3060 524 et
3114 462 3535 526 confessionem
3588 485 3693 530 cum
3734 490 3791 534 re-

742 556 829 634 1οΔ
856 556 1037 652 gulis
1084 556 1339 636 vestivit
1385 565 1687 653 ‘argento,
1748 580 1809 637 et
1851 570 1917 633 in
1979 569 2181 631 tribus
2248 566 2557 629 lateribus
2620 564 2837 626 altaris
2905 564 3119 643 posuit
3165 581 3370 627 cruces
3403 578 3665 646 argenteas
3695 580 3789 648 tres,

855 683 1157 757 pensant.
1226 679 1294 740 in
1358 696 1560 739 unum
1620 677 1765 737 libr.
1827 673 2082 752 triginta
2153 689 2288 734 sex.
2352 670 2644 731 Canistra
2690 675 2991 753 argentea
3044 666 3220 742 duo;
3261 668 3495 730 calicem
3534 682 3791 750 argenteum

866 779 1359 859 quotidianum;
1442 778 1784 851 coronulas
1870 785 2206 859 argenteas
2297 789 2565 839 numero
2645 769 2980 851 quinque,
3070 778 3134 832 et
3232 770 3466 832 calicem
3537 782 3796 851 argenteum

868 896 1116 958 unum,
1171 884 1284 965 qui
1340 882 1576 963 pendet
1631 882 1694 943 in
1757 881 1978 953 obside
2038 878 2243 959 ipsius
2303 875 2616 947 oratorii,
2678 882 2740 936 et
2802 891 2996 952 super
3041 874 3316 936 eamdem
3373 874 3611 936 absidem
3654 895 3795 941 cruces

772 970 787 1071 ξ
866 992 1194 1063 argenteas
1244 993 1412 1060 tres,
1456 994 1525 1053 et
1571 994 1830 1061 calere,
1879 970 2021 1064 quae
2074 983 2145 1045 in
2186 986 2562 1043 ornamento
2595 974 2907 1056 pergula,
2964 992 3079 1037 seu
3125 976 3202 1037 ad
3246 982 3439 1039 vestes
3483 974 3655 1039 altaris
3692 980 3797 1044 ordi-

749 1086 825 1150 15
865 1097 1024 1150 natae
1053 1096 1229 1152 sunt.
1374 1076 1379 1081 ’
2216 1158 2219 1165 η
2402 1146 2405 1151 .

926 1196 1111 1274 ’196
1171 1194 1291 1255 Hic
1348 1191 1500 1257 fecit
1542 1192 1626 1254 'in
1689 1190 1955 1255 ecclesia
2004 1195 2245 1271 sanctae
2293 1185 2411 1248 Dei
2456 1182 2799 1269 Genitricis
2838 1182 2916 1244 ad
2963 1182 3247 1260 Praesepe
3292 1200 3396 1261 per
3439 1182 3701 1249 circuitum
3734 1204 3800 1251 sn-

840 1290 986 1367 'per
1068 1280 1399 1351 columnas
1471 1288 1762 1367 regulare
1841 1286 2287 1375 candelabrum
2361 1297 2389 1325 ι
2444 1284 2539 1373 ad
2584 1282 2786 1344 instar
2848 1282 3134 1345 ecclesiae
3194 1280 3351 1343 beati
3407 1282 3551 1345 Petri
3606 1288 3798 1365 apostoli.

852 1391 1047 1452 ‘Fecit
1122 1401 1185 1455 et
1274 1394 1511 1455 ibidem
1588 1395 1655 1454 in
1736 1388 2041 1454 oratorio
2084 1397 2300 1452 sancto
2387 1388 2561 1469 quod
2634 1389 2921 1469 Praesepe
2984 1387 3216 1449 dicitur
3280 1387 3579 1466 imaginem
3635 1407 3799 1452 auream

867 1492 986 1555 Dei
1093 1494 1478 1581 Genitricis,
1568 1495 2060 1581 anipleoten‘tem
2163 1493 2549 1581 Salvatorein
2646 1491 2992 1553 Dominum
3096 1491 3293 1551 Deum
3382 1498 3656 1562 nostrum,
3711 1512 3797 1553 cum

790 1599 833 1661 5
874 1599 1145 1675 gemmis
1217 1605 1247 1647 ιι
1303 1580 1622 1675 diversis,
1682 1580 1866 1683 pens.
1900 1594 2115 1679 libras
2188 1597 2501 1678 quinque.
2567 1596 2687 1657 Hic
2748 1594 3081 1658 renovavit
3137 1602 3363 1656 tectum
3419 1594 3585 1656 sancti
3626 1592 3802 1672 Chryso-

766 1704 773 1709 “
849 1698 1037 1779 ,τεοηῐ
1077 1704 1412 1784 martyris,
1475 1684 1553 1766 et:
1595 1692 1910 1767 cameram
1974 1704 2109 1791 sive
2172 1688 2483 1783 parietum
2556 1706 2881 1783 picturas,
2940 1700 3253 1764 ciborium
3317 1708 3505 1763 autem
3555 1701 3616 1763 de
3659 1717 3804 1776 argen-

778 1800 783 1807 ’
875 1811 936 1863 to
982 1810 1116 1864 seu
1152 1822 1337 1867 arcus
1390 1792 1720 1887 quinque,
1776 1824 1959 1887 pens.
2009 1805 2074 1866 in
2132 1822 2333 1865 unum
2383 1803 2578 1865 libras
2629 1822 2839 1876 ccxx;
2882 1803 2990 1863 ubi
3039 1801 3269 1867 obtulit
3319 1818 3551 1865 coronas
3588 1808 3803 1875 argenteas

871 1914 1195 1987 quatuor,
1293 1908 1785 1995 pharacanthara
1860 1910 2028 1983 duo,
2108 1917 2405 1987 patenum
2493 1915 2858 1984 argenteam
2940 1922 3180 1977 unam,
3259 1903 3494 1966 calicem
3559 1911 3803 1979 argenteum

796 2094 801 2099 Δ
876 2027 1122 2071 unum.
1176 2028 1295 2072 seu
1343 2011 1531 2073 etiam
1581 2014 1642 2073 et
1691 2020 1899 2076 vestes
1956 2002 2213 2087 altaris,
2262 2028 2513 2075 necnon
2560 2019 2623 2074 et
2675 2010 2813 2074 vela
2864 2011 3067 2074 serica
3110 2009 3280 2083 alba,
3318 2017 3511 2070 ornata
3544 2008 3805 2079 blatto,cir-

762 2113 840 2175 10
881 2128 1288 2203 cumquaque
1328 2110 1711 2193 pendentia.'
1956 2102 1961 2111 ’
2344 2179 2348 2183 ,
2402 2104 2407 2111 ’

842 2294 845 2301 ι
963 2214 1120 2296 197
1197 2212 1699 2302 Construxitque
1765 2224 2226 2287 monasterium
2294 2240 2443 2302 erga
2504 2221 2803 2287 eumdem
2877 2221 3136 2282 titulum
3198 2225 3528 2281 sanctorum
3579 2221 3806 2291 martyrum

880 2306 1231 2393 Stephani,
1313 2317 1639 2381 Laurentii
1710 2329 1900 2400 atque
1977 2320 2422 2400 Chrysogoni,
2504 2321 2901 2385 constituens
2971 2320 3210 2383 ibidem
3272 2319 3529 2379 abbatem
3583 2322 3629 2375 et
3677 2326 3807 2371 mona-

881 2414 1149 2481 chorum
1226 2404 1788 2507 congregationem
1861 2425 1941 2489 ad
2015 2406 2679 2505 persolvendas'Deo
2742 2423 2963 2485 laudes
3039 2421 3108 2483 in
3179 2422 3393 2484 eodem
3459 2417 3611 2479 titulo
3654 2412 3806 2474 diurnis

766 2593 770 2596 .
878 2535 1072 2609 atque
1142 2526 1473 2593 nocturnis
1550 2527 1986 2608 temporibus,
2059 2529 2418 2590 ordinatam
2483 2528 2840 2590 secundum
2908 2526 3113 2589 instar
3182 2547 3206 2574 ο
3267 2524 3576 2587 ofﬁciorum
3629 2517 3807 2581 ecclesia

802 2633 844 2696 5
885 2632 1055 2699 beati
1119 2632 1285 2696 Petri
1351 2630 1672 2712 apostoli,
1744 2638 2144 2709 segregatum
2214 2629 2510 2693 videlicet
2571 2649 2604 2692 a
2674 2630 2824 2710 jure
2886 2630 3221 2709 potestatis
3287 2626 3591 2707 presbyteri
3632 2617 3807 2701 pradicti

846 2716 1084 2799 ltituli.
1155 2738 1228 2799 In
1286 2753 1417 2817 quo
1482 2735 1873 2801 monasterio
1938 2752 2055 2814 pro
2108 2735 2577 2799 sustentatioue
2637 2735 2875 2796 ibidem
2943 2734 3115 2795 idem
3182 2735 3316 2813 ipse
3371 2728 3715 2794 sanctissimus
3754 2720 3809 2777 vir

884 2835 1119 2911 praedia
1177 2841 1239 2897 et
1305 2816 1472 2898 dona
1531 2840 1722 2914 atque
1787 2832 2095 2895 familiam
2153 2832 2420 2910 largitus
2484 2839 2602 2895 est.
2663 2834 2738 2893 Et
2802 2832 3043 2896 diversi
3110 2816 3217 2895 alii
3274 2830 3476 2894 ﬁdeles
3522 2834 3572 2890 et
3612 2827 3808 2887 amatores

786 2988 791 2993 .
886 2937 1144 3023 Domini
1204 2937 1408 3000 nostri
1472 2937 1625 3000 Iesu
1682 2935 1921 2999 Christi
1983 2936 2052 2997 in
2118 2936 2345 2998 eodem
2417 2938 2806 2999 monasterio
2863 2946 3231 3000 sanctorum
3296 2934 3593 3016 Stephani,
3637 2932 3813 2991 Lauren-

812 3114 817 3121 ⁸
887 3038 959 3099 tii
1034 3047 1227 3121 atque
1310 3041 1709 3119 Chrysogoni
1791 3041 2024 3121 praedia
2098 3048 2160 3105 et
2230 3043 2399 3105 dona
2481 3044 2883 3106 devotissimi
2969 3028 3396 3107 contulerunt.
3479 3039 3641 3121 Simili
3697 3032 3811 3095 etiam

770 3146 850 3207 1ο
893 3146 1079 3208 modo
1148 3147 1476 3211 renovavit
1559 3146 2020 3209 monasterium
2101 3155 2466 3210 sanctorum
2546 3147 2811 3210 Joannis
2886 3148 3348 3228 Evangelistm,
3420 3145 3632 3209 Joannis
3683 3136 3815 3216 Bapti-

887 3256 1043 3322 stm,
1093 3258 1157 3311 et
1211 3250 1414 3312 sancti
1467 3250 1774 3312 Pancratii
1833 3268 2021 3312 secus
2080 3251 2413 3313 ecclesiam
2461 3252 2803 3315 Salvetoris
2850 3253 3215 3333 antiquitus
3274 3251 3597 3313 institutum
3632 3236 3815 3339 ‘rqllttl

888 3347 970 3410 ab
1028 3348 1203 3410 omni
1265 3349 1488 3410 ordine
1543 3348 1882 3410 monachio
1944 3362 1968 3395 ο
2028 3349 2356 3412 exstiterat
2416 3350 2613 3412 nimia
2669 3350 2915 3412 incuria
2975 3350 3377 3413 destitutum.
3431 3349 3492 3409 In
3537 3359 3636 3423 quo
3676 3335 3817 3419 βτωάίδ

890 3458 955 3515 et
1005 3452 1172 3514 dona
1216 3453 1527 3525 contulit,
1586 3460 1648 3514 et
1700 3469 1844 3533 quae
1897 3453 2230 3515 invenerat
2290 3454 2369 3516 de
2434 3454 2575 3533 ipso
2634 3455 3023 3518 monasterio
3087 3455 3393 3527 alienata,
3442 3447 3640 3514 reddito
3676 3436 3815 3524 prelio.

892 3556 961 3617 in
1031 3556 1327 3619 eumdem
1411 3555 1625 3618 locum
1708 3534 2030 3630 restituit;
2112 3554 2263 3619 ubi'
2305 3563 2368 3620 et
2431 3559 2988 3637 congregationem
3047 3558 3487 3622 monachorum
3537 3561 3586 3615 et
3633 3547 3815 3611 abbatem

776 3662 853 3723 15
888 3660 1219 3722 constituit
1284 3659 1363 3722 ad
1428 3659 1847 3739 persolt'enda
1909 3659 2201 3739 quotidie
2264 3672 2439 3723 sacra
2499 3660 2703 3722 oﬂicia
2759 3660 2967 3723 laudis
3028 3661 3268 3723 divinae
3320 3662 3382 3721 in
3438 3654 3649 3720 basilica
3691 3647 3818 3708 Salii"

892 3766 1050 3826 toris
1111 3765 1370 3826 Domini
1426 3764 1626 3826 nostri
1695 3765 1852 3827 Jesu
1911 3764 2194 3839 Christi,
2265 3781 2409 3846 quae
2486 3764 3007 3827 Constantiniana
3086 3771 3476 3841 nuncupatur
3522 3758 3664 3838 juxta
3707 3751 3819 3849 ἰδιῦῇ

893 3862 1092 3936 ranis,
1121 3862 1375 3925 diurnis
1410 3860 1875 3942 nocturnisque
1906 3860 2300 3942 temporibus
2334 3861 2647 3936 ordinata,
2666 3862 2851 3941 juxta
2884 3861 3090 3924 instar
3121 3860 3453 3925 ciliciorum
3486 3852 3702 3921 ecclesiae
3720 3848 3819 3908 brat!

888 3967 1060 4032 Petri
1090 3967 1388 4046 apostoli.
1418 3988 1427 3993 '
1568 3984 1575 3989 '
1948 3984 1953 3991 ·

972 4045 1144 4138 ιωί
1193 4066 1352 4127 Item
1407 4063 1757 4144 imaginem
1810 4072 2044 4127 sanctae
2095 4066 2213 4129 Dei
2264 4067 2613 4131 Genitricis
2656 4062 2987 4150 antiquam
3045 4065 3488 4149 deargentavit,
3544 4077 3602 4123 ac
3652 4045 3823 4117 investi-

790 4204 793 4213 -
882 4170 982 4232 vit
1033 4177 1309 4243 argento
1393 4170 1865 4243 mundissimo,
1939 4186 2122 4248 pens.
2198 4171 2311 4234 lib.
2377 4172 2865 4253 quinquaginta.
2933 4173 3095 4236 Item
3158 4170 3303 4236 fecit
3360 4178 3607 4251 patenam
3658 4166 3822 4219 auream

846 4298 853 4309 ι
894 4284 1183 4349 magnam
1235 4288 1377 4334 cum
1416 4272 1694 4334 diversis
1742 4272 2097 4353 lapidibus,
2148 4292 2331 4355 pens.
2373 4277 2486 4338 lib.
2531 4296 2728 4350 xxvr;
2784 4285 2847 4341 et
2880 4278 3142 4345 calicem
3179 4277 3459 4340 similiter
3488 4285 3605 4335 cum
3632 4254 3823 4358 gemitilsi

889 4384 1072 4451 pons.
1128 4370 1239 4432 lib.
1291 4369 1549 4447 triginta
1596 4349 1879 4449 quatuor
1923 4392 1947 4431 τ
1985 4349 2281 4436 simil-iter
2329 4382 2389 4436 et
2440 4374 2780 4452 Evangelia
2834 4392 3025 4438 aurea
3080 4394 3223 4438 cum
3262 4370 3548 4453 gemmis,
3586 4374 3718 4444 pens.
3755 4349 3820 4411 libo

808 4474 1279 4555 nquindecim.
1356 4474 1531 4535 Fecit
1603 4480 1816 4537 autem
1899 4483 1963 4538 et
2034 4485 2275 4541 tectum
2336 4479 2855 4543 novitcr'simul
2936 4487 2997 4542 et
3052 4496 3362 4544 cameram
3427 4469 3598 4537 sancti
3651 4456 3823 4563 Andre?

891 4577 1165 4657 apostoli
1220 4576 1298 4639 ad
1359 4583 1647 4640 sanctum
1702 4579 1960 4641 Petrum
2018 4582 2421 4660 apostolum,
2469 4602 2660 4662 quam
2722 4582 3043 4663 depinxit,
3100 4592 3163 4647 et
3215 4583 3362 4645 fecit
3411 4582 3470 4640 in
3513 4571 3684 4635 eadem
3716 4561 3824 4670 δεξί’

874 4681 1013 4744 lica
1069 4680 1412 4759 imaginem
1472 4698 1728 4745 auream
1786 4684 1853 4745 in
1904 4686 2176 4766 gemmis
2226 4686 2395 4749 beati
2457 4687 2728 4750 Andreae
2773 4688 3070 4769 apostoli,
3128 4705 3306 4770 pens.
3364 4684 3466 4745 lib.
3515 4681 3649 4743 octo,
3693 4672 3822 4770 ei!”

810 4792 986 4848 ~‘tra
1052 4784 1524 4849 confessionem
1595 4787 1854 4851 vestivit
1915 4796 2219 4867 argento,
2288 4790 2461 4871 quod
2522 4767 2851 4853 deauravit
2919 4806 3076 4853 auro
3131 4767 3504 4869 purissimo.
3572 4780 3663 4841 Hic
3707 4767 3823 4832 etiam

820 4910 833 4921 '
890 4885 1215 4948 bosilicam
1276 4885 1481 4949 sancti
1543 4886 1770 4949 Calixti
1830 4886 2153 4967 pontiﬁcis
2209 4896 2271 4952 et
2316 4890 2654 4968 martyris,
2704 4906 2868 4969 pene
2917 4906 2950 4950 a
3000 4885 3425 4950 fundamentis
3470 4879 3717 4940 dirutam.
3751 4875 3823 4922 "0'

771 4990 863 5054 10’
886 4987 1279 5052 vis‘fabricis
1322 5004 1469 5053 eum
1517 4995 1684 5052 tecto
1714 4990 2073 5053 construxit
2111 5006 2184 5054 ac
2231 4998 2425 5055 totam
2460 4991 2776 5073 depinxit.
2810 4992 2927 5054 Ubi
2958 4992 3229 5054 contulit
3271 4996 3538 5069 patenum
3576 4972 3823 5053 ετεθηιθδω

820 5126 825 5137 ·
888 5093 1081 5157 simul
1110 5100 1173 5157 ‘et
1202 5096 1467 5157 calicem
1501 5100 1566 5157 et
1607 5098 1847 5157 vestem
1876 5084 2116 5159 altaris.
3799 5160 3806 5168 .

970 5195 1333 5267 mallem
1385 5200 1625 5257 tectum
1675 5193 1975 5257 basilica
2006 5194 2374 5260 sanctorum
2432 5196 2723 5258 Processi
2762 5202 2835 5259 'et
2872 5195 3248 5258 Martiniani
3303 5210 3337 5254 a
3388 5200 3537 5252 novo
3575 5164 3824 5243 construxit

889 5298 1220 5377 subposita
1280 5298 1407 5379 pila
1462 5297 1720 5361 fabricis
1769 5297 2172 5373 fortissimis,
2239 5306 2383 5378 post
2439 5299 2811 5361 eorumdem
2872 5306 3233 5361 sanctorum
3280 5280 3823 5385 veneranda

850 5398 971 5462 θοὰ
1544 5412 1872 5461 murorum
1932 5370 2527 5460 hoeine—musaeum.
2584 5398 2740 5460 Item
2798 5398 2868 5458 in
2933 5394 3198 5459 ecclesia
3257 5388 3416 5454 beati
3462 5370 3825 5472 Genesii’lﬂf'

887 5499 1049 5583 tyris
1103 5507 1339 5565 tectum
1388 5502 1643 5566 naviter
1696 5501 2113 5574 restauravit,
2162 5502 2271 5562 ubi
2328 5510 2389 5562 et
2443 5501 2638 5563 altare
2686 5499 2891 5562 erexit
2948 5500 3011 5564 in
3069 5496 3323 5561 nomine
3360 5480 3652 5555 Salvatoris
3685 5475 3826 5538 Βῦωιο

1831 5617 2101 5661 nomen
2123 5610 2527 5659 MABGlNALBS
2558 5612 2897 5661 ranno'r'rl.
2994 5606 3001 5611 '

805 5715 831 5745 ο
865 5699 932 5771 Β,
959 5701 1396 5764 candetan
1465 5705 1496 5747 δ
1528 5715 1776 5763 «unum
1802 5704 2052 5775 gemis.
2127 5712 2149 5742 ο
2198 5702 2257 5770 B,
2286 5704 2354 5759 ad
2383 5704 2394 5758 i

2041 5741 2052 5757 .
2127 5712 2149 5742 ε
2198 5702 2257 5770 B,
2286 5704 2354 5759 ad
2383 5704 2573 5761 instar.
2644 5701 2677 5745 ἀ
2715 5709 3105 5759 constructum.
3183 5708 3207 5741 ο
3247 5686 3559 5755 ωσιιιςῐῑεὸζί
3622 5684 3630 5693 ⁴

699 362 840 443 tm
1282 404 1296 415 .
1485 402 1519 423 ,.
1877 352 2235 412 ΑΝΑδτΑδιι
2266 344 2810 421 metientem“
