4024 6316
85 366 239 426 mea
774 373 1095 431 msroan
1135 375 1224 430 na
1260 372 1438 430 viris
1473 373 1634 446 non.
1676 371 1880 430 eost.
1916 399 1990 416 -
2021 373 2080 429 s.
2111 369 2515 433 censemus
2543 377 2628 434 Ill.
3221 361 3360 438 tosti

172 487 216 549 5
259 502 323 546 nl
382 488 585 552 nostri
633 489 784 552 Jesu
834 491 1111 559 Christi,
1170 491 1237 550 in
1293 506 1426 568 quo
1478 490 1747 552 contulit
1798 497 2088 569 patenam
2139 498 2498 569 argenteam
2555 475 2976 575 et'calicem,
3022 509 3137 556 seu
3181 513 3363 558 coro-

261 605 408 650 nam
439 600 802 668 argenteam
835 609 978 653 cum
1011 590 1333 670 delphinis
1363 608 1502 664 sex,
1528 608 1774 652 necnon
1810 601 1870 654 et
1893 592 2260 654 coronulam
2296 611 2550 656 auream
2584 581 2726 658 cuin
2755 614 2940 660 cruce
2969 599 3276 678 pendenti
3297 577 3357 666 in

253 710 458 772 super
487 696 681 758 altare

333 822 498 893 300
555 818 712 880 Item
767 820 832 880 in
889 835 1149 881 nasmca
1206 825 1437 882 sanctae
1486 820 1603 880 Dei
1668 821 2044 893 Cenitri‘cis,
2088 841 2230 902 quae
2283 825 2359 884 ad
2408 825 2718 904 Martyres
2763 827 3033 904 dicitur,
3091 834 3361 896 tectum,

254 923 514 978 vetusta
589 918 834 980 incuria
914 919 1346 991 demolitum,
1425 919 1678 997 purgari
1748 918 1898 979 fecit
1964 919 2040 980 ad
2119 938 2399 997 purum,
2464 928 2524 983 et
2582 940 2723 985 cum
2795 925 2966 990 calce
3031 925 3360 986 abundan-

261 1017 508 1081 tissima
560 1037 673 1081 seu
725 1020 959 1082 chartis
1015 1020 1332 1099 plumbeis
1379 1038 1414 1080 a
1467 1037 1635 1082 novo
1684 1023 2104 1096 restauravit,
2133 1030 2198 1084 et
2242 1039 2516 1104 quaeque
2551 1042 2665 1105 per
2701 1027 3041 1090 circuitum
3073 1028 3360 1107 ejusdem

265 1123 414 1186 tecti
452 1122 705 1186 fuerant
739 1124 1044 1202 dissipata
1079 1142 1248 1187 novo
1280 1126 1488 1191 nitore
1519 1129 1922 1191 construxit-

332 1252 495 1323 θοι
543 1245 701 1306 Item
749 1245 1077 1307 basilicam
1113 1256 1344 1308 sanctae
1394 1251 1508 1312 Dei
1549 1250 1934 1325 Genitricis,
1985 1270 2130 1334 qum
2174 1254 2240 1315 in
2289 1256 2533 1334 Aquiro
2569 1256 2838 1331 dicitur,
2890 1256 2957 1317 in
2998 1233 3124 1335 qua.
3178 1259 3361 1316 antea

261 1342 554 1404 diacouia
612 1348 673 1403 et
746 1360 1011 1421 parvum
1078 1346 1424 1407 oratorium
1500 1346 1665 1420 fuit,
1746 1365 1884 1409 eam
1946 1367 1978 1410 a
2042 1349 2476 1413 fundamentis
2547 1343 2901 1432 longiorem
2958 1360 3020 1414 et
3075 1351 3347 1416 latioreu

267 1445 629 1508 construxit
727 1455 920 1524 atque
1029 1447 1346 1526 depinxit.
1457 1449 1612 1511 Item
1715 1451 2074 1514 diaconiam
2169 1461 2534 1517 sanctorum
2636 1455 2838 1534 Sergii
2941 1466 3004 1522 et
3108 1458 3357 1531 Bacchi,

257 1551 451 1614 sitam
511 1551 586 1612 ad
649 1551 906 1613 beatum
968 1554 1223 1614 Petrum
1284 1555 1694 1633 apostolum,
1759 1556 1828 1618 in
1892 1575 2015 1636 qua
2077 1559 2324 1638 pridem
2386 1579 2651 1640 parvum
2706 1562 3055 1626 oratorium
3109 1569 3282 1635 erat,
3328 1580 3364 1624 a

167 1654 218 1714 5
263 1653 701 1718 fundamentis
789 1659 1405 1737 ampliori'fabrica
1481 1663 1810 1725 dilatavit.
1907 1665 1982 1725 Et
2064 1666 2423 1729 concedens
2502 1669 2718 1730 omnia
2798 1686 2943 1747 qua
3027 1669 3094 1728 in
3171 1683 3363 1728 usum

258 1761 573 1824 diaconize
617 1764 950 1837 existunt,
989 1766 1209 1828 statuit
1241 1775 1553 1846 perpetuo
1588 1775 1870 1849 tempore
1901 1787 2014 1850 pro
2053 1772 2520 1835 sustentatione
2556 1790 2909 1856 pauperum
2958 1771 3024 1832 in
3055 1767 3366 1832 diaconim

257 1861 621 1924 ministerio
653 1865 996 1926 deservire.

336 1969 498 2038 202
552 1962 707 2021 Item
750 1961 1222 2024 incmmeterio
1270 1970 1500 2026 sanctae
1551 1967 1913 2029 Petronillae
1959 1967 2302 2030 stationem
2358 1986 2634 2031 annuam
2683 1966 2819 2030 dari
2875 1963 3192 2032 instituit.
3247 1962 3366 2024 ubi

255 2059 494 2120 obtulit
553 2075 850 2121 coronam
915 2076 1170 2121 auream
1203 2103 1219 2132 ,
1276 2061 1536 2123 calicem
1587 2075 1651 2125 et
1699 2070 1994 2141 patenam
2049 2074 2292 2144 argent.
2328 2111 2343 2138 ,
2396 2083 2508 2127 seu
2568 2066 2689 2128 alia
2744 2066 2996 2127 diversa
3049 2063 3126 2124 ad
3177 2079 3366 2134 orna-

257 2173 396 2219 tum
460 2157 745 2217 ecclesia:
805 2158 1212 2236 pertinentia.
1272 2158 1429 2218 Item
1487 2159 1784 2227 accubita
1830 2173 1856 2201 ι
1909 2178 2052 2239 quae
2113 2169 2264 2224 sunt
2323 2163 2399 2225 ab
2459 2162 2713 2225 beatum
2777 2160 3162 2230 Petrum°in
3237 2155 3368 2220 rui-

257 2256 365 2318 nis
440 2257 690 2335 posita,
753 2276 786 2318 a
859 2257 1295 2320 fundamentis
1362 2261 1613 2321 noviter
1682 2262 2062 2324 restauravit
2135 2269 2328 2341 atque
2397 2262 2710 2340 depinxit.
2794 2261 2950 2323 Item
3033 2259 3362 2321 basilicam

166 2356 214 2417 5
258 2354 431 2416 beati
487 2355 726 2426 Marci,
791 2354 973 2418 sitam
1031 2355 1187 2416 foris
1253 2373 1470 2417 muros
1526 2356 1716 2435 hujus
1775 2358 2054 2419 civitatis
2101 2357 2437 2428 Romanae,
2488 2358 2588 2418 via
2646 2357 2883 2435 Appia,
2935 2357 3076 2434 ejus
3125 2363 3361 2417 tectum

259 2453 548 2516 dirutum
619 2471 654 2516 a
723 2469 892 2515 novo
961 2453 1204 2516 refecit.
1282 2453 1438 2515 Item
1526 2453 1589 2513 in
1667 2455 1934 2516 ecclesia
1997 2454 2167 2516 beati
2233 2454 2411 2516 Pauli
2489 2454 2762 2531 apostoli
2825 2450 3095 2514 mutavit
3155 2452 3368 2515 trabes

265 2572 536 2616 nurnero
593 2556 931 2635 quinque,
987 2564 1180 2634 atque
1261 2563 1462 2617 totum
1530 2556 1818 2635 ejusdem
1881 2557 2159 2618 basilicae
2222 2563 2456 2618 tectum
2515 2555 2592 2618 ab
2647 2549 2803 2617 arcu
2873 2555 3087 2616 altaris
3157 2571 3366 2633 usque

262 2661 342 2722 ad
409 2660 614 2736 regias
681 2659 1004 2721 resarcivit
1079 2677 1152 2720 ac
1224 2660 1626 2721 restauravit.
1703 2660 1972 2721 Mutavit
2053 2668 2265 2722 autem
2326 2659 2536 2720 trabes
2594 2659 2660 2720 in
2727 2666 2943 2720 sancta
3003 2657 3119 2718 Dei
3177 2657 3371 2718 Geni-

267 2764 426 2825 trice
485 2765 562 2826 ad
611 2765 897 2842 Praesepe
945 2780 1215 2824 numero
1271 2763 1581 2856 quinque.
1635 2764 1808 2826 Fecit
1867 2780 2019 2825 vero
2070 2783 2104 2826 a
2165 2778 2331 2824 novo
2391 2763 2725 2824 ecclesiam
2778 2767 3143 2822 sanctorum
3193 2759 3370 2822 Mar-

136 2870 215 2928 10
259 2865 479 2928 cellini
542 2871 602 2926 et
666 2862 828 2926 Petri
884 2863 1064 2941 juxta
1123 2863 1492 2934 Lateranis,
1558 2863 1747 2923 etiam
1811 2869 1874 2925 et
1927 2863 2361 2925 cmmeterium
2427 2865 2758 2924 beatorum
2838 2868 3188 2938 martyrum
3250 2860 3368 2919 Ja-

259 2963 472 3026 nuarii
497 3005 515 3037 ,
571 2961 841 3032 Urbani,
893 2959 1197 3034 Tiburtii,
1242 2959 1557 3020 Valeriani
1591 2969 1650 3021 et
1684 2959 1986 3032 Maximi,
2024 2968 2088 3020 et
2137 2976 2359 3021 eorum
2404 2966 2634 3021 tectum
2673 2959 2738 3018 in
2773 2957 2982 3019 ruinis
3013 2956 3294 3035 positum
3332 2960 3364 3000 δ

255 3081 296 3122 a
349 3077 517 3122 novo
573 3058 834 3140 perfecit
871 3071 924 3114 ο.
973 3058 1174 3136 Hujus
1230 3057 1626 3137 temporibus
1660 3055 1933 3136 plurima
1981 3076 2124 3136 pars
2157 3074 2484 3119 murorum
2531 3057 2726 3136 hujus
2761 3055 3038 3117 civitatis
3070 3055 3372 3116 Romana)

258 3166 612 3222 restaurata
643 3167 762 3221 cst.
797 3157 1184 3220 Alimoniam
1214 3174 1475 3236 quoque
1505 3156 1814 3218 artiﬁcum
1847 3163 1910 3218 et
1942 3157 2220 3236 pretium
2247 3155 2326 3218 ad
2359 3157 2696 3218 emendam
2728 3155 2965 3216 calcem
2999 3154 3080 3216 de
3109 3151 3372 3232 prOprio

261 3258 516 3320 tribuit.

336 3367 501 3438 203
558 3357 766 3437 Hujus
835 3354 1234 3434 temporibus
1291 3353 1714 3416 Galliensium
1765 3358 2040 3415 castrum
2103 3356 2544 3430 recuperatum
2604 3339 2741 3420 est,
2802 3365 2917 3429 pro
2970 3363 3103 3426 quo
3158 3345 3374 3426 quoti-

259 3459 372 3520 die
451 3457 932 3535 expugnabatur
1006 3454 1277 3514 ducatus
1357 3453 1682 3512 Romanus
1751 3469 1788 3512 a
1866 3450 2100 3510 ducatu
2179 3447 2550 3526 Spoletino,
2625 3446 2786 3506 duas
2858 3442 3164 3522 pecunias
3236 3457 3367 3500 non

261 3574 490 3639 parvas
558 3553 981 3616 Trasimundo
1036 3552 1185 3613 duci
1249 3567 1469 3612 eorum
1503 3593 1519 3622 ,
1582 3557 1652 3610 ut
1698 3553 2019 3610 cessarent
2083 3547 2247 3608 bella
2307 3554 2370 3608 et
2424 3544 2863 3626 quaestiones,
2917 3541 3125 3620 potuit
3179 3557 3370 3602 causa

260 3637 493 3726 tinire,
561 3662 621 3716 et
682 3654 749 3715 in
803 3669 1104 3730 compage
1161 3657 1392 3710 sancta:
1450 3645 1817 3728 reipublicaa
1874 3651 2068 3724 atque
2135 3643 2203 3704 in
2262 3658 2527 3721 corpore
2587 3639 2844 3701 Christo
2903 3637 3122 3700 dilecti
3193 3648 3377 3697 excr?

175 3765 218 3827 5
263 3763 433 3826 citus
462 3758 733 3821 Romani
765 3755 1017 3818 annecti
1055 3752 1376 3834 praecepit.

344 3880 508 3954 206.
547 3878 668 3939 Hic
712 3875 862 3937 fecit
911 3881 1124 3936 vestes
1169 3871 1250 3933 de
1299 3869 1479 3932 altari
1534 3869 1603 3932 in
1635 3868 1906 3932 ecclesia
1959 3864 2308 3928 Salvatoris
2363 3872 2392 3913 «ι
2440 3862 2557 3924 Dei
2598 3859 2976 3932 Genitricis,
3008 3865 3374 3921 sanctorum

262 3979 706 4059 apostolorum
774 3977 940 4038 Petri
1005 3983 1066 4037 et
1127 3972 1361 4049 Pauli,
1431 3978 1623 4051 atque
1691 3974 1962 4034 Andreas
2019 3977 2082 4030 et
2148 3955 2648 4030 caaterorum°in
2712 3963 2989 4024 diversis
3053 3960 3370 4024 ecclesiis.

260 4084 424 4144 Nam
481 4087 540 4142 et
604 4080 666 4140 iu
730 4074 1385 4140 Centumcellensium
1459 4073 1712 4134 civitate
1769 4086 1990 4132 muros
2047 4068 2297 4130 dirutos
2359 4083 2519 4142 pene
2574 4084 2609 4128 a
2662 4059 3106 4125 fundamentis
3161 4059 3378 4122 fortis-

265 4185 432 4244 sime
485 4178 769 4240 construi
826 4175 1018 4248 fecit,
1079 4180 1140 4237 et
1195 4174 1313 4244 hoc
1375 4169 1714 4232 constituit
1771 4175 1842 4229 ut
1905 4165 2259 4230 secundum
2320 4163 2744 4225 constitutum
2795 4156 2968 4236 quod
3021 4175 3054 4218 a
3104 4155 3378 4233 collegio

175 4285 216 4346 5
264 4276 676 4340 sacerdotum
739 4290 950 4335 coram
1022 4288 1200 4332 sacro
1273 4285 1540 4347 corpore
1593 4266 1763 4328 beati
1826 4264 1992 4326 Petri
2053 4261 2289 4324 factum
2352 4269 2446 4323 est
2508 4277 2621 4338 pro
2683 4255 3088 4320 celebrandis
3143 4255 3381 4319 solem-

267 4381 398 4442 niis
472 4376 833 4455 vigiliarum
901 4379 1094 4451 atque
1170 4368 1511 4431 missarum
1574 4365 1812 4450 Christi
1878 4365 2138 4428 Domini
2194 4362 2397 4426 nostri
2452 4364 2606 4424 Jesu
2669 4357 2950 4432 Christi,
3011 4363 3380 4436 sanctaque

268 4484 412 4562 ejus
503 4476 896 4548 Genitricis,
979 4480 1344 4534 sanctorum
1435 4471 1910 4549 apostolorum,
1998 4468 2097 4530 vel
2181 4467 2468 4528 omnium
2545 4472 2911 4527 sanctorum
2999 4471 3380 4542 martyrum,

269 4599 342 4643 ac
411 4579 902 4648 confessorum,
985 4571 1544 4652 perfectorumque
1617 4571 1940 4650 justorum
2023 4567 2091 4628 in
2163 4571 2296 4628 toto
2367 4564 2520 4625 orbe
2587 4571 2893 4648 terrarum
2966 4579 3381 4642 requnesccn-

264 4685 480 4756 tium,
541 4690 612 4744 ut
667 4682 734 4742 in
787 4677 1066 4741 oratorio
1138 4675 1384 4737 nomini
1450 4693 1671 4736 eorum
1751 4672 2043 4734 dedicato
2122 4670 2284 4729 intra
2367 4665 2699 4728 ecclesiam
2767 4662 2937 4726 beati
3005 4662 3174 4724 Petri
3227 4677 3382 4738 apo-

145 4797 224 4857 10
269 4789 424 4853 stoli
505 4787 623 4848 sub
700 4803 851 4846 arcu
932 4779 1269 4864 principali
1338 4795 1373 4840 a
1451 4778 1778 4839 monachis
1856 4774 2090 4850 vigiliae
2170 4771 2691 4839 celebrarentur,
2758 4773 2819 4827 et
2891 4783 2924 4825 a
2987 4763 3379 4842 presbyteri!

272 4885 790 4952 bebdomadariis
853 4860 1191 4942 missarum
1250 4876 1565 4938 solemnia
1621 4896 1636 4934 :
1693 4871 2056 4950 iisdemque
2110 4865 2424 4928 institutis
2479 4863 2802 4938 disiiosuit
2875 4868 2942 4922 ut
3018 4860 3083 4920 in
3153 4877 3368 4922 coemo

268 4994 452 5058 teriis
509 4991 1011 5066 circumquaque
1082 4979 1307 5062 positis
1382 4982 1597 5041 ltomze
1652 4977 1720 5038 in
1775 4975 1880 5035 die
1935 4971 2384 5035 Natalittorum
2450 4981 2672 5027 eorum
2739 4963 3078 5026 luminaria
3136 4963 3215 5025 ad
3277 4962 3383 5022 νῆ·-

271 5074 462 5179 gilius
548 5065 870 5156 faciendas
954 5096 1016 5150 et
1097 5085 1457 5148 oblationes
1529 5083 1608 5144 de
1693 5074 2075 5158 patriarchio
2143 5091 2257 5151 per
2319 5067 2816 5133 oblationarium
2892 5065 3386 5144 deportarentur

270 5164 355 5266 ad
413 5195 826 5264 celebrandas
886 5191 1167 5264 missas,
1226 5206 1341 5270 per
1397 5203 1590 5268 quem
1652 5179 2022 5264 prteviderit
2074 5173 2406 5258 pontifex,
2462 5170 2576 5253 qui
2638 5185 2751 5252 pro
2812 5175 3102 5248 tempore
3159 5164 3383 5237 fuerit.

140 5293 225 5376 i5
270 5306 698 5372 sacerdotem.

265 5431 442 5508 205
504 5423 623 5488 Hic
681 5418 834 5484 feeit
892 5413 1333 5479 ordinationes
1397 5417 1522 5471 tres
1582 5425 1696 5488 per
1765 5419 2052 5468 mensem
2116 5399 2533 5464 Decembrem
2597 5442 2612 5460 .
2680 5397 3090 5476 presbyteros
3156 5385 3386 5468 viginti

270 5500 604 5612 quatuor,
674 5523 984 5609 diaconos
1045 5525 1218 5590 tres,
1273 5514 1613 5594 episcOpos
1687 5527 1801 5590 per
1871 5509 2124 5568 diversa
2208 5505 2341 5566 loca
2423 5517 2694 5565 numero
2776 5500 3184 5576 octuaginta,
3268 5500 3386 5574 qui

1196 5640 1460 5685 NOTULB
1504 5636 1745 5682 MABGIN
1757 5633 1909 5678 Δικδ
1963 5630 2278 5676 FABIOTTI
2291 5651 2304 5669 ο
2641 5687 2644 5690 ἢ

168 5751 206 5785 ι
250 5735 560 5799 “ubiuis,
587 5731 680 5802 qui
709 5730 781 5788 Β.
856 5729 886 5773 δ
921 5736 1062 5786 tecta
1096 5726 1150 5780 in
1180 5724 1347 5779 ruinis
1377 5721 1571 5784 posita.
1657 5730 1677 5757 τ
1723 5715 1928 5773 refecit.
2003 5711 2034 5754 (ι
2066 5714 2082 5732 ⁶
2122 5709 2414 5767 adaltaria
2449 5708 2694 5766 ecclesiis
2721 5706 2895 5762 sancti
2923 5702 3240 5762 Sabatina}.
