4024 6316
253 347 395 405 10:9
977 342 1302 404 msroma
1340 344 1429 403 DE
1466 341 1643 404 vms
1679 349 1845 408 acu.
1888 347 2090 408 pom.
2125 379 2198 394 ..-
2230 349 2292 406 s.
2323 349 2732 412 mammas.
3393 352 3532 415 1050

335 461 375 521 5
420 470 508 527 rio
581 478 788 542 papa,
861 468 1053 543 atque
1107 478 1186 526 an
1251 462 1616 543 Stephano,
1692 463 2017 543 quondam
2092 462 2360 544 patricio
2437 469 2499 526 et
2561 465 2768 537 duce,
2835 462 2933 526 vel
3001 464 3178 527 omni
3243 467 3529 530 exercitu

417 570 706 630 Romano
769 568 1108 648 praedictus
1164 569 1634 631 Trasimundus
1691 569 1980 632 redditus
2042 585 2169 630 non
2223 567 2495 642 fuisset,
2565 569 2942 632 obsessione
3004 569 3206 647 facta,
3274 587 3387 649 pro
3452 583 3530 634 eo

420 674 501 736 ab
561 674 788 738 eodem
841 693 990 755 rege
1044 676 1265 738 ablatae
1317 685 1469 739 sunt
1525 676 1557 738 ἑ
1595 676 1882 738 Romano
1945 675 2179 737 ducatu
2231 674 2521 736 civitates
2577 682 2894 756 quatuor,
2951 675 3016 736 id
3073 675 3524 751 est,Ameria,

419 773 650 834 Hortas
704 782 756 845 ⁸,
806 773 1246 836 Polimartium
1317 782 1380 837 et
1441 774 1644 837 Blera.
1711 777 1785 836 Et
1853 774 1948 835 sic
2016 773 2219 836 isdem
2299 792 2408 836 rex
2487 775 2563 838 ad
2638 793 2826 836 suum
2900 775 3200 854 palatium
3271 782 3365 840 est
3433 793 3534 840 re-

423 894 643 939 versus
701 893 812 958 per
855 894 1144 940 mensem
1192 882 1589 958 Augustum,
1635 878 1860 941 indict.
1907 897 2018 940 vn.
2064 879 2542 956 f'l‘rasimundus
2595 896 2742 942 vero
2785 880 2956 949 dux,
3010 879 3226 942 habito
3261 880 3534 945 consilio

292 983 372 1042 10
417 999 562 1042 cum
624 983 930 1044 Romanis
981 983 1384 1066 collectoque
1431 987 1713 1064 generali
1774 987 2058 1049 exercitu
2123 987 2391 1050 ducatus
2453 987 2766 1062 Romani,
2826 987 3102 1064 ingressi
3157 994 3308 1050 sunt
3352 994 3381 1034 δ
3423 1005 3537 1066 per

419 1086 581 1150 duas
642 1095 849 1168 partes
909 1089 976 1151 in
1045 1091 1204 1154 ﬁnes
1251 1091 1520 1154 ducatus
1571 1091 1914 1172 Spoletani.
1975 1094 2100 1168 Qui
2165 1095 2470 1156 continuo
2531 1097 2758 1155 timore
2811 1094 3042 1157 ductus
3104 1113 3124 1139 ε
3185 1110 3310 1174 prae
3371 1091 3538 1156 mul-

424 1193 700 1256 titudine
756 1195 1078 1258 exercitus
1125 1198 1419 1270 Romani,
1473 1199 1679 1260 eidem
1736 1198 2163 1260 'l‘rasimundo
2223 1217 2292 1260 se
2347 1197 2776 1260 subdiderunt
2838 1197 3200 1268 Marsicaui,
3258 1203 3318 1257 et
3384 1197 3537 1256 For-

421 1295 682 1371 conini,
746 1305 937 1376 atque
991 1296 1336 1361 Balvenses
1389 1297 1441 1370 ά,
1494 1315 1609 1360 seu
1670 1297 2036 1360 Priuenses.
2095 1297 2341 1360 Deinde
2391 1297 2665 1376 ingressi
2732 1315 2845 1375 per
2898 1296 3250 1358 Sabinense
3314 1305 3337 1335 ε
3403 1301 3540 1357 ter-

419 1401 757 1477 ritorium,
801 1411 1118 1467 venerunt
1155 1405 1223 1466 in
1262 1404 1589 1466 Reatinam
1633 1404 1979 1467 civitatem.
2025 1403 2152 1477 Qui
2205 1403 2222 1442 ί
2265 1403 2518 1466 Reatini
2562 1402 2872 1466 continuo
2913 1408 2974 1464 et
3019 1400 3141 1482 ipsi
3190 1417 3260 1464 se
3303 1397 3540 1463 subdi-

290 1505 378 1571 15
417 1506 673 1570 derunt.
2007 1509 2009 1512 ⁴

497 1612 664 1684 208
704 1614 953 1677 Exinde
1013 1622 1356 1694 pergentes
1411 1615 1744 1692 ingressus
1794 1621 1890 1677 est
1947 1613 2276 1694 Spoletum
2334 1618 2358 1656 ε
2413 1633 2528 1695 per
2576 1632 2862 1678 mensem
2917 1613 3332 1678 Decembrem
3382 1629 3542 1692 prte-

424 1718 589 1781 dicta
677 1720 900 1782 indict.
988 1721 1268 1801 Eratque
1341 1740 1566 1801 magna
1645 1721 1923 1784 turbatio
2006 1719 2176 1782 inter
2250 1722 2574 1784 Romanos
2660 1729 2721 1783 et
2800 1722 3280 1798 Lougobardos.
3367 1722 3540 1795 Quo-

417 1822 586 1885 niam
635 1830 698 1886 et
746 1824 1179 1887 Beneventani
1236 1832 1300 1886 et
1352 1824 1683 1902 Spoletani
1733 1841 1877 1886 cum
1929 1821 2233 1887 Romanis
2289 1822 2591 1884 tenebant
2641 1822 2695 1884 h.
2749 1823 2868 1886 Sed
2926 1822 3076 1885 dum
3149 1823 3316 1886 idem
3387 1823 3542 1886 Tra-

415 1924 756 1988 simundus
843 1926 1212 2005 Spoletinus
1304 1927 1435 1989 dux
1525 1927 1733 1989 noluit
1821 1926 2090 2007 implere
2165 1943 2308 2006 quae
2386 1929 2691 2007 praedicto
2771 1928 3055 2008 pontifici
3137 1934 3200 1991 et
3270 1925 3540 2008 patricio

327 2027 376 2094 Β
413 2031 611 2092 simul
670 2038 733 2094 et
791 2037 1093 2098 Romanis
1153 2039 1534 2116 promiserat
1593 2057 1706 2117 pro
1773 2036 2224 2116 recolligendis
2286 2043 2564 2117 quatuor
2625 2035 3020 2108 civitatibus,
3092 2051 3236 2115 quae
3294 2049 3405 2113 pro
3461 2048 3539 2096 eo

235 2129 264 2154 ’⁵
415 2129 776 2217 perierant,
855 2147 917 2204 et
983 2142 1170 2217 aliis,
1245 2161 1388 2224 qum
1472 2133 1903 2228 spepondet’at
1987 2141 2305 2221 capitula;
2370 2149 2431 2203 et
2500 2139 3000 2219 praenominatus
3073 2155 3183 2200 rex
3254 2136 3330 2198 ad
3404 2152 3544 2200 mo-

411 2241 654 2306 tionem
717 2247 732 2287 ί
789 2257 1010 2309 contra
1064 2248 1366 2311 ducatum
1424 2251 1784 2311 Romanum
1829 2266 1899 2311 se
1961 2253 2334 2328 praepararet
2392 2270 2406 2308 :
2450 2248 2514 2310 in
2562 2246 2665 2308 his
2707 2245 3021 2325 praedictis
3056 2243 3255 2306 beatae
3290 2257 3540 2303 memo-

357 2343 360 2346 ’
412 2342 524 2404 rite
581 2343 931 2423 Gregorius
991 2365 1147 2427 papa
1211 2348 1429 2409 divina
1493 2349 1822 2410 vocatione
1880 2367 1956 2410 ex
2005 2349 2122 2410 hac
2181 2348 2320 2411 luce
2374 2349 2740 2410 subtractus
2790 2353 2927 2418 est,
2978 2351 3037 2406 et
3089 2343 3311 2404 divino
3372 2346 3537 2404 nutu

413 2452 914 2528 praenominatus
978 2455 1427 2518 sanctissimus
1505 2454 1838 2516 Zacharias
1902 2455 1967 2516 in
2048 2455 2484 2534 pontiﬁcatum
2568 2461 2663 2516 est
2730 2453 2996 2516 electus.
3059 2448 3174 2511 Cui
3241 2448 3538 2526 omnipo-

289 2555 373 2619 10
412 2560 556 2618 tens
613 2556 786 2618 Deus
859 2561 1091 2618 tantam
1171 2557 1441 2620 contulit
1503 2558 1817 2638 gratiam,
1880 2568 1948 2619 ut
2014 2560 2203 2620 etiam
2267 2576 2379 2639 pro
2451 2558 2656 2621 salute
2733 2556 2956 2638 populi
3018 2554 3283 2618 Romani
3348 2566 3535 2616 suam

417 2672 660 2734 ponere
717 2655 994 2718 animam
1047 2675 1177 2718 non
1233 2657 1580 2719 dubitaret.
1635 2658 1829 2719 Missa
1896 2657 2094 2734 igitur
2153 2657 2472 2734 legatione
2541 2657 2708 2737 apud
2766 2657 2898 2736 jam
2978 2653 3224 2716 dictum
3308 2668 3527 2731 regem

409 2761 1005 2842 Longobardorum,
1073 2760 1372 2824 salutaria
1437 2760 1529 2821 illi
1607 2760 1996 2840 praedicavit.
2055 2761 2256 2842 Cujus
2329 2761 2531 2824 sancti
2611 2760 2728 2821 viri
2807 2756 3361 2821 admonitionibus
3428 2755 3531 2818 in-

409 2865 707 2939 clinatus,
774 2865 1262 2945 praenominatas
1319 2874 1619 2946 quatuor,
1692 2883 1852 2944 quas
1909 2885 1943 2927 a
2015 2866 2251 2929 ducatu
2324 2873 2337 2924 i
2429 2868 2716 2928 Romano
2788 2863 3160 2934 abstulerat,
3237 2861 3530 2924 civitates

410 2969 674 3031 reddere
787 2971 1101 3050 promisit.
1200 2972 1498 3050 Dumque
1554 2970 1838 3033 motione
1911 2971 2188 3032 militum
2271 2971 2432 3035 facta
2494 2969 2572 3032 ad
2630 2966 3308 3048 comprehendendum
3365 2965 3525 3026 Tra-

323 3073 364 3136 5
411 3072 785 3136 simundum
841 3075 1069 3138 ducem
1135 3073 1533 3154 Spoletinum
1595 3074 2011 3155 coniungeret
2066 3094 2159 3150 se,
2233 3076 2679 3139 exhortatione
2753 3073 2951 3136 sancti
3016 3069 3136 3131 viri
3207 3067 3528 3130 exercitus

403 3181 728 3243 Romanus
814 3181 876 3243 in
957 3180 1348 3262 adjutorium
1415 3181 1696 3261 praedicti
1757 3183 1925 3260 regis
1985 3183 2227 3263 egressi
2283 3189 2435 3245 sunt
2487 3182 2538 3243 ι.
2594 3183 2670 3243 Et
2727 3180 2878 3243 dum
2937 3178 3076 3258 ipse
3143 3175 3528 3238 'l‘rasimuu—

406 3285 531 3348 dus
578 3303 760 3348 suam
809 3287 1252 3367 deceptionem
1317 3288 1745 3368 conspiceret,
1809 3305 2108 3367 egressus
2173 3307 2205 3352 a
2275 3288 2613 3370 Spoletana
2683 3286 2939 3349 civitate
3012 3297 3156 3346 sese
3228 3279 3532 3362 prtedicto

407 3390 664 3452 tradidit
730 3392 862 3469 regi
909 3397 954 3451 1.

484 3497 647 3571 209
699 3495 999 3577 Dumque
1052 3497 1255 3563 isaem
1314 3516 1424 3562 rex
1480 3513 1518 3538 ·
1584 3499 1983 3579 protraheret
2034 3498 2415 3561 dilationem
2473 3497 2550 3560 ad
2627 3493 3024 3558 reddendum
3078 3490 3264 3569 juxta
3333 3501 3521 3552 suam

410 3598 900 3676 promissionem
953 3601 1088 3680 jam
1163 3603 1412 3677 factam,
1469 3610 1750 3683 quatuor
1808 3622 1834 3650 ιι
1899 3603 2220 3676 civitates,
2291 3602 2796 3683 prtenominatus
2853 3596 3186 3679 pontifex,
3247 3601 3318 3658 ut
3373 3609 3526 3664 vero

407 3710 621 3782 putor
679 3706 902 3786 pepuli
961 3708 1085 3770 sibi
1135 3727 1169 3770 a
1232 3709 1367 3772 Deo
1431 3707 1683 3789 crediti,
1745 3728 1924 3790 spem
1983 3726 2231 3788 ponens
2267 3709 2332 3770 in
2370 3709 2600 3781 Deum,
2640 3723 2940 3786 egressus
2977 3719 3055 3767 ex
3086 3703 3203 3766 hac
3235 3703 3527 3767 Romana

404 3807 660 3871 civitate
719 3829 864 3873 cum
922 3813 1366 3876 sacerdotibus
1427 3820 1488 3875 et
1546 3813 1741 3890 clero,
1821 3813 2105 3893 perrexit
2175 3810 2555 3874 ﬁducialiter
2636 3815 2700 3872 et
2768 3809 3069 3871 audacter
3141 3807 3219 3868 ad
3291 3804 3529 3868 ambu-

233 3912 657 3977 “‘5'landum
708 3915 775 3976 in
825 3915 1033 3979 Iccum
1094 3915 1681 3978 lnteramnen‘sium
1743 3917 1950 3991 urbis,
2014 3916 2123 3978 ubi
2183 3917 2248 3977 in
2306 3915 2542 3978 ﬁnibus
2599 3902 2948 3994 Spoletinis
3004 3913 3145 3994 ipse
3199 3911 3526 3977 residebat

405 4034 540 4079 rex.
597 4018 721 4093 Qui
771 4019 922 4082 dum
1000 4020 1065 4081 in
1145 4021 1445 4083 Ortanam
1512 4022 1920 4086 convenisset
1979 4021 2347 4097 civitatem,
2407 4021 2679 4100 ipseque
2735 4038 2846 4082 rex
2905 4019 3045 4100 ejus
3113 4018 3526 4097 cognovisset

402 4125 773 4197 adventum,
829 4123 1002 4186 misit
1060 4124 1499 4187 Grimoaldum
1557 4125 1826 4187 missum
1891 4143 2110 4198 suum,
2167 4125 2278 4205 qui
2339 4126 2396 4189 ei
2449 4125 2679 4187 obvius
2733 4123 2940 4188 factus
2985 4141 3195 4204 usque
3246 4123 3321 4187 ad
3357 4124 3526 4186 Nar—

397 4232 690 4296 niensem
750 4232 1052 4311 perduxit
1107 4233 1455 4296 civitatem.
1533 4233 1629 4295 Ad
1690 4235 1878 4315 cujus
1941 4235 2143 4298 sancti
2211 4235 2330 4297 viri
2392 4236 2740 4298 adventum
2812 4234 3064 4296 obviam
3122 4231 3253 4310 jam
3311 4227 3523 4291 nomi-

398 4345 587 4400 natus
640 4357 751 4402 rex
801 4337 978 4400 misit
1035 4338 1259 4412 duces,
1321 4317 1632 4419 satrapas'
1667 4357 1822 4404 suos
1878 4340 2263 4423 pluremque
2318 4350 2343 4378 ο
2405 4341 2790 4415 exercitum,
2854 4346 2916 4403 et
2971 4355 3003 4400 δ
3061 4335 3522 4401 Narniensium

187 4525 194 4527 _
272 4441 363 4508 10
399 4443 653 4507 civitate
708 4450 931 4506 octavo
983 4442 1119 4506 fere
1181 4443 1481 4509 milliario
1535 4447 1762 4509 eodem
1820 4463 1968 4526 rege
2026 4465 2172 4511 eum
2229 4449 2654 4529 suscipiente.
2715 4449 2921 4511 Sextae
2975 4443 3152 4509 feriae
3215 4441 3319 4504 die
3377 4457 3522 4520 per-

217 4537 224 4632 ξ
398 4548 719 4611 duxerunt
770 4549 846 4610 ad
898 4548 1226 4611 basilicam
1279 4549 1446 4612 beati
1509 4550 1839 4614 Valentini
1891 4552 2177 4632 episc0pi
2250 4561 2312 4616 et
2394 4554 2715 4632 martyris,
2806 4552 2990 4613 sitam
3065 4551 3130 4611 in
3219 4545 3518 4627 praedicta

395 4651 978 4714 Interamuensium
1033 4645 1521 4716 urbo'ducatus
1584 4655 1896 4734 Spoletini
1963 4669 2011 4720 Ρ.
2071 4659 2237 4718 Ante
2311 4659 2496 4738 cujus
2559 4657 2732 4719 fores
2797 4653 3081 4718 basilica!
3138 4647 3345 4709 isdem
3401 4658 3518 4707 re!

385 4741 531 4816 eum
596 4755 861 4838 reliquis
919 4757 1337 4837 optimatibus
1402 4764 1463 4818 et
1526 4759 1810 4820 exercitu
1893 4776 2012 4821 suo
2103 4767 2392 4822 sanctum
2491 4761 2700 4822 virum
2793 4754 3100 4835 suscepit.
3193 4750 3518 4828 Factaque

395 4858 682 4922 oratione
745 4867 990 4933 mutua,
1063 4869 1126 4923 et
1187 4859 1573 4923 salutatione
1627 4872 1655 4913 (ι
1710 4861 1835 4924 sibi
1893 4866 2335 4942 pet-solventes
2373 4865 2526 4925 dum
2563 4863 2803 4925 divinis
2851 4879 2997 4924 eum
3053 4857 3286 4920 fuisset
3335 4869 3517 4917 com-

268 4962 355 5028 15
392 4967 677 5028 monitus
734 4967 1105 5048 colloquiis,
1173 4963 1596 5047 impensaque
1655 4960 1964 5030 charitate
2021 4969 2098 5031 ab
2167 4969 2390 5032 eadem
2449 4985 2749 5048 egressus
2800 4964 3068 5030 ecclesia
3107 4963 3175 5024 in
3213 4959 3352 5040 ejus
3389 4955 3516 5019 ob-

183 5067 218 5089 ²”
393 5071 693 5152 sequium
757 5090 868 5135 rex
922 5072 1265 5134 dimidium
1326 5070 1459 5134 fere
1497 5071 1868 5136 milliarium
1928 5074 2232 5154 perrexit.
2300 5081 2360 5138 et
2398 5073 2492 5137 sic
2549 5074 2618 5136 in
2681 5073 2819 5136 suis
2885 5071 3178 5134 tentoriis
3240 5073 3521 5147 uterque

399 5177 618 5240 eadem
678 5177 853 5240 feriae
903 5185 1098 5241 sextte
1143 5178 1248 5242 die
1298 5183 1450 5241 sunt
1510 5179 1761 5241 morati.

476 5284 640 5356 210
696 5279 968 5342 Sabbato
1025 5295 1177 5342 vero
1232 5279 1464 5341 iterum
1552 5286 2015 5343 convenientes
2087 5278 2302 5342 divina
2381 5277 2685 5359 perfusus
2764 5274 2958 5356 gratia
3041 5274 3176 5335 Deo
3260 5260 3517 5351 placitis

1341 5446 1604 5491 Νοτυιλε
1647 5447 1694 5490 Μ
1704 5446 1891 5489 Αιιθικ
1901 5447 2049 5491 Αιιζε
2092 5447 2403 5492 FABROTTI
2414 5476 2429 5492 ο

293 5581 321 5612 ι
349 5569 530 5626 Ortas.
605 5571 638 5611 Β
665 5571 945 5642 ingressus
968 5579 1072 5626 est.
1151 5574 1178 5642 ξ]
1207 5569 1370 5642 ducti.
1449 5566 1820 5642 d'Valveuses.
1859 5575 2023 5637 atque
2055 5567 2404 5642 Penuenses._
2438 5577 2495 5642 _°
2522 5565 2972 5642 Pcrsianimense‘,
3017 5562 3100 5618 vel
3131 5562 3508 5642 Ravennfnae.

217 5637 244 5711 ἕ
283 5657 316 5696 e
351 5642 570 5711 quibus.
610 5692 614 5696 .
667 5644 692 5682 ⁸
721 5633 947 5711 ingressi
982 5650 1108 5697 sunt
1145 5639 1510 5711 Spoletinuml
1564 5637 1618 5711 _h
1649 5637 1822 5711 juncti
1851 5633 2032 5711 eram.
2096 5641 2152 5711 *ί
2186 5638 2558 5711 admonitione
2601 5638 2876 5693 exercitus
2917 5636 3078 5691 facta.
3170 5634 3295 5711 i‘B.
3319 5633 3420 5711 ,θα

210 5708 248 5754 ι
278 5701 534 5783 egressus
558 5721 662 5767 est.
757 5701 998 5769 l"Barca.
1033 5729 1158 5770 ann.
1187 5701 1311 5768 742.
1400 5718 1446 5752 ιιι
1466 5703 1540 5780 Β,
1561 5701 1799 5778 Luitprai

1924 5722 1954 5764 ι.
2027 5718 2060 5751 ιι
2085 5707 2156 5780 Β,
2176 5708 2292 5780 jam
2317 5707 2461 5767 {atas
2483 5707 2540 5765 4.
2624 5713 2653 5746 ο
2675 5721 3059 5781 magnumque.
3152 5715 3182 5758 P
3203 5701 3513 5780 stionem:

207 5789 249 5837 ι
275 5792 526 5840 mutuam
556 5785 962 5842 salutationem.
1183 5798 1194 5807 '

2061 5908 2181 5918 ..,,..‹«.
2205 5909 2237 5914 η,
2274 5909 2276 5911 ,
