  <div class='ocr_page' id='page_1' title='image "/cluster/home/n/w/nwhite01/storage/ocr_20150623/128/hvd.32044015471691/531.png"; bbox 0 0 4024 6316; ppageno 0'>
   <div class='ocr_carea' id='block_1_1' title="bbox 528 184 2117 247">
    <p class='ocr_par' dir='ltr' id='par_1_1' title="bbox 528 186 2117 247">
     <span class='ocr_line' id='line_1_1' title="bbox 528 186 2117 247; baseline -0.002 -2"><span class='ocrx_word' id='word_1_1' title='bbox 528 188 658 247; x_wconf 71' lang='grc' dir='ltr'><strong>ιθδι</strong></span> <span class='ocrx_word' id='word_1_2' title='bbox 1685 187 2049 245; x_wconf 82' lang='lat' dir='ltr'><strong>ANASTASII</strong></span> <span class='ocrx_word' id='word_1_3' title='bbox 2087 186 2117 242; x_wconf 77' lang='grc' dir='ltr'><strong><em>Ε</em></strong></span> 
     </span>
    </p>
   </div>
   <div class='ocr_carea' id='block_1_2' title="bbox 2217 184 3806 247">
    <p class='ocr_par' dir='ltr' id='par_1_2' title="bbox 2217 184 3806 245">
     <span class='ocr_line' id='line_1_2' title="bbox 2217 184 3806 245; baseline -0.003 -3"><span class='ocrx_word' id='word_1_4' title='bbox 2217 187 2356 245; x_wconf 82' lang='grc' dir='ltr'><strong>..1οΤ</strong></span> <span class='ocrx_word' id='word_1_5' title='bbox 2364 186 2633 245; x_wconf 76' lang='lat' dir='ltr'><strong>HECARII</strong></span> <span class='ocrx_word' id='word_1_6' title='bbox 3654 184 3806 240; x_wconf 66' lang='lat'><strong>1031</strong></span> 
     </span>
    </p>
   </div>
   <div class='ocr_carea' id='block_1_3' title="bbox 683 295 3809 393">
    <p class='ocr_par' dir='ltr' id='par_1_3' title="bbox 683 295 3809 393">
     <span class='ocr_line' id='line_1_3' title="bbox 683 295 3809 393; baseline -0.003 -26"><span class='ocrx_word' id='word_1_7' title='bbox 683 303 1236 367; x_wconf 79' lang='lat' dir='ltr'><strong>admonitionibus</strong></span> <span class='ocrx_word' id='word_1_8' title='bbox 1298 320 1449 393; x_wconf 86' lang='lat' dir='ltr'><strong>eum</strong></span> <span class='ocrx_word' id='word_1_9' title='bbox 1499 310 1601 381; x_wconf 82' lang='lat' dir='ltr'><strong>est</strong></span> <span class='ocrx_word' id='word_1_10' title='bbox 1653 304 2003 381; x_wconf 80' lang='lat' dir='ltr'><strong>allocutus,</strong></span> <span class='ocrx_word' id='word_1_11' title='bbox 2064 302 2417 389; x_wconf 73' lang='lat' dir='ltr'><strong>praedicans</strong></span> <span class='ocrx_word' id='word_1_12' title='bbox 2475 303 2536 369; x_wconf 90' lang='lat' dir='ltr'><strong>ei</strong></span> <span class='ocrx_word' id='word_1_13' title='bbox 2591 317 2617 346; x_wconf 75' lang='grc' dir='ltr'><strong>ει</strong></span> <span class='ocrx_word' id='word_1_14' title='bbox 2673 301 2753 365; x_wconf 89' lang='lat' dir='ltr'><strong>ab</strong></span> <span class='ocrx_word' id='word_1_15' title='bbox 2807 298 3037 371; x_wconf 84' lang='lat' dir='ltr'><strong>hostili</strong></span> <span class='ocrx_word' id='word_1_16' title='bbox 3086 295 3370 362; x_wconf 90' lang='lat' dir='ltr'><strong>motione</strong></span> <span class='ocrx_word' id='word_1_17' title='bbox 3418 302 3481 359; x_wconf 92' lang='lat' dir='ltr'><strong>et</strong></span> <span class='ocrx_word' id='word_1_18' title='bbox 3535 298 3809 375; x_wconf 79' lang='lat' dir='ltr'><strong>sangui-</strong></span> 
     </span>
    </p>
   </div>
   <div class='ocr_carea' id='block_1_4' title="bbox 683 402 3808 490">
    <p class='ocr_par' dir='ltr' id='par_1_4' title="bbox 683 402 3808 490">
     <span class='ocr_line' id='line_1_4' title="bbox 683 402 3808 490; baseline -0.003 -17"><span class='ocrx_word' id='word_1_19' title='bbox 683 410 785 475; x_wconf 91' lang='lat' dir='ltr'><strong>nis</strong></span> <span class='ocrx_word' id='word_1_20' title='bbox 843 409 1161 474; x_wconf 72' lang='lat' dir='ltr'><strong>effusione</strong></span> <span class='ocrx_word' id='word_1_21' title='bbox 1216 409 1580 489; x_wconf 83' lang='lat' dir='ltr'><strong>quiescere,</strong></span> <span class='ocrx_word' id='word_1_22' title='bbox 1633 416 1699 487; x_wconf 29' lang='lat' dir='ltr'><strong>et,</strong></span> <span class='ocrx_word' id='word_1_23' title='bbox 1757 429 1829 473; x_wconf 90' lang='lat' dir='ltr'><strong>ea</strong></span> <span class='ocrx_word' id='word_1_24' title='bbox 1887 428 2032 490; x_wconf 88' lang='lat' dir='ltr'><strong>quae</strong></span> <span class='ocrx_word' id='word_1_25' title='bbox 2080 409 2253 489; x_wconf 82' lang='lat' dir='ltr'><strong>pacis</strong></span> <span class='ocrx_word' id='word_1_26' title='bbox 2297 418 2451 473; x_wconf 89' lang='lat' dir='ltr'><strong>sunt</strong></span> <span class='ocrx_word' id='word_1_27' title='bbox 2504 426 2760 488; x_wconf 83' lang='lat' dir='ltr'><strong>semper</strong></span> <span class='ocrx_word' id='word_1_28' title='bbox 2799 408 3055 486; x_wconf 61' lang='lat' dir='ltr'><strong>sectari,</strong></span> <span class='ocrx_word' id='word_1_29' title='bbox 3099 405 3301 484; x_wconf 85' lang='lat' dir='ltr'><strong>Cujus</strong></span> <span class='ocrx_word' id='word_1_30' title='bbox 3338 403 3463 483; x_wconf 82' lang='lat' dir='ltr'><strong>piis</strong></span> <span class='ocrx_word' id='word_1_31' title='bbox 3514 402 3808 481; x_wconf 70' lang='grc' dir='ltr'><strong>θιοιιυὶίς</strong></span> 
     </span>
    </p>
   </div>
   <div class='ocr_carea' id='block_1_5' title="bbox 683 502 3811 599">
    <p class='ocr_par' dir='ltr' id='par_1_5' title="bbox 683 502 3811 599">
     <span class='ocr_line' id='line_1_5' title="bbox 683 502 3811 599; baseline -0.004 -18"><span class='ocrx_word' id='word_1_32' title='bbox 683 514 917 590; x_wconf 82' lang='lat' dir='ltr'><strong>ﬂexus,</strong></span> <span class='ocrx_word' id='word_1_33' title='bbox 1002 524 1067 578; x_wconf 88' lang='lat' dir='ltr'><strong>et</strong></span> <span class='ocrx_word' id='word_1_34' title='bbox 1140 515 1569 599; x_wconf 74' lang='lat' dir='ltr'><strong>constantiam</strong></span> <span class='ocrx_word' id='word_1_35' title='bbox 1652 515 1851 577; x_wconf 89' lang='lat' dir='ltr'><strong>sancti</strong></span> <span class='ocrx_word' id='word_1_36' title='bbox 1934 514 2051 576; x_wconf 79' lang='lat' dir='ltr'><strong>’viri</strong></span> <span class='ocrx_word' id='word_1_37' title='bbox 2113 520 2176 576; x_wconf 89' lang='lat' dir='ltr'><strong>et</strong></span> <span class='ocrx_word' id='word_1_38' title='bbox 2239 502 2751 575; x_wconf 79' lang='lat' dir='ltr'><strong>admonitionem</strong></span> <span class='ocrx_word' id='word_1_39' title='bbox 2826 509 3216 579; x_wconf 83' lang='lat' dir='ltr'><strong>admiratus,</strong></span> <span class='ocrx_word' id='word_1_40' title='bbox 3310 507 3527 569; x_wconf 66' lang='lat' dir='ltr'><strong>omnia</strong></span> <span class='ocrx_word' id='word_1_41' title='bbox 3623 524 3811 587; x_wconf 68' lang='lat' dir='ltr'><strong>qua:-</strong></span> 
     </span>
    </p>
   </div>
   <div class='ocr_carea' id='block_1_6' title="bbox 597 604 3812 703">
    <p class='ocr_par' dir='ltr' id='par_1_6' title="bbox 597 604 3812 703">
     <span class='ocr_line' id='line_1_6' title="bbox 597 604 3812 703; baseline -0.003 -21"><span class='ocrx_word' id='word_1_42' title='bbox 597 619 637 682; x_wconf 81' lang='grc'><strong>5</strong></span> <span class='ocrx_word' id='word_1_43' title='bbox 678 604 933 700; x_wconf 81' lang='lat' dir='ltr'><strong>cunque</strong></span> <span class='ocrx_word' id='word_1_44' title='bbox 978 606 1056 684; x_wconf 79' lang='lat' dir='ltr'><strong>ab</strong></span> <span class='ocrx_word' id='word_1_45' title='bbox 1115 639 1191 685; x_wconf 94' lang='lat' dir='ltr'><strong>eo</strong></span> <span class='ocrx_word' id='word_1_46' title='bbox 1249 621 1455 703; x_wconf 77' lang='lat' dir='ltr'><strong>petiit,</strong></span> <span class='ocrx_word' id='word_1_47' title='bbox 1518 639 1630 703; x_wconf 90' lang='lat' dir='ltr'><strong>per</strong></span> <span class='ocrx_word' id='word_1_48' title='bbox 1683 621 1948 699; x_wconf 80' lang='lat' dir='ltr'><strong>gratiam</strong></span> <span class='ocrx_word' id='word_1_49' title='bbox 2008 617 2285 699; x_wconf 85' lang='lat' dir='ltr'><strong>Spiritus</strong></span> <span class='ocrx_word' id='word_1_50' title='bbox 2350 617 2557 680; x_wconf 86' lang='lat' dir='ltr'><strong>sancti</strong></span> <span class='ocrx_word' id='word_1_51' title='bbox 2635 612 2946 689; x_wconf 87' lang='lat' dir='ltr'><strong>obtinuit,</strong></span> <span class='ocrx_word' id='word_1_52' title='bbox 3010 620 3070 676; x_wconf 84' lang='lat' dir='ltr'><strong>et</strong></span> <span class='ocrx_word' id='word_1_53' title='bbox 3129 613 3457 693; x_wconf 84' lang='lat' dir='ltr'><strong>praedictas</strong></span> <span class='ocrx_word' id='word_1_54' title='bbox 3524 620 3812 690; x_wconf 82' lang='lat' dir='ltr'><strong>quatuor</strong></span> 
     </span>
    </p>
   </div>
   <div class='ocr_carea' id='block_1_7' title="bbox 686 715 3811 809">
    <p class='ocr_par' dir='ltr' id='par_1_7' title="bbox 686 715 3811 809">
     <span class='ocr_line' id='line_1_7' title="bbox 686 715 3811 809; baseline -0.004 -21"><span class='ocrx_word' id='word_1_55' title='bbox 686 724 1001 799; x_wconf 83' lang='lat' dir='ltr'><strong>civitates,</strong></span> <span class='ocrx_word' id='word_1_56' title='bbox 1049 744 1209 808; x_wconf 82' lang='lat' dir='ltr'><strong>quas</strong></span> <span class='ocrx_word' id='word_1_57' title='bbox 1266 726 1405 809; x_wconf 90' lang='lat' dir='ltr'><strong>ipse</strong></span> <span class='ocrx_word' id='word_1_58' title='bbox 1458 735 1607 790; x_wconf 83' lang='lat' dir='ltr'><strong>ante</strong></span> <span class='ocrx_word' id='word_1_59' title='bbox 1670 726 2013 790; x_wconf 89' lang='lat' dir='ltr'><strong>biennium</strong></span> <span class='ocrx_word' id='word_1_60' title='bbox 2076 742 2189 805; x_wconf 90' lang='lat' dir='ltr'><strong>per</strong></span> <span class='ocrx_word' id='word_1_61' title='bbox 2249 723 2697 789; x_wconf 91' lang='lat' dir='ltr'><strong>obsessionem</strong></span> <span class='ocrx_word' id='word_1_62' title='bbox 2753 721 2982 786; x_wconf 90' lang='lat' dir='ltr'><strong>factam</strong></span> <span class='ocrx_word' id='word_1_63' title='bbox 3048 736 3163 800; x_wconf 89' lang='lat' dir='ltr'><strong>pro</strong></span> <span class='ocrx_word' id='word_1_64' title='bbox 3224 716 3527 796; x_wconf 66' lang='lat' dir='ltr'><strong>praedicto</strong></span> <span class='ocrx_word' id='word_1_65' title='bbox 3590 715 3811 777; x_wconf 79' lang='lat' dir='ltr'><strong>Trasi-</strong></span> 
     </span>
    </p>
   </div>
   <div class='ocr_carea' id='block_1_8' title="bbox 687 812 3815 910">
    <p class='ocr_par' dir='ltr' id='par_1_8' title="bbox 687 812 3815 910">
     <span class='ocr_line' id='line_1_8' title="bbox 687 812 3815 910; baseline -0.003 -17"><span class='ocrx_word' id='word_1_66' title='bbox 687 828 931 893; x_wconf 88' lang='lat' dir='ltr'><strong>mundo</strong></span> <span class='ocrx_word' id='word_1_67' title='bbox 985 830 1161 893; x_wconf 83' lang='lat' dir='ltr'><strong>duce</strong></span> <span class='ocrx_word' id='word_1_68' title='bbox 1209 812 1541 910; x_wconf 73' lang='lat' dir='ltr'><strong>Spoletina</strong></span> <span class='ocrx_word' id='word_1_69' title='bbox 1588 830 1968 906; x_wconf 82' lang='lat' dir='ltr'><strong>abstulerat,</strong></span> <span class='ocrx_word' id='word_1_70' title='bbox 2022 830 2234 895; x_wconf 87' lang='lat' dir='ltr'><strong>eidem</strong></span> <span class='ocrx_word' id='word_1_71' title='bbox 2302 836 2522 893; x_wconf 90' lang='lat' dir='ltr'><strong>sancto</strong></span> <span class='ocrx_word' id='word_1_72' title='bbox 2596 845 2742 892; x_wconf 92' lang='lat' dir='ltr'><strong>cum</strong></span> <span class='ocrx_word' id='word_1_73' title='bbox 2796 843 3018 891; x_wconf 89' lang='lat' dir='ltr'><strong>eorum</strong></span> <span class='ocrx_word' id='word_1_74' title='bbox 3092 822 3558 887; x_wconf 85' lang='lat' dir='ltr'><strong>habitatoribus</strong></span> <span class='ocrx_word' id='word_1_75' title='bbox 3618 822 3815 884; x_wconf 87' lang='lat' dir='ltr'><strong>redo—</strong></span> 
     </span>
    </p>
   </div>
   <div class='ocr_carea' id='block_1_9' title="bbox 684 927 3811 1016">
    <p class='ocr_par' dir='ltr' id='par_1_9' title="bbox 684 927 3811 1016">
     <span class='ocr_line' id='line_1_9' title="bbox 684 927 3811 1016; baseline -0.002 -19"><span class='ocrx_word' id='word_1_76' title='bbox 684 932 860 1015; x_wconf 82' lang='lat' dir='ltr'><strong>navit</strong></span> <span class='ocrx_word' id='word_1_77' title='bbox 923 934 1083 998; x_wconf 84' lang='lat' dir='ltr'><strong>viro.</strong></span> <span class='ocrx_word' id='word_1_78' title='bbox 1148 935 1323 1010; x_wconf 88' lang='lat' dir='ltr'><strong>Quas</strong></span> <span class='ocrx_word' id='word_1_79' title='bbox 1377 942 1439 998; x_wconf 91' lang='lat' dir='ltr'><strong>et</strong></span> <span class='ocrx_word' id='word_1_80' title='bbox 1498 954 1613 1016; x_wconf 87' lang='lat' dir='ltr'><strong>per</strong></span> <span class='ocrx_word' id='word_1_81' title='bbox 1669 934 2087 999; x_wconf 85' lang='lat' dir='ltr'><strong>donationem</strong></span> <span class='ocrx_word' id='word_1_82' title='bbox 2148 933 2422 997; x_wconf 82' lang='lat' dir='ltr'><strong>ﬁrmavit</strong></span> <span class='ocrx_word' id='word_1_83' title='bbox 2478 933 2547 994; x_wconf 90' lang='lat' dir='ltr'><strong>in</strong></span> <span class='ocrx_word' id='word_1_84' title='bbox 2623 929 2904 993; x_wconf 79' lang='lat' dir='ltr'><strong>oratorio</strong></span> <span class='ocrx_word' id='word_1_85' title='bbox 2981 927 3349 1003; x_wconf 84' lang='lat' dir='ltr'><strong>Salvatoris,</strong></span> <span class='ocrx_word' id='word_1_86' title='bbox 3424 928 3552 990; x_wconf 86' lang='lat' dir='ltr'><strong>sito</strong></span> <span class='ocrx_word' id='word_1_87' title='bbox 3635 927 3811 991; x_wconf 80' lang='lat' dir='ltr'><strong>intra</strong></span> 
     </span>
    </p>
   </div>
   <div class='ocr_carea' id='block_1_10' title="bbox 686 1028 3810 1118">
    <p class='ocr_par' dir='ltr' id='par_1_10' title="bbox 686 1028 3810 1118">
     <span class='ocr_line' id='line_1_10' title="bbox 686 1028 3810 1118; baseline -0.001 -18"><span class='ocrx_word' id='word_1_88' title='bbox 686 1037 1018 1105; x_wconf 81' lang='lat' dir='ltr'><strong>ecclesiam</strong></span> <span class='ocrx_word' id='word_1_89' title='bbox 1086 1037 1253 1100; x_wconf 89' lang='lat' dir='ltr'><strong>beati</strong></span> <span class='ocrx_word' id='word_1_90' title='bbox 1308 1039 1478 1101; x_wconf 91' lang='lat' dir='ltr'><strong>Petri</strong></span> <span class='ocrx_word' id='word_1_91' title='bbox 1545 1038 1842 1118; x_wconf 88' lang='lat' dir='ltr'><strong>apostoli,</strong></span> <span class='ocrx_word' id='word_1_92' title='bbox 1911 1037 1981 1099; x_wconf 89' lang='lat' dir='ltr'><strong>in</strong></span> <span class='ocrx_word' id='word_1_93' title='bbox 2070 1038 2209 1117; x_wconf 88' lang='lat' dir='ltr'><strong>ejus</strong></span> <span class='ocrx_word' id='word_1_94' title='bbox 2292 1036 2555 1099; x_wconf 85' lang='lat' dir='ltr'><strong>nomine</strong></span> <span class='ocrx_word' id='word_1_95' title='bbox 2636 1033 2971 1097; x_wconf 67' lang='lat' dir='ltr'><strong>mdiﬁcato.</strong></span> <span class='ocrx_word' id='word_1_96' title='bbox 3060 1033 3216 1094; x_wconf 82' lang='lat' dir='ltr'><strong>Nam</strong></span> <span class='ocrx_word' id='word_1_97' title='bbox 3305 1028 3367 1093; x_wconf 83' lang='lat' dir='ltr'><strong>et</strong></span> <span class='ocrx_word' id='word_1_98' title='bbox 3444 1030 3810 1096; x_wconf 81' lang='lat' dir='ltr'><strong>Sabinense</strong></span> 
     </span>
    </p>
   </div>
   <div class='ocr_carea' id='block_1_11' title="bbox 570 1126 3812 1224">
    <p class='ocr_par' dir='ltr' id='par_1_11' title="bbox 570 1126 3812 1224">
     <span class='ocr_line' id='line_1_11' title="bbox 570 1126 3812 1224; baseline -0 -21"><span class='ocrx_word' id='word_1_99' title='bbox 570 1126 648 1205; x_wconf 70' lang='grc'><strong>10</strong></span> <span class='ocrx_word' id='word_1_100' title='bbox 683 1141 1174 1220; x_wconf 80' lang='lat' dir='ltr'><strong>patrimonium,</strong></span> <span class='ocrx_word' id='word_1_101' title='bbox 1233 1143 1407 1224; x_wconf 88' lang='lat' dir='ltr'><strong>quod</strong></span> <span class='ocrx_word' id='word_1_102' title='bbox 1460 1161 1573 1223; x_wconf 89' lang='lat' dir='ltr'><strong>per</strong></span> <span class='ocrx_word' id='word_1_103' title='bbox 1635 1160 1837 1206; x_wconf 90' lang='lat' dir='ltr'><strong>annos</strong></span> <span class='ocrx_word' id='word_1_104' title='bbox 1922 1158 2121 1222; x_wconf 85' lang='lat' dir='ltr'><strong>prOpe</strong></span> <span class='ocrx_word' id='word_1_105' title='bbox 2198 1141 2460 1222; x_wconf 81' lang='lat' dir='ltr'><strong>triginta</strong></span> <span class='ocrx_word' id='word_1_106' title='bbox 2520 1139 2731 1203; x_wconf 85' lang='lat' dir='ltr'><strong>fuerat</strong></span> <span class='ocrx_word' id='word_1_107' title='bbox 2787 1138 3115 1210; x_wconf 88' lang='lat' dir='ltr'><strong>ablatum,</strong></span> <span class='ocrx_word' id='word_1_108' title='bbox 3187 1145 3379 1219; x_wconf 86' lang='lat' dir='ltr'><strong>atque</strong></span> <span class='ocrx_word' id='word_1_109' title='bbox 3446 1137 3812 1202; x_wconf 85' lang='lat' dir='ltr'><strong>Narniense</strong></span> 
     </span>
    </p>
   </div>
   <div class='ocr_carea' id='block_1_12' title="bbox 568 1236 3813 1335">
    <p class='ocr_par' dir='ltr' id='par_1_12' title="bbox 568 1236 3813 1335">
     <span class='ocr_line' id='line_1_12' title="bbox 568 1236 3813 1335; baseline -0.002 -26"><span class='ocrx_word' id='word_1_110' title='bbox 568 1328 571 1335; x_wconf 13' lang='grc' dir='ltr'>ἢ</span> <span class='ocrx_word' id='word_1_111' title='bbox 686 1248 880 1309; x_wconf 88' lang='lat' dir='ltr'><strong>etiam</strong></span> <span class='ocrx_word' id='word_1_112' title='bbox 927 1253 988 1309; x_wconf 89' lang='lat' dir='ltr'><strong>et</strong></span> <span class='ocrx_word' id='word_1_113' title='bbox 1058 1246 1497 1308; x_wconf 85' lang='lat' dir='ltr'><strong>Auximanum</strong></span> <span class='ocrx_word' id='word_1_114' title='bbox 1559 1254 1751 1327; x_wconf 87' lang='lat' dir='ltr'><strong>atque</strong></span> <span class='ocrx_word' id='word_1_115' title='bbox 1807 1246 2359 1318; x_wconf 87' lang='lat' dir='ltr'><strong>Anchonitanum,</strong></span> <span class='ocrx_word' id='word_1_116' title='bbox 2426 1263 2679 1309; x_wconf 85' lang='lat' dir='ltr'><strong>necnon</strong></span> <span class='ocrx_word' id='word_1_117' title='bbox 2744 1251 2806 1308; x_wconf 91' lang='lat' dir='ltr'><strong>et</strong></span> <span class='ocrx_word' id='word_1_118' title='bbox 2868 1236 3344 1307; x_wconf 86' lang='lat' dir='ltr'><strong>Numanatense</strong></span> <span class='ocrx_word' id='word_1_119' title='bbox 3413 1244 3467 1318; x_wconf 65' lang='grc' dir='ltr'><strong>δ,</strong></span> <span class='ocrx_word' id='word_1_120' title='bbox 3538 1251 3601 1305; x_wconf 89' lang='lat' dir='ltr'><strong>et</strong></span> <span class='ocrx_word' id='word_1_121' title='bbox 3685 1242 3813 1304; x_wconf 83' lang='lat' dir='ltr'><strong>vai-</strong></span> 
     </span>
    </p>
   </div>
   <div class='ocr_carea' id='block_1_13' title="bbox 686 1342 3810 1439">
    <p class='ocr_par' dir='ltr' id='par_1_13' title="bbox 686 1342 3810 1439">
     <span class='ocr_line' id='line_1_13' title="bbox 686 1342 3810 1439; baseline -0.001 -26"><span class='ocrx_word' id='word_1_122' title='bbox 686 1346 812 1439; x_wconf 72' lang='lat' dir='ltr'><strong>iem</strong></span> <span class='ocrx_word' id='word_1_123' title='bbox 868 1368 1015 1433; x_wconf 65' lang='lat' dir='ltr'><strong>quae</strong></span> <span class='ocrx_word' id='word_1_124' title='bbox 1077 1358 1338 1414; x_wconf 87' lang='lat' dir='ltr'><strong>vocatur</strong></span> <span class='ocrx_word' id='word_1_125' title='bbox 1421 1352 1668 1430; x_wconf 84' lang='lat' dir='ltr'><strong>Magna,</strong></span> <span class='ocrx_word' id='word_1_126' title='bbox 1759 1351 1948 1423; x_wconf 84' lang='lat' dir='ltr'><strong>sitam</strong></span> <span class='ocrx_word' id='word_1_127' title='bbox 2020 1352 2088 1412; x_wconf 93' lang='lat' dir='ltr'><strong>in</strong></span> <span class='ocrx_word' id='word_1_128' title='bbox 2170 1350 2493 1415; x_wconf 86' lang='lat' dir='ltr'><strong>territorio</strong></span> <span class='ocrx_word' id='word_1_129' title='bbox 2567 1350 2852 1425; x_wconf 89' lang='lat' dir='ltr'><strong>Sutrino,</strong></span> <span class='ocrx_word' id='word_1_130' title='bbox 2910 1367 3023 1429; x_wconf 88' lang='lat' dir='ltr'><strong>per</strong></span> <span class='ocrx_word' id='word_1_131' title='bbox 3100 1342 3466 1425; x_wconf 78' lang='lat' dir='ltr'><strong>donationis</strong></span> <span class='ocrx_word' id='word_1_132' title='bbox 3541 1347 3810 1410; x_wconf 84' lang='lat' dir='ltr'><strong>titulum</strong></span> 
     </span>
    </p>
   </div>
   <div class='ocr_carea' id='block_1_14' title="bbox 686 1451 3814 1537">
    <p class='ocr_par' dir='ltr' id='par_1_14' title="bbox 686 1451 3814 1537">
     <span class='ocr_line' id='line_1_14' title="bbox 686 1451 3814 1537; baseline 0 -21"><span class='ocrx_word' id='word_1_133' title='bbox 686 1454 812 1535; x_wconf 91' lang='lat' dir='ltr'><strong>ipsi</strong></span> <span class='ocrx_word' id='word_1_134' title='bbox 877 1456 1061 1521; x_wconf 90' lang='lat' dir='ltr'><strong>beato</strong></span> <span class='ocrx_word' id='word_1_135' title='bbox 1114 1459 1301 1520; x_wconf 87' lang='lat' dir='ltr'><strong>Petro</strong></span> <span class='ocrx_word' id='word_1_136' title='bbox 1359 1458 1797 1537; x_wconf 89' lang='lat' dir='ltr'><strong>apostolorum</strong></span> <span class='ocrx_word' id='word_1_137' title='bbox 1883 1456 2157 1537; x_wconf 86' lang='lat' dir='ltr'><strong>principi</strong></span> <span class='ocrx_word' id='word_1_138' title='bbox 2240 1456 2659 1531; x_wconf 90' lang='lat' dir='ltr'><strong>reconcessit,</strong></span> <span class='ocrx_word' id='word_1_139' title='bbox 2736 1462 2799 1517; x_wconf 92' lang='lat' dir='ltr'><strong>et</strong></span> <span class='ocrx_word' id='word_1_140' title='bbox 2873 1471 3095 1535; x_wconf 89' lang='lat' dir='ltr'><strong>pacem</strong></span> <span class='ocrx_word' id='word_1_141' title='bbox 3163 1470 3311 1516; x_wconf 83' lang='lat' dir='ltr'><strong>cum</strong></span> <span class='ocrx_word' id='word_1_142' title='bbox 3370 1451 3615 1516; x_wconf 84' lang='lat' dir='ltr'><strong>ducatu</strong></span> <span class='ocrx_word' id='word_1_143' title='bbox 3694 1455 3814 1519; x_wconf 75' lang='lat' dir='ltr'><strong>Ro-</strong></span> 
     </span>
    </p>
   </div>
   <div class='ocr_carea' id='block_1_15' title="bbox 689 1558 3815 1641">
    <p class='ocr_par' dir='ltr' id='par_1_15' title="bbox 689 1558 3815 1641">
     <span class='ocr_line' id='line_1_15' title="bbox 689 1558 3815 1641; baseline -0.001 -19"><span class='ocrx_word' id='word_1_144' title='bbox 689 1575 881 1625; x_wconf 90' lang='lat' dir='ltr'><strong>mano</strong></span> <span class='ocrx_word' id='word_1_145' title='bbox 936 1561 1076 1641; x_wconf 88' lang='lat' dir='ltr'><strong>ipse</strong></span> <span class='ocrx_word' id='word_1_146' title='bbox 1131 1580 1243 1625; x_wconf 77' lang='lat' dir='ltr'><strong>rex</strong></span> <span class='ocrx_word' id='word_1_147' title='bbox 1304 1562 1373 1624; x_wconf 90' lang='lat' dir='ltr'><strong>in</strong></span> <span class='ocrx_word' id='word_1_148' title='bbox 1429 1561 1661 1640; x_wconf 81' lang='lat' dir='ltr'><strong>viginti</strong></span> <span class='ocrx_word' id='word_1_149' title='bbox 1717 1562 2118 1625; x_wconf 81' lang='lat' dir='ltr'><strong>confirmavit</strong></span> <span class='ocrx_word' id='word_1_150' title='bbox 2164 1578 2394 1625; x_wconf 89' lang='lat' dir='ltr'><strong>annos.</strong></span> <span class='ocrx_word' id='word_1_151' title='bbox 2447 1561 2573 1623; x_wconf 87' lang='lat' dir='ltr'><strong>Sed</strong></span> <span class='ocrx_word' id='word_1_152' title='bbox 2642 1567 2704 1623; x_wconf 91' lang='lat' dir='ltr'><strong>et</strong></span> <span class='ocrx_word' id='word_1_153' title='bbox 2759 1558 3046 1640; x_wconf 88' lang='lat' dir='ltr'><strong>captivos</strong></span> <span class='ocrx_word' id='word_1_154' title='bbox 3118 1574 3343 1621; x_wconf 89' lang='lat' dir='ltr'><strong>omnes</strong></span> <span class='ocrx_word' id='word_1_155' title='bbox 3408 1575 3582 1638; x_wconf 86' lang='lat' dir='ltr'><strong>quos</strong></span> <span class='ocrx_word' id='word_1_156' title='bbox 3642 1558 3815 1621; x_wconf 86' lang='lat' dir='ltr'><strong>deti-</strong></span> 
     </span>
    </p>
   </div>
   <div class='ocr_carea' id='block_1_16' title="bbox 569 1650 3812 1745">
    <p class='ocr_par' dir='ltr' id='par_1_16' title="bbox 569 1650 3812 1745">
     <span class='ocr_line' id='line_1_16' title="bbox 569 1650 3812 1745; baseline 0 -20"><span class='ocrx_word' id='word_1_157' title='bbox 569 1650 646 1729; x_wconf 66' lang='grc'><strong>15</strong></span> <span class='ocrx_word' id='word_1_158' title='bbox 685 1664 877 1727; x_wconf 84' lang='lat' dir='ltr'><strong>nebat</strong></span> <span class='ocrx_word' id='word_1_159' title='bbox 939 1683 1018 1737; x_wconf 64' lang='lat' dir='ltr'><strong>ex</strong></span> <span class='ocrx_word' id='word_1_160' title='bbox 1078 1666 1352 1733; x_wconf 83' lang='lat' dir='ltr'><strong>diversis</strong></span> <span class='ocrx_word' id='word_1_161' title='bbox 1408 1665 1757 1745; x_wconf 88' lang='lat' dir='ltr'><strong>provinciis</strong></span> <span class='ocrx_word' id='word_1_162' title='bbox 1837 1669 2319 1741; x_wconf 83' lang='lat' dir='ltr'><strong>Romanorum,</strong></span> <span class='ocrx_word' id='word_1_163' title='bbox 2388 1665 2607 1728; x_wconf 89' lang='lat' dir='ltr'><strong>missis</strong></span> <span class='ocrx_word' id='word_1_164' title='bbox 2675 1662 2910 1726; x_wconf 89' lang='lat' dir='ltr'><strong>litteris</strong></span> <span class='ocrx_word' id='word_1_165' title='bbox 2979 1663 3120 1725; x_wconf 90' lang='lat' dir='ltr'><strong>suis</strong></span> <span class='ocrx_word' id='word_1_166' title='bbox 3180 1670 3305 1725; x_wconf 89' lang='lat' dir='ltr'><strong>tam</strong></span> <span class='ocrx_word' id='word_1_167' title='bbox 3354 1662 3427 1724; x_wconf 89' lang='lat' dir='ltr'><strong>in</strong></span> <span class='ocrx_word' id='word_1_168' title='bbox 3503 1663 3812 1725; x_wconf 82' lang='lat' dir='ltr'><strong>Tusciam</strong></span> 
     </span>
    </p>
   </div>
   <div class='ocr_carea' id='block_1_17' title="bbox 686 1759 3813 1853">
    <p class='ocr_par' dir='ltr' id='par_1_17' title="bbox 686 1759 3813 1853">
     <span class='ocr_line' id='line_1_17' title="bbox 686 1759 3813 1853; baseline 0 -21"><span class='ocrx_word' id='word_1_169' title='bbox 686 1759 867 1835; x_wconf 88' lang='lat' dir='ltr'><strong>suam</strong></span> <span class='ocrx_word' id='word_1_170' title='bbox 934 1787 1260 1853; x_wconf 80' lang='lat' dir='ltr'><strong>quamque</strong></span> <span class='ocrx_word' id='word_1_171' title='bbox 1325 1779 1499 1834; x_wconf 89' lang='lat' dir='ltr'><strong>trans</strong></span> <span class='ocrx_word' id='word_1_172' title='bbox 1581 1771 1846 1846; x_wconf 91' lang='lat' dir='ltr'><strong>Padum,</strong></span> <span class='ocrx_word' id='word_1_173' title='bbox 1916 1789 2046 1835; x_wconf 90' lang='lat' dir='ltr'><strong>una</strong></span> <span class='ocrx_word' id='word_1_174' title='bbox 2120 1786 2265 1843; x_wconf 88' lang='lat' dir='ltr'><strong>cum</strong></span> <span class='ocrx_word' id='word_1_175' title='bbox 2346 1768 2827 1832; x_wconf 80' lang='lat' dir='ltr'><strong>Ravennatibus</strong></span> <span class='ocrx_word' id='word_1_176' title='bbox 2915 1766 3210 1846; x_wconf 80' lang='lat' dir='ltr'><strong>captivis,</strong></span> <span class='ocrx_word' id='word_1_177' title='bbox 3279 1767 3593 1843; x_wconf 89' lang='lat' dir='ltr'><strong>Leonem,</strong></span> <span class='ocrx_word' id='word_1_178' title='bbox 3670 1770 3813 1832; x_wconf 84' lang='lat' dir='ltr'><strong>Ser-</strong></span> 
     </span>
    </p>
   </div>
   <div class='ocr_carea' id='block_1_18' title="bbox 685 1860 3814 1957">
    <p class='ocr_par' dir='ltr' id='par_1_18' title="bbox 685 1860 3814 1957">
     <span class='ocr_line' id='line_1_18' title="bbox 685 1860 3814 1957; baseline -0.001 -18"><span class='ocrx_word' id='word_1_179' title='bbox 685 1874 906 1954; x_wconf 81' lang='lat' dir='ltr'><strong>gium,</strong></span> <span class='ocrx_word' id='word_1_180' title='bbox 982 1860 1306 1947; x_wconf 70' lang='lat' dir='ltr'><strong>Victorem</strong></span> <span class='ocrx_word' id='word_1_181' title='bbox 1401 1882 1467 1942; x_wconf 89' lang='lat' dir='ltr'><strong>et</strong></span> <span class='ocrx_word' id='word_1_182' title='bbox 1544 1878 1889 1957; x_wconf 81' lang='lat' dir='ltr'><strong>Agnellum</strong></span> <span class='ocrx_word' id='word_1_183' title='bbox 1992 1889 2016 1918; x_wconf 85' lang='lat'><strong><em>°</em></strong></span> <span class='ocrx_word' id='word_1_184' title='bbox 2113 1875 2419 1941; x_wconf 84' lang='lat' dir='ltr'><strong>consules</strong></span> <span class='ocrx_word' id='word_1_185' title='bbox 2494 1877 2521 1918; x_wconf 71' lang='grc' dir='ltr'>ἀ</span> <span class='ocrx_word' id='word_1_186' title='bbox 2619 1875 2920 1957; x_wconf 73' lang='lat' dir='ltr'><strong>praedicto</strong></span> <span class='ocrx_word' id='word_1_187' title='bbox 3003 1873 3377 1939; x_wconf 83' lang='lat' dir='ltr'><strong>beatissimo</strong></span> <span class='ocrx_word' id='word_1_188' title='bbox 3470 1872 3814 1937; x_wconf 79' lang='lat' dir='ltr'><strong>redonavit</strong></span> 
     </span>
    </p>
   </div>
   <div class='ocr_carea' id='block_1_19' title="bbox 684 1980 993 2063">
    <p class='ocr_par' dir='ltr' id='par_1_19' title="bbox 684 1980 993 2063">
     <span class='ocr_line' id='line_1_19' title="bbox 684 1980 993 2063; baseline -0.006 -18"><span class='ocrx_word' id='word_1_189' title='bbox 684 1980 993 2063; x_wconf 84' lang='lat' dir='ltr'><strong>pontiﬁci.</strong></span> 
     </span>
    </p>
   </div>
   <div class='ocr_carea' id='block_1_20' title="bbox 692 2086 3809 2169">
    <p class='ocr_par' dir='ltr' id='par_1_20' title="bbox 692 2086 3809 2169">
     <span class='ocr_line' id='line_1_20' title="bbox 692 2086 3809 2169; baseline -0 -21"><span class='ocrx_word' id='word_1_190' title='bbox 692 2126 700 2133; x_wconf 92' lang='lat'><strong><em>-</em></strong></span> <span class='ocrx_word' id='word_1_191' title='bbox 760 2093 920 2164; x_wconf 62' lang='grc' dir='ltr'><strong>Ωιι</strong></span> <span class='ocrx_word' id='word_1_192' title='bbox 988 2086 1061 2147; x_wconf 84' lang='lat' dir='ltr'><strong>in</strong></span> <span class='ocrx_word' id='word_1_193' title='bbox 1122 2089 1422 2168; x_wconf 56' lang='lat' dir='ltr'><strong>praediaa</strong></span> <span class='ocrx_word' id='word_1_194' title='bbox 1485 2108 1636 2154; x_wconf 90' lang='lat' dir='ltr'><strong>vero</strong></span> <span class='ocrx_word' id='word_1_195' title='bbox 1704 2090 1966 2153; x_wconf 86' lang='lat' dir='ltr'><strong>basilica</strong></span> <span class='ocrx_word' id='word_1_196' title='bbox 2032 2090 2213 2153; x_wconf 90' lang='lat' dir='ltr'><strong>beati-</strong></span> <span class='ocrx_word' id='word_1_197' title='bbox 2268 2089 2594 2155; x_wconf 82' lang='lat' dir='ltr'><strong>Valentini</strong></span> <span class='ocrx_word' id='word_1_198' title='bbox 2633 2107 2744 2168; x_wconf 86' lang='lat' dir='ltr'><strong>per</strong></span> <span class='ocrx_word' id='word_1_199' title='bbox 2776 2088 3069 2169; x_wconf 85' lang='lat' dir='ltr'><strong>ejusdem</strong></span> <span class='ocrx_word' id='word_1_200' title='bbox 3108 2087 3276 2165; x_wconf 86' lang='lat' dir='ltr'><strong>regis</strong></span> <span class='ocrx_word' id='word_1_201' title='bbox 3319 2086 3809 2166; x_wconf 89' lang='lat' dir='ltr'><strong>petitionemin</strong></span> 
     </span>
    </p>
   </div>
   <div class='ocr_carea' id='block_1_21' title="bbox 687 2189 3804 2278">
    <p class='ocr_par' dir='ltr' id='par_1_21' title="bbox 687 2189 3804 2278">
     <span class='ocr_line' id='line_1_21' title="bbox 687 2189 3804 2278; baseline -0 -24"><span class='ocrx_word' id='word_1_202' title='bbox 687 2189 900 2261; x_wconf 83' lang='lat' dir='ltr'><strong>locum</strong></span> <span class='ocrx_word' id='word_1_203' title='bbox 966 2191 1432 2273; x_wconf 86' lang='lat' dir='ltr'><strong>Consignensis</strong></span> <span class='ocrx_word' id='word_1_204' title='bbox 1508 2211 1531 2239; x_wconf 77' lang='grc' dir='ltr'><strong>ο</strong></span> <span class='ocrx_word' id='word_1_205' title='bbox 1615 2196 1969 2271; x_wconf 83' lang='lat' dir='ltr'><strong>Antistitis,</strong></span> <span class='ocrx_word' id='word_1_206' title='bbox 2056 2196 2172 2278; x_wconf 89' lang='lat' dir='ltr'><strong>qui</strong></span> <span class='ocrx_word' id='word_1_207' title='bbox 2258 2196 2622 2270; x_wconf 87' lang='lat' dir='ltr'><strong>transierat,</strong></span> <span class='ocrx_word' id='word_1_208' title='bbox 2709 2195 2905 2258; x_wconf 89' lang='lat' dir='ltr'><strong>alium</strong></span> <span class='ocrx_word' id='word_1_209' title='bbox 2993 2193 3315 2257; x_wconf 80' lang='lat' dir='ltr'><strong>ordinavit</strong></span> <span class='ocrx_word' id='word_1_210' title='bbox 3398 2194 3804 2272; x_wconf 85' lang='lat' dir='ltr'><strong>episcopum.</strong></span> 
     </span>
    </p>
   </div>
   <div class='ocr_carea' id='block_1_22' title="bbox 685 2297 3809 2385">
    <p class='ocr_par' dir='ltr' id='par_1_22' title="bbox 685 2297 3809 2385">
     <span class='ocr_line' id='line_1_22' title="bbox 685 2297 3809 2385; baseline -0.001 -25"><span class='ocrx_word' id='word_1_211' title='bbox 685 2299 760 2361; x_wconf 90' lang='lat' dir='ltr'><strong>In</strong></span> <span class='ocrx_word' id='word_1_212' title='bbox 814 2317 1001 2383; x_wconf 60' lang='lat' dir='ltr'><strong>cuius</strong></span> <span class='ocrx_word' id='word_1_213' title='bbox 1056 2303 1542 2368; x_wconf 89' lang='lat' dir='ltr'><strong>consecratione</strong></span> <span class='ocrx_word' id='word_1_214' title='bbox 1605 2304 1760 2367; x_wconf 91' lang='lat' dir='ltr'><strong>dum</strong></span> <span class='ocrx_word' id='word_1_215' title='bbox 1810 2304 2062 2368; x_wconf 90' lang='lat' dir='ltr'><strong>adesset</strong></span> <span class='ocrx_word' id='word_1_216' title='bbox 2122 2306 2260 2385; x_wconf 91' lang='lat' dir='ltr'><strong>ipse</strong></span> <span class='ocrx_word' id='word_1_217' title='bbox 2314 2323 2427 2367; x_wconf 78' lang='lat' dir='ltr'><strong>rex</strong></span> <span class='ocrx_word' id='word_1_218' title='bbox 2488 2322 2635 2371; x_wconf 91' lang='lat' dir='ltr'><strong>cum</strong></span> <span class='ocrx_word' id='word_1_219' title='bbox 2694 2303 2833 2366; x_wconf 83' lang='lat' dir='ltr'><strong>suis</strong></span> <span class='ocrx_word' id='word_1_220' title='bbox 2883 2303 3242 2384; x_wconf 71' lang='lat' dir='ltr'><strong>iudicibus,</strong></span> <span class='ocrx_word' id='word_1_221' title='bbox 3302 2297 3809 2377; x_wconf 79' lang='lat' dir='ltr'><strong>compunctione</strong></span> 
     </span>
    </p>
   </div>
   <div class='ocr_carea' id='block_1_23' title="bbox 610 2403 3808 2497">
    <p class='ocr_par' dir='ltr' id='par_1_23' title="bbox 610 2403 3808 2497">
     <span class='ocr_line' id='line_1_23' title="bbox 610 2403 3808 2497; baseline -0.001 -32"><span class='ocrx_word' id='word_1_222' title='bbox 610 2492 613 2497; x_wconf 18' lang='grc' dir='ltr'><strong><em>γ</em></strong></span> <span class='ocrx_word' id='word_1_223' title='bbox 686 2403 1129 2483; x_wconf 85' lang='lat' dir='ltr'><strong>inspirationis</strong></span> <span class='ocrx_word' id='word_1_224' title='bbox 1186 2406 1426 2472; x_wconf 63' lang='lat' dir='ltr'><strong>divine</strong></span> <span class='ocrx_word' id='word_1_225' title='bbox 1482 2415 1676 2473; x_wconf 62' lang='lat' dir='ltr'><strong>tanta;</strong></span> <span class='ocrx_word' id='word_1_226' title='bbox 1726 2410 2039 2474; x_wconf 87' lang='lat' dir='ltr'><strong>orationis</strong></span> <span class='ocrx_word' id='word_1_227' title='bbox 2094 2410 2440 2474; x_wconf 88' lang='lat' dir='ltr'><strong>dulcedine</strong></span> <span class='ocrx_word' id='word_1_228' title='bbox 2502 2411 2581 2472; x_wconf 84' lang='lat' dir='ltr'><strong>ab</strong></span> <span class='ocrx_word' id='word_1_229' title='bbox 2646 2426 2726 2473; x_wconf 90' lang='lat' dir='ltr'><strong>eo</strong></span> <span class='ocrx_word' id='word_1_230' title='bbox 2787 2416 2941 2471; x_wconf 86' lang='lat' dir='ltr'><strong>sunt</strong></span> <span class='ocrx_word' id='word_1_231' title='bbox 2996 2408 3261 2487; x_wconf 86' lang='lat' dir='ltr'><strong>prolata,</strong></span> <span class='ocrx_word' id='word_1_232' title='bbox 3317 2411 3392 2468; x_wconf 91' lang='lat' dir='ltr'><strong>ut</strong></span> <span class='ocrx_word' id='word_1_233' title='bbox 3449 2421 3604 2467; x_wconf 89' lang='lat' dir='ltr'><strong>cum</strong></span> <span class='ocrx_word' id='word_1_234' title='bbox 3663 2418 3808 2463; x_wconf 84' lang='lat' dir='ltr'><strong>san-</strong></span> 
     </span>
    </p>
   </div>
   <div class='ocr_carea' id='block_1_24' title="bbox 604 2500 3806 2597">
    <p class='ocr_par' dir='ltr' id='par_1_24' title="bbox 604 2500 3806 2597">
     <span class='ocr_line' id='line_1_24' title="bbox 604 2500 3806 2597; baseline -0.002 -23"><span class='ocrx_word' id='word_1_235' title='bbox 604 2500 645 2574; x_wconf 79' lang='lat'><strong>5</strong></span> <span class='ocrx_word' id='word_1_236' title='bbox 682 2515 857 2573; x_wconf 83' lang='lat' dir='ltr'><strong>ctum</strong></span> <span class='ocrx_word' id='word_1_237' title='bbox 915 2510 1127 2583; x_wconf 70' lang='lat' dir='ltr'><strong>vicum</strong></span> <span class='ocrx_word' id='word_1_238' title='bbox 1184 2513 1634 2592; x_wconf 81' lang='lat' dir='ltr'><strong>conspicerent</strong></span> <span class='ocrx_word' id='word_1_239' title='bbox 1679 2514 1970 2578; x_wconf 79' lang='lat' dir='ltr'><strong>fundere</strong></span> <span class='ocrx_word' id='word_1_240' title='bbox 2034 2532 2281 2597; x_wconf 84' lang='lat' dir='ltr'><strong>preces,</strong></span> <span class='ocrx_word' id='word_1_241' title='bbox 2346 2515 2563 2595; x_wconf 87' lang='lat' dir='ltr'><strong>plures</strong></span> <span class='ocrx_word' id='word_1_242' title='bbox 2633 2532 2713 2577; x_wconf 80' lang='lat' dir='ltr'><strong>ex</strong></span> <span class='ocrx_word' id='word_1_243' title='bbox 2768 2513 3017 2577; x_wconf 88' lang='lat' dir='ltr'><strong>eisdem</strong></span> <span class='ocrx_word' id='word_1_244' title='bbox 3070 2509 3518 2590; x_wconf 79' lang='lat' dir='ltr'><strong>Longobardis</strong></span> <span class='ocrx_word' id='word_1_245' title='bbox 3583 2505 3666 2570; x_wconf 87' lang='lat' dir='ltr'><strong>ad</strong></span> <span class='ocrx_word' id='word_1_246' title='bbox 3723 2504 3806 2567; x_wconf 83' lang='lat' dir='ltr'><strong>la-</strong></span> 
     </span>
    </p>
   </div>
   <div class='ocr_carea' id='block_1_25' title="bbox 692 2614 3803 2699">
    <p class='ocr_par' dir='ltr' id='par_1_25' title="bbox 692 2614 3803 2699">
     <span class='ocr_line' id='line_1_25' title="bbox 692 2614 3803 2699; baseline -0.003 -20"><span class='ocrx_word' id='word_1_247' title='bbox 692 2632 945 2697; x_wconf 84' lang='lat' dir='ltr'><strong>crymas</strong></span> <span class='ocrx_word' id='word_1_248' title='bbox 995 2626 1147 2680; x_wconf 87' lang='lat' dir='ltr'><strong>sunt</strong></span> <span class='ocrx_word' id='word_1_249' title='bbox 1200 2620 1497 2698; x_wconf 84' lang='lat' dir='ltr'><strong>permoti.</strong></span> <span class='ocrx_word' id='word_1_250' title='bbox 1559 2621 1800 2684; x_wconf 87' lang='lat' dir='ltr'><strong>Eodem</strong></span> <span class='ocrx_word' id='word_1_251' title='bbox 1863 2639 2012 2687; x_wconf 83' lang='lat' dir='ltr'><strong>vero</strong></span> <span class='ocrx_word' id='word_1_252' title='bbox 2085 2622 2193 2684; x_wconf 88' lang='lat' dir='ltr'><strong>die</strong></span> <span class='ocrx_word' id='word_1_253' title='bbox 2273 2614 2640 2695; x_wconf 82' lang='lat' dir='ltr'><strong>Dominico,</strong></span> <span class='ocrx_word' id='word_1_254' title='bbox 2719 2628 2867 2699; x_wconf 87' lang='lat' dir='ltr'><strong>post</strong></span> <span class='ocrx_word' id='word_1_255' title='bbox 2942 2626 3197 2699; x_wconf 85' lang='lat' dir='ltr'><strong>peracta</strong></span> <span class='ocrx_word' id='word_1_256' title='bbox 3272 2616 3631 2679; x_wconf 88' lang='lat' dir='ltr'><strong>missarum</strong></span> <span class='ocrx_word' id='word_1_257' title='bbox 3706 2627 3803 2672; x_wconf 88' lang='lat' dir='ltr'><strong>so-</strong></span> 
     </span>
    </p>
   </div>
   <div class='ocr_carea' id='block_1_26' title="bbox 689 2718 3805 2805">
    <p class='ocr_par' dir='ltr' id='par_1_26' title="bbox 689 2718 3805 2805">
     <span class='ocr_line' id='line_1_26' title="bbox 689 2718 3805 2805; baseline -0.001 -23"><span class='ocrx_word' id='word_1_258' title='bbox 689 2718 959 2795; x_wconf 86' lang='lat' dir='ltr'><strong>lemnia,</strong></span> <span class='ocrx_word' id='word_1_259' title='bbox 1010 2721 1090 2785; x_wconf 85' lang='lat' dir='ltr'><strong>ad</strong></span> <span class='ocrx_word' id='word_1_260' title='bbox 1157 2724 1501 2803; x_wconf 76' lang='lat' dir='ltr'><strong>prandium</strong></span> <span class='ocrx_word' id='word_1_261' title='bbox 1570 2726 1868 2790; x_wconf 83' lang='lat' dir='ltr'><strong>eumdem</strong></span> <span class='ocrx_word' id='word_1_262' title='bbox 1928 2743 2144 2804; x_wconf 83' lang='lat' dir='ltr'><strong>regem</strong></span> <span class='ocrx_word' id='word_1_263' title='bbox 2208 2727 2287 2789; x_wconf 73' lang='lat' dir='ltr'><strong>ad</strong></span> <span class='ocrx_word' id='word_1_264' title='bbox 2344 2725 2758 2805; x_wconf 81' lang='lat' dir='ltr'><strong>apostolicam</strong></span> <span class='ocrx_word' id='word_1_265' title='bbox 2828 2722 3359 2796; x_wconf 85' lang='lat' dir='ltr'><strong>benedictionem</strong></span> <span class='ocrx_word' id='word_1_266' title='bbox 3439 2718 3805 2797; x_wconf 78' lang='lat' dir='ltr'><strong>suscipien-</strong></span> 
     </span>
    </p>
   </div>
   <div class='ocr_carea' id='block_1_27' title="bbox 696 2823 3804 2912">
    <p class='ocr_par' dir='ltr' id='par_1_27' title="bbox 696 2823 3804 2912">
     <span class='ocr_line' id='line_1_27' title="bbox 696 2823 3804 2912; baseline -0.002 -23"><span class='ocrx_word' id='word_1_267' title='bbox 696 2823 837 2889; x_wconf 70' lang='lat' dir='ltr'><strong>dam</strong></span> <span class='ocrx_word' id='word_1_268' title='bbox 896 2826 1039 2905; x_wconf 80' lang='lat' dir='ltr'><strong>ipse</strong></span> <span class='ocrx_word' id='word_1_269' title='bbox 1093 2828 1511 2894; x_wconf 86' lang='lat' dir='ltr'><strong>beatissimus</strong></span> <span class='ocrx_word' id='word_1_270' title='bbox 1568 2832 1860 2912; x_wconf 72' lang='lat' dir='ltr'><strong>pontifex</strong></span> <span class='ocrx_word' id='word_1_271' title='bbox 1909 2833 2228 2897; x_wconf 84' lang='lat' dir='ltr'><strong>invitavit.</strong></span> <span class='ocrx_word' id='word_1_272' title='bbox 2280 2833 2392 2895; x_wconf 90' lang='lat' dir='ltr'><strong>Ubi</strong></span> <span class='ocrx_word' id='word_1_273' title='bbox 2447 2851 2592 2897; x_wconf 87' lang='lat' dir='ltr'><strong>cum</strong></span> <span class='ocrx_word' id='word_1_274' title='bbox 2648 2839 2824 2897; x_wconf 80' lang='lat' dir='ltr'><strong>tanta</strong></span> <span class='ocrx_word' id='word_1_275' title='bbox 2874 2830 3191 2895; x_wconf 79' lang='lat' dir='ltr'><strong>suavitate</strong></span> <span class='ocrx_word' id='word_1_276' title='bbox 3240 2845 3424 2891; x_wconf 89' lang='lat' dir='ltr'><strong>esum</strong></span> <span class='ocrx_word' id='word_1_277' title='bbox 3485 2823 3804 2904; x_wconf 79' lang='lat' dir='ltr'><strong>sumpsit,</strong></span> 
     </span>
    </p>
   </div>
   <div class='ocr_carea' id='block_1_28' title="bbox 693 2929 3810 3016">
    <p class='ocr_par' dir='ltr' id='par_1_28' title="bbox 693 2929 3810 3016">
     <span class='ocr_line' id='line_1_28' title="bbox 693 2929 3810 3016; baseline -0.001 -24"><span class='ocrx_word' id='word_1_278' title='bbox 693 2936 752 2992; x_wconf 88' lang='lat' dir='ltr'><strong>et</strong></span> <span class='ocrx_word' id='word_1_279' title='bbox 838 2929 1161 3001; x_wconf 74' lang='lat' dir='ltr'><strong>hilaritate</strong></span> <span class='ocrx_word' id='word_1_280' title='bbox 1252 2936 1511 3012; x_wconf 86' lang='lat' dir='ltr'><strong>cordis,</strong></span> <span class='ocrx_word' id='word_1_281' title='bbox 1562 2944 1634 3000; x_wconf 90' lang='lat' dir='ltr'><strong>ut</strong></span> <span class='ocrx_word' id='word_1_282' title='bbox 1682 2937 1924 3002; x_wconf 88' lang='lat' dir='ltr'><strong>diceret</strong></span> <span class='ocrx_word' id='word_1_283' title='bbox 1998 2938 2139 3016; x_wconf 85' lang='lat' dir='ltr'><strong>ipse</strong></span> <span class='ocrx_word' id='word_1_284' title='bbox 2192 2956 2303 3001; x_wconf 83' lang='lat' dir='ltr'><strong>rex</strong></span> <span class='ocrx_word' id='word_1_285' title='bbox 2375 2944 2625 3001; x_wconf 88' lang='lat' dir='ltr'><strong>tantum</strong></span> <span class='ocrx_word' id='word_1_286' title='bbox 2689 2955 2760 3001; x_wconf 91' lang='lat' dir='ltr'><strong>se</strong></span> <span class='ocrx_word' id='word_1_287' title='bbox 2838 2952 3170 3016; x_wconf 83' lang='lat' dir='ltr'><strong>nunquam</strong></span> <span class='ocrx_word' id='word_1_288' title='bbox 3254 2930 3639 2994; x_wconf 85' lang='lat' dir='ltr'><strong>meminisse</strong></span> <span class='ocrx_word' id='word_1_289' title='bbox 3707 2945 3810 2990; x_wconf 80' lang='lat' dir='ltr'><strong>co—</strong></span> 
     </span>
    </p>
   </div>
   <div class='ocr_carea' id='block_1_29' title="bbox 568 3032 3811 3122">
    <p class='ocr_par' dir='ltr' id='par_1_29' title="bbox 568 3032 3811 3122">
     <span class='ocr_line' id='line_1_29' title="bbox 568 3032 3811 3122; baseline -0.003 -21"><span class='ocrx_word' id='word_1_290' title='bbox 568 3034 647 3101; x_wconf 74' lang='grc' dir='ltr'><strong>ω</strong></span> <span class='ocrx_word' id='word_1_291' title='bbox 688 3043 1037 3105; x_wconf 76' lang='lat' dir='ltr'><strong>messatum</strong></span> <span class='ocrx_word' id='word_1_292' title='bbox 1080 3038 1128 3099; x_wconf 73' lang='grc' dir='ltr'><strong>ί.</strong></span> <span class='ocrx_word' id='word_1_293' title='bbox 1180 3040 1322 3103; x_wconf 76' lang='lat' dir='ltr'><strong>Alia</strong></span> <span class='ocrx_word' id='word_1_294' title='bbox 1382 3058 1534 3105; x_wconf 87' lang='lat' dir='ltr'><strong>vero</strong></span> <span class='ocrx_word' id='word_1_295' title='bbox 1589 3042 1717 3116; x_wconf 86' lang='lat' dir='ltr'><strong>die,</strong></span> <span class='ocrx_word' id='word_1_296' title='bbox 1753 3060 1899 3122; x_wconf 66' lang='lat' dir='ltr'><strong>quae</strong></span> <span class='ocrx_word' id='word_1_297' title='bbox 1931 3041 2057 3105; x_wconf 82' lang='lat' dir='ltr'><strong>fuit</strong></span> <span class='ocrx_word' id='word_1_298' title='bbox 2114 3043 2401 3106; x_wconf 88' lang='lat' dir='ltr'><strong>secunda</strong></span> <span class='ocrx_word' id='word_1_299' title='bbox 2455 3042 2638 3115; x_wconf 89' lang='lat' dir='ltr'><strong>feria,</strong></span> <span class='ocrx_word' id='word_1_300' title='bbox 2703 3040 2841 3105; x_wconf 89' lang='lat' dir='ltr'><strong>vale</strong></span> <span class='ocrx_word' id='word_1_301' title='bbox 2901 3039 3142 3102; x_wconf 84' lang='lat' dir='ltr'><strong>faciens</strong></span> <span class='ocrx_word' id='word_1_302' title='bbox 3192 3035 3251 3097; x_wconf 78' lang='lat' dir='ltr'><strong>ei</strong></span> <span class='ocrx_word' id='word_1_303' title='bbox 3284 3037 3426 3116; x_wconf 82' lang='lat' dir='ltr'><strong>ipse</strong></span> <span class='ocrx_word' id='word_1_304' title='bbox 3459 3051 3590 3105; x_wconf 78' lang='lat' dir='ltr'><strong>rex,</strong></span> <span class='ocrx_word' id='word_1_305' title='bbox 3627 3032 3811 3093; x_wconf 86' lang='lat' dir='ltr'><strong>misit</strong></span> 
     </span>
    </p>
   </div>
   <div class='ocr_carea' id='block_1_30' title="bbox 688 3136 3811 3225">
    <p class='ocr_par' dir='ltr' id='par_1_30' title="bbox 688 3136 3811 3225">
     <span class='ocr_line' id='line_1_30' title="bbox 688 3136 3811 3225; baseline -0.002 -23"><span class='ocrx_word' id='word_1_306' title='bbox 688 3139 759 3202; x_wconf 91' lang='lat' dir='ltr'><strong>in</strong></span> <span class='ocrx_word' id='word_1_307' title='bbox 812 3142 951 3221; x_wconf 64' lang='lat' dir='ltr'><strong>eius</strong></span> <span class='ocrx_word' id='word_1_308' title='bbox 1002 3143 1391 3224; x_wconf 81' lang='lat' dir='ltr'><strong>obsequium</strong></span> <span class='ocrx_word' id='word_1_309' title='bbox 1457 3146 1893 3225; x_wconf 83' lang='lat' dir='ltr'><strong>Agiprandum</strong></span> <span class='ocrx_word' id='word_1_310' title='bbox 1950 3157 1977 3196; x_wconf 69' lang='grc' dir='ltr'><strong>ε</strong></span> <span class='ocrx_word' id='word_1_311' title='bbox 2031 3147 2261 3211; x_wconf 85' lang='lat' dir='ltr'><strong>ducem</strong></span> <span class='ocrx_word' id='word_1_312' title='bbox 2323 3146 2708 3222; x_wconf 77' lang='lat' dir='ltr'><strong>Glusinum,</strong></span> <span class='ocrx_word' id='word_1_313' title='bbox 2768 3152 3071 3224; x_wconf 81' lang='lat' dir='ltr'><strong>nepotem</strong></span> <span class='ocrx_word' id='word_1_314' title='bbox 3130 3157 3325 3204; x_wconf 88' lang='lat' dir='ltr'><strong>suum</strong></span> <span class='ocrx_word' id='word_1_315' title='bbox 3360 3184 3381 3214; x_wconf 88' lang='lat'><strong>,</strong></span> <span class='ocrx_word' id='word_1_316' title='bbox 3438 3155 3561 3201; x_wconf 88' lang='lat' dir='ltr'><strong>seu</strong></span> <span class='ocrx_word' id='word_1_317' title='bbox 3625 3136 3811 3199; x_wconf 85' lang='lat' dir='ltr'><strong>Taci—</strong></span> 
     </span>
    </p>
   </div>
   <div class='ocr_carea' id='block_1_31' title="bbox 428 3247 3811 3334">
    <p class='ocr_par' dir='ltr' id='par_1_31' title="bbox 428 3247 3811 3334">
     <span class='ocr_line' id='line_1_31' title="bbox 428 3247 3811 3334; baseline -0.001 -25"><span class='ocrx_word' id='word_1_318' title='bbox 428 3264 439 3271; x_wconf 62' lang='lat'><strong>‘</strong></span> <span class='ocrx_word' id='word_1_319' title='bbox 520 3286 525 3291; x_wconf 62' lang='grc' dir='ltr'><em>ι</em></span> <span class='ocrx_word' id='word_1_320' title='bbox 636 3252 948 3324; x_wconf 73' lang='lat' dir='ltr'><strong>‘pertum</strong></span> <span class='ocrx_word' id='word_1_321' title='bbox 1025 3248 1400 3317; x_wconf 74' lang='lat' dir='ltr'><strong>castaldium</strong></span> <span class='ocrx_word' id='word_1_322' title='bbox 1480 3251 1546 3313; x_wconf 83' lang='lat' dir='ltr'><strong>in</strong></span> <span class='ocrx_word' id='word_1_323' title='bbox 1618 3254 1763 3333; x_wconf 85' lang='lat' dir='ltr'><strong>ejus</strong></span> <span class='ocrx_word' id='word_1_324' title='bbox 1830 3254 2269 3334; x_wconf 80' lang='lat' dir='ltr'><strong>obsequium,</strong></span> <span class='ocrx_word' id='word_1_325' title='bbox 2344 3259 2408 3315; x_wconf 91' lang='lat' dir='ltr'><strong>et</strong></span> <span class='ocrx_word' id='word_1_326' title='bbox 2477 3253 2862 3332; x_wconf 82' lang='lat' dir='ltr'><strong>Ramingum</strong></span> <span class='ocrx_word' id='word_1_327' title='bbox 2920 3251 2948 3290; x_wconf 66' lang='grc' dir='ltr'>δ</span> <span class='ocrx_word' id='word_1_328' title='bbox 3005 3247 3357 3312; x_wconf 86' lang='lat' dir='ltr'><strong>castaldum</strong></span> <span class='ocrx_word' id='word_1_329' title='bbox 3429 3247 3811 3306; x_wconf 71' lang='lat' dir='ltr'><strong>Tuscaneu~</strong></span> 
     </span>
    </p>
   </div>
   <div class='ocr_carea' id='block_1_32' title="bbox 688 3345 3812 3437">
    <p class='ocr_par' dir='ltr' id='par_1_32' title="bbox 688 3345 3812 3437">
     <span class='ocr_line' id='line_1_32' title="bbox 688 3345 3812 3437; baseline -0.001 -26"><span class='ocrx_word' id='word_1_330' title='bbox 688 3365 869 3425; x_wconf 88' lang='lat' dir='ltr'><strong>sem,</strong></span> <span class='ocrx_word' id='word_1_331' title='bbox 922 3356 1115 3431; x_wconf 91' lang='lat' dir='ltr'><strong>atque</strong></span> <span class='ocrx_word' id='word_1_332' title='bbox 1168 3352 1635 3430; x_wconf 88' lang='lat' dir='ltr'><strong>Grimoaldum,</strong></span> <span class='ocrx_word' id='word_1_333' title='bbox 1685 3356 1801 3437; x_wconf 90' lang='lat' dir='ltr'><strong>qui</strong></span> <span class='ocrx_word' id='word_1_334' title='bbox 1851 3357 2061 3421; x_wconf 89' lang='lat' dir='ltr'><strong>eidem</strong></span> <span class='ocrx_word' id='word_1_335' title='bbox 2118 3364 2340 3421; x_wconf 89' lang='lat' dir='ltr'><strong>sancto</strong></span> <span class='ocrx_word' id='word_1_336' title='bbox 2375 3359 2512 3419; x_wconf 90' lang='lat' dir='ltr'><strong>viro</strong></span> <span class='ocrx_word' id='word_1_337' title='bbox 2562 3374 2770 3437; x_wconf 89' lang='lat' dir='ltr'><strong>usque</strong></span> <span class='ocrx_word' id='word_1_338' title='bbox 2823 3356 2901 3418; x_wconf 91' lang='lat' dir='ltr'><strong>ad</strong></span> <span class='ocrx_word' id='word_1_339' title='bbox 2951 3354 3283 3436; x_wconf 73' lang='lat' dir='ltr'><strong>prtedictas</strong></span> <span class='ocrx_word' id='word_1_340' title='bbox 3332 3350 3637 3412; x_wconf 86' lang='lat' dir='ltr'><strong>civitates</strong></span> <span class='ocrx_word' id='word_1_341' title='bbox 3694 3345 3812 3408; x_wconf 89' lang='lat' dir='ltr'><strong>ob-</strong></span> 
     </span>
    </p>
   </div>
   <div class='ocr_carea' id='block_1_33' title="bbox 638 3447 3811 3544">
    <p class='ocr_par' dir='ltr' id='par_1_33' title="bbox 638 3447 3811 3544">
     <span class='ocr_line' id='line_1_33' title="bbox 638 3447 3811 3544; baseline 0.001 -30"><span class='ocrx_word' id='word_1_342' title='bbox 638 3453 995 3534; x_wconf 64' lang='lat' dir='ltr'><strong>sequium</strong></span> <span class='ocrx_word' id='word_1_343' title='bbox 1053 3456 1390 3536; x_wconf 79' lang='lat' dir='ltr'><strong>facerent,</strong></span> <span class='ocrx_word' id='word_1_344' title='bbox 1458 3463 1849 3544; x_wconf 75' lang='lat' dir='ltr'><strong>easdemque</strong></span> <span class='ocrx_word' id='word_1_345' title='bbox 1912 3464 2406 3529; x_wconf 79' lang='lat' dir='ltr'><strong>civitates-cum</strong></span> <span class='ocrx_word' id='word_1_346' title='bbox 2472 3464 2611 3526; x_wconf 90' lang='lat' dir='ltr'><strong>suis</strong></span> <span class='ocrx_word' id='word_1_347' title='bbox 2676 3462 3141 3527; x_wconf 78' lang='lat' dir='ltr'><strong>habitatoribus</strong></span> <span class='ocrx_word' id='word_1_348' title='bbox 3196 3457 3577 3526; x_wconf 77' lang='lat' dir='ltr'><strong>traderent,</strong></span> <span class='ocrx_word' id='word_1_349' title='bbox 3643 3447 3811 3533; x_wconf 74' lang='lat' dir='ltr'><strong>Quod</strong></span> 
     </span>
    </p>
   </div>
   <div class='ocr_carea' id='block_1_34' title="bbox 574 3556 2579 3637">
    <p class='ocr_par' dir='ltr' id='par_1_34' title="bbox 574 3556 2579 3637">
     <span class='ocr_line' id='line_1_34' title="bbox 574 3556 2579 3637; baseline 0.003 -18"><span class='ocrx_word' id='word_1_350' title='bbox 574 3556 657 3637; x_wconf 64' lang='lat'><strong>15</strong></span> <span class='ocrx_word' id='word_1_351' title='bbox 694 3563 759 3619; x_wconf 89' lang='lat' dir='ltr'><strong>et</strong></span> <span class='ocrx_word' id='word_1_352' title='bbox 783 3556 1023 3623; x_wconf 86' lang='lat' dir='ltr'><strong>factum</strong></span> <span class='ocrx_word' id='word_1_353' title='bbox 1057 3571 1181 3631; x_wconf 86' lang='lat' dir='ltr'><strong>est.</strong></span> <span class='ocrx_word' id='word_1_354' title='bbox 2552 3573 2579 3587; x_wconf 67' lang='lat'><strong><em>*</em></strong></span> 
     </span>
    </p>
   </div>
   <div class='ocr_carea' id='block_1_35' title="bbox 771 3656 3814 3765">
    <p class='ocr_par' dir='ltr' id='par_1_35' title="bbox 771 3656 3814 3765">
     <span class='ocr_line' id='line_1_35' title="bbox 771 3656 3814 3765; baseline -0.004 -28"><span class='ocrx_word' id='word_1_355' title='bbox 771 3673 944 3749; x_wconf 64' lang='lat' dir='ltr'><strong>In</strong></span> <span class='ocrx_word' id='word_1_356' title='bbox 982 3668 1054 3735; x_wconf 79' lang='lat' dir='ltr'><strong>In</strong></span> <span class='ocrx_word' id='word_1_357' title='bbox 1090 3671 1745 3765; x_wconf 11' lang='lat' dir='ltr'><strong>primis‘Amertmm</strong></span> <span class='ocrx_word' id='word_1_358' title='bbox 1806 3675 2126 3741; x_wconf 84' lang='lat' dir='ltr'><strong>civitatem</strong></span> <span class='ocrx_word' id='word_1_359' title='bbox 2158 3719 2176 3753; x_wconf 92' lang='lat'><strong>,</strong></span> <span class='ocrx_word' id='word_1_360' title='bbox 2228 3676 2467 3739; x_wconf 88' lang='lat' dir='ltr'><strong>deinde</strong></span> <span class='ocrx_word' id='word_1_361' title='bbox 2521 3672 2895 3747; x_wconf 82' lang='lat' dir='ltr'><strong>Hortanam,</strong></span> <span class='ocrx_word' id='word_1_362' title='bbox 2937 3656 3248 3753; x_wconf 77' lang='lat' dir='ltr'><strong>dumque</strong></span> <span class='ocrx_word' id='word_1_363' title='bbox 3305 3670 3374 3732; x_wconf 90' lang='lat' dir='ltr'><strong>in</strong></span> <span class='ocrx_word' id='word_1_364' title='bbox 3436 3665 3814 3731; x_wconf 86' lang='lat' dir='ltr'><strong>Polimartio</strong></span> 
     </span>
    </p>
   </div>
   <div class='ocr_carea' id='block_1_36' title="bbox 689 3772 3814 3863">
    <p class='ocr_par' dir='ltr' id='par_1_36' title="bbox 689 3772 3814 3863">
     <span class='ocr_line' id='line_1_36' title="bbox 689 3772 3814 3863; baseline -0.001 -30"><span class='ocrx_word' id='word_1_365' title='bbox 689 3780 899 3836; x_wconf 81' lang='lat' dir='ltr'><strong>castro</strong></span> <span class='ocrx_word' id='word_1_366' title='bbox 946 3778 1428 3853; x_wconf 80' lang='lat' dir='ltr'><strong>convenissent,</strong></span> <span class='ocrx_word' id='word_1_367' title='bbox 1468 3798 1747 3861; x_wconf 76' lang='lat' dir='ltr'><strong>eumque</strong></span> <span class='ocrx_word' id='word_1_368' title='bbox 1809 3778 2190 3863; x_wconf 81' lang='lat' dir='ltr'><strong>recepisset,</strong></span> <span class='ocrx_word' id='word_1_369' title='bbox 2240 3791 2300 3844; x_wconf 92' lang='lat' dir='ltr'><strong>et</strong></span> <span class='ocrx_word' id='word_1_370' title='bbox 2348 3782 2579 3846; x_wconf 84' lang='lat' dir='ltr'><strong>fuisset</strong></span> <span class='ocrx_word' id='word_1_371' title='bbox 2628 3781 2883 3844; x_wconf 85' lang='lat' dir='ltr'><strong>itineris</strong></span> <span class='ocrx_word' id='word_1_372' title='bbox 2916 3779 3252 3859; x_wconf 83' lang='lat' dir='ltr'><strong>longitudo</strong></span> <span class='ocrx_word' id='word_1_373' title='bbox 3300 3792 3415 3857; x_wconf 89' lang='lat' dir='ltr'><strong>per</strong></span> <span class='ocrx_word' id='word_1_374' title='bbox 3469 3772 3814 3836; x_wconf 86' lang='lat' dir='ltr'><strong>circuitum</strong></span> 
     </span>
    </p>
   </div>
   <div class='ocr_carea' id='block_1_37' title="bbox 692 3876 3818 3970">
    <p class='ocr_par' dir='ltr' id='par_1_37' title="bbox 692 3876 3818 3970">
     <span class='ocr_line' id='line_1_37' title="bbox 692 3876 3818 3970; baseline 0 -30"><span class='ocrx_word' id='word_1_375' title='bbox 692 3876 923 3943; x_wconf 82' lang='lat' dir='ltr'><strong>ﬁnium</strong></span> <span class='ocrx_word' id='word_1_376' title='bbox 977 3883 1353 3964; x_wconf 56' lang='lat' dir='ltr'><strong>reipublicae</strong></span> <span class='ocrx_word' id='word_1_377' title='bbox 1423 3888 1619 3950; x_wconf 90' lang='lat' dir='ltr'><strong>eundi</strong></span> <span class='ocrx_word' id='word_1_378' title='bbox 1678 3904 1889 3968; x_wconf 80' lang='lat' dir='ltr'><strong>usque</strong></span> <span class='ocrx_word' id='word_1_379' title='bbox 1945 3889 2022 3951; x_wconf 88' lang='lat' dir='ltr'><strong>ad</strong></span> <span class='ocrx_word' id='word_1_380' title='bbox 2087 3888 2417 3953; x_wconf 80' lang='lat' dir='ltr'><strong>Bleranam</strong></span> <span class='ocrx_word' id='word_1_381' title='bbox 2476 3891 2803 3955; x_wconf 83' lang='lat' dir='ltr'><strong>civitatem</strong></span> <span class='ocrx_word' id='word_1_382' title='bbox 2869 3906 2979 3970; x_wconf 85' lang='lat' dir='ltr'><strong>per</strong></span> <span class='ocrx_word' id='word_1_383' title='bbox 3043 3895 3255 3967; x_wconf 85' lang='lat' dir='ltr'><strong>partes</strong></span> <span class='ocrx_word' id='word_1_384' title='bbox 3314 3882 3598 3945; x_wconf 72' lang='lat' dir='ltr'><strong>Sutrinos</strong></span> <span class='ocrx_word' id='word_1_385' title='bbox 3663 3877 3818 3942; x_wconf 82' lang='lat' dir='ltr'><strong>civi-</strong></span> 
     </span>
    </p>
   </div>
   <div class='ocr_carea' id='block_1_38' title="bbox 695 3983 3813 4077">
    <p class='ocr_par' dir='ltr' id='par_1_38' title="bbox 695 3983 3813 4077">
     <span class='ocr_line' id='line_1_38' title="bbox 695 3983 3813 4077; baseline 0.003 -34"><span class='ocrx_word' id='word_1_386' title='bbox 695 3983 843 4045; x_wconf 88' lang='lat' dir='ltr'><strong>tatis</strong></span> <span class='ocrx_word' id='word_1_387' title='bbox 903 4001 1020 4064; x_wconf 78' lang='lat' dir='ltr'><strong>per</strong></span> <span class='ocrx_word' id='word_1_388' title='bbox 1078 3987 1245 4051; x_wconf 80' lang='lat' dir='ltr'><strong>ﬁnes</strong></span> <span class='ocrx_word' id='word_1_389' title='bbox 1291 3990 1864 4071; x_wconf 79' lang='lat' dir='ltr'><strong>Longobardorum</strong></span> <span class='ocrx_word' id='word_1_390' title='bbox 1927 3992 2221 4068; x_wconf 63' lang='lat' dir='ltr'><strong>Tuscia),</strong></span> <span class='ocrx_word' id='word_1_391' title='bbox 2280 3995 2433 4076; x_wconf 87' lang='lat' dir='ltr'><strong>quia</strong></span> <span class='ocrx_word' id='word_1_392' title='bbox 2488 3996 2569 4058; x_wconf 90' lang='lat' dir='ltr'><strong>de</strong></span> <span class='ocrx_word' id='word_1_393' title='bbox 2635 3995 3002 4077; x_wconf 80' lang='lat' dir='ltr'><strong>prepinquo</strong></span> <span class='ocrx_word' id='word_1_394' title='bbox 3065 4000 3239 4066; x_wconf 85' lang='lat' dir='ltr'><strong>erat,</strong></span> <span class='ocrx_word' id='word_1_395' title='bbox 3287 3990 3351 4055; x_wconf 91' lang='lat' dir='ltr'><strong>id</strong></span> <span class='ocrx_word' id='word_1_396' title='bbox 3407 3995 3508 4071; x_wconf 74' lang='lat' dir='ltr'><strong>est</strong></span> <span class='ocrx_word' id='word_1_397' title='bbox 3550 4006 3673 4069; x_wconf 67' lang='lat' dir='ltr'><strong>per</strong></span> <span class='ocrx_word' id='word_1_398' title='bbox 3722 4004 3813 4048; x_wconf 68' lang='grc' dir='ltr'><strong>οδο</strong></span> 
     </span>
    </p>
   </div>
   <div class='ocr_carea' id='block_1_39' title="bbox 586 4080 3821 4179">
    <p class='ocr_par' dir='ltr' id='par_1_39' title="bbox 586 4080 3821 4179">
     <span class='ocr_line' id='line_1_39' title="bbox 586 4080 3821 4179; baseline 0.003 -33"><span class='ocrx_word' id='word_1_399' title='bbox 586 4080 663 4169; x_wconf 36' lang='grc' dir='ltr'><strong>,Β</strong></span> <span class='ocrx_word' id='word_1_400' title='bbox 691 4090 894 4149; x_wconf 77' lang='lat' dir='ltr'><strong>atrum</strong></span> <span class='ocrx_word' id='word_1_401' title='bbox 960 4089 1320 4154; x_wconf 82' lang='lat' dir='ltr'><strong>Vitcrbium</strong></span> <span class='ocrx_word' id='word_1_402' title='bbox 1378 4101 1442 4167; x_wconf 78' lang='grc' dir='ltr'><strong>ί,</strong></span> <span class='ocrx_word' id='word_1_403' title='bbox 1506 4095 1646 4175; x_wconf 87' lang='lat' dir='ltr'><strong>ipse</strong></span> <span class='ocrx_word' id='word_1_404' title='bbox 1704 4099 1949 4160; x_wconf 91' lang='lat' dir='ltr'><strong>missus</strong></span> <span class='ocrx_word' id='word_1_405' title='bbox 2007 4098 2174 4179; x_wconf 78' lang='lat' dir='ltr'><strong>regis</strong></span> <span class='ocrx_word' id='word_1_406' title='bbox 2236 4099 2646 4161; x_wconf 84' lang='lat' dir='ltr'><strong>Grimoaldus</strong></span> <span class='ocrx_word' id='word_1_407' title='bbox 2714 4099 3017 4163; x_wconf 82' lang='lat' dir='ltr'><strong>eumdem</strong></span> <span class='ocrx_word' id='word_1_408' title='bbox 3076 4098 3530 4173; x_wconf 77' lang='lat' dir='ltr'><strong>beatissimum</strong></span> <span class='ocrx_word' id='word_1_409' title='bbox 3594 4094 3821 4177; x_wconf 82' lang='lat' dir='ltr'><strong>ponti-</strong></span> 
     </span>
    </p>
   </div>
   <div class='ocr_carea' id='block_1_40' title="bbox 690 4187 3818 4284">
    <p class='ocr_par' dir='ltr' id='par_1_40' title="bbox 690 4187 3818 4284">
     <span class='ocr_line' id='line_1_40' title="bbox 690 4187 3818 4284; baseline 0.005 -33"><span class='ocrx_word' id='word_1_410' title='bbox 690 4187 876 4253; x_wconf 79' lang='lat' dir='ltr'><strong>ﬁcem</strong></span> <span class='ocrx_word' id='word_1_411' title='bbox 931 4193 1231 4271; x_wconf 71' lang='lat' dir='ltr'><strong>perduxit</strong></span> <span class='ocrx_word' id='word_1_412' title='bbox 1293 4213 1505 4276; x_wconf 82' lang='lat' dir='ltr'><strong>usque</strong></span> <span class='ocrx_word' id='word_1_413' title='bbox 1567 4200 1642 4260; x_wconf 88' lang='lat' dir='ltr'><strong>ad</strong></span> <span class='ocrx_word' id='word_1_414' title='bbox 1702 4200 2032 4265; x_wconf 84' lang='lat' dir='ltr'><strong>Bleranam</strong></span> <span class='ocrx_word' id='word_1_415' title='bbox 2095 4202 2473 4278; x_wconf 78' lang='lat' dir='ltr'><strong>civitatem,</strong></span> <span class='ocrx_word' id='word_1_416' title='bbox 2533 4223 2728 4284; x_wconf 86' lang='lat' dir='ltr'><strong>quam</strong></span> <span class='ocrx_word' id='word_1_417' title='bbox 2785 4212 2849 4276; x_wconf 87' lang='lat' dir='ltr'><strong>et</strong></span> <span class='ocrx_word' id='word_1_418' title='bbox 2900 4204 3029 4283; x_wconf 85' lang='lat' dir='ltr'><strong>ipsi</strong></span> <span class='ocrx_word' id='word_1_419' title='bbox 3087 4210 3307 4267; x_wconf 82' lang='lat' dir='ltr'><strong>sancto</strong></span> <span class='ocrx_word' id='word_1_420' title='bbox 3367 4204 3519 4281; x_wconf 62' lang='lat' dir='ltr'><strong>\tll‘o</strong></span> <span class='ocrx_word' id='word_1_421' title='bbox 3568 4216 3818 4282; x_wconf 62' lang='lat' dir='ltr'><strong>prauo-</strong></span> 
     </span>
    </p>
   </div>
   <div class='ocr_carea' id='block_1_41' title="bbox 672 4292 3814 4387">
    <p class='ocr_par' dir='ltr' id='par_1_41' title="bbox 672 4292 3814 4387">
     <span class='ocr_line' id='line_1_41' title="bbox 672 4292 3814 4387; baseline 0.004 -33"><span class='ocrx_word' id='word_1_422' title='bbox 672 4292 972 4357; x_wconf 40' lang='lat' dir='ltr'><strong>»minatus</strong></span> <span class='ocrx_word' id='word_1_423' title='bbox 1032 4299 1388 4381; x_wconf 81' lang='lat' dir='ltr'><strong>Ramingus</strong></span> <span class='ocrx_word' id='word_1_424' title='bbox 1450 4304 1800 4370; x_wconf 85' lang='lat' dir='ltr'><strong>castaldius</strong></span> <span class='ocrx_word' id='word_1_425' title='bbox 1868 4317 1928 4372; x_wconf 91' lang='lat' dir='ltr'><strong>et</strong></span> <span class='ocrx_word' id='word_1_426' title='bbox 1980 4310 2115 4387; x_wconf 88' lang='lat' dir='ltr'><strong>jam</strong></span> <span class='ocrx_word' id='word_1_427' title='bbox 2194 4310 2404 4376; x_wconf 82' lang='lat' dir='ltr'><strong>dictus</strong></span> <span class='ocrx_word' id='word_1_428' title='bbox 2470 4312 2881 4376; x_wconf 84' lang='lat' dir='ltr'><strong>Grimoaldus</strong></span> <span class='ocrx_word' id='word_1_429' title='bbox 2943 4311 3186 4387; x_wconf 74' lang='lat' dir='ltr'><strong>missus</strong></span> <span class='ocrx_word' id='word_1_430' title='bbox 3258 4308 3814 4379; x_wconf 81' lang='lat' dir='ltr'><strong>contradiderunt.</strong></span> 
     </span>
    </p>
   </div>
   <div class='ocr_carea' id='block_1_42' title="bbox 690 4399 3812 4498">
    <p class='ocr_par' dir='ltr' id='par_1_42' title="bbox 690 4399 3812 4498">
     <span class='ocr_line' id='line_1_42' title="bbox 690 4399 3812 4498; baseline 0.003 -36"><span class='ocrx_word' id='word_1_431' title='bbox 690 4399 771 4462; x_wconf 84' lang='lat' dir='ltr'><strong>Et</strong></span> <span class='ocrx_word' id='word_1_432' title='bbox 829 4400 923 4463; x_wconf 88' lang='lat' dir='ltr'><strong>sic</strong></span> <span class='ocrx_word' id='word_1_433' title='bbox 981 4418 1314 4480; x_wconf 84' lang='lat' dir='ltr'><strong>regressus</strong></span> <span class='ocrx_word' id='word_1_434' title='bbox 1367 4412 1487 4482; x_wconf 92' lang='lat' dir='ltr'><strong>est,</strong></span> <span class='ocrx_word' id='word_1_435' title='bbox 1520 4408 1655 4471; x_wconf 85' lang='lat' dir='ltr'><strong>Deo</strong></span> <span class='ocrx_word' id='word_1_436' title='bbox 1702 4412 2013 4490; x_wconf 89' lang='lat' dir='ltr'><strong>pr0pitio,</strong></span> <span class='ocrx_word' id='word_1_437' title='bbox 2053 4430 2199 4476; x_wconf 84' lang='lat' dir='ltr'><strong>cum</strong></span> <span class='ocrx_word' id='word_1_438' title='bbox 2263 4416 2544 4480; x_wconf 68' lang='lat' dir='ltr'><strong>victoriae</strong></span> <span class='ocrx_word' id='word_1_439' title='bbox 2607 4417 2815 4498; x_wconf 84' lang='lat' dir='ltr'><strong>palma</strong></span> <span class='ocrx_word' id='word_1_440' title='bbox 2878 4418 2947 4479; x_wconf 86' lang='lat' dir='ltr'><strong>in</strong></span> <span class='ocrx_word' id='word_1_441' title='bbox 3008 4416 3177 4481; x_wconf 81' lang='lat' dir='ltr'><strong>hanc</strong></span> <span class='ocrx_word' id='word_1_442' title='bbox 3231 4415 3461 4477; x_wconf 84' lang='lat' dir='ltr'><strong>urbem</strong></span> <span class='ocrx_word' id='word_1_443' title='bbox 3520 4415 3812 4475; x_wconf 76' lang='lat' dir='ltr'><strong>Romam.</strong></span> 
     </span>
    </p>
   </div>
   <div class='ocr_carea' id='block_1_43' title="bbox 634 4503 3816 4600">
    <p class='ocr_par' dir='ltr' id='par_1_43' title="bbox 634 4503 3816 4600">
     <span class='ocr_line' id='line_1_43' title="bbox 634 4503 3816 4600; baseline 0.005 -30"><span class='ocrx_word' id='word_1_444' title='bbox 634 4550 637 4555; x_wconf 89' lang='lat'><strong><em>-</em></strong></span> <span class='ocrx_word' id='word_1_445' title='bbox 687 4503 814 4581; x_wconf 85' lang='lat' dir='ltr'><strong>Qui</strong></span> <span class='ocrx_word' id='word_1_446' title='bbox 879 4506 1070 4571; x_wconf 84' lang='lat' dir='ltr'><strong>etiam</strong></span> <span class='ocrx_word' id='word_1_447' title='bbox 1133 4525 1391 4576; x_wconf 83' lang='lat' dir='ltr'><strong>omnem</strong></span> <span class='ocrx_word' id='word_1_448' title='bbox 1462 4514 1777 4595; x_wconf 82' lang='lat' dir='ltr'><strong>pepulum</strong></span> <span class='ocrx_word' id='word_1_449' title='bbox 1837 4536 2191 4600; x_wconf 85' lang='lat' dir='ltr'><strong>aggregans</strong></span> <span class='ocrx_word' id='word_1_450' title='bbox 2227 4568 2243 4600; x_wconf 91' lang='lat'><strong>,</strong></span> <span class='ocrx_word' id='word_1_451' title='bbox 2301 4541 2421 4588; x_wconf 84' lang='lat' dir='ltr'><strong>eos</strong></span> <span class='ocrx_word' id='word_1_452' title='bbox 2476 4530 2569 4587; x_wconf 88' lang='lat' dir='ltr'><strong>est</strong></span> <span class='ocrx_word' id='word_1_453' title='bbox 2630 4523 2953 4587; x_wconf 86' lang='lat' dir='ltr'><strong>allocutus</strong></span> <span class='ocrx_word' id='word_1_454' title='bbox 2989 4568 3011 4597; x_wconf 94' lang='lat'><strong>,</strong></span> <span class='ocrx_word' id='word_1_455' title='bbox 3071 4529 3143 4584; x_wconf 91' lang='lat' dir='ltr'><strong>ut</strong></span> <span class='ocrx_word' id='word_1_456' title='bbox 3209 4522 3285 4584; x_wconf 87' lang='lat' dir='ltr'><strong>ad</strong></span> <span class='ocrx_word' id='word_1_457' title='bbox 3354 4514 3816 4598; x_wconf 69' lang='lat' dir='ltr'><strong>persolvendas</strong></span> 
     </span>
    </p>
   </div>
   <div class='ocr_carea' id='block_1_44' title="bbox 570 4610 3815 4708">
    <p class='ocr_par' dir='ltr' id='par_1_44' title="bbox 570 4610 3815 4708">
     <span class='ocr_line' id='line_1_44' title="bbox 570 4610 3815 4708; baseline 0.002 -29"><span class='ocrx_word' id='word_1_458' title='bbox 570 4610 655 4679; x_wconf 74' lang='grc' dir='ltr'><strong><em>ιο</em></strong></span> <span class='ocrx_word' id='word_1_459' title='bbox 690 4611 1124 4692; x_wconf 83' lang='lat' dir='ltr'><strong>omnipotenti</strong></span> <span class='ocrx_word' id='word_1_460' title='bbox 1182 4617 1317 4681; x_wconf 84' lang='lat' dir='ltr'><strong>Deo</strong></span> <span class='ocrx_word' id='word_1_461' title='bbox 1375 4619 1720 4698; x_wconf 86' lang='lat' dir='ltr'><strong>gratiarum</strong></span> <span class='ocrx_word' id='word_1_462' title='bbox 1780 4623 2070 4688; x_wconf 86' lang='lat' dir='ltr'><strong>actiones</strong></span> <span class='ocrx_word' id='word_1_463' title='bbox 2126 4628 2203 4691; x_wconf 87' lang='lat' dir='ltr'><strong>ab</strong></span> <span class='ocrx_word' id='word_1_464' title='bbox 2266 4629 2535 4693; x_wconf 83' lang='lat' dir='ltr'><strong>ecclesia</strong></span> <span class='ocrx_word' id='word_1_465' title='bbox 2593 4629 2709 4693; x_wconf 85' lang='lat' dir='ltr'><strong>Dei</strong></span> <span class='ocrx_word' id='word_1_466' title='bbox 2774 4628 3159 4702; x_wconf 76' lang='lat' dir='ltr'><strong>Genitricis,</strong></span> <span class='ocrx_word' id='word_1_467' title='bbox 3206 4641 3351 4708; x_wconf 71' lang='lat' dir='ltr'><strong>quae</strong></span> <span class='ocrx_word' id='word_1_468' title='bbox 3413 4632 3687 4685; x_wconf 84' lang='lat' dir='ltr'><strong>vocatur</strong></span> <span class='ocrx_word' id='word_1_469' title='bbox 3742 4616 3815 4680; x_wconf 84' lang='lat' dir='ltr'><strong>ad</strong></span> 
     </span>
    </p>
   </div>
   <div class='ocr_carea' id='block_1_45' title="bbox 692 4718 3816 4814">
    <p class='ocr_par' dir='ltr' id='par_1_45' title="bbox 692 4718 3816 4814">
     <span class='ocr_line' id='line_1_45' title="bbox 692 4718 3816 4814; baseline 0.002 -31"><span class='ocrx_word' id='word_1_470' title='bbox 692 4718 1057 4809; x_wconf 74' lang='lat' dir='ltr'><strong>Martyres,</strong></span> <span class='ocrx_word' id='word_1_471' title='bbox 1129 4724 1377 4804; x_wconf 86' lang='lat' dir='ltr'><strong>egressi</strong></span> <span class='ocrx_word' id='word_1_472' title='bbox 1441 4743 1666 4791; x_wconf 89' lang='lat' dir='ltr'><strong>omnes</strong></span> <span class='ocrx_word' id='word_1_473' title='bbox 1735 4746 1878 4793; x_wconf 83' lang='lat' dir='ltr'><strong>eum</strong></span> <span class='ocrx_word' id='word_1_474' title='bbox 1944 4731 2180 4797; x_wconf 84' lang='lat' dir='ltr'><strong>letania</strong></span> <span class='ocrx_word' id='word_1_475' title='bbox 2236 4735 2622 4814; x_wconf 83' lang='lat' dir='ltr'><strong>generaliter</strong></span> <span class='ocrx_word' id='word_1_476' title='bbox 2675 4739 3092 4814; x_wconf 78' lang='lat' dir='ltr'><strong>properarent</strong></span> <span class='ocrx_word' id='word_1_477' title='bbox 3153 4732 3233 4796; x_wconf 89' lang='lat' dir='ltr'><strong>ad</strong></span> <span class='ocrx_word' id='word_1_478' title='bbox 3293 4732 3560 4795; x_wconf 81' lang='lat' dir='ltr'><strong>beatum</strong></span> <span class='ocrx_word' id='word_1_479' title='bbox 3632 4729 3816 4791; x_wconf 83' lang='lat' dir='ltr'><strong>Prin—</strong></span> 
     </span>
    </p>
   </div>
   <div class='ocr_carea' id='block_1_46' title="bbox 616 4828 2412 4920">
    <p class='ocr_par' dir='ltr' id='par_1_46' title="bbox 616 4828 2412 4920">
     <span class='ocr_line' id='line_1_46' title="bbox 616 4828 2412 4920; baseline 0.006 -28"><span class='ocrx_word' id='word_1_480' title='bbox 616 4854 628 4873; x_wconf 78' lang='grc' dir='ltr'><em>ι</em></span> <span class='ocrx_word' id='word_1_481' title='bbox 689 4828 897 4909; x_wconf 90' lang='lat' dir='ltr'><strong>cipem</strong></span> <span class='ocrx_word' id='word_1_482' title='bbox 950 4830 1445 4912; x_wconf 63' lang='lat' dir='ltr'><strong>apostolorum;</strong></span> <span class='ocrx_word' id='word_1_483' title='bbox 1476 4841 1540 4898; x_wconf 88' lang='lat' dir='ltr'><strong>et</strong></span> <span class='ocrx_word' id='word_1_484' title='bbox 1576 4836 1661 4899; x_wconf 85' lang='lat' dir='ltr'><strong>ita</strong></span> <span class='ocrx_word' id='word_1_485' title='bbox 1697 4835 1935 4900; x_wconf 87' lang='lat' dir='ltr'><strong>factum</strong></span> <span class='ocrx_word' id='word_1_486' title='bbox 1969 4847 2087 4902; x_wconf 89' lang='lat' dir='ltr'><strong>est.</strong></span> <span class='ocrx_word' id='word_1_487' title='bbox 2401 4908 2412 4920; x_wconf 54' lang='grc'><em>,</em></span> 
     </span>
    </p>
   </div>
   <div class='ocr_carea' id='block_1_47' title="bbox 767 4937 3811 5031">
    <p class='ocr_par' dir='ltr' id='par_1_47' title="bbox 767 4937 3811 5031">
     <span class='ocr_line' id='line_1_47' title="bbox 767 4937 3811 5031; baseline -0.005 -13"><span class='ocrx_word' id='word_1_488' title='bbox 767 4940 930 5019; x_wconf 68' lang='grc'><strong>213</strong></span> <span class='ocrx_word' id='word_1_489' title='bbox 971 4937 988 4991; x_wconf 70' lang='grc' dir='ltr'><strong>ί</strong></span> <span class='ocrx_word' id='word_1_490' title='bbox 1034 4939 1155 5003; x_wconf 80' lang='lat' dir='ltr'><strong>His</strong></span> <span class='ocrx_word' id='word_1_491' title='bbox 1215 4948 1428 5005; x_wconf 77' lang='lat' dir='ltr'><strong>autem</strong></span> <span class='ocrx_word' id='word_1_492' title='bbox 1493 4942 1765 5024; x_wconf 59' lang='lat' dir='ltr'><strong>expletis</strong></span> <span class='ocrx_word' id='word_1_493' title='bbox 1816 4945 2039 5010; x_wconf 90' lang='lat' dir='ltr'><strong>indict.</strong></span> <span class='ocrx_word' id='word_1_494' title='bbox 2095 4965 2192 5023; x_wconf 71' lang='grc' dir='ltr'><strong>ι,</strong></span> <span class='ocrx_word' id='word_1_495' title='bbox 2243 4946 2313 5009; x_wconf 88' lang='lat' dir='ltr'><strong>in</strong></span> <span class='ocrx_word' id='word_1_496' title='bbox 2375 4947 2805 5031; x_wconf 79' lang='lat' dir='ltr'><strong>suosequenti</strong></span> <span class='ocrx_word' id='word_1_497' title='bbox 2865 4945 3095 5011; x_wconf 89' lang='lat' dir='ltr'><strong>indict.</strong></span> <span class='ocrx_word' id='word_1_498' title='bbox 3138 4962 3205 5009; x_wconf 73' lang='grc' dir='ltr'><strong>ιι</strong></span> <span class='ocrx_word' id='word_1_499' title='bbox 3237 4986 3257 5019; x_wconf 83' lang='lat'><strong>,</strong></span> <span class='ocrx_word' id='word_1_500' title='bbox 3313 4943 3483 5006; x_wconf 47' lang='lat' dir='ltr'><strong>dum.</strong></span> <span class='ocrx_word' id='word_1_501' title='bbox 3538 4942 3811 5005; x_wconf 78' lang='lat' dir='ltr'><strong>nimium</strong></span> 
     </span>
    </p>
   </div>
   <div class='ocr_carea' id='block_1_48' title="bbox 695 5039 3811 5131">
    <p class='ocr_par' dir='ltr' id='par_1_48' title="bbox 695 5039 3811 5131">
     <span class='ocr_line' id='line_1_48' title="bbox 695 5039 3811 5131; baseline 0.001 -26"><span class='ocrx_word' id='word_1_502' title='bbox 695 5044 1085 5122; x_wconf 86' lang='lat' dir='ltr'><strong>opprimeret</strong></span> <span class='ocrx_word' id='word_1_503' title='bbox 1166 5047 1507 5127; x_wconf 60' lang='lat' dir='ltr'><strong>praedictus</strong></span> <span class='ocrx_word' id='word_1_504' title='bbox 1583 5067 1695 5115; x_wconf 73' lang='lat' dir='ltr'><strong>rex</strong></span> <span class='ocrx_word' id='word_1_505' title='bbox 1776 5051 2177 5130; x_wconf 79' lang='lat' dir='ltr'><strong>provinciam</strong></span> <span class='ocrx_word' id='word_1_506' title='bbox 2255 5054 2767 5126; x_wconf 84' lang='lat' dir='ltr'><strong>Ravennatium,</strong></span> <span class='ocrx_word' id='word_1_507' title='bbox 2841 5052 3208 5131; x_wconf 81' lang='lat' dir='ltr'><strong>fuissetque</strong></span> <span class='ocrx_word' id='word_1_508' title='bbox 3276 5054 3676 5130; x_wconf 61' lang='lat' dir='ltr'><strong>praeparatus</strong></span> <span class='ocrx_word' id='word_1_509' title='bbox 3742 5039 3811 5103; x_wconf 84' lang='lat' dir='ltr'><strong>ad</strong></span> 
     </span>
    </p>
   </div>
   <div class='ocr_carea' id='block_1_49' title="bbox 690 5146 3815 5233">
    <p class='ocr_par' dir='ltr' id='par_1_49' title="bbox 690 5146 3815 5233">
     <span class='ocr_line' id='line_1_49' title="bbox 690 5146 3815 5233; baseline 0.006 -24"><span class='ocrx_word' id='word_1_510' title='bbox 690 5146 1049 5213; x_wconf 89' lang='lat' dir='ltr'><strong>motionem</strong></span> <span class='ocrx_word' id='word_1_511' title='bbox 1144 5150 1499 5217; x_wconf 90' lang='lat' dir='ltr'><strong>faciendam</strong></span> <span class='ocrx_word' id='word_1_512' title='bbox 1591 5160 1653 5217; x_wconf 89' lang='lat' dir='ltr'><strong>et</strong></span> <span class='ocrx_word' id='word_1_513' title='bbox 1740 5155 2158 5218; x_wconf 81' lang='lat' dir='ltr'><strong>obsidendam</strong></span> <span class='ocrx_word' id='word_1_514' title='bbox 2221 5157 2721 5223; x_wconf 74' lang='lat' dir='ltr'><strong>.Ravennatium</strong></span> <span class='ocrx_word' id='word_1_515' title='bbox 2808 5157 3095 5232; x_wconf 80' lang='lat' dir='ltr'><strong>urbem,</strong></span> <span class='ocrx_word' id='word_1_516' title='bbox 3186 5153 3444 5233; x_wconf 81' lang='lat' dir='ltr'><strong>cognita</strong></span> <span class='ocrx_word' id='word_1_517' title='bbox 3526 5149 3815 5227; x_wconf 68' lang='lat' dir='ltr'><strong>motione</strong></span> 
     </span>
    </p>
   </div>
   <div class='ocr_carea' id='block_1_50' title="bbox 692 5252 3814 5344">
    <p class='ocr_par' dir='ltr' id='par_1_50' title="bbox 692 5252 3814 5344">
     <span class='ocr_line' id='line_1_50' title="bbox 692 5252 3814 5344; baseline 0.002 -26"><span class='ocrx_word' id='word_1_518' title='bbox 692 5252 984 5335; x_wconf 75' lang='lat' dir='ltr'><strong>ejusdem</strong></span> <span class='ocrx_word' id='word_1_519' title='bbox 1069 5259 1243 5338; x_wconf 73' lang='lat' dir='ltr'><strong>regis</strong></span> <span class='ocrx_word' id='word_1_520' title='bbox 1282 5306 1298 5332; x_wconf 91' lang='lat'><strong>,</strong></span> <span class='ocrx_word' id='word_1_521' title='bbox 1380 5260 1745 5342; x_wconf 79' lang='lat' dir='ltr'><strong>Eutychius</strong></span> <span class='ocrx_word' id='word_1_522' title='bbox 1826 5261 2419 5326; x_wconf 81' lang='lat' dir='ltr'><strong>excellentissimus</strong></span> <span class='ocrx_word' id='word_1_523' title='bbox 2493 5261 2802 5344; x_wconf 76' lang='lat' dir='ltr'><strong>patricius</strong></span> <span class='ocrx_word' id='word_1_524' title='bbox 2879 5271 2941 5326; x_wconf 86' lang='lat' dir='ltr'><strong>et</strong></span> <span class='ocrx_word' id='word_1_525' title='bbox 3006 5259 3323 5326; x_wconf 72' lang='lat' dir='ltr'><strong>exarchus</strong></span> <span class='ocrx_word' id='word_1_526' title='bbox 3356 5302 3376 5335; x_wconf 89' lang='lat'><strong>,</strong></span> <span class='ocrx_word' id='word_1_527' title='bbox 3456 5273 3589 5333; x_wconf 70' lang='lat' dir='ltr'><strong>una</strong></span> <span class='ocrx_word' id='word_1_528' title='bbox 3673 5266 3814 5316; x_wconf 75' lang='lat' dir='ltr'><strong>cum</strong></span> 
     </span>
    </p>
   </div>
   <div class='ocr_carea' id='block_1_51' title="bbox 1622 5435 3860 5524">
    <p class='ocr_par' dir='ltr' id='par_1_51' title="bbox 1622 5435 3860 5524">
     <span class='ocr_line' id='line_1_51' title="bbox 1622 5435 3860 5524; baseline 0.003 -45"><span class='ocrx_word' id='word_1_529' title='bbox 1622 5435 1890 5479; x_wconf 68' lang='lat' dir='ltr'><strong>NOTULB</strong></span> <span class='ocrx_word' id='word_1_530' title='bbox 1932 5435 2337 5482; x_wconf 59' lang='lat' dir='ltr'><strong>MABGINLLEB</strong></span> <span class='ocrx_word' id='word_1_531' title='bbox 2379 5437 2720 5482; x_wconf 62' lang='lat' dir='ltr'><strong>annum.</strong></span> <span class='ocrx_word' id='word_1_532' title='bbox 3830 5495 3860 5524; x_wconf 51' lang='grc' dir='ltr'><strong><em>ο</em></strong></span> 
     </span>
    </p>
   </div>
   <div class='ocr_carea' id='block_1_52' title="bbox 534 5551 2123 5629">
    <p class='ocr_par' dir='ltr' id='par_1_52' title="bbox 534 5551 2123 5629">
     <span class='ocr_line' id='line_1_52' title="bbox 534 5551 2123 5629; baseline 0.007 -24"><span class='ocrx_word' id='word_1_533' title='bbox 534 5562 807 5629; x_wconf 19' lang='grc' dir='ltr'><strong>ᾔδη(</strong></span> <span class='ocrx_word' id='word_1_534' title='bbox 874 5551 1447 5629; x_wconf 52' lang='lat' dir='ltr'><strong>’B,-Palimrense._</strong></span> <span class='ocrx_word' id='word_1_535' title='bbox 1484 5562 1508 5599; x_wconf 72' lang='grc'><strong><em>⁸</em></strong></span> <span class='ocrx_word' id='word_1_536' title='bbox 1544 5558 1810 5629; x_wconf 74' lang='lat' dir='ltr'><strong>Agellnm.</strong></span> <span class='ocrx_word' id='word_1_537' title='bbox 1880 5561 1909 5603; x_wconf 71' lang='grc' dir='ltr'><strong><em>ἀ</em></strong></span> <span class='ocrx_word' id='word_1_538' title='bbox 1939 5562 2005 5629; x_wconf 82' lang='grc' dir='ltr'><strong>Β,</strong></span> <span class='ocrx_word' id='word_1_539' title='bbox 2036 5576 2123 5618; x_wconf 76' lang='lat' dir='ltr'><strong>om</strong></span> 
     </span>
    </p>
   </div>
   <div class='ocr_carea' id='block_1_53' title="bbox 2226 5551 3815 5629">
    <p class='ocr_par' dir='ltr' id='par_1_53' title="bbox 2226 5555 3815 5629">
     <span class='ocr_line' id='line_1_53' title="bbox 2226 5555 3815 5629; baseline -0.004 -14"><span class='ocrx_word' id='word_1_540' title='bbox 2226 5574 2373 5619; x_wconf 64' lang='lat' dir='ltr'><strong>ares,</strong></span> <span class='ocrx_word' id='word_1_541' title='bbox 2454 5572 2480 5606; x_wconf 74' lang='grc' dir='ltr'><strong><em>ο</em></strong></span> <span class='ocrx_word' id='word_1_542' title='bbox 2509 5560 2573 5628; x_wconf 84' lang='lat' dir='ltr'><strong>C,</strong></span> <span class='ocrx_word' id='word_1_543' title='bbox 2605 5561 2945 5619; x_wconf 83' lang='lat' dir='ltr'><strong>Consentini.</strong></span> <span class='ocrx_word' id='word_1_544' title='bbox 2982 5559 3049 5625; x_wconf 77' lang='grc' dir='ltr'><strong><em>Β,</em></strong></span> <span class='ocrx_word' id='word_1_545' title='bbox 3078 5559 3444 5617; x_wconf 72' lang='lat' dir='ltr'><strong>Constantini.</strong></span> <span class='ocrx_word' id='word_1_546' title='bbox 3508 5556 3548 5629; x_wconf 57' lang='grc' dir='ltr'>,ς</span> <span class='ocrx_word' id='word_1_547' title='bbox 3560 5555 3617 5629; x_wconf 82' lang='lat' dir='ltr'><strong>_G</strong></span> <span class='ocrx_word' id='word_1_548' title='bbox 3648 5564 3815 5609; x_wconf 68' lang='grc' dir='ltr'><strong>ωιτη-</strong></span> 
     </span>
    </p>
   </div>
   <div class='ocr_carea' id='block_1_54' title="bbox 528 5619 2117 5721">
    <p class='ocr_par' dir='ltr' id='par_1_54' title="bbox 528 5619 2117 5705">
     <span class='ocr_line' id='line_1_54' title="bbox 528 5619 2117 5705; baseline 0.004 -20"><span class='ocrx_word' id='word_1_549' title='bbox 528 5619 697 5685; x_wconf 56' lang='lat' dir='ltr'><strong>ile.</strong></span> <span class='ocrx_word' id='word_1_550' title='bbox 726 5622 790 5691; x_wconf 81' lang='grc' dir='ltr'><strong>Β,</strong></span> <span class='ocrx_word' id='word_1_551' title='bbox 823 5639 857 5683; x_wconf 81' lang='lat' dir='ltr'><strong>a</strong></span> <span class='ocrx_word' id='word_1_552' title='bbox 888 5619 1275 5685; x_wconf 19' lang='lat' dir='ltr'><strong>sereonesum.</strong></span> <span class='ocrx_word' id='word_1_553' title='bbox 1355 5631 1385 5673; x_wconf 70' lang='grc'><strong><em>⁵</em></strong></span> <span class='ocrx_word' id='word_1_554' title='bbox 1407 5626 1480 5697; x_wconf 80' lang='grc' dir='ltr'><strong><em>Β,</em></strong></span> <span class='ocrx_word' id='word_1_555' title='bbox 1503 5619 1930 5705; x_wconf 65' lang='lat' dir='ltr'><strong>Aideprndum.</strong></span> <span class='ocrx_word' id='word_1_556' title='bbox 1991 5619 2030 5677; x_wconf 61' lang='grc' dir='ltr'><strong>’ὴ</strong></span> <span class='ocrx_word' id='word_1_557' title='bbox 2052 5633 2117 5705; x_wconf 76' lang='grc' dir='ltr'><strong>Β,</strong></span> 
     </span>
    </p>
   </div>
   <div class='ocr_carea' id='block_1_55' title="bbox 2022 5619 3611 5721">
    <p class='ocr_par' dir='ltr' id='par_1_55' title="bbox 2022 5619 3611 5721">
     <span class='ocr_line' id='line_1_55' title="bbox 2022 5619 3611 5721; baseline -0.006 -29"><span class='ocrx_word' id='word_1_558' title='bbox 2022 5633 2122 5705; x_wconf 64' lang='grc' dir='ltr'><strong>ιιι,</strong></span> <span class='ocrx_word' id='word_1_559' title='bbox 2154 5632 2483 5721; x_wconf 66' lang='lat' dir='ltr'><strong>Renin‘gum.</strong></span> <span class='ocrx_word' id='word_1_560' title='bbox 2559 5619 2953 5692; x_wconf 60' lang='lat' dir='ltr'><strong>inmitem.</strong></span> <span class='ocrx_word' id='word_1_561' title='bbox 3034 5619 3064 5684; x_wconf 73' lang='lat' dir='ltr'><strong>&#39;i</strong></span> <span class='ocrx_word' id='word_1_562' title='bbox 3101 5632 3304 5688; x_wconf 70' lang='lat' dir='ltr'><strong>sm.</strong></span> <span class='ocrx_word' id='word_1_563' title='bbox 3334 5646 3461 5685; x_wconf 75' lang='grc' dir='ltr'><strong>σηκ.</strong></span> <span class='ocrx_word' id='word_1_564' title='bbox 3488 5625 3611 5684; x_wconf 73' lang='lat' dir='ltr'><strong>ua.</strong></span> 
     </span>
    </p>
   </div>
  </div>
