4024 6316
575 285 732 396 ίίοδε
1705 315 2066 374 ANASTASII
2123 312 2664 374 BlBLlOTHECARIt
2880 303 2882 306 '
3719 318 3857 376 ius

830 447 994 518 216
1054 436 1179 512 Qui
1254 435 1586 514 praedictus
1650 451 1759 496 rex
1817 439 1956 512 post
2031 431 2294 493 multam
2373 430 2677 492 duritiem
2736 431 3082 494 inclinatus
3137 431 3248 492 est
3294 430 3458 492 ﬁnes
3509 431 3856 492 Ravenna-

747 541 907 602 tium
973 541 1148 602 urbis
1199 539 1461 602 dilatare
1515 539 1680 600 sicut
1738 537 2035 616 primitus
2081 535 2535 597 detinebantur
2597 554 2647 598 ιι.
2711 536 2787 595 Et
2845 535 3006 597 duas
3065 545 3274 616 partes
3337 535 3648 600 territorii
3715 537 3858 600 Ca-

754 662 924 707 SOlltB
988 644 1174 706 castri
1241 644 1312 705 ad
1376 648 1613 722 partem
1674 640 2067 718 Reipublicae
2126 640 2430 702 restituit.
2483 640 2758 702 Tertiam
2825 656 2977 702 vero
3036 646 3276 718 partem
3327 639 3406 701 de
3461 640 3699 701 eodem
3749 657 3860 702 ca-

751 752 881 806 stro
929 745 1049 805 sub
1097 744 1360 806 obtentu
1421 741 1725 812 retinuit,
1775 739 1937 801 inito
1985 739 2331 801 constituto
2383 745 2448 799 ut
2497 755 2702 816 usque
2777 738 2854 799 ad
2901 737 3221 800 Kalendas
3250 737 3472 812 Junii,
3519 738 3678 799 dum
3715 739 3858 819 ejus

672 850 710 912 5
752 848 930 910 missi
986 866 1021 910 a
1083 849 1256 926 regia
1315 852 1786 908 reverterentur
1833 843 2034 915 urbe,
2103 841 2273 903 idem
2338 848 2664 912 castrum,
2721 848 2781 902 et
2846 841 3096 902 tertiam
3156 847 3442 920 partem,
3495 860 3699 922 quam
3754 841 3857 923 pi-

753 953 974 1031 gnoris
1049 970 1237 1014 causa
1312 949 1678 1022 detinebat,
1749 949 1910 1028 parti
1980 945 2370 1024 Reipublica)
2437 946 2825 1010 restitueret.
2887 947 3037 1008 Post
3102 946 3234 1009 haec
3287 953 3504 1010 autem
3585 948 3643 1009 is
3717 947 3857 1028 ipse

752 1073 868 1119 rex
931 1071 1226 1132 egressus
1293 1055 1372 1116 de
1436 1054 1576 1116 loco
1633 1053 1699 1114 in
1770 1052 1978 1114 locum
2037 1069 2245 1132 usque
2283 1053 2360 1112 ad
2405 1051 2686 1123 Padum,
2745 1051 2954 1114 eidem
3013 1060 3232 1116 sancto
3282 1053 3422 1115 viro
3453 1053 3856 1116 conviatnst

755 1179 900 1223 eum
957 1160 1246 1223 deduxit.
1303 1160 1374 1220 In
1433 1176 1564 1238 quo
1631 1158 1769 1221 loco
1833 1159 1892 1220 ei
1955 1158 2092 1220 vale
2144 1156 2400 1225 faciens
2437 1174 2582 1220 cum
2637 1157 2828 1236 digna
2892 1159 3296 1221 ordinatione
3351 1177 3503 1221 eum
3565 1179 3591 1208 ε
3663 1176 3854 1238 repe-

755 1261 1033 1322 dandum
1092 1259 1413 1332 absolvit,
1469 1259 1629 1321 dans
1688 1260 1752 1319 in
1816 1260 2202 1338 obsequium
2273 1261 2411 1340 ejus
2454 1261 2652 1323 duces
2713 1267 2774 1321 et
2833 1260 3136 1338 primates
3195 1260 3540 1335 suos,sed
3591 1268 3657 1323 et
3693 1259 3851 1322 alios

638 1367 715 1428 10
758 1364 968 1436 viros,
1037 1363 1146 1442 qui
1215 1379 1379 1441 saape
1435 1363 1600 1424 dicta
1662 1363 2124 1426 Ravennatium
2194 1365 2511 1428 territoria
2588 1371 2650 1426 et
2706 1363 3034 1428 Caesenate
3113 1373 3388 1428 castrum
3469 1365 3850 1436 redderent;

756 1477 817 1530 et
846 1469 928 1529 ita
966 1468 1198 1531 factum
1231 1475 1349 1530 est.

831 1581 992 1651 217
1045 1571 1358 1650 Operatus
1407 1578 1504 1635 est
1570 1580 1782 1635 autem
1841 1575 2014 1636 Deus
2087 1575 2508 1648 mirabiliter,
2575 1583 2637 1638 et
2718 1575 3184 1639 Ravennatium
3261 1583 3457 1654 atque
3535 1577 3856 1656 Pentapo-

755 1677 1034 1740 lensium
1101 1678 1373 1756 pepulos
1440 1678 1516 1739 ab
1581 1679 1998 1756 Oppressione
2062 1686 2123 1741 et
2205 1680 2562 1743 calamitate
2625 1698 2751 1760 qua
2831 1680 2907 1742 de
2939 1680 3324 1752 inebantur,
3391 1679 3742 1770 liberavit,
3797 1688 3856 1742 et

753 1779 1018 1842 saturati
1063 1786 1212 1841 sunt
1254 1778 1616 1853 frumento,
1672 1777 1816 1841 oleo
1864 1786 1927 1841 et
1966 1779 2136 1842 vino.
2187 1781 2542 1858 Regressus
2599 1789 2808 1843 autem
2866 1780 2934 1842 in
2985 1780 3209 1843 urbem
3257 1783 3612 1842 Romanam
3641 1823 3662 1852 ,
3712 1796 3856 1843 cum

754 1884 1056 1946 omnibus
1103 1884 1218 1964 qui
1265 1901 1484 1947 secum
1538 1891 1717 1946 erant
1767 1884 1999 1961 gratias
2045 1889 2306 1961 agentes
2361 1890 2387 1931 ά
2445 1887 2622 1958 Deo,
2681 1884 3158 1946 denuo-natale
3211 1883 3554 1946 beatorum
3612 1883 3857 1962 princi-

673 1992 714 2056 ὗ
756 2009 907 2071 pum
966 1987 1402 2070 apostolorum
1451 1986 1619 2048 Petri
1683 1993 1745 2048 et
1799 1986 1979 2047 Pauli
2035 2004 2181 2049 cum
2239 1987 2414 2050 omni
2476 1987 2713 2067 populo
2743 1987 3127 2060 celebravit,
3181 1995 3242 2050 et
3286 2005 3431 2050 sese
3480 1987 3550 2047 in
3612 1987 3853 2051 oratio-

755 2095 947 2158 nibus
1009 2093 1223 2163 dedit,
1291 2098 1512 2170 petens
1567 2091 1647 2153 ab
1722 2092 2147 2170 omnipotenti
2213 2093 2347 2154 Deo
2420 2092 2922 2155 misericordiam
3004 2101 3067 2156 et
3128 2094 3640 2156 consolationem
3727 2094 3855 2156 ﬁeri

755 2201 994 2282 populo
1071 2196 1532 2260 Ravennatium
1590 2203 1652 2259 et
1719 2197 2005 2258 Romano
2085 2196 2162 2258 ab
2240 2196 2612 2260 insitliatore
2693 2204 2755 2259 et
2819 2203 3227 2275 persecutore
3288 2197 3399 2260 illo
3459 2200 3854 2279 Luitprando

759 2321 931 2380 rege.
983 2301 1180 2379 Cujus
1238 2315 1458 2379 preces
1525 2316 1652 2360 non
1705 2298 2068 2378 despiciens
2116 2301 2333 2362 divina
2389 2302 2724 2364 clementia
2757 2346 2774 2375 ,
2825 2300 3122 2376 eumdem
3182 2318 3395 2379 regem
3461 2309 3616 2364 ante
3692 2303 3854 2366 diem

757 2406 1056 2486 superius
1105 2403 1524 2466 constitutum
1573 2403 1653 2464 de
1701 2403 1816 2466 hac
1864 2405 2178 2466 subtraxit
2230 2404 2372 2467 luce
2403 2449 2420 2479 ,
2477 2417 2540 2468 et
2586 2405 2834 2485 quievit
2880 2409 3090 2467 omnis
3142 2407 3531 2484 persecutio.
3571 2408 3856 2474 Factum-

639 2510 717 2576 10
758 2528 886 2590 que
945 2516 1039 2571 est
1097 2507 1401 2586 gaudium
1464 2524 1593 2569 non
1648 2507 1855 2570 solum
1912 2509 2216 2571 Romanis
2289 2516 2344 2574 et
2421 2511 2941 2585 Ravennatibus,
3006 2513 3116 2574 sed
3178 2513 3378 2574 etiam.
3435 2513 3616 2589 genti
3695 2515 3857 2577 Lon-

757 2613 1226 2695 gobarderum,
1292 2613 1598 2693 quoniam
1676 2620 1737 2675 et
1810 2613 2282 2692 Aldeprandum
2356 2623 2651 2695 nepotem
2735 2634 2968 2692 suum,
3027 2635 3218 2698 quem
3288 2619 3429 2698 ipse
3508 2618 3852 2699 reliquerat

756 2739 1013 2800 regem,
1079 2719 1443 2782 malivolum
1522 2719 1922 2797 projecerunt
1994 2719 2072 2782 de
2144 2738 2386 2799 regno,
2449 2729 2512 2784 et
2589 2722 2978 2810 Rachisum,
3041 2724 3154 2803 qui
3215 2724 3426 2788 fuerat
3491 2725 3677 2800 dux,
3733 2723 3853 2785 sibi

759 2821 1160 2899 Longobardi
1230 2821 1562 2898 elegerunt
1627 2821 1693 2880 in
1759 2836 1994 2898 regem.
2062 2821 2154 2882 Ad
2230 2839 2420 2901 quem
2504 2822 2700 2885 missa
2781 2824 3089 2886 relatione
3153 2843 3177 2872 ο
3236 2824 3374 2903 ipse
3438 2823 3855 2886 beatissimus

761 2924 1048 3005 pontifex
1111 2927 1418 2988 continuo
1500 2923 1581 2985 ob
1644 2925 2059 2986 reverentiam
2127 2925 2434 3003 principis
2492 2927 2973 3006 apostolorum,
3041 2934 3100 2988 et
3173 2927 3313 3006 ejus
3373 2928 3682 3005 precibus
3752 2927 3855 2988 in-

643 3031 718 3092 15
761 3029 1033 3092 cliuatus
1074 3038 1136 3102 ι,
1174 3045 1379 3109 usque
1428 3028 1507 3090 ad
1565 3027 1792 3106 viginti
1839 3045 2154 3090 annorum
2205 3033 2483 3109 spatium
2535 3031 2694 3094 inita
2743 3049 2898 3111 pace
2958 3031 3305 3096 universus
3355 3032 3552 3094 Italia
3602 3032 3858 3112 quievit

761 3131 1062 3212 p0pulus.
1748 3144 1750 3147 '

838 3234 1003 3305 218
1071 3232 1194 3293 Hic
1269 3229 1334 3291 in
1397 3228 1804 3314 Lateranensi
1863 3228 2246 3306 patriarchio
2304 3236 2450 3292 ante
2509 3231 2831 3292 basilicam
2894 3231 3092 3294 beatae
3148 3235 3474 3294 memoriae
3533 3231 3851 3304 Theodori

757 3357 934 3421 papae
1017 3356 1051 3399 a
1133 3351 1295 3398 novo
1381 3333 1531 3396 fecit
1631 3339 1658 3379 ⁸
1707 3333 2093 3408 triclinium,
2132 3334 2305 3414 quod
2363 3334 2635 3396 diversis
2700 3337 3127 3399 marmoribus
3185 3343 3248 3399 et
3311 3337 3508 3412 vitio,
3589 3335 3854 3402 metallis

757 3452 947 3523 atque
1010 3439 1261 3504 musivo
1327 3445 1389 3502 et
1442 3438 1687 3519 pictura
1753 3438 2032 3511 ornavit,
2097 3439 2208 3502 sed
2267 3447 2328 3502 et
2401 3440 2597 3502 sacris
2653 3440 3038 3518 imaginibus
3100 3447 3220 3503 tam
3283 3440 3650 3504 oratorium
3695 3440 3852 3503 beati

761 3547 1048 3611 Silvestri
1154 3561 1480 3627 quamque
1567 3549 1627 3604 et
1697 3543 2008 3622 porticum
2083 3543 2426 3606 decoravit.
2503 3545 2617 3606 Ubi
2699 3544 2889 3606 etiam
2965 3552 3026 3606 et
3094 3559 3352 3606 omnem
3427 3544 3852 3616 substantiam

678 3658 718 3718 5
759 3672 939 3717 suam
999 3669 1111 3732 per
1168 3668 1397 3714 manus
1455 3649 1778 3711 Ambrosii
1837 3649 2180 3729 primicerii
2249 3650 2645 3712 notariorum
2714 3649 3032 3721 introduci
3096 3648 3448 3712 mandavit.
3514 3650 3696 3712 Fecit
3747 3666 3852 3712 au-

759 3767 884 3822 tem
983 3776 1018 3820 a
1071 3756 1500 3818 fundamentis
1564 3763 1709 3818 ante
1771 3755 2080 3816 scrinium
2140 3755 2563 3818 Lateranense
2634 3756 2950 3834 porticum
3014 3763 3207 3834 atque
3279 3763 3574 3828 turrem,
3631 3755 3745 3817 ubi
3796 3758 3857 3816 et

761 3870 974 3943 portas
1033 3879 1227 3926 aereas
1283 3870 1474 3942 atque
1528 3859 1844 3922 cancellos
1908 3861 2224 3933 instituit,
2277 3868 2337 3924 et
2397 3879 2508 3941 per
2561 3861 2826 3940 ﬁguram
2889 3861 3229 3924 Salvatoris
3279 3868 3308 3908 ιι
3353 3867 3508 3922 ante
3550 3857 3725 3922 fores
3756 3874 3858 3923 or-

771 3967 966 4030 navit.
1035 3967 1110 4027 Et
1177 3983 1290 4046 per
1337 3964 1752 4027 ascendentes
1807 3962 2004 4024 scalas
2055 3964 2118 4023 in
2171 3963 2614 4042 superioribus
2645 3982 2841 4043 super
2867 3962 3156 4026 eamdem
3190 3970 3430 4024 turrem
3469 3962 3857 4036 triclinium,

759 4080 821 4135 et
896 4069 1209 4134 cancellos
1265 4085 1464 4131 aereos
1527 4067 1901 4130 construxit.
1934 4066 2050 4128 Ubi
2082 4072 2142 4128 et
2197 4067 2371 4128 orbis
2433 4074 2739 4130 terrarum
2797 4068 3291 4148 descriptionem
3349 4065 3704 4146 depinxit,
3761 4074 3860 4129 at-

645 4175 720 4238 10
763 4193 890 4256 que
951 4171 1218 4233 diversis
1277 4170 1610 4234 versiculis
1671 4171 1945 4244 ornavit,
2005 4177 2064 4231 et
2132 4187 2321 4232 omne
2384 4172 2839 4251 patriarcliium
2909 4190 3072 4253 pene
3115 4190 3150 4234 a
3208 4188 3376 4234 novo
3429 4172 3856 4246 restauravit;

648 4277 653 4281 ’
767 4279 832 4340 in
911 4294 1138 4353 magna
1199 4276 1370 4338 enim
1435 4277 1701 4356 penuria
1763 4275 2059 4338 eumdem
2121 4277 2328 4340 locum
2392 4279 2746 4341 invenerat.
2805 4281 2922 4342 Hic
2992 4281 3060 4341 in
3109 4279 3380 4344 ecclesia
3411 4281 3856 4360 apostolorum

764 4382 1122 4462 principum
1187 4383 1352 4444 Petri
1413 4387 1473 4444 et
1525 4382 1699 4443 Pauli
1759 4382 2098 4460 pendentia
2157 4384 2295 4446 vela
2352 4385 2517 4446 inter
2576 4384 2910 4447 columnas
2973 4403 3046 4448 ex
3086 4384 3311 4463 palleis
3339 4385 3590 4461 Syricis
3627 4390 3644 4429 ί
3684 4382 3851 4446 fecit.

764 4486 884 4549 Hic
957 4486 1022 4546 in
1095 4487 1362 4550 ecclesia
1435 4487 1714 4564 praedicti
1781 4488 2093 4567 principis
2152 4489 2588 4569 apostolorum
2648 4508 2874 4552 omnes
2931 4489 3183 4552 codices
3226 4488 3461 4551 domus
3519 4507 3659 4552 sum
3713 4503 3859 4570 pro-

768 4592 973 4671 prios,
1034 4591 1146 4671 qui
1212 4591 1275 4652 in
1335 4591 1570 4654 circulo
1634 4592 1785 4653 anni
1834 4592 2136 4671 leguntur
2193 4595 2269 4655 ad
2316 4594 2696 4668 matutinos,
2733 4594 2802 4655 in
2833 4592 3088 4655 armarii
3129 4609 3322 4673 opere
3351 4595 3710 4657 ordinavit.
3746 4591 3856 4656 Hic

645 4694 719 4758 15
761 4697 1020 4758 domum
1114 4700 1342 4762 cultam
1431 4701 1840 4762 Lauretumi
1937 4699 2189 4762 noviter
2274 4701 2627 4775 ordinavit,
2710 4699 3018 4780 adjiciens
3099 4706 3160 4762 et
3220 4715 3501 4762 massam
3563 4698 3857 4764 Fonteia-

763 4814 904 4864 nam
971 4804 1033 4875 ι,
1096 4823 1238 4884 qua)
1286 4807 1776 4883 cognominatur
1835 4805 2144 4866 Paunaria
2206 4803 2250 4868 ι.

837 4913 1001 4984 219
1035 4911 1150 4972 Hic
1201 4910 1422 4988 viginti
1473 4913 1608 4971 auri
1654 4911 1852 4972 libras
1906 4928 2018 4988 pro
2075 4910 2343 4972 emendo
2395 4911 2540 4972 oleo
2587 4928 2825 4984 annue,
2861 4917 2929 4973 ut
2977 4911 3055 4974 de
3085 4927 3262 4974 IUCI'O
3296 4926 3524 4972 eorum
3561 4909 3635 4970 in
3674 4907 3853 4970 lumi-

761 5015 959 5076 nariis
1013 5026 1053 5053 ω
1106 5014 1473 5092 apostolicis
1533 5013 1851 5092 proﬁciat,
1915 5013 2234 5084 instituit,
2311 5021 2369 5074 et
2419 5014 2836 5076 constitutum
2914 5015 3034 5076 sub
3095 5013 3524 5077 anathematis
3601 5012 3852 5076 vinculo

759 5116 1086 5195 obligavit.
1143 5118 1261 5178 Hic
1315 5118 1462 5179 fecit
1523 5123 1760 5178 vestem
1815 5115 2222 5192 superaltare
2261 5117 2426 5177 beati
2486 5118 2652 5178 Petri
2703 5136 2781 5180 ex
2832 5135 2990 5182 auro
3030 5125 3287 5190 textam,
3331 5118 3678 5180 habentem
3735 5117 3855 5176 Na-

761 5221 1068 5284 tivitatem
1156 5220 1409 5281 Domini
1483 5219 1597 5280 Dei
1664 5225 1722 5278 et
1777 5217 2118 5280 Salvatoris
2160 5220 2359 5280 nostri
2430 5221 2580 5281 Jesu
2613 5221 2889 5295 Christi,
2953 5224 3334 5302 ornavitque
3399 5240 3540 5285 eam
3585 5221 3853 5301 gemmis

679 5327 720 5390 5
761 5326 1076 5406 pretiosis.
1134 5323 1466 5404 Simulque
1519 5329 1580 5383 et
1650 5321 1788 5383 vela
1861 5323 2061 5385 serica
2128 5321 2411 5402 alitliyna
2473 5331 2770 5401 quatuor,
2832 5343 2976 5407 qua)
3027 5333 3086 5389 et
3134 5328 3386 5390 ornavit
3433 5343 3586 5388 cum
3647 5323 3856 5386 mtis'

1687 5484 1953 5528 NOTULE
1998 5485 2236 5529 MARGIN
2249 5485 2395 5528 ALES
2439 5485 2775 5532 FABROTTI.

673 5607 697 5636 ι
731 5611 864 5663 quos
903 5594 1150 5663 primitus
1183 5593 1474 5663 detinebat.
1566 5589 1595 5629 ὶι
1636 5588 1884 5663 eumdem
1922 5589 2399 5663 sanctum‘virnm
2427 5591 2705 5663 convians,
2738 5588 2811 5663 _B.
2862 5591 3168 5663 comitatus.
3259 5602 3282 5632 ο
3307 5590 3374 5663 ς.
3424 5593 3516 5647 ad.
3611 5591 3641 5633 δ
3666 5605 3850 5663 θεαρ-

673 5611 697 5636 ι
769 5611 864 5650 nos
903 5611 1150 5663 prtntlttts
1183 5611 1474 5648 neunenat.
1571 5611 1595 5629 ι·
1636 5611 1884 5644 eullluem
1922 5611 2164 5642 sanetum

605 5679 630 5707 ι·
662 5611 1031 5734 (λΊθιςθιίοηε.
1079 5732 1086 5734 ξ
1113 5663 1272 5734 (rex:
1355 5665 1378 5702 ε
1405 5659 1467 5734 C,
1495 5660 1789 5734 renova_vi_t.
1831 5729 1842 5734 _
1867 5659 1892 5698 ιι
1921 5655 1982 5734 (ξ,
2012 5658 2194 5734 per-gul

2267 5611 2380 5642 rum
2427 5611 2705 5652 COIIVIIIIIS,
2751 5611 2811 5643 Ι).
2862 5611 3168 5646 comltalus.
3259 5611 3282 5632 ⁸
3310 5611 3374 5647 (Α.
3424 5611 3516 5647 at].
3611 5611 3849 5663 “am

2260 5677 2284 5712 n
2312 5661 2456 5734 Salv.
2505 5663 2564 5734 _i_
2589 5661 2796 5734 sericis.
2825 5730 2856 5734 _
2877 5660 2987 5734 ιβ,
3017 5662 3280 5734 occultam
3304 5662 3657 5720 Laurentum.
3734 5663 3765 5706 ι
3788 5656 3849 5717 Bo

601 5727 996 5788 Paulinianam.
1075 5732 1093 5771 ι
1131 5733 1197 5798 Β,
1245 5731 1527 5787 Paunasia.
1602 5742 1640 5768 ω
1668 5729 1803 5795 C,in
1829 5727 2204 5785 luminaribus.
2281 5740 2307 5768 η
2335 5727 2396 5798 C,
2421 5731 2474 5785 in
2505 5731 2780 5787 Rhedicis.
2817 5730 2959 5796 B,in
2985 5733 3141 5787 votis.
