3958 5384
45 272 186 332 1057
800 280 1120 341 HISTORIA
1152 276 1244 333 DE
1275 272 1454 331 vms
1483 271 1648 328 non.
1683 268 1884 327 rem.
1919 301 1992 314 —
2019 271 2078 326 s.
2118 272 2526 329 zacnamas.
3157 274 3298 334 1058

107 395 110 397 λ
199 397 263 454 et
294 397 692 460 ornamentis
742 399 932 462 variis
985 414 1141 460 auro
1195 394 1402 456 textis.
1478 393 1635 452 ltem
1717 389 1867 450 fecit
1946 385 2351 449 coronamde
2413 395 2673 466 argento
2731 391 3082 467 purissimo
3145 410 3291 454 cum

199 495 534 584 delphinis
593 520 670 564 ex
735 503 996 583 proprio
1045 519 1190 574 suo,
1242 514 1424 577 pens.
1469 496 1660 557 libras
1699 501 1962 557 centum
2031 493 2283 570 viginti.
2339 494 2457 555 Hic
2524 495 2932 557 beatissimus
2984 497 3079 558 vir
3108 500 3290 576 juxta

201 598 402 662 ritum
480 604 984 667 ecclesiasticum
1056 611 1117 664 et
1175 600 1320 663 ﬁdei
1384 616 1515 660 suas
1571 598 1986 676 sponsionem
2047 597 2494 670 orthodoxam,
2550 600 2923 676 synodicam
2991 603 3290 666 Ecclesize

201 705 381 767 misit
456 705 1225 785 ConstantinOpolitanae,
1279 701 1633 780 .simulque
1702 707 1762 762 et
1835 701 2026 764 aliam
2093 701 2572 780 suggestionem
2653 701 2936 780 dirigens
3015 707 3291 769 serenis-

83 810 158 871 ιο
198 809 371 872 simo
444 810 863 874 Constantino
946 809 1246 890 principi.
1334 809 1410 868 Et
1489 807 1902 886 pergentibus
1981 807 2346 885 apostolicae
2429 806 2600 869 sedis
2680 810 3155 887 responsalibus
3216 810 3294 875 ad

199 914 444 990 regiam
526 916 750 977 urbem
838 915 1222 980 invenerunt
1308 911 1472 974 intra
1539 912 1844 991 palatium
1895 913 2084 991 regia;
2147 912 2475 992 potestatis
2528 913 2890 974 invasorem
2940 914 3288 993 quemdam

197 1024 263 1079 et
285 1012 644 1091 rebellem,
719 1019 1086 1078 Artaustum
1141 1037 1166 1065 α
1229 1015 1494 1077 nomine
1555 1037 1569 1075 :
1621 1014 1773 1076 dum
1822 1015 1992 1077 enim
2052 1015 2256 1076 isdem
2325 1015 2671 1095 imperator
2722 1017 2800 1078 ad
2860 1015 3292 1083 dimicandum

196 1127 424 1183 contra
486 1125 921 1200 Agarenorum
991 1127 1391 1200 properasset
1475 1130 1752 1198 gentem,
1813 1119 1985 1182 illico
2043 1118 2340 1198 praefatus
2426 1123 2767 1182 Artaustns
2837 1121 3000 1185 datis
3080 1138 3294 1201 pepu—

197 1223 265 1287 lo
293 1241 407 1304 qui
443 1225 506 1286 in
539 1225 710 1304 regia
749 1230 1192 1287 remanserunt
1235 1224 1418 1296 urbe,
1485 1222 1788 1302 praemiis,
1855 1223 2187 1300 imperiale
2244 1223 2514 1302 arripuit
2569 1224 2826 1286 solium.
2885 1226 2958 1285 Et
3013 1233 3296 1303 postmo-

81 1329 154 1413 15
193 1329 765 1413 dum‘aggregans
824 1329 1255 1392 Orientalium
1338 1328 1736 1392 exercituum
1801 1327 2288 1392 multitudinem
2372 1325 2708 1391 antelatus'
2747 1337 2775 1378 δ
2832 1331 3295 1394 Constantinus

150 1412 553 1512 ‘princeps,
639 1447 1038 1510 pergensque
1121 1429 1774 1508 Constantinopolim,
1843 1429 2134 1492 eamdem
2243 1428 2518 1492 viriliter
2612 1447 3011 1509 expugnans,
3105 1441 3296 1512 atque

201 1535 602 1602 extrinsecus
652 1534 1188 1609 circumvallans,
1254 1531 1743 1612 comprehendit
1814 1532 2163 1606 civitatem,
2225 1539 2288 1596 et
2348 1532 2691 1611 pristinum
2749 1534 2930 1613 regni
2979 1536 3082 1598 sui
3141 1538 3298 1616 ade-

195 1645 348 1718 ptus
389 1645 483 1700 est
517 1639 843 1718 fastigium

279 1748 442 1820 220
515 1745 865 1824 Statimque
917 1745 1047 1824 jam
1111 1743 1226 1806 fati
1279 1742 1563 1805 Artausti
1628 1741 1896 1821 ejusque
1955 1741 2228 1802 ﬁliorum
2295 1741 2462 1802 eruit
2515 1741 2772 1817 oculos,
2827 1753 2890 1809 et
2949 1747 3168 1828 plures
3217 1767 3295 1814 ex

192 1847 338 1910 suis
396 1848 742 1912 rebellibus
801 1849 1063 1912 exsules
1124 1867 1157 1911 a
1213 1847 1490 1929 propriis
1543 1847 1690 1911 fecit
1745 1846 2147 1910 habitaculis.
2201 1849 2346 1908 Post
2387 1847 2519 1909 haec
2567 1848 2906 1928 requirens
2964 1866 3234 1912 nussum
3267 1863 3290 1894 °

197 1953 564 2032 apostolicae
654 1955 859 2027 sedis,
931 1955 1043 2033 qui
1114 1955 1351 2017 ibidem
1440 1953 1505 2014 in
1579 1962 1864 2032 tempore
1937 1953 2431 2032 perturbationis
2504 1953 2859 2031 contigerat
2911 1952 3294 2029 advenisse,

191 2072 477 2136 eumque
555 2064 877 2137 repertum
955 2057 1032 2118 ad
1112 2056 1328 2120 sedem
1398 2057 1672 2119 absolvit
1745 2058 2189 2135 apostolicam,
2252 2064 2315 2120 et
2376 2058 2563 2136 juxta
2640 2057 2812 2136 quod
2875 2057 3292 2122 beatissimus

109 2160 152 2225 5
193 2161 488 2240 pontifex
570 2161 1046 2242 postulaverat,
1119 2162 1533 2224 donationem
1613 2162 1681 2222 in
1751 2161 2003 2240 scriptis
2059 2160 2138 2225 de
2197 2161 2446 2222 duabus
2508 2159 2747 2220 mansis
2800 2160 2828 2201 «ι
2891 2176 3035 2238 quae
3097 2161 3294 2238 Nym-

176 2249 356 2342 'phas
431 2271 494 2327 et
567 2265 858 2328 Normias
943 2268 1378 2345 appellantur,
1431 2265 1600 2342 juris
1683 2262 2032 2328 existentes
2116 2264 2389 2343 publicr,
2469 2264 2674 2325 eidem
2751 2263 3163 2326 sanctissimo
3218 2283 3292 2326 ac

190 2364 565 2428 beatissimo
624 2386 802 2447 papae
866 2376 1097 2432 sanctm
1157 2371 1454 2430 Romana;
1510 2367 1796 2429 ecclesiae
1842 2368 1986 2446 jure
2049 2374 2356 2445 perpetuo
2420 2365 2656 2428 direxit
2713 2365 3158 2444 possidendas.

274 2472 435 2544 221
513 2484 536 2513 ο
599 2474 809 2552 Hujus
882 2473 1277 2553 temporibus
1333 2472 1816 2547 Carolomanus,
1851 2473 2019 2534 ﬁlius
2055 2472 2258 2533 Caroli
2298 2473 2683 2533 Francorum
2712 2470 2880 2548 regis
2907 2514 2924 2543 ,
2957 2472 3290 2550 praesentis

182 2579 340 2664 ~vitae
422 2577 802 2658 relinquens
881 2579 1144 2655 gloriam
1235 2587 1429 2656 atque
1503 2583 1881 2656 potestatem
1941 2583 2296 2647 terrenam,
2353 2575 2430 2636 ad
2499 2576 2754 2636 beatum
2813 2574 3071 2636 Petrum
3126 2567 3280 2654 apo;

189 2684 510 2745 stolorum
588 2682 939 2762 princrpem
1009 2685 1283 2745 devotus
1349 2699 1494 2743 cum
1562 2680 1906 2761 aliquantis
1966 2680 2101 2742 suis
2159 2678 2416 2740 advenit
2473 2677 2804 2753 ﬁdelibus,
2863 2698 3139 2762 seseque
3195 2683 3289 2745 ei-

184 2786 337 2847 dem
395 2787 514 2849 Dei
575 2789 844 2850 contulit
906 2787 1238 2867 apostolo,
1296 2795 1484 2867 atque
1543 2786 1610 2847 in
1666 2786 1924 2866 speciali
1983 2785 2002 2824 ί
2065 2785 2287 2847 habitu
2347 2801 2417 2845 se
2476 2782 2612 2846 fore
2642 2785 2966 2863 spondens
2999 2804 3289 2866 perman-

102 2890 142 2952 5
185 2908 458 2967 surum,
522 2892 856 2954 clericatus
907 2892 1140 2972 jugum
1193 2891 1271 2954 ab
1334 2899 1558 2953 eodem
1609 2890 2018 2954 sanctissimo
2081 2889 2364 2968 suscepit
2429 2887 2748 2966 ponlitice.
2799 2889 2875 2952 Et
2936 2890 3109 2954 inter
3160 2893 3284 2958 alia

187 2994 393 3055 multa
483 2995 649 3057 dona
741 2995 972 3057 obtulit
1049 2996 1236 3057 beato
1290 2997 1474 3058 Petro
1535 2994 1823 3073 apostolo
1882 3002 2028 3055 ante
2100 2992 2572 3055 confessionem
2630 3009 2846 3055 arcum
2909 3002 3284 3074 argenteum

131 3155 134 3158 .
188 3096 532 3176 majorem,
615 3105 987 3177 pensantem
1068 3099 1262 3160 libras
1318 3099 1742 3178 septuaginta.
1806 3100 1880 3160 Et
1945 3105 2090 3176 post
2155 3098 2556 3176 aliquantum
2611 3098 2920 3175 temporis
2974 3100 3050 3161 ad
3109 3099 3278 3164 beati

183 3197 550 3272 Benedicti,
613 3203 787 3282 quod
845 3203 910 3264 in
971 3204 1444 3283 Aquinensium
1507 3205 1746 3266 ﬁnibus
1804 3204 1995 3265 situm
2058 3209 2186 3275 est,
2251 3201 2571 3282 profectus
2631 3208 2726 3263 est
2784 3205 3283 3282 monasterium,

180 3299 255 3362 in
287 3319 417 3381 quo
450 3312 510 3365 et
545 3323 726 3366 suam
767 3307 947 3367 nnire
981 3307 1168 3369 vitam
1200 3309 1348 3386 jure
1378 3306 1708 3386 professus
1747 3309 2164 3387 estjurando.

267 3405 430 3479 222
474 3404 670 3465 Porro
737 3405 961 3467 eodem
1019 3414 1301 3489 tempore
1365 3406 1632 3484 contigit
1696 3405 1910 3484 plures
1967 3405 2420 3467 Venelicorum
2485 3402 2644 3464 hanc
2697 3405 3042 3467 Romanam
3093 3407 3288 3471 adve-

179 3506 360 3568 nisse
399 3506 486 3568 ‘in
528 3507 764 3573 urbem
840 3511 1286 3586 negotiatores,
1348 3517 1408 3572 et
1473 3507 1870 3571 mercimonii
1935 3507 2256 3568 nundinas
2319 3512 2761 3585 prOpagantes,
2800 3506 3281 3574 multitudinem

181 3613 701 3692 mancipiorum,
767 3613 969 3675 virilis
1031 3612 1274 3676 scilicet
1335 3619 1398 3674 et
1459 3611 1754 3674 feminini
1837 3611 2088 3689 generis
2162 3627 2375 3671 eruere
2437 3609 2552 3670 visi
2614 3616 2810 3682 sunt,
2866 3628 3032 3690 quos
3086 3619 3146 3676 et
3209 3614 3278 3676 in

175 3716 460 3779 Africam
532 3718 607 3778 ad
673 3734 978 3796 paganam
1040 3724 1290 3795 gentem
1373 3716 1744 3778 nitebantur
1799 3715 2142 3777 deducere.
2205 3714 2345 3787 Quo
2408 3713 2663 3788 cognito
2729 3713 2928 3776 isdem
3002 3717 3271 3780 sanctis-

88 3821 130 3883 5
173 3820 384 3883 simus
438 3821 621 3883 Pater
684 3821 818 3882 ﬁeri
883 3820 1230 3900 prohibuit,
1295 3820 1416 3882 hoc
1455 3821 1756 3899 judicans
1812 3820 1982 3900 quod
2036 3820 2286 3898 justum
2335 3834 2460 3878 non
2493 3825 2661 3878 esset
2693 3825 2762 3878 ut
2793 3817 3021 3881 Christi
3073 3822 3276 3886 abluti

171 3927 498 4006 baptismo
606 3928 862 4006 paganis
979 3927 1274 4006 gentibus
1344 3927 1785 4010 deservirem.
1881 3929 2170 4005 Datoque
2261 3924 2502 3986 eisdem
2594 3923 2922 3986 Veneticis
3024 3929 3273 4005 pretio,

170 4032 353 4112 quod
403 4032 471 4093 in
534 4050 759 4096 eorum
823 4032 1146 4112 emptione
1203 4051 1271 4096 se
1320 4019 1576 4095 dedisse
1629 4034 1873 4111 probati
1919 4040 2094 4105 sunt,
2157 4039 2422 4093 cunctos
2457 4029 2669 4108 ajugo
2702 4029 3033 4091 servitutis
3085 4033 3276 4096 rede-

172 4137 290 4197 mit
325 4142 518 4216 atque
549 4156 722 4200 more
768 4137 1114 4200 liberorum
1147 4137 1470 4216 degendos
1504 4137 1800 4200 absolvit.
1830 4128 1833 4130 ’

254 4246 418 4318 223
462 4242 626 4321 Ipsis
689 4241 908 4319 itaque
971 4239 1366 4319 temporibus
1427 4239 1686 4302 Ratchis
1746 4245 1770 4282 ε
1805 4241 2366 4328 Longobardorum
2415 4257 2550 4312 rex,
2614 4239 2690 4302 ad
2755 4239 3126 4319 capiendam
3189 4243 3281 4306 ci-

172 4343 436 4406 vitatem
498 4345 872 4406 Perusinam
909 4387 926 4416 ,
996 4343 1161 4406 sicut
1218 4351 1438 4406 caetera
1497 4345 1913 4425 Pentapoleos
1975 4345 2207 4424 Oppida
2244 4389 2260 4417 ,
2332 4344 2697 4407 vehementi
2778 4344 3101 4422 profectus
3180 4354 3280 4412 est

171 4463 325 4527 cum
390 4447 833 4528 indignatione
869 4495 888 4524 ,
942 4466 1133 4529 quam
1211 4458 1271 4512 et
1333 4449 1736 4512 circumdans
1791 4451 2043 4514 fortiter
2109 4450 2537 4531 expugnabat.
2595 4443 2734 4512 Hoc
2784 4452 3058 4514 audiens
3120 4469 3278 4516 san-

167 4549 500 4612 ctissimus
545 4569 728 4631 papa,
785 4552 1093 4614 continuo
1130 4571 1260 4630 spe
1308 4553 1524 4614 divina
1582 4553 1809 4626 fretus,
1868 4555 2213 4632 assumptis
2267 4553 2611 4632 aliquantis
2643 4571 2719 4613 ex
2756 4569 2876 4614 suo
2910 4554 3079 4616 clero
3123 4571 3269 4616 cum

64 4651 617 4730 B‘Optimatibus,
649 4664 890 4736 quanto
918 4674 1082 4736 opus
1111 4659 1579 4736 [quantocius?j
1611 4658 1687 4719 ad
1713 4659 1997 4720 eamdem
2025 4658 2677 4737 pervenitcivitatem,
2701 4655 3144 4735 impensisque
3175 4657 3270 4717 ei-

180 4754 331 4816 dem
368 4757 501 4835 regi
539 4758 831 4837 plurimis
866 4760 1270 4833 muneribus,
1327 4768 1518 4840 atque
1573 4761 1808 4838 oppido
1857 4779 2003 4822 eum
2053 4761 2434 4839 deprecans,
2470 4755 2824 4837 epitulante
2857 4758 3157 4827 Domino,
3196 4757 3274 4817 ab

143 4858 550 4923 'obsessione
582 4863 840 4942 hipsius
899 4863 1176 4925 civitatis
1231 4879 1377 4924 eum
1433 4864 1693 4925 amovit.
1735 4862 1852 4922 Cui
1910 4871 1971 4925 et
2013 4861 2337 4925 salutifera
2399 4857 2771 4947 praedicans,
2807 4860 2944 4923 Deo
2995 4862 3279 4928 auctore,

161 4962 373 5024 valuit
432 4965 717 5026 animum
779 4967 919 5044 ejus
979 4967 1042 5028 in
1110 4966 1374 5045 speciali
1443 4966 1659 5031 studio
1719 4965 2210 5029 inclinare.iEt
2269 4978 2424 5042 post
2481 4963 2844 5039 aliquantos
2893 4966 3032 5030 dies
3083 4960 3285 5019 isdem

161 5067 428 5130 Ratchis
502 5084 636 5136 rex,
705 5064 1078 5144 relinquens
1137 5066 1414 5142 regalem
1472 5067 1875 5147 dignitatem,
1936 5067 2167 5130 decore
2225 5083 2384 5134 eum
2459 5077 2658 5131 uxore
2715 5067 2778 5120 et
2822 5066 2975 5132 ﬁliis
3011 5059 3090 5127 ad
3122 5055 3295 5118 beati

3145 5168 3296 5180 ΑᾹ-ΑΑ
