4024 6316
587 370 732 436 ΜΒ
940 429 942 432 .
1708 359 2658 436 ΠἹἏὲΤᾸΞῘΙῙῙῧΠῧῨῘῘΜΔΒΙΙ
3703 372 3858 443 1060

823 503 990 580 325
1021 496 1241 577 Hujus
1297 497 1582 578 denique
1643 497 2045 578 temporibus
2099 513 2403 574 magnum
2468 497 2842 562 thesaurum
2909 497 3226 575 Dominus
3289 501 3465 566 Deus
3527 512 3757 568 noster
3801 507 3866 570 iu

747 599 867 665 hac
927 603 1206 665 Romana
1269 603 1426 665 urbe
1473 620 1586 677 per
1651 603 1950 665 eumdem
2007 600 2350 664 almiﬁcum
2412 602 2776 682 pontiﬁcem
2840 604 3176 683 propalare
3234 606 3539 688 dignatus
3599 616 3724 670 est.
3799 613 3866 673 In

750 705 1101 770 venerabili
1181 706 1400 784 itaque
1473 705 1860 786 patriarcbio
1941 707 2446 768 sacratissimum
2512 707 2682 770 beati
2743 708 3002 787 Georgii
3061 710 3362 789 martyris
3422 710 3634 774 isdem
3710 731 3868 778 san-

751 811 1075 875 ctissimus
1143 827 1303 891 papa
1368 811 1436 871 in
1496 825 1685 889 capsa
1743 811 2147 872 reconditum
2208 811 2450 892 reperit
2506 818 2719 889 caput,
2751 811 2815 874 in
2875 828 3006 891 quo
3061 821 3124 880 et
3177 813 3515 892 pictacium
3549 836 3579 865 ι
3613 817 3868 882 invenit

673 915 716 980 8
756 909 994 1014 pariter
1059 913 1294 978 litteris
1355 922 1682 977 exaratum
1719 915 1986 984 Graecis,
2033 915 2252 993 ipsum
2303 932 2445 978 esse
2503 916 2960 992 signiﬁcantes.
3010 917 3134 1006 Qui
3191 918 3646 984 sanctissimus
3713 939 3868 1002 papa

752 1018 1018 1079 omnino
1086 1015 1307 1076 lii-"laris
1361 1021 1421 1076 et
1491 1013 1879 1088 satisfactus,
1937 1013 2114 1075 illico
2167 1020 2508 1092 aggregato
2566 1015 2869 1078 Romana)
2935 1017 3120 1078 urbis
3181 1018 3443 1096 p0pulo,
3493 1037 3647 1082 cum
3683 1020 3866 1104 hym-

752 1121 854 1184 nis
915 1128 978 1184 et
1033 1121 1298 1184 canticis
1367 1111 1828 1200 spiritualibus’
1879 1120 1942 1182 in
2003 1119 2358 1184 venerabili
2421 1120 2715 1188 diacouia
2777 1121 2922 1204 eius
2975 1123 3284 1196 nominis,
3337 1126 3462 1187 sita
3492 1126 3562 1186 in
3596 1125 3719 1188 hac
3745 1127 3869 1188 Ro-

750 1247 934 1293 mana
992 1232 1270 1305 civitate,
1329 1231 1586 1310 regione
1639 1230 1942 1301 secunda,
1995 1229 2075 1291 ad
2134 1229 2369 1294 Velum
2403 1231 2734 1302 Aureum,
2802 1230 2966 1301 illud
3027 1230 3261 1304 deduci
3317 1229 3512 1302 fecit;
3566 1231 3688 1297 ubi
3752 1232 3870 1292 im-

753 1323 972 1399 menSa
1029 1336 1333 1400 miracula
1372 1343 1434 1398 et
1471 1335 1775 1398 beneﬁcia
1835 1334 2248 1412 omnipotens
2299 1335 2474 1396 Deus
2539 1333 2617 1395 ad
2677 1333 2933 1402 laudem
2995 1334 3280 1398 nominis
3342 1332 3446 1394 sui
3511 1351 3630 1412 per
3694 1351 3867 1399 eum.

633 1437 710 1504 to
751 1439 896 1503 dem
987 1441 1487 1504 sacratissimum
1556 1446 1896 1519 martyrem
1988 1438 2238 1516 cperari
2313 1438 2688 1514 dignaturb.
2746 1437 2954 1517 Hujus
3039 1437 3442 1516 temporibus
3520 1437 3870 1504 defunctus

645 1546 652 1550 ’
754 1545 1134 1609 Theodorus
1195 1546 1415 1626 major,
1481 1544 1654 1606 ﬁlius
1693 1544 1969 1622 iMegisti
2007 1560 2029 1588 ε
2065 1542 2422 1616 Cataxanti,
2496 1544 2580 1620 ob
2631 1543 2883 1604 veniam
2933 1559 3198 1616 suorum
3257 1541 3676 1616 delictorum,
3719 1562 3869 1628 pre-

752 1649 944 1734 dium‘
985 1667 1115 1732 quo
1165 1667 1244 1712 ex
1306 1649 1671 1712 barreditate
1729 1648 2059 1709 fruebatur
2120 1655 2421 1728 paterna,
2485 1649 2680 1709 situm
2746 1648 2976 1726 quinto
3049 1648 3128 1712 ab
3194 1646 3310 1710 hac
3372 1649 3665 1716 Romana
3721 1651 3870 1715 urbe

753 1748 1077 1828 milliaria,
1148 1756 1249 1818 via
1313 1755 1668 1828 Tiburtina,
1731 1753 1796 1814 in
1860 1771 1989 1834 quo
2050 1759 2110 1815 et
2168 1754 2520 1818 oratorium
2585 1761 2820 1817 sancttb
2882 1752 3208 1820 Caeciliaed
3245 1771 3388 1818 esse
3440 1753 3867 1834 dignoscitur,

750 1849 938 1921 beato
1009 1861 1194 1922 Petro
1271 1859 1550 1940 reliquit.
1604 1858 1788 1933 Quod
1861 1858 2001 1936 ipse
2051 1858 2464 1919 beatissimus
2523 1874 2681 1936 papa
2738 1873 2979 1936 magna;
3039 1858 3544 1922 constructionis
3615 1861 3870 1925 fabricis

631 1965 708 2030 15
749 1972 940 2045 atque
1011 1965 1278 2044 picturis
1359 1964 1722 2034 decoravit,
1809 1962 2272 2042 ampliavitqne
2343 1962 2410 2023 in
2463 1978 2539 2023 eo
2596 1961 2756 2023 ﬁnes
2820 1978 2902 2024 ex
2971 1960 3148 2023 omni
3211 1969 3413 2040 parte.
3471 1963 3636 2026 Data
3704 1965 3866 2028 enim

751 2069 941 2149 digna
1003 2071 1598 2150 recompensatione
1661 2069 1762 2130 bis
1814 2071 1921 2148 qui
1979 2070 2044 2130 in
2106 2069 2321 2130 vicino
2377 2067 2667 2147 ejusdem
2723 2066 2846 2129 loci
2918 2066 3372 2162 possessiones
3425 2073 3654 2134 tenere
3705 2071 3870 2134 vide-

752 2173 1010 2248 bantur,
1070 2173 1312 2235 nemini
1359 2175 1487 2234 vim
1543 2173 1855 2244 inferens,
1919 2173 2033 2236 sed
2089 2173 2294 2250 magis
2349 2179 2417 2233 ut
2465 2171 2773 2234 condecet
2836 2172 3023 2252 patri,
3081 2181 3308 2240 cuncta
3348 2189 3544 2238 secus
3579 2177 3866 2241 eumdem

752 2273 964 2338 locum
1020 2274 1222 2338 amica
1280 2273 1574 2352 pactione
1629 2275 1836 2352 pretio
1899 2274 2052 2334 emit
2117 2271 2372 2349 praedia.
2435 2273 2506 2331 Et
2560 2271 2822 2333 domum
2877 2271 3138 2345 cultam.
3204 2273 3393 2337 beato
3449 2279 3646 2342 Petro
3703 2300 3870 2346 eum-

751 2380 896 2443 dem
959 2380 1166 2444 locum
1219 2382 1370 2462 jure
1427 2390 1736 2460 perpetuo
1797 2380 2017 2441 statuit
2080 2377 2610 2456 permanendum.
2671 2379 2828 2452 Quae
2889 2383 3123 2442 domus
3191 2380 3361 2448 culta
3432 2394 3679 2450 sanctae
3744 2387 3874 2449 Cm-

623 2482 708 2548 20
748 2483 912 2548 cilize
976 2503 1185 2569 usque
1240 2485 1306 2547 in
1364 2486 1750 2548 hodiernum
1800 2484 1970 2545 diem
2029 2491 2315 2544 vocatur.
2363 2483 2739 2545 Construxit
2819 2485 3061 2565 quippe
3125 2494 3186 2548 et
3242 2488 3307 2548 in
3374 2507 3444 2551 ea
3525 2496 3867 2558 oratorium

639 2587 664 2598 ”
751 2576 950 2651 sancti
1021 2591 1414 2672 Abbacyri°,
1485 2591 1590 2654 ubi
1659 2596 1717 2652 et
1795 2589 2029 2652 multas
2094 2598 2465 2652 sanctorum
2530 2590 2816 2653 condidit
2885 2591 3217 2670 reliquias.
3288 2592 3498 2668 Quam
3576 2599 3872 2665 videlicet

755 2693 1016 2757 domum
1071 2696 1302 2759 cultam
1384 2698 1532 2760 usui
1603 2695 1862 2776 proprio
1917 2695 2258 2763 dominicae
2317 2694 2614 2757 videlicet
2679 2693 3040 2756 traditionis
3097 2696 3462 2778 descripsit.
3548 2702 3673 2764 Hic
3728 2723 3866 2766 con-

756 2803 963 2864 stituit
1052 2801 1237 2865 aliam
1325 2803 1593 2866 'lomum‘
1641 2802 1876 2865 cultam
1954 2803 2021 2864 in
2083 2801 2334 2864 decimo
2394 2809 2623 2880 quarto
2687 2799 3006 2878 milliariol
3047 2801 3125 2863 ab
3187 2801 3303 2866 hac
3363 2805 3661 2870 Romana
3724 2810 3872 2874 urbe

755 2905 1262 2986 patrimoniumf
1327 2907 1626 2980 Tuscia,
1698 2911 1758 2968 et
1835 2907 2412 2969 constitutionibus
2490 2907 2796 2984 obligavit
2871 2906 3022 2969 usui
3099 2908 3400 2971 Ecclesiae
3490 2929 3872 2989 permanen-

617 2995 712 3076 ’25
753 2993 904 3074 dum
942 3057 957 3087 ,
1021 3013 1208 3075 etiam
1271 3012 1403 3075 loca
1479 3029 1621 3091 quae
1687 3012 1763 3074 ab
1846 3014 2027 3073 Anna
2096 3012 2314 3074 relicta
2393 3009 2780 3091 quondami
2838 3010 3193 3089 Agathonis
3257 3012 3605 3090 primicerii
3679 3015 3870 3079 beato

751 3115 939 3179 Petro
1025 3117 1322 3179 videntur
1384 3132 1536 3180 esse,
1595 3133 1918 3179 concessa.
1980 3117 2100 3178 Hic
2156 3133 2398 3178 massas
2456 3134 2600 3195 quae
2653 3125 2960 3178 vocantur
3018 3118 3214 3180 Antro
3270 3127 3330 3180 et
3390 3118 3692 3184 Formias
3763 3140 3869 3186 suo

752 3223 966 3284 studio
991 3221 1140 3302 jure
1175 3221 1338 3284 beati
1363 3223 1526 3284 Petri
1562 3222 2106 3302 acquisivit,quas
2141 3229 2202 3284 et
2231 3221 2459 3282 domos
2491 3219 2694 3283 cultas
2725 3223 2968 3283 statuit.

833 3334 993 3406 225
1057 3328 1127 3386 Et
1187 3327 1264 3387 de
1319 3327 1620 3389 omnibus
1667 3326 1967 3405 superius
2027 3325 2296 3387 adnexis
2357 3323 2746 3386 domocultis
2794 3326 2824 3368 ³
2873 3325 3241 3402 apostolicm
3288 3329 3700 3393 exarationi:
3731 3346 3866 3393 con-

757 3429 975 3498 stituta
1043 3428 1306 3504 faciens,
1357 3425 1556 3511 atque
1614 3430 2006 3493 sacerdotale
2065 3430 2409 3507 collegium
2472 3446 2844 3508 aggregans.
2906 3431 3028 3492 sub
3103 3431 3546 3496 anathematis
3617 3433 3864 3496 interdi-

761 3534 1085 3596 ctionibus
1159 3537 1376 3598 statuit
1453 3536 1614 3598 nulli
1703 3551 1966 3617 quoquo
2049 3537 2240 3596 modo
2328 3551 2776 3598 successorum
2858 3535 2997 3614 ejus
3081 3535 3500 3613 pontiﬁcum,
3581 3538 3686 3600 vel
3767 3537 3861 3599 alii

759 3637 1022 3701 cuilibet
1089 3655 1416 3719 personae,
1490 3639 1681 3702 licere
1737 3639 1908 3718 ipsas
1972 3638 2198 3701 domos
2261 3641 2462 3701 cultas
2527 3639 2604 3702 ab
2677 3658 2800 3700 usu
2852 3639 3154 3702 Ecclesia)
3207 3643 3694 3721 quoquomodo
3732 3642 3863 3704 alie-

663 3741 716 3826 _5
758 3756 930 3803 nare.
1004 3741 1124 3803 Hic
1200 3741 1350 3806 fecit
1430 3749 1668 3804 vestem
1741 3760 1937 3823 super
2003 3745 2196 3805 altare
2269 3745 2437 3804 beati
2493 3745 2764 3806 Andrete
2811 3744 3087 3824 apostoli
3145 3745 3224 3808 ad
3283 3745 3562 3812 beatum
3623 3752 3865 3814 Petrum

756 3846 953 3908 nimis
995 3847 1322 3927 Optimam.

837 3952 1002 4021 226
1040 3949 1160 4012 Hic
1218 3951 1629 4014 beatissimus
1686 3970 1838 4032 papa
1890 3953 2114 4014 statuit
2162 3957 2231 4013 ut
2279 3953 2519 4014 crebris
2574 3954 2810 4015 diebus
2850 3954 3305 4018 alimentorum
3360 3965 3702 4037 sumptus,
3761 3959 3867 4039 qui

760 4061 824 4117 et
877 4055 1283 4136 eleemosyna
1336 4077 1537 4140 usque
1597 4077 1765 4123 nunc
1814 4061 2201 4141 appellatur,
2259 4061 2338 4121 de
2398 4061 2746 4122 venerabili
2813 4063 3196 4142 patriarchio
3255 4081 3289 4124 a
3351 4065 3790 4141 paracollariis
3845 4071 3863 4112 ί

761 4159 1156 4234 pauperibus
1239 4169 1300 4222 et
1370 4163 1724 4239 peregrinis
1800 4165 1908 4239 qui
1981 4166 2060 4225 a‘d
2124 4165 2380 4224 beatum
2462 4167 2717 4248 Petrum
2796 4175 3158 4239 morantur,
3235 4167 3572 4246 deportari
3645 4174 3862 4252 eisque

761 4260 1032 4336 erogari.
1081 4261 1341 4323 Necnon
1411 4273 1473 4324 et
1527 4265 1828 4324 omnibus
1887 4276 1945 4326 et
2003 4267 2303 4345 inopibus
2352 4280 2412 4330 et
2459 4269 2728 4332 inﬁrmis
2785 4289 2896 4350 per
2943 4272 3276 4334 universas
3319 4277 3633 4352 regiones
3690 4278 3867 4341 istius

677 4365 720 4434 8
759 4369 1059 4432 Romanas
1111 4371 1286 4436 urnis
1330 4373 1740 4445 constitutis,
1807 4375 2091 4438 eamdem
2159 4379 2456 4441 similiter
2520 4380 2820 4444 distribui
2896 4402 3033 4462 ipsa
3101 4383 3565 4444 alimentorum
3643 4386 3866 4446 consti-

763 4475 880 4536 tuit
959 4478 1453 4554 cleemosj'nam.
1530 4479 1738 4558 Hujus
1817 4483 2213 4559 temporibus
2297 4486 2563 4564 contigit
2658 4488 2877 4550 subito
2959 4499 3261 4568 tegumen
3331 4491 3348 4541 ἱ
3433 4487 3614 4552 tituli
3707 4491 3862 4553 beati

759 4576 999 4642 Christi
1056 4581 1350 4660 martyris
1407 4583 1667 4643 Eusebii
1715 4585 1960 4646 cadere.
2013 4588 2134 4654 Oui
2193 4590 2636 4651 sanctissimus
2691 4593 2784 4654 vir
2834 4611 2978 4654 cum
3031 4599 3156 4656 tota
3205 4612 3319 4656 sua
3369 4596 3719 4658 decertans
3751 4596 3864 4659 vir-

748 4691 920 4755 tute,
991 4674 1466 4767 prudenterque
1521 4683 1900 4760 elaboratis,
1956 4692 2119 4752 sicut
2175 4693 2536 4772 antiqnitus
2585 4693 2746 4767 fuit,
2802 4714 3026 4758 rursus
3081 4698 3256 4775 quod
3309 4698 3641 4760 ceciderat
3697 4713 3862 4779 rqie-

761 4790 921 4850 ravit
987 4798 1178 4870 atque
1259 4793 1497 4870 optime
1568 4795 1969 4855 restauravit.
2043 4796 2159 4856 Hic
2236 4797 2600 4876 praecipuus
2667 4799 2952 4876 pontifex
3018 4800 3218 4862 multa
3293 4801 3430 4865 loca
3495 4812 3856 4866 sanctorum

595 4885 720 4958 ’10
762 4893 824 4952 in
886 4893 1217 4957 meliorem
1273 4903 1506 4958 statum
1561 4899 1881 4976 perduxit.
1940 4902 2018 4962 Et
2071 4909 2279 4963 vestes
2333 4906 2606 4983 Optimas
2663 4923 2859 4984 super
2911 4905 3129 4968 altaria
3188 4907 3568 4970 earumdem
3602 4910 3719 4972 Dei
3767 4926 3859 4971 eo-

595 4983 598 4986 ’
755 4995 1093 5060 clcsiarum
1156 4998 1327 5061 fecit.
1421 5001 1538 5062 Hic
1621 5003 1843 5064 dilexit
1913 5004 2152 5066 clerum
2222 5023 2411 5067 suum
2502 5007 2682 5068 valde
2747 5015 2940 5088 atque
3017 5013 3414 5091 presbyter-ia
3489 5014 3593 5076 eis
3657 5027 3862 5077 annue

757 5099 824 5161 in
887 5099 1084 5179 duplo
1158 5109 1220 5165 et
1291 5106 1568 5183 amplius
1625 5106 1847 5168 tribuit
1919 5130 1932 5168 :
1998 5124 2222 5171 omnes
2281 5117 2506 5190 utpote
2569 5118 2746 5189 pater
2804 5123 2865 5174 et
2921 5113 3131 5175 bonus
3203 5123 3419 5194 pastor
3467 5117 3861 5198 amplectens

758 5205 821 5302 et
894 5203 1137 5267 utiliter
1218 5203 1486 5282 fovens,
1563 5216 1622 5270 et
1699 5211 1956 5290 penitus
2040 5214 2408 5292 quempiam
2482 5217 2750 5278 minime
2825 5217 3113 5280 tribulari
3192 5222 3598 5299 permittens.
3657 5224 3863 5303 Hujus

757 5283 977 5390 itaque
1047 5312 1445 5390 temporibus
1497 5313 1562 5373 in
1621 5283 1846 5392 magna
1914 5283 2256 5380 securitate
2313 5325 2375 5380 et
2433 5319 2648 5382 laetitia
2707 5321 2986 5400 pepulus
3044 5341 3079 5384 a
3129 5283 3265 5386 Deo
3318 5325 3422 5387 illi
3473 5283 3861 5390 commissus

639 5415 720 5482 15
755 5417 994 5495 degens
1045 5417 1227 5480 vixit.
1293 5419 1413 5482 Hic
1477 5419 1887 5483 beatissimus
1956 5441 2113 5502 papa
2177 5442 2297 5487 suo
2361 5427 2869 5505 prudentissimo
2917 5429 3171 5501 studio,
3211 5447 3376 5510 quos
3405 5432 3614 5495 beata
3659 5450 3864 5496 recor-

1683 5585 1946 5629 Νοτυιλιζ
1988 5589 2384 5631 MARGINALES
2428 5590 2766 5635 FABROTTI.

673 5675 1078 5774 :nvjti'a’ffgtl‘lhn
1107 5679 1134 5718 ³³
1165 5681 1412 5774 dignatus
1433 5693 1535 5739 est.
1615 5697 1636 5724 ο
1670 5684 1733 5752 C,
1777 5688 1939 5756 regis.
1974 5687 2043 5774 B',
2082 5689 2356 5774 magniﬁci
2398 5690 2719 5774 Cataxanti._
2793 5693 2817 5732 τι
2848 5691 2915 5774 C,
2936 5693 3215 5774 Ecclesiae.
3265 5707 3338 5774 __°
3371 5693 3437 5774 ς,
3474 5697 3698 5774 timetis
3723 5695 3868 5774 επὶ.

605 5739 1117 5866 ἶέεᾶρᾳιτίιυοιιὶοη
1180 5739 1346 5807 "tam
1377 5752 1515 5819 loca,
1547 5739 1704 5824 quam
1721 5739 2808 5829 'anin’iavrelictavirute-datm:-vrtiuitiibus
2829 5739 3456 5822 ὲριιατῖῐὲ.
