4024 6316
230 367 362 423 1081

1037 366 1354 448 HISTORIA
1397 374 1487 430 DE
1530 374 1705 431 VITIS
1744 373 1911 430 “OM.
1947 374 2307 433 PONT.-—S.
2349 378 2737 437 ZACHARIAS

3350 382 3492 439 1082

223 478 373 533 idem
399 480 625 559 sentire,
668 480 851 552 plures
888 482 1170 559 Pippiinnu
1209 487 1461 559 thronum
1503 490 1811 545 ascendisse
1837 491 1892 551 Α
1914 490 2259 550 sacerdotum
2286 491 2602 559 Galliarum,
2632 504 2688 549 et
2707 494 3020 550 electionem
3051 493 3292 550 ontuium
3323 496 3491 554 Frau-

220 565 373 604 anno
399 549 523 628 750‘,
551 549 684 628 alios
710 568 836 628 vero
865 549 1006 628 anno
1032 555 1161 628 753,
1197 557 1330 623 alios
1361 558 1413 612 iu
1446 573 1625 628 regem
1651 559 1811 614 iuun-

220 628 379 699 etum
417 637 448 675 a
486 621 760 699 Bonifacio
805 624 1213 699 archiepiscopo
1258 621 1588 699 Moguntino,
1622 630 1756 685 alios
1779 645 1811 685 a

221 690 507 761 Stephano
534 693 789 761 pontiﬁce
816 690 1102 762 Romano;
1132 690 1319 752 errare
1344 690 1519 753 ctiam
1551 690 1694 757 circa
1733 700 1811 756 lo-

218 775 373 837 cum,
405 761 705 837 Suessione
741 764 792 820 id
836 761 1147 834 contigisSe,
1186 783 1308 824 cum
1338 768 1595 837 Pippinus
1624 786 1653 824 a
1685 769 1807 825 Ste—

240 832 411 904 ibano
454 843 647 889 unctus
694 835 744 888 in
797 832 1187 904 regcm'fuerit
1221 839 1274 893 in
1315 832 1644 895 monasterio
1676 839 1813 897 San-

276 903 691 979 iouysianoagri
714 904 1060 979 Parisiensis,
1083 906 1387 979 Childerico
1408 910 1514 978 jam
1534 910 1809 979 defuncto,

218 980 286 1025 ut
325 974 514 1048 scribit
541 974 859 1048 Anastasius
889 977 940 1031 in
971 976 1099 1048 iYita
1134 974 1424 1048 Stephani}
1472 982 1685 1037 tandem
1714 974 1810 1036 an;

216 1043 483 1121 ctoritate
504 1046 771 1113 pontiﬁcis
793 1062 943 1103 more
954 1043 1301 1121 Francoruim
1329 1043 1594 1104 elevatum
1623 1052 1807 1121 l‘ippi-

217 1128 358 1168 num
400 1116 497 1188 ad_
515 1132 759 1188 regnum,
787 1118 1002 1187 quando
1039 1134 1154 1173 mos
1193 1118 1524 1174 Francorum
1558 1138 1663 1176 non
1686 1116 1812 1178 'fuit

218 1200 386 1260 reges
410 1186 712 1260 aBoniano
742 1186 995 1260 pontiﬁce
1020 1190 1313 1259 postulare.
1333 1198 1387 1244 et
1413 1191 1680 1260 accipere,
1715 1194 1808 1247 sed

218 1256 278 1310 iu
315 1258 473 1330 regni
490 1258 725 1315 comitiis
744 1256 937 1330 clypeo
970 1256 1250 1329 impositos
1276 1256 1606 1320 eveherefet
1634 1263 1811 1319 accla-

215 1342 415 1403 mare._
442 1328 759 1403 Ex__quibus
792 1328 1061 1403 autiiogii‘s
1094 1331 1221 1403 quid
1263 1332 1396 1385 certi
1428 1333 1678 1400 sponderi
1714 1349 1810 1403 po—

218 1397 375 1451 test?
398 1396 475 1453 ita
504 1396 728 1465 Natalis,
766 1415 858 1455 sus
887 1396 1058 1469 deeiue
1080 1396 1259 1455 omnia
1288 1396 1542 1467 miscens,
1574 1411 1632 1456 ut
1654 1396 1808 1459 malae

214 1469 696 1552 caus:e_adversus
738 1469 1069 1541 poutiﬁciam
1103 1472 1481 1527 auctoritatem
1520 1472 1809 1531 infeliciter

215 1548 614 1609 patrocinetur.

296 1609 407 1681 Ego
428 1625 557 1667 vero
584 1620 773 1667 contra
809 1613 928 1668 dico
952 1613 1039 1667 vix
1071 1612 1124 1668 in
1157 1615 1303 1670 omni
1348 1615 1572 1671 historia
1604 1614 1805 1673 factum

213 1695 514 1754 occurrere
548 1682 634 1739 cui
661 1683 981 1739 stabilieudo
1010 1692 1089 1738 tot
1117 1685 1439 1754 scriptorum
1481 1687 1612 1741 ﬁdes
1636 1696 1690 1741 et
1716 1704 1807 1741 au-

213 1753 449 1806 ctoritas
492 1761 650 1826 tanta
698 1754 1052 1826 consensione
1098 1757 1391 1826 conspiret,
1444 1757 1666 1821 factum,
1720 1759 1805 1811 in-

213 1823 574 1896 quam,__adeo
605 1824 997 1896 pervulgatum,
1030 1834 1087 1879 ut
1115 1840 1210 1895 per
1233 1823 1435 1882 eadem
1464 1828 1632 1882 ferme
1672 1838 1807 1882 tem-

212 1907 355 1967 pora
407 1893 534 1967 illud
584 1893 817 1967 scriptis
838 1893 1287 1967 consignaverint
1333 1907 1387 1953 et
1438 1898 1694 1960 Franchi,
1752 1908 1806 1953 et

212 1961 497 2037 Germani,
552 1974 605 2037 et
653 1961 1029 2037 Longobardi:
1058 1976 1110 2020 et
1156 1966 1295 2033 Itali,
1346 1981 1400 2023 et
1442 1968 1637 2024 Graeci.
1686 1967 1802 2025 Non

214 2034 510 2109 vacatliic
557 2034 743 2109 lectori
772 2034 856 2091 'ad
902 2037 1191 2109 Anastasii
1240 2046 1445 2093 textum
1494 2040 1804 2109 properanti

213 2104 513 2180 obtrudere
532 2106 794 2180 prolixam
823 2107 1138 2162 citatiouum
1170 2104 1518 2180 furragineuf,
1547 2104 1708 2180 quam
1736 2126 1804 2165 ex

215 2174 599 2231 collectoribus
622 2174 946 2246 scriptorum
979 2193 1157 2232 rerum
1185 2174 1579 2235 Francicarum'
1593 2190 1647 2235 et
1665 2180 1803 2238 Ger-

217 2246 558 2318 manicarum
598 2257 783 2318 petere
824 2257 1001 2317 pctest
1032 2249 1077 2303 si
1121 2250 1271 2304 velit.
1312 2250 1454 2305 Duos
1486 2261 1690 2305 tantum
1710 2268 1807 2306 au-

213 2324 402 2371 ctores
429 2316 661 2390 recitare
680 2316 852 2390 juvat,
877 2334 1104 2388 quorum
1129 2320 1482 2390 iunegabilem
1516 2321 1673 2377 ﬁdem
1698 2322 1807 2378 ele-

212 2403 350 2461 vare
381 2386 649 2454 perfricta:
674 2386 883 2461 frontis,
897 2386 1000 2444 seu
1019 2391 1196 2461 potius
1224 2386 1388 2461 emoti
1411 2392 1602 2461 capitis
1623 2402 1801 2459 esset;

214 2459 451 2530 alterum
501 2467 677 2514 tamen
732 2458 1204 2530 Cointiusfquem
1249 2460 1431 2516 laudat
1476 2458 1801 2528 Alexander,

213 2528 604 2604 interpolatum
630 2546 915 2604 perperam
929 2528 1208 2604 opinatur,
1229 2541 1284 2604 et
1314 2532 1542 2587 alterum
1578 2544 1805 2604 uterque

214 2600 405 2672 dolose
428 2598 814 2672 dissimulat'et
839 2598 1072 2672 maligno
1100 2602 1314 2658 silentio
1337 2605 1597 2672 prieterit.
1630 2598 1804 2660 Omis-

210 2670 293 2741 sis
345 2670 527 2741 itaque
587 2671 912 2741 Egiuhardo,
976 2670 1266 2728 annalistis
1319 2670 1800 2738 Laureshameusi,

210 2740 494 2805 Fuldensi,
521 2740 846 2806 Loiseliauo,
874 2741 1124 2808 Metensi,
1152 2743 1319 2798 Paulo
1352 2745 1607 2810 Diacono,
1631 2744 1806 2800 Theo-

209 2811 421 2934 ghane,
446 2811 780 2878 .Anastasio,
846 2812 1108 2868 Monacho
1176 2814 1563 2883 Engolimensi,
1619 2815 1805 2873 Adone

266 2882 533 2934 icnnensi.
568 2883 911 2934 Eniluvardo.
954 2882 1235 2934 Reninone
1266 2885 1585 2934 Prumiensi-
1619 2897 1805 2934 aucto-

266 2882 533 2954 icunensi,
568 2883 911 2954 Egiluvardo,
954 2882 1235 2954 Reginoue
1265 2882 1586 2947 Prmnieusi,
1619 2897 1806 2941 aucto-

212 2952 372 3007 ribus
424 2952 517 3025 vel
554 2952 774 3023 paribus
821 2954 903 3008 vel
972 2952 1293 3025 supparibus
1340 2957 1671 3024 temporibus
1723 2958 1802 3012 rei

210 3032 404 3092 gestae,
432 3024 629 3095 quippe
665 3041 855 3079 omnes
886 3034 1010 3078 ante
1040 3024 1243 3079 annum
1293 3026 1635 3081 millesimum
1662 3030 1799 3083 scri-

210 3095 622 3166 psere,iprofero
648 3096 882 3164 primum
907 3105 1182 3151 auctorem
1208 3096 1521 3166 appendicis
1542 3097 1609 3151 ad
1635 3098 1800 3154 histo-

215 3167 367 3238 riam,
389 3165 541 3233 jussu
580 3164 956 3238 Childebraudi
997 3164 1379 3237 conscriptam,
1425 3182 1586 3238 quem
1636 3167 1799 3225 fuisse

212 3235 574 3309 ﬁibelungum
610 3236 796 3309 prodit
830 3236 965 3309 haec
989 3235 1336 3309 subscriptio,
1367 3235 1488 3309 quin
1521 3238 1798 3309 legebatur

212 3307 267 3379 in
300 3305 488 3379 codice
527 3305 629 3363 msl
670 3307 733 3363 D.
768 3305 993 3362 Petavii.
1030 3328 1049 3360 ι
1079 3305 1262 3379 Usque
1310 3305 1452 3363 nunc
1482 3305 1691 3364 illuster
1716 3312 1799 3365 vir

210 3377 646 3451 Chiildebraudus
677 3392 862 3451 comes
893 3377 1188 3451 avunculus
1226 3380 1467 3451 praedicti
1510 3382 1655 3451 regis
1678 3380 1801 3451 Pip-

212 3449 331 3575 rini
358 3450 519 3531 scribi
543 3449 871 3532 procuravit.
906 3449 990 3503 Ah
1018 3450 1144 3531 hinc
1174 3451 1243 3532 ab
1272 3450 1479 3506 illustre
1502 3449 1617 3531 viro
1645 3449 1802 3506 Nibe-

232 3535 380 3575 unzo
409 3519 519 3574 ﬁbo
544 3534 709 3575 lDSlllS
739 3518 1141 3575 Chtldebrandt.
1171 3531 1410 3575 Itemunc
1439 3530 1637 3575 comtte
1671 3537 1798 3575 suc-

232 3535 380 3589 ungo
409 3519 519 3574 ﬁlio
544 3518 709 3588 ipsius
739 3518 1141 3589 Childebrandi,
1171 3521 1410 3589 itemque
1439 3521 1637 3577 comite
1671 3537 1798 3577 suc-

211 3587 377 3646 cedat
396 3587 710 3661 auctoritas.
737 3609 755 3661 ι
780 3587 979 3645 Scribit
1004 3591 1187 3659 itaque
1206 3587 1562 3661 Nibelungus:
1593 3611 1612 3643 ‹
1640 3590 1802 3659 Quie—

213 3662 294 3716 vit
324 3670 470 3715 terra
508 3677 536 3715 a
578 3660 777 3731 praeliis
808 3661 963 3716 annis
995 3662 1230 3727 duobus;
1273 3677 1381 3728 quo
1415 3669 1652 3729 tempore
1693 3678 1798 3718 una

211 3747 345 3786 cum
381 3731 606 3787 consilio
633 3741 687 3786 et
713 3744 978 3786 consensu
1003 3732 1246 3786 omnium
1275 3731 1604 3786 Francorum
1632 3731 1799 3788 missa

211 3801 497 3866 relatione,
532 3819 579 3872 ea
634 3803 761 3857 sede
808 3802 1102 3872 apostolica
1149 3804 1472 3857 auctoritate
1521 3811 1795 3872 percepta,

211 3872 507 3944 praecelsus
525 3871 782 3942 Pippinus
797 3871 1056 3944 electione
1080 3874 1241 3928 totius
1264 3872 1509 3927 Francia:
1536 3873 1590 3944 in
1615 3874 1798 3944 sedem

212 3943 395 4014 regni,
423 3959 545 3998 cum
574 3943 980 3998 consecratione
1016 3945 1390 4012 episcoporum
1421 3952 1475 3998 et
1507 3943 1799 4013 subjectio-

211 4029 283 4068 ne
325 4014 652 4083 principum,
692 4029 797 4068 una
840 4029 963 4068 cum
990 4014 1345 4078 Bertrudane,
1379 4014 1799 4082 utautiquitatis

209 4086 351 4139 ordo
393 4084 652 4154 deposcit,
708 4083 1029 4154 sublimatur
1074 4086 1127 4139 in
1176 4098 1363 4154 regno.
1401 4104 1420 4138 ι
1461 4115 1529 4125 —-
1554 4085 1799 4140 Alterum

208 4153 597 4210 documentum
627 4153 1107 4209 luculentissimum
1144 4153 1299 4210 nobis
1332 4154 1553 4210 exhibet
1592 4154 1795 4210 doctis-

208 4226 386 4296 simus
425 4224 855 4296 Mabillonius,il.
894 4241 928 4280 v
968 4226 1035 4281 de
1080 4226 1161 4280 Re
1203 4224 1449 4296 diplom.,
1514 4240 1641 4296 pag.
1668 4225 1795 4291 584,

210 4294 468 4367 videlicet
514 4294 966 4367 subscriptiqnem
1012 4294 1274 4367 anonymi
1319 4296 1458 4367 libro
1503 4294 1571 4367 de
1599 4294 1797 4352 Gloria

209 4364 588 4421 confessorum
611 4363 782 4437 sancti
805 4363 1047 4436 Gregorii
1066 4363 1417 4437 Turonensis,
1442 4366 1595 4437 cujus
1614 4382 1797 4422 exem-

209 4437 337 4505 plar
379 4451 439 4491 se
462 4437 715 4493 habuisse
754 4434 953 4491 fatetur
987 4453 1021 4491 a
1059 4436 1172 4489 RR.
1220 4434 1327 4491 PP.
1367 4434 1712 4493 Henschenio
1741 4446 1797 4493 et

208 4506 609 4573 Papebrochio,
668 4520 835 4577 penes
888 4522 1026 4575 quos
1073 4508 1465 4577 autographum
1519 4510 1791 4564 exstabat.

1828 3204 1875 3265 C

1915 574 2122 637 eorum,
2148 563 2320 617 trilms
2355 565 2512 619 annis
2546 574 2703 637 antea
2749 565 2800 637 in
2829 568 2975 637 regni
3008 567 3142 622 solio
3170 567 3490 623 sublimatus

1911 639 2012 707 est.
2059 630 2252 707 Postea
2280 648 2375 702 per
2415 649 2607 688 manus
2635 634 2874 703 ejusdem
2890 630 3179 707 'Stephani
3219 637 3491 707 pontiﬁcis

1911 700 1997 778 die
2022 718 2129 778 uno
2157 700 2517 778 in_bea_torum
2553 700 2937 778 praedictorum
2962 700 3259 778 martyrum
3289 708 3490 778 Diony-

1910 770 1996 845 sii,
2022 771 2229 845 [iustici
2251 780 2306 827 et
2329 770 2618 829 Eleutherii
2659 774 2887 830 ecclesia
2919 775 3044 845 (ubi
3081 770 3138 831 et
3164 770 3490 835 venerabilis

1908 840 1994 895 vir
2015 842 2282 918 Folradus
2312 845 2752 918 archipresbyter
2779 854 2835 899 et
2862 840 3032 900 abbas
3052 861 3176 902 esse
3210 850 3487 918 cognosci-

1909 912 2032 984 tur)
2053 913 2117 984 _in
2149 928 2325 984 regem
2355 924 2411 970 et
2443 912 2754 984 patricium,
2783 931 2888 970 una
2915 932 3036 970 eum
3068 912 3337 983 praedictis
3365 919 3490 975 liliis

1909 979 2124 1048 Carolo,
2153 979 2572 1051 Carolomanuo,
2618 986 2673 1041 in
2715 986 2932 1040 nomine
2959 979 3159 1041 sanctas
3205 987 3488 1044 Trinitatis

1910 1062 2105 1107 unctus
2124 1063 2177 1108 et
2212 1055 2531 1126 benedictus
2570 1065 2671 1113 est.
2702 1056 2760 1111 ln
2801 1056 2913 1126 ipsa
2948 1071 3180 1126 namque
3207 1057 3487 1114 beatorum

1910 1132 2208 1196 martyrum
2237 1124 2464 1196 ecclesia
2493 1142 2604 1182 uno
2638 1124 2936 1195 eodemque
2957 1127 3043 1181 die
3070 1124 3485 1195 nobilissimam,

1909 1202 2070 1266 atque
2097 1195 2517 1266 devotissimam,
2555 1206 2612 1252 et
2653 1196 2860 1253 sanctis
2888 1197 3219 1266 martyribus
3253 1196 3490 1253 devotis-

1909 1265 2047 1318 sime
2068 1265 2454 1336 adhaerentem,
2482 1268 2794 1322 Bertradam
2816 1266 2927 1336 jam
2964 1265 3091 1324 dicti
3119 1267 3485 1324 ﬂorentissimi

1910 1335 2054 1409 regis
2078 1334 2358 1409 coniugem
2392 1340 2681 1409 praedictus
2706 1334 3029 1394 venerabilis
3046 1337 3306 1409 pontifex
3331 1355 3487 1409 rega-

1910 1403 2051 1480 iibus
2071 1403 2318 1480 indutam
2355 1403 2665 1480 cycladibus
2691 1409 2865 1480 gratia
2893 1403 3224 1480 septiformis
3251 1403 3488 1480 Spiriius

1906 1474 2232 1550 benedixit._
2254 1474 2523 1550 simulque
2570 1474 2901 1550 Francorum
2952 1474 3225 1550 principes
3267 1474 3492 1550 benedi-

1909 1546 2090 1601 ctione
2115 1555 2170 1601 et
2200 1546 2450 1617 Spiritus
2479 1551 2653 1605 sancti
2696 1549 2867 1618 gratia
2913 1546 3275 1614 conﬁrmavit,
3305 1558 3361 1605 et
3396 1549 3490 1605 tali

1907 1630 2100 1691 omnes
2145 1618 2433 1675 interdicto
2473 1629 2530 1676 et
2571 1619 3149 1691 excommunicationis
3191 1619 3308 1691 lege
3357 1635 3489 1691 con-

1908 1687 2148 1752 strinxit,
2204 1697 2265 1742 ut
2297 1705 2570 1759 nunquam
2614 1691 2680 1747 de
2718 1690 2942 1746 alterius
2986 1689 3185 1745 lumbis
3211 1687 3393 1761 regem
3428 1690 3485 1744 in

1906 1772 2023 1811 mro
2044 1769 2382 1831 praesumant
2405 1762 2623 1829 eligere,
2646 1761 2739 1817 sed
2770 1777 2838 1815 ex
2860 1762 3096 1831 ipsorum
3117 1775 3256 1829 quos
3275 1771 3332 1815 et
3355 1761 3488 1815 divi-

1835 1841 1881 1902 B
1910 1843 1977 1903 ua
2006 1827 2179 1903 pietas
2200 1830 2442 1903 exaltare
2466 1827 2680 1903 dignata
2719 1840 2823 1895 est,
2847 1827 2901 1887 et
2931 1827 3483 1903 sanctorumaposw'

1909 1896 2083 1969 iorum
2132 1896 2610 1957 intercessionibus
2654 1918 2752 1969 per
2793 1917 2983 1956 manus
3017 1900 3206 1955 vicarii
3249 1896 3485 1969 ipsorum

1909 1918 2083 1952 lorum
2132 1918 2610 1957 intercessmutnus
2689 1918 2752 1956 er
2793 1918 2983 1956 manus
3017 1918 3206 1955 vrcarn
3249 1918 3485 1969 Ipsorum

1908 1966 2204 2041 beatissimi
2240 1972 2509 2039 pontiﬁcis
2536 1918 2861 2027 congrmare
2883 1980 2939 2025 et
2957 1984 3279 2026 consecrare
3308 1972 3490 2041 dispo—

1906 2038 2035 2093 suit.
2069 2040 2195 2095 Haec
2217 2038 2336 2096 ideo
2362 2043 2611 2099 charitati
2640 2054 2832 2099 vestra:
2856 2043 3091 2097 breviter
3114 2042 3166 2095 in
3194 2038 3489 2096 novissima

1906 2110 2162 2179 paginula
2195 2110 2359 2168 libelli
2391 2113 2720 2169 iuseruimus
2751 2111 2932 2180 hujus,
2963 2120 3022 2166 ut
3058 2126 3158 2181 per
3197 2113 3490 2167 succeden-

1909 2181 2041 2255 tium
2072 2190 2375 2252 temporum
2417 2192 2473 2239 et
2517 2184 2659 2255 vulgi
2709 2183 2971 2240 relatione
3013 2197 3251 2253 propago
3290 2182 3342 2237 in
3373 2197 3490 2238 aevo

1907 2250 2085 2323 vaieat
2114 2250 2444 2323 cognoscere
2470 2250 2833 2322 posterorum.
2870 2273 2888 2306 ι

1980 2319 2252 2377 Habemus
2273 2324 2328 2378 in
2352 2319 2768 2393 praeclarissimo
2791 2325 2895 2381 hoc
2920 2322 3230 2378 testimonio
3253 2321 3489 2377 circum-

1906 2392 2229 2446 stantiarum
2290 2392 2555 2457 omnium,
2589 2395 2717 2459 loci,
2771 2394 3050 2462 temporis,
3109 2407 3481 2462 personarum,

1905 2462 2307 2535 exactissimam
2326 2463 2471 2535 adeo
2496 2464 2941 2535 designationem,
2974 2472 3034 2535 ut
3052 2464 3119 2535 ad
3142 2473 3484 2535 vet-sutorum

1898 2532 2184 2599 hominum
2219 2533 2589 2590 cavillationes
2612 2532 2932 2590 refellendas
2956 2532 3138 2588 divino
3161 2534 3327 2588 veluti
3358 2549 3489 2589 con-

1907 2602 2029 2658 silio
2068 2605 2363 2674 composita
2412 2620 2532 2660 esse
2574 2606 2838 2660 videatur.
2881 2604 3158 2658 Zachariae
3206 2604 3388 2674 itaque
3433 2611 3490 2674 et

1908 2671 2207 2746 Stephano'
2225 2671 2515 2746 Childerici
2542 2676 2807 2746 depositio
2847 2682 2903 2730 et
2926 2674 3154 2729 elevatio
3180 2671 3388 2746 Pippiui
3408 2673 3488 2746 iad

1909 2745 2161 2799 tlironum
2200 2743 2495 2801 referendae
2532 2743 2676 2802 sunt.
2724 2746 2927 2801 Annuit
2965 2759 3159 2815 nempe
3188 2743 3486 2801 Zacharias

1908 2830 2043 2886 papa
2077 2815 2269 2886 legatis
2312 2815 2411 2871 sibi
2443 2832 2473 2870 a
2510 2826 2670 2886 gente
2710 2817 3042 2886 Francorum
3098 2816 3299 2879 missis,
3347 2816 3487 2870 Bur-

1907 2884 2571 2958 chardo_Wircebttrgensi
2592 2889 2843 2958 episcopo
2853 2896 2910 2958 et
2930 2885 3162 2941 Fulrado
3181 2886 3484 2957 capellano,

1904 2955 2216 3028 petentibus
2242 2967 2296 3012 ut
2331 2955 2490 3028 quem
2515 2955 2735 3028 dignum
2759 2956 3032 3027 judicaret
3069 2955 3263 3027 regno,
3290 2971 3489 3012 eumne

1905 3027 1997 3095 qui
2045 3041 2240 3082 nomen
2279 3028 2419 3096 regis
2447 3027 2689 3089 haberet,
2735 3028 2866 3082 nihil
2912 3042 3076 3096 agens
3114 3037 3397 3094 prieterea,
3429 3028 3504 3081 ut‘

1906 3097 2266 3168 Chililericus,
2296 3113 2363 3152 an
2391 3112 2521 3153 vero
2546 3099 2637 3168 qui
2666 3099 2817 3167 regni
2840 3098 3058 3168 negotia
3084 3098 3264 3153 omnia
3289 3098 3485 3162 obiret,

1906 3176 1965 3222 ut
2023 3166 2300 3238 Pippinus.
2372 3168 2490 3238 ipse
2545 3166 2954 3237 pronuntiaret;
3017 3169 3490 3238 pronuntiavitque

1905 3240 2228 3311 auctoritate
2280 3238 2424 3311 beati
2441 3237 2617 3311 iPctri
2664 3239 2889 3311 apostoli
2943 3237 3122 3311 regem
3174 3237 3527 3311 Rippindm,’

1903 3325 2141 3381 eumque
2170 3310 2333 3380 jussit
2371 3324 2401 3364 a
2441 3309 2717 3365 Bonifacio
2739 3310 3146 3381 archiepiscopo
3173 3309 3488 3381 Moguntina

1902 3380 2085 3448 inungi
2130 3379 2182 3433 in
2221 3395 2425 3449 regem,
2462 3382 2606 3449 quod
2635 3381 2689 3435 in
2712 3382 2846 3436 urbe
2888 3379 3240 3434 Suessionum
3270 3379 3487 3435 factum

1901 3460 2004 3505 est.
2030 3449 2236 3504 Rursus
2264 3451 2403 3505 idem
2434 3449 2697 3521 Pippinus
2719 3460 2842 3521 post
2881 3459 2990 3503 tres
3014 3464 3186 3505 annos
3205 3466 3234 3521 a
3259 3450 3489 3521 Stepha-

1902 3534 1975 3574 no
2020 3534 2163 3592 papa_
2203 3521 2254 3573 iu
2300 3519 2630 3592 monasterio
2675 3519 3148 3592 san-Dionysiano
3174 3520 3334 3592 simul
3358 3519 3487 3574 cum

1903 3605 2070 3645 uxore
2134 3590 2416 3656 Bertrada,
2465 3590 2696 3660 ﬁliisque
2749 3590 3036 3647 Carolo'et
3091 3590 3488 3645 Carolomanno

1901 3670 2095 3714 unctus
2119 3670 2203 3714 est
2224 3661 2538 3725 chrismate,
2566 3671 2620 3716 et
2646 3671 2934 3716 coronatus
2960 3679 2973 3714 :
2997 3675 3093 3730 per
3115 3660 3258 3729 quod
3282 3660 3489 3730 incon-

1902 3731 2140 3785 cordiam
2169 3731 2393 3786 redeunt
2420 3731 2736 3800 scriptorcs,
2767 3730 2857 3785 alii
2885 3729 3178 3790 Zachariae.
3210 3729 3489 3800 Stephano

1900 3801 2012 3871 alii,
2041 3800 2249 3871 Pippiui
2293 3800 2359 3854 ad
2417 3801 2668 3856 thronum
2721 3801 3485 3856 elcvationem'ascribeutes.

1903 3870 1960 3927 Si
1993 3887 2113 3940 qua!
2156 3879 2456 3940 temporum
2493 3872 2857 3942 discrepantia
2899 3873 2951 3926 in
2994 3871 3294 3927 Annalibus
3321 3886 3488 3941 penes

1901 3943 2193 4013 scriptores
2220 3942 2552 3996 diversarum
2588 3943 3095 4013 gentiumoccurrit,
3125 3957 3250 4013 cum
3290 3956 3483 4013 omnes

1901 4011 1954 4066 in
2003 4021 2277 4083 momento
2327 4014 2402 4067 rei
2439 4011 2611 4081 gesta!
2645 4012 2955 4083 plenissime
3005 4011 3351 4079 concordent,
3401 4012 3487 4066 vel

1861 4134 1867 4139 .
1901 4082 2214 4155 negligenda
2240 4092 2346 4148 est,
2379 4084 2462 4138 vel
2488 4082 2739 4155 componi
2778 4084 2940 4155 etiam
2967 4092 3165 4155 potest,
3194 4082 3239 4137 si
3266 4083 3333 4136 ad
3358 4097 3487 4137 suos

1901 4153 2072 4208 annos
2115 4153 2397 4224 diligenter
2440 4153 2744 4208 referantur
2783 4153 2994 4209 diversa
3029 4154 3170 4224 facta
3211 4167 3331 4222 qua:
3370 4167 3484 4207 rem

1900 4222 2444 4312 bane‘anteeessere,
2474 4227 3051 4312 subsecutaqqqsnnt.
3094 4222 3307 4312 Dippini
3341 4231 3490 4312 certe

1899 4294 2130 4349 elevatio
2176 4296 2244 4349 ad
2287 4297 2537 4349 thronum
2582 4310 2725 4350 anno
2768 4292 2968 4350 Christi
3009 4292 3488 4366 septingentesimo

1901 4366 2351 4437 quinquagesimo
2372 4367 2567 4437 primo,
2593 4365 2887 4421 indictione
2905 4363 3120 4437 quarta,
3146 4363 3353 4437 ﬁgenda
3380 4370 3485 4437 est.

1900 4434 2167 4494 Cumhoé
2202 4452 2346 4492 anno
2372 4434 2705 4493 conveniunt
2738 4434 3082 4492 exactissime
3112 4434 3488 4506 quiediversis

1900 4509 2059 4562 annis
2096 4509 2243 4576 regni
2295 4506 2505 4578 Pippini
2550 4506 2818 4578 accidere.
2870 4503 3170 4578 Concilium
3216 4503 3489 4578 Yernense

214 4598 235 4631 ι
354 4591 513 4632 nosse
539 4569 640 4638 vis,
668 4569 863 4649 lector,
894 4569 1090 4646 quibus
1115 4569 1434 4649 hie—libellus
1464 4580 1796 4649 temporibus
1822 4569 1874 4628 D
1898 4578 2110 4648 Pippini
2134 4569 2275 4646 rcgis
2295 4569 2618 4649 auctoritate
2639 4578 2691 4632 in
2720 4577 3139 4649 VernoAPalatiq
3153 4575 3485 4649 celebraium

205 4648 451 4703 videatur
494 4662 614 4720 esse
640 4647 1000 4720 conscriptus,
1030 4657 1084 4702 et
1129 4648 1198 4702 ad
1237 4658 1548 4720 sanctorum
1576 4647 1799 4720 ‘marty-

207 4734 337 4774 min
382 4718 676 4787 pretiosam
735 4717 913 4787 editus
970 4718 1201 4780 laudem,
1256 4718 1498 4772 invenies
1542 4734 1684 4774 anno
1732 4717 1799 4773 ab

207 4786 591 4844 Incarnatione
615 4786 1323 4859 Dominiseptingentesimo
1349 4790 1685 4856 sexagesimo
1714 4804 1801 4842 sco

210 4861 387 4929 ptimo
420 4860 749 4928 temporibus
781 4857 1075 4929 felicissimi
1106 4867 1268 4927 atque
1290 4859 1721 4929 tranquillissimi
1746 4866 1801 4912 et

208 4928 467 4986 Catholici
499 4929 710 5000 Pippiui
740 4929 881 4999 regis
902 4928 1258 4992 Francorum,
1282 4937 1339 4985 et
1356 4928 1570 5000 patricii
1603 4928 1800 5000 Roma-

208 4997 747 5070 norum,'ﬁlii'bonte
771 4997 1051 5056 memoria:
1088 5000 1361 5069 quondam
1392 4997 1570 5054 Caroli
1593 4998 1798 5070 princi-

207 5073 325 5144 pis,
351 5086 497 5144 anno
530 5069 825 5144 felicissimi
855 5071 1007 5144 regni
1030 5071 1147 5139 ejus
1161 5071 1228 5144 in
1252 5070 1347 5125 Dei
1389 5069 1608 5144 nomine
1647 5077 1802 5125 sexto

207 5138 446 5206 decimo,
480 5141 774 5197 indictione
801 5138 1023 5211 quinta;
1055 5151 1108 5197 et
1150 5141 1382 5195 ﬁliorum
1411 5138 1549 5211 ejus,
1581 5155 1800 5211 eorume

206 5214 445 5286 demque
487 5228 672 5282 regum
714 5210 1047 5268 Francorum
1097 5211 1273 5286 Caroli
1297 5219 1382 5286 _et
1409 5210 1801 5286 Carolomauni

207 5280 687 5354 (qui'permanus
718 5293 920 5340 sanctas
950 5280 1342 5339 recordationis
1373 5280 1802 5354 viriubeatissiu'ii

208 5352 399 5425 domui
468 5353 726 5425 Stephani
776 5369 949 5423 papa,
1004 5370 1111 5425 una
1162 5367 1293 5425 cum
1342 5352 1602 5423 praedicto
1650 5360 1803 5425 patre

207 5424 414 5478 domno
442 5423 579 5479 viro'
595 5424 987 5495 gloriosissimo
1022 5424 1248 5495 Pippino
1295 5437 1443 5495 rege,
1470 5438 1627 5495 sacro
1652 5423 1801 5478 chri-

209 5503 392 5549 smate
420 5493 965 5563 divina—providentia
994 5505 1050 5551 et
1076 5493 1545 5550 sanctissimorum
1575 5493 1719 5550 Petri
1749 5501 1806 5549 et

209 5566 365 5621 Pauli
404 5565 904 5630 intercessionibus,
951 5566 1252 5621 consecrati
1276 5565 1457 5633 sunt),
1476 5579 1619 5618 anno
1641 5565 1804 5620 tertio

206 5636 445 5691 decimo.
470 5636 607 5693 Nam
639 5636 753 5705 ipse
778 5637 1066 5706 praedictus
1104 5636 1332 5691 domnus
1360 5634 1805 5691 Florentissimus

207 5707 477 5776 Pippiuus
518 5722 612 5762 rex
658 5707 780 5777 pius
841 5723 941 5777 per
988 5707 1364 5762 auctoritatem
1419 5715 1475 5760 et
1520 5707 1802 5775 imperium

208 5786 418 5834 sancta:
449 5778 838 5835 recordationis
882 5778 1061 5833 domui
1107 5777 1384 5833 Zacharias
1418 5791 1567 5847 papae
1617 5786 1674 5832 et
1700 5792 1801 5831 un-

207 5850 452 5906 ctionem
483 5848 660 5907 sancti
689 5849 1000 5907 chrismatis
1024 5864 1121 5920 per
1147 5864 1340 5905 manus
1366 5848 1805 5905 beatissimorum

1899 4643 2126 4704 est—sub
2152 4643 2238 4702 die
2270 4662 2299 4698 v
2327 4647 2450 4702 ldus
2475 4646 2666 4709 Julias,
2710 4661 2853 4701 anno
2880 4645 3080 4700 Christi
3114 4643 3238 4708 755,
3271 4654 3324 4699 et
3364 4645 3488 4712 Pip-

1899 4718 2008 4789 pini
2037 4719 2178 4786 regis
2207 4732 2349 4770 anno
2370 4718 2419 4769 4.
2454 4719 2768 4785 Anonymus
2790 4715 2855 4769 de
2883 4730 2991 4783 quo
3009 4730 3172 4785 supra
3203 4715 3487 4784 consiguat

1900 4788 1983 4841 sui
2012 4787 2173 4841 libelli
2204 4786 2552 4855 scriptiouem
2592 4800 2734 4839 anno
2763 4785 2831 4855 ab
2865 4784 3240 4855 lncarnatione
3270 4784 3487 4855 Domini

1901 4857 2027 4920 767,
2050 4864 2107 4910 et
2138 4854 2287 4926 regni
2316 4853 2728 4926 ‘Pippiniuanno
2768 4853 2856 4909 l6.
2892 4854 3232 4919 Sirmondus,
3263 4854 3316 4908 in
3344 4857 3488 4909 notis

1899 4928 1967 4981 ad
1995 4923 2519 4981 dictuni'concil'ium
2543 4923 2846 4996 Vernense,
2890 4926 3065 4996 pariat
3096 4940 3295 4996 annum
3335 4925 3487 4996 regni

1899 4940 1967 4981 au
1995 4940 2199 4981 uictum
2230 4940 2519 4981 concumm
2551 4940 3065 5050 vernetise,5fartat
3096 4940 3295 4980 annum
3335 4940 3487 4996 regni

1898 4996 2174 5068 Pippini3
2210 5010 2333 5068 cum
2374 5012 2517 5051 anno
2561 4995 2765 5050 Christi
2809 4998 2839 5050 7
2917 5036 2933 5063 ,
2960 4997 2994 5049 6
3035 5011 3157 5068 cum
3192 4995 3399 5068 757,et_
3419 4996 3487 5068 l0

1900 5066 2023 5124 cum
2068 5066 2189 5121 761.
2238 5067 2494 5136 Pippiuus
2534 5076 2782 5136 mortuus
2822 5075 2907 5122 est
2950 5082 3092 5122 anno
3128 5066 3338 5121 Domini
3380 5066 3487 5120 768

1901 5147 2022 5209 post
2053 5153 2223 5193 anuos
2252 5135 2400 5207 regni
2424 5153 2551 5193 xvu.
2579 5135 3195 5209 QuiPippinotribuuut
3223 5153 3294 5209 xv
3314 5150 3487 5209 annos

1903 5205 2075 5279 regni,
2120 5205 2333 5264 initium
2361 5224 2577 5264 sumere
2610 5205 2862 5263 videntur
2898 5208 2968 5279 ab
2995 5205 3110 5276 ejus
3152 5207 3402 5262 unctione
3432 5206 3486 5260 in

1902 5277 2082 5351 regem
2133 5294 2228 5350 per
2268 5278 2602 5349 Stephanum
2646 5293 2861 5351 papam.
2911 5277 3037 5334 Htec
3083 5293 3180 5348 per
3219 5292 3391 5334 annos
3430 5285 3489 5332 et

1902 5350 2221 5407 indictiones
2250 5351 2453 5420 digesta
2482 5351 2551 5405 ob
2571 5350 2755 5420 oculos
2778 5363 2956 5420 pono:

1972 5424 2130 5477 Anno
2151 5422 2277 5486 749,
2307 5419 2601 5477 indictione
2629 5419 2683 5487 2,
2720 5419 2878 5491 legati
2921 5419 3150 5476 Romam
3198 5420 3488 5475 mittuntur

1904 5493 1971 5547 ad
2009 5493 2327 5547 Zachariam
2353 5502 2569 5562 papam.

1972 5567 2130 5619 Anno
2153 5563 2285 5627 750,
2315 5560 2605 5617 indictione
2629 5562 2691 5623 5,
2723 5560 2952 5617 redeunt
2988 5564 3042 5619 in
3077 5563 3365 5619 Franciam
3405 5562 3484 5618 le-

1903 5638 2012 5705 gati
2044 5633 2363 5706 cutnusacris
2392 5633 2667 5706 responsis
2685 5632 2970 5706 Zachariae
2992 5651 3160 5706 paptc.

1975 5708 2132 5760 Anno
2167 5704 2287 5765 751,
2336 5702 2627 5757 indictione
2671 5702 2726 5768 4,
2770 5704 2822 5757 iu
2871 5702 3088 5760 civitate
3134 5704 3484 5762 Suessionum

1903 5776 2163 5849 Pippiuus
2192 5774 2412 5849 ungitur
2456 5788 2549 5829 rex
2596 5788 2626 5828 a
2676 5783 2866 5830 sancto
2906 5774 3183 5834 Bonifacio
3222 5778 3488 5849 archiepi-

1904 5844 2068 5917 scopo
2092 5844 2424 5914 Moguntino.
3184 5858 3189 5863 ·
