4024 6316
230 399 365 456 1083
970 396 1291 454 HISTORIA
1333 398 1421 467 ηε
1462 399 1634 456 VITIS
1673 401 1836 458 “OM.
1882 400 2081 458 PONT.
2121 432 2188 442 —-
2227 402 2635 463 STEPIIANUS
2674 410 2733 465 Il.
3190 416 3193 419 ’
3376 412 3513 471 1080

385 517 697 594 Praesepe.
767 514 883 576 Ubi
974 523 1037 577 et
1117 532 1344 579 amores
1429 517 1932 583 misericordiam
2010 518 2269 581 Domini
2353 520 2466 581 Dei
2520 520 2715 584 nostri
2780 532 3111 601 petentes,
3186 532 3249 590 et
3307 528 3514 603 ipsius

385 622 665 686 domins:
737 626 972 682 nostra)
1035 628 1271 682 sanctze
1323 626 1725 700 semperquej
1790 621 2057 701 Virginis
2130 622 2251 686 Dei
2303 624 2655 687 Genitrieis
2707 626 2944 702 Marite,
2983 630 3153 692 bona
3185 630 3404 693 animo
3451 640 3512 694 ct

234 808 247 815 _
383 741 670 791 consona
728 740 887 797 voce
952 723 1326 803 ,‘irtedictum
1388 726 1839 793 beatissimum
1883 729 2095 792 virum
2137 728 2266 791 sibi
2316 728 2564 809 eligunt
2618 733 3001 811 pontittcem-
3047 738 3251 812 Quem
3281 756 3512 803 omnes

260 834 344 897 15
384 833 635 907 sincera
700 837 916 897 mente
974 847 1119 894 cum
1174 831 1383 895 laudis
1441 834 1774 912 praeconiis
1825 836 1890 897 in
1944 834 2277 899 basilicam
2335 836 2709 915 Salvator-is,
2760 858 2906 918 quae
2960 844 3316 924 appellatur
3346 846 3514 909 Can-

300 1006 301 1009 η
384 937 815 1013 stantiniana,
887 935 1425 1017 deportaverunt,
1496 947 1560 1003 et
1624 939 1861 1004 exinde
1912 941 2087 1005 intus
2160 951 2514 1020 venerunt,
2581 953 2643 1008 et
2703 945 2769 1009 in
2828 949 3278 1028 patriarchium
3329 951 3514 1033 juxta

387 1060 627 1107 morem
664 1042 1175 1109 intromiserunt.

466 1151 633 1233 228
692 1150 838 1211 Erat
905 1148 1077 1212 enim
1142 1148 1348 1213 isdem
1417 1150 1835 1215 beatismmus
1895 1170 2059 1233 papa
2123 1164 2369 1218 amator
2431 1155 2864 1220 Ecclesiarum
2922 1159 3065 1236 Dei,
3106 1160 3509 1224 traditionem

390 1255 578 1329 etiam
633 1254 1132 1329 ecclesiasticam
1189 1256 1364 1319 firma
1429 1257 1779 1321 stabilitate
1827 1274 2217 1323 conservans
2287 1275 2338 1322 ει.
2396 1263 2757 1342 Panperum
2815 1261 3055 1325 Christi
3119 1262 3307 1327 velox
3354 1265 3515 1327 sub-

384 1369 653 1434 ventor,
720 1364 894 1427 verbi
957 1364 1071 1429 Dei
1145 1364 1213 1427 in
1274 1382 1497 1444 magna
1576 1366 1933 1430 constantia
2012 1367 2386 1446 prmdicatar
2453 1386 2469 1426 ε
2535 1369 2776 1432 Viduas
2847 1378 2908 1431 et
2967 1370 3248 1451 pupillos
3309 1371 3514 1434 multo

392 1467 624 1531 melius
683 1466 951 1529 visitans
1013 1468 1066 1549 b,
1122 1467 1524 1531 fortissimus
1591 1471 1782 1532 etiam
1834 1471 2025 1535 ovilis
2061 1473 2161 1533 sui
2203 1489 2349 1535 cum
2387 1475 2503 1534 Dei
2547 1474 2785 1536 uirtute
2819 1475 3142 1538 defensor.
3182 1477 3330 1539 Mox
3362 1495 3514 1540 vero

307 1575 347 1638 5
393 1571 768 1650 restauravit
828 1579 888 1635 et
945 1580 1224 1654 quatuor
1285 1575 1348 1637 in
1410 1575 1526 1638 hac
1576 1578 1859 1639 Romana
1921 1579 2078 1640 urbe
2137 1578 2256 1640 sita
2335 1579 2694 1658 antiquitus
2767 1578 3186 1657 xenadochia',
3258 1601 3405 1665 qum
3466 1604 3502 1647 a

391 1678 724 1745 diuturnis,
802 1686 864 1741 et
946 1677 1319 1759 longinquis
1406 1681 1802 1761 temporibus
1894 1681 2202 1744 destituta
2290 1683 2673 1754 manebant,
2752 1691 2814 1746 et
2899 1685 2962 1746 in
3026 1686 3121 1748 eis
3193 1688 3514 1750 ordinavit

399 1804 657 1857 omnem
724 1784 1074 1849 utilitatem
1134 1785 1203 1847 in
1268 1785 1542 1849 diversis
1607 1804 1832 1849 eorum
1896 1786 2055 1848 locis
2102 1787 2458 1868 disponens
2493 1787 2672 1850 intus
2710 1789 2900 1852 etiam
2941 1795 3001 1853 et
3038 1791 3217 1865 foris,
3265 1792 3331 1854 in
3368 1793 3517 1874 qui-

389 1892 508 1957 bus
576 1898 637 1954 et
704 1889 901 1954 multa
956 1890 1453 1967 contulitdona,
1512 1909 1657 1971 qum
1711 1898 1771 1953 et
1839 1909 1951 1972 per
2026 1891 2348 1971 privilegii
2410 1891 2704 1972 paginam
2740 1893 2863 1956 sub
2920 1895 3351 1958 auatheumtis
3410 1896 3516 1958 in-

392 2000 657 2063 terdicto
713 1997 1137 2062 conﬁrmavit.
1218 1999 1356 2065 Pari
1442 1999 1634 2063 modo
1709 2018 1772 2069 a,
1820 2014 1990 2073 novo
2063 1998 2371 2065 fundasse
2436 1997 2840 2076 dignoscitur
2901 2009 2964 2062 ct
3038 2001 3511 2064 senatiarhium

268 2104 351 2168 10
391 2104 453 2166 in
515 2105 813 2167 Plantana
875 2110 928 2176 ',
993 2108 1251 2164 centum
1314 2119 1669 2182 pauperum
1747 2101 1984 2175 Christi
2058 2102 2449 2182 dispositum
2514 2094 2651 2166 illic
2724 2102 2995 2179 faciens,
3064 2104 3511 2184 quotidianum

389 2207 683 2271 videlicet
748 2205 986 2268 victum
1054 2223 1278 2269 eorum
1361 2207 1713 2273 decernens
1774 2208 1993 2273 tribui.

462 2315 628 2391 229
685 2312 838 2375 Nam
913 2318 975 2379 et
1038 2310 1197 2377 foris
1256 2330 1472 2379 muros
1538 2312 1731 2394 hujus
1797 2314 2072 2378 civitatis
2136 2315 2439 2383 Romanas
2498 2331 2686 2376 serus
2726 2314 3058 2378 basilicam
3117 2317 3283 2380 beati
3344 2319 3509 2380 Petri

385 2420 656 2501 apostoli
714 2420 846 2483 duo
906 2418 1054 2489 fecit
1129 2421 1550 2491 xenodoehia,
1613 2421 1682 2483 in
1737 2421 1977 2501 quibus
2029 2428 2091 2484 et
2150 2420 2327 2500 plura
2385 2420 2657 2485 contulit
2736 2421 2923 2495 bona,
2985 2437 3131 2502 quia
3186 2429 3243 2484 et
3303 2422 3510 2485 saeia-

390 2528 474 2590 vit
529 2525 1006 2599 venerabilibus
1061 2526 1378 2588 diaconiis
1435 2526 1570 2591 illic
1628 2526 1788 2590 foris
1852 2526 2282 2597 existentibus
2335 2526 2702 2605 perenniter
2759 2544 3132 2605 permanere
3186 2526 3241 2601 δ,
3295 2528 3355 2591 id
3415 2539 3515 2595 est

385 2634 692 2697 diacouim
752 2644 986 2697 saneta:
1045 2634 1160 2696 Dei
1221 2633 1588 2707 Genitricis,
1656 2641 1720 2696 et
1784 2633 1953 2707 beati
2024 2632 2308 2696 Silvestri
2358 2633 2543 2705 dum,
2606 2640 2668 2695 et
2729 2631 3085 2711 privilegiis
3139 2632 3512 2713 apostolicis

301 2745 342 2807 5
387 2740 755 2819 perenniter
822 2737 1250 2817 permancnda
1330 2736 1608 2807 munivit

464 2854 627 2928 230
671 2858 695 2886 °
758 2849 932 2915 lnter
985 2848 1116 2911 hmo
1178 2864 1327 2913 verr)
1376 2848 1528 2913 dum
1587 2866 1813 2929 magna
1866 2850 2227 2930 persecutia
2276 2867 2310 2912 a
2348 2849 2910 2927 Langobardorum
2975 2861 3121 2926 rege
3175 2842 3453 2909 AiStulfo
3490 2852 3510 2893 ί

390 2957 453 3020 in
512 2958 627 3021 hac
702 2957 983 3019 Itoniana
1057 2958 1216 3021 urbe
1298 2954 1399 3017 vel
1478 2955 1960 3036 subiacentibus
2043 2955 2103 3018 ei
2167 2954 2537 3019 civntatibus
2599 2952 2978 3028 exstitisset,
3037 2961 3099 3016 et
3161 2951 3512 3016 vehemens

384 3063 676 3143 ejusdem
738 3061 907 3141 regis
1000 3061 1243 3129 smvitia
1317 3062 1709 3136 immineret,
1798 3062 1974 3125 illico
2056 3061 2263 3127 isdem
2314 3060 2727 3126 beatissimus
2799 3075 2956 3141 papa
3010 3056 3515 3137 tertioaposto-

386 3167 554 3230 latus
609 3166 1040 3235 ordinationis
1095 3185 1229 3230 sum
1294 3175 1517 3231 mense
1574 3167 1930 3248 disponens
1979 3182 2171 3231 suum
2233 3183 2611 3245 germanum
2689 3163 3212 3235 sanctissimum,
3269 3160 3515 3225 scilicet

299 3275 345 3336 5
388 3273 656 3335 Paulum
740 3272 1083 3337 diaconum
1171 3279 1367 3353 atque
1440 3272 1857 3341 Ambrosium
1943 3271 2433 3352 primicerium,
2492 3269 2787 3349 plurimis
2847 3285 2874 3325 ε
2931 3284 3075 3330 cum
3137 3266 3514 3331 muneribus

389 3378 465 3441 ad
559 3378 858 3441 eumdem
949 3379 1515 3456 Langobardorum
1608 3392 1818 3457 regem
1909 3377 2266 3441 Aistulfum
2361 3376 2436 3439 ad
2541 3375 2713 3455 pacis
2804 3374 3232 3438 ordinandum
3320 3380 3515 3453 atque

389 3483 898 3557 conﬁrmamiutn
967 3485 1196 3549 l'mdera
1265 3485 1461 3549 misit.
1536 3485 1660 3559 Qui
1720 3483 1954 3564 prmfati
2038 3484 2155 3547 vlri
2237 3483 2312 3545 ad
2398 3490 2544 3545 eum
2610 3481 3095 3552 convenientes,
3169 3480 3511 3559 impertitis

390 3588 792 3662 muneribus,
854 3606 986 3670 quo
1061 3590 1310 3653 facilius
1365 3591 1584 3655 eadem
1663 3606 1776 3669 pro
1841 3608 1907 3654 re
1967 3591 2134 3670 apud
2196 3606 2347 3651 eum
2407 3588 2865 3667 impetrarent,
2944 3584 3007 3645 in
3081 3585 3507 3667 quadraginta

385 3711 702 3761 annorum
753 3702 956 3776 Spatia
1038 3697 1212 3776 pacis
1275 3696 1482 3761 fmdus
1540 3714 1686 3763 cum
1742 3712 1819 3760 eo
1878 3696 2249 3765 ordinantes
2309 3696 2868 3759 conﬁrmaverunt.
2948 3695 3027 3755 At
3086 3707 3238 3753 vero
3305 3690 3505 3753 isdem

260 3803 344 3865 ιο
390 3810 722 3880 protervus
785 3802 1348 3880 Langobardorum
1421 3820 1554 3875 rex,
1629 3802 1878 3884 antiqui
1939 3801 2145 3865 hostis
2195 3802 2460 3865 invasus
2523 3802 2828 3876 versutia,
2894 3800 3030 3880 ipsa
3094 3796 3325 3860 fcedcra
3393 3813 3508 3876 pa—

389 3908 481 3973 cis
536 3916 679 3989 post
736 3925 900 3988 pene
956 3915 1234 3988 quatuor
1291 3925 1569 3982 menses,
1631 3910 1692 3970 in
1757 3907 2015 3987 periurii
2077 3907 2368 3969 incidens
2430 3915 2703 3979 reatum,
2756 3906 3057 3986 disrUpit,
3095 3902 3327 3966 multas
3369 3904 3505 3981 jam

398 4013 526 4085 fato
579 4015 995 4079 sanctissimo
1056 4016 1193 4079 viro
1252 4016 1345 4077 vel
1410 4023 1643 4077 cuncto
1730 4013 1965 4094 papula
2035 4015 2319 4076 Romano
2402 4012 2701 4091 ingerens
2784 4010 3229 4084 contumelias,
3307 4009 3511 4073 varias

394 4119 482 4182 illi
554 4120 763 4185 minas
824 4120 1134 4200 dirigens.
1213 4120 1499 4200 Cupiens
1565 4119 1808 4198 quippe
1884 4119 2012 4180 Deo
2088 4118 2207 4180 sibi
2284 4116 2621 4180 contrario
2665 4123 2955 4179 cunctam
3020 4115 3180 4179 hanc
3244 4116 3512 4196 provin-

402 4225 564 4285 ciam
630 4224 958 4297 invadere,
1020 4239 1368 4288 onerosum
1451 4224 1764 4286 tributum
1841 4223 2034 4303 hujus
2116 4223 2416 4293 Romam!)
2490 4223 2669 4285 urbis
2753 4220 3264 4285 inhabitantibus
3331 4222 3512 4284 adhi-

266 4333 351 4396 15
398 4332 547 4394 bere
609 4330 635 4370 ιι
689 4330 1081 4397 innitebatur
1128 4351 1143 4391 :
1196 4348 1306 4409 per
1370 4328 1889 4408 unumquodque
1949 4326 2191 4389 scilicet
2250 4334 2441 4406 caput
2481 4326 2773 4406 singulos
2808 4327 2942 4390 auri
2992 4322 3235 4393 solidos
3296 4347 3512 4395 annue

393 4436 625 4499 inferre
682 4445 694 4487 ί
764 4434 1066 4504 inhiabat.
1133 4434 1206 4496 Et
1269 4451 1402 4497 sua)
1443 4432 1881 4512 jurisdictiani
1949 4433 2275 4497 civitatem
2352 4432 2515 4496 hanc
2578 4434 2926 4497 Romanam
3003 4435 3096 4499 vel
3166 4436 3513 4518 subjacen-

387 4543 469 4605 tia
508 4541 567 4604 ei
607 4548 809 4605 castra
846 4542 1122 4606 subdere
1158 4541 1568 4620 indignanter
1603 4542 1930 4606 atfurebat.

467 4648 627 4724 231
693 4648 978 4712 Cernens
1039 4664 1191 4713 vero
1256 4648 1424 4713 idem
1484 4648 1932 4715 sanctissimus
1990 4665 2147 4726 papa
2223 4646 2432 4710 valide
2500 4647 2738 4726 praefati
2825 4647 2994 4720 regis
3078 4647 3506 4725 perniciosam

394 4753 729 4817 imminere
812 4755 1146 4828 smvitiam,
1203 4768 1613 4836 .magtmpere
1687 4756 1762 4816 ad
1847 4772 1915 4816 se
1989 4753 2316 4816 accersitis
2396 4754 2867 4816 venerabilium
2970 4751 3506 4815 monasteriorum

388 4863 755 4920 sanctorum
814 4858 1139 4922 Vincentii
1200 4864 1262 4920 et
1324 4858 1650 4921 Benedicti
1707 4856 2027 4935 religiosis
2095 4855 2458 4930 abbatibus,
2537 4874 2652 4921 sua
2733 4858 2867 4921 vice
2927 4859 3133 4920 cidem
3193 4855 3514 4919 crudelis-

390 4967 558 5030 simo
616 4966 787 5028 misit
848 4967 1008 5046 regi,
1059 4966 1298 5029 obnixe
1353 4984 1463 5046 per
1518 4982 1630 5028 eos
1691 4963 2023 5046 postulans
2079 4964 2253 5044 pacis
2329 4964 2587 5035 fmdera,
2670 4972 2730 5026 et
2814 4963 3098 5045 quietem
3184 4968 3514 5025 utrarum-

310 5074 523 5155 5que
589 5072 862 5154 partium
928 5071 1153 5152 populi
1228 5072 1343 5133 Dei
1426 5070 1719 5134 obtinere
1811 5069 2333 5133 confirmandam.
2410 5070 2588 5143 Quas
2668 5086 2899 5149 nempe
2971 5069 3359 5149 suscipiens,
3450 5076 3514 5131 et

392 5179 656 5242 omnino
720 5177 1117 5258 contemptui
1148 5176 1413 5251 habens,
1481 5176 1722 5257 sprevit
1789 5193 2009 5239 eorum
2086 5176 2373 5240 monital
2426 5184 2485 5238 et
2546 5178 2620 5239 ad
2691 5193 2825 5239 suae
2883 5172 3113 5241 animie
3158 5173 3511 5239 detrimen-

392 5288 525 5345 tum
588 5284 731 5346 sine
797 5285 1028 5346 eifectu
1097 5300 1304 5348 causa:
1363 5282 1669 5346 confusos
1726 5283 1803 5345 ad
1869 5283 2121 5363 prapria
2189 5283 2462 5345 absolvit
2514 5284 2938 5359 monasteria,
3009 5284 3338 5346 obtestans
3401 5298 3513 5344 eos

394 5390 660 5455 minime
729 5392 807 5454 ad
868 5376 1351 5454 sanctissimum
1425 5408 1647 5473 papam
1706 5388 2053 5455 declinare.
2119 5386 2307 5466 Quod
2372 5390 2644 5453 audiens
2710 5390 2846 5469 ipse
2915 5391 3273 5477 praecipuus
3338 5390 3516 5451 Pater

395 5498 716 5579 extemplo
794 5501 1019 5582 (juxta
1082 5507 1151 5563 ut
1212 5501 1435 5564 crebro
1494 5501 1959 5580 consueverat)
2032 5502 2453 5582 omnipotenti
2513 5500 2790 5564 Domino
2849 5501 2977 5563 Deo
3046 5507 3264 5563 nostra
3329 5516 3510 5565 suam

1295 5624 1560 5669 NOTULE
1630 5620 2030 5668 MABGINALES
2112 5624 2447 5668 FABROTTI.

304 5723 330 5751 ⁸
361 5714 739 5792 conservabat.
853 5714 1104 5792 1’Baron_.
1160 5712 1739 5792 elemosynia‘srllice}
1762 5748 1801 5792 ι
1820 5728 1979 5792 quam
2011 5711 2295 5792 corporali;
2318 5720 2617 5792 prrrserum.
2721 5708 2842 5792 °_B,
2874 5709 3139 5792 _lflataria.
3176 5781 3187 5792 ‘
3229 5709 3276 5792 fl
3322 5720 3382 5792 ut
3420 5725 3514 5780 pe--

222 5783 477 5911 ῖθηηίιετ
503 5794 905 5855 permanerent.
1009 5797 1034 5826 ε
1059 5785 1260 5843 Barca.
1291 5780 1419 5843 αηιῐ.
1453 5783 1577 5842 752.
1708 5783 1729 5823 ί
1756 5780 2150 5853 Β,Ἀίδιιιιι›Ιιο.
2268 5782 2295 5822 ⁸
2320 5783 2334 5799 ⁸
2365 5789 2421 5836 et
2459 5780 2660 5851 plures.
2758 5781 2787 5822 ιι
2819 5780 3074 5849 adjicere.
3175 5781 3194 5824 ἰ
3228 5784 3241 5800 ⁸
3272 5783 3509 5838 aul‘errc.

287 5859 306 5877 ⁴
335 5866 582 5911 munera.
2267 5900 2271 5907 .
3516 5860 3521 5869 ‘
