4024 6316
466 381 604 440 1087
1659 376 1790 434 ΑΝΑ
1800 375 2018 432 STASll

2191 375 2598 434 .lOTllECARll
3621 387 3780 441 ΙΟΒὸ

507 499 582 558 10
624 493 981 576 pepu-lique
1037 493 1161 555 sibi
1221 491 1554 555 commissi
1621 488 2086 552 commendans
2151 489 2423 552 contulit
2487 507 2772 566 causam,
2845 498 2907 554 et
2967 492 3132 556 hanc
3196 495 3544 575 lugubrem
3620 505 3772 583 ejus

628 601 866 663 divinae
901 596 1219 678 majestati
1254 595 1615 658 insinuavit
1646 594 2196 658 lamentationem.

705 706 867 778 232
934 707 1010 766 Et
1037 705 1220 783 {dum
1276 703 1410 766 haec
1466 708 1809 782 agerentur
1878 703 2215 784 conjunxit
2269 718 2297 749 ι
2350 706 2619 767 Romam
2697 706 2980 769 Joannes
3043 708 3397 788 imperialis
3473 713 3782 779 silentia-

629 813 788 886 rius,
829 810 1128 874 deferens
1199 808 1410 872 eidem
1473 808 1881 871 sanctissimo
1948 808 2231 888 pontifici
2295 809 2536 887 regiam
2595 809 2990 887 jussionem,
3052 813 3382 895 simulque
3447 825 3511 880 et
3573 820 3780 882 aliam

630 917 706 978 ad
737 932 971 977 nomen
1058 912 1345 992 praedicti
1413 912 1582 992 regis
1653 913 1838 993 impii
1915 911 2147 975 detulit
2231 913 2694 977 adhortationis
2786 933 3103 978 annexam
3164 919 3605 997 jussionem,
3703 934 3784 988 ut

630 1020 1022 1100 Reipublicae
1082 1019 1218 1082 loca
1280 1018 1606 1081 diabolico
1683 1020 1761 1080 ab
1828 1036 1903 1082 eo
1971 1028 2274 1101 usurpata
2332 1021 2646 1100 ingenio,
2709 1023 2968 1102 proprio
3032 1021 3776 1092 restitueret'domino.

549 1132 588 1190 5
628 1130 833 1204 Quem
901 1126 1196 1188 videlicet
1278 1126 1677 1205 imperialem
1744 1126 2012 1189 missum
2077 1127 2415 1191 confestim
2471 1127 2813 1208 smpefatus
2873 1132 3319 1195 sanctissimus
3388 1154 3556 1215 papa
3629 1155 3778 1198 cum

634 1252 754 1298 suo
823 1251 1129 1314 germano
1213 1232 1516 1312 praedicto
1589 1233 1998 1298 sanctissimo
2072 1234 2272 1298 Paulo
2345 1237 2628 1299 Diacono
2702 1236 2780 1298 ad
2853 1239 3155 1300 eumdem
3235 1241 3414 1302 misit
3491 1243 3782 1320 nequis-

631 1345 868 1407 simum
937 1343 1287 1407 Aistult‘um
1349 1344 1746 1406 Ravennam.
1816 1343 2069 1418 Quibus
2128 1344 2449 1424 susceptis
2510 1361 2656 1406 cum
2722 1343 2901 1406 inani
2966 1362 3077 1407 eos
3138 1346 3414 1410 absolvit
3490 1366 3784 1427 respou-

632 1467 728 1524 so,
793 1448 1157 1514 adhaerensb
1218 1451 1429 1514 eidem
1486 1451 1806 1531 imperiali
1868 1452 2068 1515 misso
2144 1451 2492 1532 quemdam
2556 1452 2828 1532 propriae
2885 1452 3096 1530 gentis
3155 1452 3482 1517 nefarium
3558 1457 3780 1518 virum

634 1555 968 1619 diabolicis
1031 1557 1352 1619 imbutum
1414 1557 1708 1622 consiliis
1775 1557 1854 1620 ad
1910 1558 2150 1637 regiam
2219 1558 2723 1638 preperandumc
2795 1559 3070 1629 urbem,
3134 1561 3523 1641 reversique
3580 1559 3782 1639 legati

519 1664 594 1724 10
638 1665 904 1724 Romam
973 1681 1044 1726 ac
1113 1665 1476 1742 praesentati
1549 1664 1762 1727 eidem
1819 1666 2230 1730 sanctissimo
2298 1683 2494 1745 papaa,
2531 1673 2996 1729 enarraverunt
3055 1666 3114 1729 ei
3177 1667 3343 1728 nihil
3396 1686 3471 1731 se
3532 1669 3780 1745 egisse.

637 1771 817 1831 Tunc
872 1768 1172 1849 praefatus
1230 1771 1677 1834 sanctissimus
1734 1772 1870 1846 vir,
1925 1771 2143 1851 agnito
2207 1771 2470 1850 maligni
2535 1771 2704 1850 regis
2775 1771 3072 1843 consilio,
3151 1772 3324 1833 misit
3381 1773 3454 1834 in
3527 1775 3778 1851 regiam

641 1875 867 1937 urbem
923 1891 1078 1938 suos
1138 1877 1370 1940 missos
1436 1885 1498 1940 et
1555 1879 1943 1958 apostolicos
2013 1880 2244 1942 affatus
2290 1897 2435 1942 cum
2474 1879 2793 1960 imperiali
2847 1878 3107 1958 praefato
3140 1880 3363 1950 misso,
3408 1879 3780 1958 deprecans

637 1981 1036 2059 imperialem
1115 1982 1520 2072 clementiam
1584 1990 1656 2046 ut
1713 1985 1894 2064 juxta
1963 1987 2142 2067 quod
2211 1987 2272 2048 ei
2343 1986 2580 2066 saepius
2653 1985 3021 2064 scripserat,
3095 2002 3240 2046 curn
3311 1985 3617 2046 exercitu
3700 1985 3778 2047 ad

641 2085 909 2148 tuendas
997 2086 1111 2148 has
1191 2086 1388 2148 Italiae
1464 2094 1674 2166 partes
1746 2089 1956 2151 modis
2023 2091 2326 2152 omnibus
2418 2090 2792 2162 adveniret,
2889 2095 2949 2152 et
3019 2089 3099 2152 de
3195 2088 3576 2169 iniquitatis
3666 2092 3780 2153 ﬁlii

521 2195 599 2256 15
644 2193 966 2255 morsibus
997 2193 1346 2255 Romanam
1383 2193 1547 2256 hanc
1579 2196 1802 2258 urbem
1842 2197 1945 2259 vel
1981 2203 2276 2260 cunctam
2323 2197 2566 2260 Italiam
2600 2197 2994 2277 provinciam
3031 2195 3353 2258 liberaret.

717 2297 877 2368 233
916 2300 1090 2362 Inter
1149 2298 1284 2362 haec
1337 2316 1489 2362 vero
1541 2319 1922 2380 permanens
1977 2302 2046 2364 in
2112 2321 2229 2365 sua
2292 2303 2578 2383 pernicie
2613 2303 2642 2344 ἀ
2688 2301 2987 2382 praefatus
3021 2301 3475 2363 atrocissimus
3517 2301 3781 2378 Longe-

642 2402 1000 2479 bardorum.
1055 2421 1192 2480 rex,
1260 2406 1503 2468 exarsit
1563 2405 1783 2469 furore
1848 2406 2245 2480 vehementi,
2281 2414 2344 2470 et
2380 2407 2660 2470 fremens
2693 2413 2767 2469 ut
2821 2406 2947 2480 leo,
3012 2403 3346 2485 pestiferas
3398 2407 3623 2468 minas
3659 2410 3782 2469 Ro-

643 2509 850 2570 manis
910 2508 1191 2587 dirigere
1255 2527 1385 2572 non
1421 2511 1780 2584 desinebat,
1842 2530 2140 2576 asserens
2205 2529 2432 2575 omnes
2487 2530 2618 2575 uno
2680 2512 2889 2591 gladio
2944 2511 3251 2591 jugulari,
3296 2511 3428 2572 nisi
3500 2530 3666 2584 sum,
3713 2523 3782 2574 ut

644 2613 973 2692 praelatum
1038 2622 1160 2689 est,
1200 2616 1366 2679 sese
1429 2617 1783 2679 subderent
1843 2617 2101 2681 ditioni.
2161 2621 2577 2700 Rursumque
2612 2617 2986 2681 °antefatus
3039 2617 3496 2681 sanctissimus
3564 2620 3777 2689 Pater,

567 2722 604 2783 5
647 2726 1030 2800 congregato
1087 2720 1396 2783 universo
1452 2723 1744 2785 Romano
1803 2730 2015 2797 coetu,
2073 2723 2282 2787 taliter
2339 2741 2448 2787 eos
2521 2732 2788 2804 paterno
2840 2741 3099 2806 amore
3199 2724 3584 2797 admonuit,
3682 2726 3784 2786 in-

644 2827 915 2906 quiens:
980 2824 1213 2898 Quaeso
1275 2844 1408 2899 vos,
1478 2827 1594 2888 ﬁlii
1657 2827 2045 2904 charissimi,
2102 2847 2214 2908 pro
2274 2835 2639 2891 nostrorum
2687 2829 3070 2891 delictorum
3125 2820 3617 2892 mole'Domini
3651 2831 3783 2892 im-

647 2930 975 3008 ploremus
1037 2929 1471 3002 clementiam,
1542 2937 1603 2993 et
1671 2932 1812 3010 ipse
1887 2940 2107 2996 noster
2176 2933 2294 2996 erit
2372 2933 2650 3013 adjutor,
2715 2933 3145 3012 liberabitque
3219 2949 3341 2995 nos
3395 2951 3506 2996 sua
3552 2936 3784 3012 provi-

649 3031 1028 3094 dentissima
1083 3033 1591 3098 misericordiaa
1634 3037 2163 3114 persequentium
2258 3037 2608 3099 inanibus:
2683 3039 2870 3116 cujus
2956 3036 3313 3100 salutiferis
3380 3038 3770 3100 admonitio-

649 3138 841 3200 nibus
921 3145 1188 3202 cunctus
1259 3139 1571 3200 obediens
1643 3141 1948 3219 pepulus,
2020 3143 2384 3221 congregati
2473 3143 2866 3205 unanimiter
2935 3159 3164 3204 omnes
3235 3142 3534 3221 lacrymis
3605 3140 3784 3203 fusis

532 3246 610 3304 10
653 3243 1163 3322 omnipotentem
1249 3244 1598 3305 Dominum
1680 3253 1974 3307 nostrum
2050 3247 2370 3325 deprecati
2462 3252 2635 3309 sunt.
2713 3247 2787 3307 ln
2854 3263 2985 3308 una
3068 3263 3224 3308 vero
3290 3245 3546 3307 dierum
3637 3264 3782 3307 cum

652 3348 853 3410 multa
916 3347 1280 3412 humilitate
1353 3350 1630 3413 sollicite
1701 3353 2056 3432 procedens
2128 3353 2195 3414 in
2273 3352 2508 3415 letania
2580 3370 2726 3415 eum
2803 3352 3232 3414 sacratissima
3292 3350 3583 3429 imagine
3652 3353 3784 3412 Dn-

656 3456 813 3519 mini
904 3459 1021 3520 Dei
1094 3465 1155 3522 et
1227 3459 1570 3522 Salvatoris
1651 3461 1855 3522 nostri
1917 3462 2071 3524 Jesu
2174 3461 2441 3535 Christi,
2519 3479 2662 3542 quae
2748 3459 3190 3539 antbempsita
3266 3463 3288 3504 ί
3338 3467 3778 3536 nuncupatur,

653 3562 978 3644 simulque
1039 3570 1101 3625 et
1151 3580 1296 3626 cum
1361 3581 1433 3627 ea
1488 3563 1610 3627 alia
1675 3563 1929 3628 diversa
1980 3584 2156 3628 sacra
2218 3565 2578 3627 ministeria
2632 3565 2954 3644 recipiens
2999 3562 3031 3604 ⁸
3070 3560 3469 3642 proprioque
3507 3561 3785 3624 humero

654 3669 860 3750 ipsam
897 3675 1180 3732 sanctam
1253 3671 1602 3751 imaginem
1695 3688 1840 3734 cum
1939 3670 2210 3751 reliquis
2314 3669 2758 3732 sacerdotibus
2840 3667 3014 3729 idem
3103 3665 3557 3727 sanctissimus
3634 3685 3790 3746 papa

537 3775 614 3835 15
658 3781 938 3853 gestans,
985 3775 1311 3856 nudisque
1366 3778 1666 3856 pedibus,
1722 3784 1848 3840 tam
1910 3777 2048 3857 ipse
2085 3794 2414 3857 quamque
2477 3777 2778 3838 universa
2821 3776 3030 3854 plebs,
3089 3771 3471 3837 incedentes
3528 3773 3600 3832 in
3681 3791 3794 3834 ec—

655 3873 915 3936 clesiam
986 3881 1218 3938 sanctae
1286 3875 1406 3939 Dei
1478 3875 1846 3949 Genitricis,
1923 3893 2068 3955 quae
2130 3873 2210 3936 ad
2265 3875 2556 3952 Praesepe
2632 3878 3067 3953 nuncupatur,
3119 3876 3331 3951 posito
3367 3877 3437 3938 in
3488 3878 3788 3939 omnium

658 3980 978 4059 capitibus
1055 3981 1471 4060 populorum
1515 3982 1762 4054 cinere,
1814 3998 1959 4043 cum
2054 3979 2341 4042 maximo
2420 3977 2674 4041 ululatu
2747 3985 2777 4025 h
2845 3984 3224 4057 pergentes,
3306 3979 3799 4043 misericordis-

655 4083 894 4146 simum
975 4085 1322 4148 Dominum
1405 4091 1696 4149 nostrum
1787 4085 2142 4165 deprecati.
2205 4091 2394 4157 sunt,
2467 4083 2734 4163 alligans
2839 4093 3360 4168 connectensque
3444 4088 3797 4149 adorandae

664 4189 837 4250 cruci
874 4189 992 4249 Dei
1026 4190 1228 4251 nostri
1273 4196 1522 4268 pactum
1559 4191 1719 4253 illud
1753 4191 1925 4272 quod
1959 4188 2276 4254 nefandus
2308 4207 2420 4252 rex
2455 4188 3024 4268 Langobardorum
3068 4190 3371 4271 disrupit.

745 4295 910 4367 234
950 4293 1103 4361 Hic,
1142 4293 1561 4356 beatissimus
1633 4312 1791 4375 papa
1837 4312 2067 4358 omnes
2142 4312 2297 4358 suos
2359 4291 2753 4369 sacerdores,
2796 4300 2858 4355 et
2897 4294 3167 4357 clerum
3241 4297 3309 4358 in
3365 4299 3797 4361 Lateranensi

667 4401 1053 4480 patriarchio
1107 4401 1331 4464 sedule
1395 4419 1770 4481 aggregans,
1829 4403 2214 4466 admonebat
2267 4403 2552 4464 divinam
2616 4400 2765 4463 totis
2835 4401 3089 4464 nisibus
3159 4402 3429 4464 scrutari
3505 4403 3800 4480 Scriptu-

667 4523 824 4579 ram,
883 4512 944 4569 et
1007 4507 1073 4569 in
1125 4507 1399 4571 lectione
1459 4527 1680 4571 vacare
1739 4509 2084 4588 spirituali,
2149 4518 2222 4572 ut
2253 4509 2539 4573 efﬁcaces
2596 4509 3048 4572 invenirentur
3101 4509 3168 4570 in
3235 4509 3412 4571 omni
3471 4527 3799 4585 responso

666 4628 726 4684 et
788 4623 1144 4685 assertione
1204 4623 1722 4687 adversariorum
1793 4624 2094 4688 Ecclesiae
2154 4624 2296 4687 Dei.
2357 4624 2485 4686 Nec
2543 4623 2716 4684 enim
2751 4622 3040 4684 cessabat
3080 4620 3527 4682 indesinenter
3573 4613 3799 4673 adme-

586 4727 624 4787 5
667 4725 879 4788 uendo
957 4731 1018 4789 et
1095 4726 1484 4790 cont‘utando
1559 4733 1863 4791 cunctum
1940 4727 2058 4790 Dei
2133 4724 2443 4805 pOpulum
2523 4723 2739 4787 sobrie
2823 4722 3060 4803 pieque
3135 4736 3366 4799 agere,
3435 4723 3632 4795 atque
3724 4717 3798 4776 ab

670 4824 846 4888 omni
913 4826 1220 4904 pravitate
1294 4844 1436 4889 sese
1473 4825 1822 4889 custodire.
1877 4826 1998 4888 Hic
2054 4825 2463 4886 beatissimus
2523 4824 2622 4885 vir
2685 4839 2798 4902 pro
2863 4821 3071 4884 salute
3127 4818 3472 4900 provincia:
3528 4827 3594 4879 et
3657 4834 3797 4879 nm-

671 4925 850 4985 nium
909 4923 1421 4987 Christianorum
1479 4924 1656 4987 omni
1719 4924 2140 4986 Sabbatorum
2205 4922 2309 4985 die
2373 4921 2716 4993 letaniam,
2773 4920 2946 4982 omni
3019 4917 3375 4998 postposito
3465 4915 3796 4993 neglectu,

673 5026 806 5088 ﬁeri
877 5027 1119 5088 statuit.
1180 5027 1386 5088 Unum
1453 5026 1715 5106 quidem
1788 5025 2128 5087 Sabbatum
2203 5024 2280 5084 ad
2354 5029 2636 5085 sanctam
2702 5021 2816 5083 Dei
2876 5018 3268 5083 Genitricem
3335 5016 3412 5078 ad
3472 5017 3798 5094 Pl‘a‘sepe,

672 5125 868 5188 alium
951 5141 1102 5189 vero
1162 5125 1240 5188 ad
1304 5126 1560 5187 beatum
1626 5127 1883 5186 Petrum
1947 5123 2354 5205 apostolum,
2436 5128 2498 5184 et
2557 5122 2756 5185 alium
2822 5120 2897 5182 ad
2976 5121 3236 5187 beatum
3305 5117 3578 5180 Paulum
3645 5135 3804 5197 ape-

555 5229 629 5288 10
672 5216 929 5290 εἰοΙύιιὶ.
1411 5235 1414 5237 ’

753 5325 914 5398 235
970 5331 985 5370 ί
1035 5327 1155 5389 Hic
1202 5328 1615 5390 beatissimus
1647 5346 1806 5409 papa
1851 5329 2229 5393 restauravit
2267 5329 2596 5393 basilicam
2641 5329 2844 5392 sancti
2879 5329 3229 5399 Laurentii,
3269 5347 3462 5407 super
3494 5337 3803 5393 sanctum

677 5431 1072 5492 Clementem
1147 5431 1378 5506 sitam,
1448 5432 1711 5510 regione
1773 5432 1991 5506 tertia,
2052 5449 2194 5511 qum
2247 5453 2282 5496 a
2343 5431 2667 5494 diuturnis
2735 5429 3129 5508 temporibus
3194 5428 3406 5490 diruta
3466 5431 3801 5493 manebat.

680 5533 1079 5597 Restauravit
1135 5539 1196 5596 et
1258 5542 1560 5613 tegumen
1617 5533 1961 5598 cmmeterii
2021 5542 2253 5598 sancta:
2307 5535 2642 5607 Sotheris,
2698 5531 2872 5616 quod
2938 5531 3274 5593 ceciderat.
3340 5534 3564 5611 Itaque
3645 5533 3800 5595 dum

1629 5678 1893 5720 NOTULIE
1935 5677 2176 5720 MARGIN
2189 5679 2337 5722 ALES
2380 5677 2714 5720 FABROTTI.

599 5772 627 5800 δ
659 5761 930 5832 convenit.
971 5830 978 5832 Α
1007 5760 1130 5832 b_B,
1157 5759 1334 5832 illest,
1366 5760 1704 5832 coniungens.
1802 5774 1824 5799 ε
1860 5761 2248 5832 profecturum.
2340 5761 2366 5801 ιι
2392 5760 2652 5832 nequitia.
2755 5759 3133 5829 (Rursusque.
3255 5754 3274 5792 ί
3303 5754 3431 5809 ’orle
3458 5754 3801 5827 acheropita.

529 5831 555 5875 Β
589 5831 603 5849 ⁸
632 5828 892 5883 misteria.
970 5830 996 5868 ιι
1023 5828 1090 5893 Β,
1120 5829 1341 5897 eiulatu.
1425 5828 1705 5904 i'Ba'ron.‘
1731 5828 1873 5887 mn.‘
1895 5831 2014 5887 755.
