  <div class='ocr_page' id='page_1' title='image "/cluster/home/n/w/nwhite01/storage/ocr_20150623/128/hvd.32044015471691/550.png"; bbox 0 0 4024 6316; ppageno 0'>
   <div class='ocr_carea' id='block_1_1' title="bbox 164 340 1753 430">
    <p class='ocr_par' dir='ltr' id='par_1_1' title="bbox 164 340 1753 425">
     <span class='ocr_line' id='line_1_1' title="bbox 164 340 1753 425; baseline 0.002 -6"><span class='ocrx_word' id='word_1_1' title='bbox 164 340 175 369; x_wconf 61' lang='grc' dir='ltr'>έ</span> <span class='ocrx_word' id='word_1_2' title='bbox 255 362 401 422; x_wconf 77' lang='grc'><strong>1089</strong></span> <span class='ocrx_word' id='word_1_3' title='bbox 996 366 1317 424; x_wconf 72' lang='grc' dir='ltr'><strong>ηιετοιυΑ</strong></span> <span class='ocrx_word' id='word_1_4' title='bbox 1355 367 1443 423; x_wconf 79' lang='lat' dir='ltr'><strong>on</strong></span> <span class='ocrx_word' id='word_1_5' title='bbox 1485 366 1662 425; x_wconf 87' lang='lat' dir='ltr'><strong>vms</strong></span> <span class='ocrx_word' id='word_1_6' title='bbox 1697 367 1753 422; x_wconf 65' lang='grc' dir='ltr'>ω</span> 
     </span>
    </p>
   </div>
   <div class='ocr_carea' id='block_1_2' title="bbox 1960 340 3549 430">
    <p class='ocr_par' dir='ltr' id='par_1_2' title="bbox 1960 366 3549 430">
     <span class='ocr_line' id='line_1_2' title="bbox 1960 366 3549 430; baseline 0.003 -4"><span class='ocrx_word' id='word_1_7' title='bbox 1960 366 2110 426; x_wconf 82' lang='lat' dir='ltr'><strong>DNT.</strong></span> <span class='ocrx_word' id='word_1_8' title='bbox 2150 397 2220 409; x_wconf 90' lang='lat'><strong><em>—</em></strong></span> <span class='ocrx_word' id='word_1_9' title='bbox 2257 367 2670 426; x_wconf 78' lang='lat' dir='ltr'><strong>S’l‘lSPllANUS</strong></span> <span class='ocrx_word' id='word_1_10' title='bbox 2707 371 2772 426; x_wconf 91' lang='grc'><strong>11.</strong></span> <span class='ocrx_word' id='word_1_11' title='bbox 3411 371 3549 430; x_wconf 78' lang='grc'>1090</span> 
     </span>
    </p>
   </div>
   <div class='ocr_carea' id='block_1_3' title="bbox 421 474 3552 562">
    <p class='ocr_par' dir='ltr' id='par_1_3' title="bbox 421 474 3552 562">
     <span class='ocr_line' id='line_1_3' title="bbox 421 474 3552 562; baseline 0.002 -25"><span class='ocrx_word' id='word_1_12' title='bbox 421 474 628 538; x_wconf 87' lang='lat' dir='ltr'><strong>isdem</strong></span> <span class='ocrx_word' id='word_1_13' title='bbox 706 477 1152 544; x_wconf 85' lang='lat' dir='ltr'><strong>sanctissimus</strong></span> <span class='ocrx_word' id='word_1_14' title='bbox 1239 478 1334 541; x_wconf 91' lang='lat' dir='ltr'><strong>vir</strong></span> <span class='ocrx_word' id='word_1_15' title='bbox 1381 478 1512 558; x_wconf 87' lang='lat' dir='ltr'><strong>jam</strong></span> <span class='ocrx_word' id='word_1_16' title='bbox 1594 479 1796 542; x_wconf 89' lang='lat' dir='ltr'><strong>fatum</strong></span> <span class='ocrx_word' id='word_1_17' title='bbox 1865 477 2241 559; x_wconf 86' lang='lat' dir='ltr'><strong>pestiferum</strong></span> <span class='ocrx_word' id='word_1_18' title='bbox 2300 480 2871 558; x_wconf 91' lang='lat' dir='ltr'><strong>Langobardorum</strong></span> <span class='ocrx_word' id='word_1_19' title='bbox 2937 498 3155 562; x_wconf 81' lang='lat' dir='ltr'><strong>regem</strong></span> <span class='ocrx_word' id='word_1_20' title='bbox 3211 482 3552 546; x_wconf 84' lang='lat' dir='ltr'><strong>immensis</strong></span> 
     </span>
    </p>
   </div>
   <div class='ocr_carea' id='block_1_4' title="bbox 340 579 3554 664">
    <p class='ocr_par' dir='ltr' id='par_1_4' title="bbox 340 579 3554 664">
     <span class='ocr_line' id='line_1_4' title="bbox 340 579 3554 664; baseline 0.002 -24"><span class='ocrx_word' id='word_1_21' title='bbox 340 580 380 640; x_wconf 83' lang='grc'><strong>5</strong></span> <span class='ocrx_word' id='word_1_22' title='bbox 427 579 678 642; x_wconf 85' lang='lat' dir='ltr'><strong>vicibus</strong></span> <span class='ocrx_word' id='word_1_23' title='bbox 748 580 1241 647; x_wconf 82' lang='lat' dir='ltr'><strong>innumerabilia</strong></span> <span class='ocrx_word' id='word_1_24' title='bbox 1325 583 1616 644; x_wconf 81' lang='lat' dir='ltr'><strong>tribuens</strong></span> <span class='ocrx_word' id='word_1_25' title='bbox 1694 598 1962 645; x_wconf 88' lang='lat' dir='ltr'><strong>munera</strong></span> <span class='ocrx_word' id='word_1_26' title='bbox 2045 582 2498 662; x_wconf 75' lang='lat' dir='ltr'><strong>deprecaretur</strong></span> <span class='ocrx_word' id='word_1_27' title='bbox 2575 598 2692 662; x_wconf 91' lang='lat' dir='ltr'><strong>pro</strong></span> <span class='ocrx_word' id='word_1_28' title='bbox 2774 583 3079 664; x_wconf 78' lang='lat' dir='ltr'><strong>gregibus</strong></span> <span class='ocrx_word' id='word_1_29' title='bbox 3140 583 3267 647; x_wconf 81' lang='lat' dir='ltr'><strong>sibi</strong></span> <span class='ocrx_word' id='word_1_30' title='bbox 3320 602 3357 647; x_wconf 90' lang='lat' dir='ltr'><strong>a</strong></span> <span class='ocrx_word' id='word_1_31' title='bbox 3415 585 3554 646; x_wconf 91' lang='lat' dir='ltr'><strong>Deo</strong></span> 
     </span>
    </p>
   </div>
   <div class='ocr_carea' id='block_1_5' title="bbox 421 674 3556 763">
    <p class='ocr_par' dir='ltr' id='par_1_5' title="bbox 421 674 3556 763">
     <span class='ocr_line' id='line_1_5' title="bbox 421 674 3556 763; baseline 0.002 -22"><span class='ocrx_word' id='word_1_32' title='bbox 421 680 830 755; x_wconf 83' lang='lat' dir='ltr'><strong>commissis,</strong></span> <span class='ocrx_word' id='word_1_33' title='bbox 888 690 949 744; x_wconf 88' lang='lat' dir='ltr'><strong>et</strong></span> <span class='ocrx_word' id='word_1_34' title='bbox 1006 682 1275 763; x_wconf 77' lang='lat' dir='ltr'><strong>perditis</strong></span> <span class='ocrx_word' id='word_1_35' title='bbox 1337 682 1571 745; x_wconf 87' lang='lat' dir='ltr'><strong>ovibus</strong></span> <span class='ocrx_word' id='word_1_36' title='bbox 1635 702 1696 757; x_wconf 71' lang='grc' dir='ltr'><strong>ι,</strong></span> <span class='ocrx_word' id='word_1_37' title='bbox 1767 680 2016 747; x_wconf 79' lang='lat' dir='ltr'><strong>scilicet</strong></span> <span class='ocrx_word' id='word_1_38' title='bbox 2072 699 2187 763; x_wconf 88' lang='lat' dir='ltr'><strong>pro</strong></span> <span class='ocrx_word' id='word_1_39' title='bbox 2253 683 2560 747; x_wconf 92' lang='lat' dir='ltr'><strong>universo</strong></span> <span class='ocrx_word' id='word_1_40' title='bbox 2620 674 2909 747; x_wconf 82' lang='lat' dir='ltr'><strong>exercitu</strong></span> <span class='ocrx_word' id='word_1_41' title='bbox 2958 695 2986 735; x_wconf 73' lang='grc' dir='ltr'><strong>ιι</strong></span> <span class='ocrx_word' id='word_1_42' title='bbox 3041 686 3404 760; x_wconf 85' lang='lat' dir='ltr'><strong>Ravenna,</strong></span> <span class='ocrx_word' id='word_1_43' title='bbox 3459 692 3556 747; x_wconf 83' lang='lat' dir='ltr'><strong>at-</strong></span> 
     </span>
    </p>
   </div>
   <div class='ocr_carea' id='block_1_6' title="bbox 421 782 3555 869">
    <p class='ocr_par' dir='ltr' id='par_1_6' title="bbox 421 782 3555 869">
     <span class='ocr_line' id='line_1_6' title="bbox 421 782 3555 869; baseline 0.002 -24"><span class='ocrx_word' id='word_1_44' title='bbox 421 801 550 862; x_wconf 88' lang='lat' dir='ltr'><strong>que</strong></span> <span class='ocrx_word' id='word_1_45' title='bbox 600 788 830 847; x_wconf 90' lang='lat' dir='ltr'><strong>cuncta</strong></span> <span class='ocrx_word' id='word_1_46' title='bbox 880 784 1071 847; x_wconf 84' lang='lat' dir='ltr'><strong>istius</strong></span> <span class='ocrx_word' id='word_1_47' title='bbox 1123 784 1321 847; x_wconf 84' lang='lat' dir='ltr'><strong>Italia</strong></span> <span class='ocrx_word' id='word_1_48' title='bbox 1369 782 1717 864; x_wconf 91' lang='lat' dir='ltr'><strong>provincia</strong></span> <span class='ocrx_word' id='word_1_49' title='bbox 1769 783 2051 864; x_wconf 90' lang='lat' dir='ltr'><strong>popula,</strong></span> <span class='ocrx_word' id='word_1_50' title='bbox 2102 801 2268 864; x_wconf 90' lang='lat' dir='ltr'><strong>quos</strong></span> <span class='ocrx_word' id='word_1_51' title='bbox 2314 784 2629 849; x_wconf 85' lang='lat' dir='ltr'><strong>diabolica</strong></span> <span class='ocrx_word' id='word_1_52' title='bbox 2679 784 2907 849; x_wconf 87' lang='lat' dir='ltr'><strong>fraude</strong></span> <span class='ocrx_word' id='word_1_53' title='bbox 2956 786 3095 866; x_wconf 93' lang='lat' dir='ltr'><strong>ipse</strong></span> <span class='ocrx_word' id='word_1_54' title='bbox 3144 788 3387 869; x_wconf 90' lang='lat' dir='ltr'><strong>impius</strong></span> <span class='ocrx_word' id='word_1_55' title='bbox 3439 788 3555 852; x_wconf 81' lang='lat' dir='ltr'><strong>de-</strong></span> 
     </span>
    </p>
   </div>
   <div class='ocr_carea' id='block_1_7' title="bbox 419 883 3551 965">
    <p class='ocr_par' dir='ltr' id='par_1_7' title="bbox 419 883 3551 965">
     <span class='ocr_line' id='line_1_7' title="bbox 419 883 3551 965; baseline 0.001 -18"><span class='ocrx_word' id='word_1_56' title='bbox 419 890 673 965; x_wconf 85' lang='lat' dir='ltr'><strong>ceperat</strong></span> <span class='ocrx_word' id='word_1_57' title='bbox 729 904 843 948; x_wconf 90' lang='lat' dir='ltr'><strong>rex</strong></span> <span class='ocrx_word' id='word_1_58' title='bbox 901 893 965 949; x_wconf 90' lang='lat' dir='ltr'><strong>et</strong></span> <span class='ocrx_word' id='word_1_59' title='bbox 1025 885 1437 965; x_wconf 85' lang='lat' dir='ltr'><strong>possidebat;</strong></span> <span class='ocrx_word' id='word_1_60' title='bbox 1500 891 1563 951; x_wconf 91' lang='lat' dir='ltr'><strong>et</strong></span> <span class='ocrx_word' id='word_1_61' title='bbox 1634 883 1787 947; x_wconf 91' lang='lat' dir='ltr'><strong>dum</strong></span> <span class='ocrx_word' id='word_1_62' title='bbox 1860 884 1941 947; x_wconf 91' lang='lat' dir='ltr'><strong>ab</strong></span> <span class='ocrx_word' id='word_1_63' title='bbox 2010 901 2090 947; x_wconf 94' lang='lat' dir='ltr'><strong>eo</strong></span> <span class='ocrx_word' id='word_1_64' title='bbox 2170 884 2331 947; x_wconf 87' lang='lat' dir='ltr'><strong>nihil</strong></span> <span class='ocrx_word' id='word_1_65' title='bbox 2408 885 2525 949; x_wconf 89' lang='lat' dir='ltr'><strong>hac</strong></span> <span class='ocrx_word' id='word_1_66' title='bbox 2578 886 2660 951; x_wconf 90' lang='lat' dir='ltr'><strong>de</strong></span> <span class='ocrx_word' id='word_1_67' title='bbox 2743 905 2811 949; x_wconf 93' lang='lat' dir='ltr'><strong>re</strong></span> <span class='ocrx_word' id='word_1_68' title='bbox 2870 887 3225 964; x_wconf 83' lang='lat' dir='ltr'><strong>obtineret,</strong></span> <span class='ocrx_word' id='word_1_69' title='bbox 3278 904 3551 950; x_wconf 89' lang='lat' dir='ltr'><strong>cernens</strong></span> 
     </span>
    </p>
   </div>
   <div class='ocr_carea' id='block_1_8' title="bbox 316 982 3553 1067">
    <p class='ocr_par' dir='ltr' id='par_1_8' title="bbox 316 982 3553 1067">
     <span class='ocr_line' id='line_1_8' title="bbox 316 982 3553 1067; baseline 0.003 -24"><span class='ocrx_word' id='word_1_70' title='bbox 316 1066 321 1067; x_wconf 13' lang='grc' dir='ltr'><em>γ</em></span> <span class='ocrx_word' id='word_1_71' title='bbox 419 984 775 1062; x_wconf 84' lang='lat' dir='ltr'><strong>prasertim</strong></span> <span class='ocrx_word' id='word_1_72' title='bbox 839 1002 862 1032; x_wconf 79' lang='grc' dir='ltr'><strong><em>ο</em></strong></span> <span class='ocrx_word' id='word_1_73' title='bbox 922 990 986 1047; x_wconf 92' lang='lat' dir='ltr'><strong>et</strong></span> <span class='ocrx_word' id='word_1_74' title='bbox 1041 984 1119 1047; x_wconf 92' lang='lat' dir='ltr'><strong>ab</strong></span> <span class='ocrx_word' id='word_1_75' title='bbox 1188 982 1509 1064; x_wconf 88' lang='lat' dir='ltr'><strong>imperiali</strong></span> <span class='ocrx_word' id='word_1_76' title='bbox 1582 983 1872 1064; x_wconf 90' lang='lat' dir='ltr'><strong>potentia</strong></span> <span class='ocrx_word' id='word_1_77' title='bbox 1948 984 2200 1047; x_wconf 90' lang='lat' dir='ltr'><strong>nullum</strong></span> <span class='ocrx_word' id='word_1_78' title='bbox 2264 1002 2408 1049; x_wconf 90' lang='lat' dir='ltr'><strong>esse</strong></span> <span class='ocrx_word' id='word_1_79' title='bbox 2464 986 2901 1051; x_wconf 86' lang='lat' dir='ltr'><strong>subveniendi</strong></span> <span class='ocrx_word' id='word_1_80' title='bbox 2960 987 3326 1063; x_wconf 82' lang='lat' dir='ltr'><strong>auxilium,</strong></span> <span class='ocrx_word' id='word_1_81' title='bbox 3400 996 3553 1051; x_wconf 87' lang='lat' dir='ltr'><strong>tunc</strong></span> 
     </span>
    </p>
   </div>
   <div class='ocr_carea' id='block_1_9' title="bbox 295 1084 3556 1169">
    <p class='ocr_par' dir='ltr' id='par_1_9' title="bbox 295 1084 3556 1169">
     <span class='ocr_line' id='line_1_9' title="bbox 295 1084 3556 1169; baseline 0.002 -25"><span class='ocrx_word' id='word_1_82' title='bbox 295 1086 379 1145; x_wconf 85' lang='grc'>10</span> <span class='ocrx_word' id='word_1_83' title='bbox 417 1084 966 1164; x_wconf 85' lang='lat' dir='ltr'><strong>quemadmodum</strong></span> <span class='ocrx_word' id='word_1_84' title='bbox 1037 1085 1541 1165; x_wconf 87' lang='lat' dir='ltr'><strong>pradecessores</strong></span> <span class='ocrx_word' id='word_1_85' title='bbox 1615 1090 1755 1165; x_wconf 85' lang='lat' dir='ltr'><strong>ejus</strong></span> <span class='ocrx_word' id='word_1_86' title='bbox 1828 1085 2030 1148; x_wconf 90' lang='lat' dir='ltr'><strong>beata</strong></span> <span class='ocrx_word' id='word_1_87' title='bbox 2104 1090 2435 1150; x_wconf 91' lang='lat' dir='ltr'><strong>memoria</strong></span> <span class='ocrx_word' id='word_1_88' title='bbox 2492 1088 2771 1151; x_wconf 92' lang='lat' dir='ltr'><strong>domnus</strong></span> <span class='ocrx_word' id='word_1_89' title='bbox 2834 1090 3225 1169; x_wconf 79' lang='lat' dir='ltr'><strong>Gregorius,</strong></span> <span class='ocrx_word' id='word_1_90' title='bbox 3283 1098 3348 1155; x_wconf 92' lang='lat' dir='ltr'><strong>et</strong></span> <span class='ocrx_word' id='word_1_91' title='bbox 3395 1091 3556 1154; x_wconf 87' lang='lat' dir='ltr'><strong>Gre-</strong></span> 
     </span>
    </p>
   </div>
   <div class='ocr_carea' id='block_1_10' title="bbox 419 1185 3552 1273">
    <p class='ocr_par' dir='ltr' id='par_1_10' title="bbox 419 1185 3552 1273">
     <span class='ocr_line' id='line_1_10' title="bbox 419 1185 3552 1273; baseline 0.002 -24"><span class='ocrx_word' id='word_1_92' title='bbox 419 1185 641 1273; x_wconf 82' lang='lat' dir='ltr'><strong>gorius</strong></span> <span class='ocrx_word' id='word_1_93' title='bbox 718 1187 926 1262; x_wconf 89' lang='lat' dir='ltr'><strong>alius,</strong></span> <span class='ocrx_word' id='word_1_94' title='bbox 1004 1193 1067 1252; x_wconf 91' lang='lat' dir='ltr'><strong>et</strong></span> <span class='ocrx_word' id='word_1_95' title='bbox 1132 1188 1411 1251; x_wconf 89' lang='lat' dir='ltr'><strong>domnus</strong></span> <span class='ocrx_word' id='word_1_96' title='bbox 1486 1185 1822 1251; x_wconf 86' lang='lat' dir='ltr'><strong>Zacharias</strong></span> <span class='ocrx_word' id='word_1_97' title='bbox 1900 1186 2259 1250; x_wconf 88' lang='lat' dir='ltr'><strong>beatissimi</strong></span> <span class='ocrx_word' id='word_1_98' title='bbox 2337 1191 2718 1272; x_wconf 87' lang='lat' dir='ltr'><strong>pontiﬁces,</strong></span> <span class='ocrx_word' id='word_1_99' title='bbox 2797 1190 3068 1266; x_wconf 82' lang='lat' dir='ltr'><strong>Carolo,</strong></span> <span class='ocrx_word' id='word_1_100' title='bbox 3133 1190 3552 1255; x_wconf 89' lang='lat' dir='ltr'><strong>excellentis-</strong></span> 
     </span>
    </p>
   </div>
   <div class='ocr_carea' id='block_1_11' title="bbox 419 1289 3549 1385">
    <p class='ocr_par' dir='ltr' id='par_1_11' title="bbox 419 1289 3549 1385">
     <span class='ocr_line' id='line_1_11' title="bbox 419 1289 3549 1385; baseline 0.002 -36"><span class='ocrx_word' id='word_1_101' title='bbox 419 1289 602 1350; x_wconf 90' lang='lat' dir='ltr'><strong>sima</strong></span> <span class='ocrx_word' id='word_1_102' title='bbox 674 1291 1004 1355; x_wconf 86' lang='lat' dir='ltr'><strong>memoria</strong></span> <span class='ocrx_word' id='word_1_103' title='bbox 1078 1293 1214 1371; x_wconf 90' lang='lat' dir='ltr'><strong>regi</strong></span> <span class='ocrx_word' id='word_1_104' title='bbox 1291 1294 1722 1369; x_wconf 89' lang='lat' dir='ltr'><strong>Francorum,</strong></span> <span class='ocrx_word' id='word_1_105' title='bbox 1804 1290 2221 1385; x_wconf 76' lang='lat' dir='ltr'><strong>direxerunt,</strong></span> <span class='ocrx_word' id='word_1_106' title='bbox 2297 1300 2591 1371; x_wconf 89' lang='lat' dir='ltr'><strong>petentes</strong></span> <span class='ocrx_word' id='word_1_107' title='bbox 2637 1292 2804 1355; x_wconf 82' lang='lat' dir='ltr'><strong>.sibi</strong></span> <span class='ocrx_word' id='word_1_108' title='bbox 2881 1293 3218 1357; x_wconf 89' lang='lat' dir='ltr'><strong>subveniri</strong></span> <span class='ocrx_word' id='word_1_109' title='bbox 3288 1301 3549 1374; x_wconf 90' lang='lat' dir='ltr'><strong>prapter</strong></span> 
     </span>
    </p>
   </div>
   <div class='ocr_carea' id='block_1_12' title="bbox 416 1394 3551 1479">
    <p class='ocr_par' dir='ltr' id='par_1_12' title="bbox 416 1394 3551 1479">
     <span class='ocr_line' id='line_1_12' title="bbox 416 1394 3551 1479; baseline 0.003 -26"><span class='ocrx_word' id='word_1_110' title='bbox 416 1394 874 1473; x_wconf 91' lang='lat' dir='ltr'><strong>oppressiones</strong></span> <span class='ocrx_word' id='word_1_111' title='bbox 948 1414 1020 1459; x_wconf 92' lang='lat' dir='ltr'><strong>ac</strong></span> <span class='ocrx_word' id='word_1_112' title='bbox 1105 1396 1475 1461; x_wconf 91' lang='lat' dir='ltr'><strong>invasiones</strong></span> <span class='ocrx_word' id='word_1_113' title='bbox 1550 1413 1715 1477; x_wconf 87' lang='lat' dir='ltr'><strong>quas</strong></span> <span class='ocrx_word' id='word_1_114' title='bbox 1801 1403 1863 1458; x_wconf 89' lang='lat' dir='ltr'><strong>et</strong></span> <span class='ocrx_word' id='word_1_115' title='bbox 1934 1394 2058 1476; x_wconf 91' lang='lat' dir='ltr'><strong>ipsi</strong></span> <span class='ocrx_word' id='word_1_116' title='bbox 2132 1394 2201 1457; x_wconf 91' lang='lat' dir='ltr'><strong>in</strong></span> <span class='ocrx_word' id='word_1_117' title='bbox 2272 1395 2391 1459; x_wconf 91' lang='lat' dir='ltr'><strong>hac</strong></span> <span class='ocrx_word' id='word_1_118' title='bbox 2454 1398 2892 1461; x_wconf 79' lang='lat' dir='ltr'><strong>Romanorum</strong></span> <span class='ocrx_word' id='word_1_119' title='bbox 2955 1398 3286 1479; x_wconf 84' lang='lat' dir='ltr'><strong>pravincia</strong></span> <span class='ocrx_word' id='word_1_120' title='bbox 3342 1418 3376 1462; x_wconf 93' lang='lat' dir='ltr'><strong>a</strong></span> <span class='ocrx_word' id='word_1_121' title='bbox 3435 1416 3551 1462; x_wconf 85' lang='lat' dir='ltr'><strong>ne-</strong></span> 
     </span>
    </p>
   </div>
   <div class='ocr_carea' id='block_1_13' title="bbox 411 1492 3546 1578">
    <p class='ocr_par' dir='ltr' id='par_1_13' title="bbox 411 1492 3546 1578">
     <span class='ocr_line' id='line_1_13' title="bbox 411 1492 3546 1578; baseline 0.003 -23"><span class='ocrx_word' id='word_1_122' title='bbox 411 1492 604 1558; x_wconf 83' lang='lat' dir='ltr'><strong>fanda</strong></span> <span class='ocrx_word' id='word_1_123' title='bbox 662 1497 1230 1575; x_wconf 82' lang='lat' dir='ltr'><strong>Langobardorum</strong></span> <span class='ocrx_word' id='word_1_124' title='bbox 1289 1506 1480 1578; x_wconf 81' lang='lat' dir='ltr'><strong>gente</strong></span> <span class='ocrx_word' id='word_1_125' title='bbox 1533 1496 1825 1578; x_wconf 84' lang='lat' dir='ltr'><strong>perpessi</strong></span> <span class='ocrx_word' id='word_1_126' title='bbox 1882 1501 2035 1559; x_wconf 88' lang='lat' dir='ltr'><strong>sunt</strong></span> <span class='ocrx_word' id='word_1_127' title='bbox 2092 1518 2111 1558; x_wconf 91' lang='lat'><strong>:</strong></span> <span class='ocrx_word' id='word_1_128' title='bbox 2170 1495 2260 1560; x_wconf 89' lang='lat' dir='ltr'><strong>ita</strong></span> <span class='ocrx_word' id='word_1_129' title='bbox 2315 1497 2508 1560; x_wconf 91' lang='lat' dir='ltr'><strong>modo</strong></span> <span class='ocrx_word' id='word_1_130' title='bbox 2564 1504 2629 1561; x_wconf 91' lang='lat' dir='ltr'><strong>et</strong></span> <span class='ocrx_word' id='word_1_131' title='bbox 2686 1498 3272 1578; x_wconf 58' lang='lat' dir='ltr'><strong>ipse&#39;venerabilis</strong></span> <span class='ocrx_word' id='word_1_132' title='bbox 3331 1500 3546 1574; x_wconf 81' lang='lat' dir='ltr'><strong>Pater,</strong></span> 
     </span>
    </p>
   </div>
   <div class='ocr_carea' id='block_1_14' title="bbox 295 1593 3546 1685">
    <p class='ocr_par' dir='ltr' id='par_1_14' title="bbox 295 1593 3546 1685">
     <span class='ocr_line' id='line_1_14' title="bbox 295 1593 3546 1685; baseline 0.002 -31"><span class='ocrx_word' id='word_1_133' title='bbox 295 1594 374 1655; x_wconf 82' lang='grc'><strong>15</strong></span> <span class='ocrx_word' id='word_1_134' title='bbox 415 1593 638 1657; x_wconf 88' lang='lat' dir='ltr'><strong>divina</strong></span> <span class='ocrx_word' id='word_1_135' title='bbox 682 1597 883 1674; x_wconf 90' lang='lat' dir='ltr'><strong>gratia</strong></span> <span class='ocrx_word' id='word_1_136' title='bbox 932 1597 1323 1676; x_wconf 89' lang='lat' dir='ltr'><strong>inspirante,</strong></span> <span class='ocrx_word' id='word_1_137' title='bbox 1372 1595 1533 1658; x_wconf 88' lang='lat' dir='ltr'><strong>clam</strong></span> <span class='ocrx_word' id='word_1_138' title='bbox 1584 1612 1699 1675; x_wconf 90' lang='lat' dir='ltr'><strong>per</strong></span> <span class='ocrx_word' id='word_1_139' title='bbox 1733 1595 2078 1677; x_wconf 90' lang='lat' dir='ltr'><strong>quemdam</strong></span> <span class='ocrx_word' id='word_1_140' title='bbox 2130 1595 2540 1685; x_wconf 83' lang='lat' dir='ltr'><strong>peregrinum</strong></span> <span class='ocrx_word' id='word_1_141' title='bbox 2581 1613 2731 1659; x_wconf 92' lang='lat' dir='ltr'><strong>suas</strong></span> <span class='ocrx_word' id='word_1_142' title='bbox 2773 1596 2949 1659; x_wconf 89' lang='lat' dir='ltr'><strong>misit</strong></span> <span class='ocrx_word' id='word_1_143' title='bbox 2992 1597 3239 1661; x_wconf 89' lang='lat' dir='ltr'><strong>litteras</strong></span> <span class='ocrx_word' id='word_1_144' title='bbox 3269 1597 3546 1680; x_wconf 90' lang='lat' dir='ltr'><strong>Pippino</strong></span> 
     </span>
    </p>
   </div>
   <div class='ocr_carea' id='block_1_15' title="bbox 413 1695 2909 1777">
    <p class='ocr_par' dir='ltr' id='par_1_15' title="bbox 413 1695 2909 1777">
     <span class='ocr_line' id='line_1_15' title="bbox 413 1695 2909 1777; baseline 0 -18"><span class='ocrx_word' id='word_1_145' title='bbox 413 1698 547 1776; x_wconf 91' lang='lat' dir='ltr'><strong>regi</strong></span> <span class='ocrx_word' id='word_1_146' title='bbox 579 1700 969 1763; x_wconf 86' lang='lat' dir='ltr'><strong>Francorum</strong></span> <span class='ocrx_word' id='word_1_147' title='bbox 1003 1700 1208 1762; x_wconf 89' lang='lat' dir='ltr'><strong>nimio</strong></span> <span class='ocrx_word' id='word_1_148' title='bbox 1245 1698 1465 1761; x_wconf 92' lang='lat' dir='ltr'><strong>dolore</strong></span> <span class='ocrx_word' id='word_1_149' title='bbox 1493 1697 1646 1760; x_wconf 87' lang='lat' dir='ltr'><strong>huic</strong></span> <span class='ocrx_word' id='word_1_150' title='bbox 1680 1696 2030 1777; x_wconf 85' lang='lat' dir='ltr'><strong>provincia</strong></span> <span class='ocrx_word' id='word_1_151' title='bbox 2062 1695 2405 1759; x_wconf 87' lang='lat' dir='ltr'><strong>inharenti</strong></span> <span class='ocrx_word' id='word_1_152' title='bbox 2437 1697 2856 1777; x_wconf 90' lang='lat' dir='ltr'><strong>conscriptas.</strong></span> <span class='ocrx_word' id='word_1_153' title='bbox 2906 1744 2909 1749; x_wconf 84' lang='grc'><strong><em>-</em></strong></span> 
     </span>
    </p>
   </div>
   <div class='ocr_carea' id='block_1_16' title="bbox 491 1797 3549 1885">
    <p class='ocr_par' dir='ltr' id='par_1_16' title="bbox 491 1797 3549 1885">
     <span class='ocr_line' id='line_1_16' title="bbox 491 1797 3549 1885; baseline 0.003 -24"><span class='ocrx_word' id='word_1_154' title='bbox 491 1800 657 1872; x_wconf 81' lang='lat'><strong>236</strong></span> <span class='ocrx_word' id='word_1_155' title='bbox 717 1800 814 1862; x_wconf 84' lang='lat' dir='ltr'><strong>Ad</strong></span> <span class='ocrx_word' id='word_1_156' title='bbox 863 1800 1036 1864; x_wconf 89' lang='lat' dir='ltr'><strong>hunc</strong></span> <span class='ocrx_word' id='word_1_157' title='bbox 1083 1801 1275 1864; x_wconf 86' lang='lat' dir='ltr'><strong>etiam</strong></span> <span class='ocrx_word' id='word_1_158' title='bbox 1323 1817 1496 1862; x_wconf 91' lang='lat' dir='ltr'><strong>nunc</strong></span> <span class='ocrx_word' id='word_1_159' title='bbox 1540 1800 1569 1843; x_wconf 75' lang='grc' dir='ltr'><strong>ει</strong></span> <span class='ocrx_word' id='word_1_160' title='bbox 1624 1799 1897 1861; x_wconf 87' lang='lat' dir='ltr'><strong>cessavit</strong></span> <span class='ocrx_word' id='word_1_161' title='bbox 1948 1797 2271 1877; x_wconf 79' lang='lat' dir='ltr'><strong>dirigens,</strong></span> <span class='ocrx_word' id='word_1_162' title='bbox 2325 1802 2398 1861; x_wconf 87' lang='lat' dir='ltr'><strong>ut</strong></span> <span class='ocrx_word' id='word_1_163' title='bbox 2437 1814 2593 1861; x_wconf 89' lang='lat' dir='ltr'><strong>suos</strong></span> <span class='ocrx_word' id='word_1_164' title='bbox 2639 1797 2743 1861; x_wconf 88' lang='lat' dir='ltr'><strong>hic</strong></span> <span class='ocrx_word' id='word_1_165' title='bbox 2779 1801 3042 1864; x_wconf 82' lang='lat' dir='ltr'><strong>Romam</strong></span> <span class='ocrx_word' id='word_1_166' title='bbox 3083 1800 3549 1885; x_wconf 85' lang='lat' dir='ltr'><strong>ipse_Franco-</strong></span> 
     </span>
    </p>
   </div>
   <div class='ocr_carea' id='block_1_17' title="bbox 409 1896 3543 1980">
    <p class='ocr_par' dir='ltr' id='par_1_17' title="bbox 409 1896 3543 1980">
     <span class='ocr_line' id='line_1_17' title="bbox 409 1896 3543 1980; baseline 0.002 -18"><span class='ocrx_word' id='word_1_167' title='bbox 409 1917 554 1963; x_wconf 88' lang='lat' dir='ltr'><strong>rum</strong></span> <span class='ocrx_word' id='word_1_168' title='bbox 613 1919 725 1963; x_wconf 89' lang='lat' dir='ltr'><strong>rex</strong></span> <span class='ocrx_word' id='word_1_169' title='bbox 784 1903 1066 1965; x_wconf 90' lang='lat' dir='ltr'><strong>mitteret</strong></span> <span class='ocrx_word' id='word_1_170' title='bbox 1113 1901 1347 1963; x_wconf 87' lang='lat' dir='ltr'><strong>missos</strong></span> <span class='ocrx_word' id='word_1_171' title='bbox 1376 1943 1395 1975; x_wconf 93' lang='lat'><strong>,</strong></span> <span class='ocrx_word' id='word_1_172' title='bbox 1446 1917 1559 1980; x_wconf 92' lang='lat' dir='ltr'><strong>per</strong></span> <span class='ocrx_word' id='word_1_173' title='bbox 1605 1899 1780 1979; x_wconf 89' lang='lat' dir='ltr'><strong>quod</strong></span> <span class='ocrx_word' id='word_1_174' title='bbox 1831 1914 1984 1961; x_wconf 89' lang='lat' dir='ltr'><strong>eum</strong></span> <span class='ocrx_word' id='word_1_175' title='bbox 2022 1899 2103 1960; x_wconf 92' lang='lat' dir='ltr'><strong>ad</strong></span> <span class='ocrx_word' id='word_1_176' title='bbox 2148 1915 2219 1960; x_wconf 93' lang='lat' dir='ltr'><strong>se</strong></span> <span class='ocrx_word' id='word_1_177' title='bbox 2265 1896 2564 1961; x_wconf 89' lang='lat' dir='ltr'><strong>accersiri</strong></span> <span class='ocrx_word' id='word_1_178' title='bbox 2607 1896 2890 1961; x_wconf 84' lang='lat' dir='ltr'><strong>fecisset.</strong></span> <span class='ocrx_word' id='word_1_179' title='bbox 2944 1901 3022 1961; x_wconf 89' lang='lat' dir='ltr'><strong>Et</strong></span> <span class='ocrx_word' id='word_1_180' title='bbox 3069 1900 3221 1964; x_wconf 87' lang='lat' dir='ltr'><strong>dum</strong></span> <span class='ocrx_word' id='word_1_181' title='bbox 3272 1901 3481 1967; x_wconf 87' lang='lat' dir='ltr'><strong>valide</strong></span> <span class='ocrx_word' id='word_1_182' title='bbox 3516 1918 3543 1950; x_wconf 81' lang='grc' dir='ltr'><strong>ο</strong></span> 
     </span>
    </p>
   </div>
   <div class='ocr_carea' id='block_1_18' title="bbox 408 1995 3542 2084">
    <p class='ocr_par' dir='ltr' id='par_1_18' title="bbox 408 1995 3542 2084">
     <span class='ocr_line' id='line_1_18' title="bbox 408 1995 3542 2084; baseline 0.001 -21"><span class='ocrx_word' id='word_1_183' title='bbox 408 2002 486 2063; x_wconf 89' lang='lat' dir='ltr'><strong>ab</strong></span> <span class='ocrx_word' id='word_1_184' title='bbox 582 2001 808 2064; x_wconf 87' lang='lat' dir='ltr'><strong>eodem</strong></span> <span class='ocrx_word' id='word_1_185' title='bbox 900 1999 1468 2079; x_wconf 87' lang='lat' dir='ltr'><strong>Langobardorum</strong></span> <span class='ocrx_word' id='word_1_186' title='bbox 1545 2014 1697 2077; x_wconf 88' lang='lat' dir='ltr'><strong>rege</strong></span> <span class='ocrx_word' id='word_1_187' title='bbox 1780 1996 2074 2060; x_wconf 88' lang='lat' dir='ltr'><strong>civitates</strong></span> <span class='ocrx_word' id='word_1_188' title='bbox 2146 2003 2209 2061; x_wconf 89' lang='lat' dir='ltr'><strong>et</strong></span> <span class='ocrx_word' id='word_1_189' title='bbox 2291 1995 2623 2076; x_wconf 89' lang='lat' dir='ltr'><strong>provincia</strong></span> <span class='ocrx_word' id='word_1_190' title='bbox 2696 1996 2821 2060; x_wconf 88' lang='lat' dir='ltr'><strong>ista</strong></span> <span class='ocrx_word' id='word_1_191' title='bbox 2862 2000 3337 2073; x_wconf 77' lang='lat' dir='ltr'><strong>jRamanorum</strong></span> <span class='ocrx_word' id='word_1_192' title='bbox 3419 2021 3542 2084; x_wconf 91' lang='lat' dir='ltr'><strong>ap-</strong></span> 
     </span>
    </p>
   </div>
   <div class='ocr_carea' id='block_1_19' title="bbox 416 2098 3539 2191">
    <p class='ocr_par' dir='ltr' id='par_1_19' title="bbox 416 2098 3539 2191">
     <span class='ocr_line' id='line_1_19' title="bbox 416 2098 3539 2191; baseline 0.003 -27"><span class='ocrx_word' id='word_1_193' title='bbox 416 2105 891 2184; x_wconf 87' lang='lat' dir='ltr'><strong>primerentur,</strong></span> <span class='ocrx_word' id='word_1_194' title='bbox 970 2105 1187 2168; x_wconf 84' lang='lat' dir='ltr'><strong>subito</strong></span> <span class='ocrx_word' id='word_1_195' title='bbox 1263 2102 1597 2184; x_wconf 89' lang='lat' dir='ltr'><strong>conjunxit</strong></span> <span class='ocrx_word' id='word_1_196' title='bbox 1659 2104 1695 2177; x_wconf 19' lang='grc' dir='ltr'><strong>ίν</strong></span> <span class='ocrx_word' id='word_1_197' title='bbox 1746 2099 1986 2165; x_wconf 90' lang='lat' dir='ltr'><strong>missus</strong></span> <span class='ocrx_word' id='word_1_198' title='bbox 2057 2100 2191 2181; x_wconf 86' lang='lat' dir='ltr'><strong>jam</strong></span> <span class='ocrx_word' id='word_1_199' title='bbox 2272 2098 2385 2163; x_wconf 82' lang='lat' dir='ltr'><strong>fati</strong></span> <span class='ocrx_word' id='word_1_200' title='bbox 2434 2099 2640 2180; x_wconf 24' lang='lat' dir='ltr'><strong>‘regis</strong></span> <span class='ocrx_word' id='word_1_201' title='bbox 2707 2119 2753 2191; x_wconf 6' lang='lat' dir='ltr'><strong>ait</strong></span> <span class='ocrx_word' id='word_1_202' title='bbox 2808 2100 3223 2179; x_wconf 87' lang='lat' dir='ltr'><strong>Francorum</strong></span> <span class='ocrx_word' id='word_1_203' title='bbox 3271 2108 3539 2173; x_wconf 88' lang='lat' dir='ltr'><strong>nomine</strong></span> 
     </span>
    </p>
   </div>
   <div class='ocr_carea' id='block_1_20' title="bbox 320 2201 3539 2288">
    <p class='ocr_par' dir='ltr' id='par_1_20' title="bbox 320 2201 3539 2288">
     <span class='ocr_line' id='line_1_20' title="bbox 320 2201 3539 2288; baseline -0.001 -18"><span class='ocrx_word' id='word_1_204' title='bbox 320 2208 363 2269; x_wconf 85' lang='lat'><strong>5</strong></span> <span class='ocrx_word' id='word_1_205' title='bbox 406 2208 817 2288; x_wconf 83' lang='lat' dir='ltr'><strong>Rodigangus</strong></span> <span class='ocrx_word' id='word_1_206' title='bbox 870 2219 895 2258; x_wconf 73' lang='grc' dir='ltr'><strong><em>ε</em></strong></span> <span class='ocrx_word' id='word_1_207' title='bbox 955 2208 1199 2281; x_wconf 83' lang='lat' dir='ltr'><strong>abbas,</strong></span> <span class='ocrx_word' id='word_1_208' title='bbox 1252 2223 1368 2285; x_wconf 92' lang='lat' dir='ltr'><strong>per</strong></span> <span class='ocrx_word' id='word_1_209' title='bbox 1422 2220 1623 2283; x_wconf 79' lang='lat' dir='ltr'><strong>quem</strong></span> <span class='ocrx_word' id='word_1_210' title='bbox 1658 2202 1865 2269; x_wconf 10' lang='lat' dir='ltr'><strong>imisit</strong></span> <span class='ocrx_word' id='word_1_211' title='bbox 1930 2203 1999 2265; x_wconf 89' lang='lat' dir='ltr'><strong>in</strong></span> <span class='ocrx_word' id='word_1_212' title='bbox 2063 2201 2397 2280; x_wconf 87' lang='lat' dir='ltr'><strong>responsis</strong></span> <span class='ocrx_word' id='word_1_213' title='bbox 2453 2217 2715 2270; x_wconf 86' lang='lat' dir='ltr'><strong>omnem</strong></span> <span class='ocrx_word' id='word_1_214' title='bbox 2780 2201 3180 2267; x_wconf 86' lang='lat' dir='ltr'><strong>voluntatem</strong></span> <span class='ocrx_word' id='word_1_215' title='bbox 3247 2223 3341 2287; x_wconf 88' lang='lat' dir='ltr'><strong>ac</strong></span> <span class='ocrx_word' id='word_1_216' title='bbox 3376 2208 3539 2286; x_wconf 83' lang='lat' dir='ltr'><strong>peti-</strong></span> 
     </span>
    </p>
   </div>
   <div class='ocr_carea' id='block_1_21' title="bbox 406 2302 3537 2389">
    <p class='ocr_par' dir='ltr' id='par_1_21' title="bbox 406 2302 3537 2389">
     <span class='ocr_line' id='line_1_21' title="bbox 406 2302 3537 2389; baseline 0.001 -18"><span class='ocrx_word' id='word_1_217' title='bbox 406 2310 651 2373; x_wconf 84' lang='lat' dir='ltr'><strong>tionem</strong></span> <span class='ocrx_word' id='word_1_218' title='bbox 683 2308 967 2389; x_wconf 89' lang='lat' dir='ltr'><strong>pradicti</strong></span> <span class='ocrx_word' id='word_1_219' title='bbox 1005 2306 1395 2372; x_wconf 87' lang='lat' dir='ltr'><strong>sanctissimi</strong></span> <span class='ocrx_word' id='word_1_220' title='bbox 1440 2320 1616 2384; x_wconf 88' lang='lat' dir='ltr'><strong>papa</strong></span> <span class='ocrx_word' id='word_1_221' title='bbox 1649 2322 1717 2365; x_wconf 91' lang='lat' dir='ltr'><strong>se</strong></span> <span class='ocrx_word' id='word_1_222' title='bbox 1750 2303 2127 2384; x_wconf 88' lang='lat' dir='ltr'><strong>adimplere.</strong></span> <span class='ocrx_word' id='word_1_223' title='bbox 2162 2303 2240 2363; x_wconf 88' lang='lat' dir='ltr'><strong>Et</strong></span> <span class='ocrx_word' id='word_1_224' title='bbox 2270 2302 2685 2382; x_wconf 89' lang='lat' dir='ltr'><strong>postmodum</strong></span> <span class='ocrx_word' id='word_1_225' title='bbox 2728 2303 2894 2368; x_wconf 90' lang='lat' dir='ltr'><strong>alius</strong></span> <span class='ocrx_word' id='word_1_226' title='bbox 2924 2305 3168 2370; x_wconf 90' lang='lat' dir='ltr'><strong>missus</strong></span> <span class='ocrx_word' id='word_1_227' title='bbox 3200 2305 3537 2374; x_wconf 87' lang='lat' dir='ltr'><strong>familiaris</strong></span> 
     </span>
    </p>
   </div>
   <div class='ocr_carea' id='block_1_22' title="bbox 405 2404 2955 2492">
    <p class='ocr_par' dir='ltr' id='par_1_22' title="bbox 405 2404 2955 2492">
     <span class='ocr_line' id='line_1_22' title="bbox 405 2404 2955 2492; baseline -0.009 -17"><span class='ocrx_word' id='word_1_228' title='bbox 405 2413 552 2491; x_wconf 90' lang='lat' dir='ltr'><strong>ejus</strong></span> <span class='ocrx_word' id='word_1_229' title='bbox 578 2411 940 2492; x_wconf 76' lang='lat' dir='ltr'><strong>conjunxit,</strong></span> <span class='ocrx_word' id='word_1_230' title='bbox 975 2427 1047 2473; x_wconf 93' lang='lat' dir='ltr'><strong>ea</strong></span> <span class='ocrx_word' id='word_1_231' title='bbox 1078 2409 1218 2488; x_wconf 93' lang='lat' dir='ltr'><strong>ipsa</strong></span> <span class='ocrx_word' id='word_1_232' title='bbox 1247 2404 1644 2470; x_wconf 88' lang='lat' dir='ltr'><strong>annuntians</strong></span> <span class='ocrx_word' id='word_1_233' title='bbox 2123 2456 2149 2481; x_wconf 80' lang='grc' dir='ltr'><strong> </strong></span> <span class='ocrx_word' id='word_1_234' title='bbox 2952 2462 2955 2463; x_wconf 21' lang='grc' dir='ltr'><em>ν</em></span> 
     </span>
    </p>
   </div>
   <div class='ocr_carea' id='block_1_23' title="bbox 482 2502 3538 2596">
    <p class='ocr_par' dir='ltr' id='par_1_23' title="bbox 482 2502 3538 2596">
     <span class='ocr_line' id='line_1_23' title="bbox 482 2502 3538 2596; baseline -0 -19"><span class='ocrx_word' id='word_1_235' title='bbox 482 2524 644 2596; x_wconf 69' lang='grc'><strong>237</strong></span> <span class='ocrx_word' id='word_1_236' title='bbox 703 2514 1001 2594; x_wconf 88' lang='lat' dir='ltr'><strong>Cumque</strong></span> <span class='ocrx_word' id='word_1_237' title='bbox 1062 2528 1098 2574; x_wconf 87' lang='lat' dir='ltr'><strong>a</strong></span> <span class='ocrx_word' id='word_1_238' title='bbox 1152 2505 1594 2587; x_wconf 86' lang='lat' dir='ltr'><strong>Longabardis</strong></span> <span class='ocrx_word' id='word_1_239' title='bbox 1624 2548 1643 2581; x_wconf 94' lang='lat'><strong>,</strong></span> <span class='ocrx_word' id='word_1_240' title='bbox 1698 2510 1766 2567; x_wconf 90' lang='lat' dir='ltr'><strong>ut</strong></span> <span class='ocrx_word' id='word_1_241' title='bbox 1817 2502 2149 2584; x_wconf 85' lang='lat' dir='ltr'><strong>prafatum</strong></span> <span class='ocrx_word' id='word_1_242' title='bbox 2206 2502 2645 2584; x_wconf 89' lang='lat' dir='ltr'><strong>est,antiqua</strong></span> <span class='ocrx_word' id='word_1_243' title='bbox 2687 2503 2974 2567; x_wconf 83' lang='lat' dir='ltr'><strong>Romana</strong></span> <span class='ocrx_word' id='word_1_244' title='bbox 3023 2503 3179 2567; x_wconf 89' lang='lat' dir='ltr'><strong>urbs</strong></span> <span class='ocrx_word' id='word_1_245' title='bbox 3227 2512 3289 2569; x_wconf 91' lang='lat' dir='ltr'><strong>et</strong></span> <span class='ocrx_word' id='word_1_246' title='bbox 3334 2515 3538 2576; x_wconf 78' lang='lat' dir='ltr'><strong>castra</strong></span> 
     </span>
    </p>
   </div>
   <div class='ocr_carea' id='block_1_24' title="bbox 401 2606 3532 2694">
    <p class='ocr_par' dir='ltr' id='par_1_24' title="bbox 401 2606 3532 2694">
     <span class='ocr_line' id='line_1_24' title="bbox 401 2606 3532 2694; baseline -0.001 -14"><span class='ocrx_word' id='word_1_247' title='bbox 401 2619 708 2681; x_wconf 90' lang='lat' dir='ltr'><strong>universa</strong></span> <span class='ocrx_word' id='word_1_248' title='bbox 763 2616 1348 2694; x_wconf 88' lang='lat' dir='ltr'><strong>distringerentur,</strong></span> <span class='ocrx_word' id='word_1_249' title='bbox 1426 2610 1516 2672; x_wconf 89' lang='lat' dir='ltr'><strong>ita</strong></span> <span class='ocrx_word' id='word_1_250' title='bbox 1581 2607 1770 2671; x_wconf 88' lang='lat' dir='ltr'><strong>etiam</strong></span> <span class='ocrx_word' id='word_1_251' title='bbox 1842 2615 1914 2669; x_wconf 90' lang='lat' dir='ltr'><strong>ut</strong></span> <span class='ocrx_word' id='word_1_252' title='bbox 1985 2608 2377 2673; x_wconf 89' lang='lat' dir='ltr'><strong>Ciccanense</strong></span> <span class='ocrx_word' id='word_1_253' title='bbox 2453 2606 2836 2681; x_wconf 90' lang='lat' dir='ltr'><strong>castellum,</strong></span> <span class='ocrx_word' id='word_1_254' title='bbox 2913 2607 3091 2686; x_wconf 91' lang='lat' dir='ltr'><strong>quod</strong></span> <span class='ocrx_word' id='word_1_255' title='bbox 3153 2608 3532 2677; x_wconf 87' lang='lat' dir='ltr'><strong>colonorum</strong></span> 
     </span>
    </p>
   </div>
   <div class='ocr_carea' id='block_1_25' title="bbox 401 2707 3535 2788">
    <p class='ocr_par' dir='ltr' id='par_1_25' title="bbox 401 2707 3535 2788">
     <span class='ocr_line' id='line_1_25' title="bbox 401 2707 3535 2788; baseline -0.003 -7"><span class='ocrx_word' id='word_1_256' title='bbox 401 2726 634 2783; x_wconf 88' lang='lat' dir='ltr'><strong>sancta</strong></span> <span class='ocrx_word' id='word_1_257' title='bbox 688 2718 809 2783; x_wconf 90' lang='lat' dir='ltr'><strong>Dei</strong></span> <span class='ocrx_word' id='word_1_258' title='bbox 859 2715 1160 2780; x_wconf 88' lang='lat' dir='ltr'><strong>Ecclesia</strong></span> <span class='ocrx_word' id='word_1_259' title='bbox 1215 2710 1569 2784; x_wconf 90' lang='lat' dir='ltr'><strong>existebat,</strong></span> <span class='ocrx_word' id='word_1_260' title='bbox 1620 2714 2004 2788; x_wconf 88' lang='lat' dir='ltr'><strong>usurparet,</strong></span> <span class='ocrx_word' id='word_1_261' title='bbox 2053 2707 2229 2771; x_wconf 90' lang='lat' dir='ltr'><strong>illico</strong></span> <span class='ocrx_word' id='word_1_262' title='bbox 2284 2708 2363 2771; x_wconf 91' lang='lat' dir='ltr'><strong>ad</strong></span> <span class='ocrx_word' id='word_1_263' title='bbox 2415 2707 2659 2786; x_wconf 88' lang='lat' dir='ltr'><strong>regiam</strong></span> <span class='ocrx_word' id='word_1_264' title='bbox 2700 2707 2928 2770; x_wconf 88' lang='lat' dir='ltr'><strong>urbem</strong></span> <span class='ocrx_word' id='word_1_265' title='bbox 2976 2708 3313 2788; x_wconf 81' lang='lat' dir='ltr'><strong>conjunxit</strong></span> <span class='ocrx_word' id='word_1_266' title='bbox 3346 2721 3377 2761; x_wconf 80' lang='grc' dir='ltr'><strong>ιι</strong></span> <span class='ocrx_word' id='word_1_267' title='bbox 3406 2732 3535 2777; x_wconf 77' lang='lat' dir='ltr'><strong>sa-</strong></span> 
     </span>
    </p>
   </div>
   <div class='ocr_carea' id='block_1_26' title="bbox 399 2813 3530 2908">
    <p class='ocr_par' dir='ltr' id='par_1_26' title="bbox 399 2813 3530 2908">
     <span class='ocr_line' id='line_1_26' title="bbox 399 2813 3530 2908; baseline -0.003 -18"><span class='ocrx_word' id='word_1_268' title='bbox 399 2827 650 2908; x_wconf 87' lang='lat' dir='ltr'><strong>pefatus</strong></span> <span class='ocrx_word' id='word_1_269' title='bbox 711 2828 992 2897; x_wconf 81' lang='lat' dir='ltr'><strong>Joannes</strong></span> <span class='ocrx_word' id='word_1_270' title='bbox 1060 2819 1412 2903; x_wconf 89' lang='lat' dir='ltr'><strong>imperialis</strong></span> <span class='ocrx_word' id='word_1_271' title='bbox 1470 2815 1872 2882; x_wconf 89' lang='lat' dir='ltr'><strong>silentiarius</strong></span> <span class='ocrx_word' id='word_1_272' title='bbox 1935 2831 2080 2879; x_wconf 92' lang='lat' dir='ltr'><strong>cum</strong></span> <span class='ocrx_word' id='word_1_273' title='bbox 2138 2814 2358 2877; x_wconf 91' lang='lat' dir='ltr'><strong>missis</strong></span> <span class='ocrx_word' id='word_1_274' title='bbox 2429 2813 2642 2894; x_wconf 90' lang='lat' dir='ltr'><strong>ipsius</strong></span> <span class='ocrx_word' id='word_1_275' title='bbox 2717 2813 3108 2876; x_wconf 90' lang='lat' dir='ltr'><strong>sanctissimi</strong></span> <span class='ocrx_word' id='word_1_276' title='bbox 3182 2817 3530 2895; x_wconf 91' lang='lat' dir='ltr'><strong>pontiﬁcis,</strong></span> 
     </span>
    </p>
   </div>
   <div class='ocr_carea' id='block_1_27' title="bbox 315 2914 3530 3005">
    <p class='ocr_par' dir='ltr' id='par_1_27' title="bbox 315 2914 3530 3005">
     <span class='ocr_line' id='line_1_27' title="bbox 315 2914 3530 3005; baseline -0.004 -11"><span class='ocrx_word' id='word_1_277' title='bbox 315 2933 361 2994; x_wconf 73' lang='grc' dir='ltr'>ὅ</span> <span class='ocrx_word' id='word_1_278' title='bbox 399 2929 694 2994; x_wconf 85' lang='lat' dir='ltr'><strong>deferens</strong></span> <span class='ocrx_word' id='word_1_279' title='bbox 743 2944 963 2992; x_wconf 92' lang='lat' dir='ltr'><strong>secum</strong></span> <span class='ocrx_word' id='word_1_280' title='bbox 1024 2931 1086 2989; x_wconf 89' lang='lat' dir='ltr'><strong>et</strong></span> <span class='ocrx_word' id='word_1_281' title='bbox 1138 2940 1284 3005; x_wconf 87' lang='lat' dir='ltr'><strong>qua</strong></span> <span class='ocrx_word' id='word_1_282' title='bbox 1344 2921 1792 3001; x_wconf 90' lang='lat' dir='ltr'><strong>deportaverat</strong></span> <span class='ocrx_word' id='word_1_283' title='bbox 1854 2916 2069 2997; x_wconf 91' lang='lat' dir='ltr'><strong>iniqui</strong></span> <span class='ocrx_word' id='word_1_284' title='bbox 2138 2914 2715 2994; x_wconf 88' lang='lat' dir='ltr'><strong>Langobardorum</strong></span> <span class='ocrx_word' id='word_1_285' title='bbox 2770 2915 2940 2994; x_wconf 88' lang='lat' dir='ltr'><strong>regis</strong></span> <span class='ocrx_word' id='word_1_286' title='bbox 2989 2914 3275 2991; x_wconf 90' lang='lat' dir='ltr'><strong>missus,</strong></span> <span class='ocrx_word' id='word_1_287' title='bbox 3330 2919 3530 2984; x_wconf 90' lang='lat' dir='ltr'><strong>simul</strong></span> 
     </span>
    </p>
   </div>
   <div class='ocr_carea' id='block_1_28' title="bbox 397 3019 3529 3116">
    <p class='ocr_par' dir='ltr' id='par_1_28' title="bbox 397 3019 3529 3116">
     <span class='ocr_line' id='line_1_28' title="bbox 397 3019 3529 3116; baseline -0.004 -15"><span class='ocrx_word' id='word_1_288' title='bbox 397 3045 459 3103; x_wconf 91' lang='lat' dir='ltr'><strong>et</strong></span> <span class='ocrx_word' id='word_1_289' title='bbox 506 3036 873 3116; x_wconf 54' lang='lat' dir='ltr'><strong>jussio’nem</strong></span> <span class='ocrx_word' id='word_1_290' title='bbox 928 3028 1373 3111; x_wconf 90' lang='lat' dir='ltr'><strong>imperialem,</strong></span> <span class='ocrx_word' id='word_1_291' title='bbox 1439 3026 1506 3089; x_wconf 90' lang='lat' dir='ltr'><strong>in</strong></span> <span class='ocrx_word' id='word_1_292' title='bbox 1573 3042 1701 3107; x_wconf 86' lang='lat' dir='ltr'><strong>qua</strong></span> <span class='ocrx_word' id='word_1_293' title='bbox 1754 3021 2007 3087; x_wconf 90' lang='lat' dir='ltr'><strong>inherat</strong></span> <span class='ocrx_word' id='word_1_294' title='bbox 2074 3023 2093 3063; x_wconf 73' lang='grc' dir='ltr'><strong>ί</strong></span> <span class='ocrx_word' id='word_1_295' title='bbox 2146 3020 2465 3084; x_wconf 91' lang='lat' dir='ltr'><strong>insertum</strong></span> <span class='ocrx_word' id='word_1_296' title='bbox 2512 3038 2559 3109; x_wconf 24' lang='lat' dir='ltr'><strong>.a</strong></span> <span class='ocrx_word' id='word_1_297' title='bbox 2632 3019 3207 3100; x_wconf 91' lang='lat' dir='ltr'><strong>Langobardorum</strong></span> <span class='ocrx_word' id='word_1_298' title='bbox 3269 3039 3418 3103; x_wconf 91' lang='lat' dir='ltr'><strong>rege</strong></span> <span class='ocrx_word' id='word_1_299' title='bbox 3477 3022 3529 3100; x_wconf 71' lang='grc' dir='ltr'><strong>ί,</strong></span> 
     </span>
    </p>
   </div>
   <div class='ocr_carea' id='block_1_29' title="bbox 398 3126 3524 3216">
    <p class='ocr_par' dir='ltr' id='par_1_29' title="bbox 398 3126 3524 3216">
     <span class='ocr_line' id='line_1_29' title="bbox 398 3126 3524 3216; baseline -0.004 -9"><span class='ocrx_word' id='word_1_300' title='bbox 398 3143 697 3207; x_wconf 87' lang='lat' dir='ltr'><strong>eumdem</strong></span> <span class='ocrx_word' id='word_1_301' title='bbox 742 3137 1254 3203; x_wconf 71' lang='lat' dir='ltr'><strong>sanctissimum</strong></span> <span class='ocrx_word' id='word_1_302' title='bbox 1332 3150 1562 3216; x_wconf 88' lang='lat' dir='ltr'><strong>papam</strong></span> <span class='ocrx_word' id='word_1_303' title='bbox 1620 3148 1789 3199; x_wconf 88' lang='lat' dir='ltr'><strong>esse</strong></span> <span class='ocrx_word' id='word_1_304' title='bbox 1874 3133 2289 3211; x_wconf 88' lang='lat' dir='ltr'><strong>properatum</strong></span> <span class='ocrx_word' id='word_1_305' title='bbox 2371 3128 2455 3191; x_wconf 92' lang='lat' dir='ltr'><strong>ob</strong></span> <span class='ocrx_word' id='word_1_306' title='bbox 2537 3126 2971 3208; x_wconf 87' lang='lat' dir='ltr'><strong>recipiendam</strong></span> <span class='ocrx_word' id='word_1_307' title='bbox 3060 3129 3524 3193; x_wconf 84' lang='lat' dir='ltr'><strong>Ravennatium</strong></span> 
     </span>
    </p>
   </div>
   <div class='ocr_carea' id='block_1_30' title="bbox 398 3228 3528 3313">
    <p class='ocr_par' dir='ltr' id='par_1_30' title="bbox 398 3228 3528 3313">
     <span class='ocr_line' id='line_1_30' title="bbox 398 3228 3528 3313; baseline -0.003 -8"><span class='ocrx_word' id='word_1_308' title='bbox 398 3243 622 3307; x_wconf 89' lang='lat' dir='ltr'><strong>urbem</strong></span> <span class='ocrx_word' id='word_1_309' title='bbox 709 3246 771 3303; x_wconf 89' lang='lat' dir='ltr'><strong>et</strong></span> <span class='ocrx_word' id='word_1_310' title='bbox 848 3238 1138 3302; x_wconf 88' lang='lat' dir='ltr'><strong>civitates</strong></span> <span class='ocrx_word' id='word_1_311' title='bbox 1214 3233 1272 3298; x_wconf 90' lang='lat' dir='ltr'><strong>ei</strong></span> <span class='ocrx_word' id='word_1_312' title='bbox 1334 3241 1365 3283; x_wconf 75' lang='grc' dir='ltr'><strong>ιι</strong></span> <span class='ocrx_word' id='word_1_313' title='bbox 1420 3231 1838 3313; x_wconf 89' lang='lat' dir='ltr'><strong>pertinentes.</strong></span> <span class='ocrx_word' id='word_1_314' title='bbox 1904 3231 2026 3293; x_wconf 91' lang='lat' dir='ltr'><strong>Pro</strong></span> <span class='ocrx_word' id='word_1_315' title='bbox 2102 3246 2235 3311; x_wconf 91' lang='lat' dir='ltr'><strong>quo</strong></span> <span class='ocrx_word' id='word_1_316' title='bbox 2298 3232 2361 3291; x_wconf 89' lang='lat' dir='ltr'><strong>et</strong></span> <span class='ocrx_word' id='word_1_317' title='bbox 2428 3228 2508 3291; x_wconf 92' lang='lat' dir='ltr'><strong>de</strong></span> <span class='ocrx_word' id='word_1_318' title='bbox 2565 3228 3293 3309; x_wconf 26' lang='lat' dir='ltr'><strong>prasenti.Stephanus</strong></span> <span class='ocrx_word' id='word_1_319' title='bbox 3364 3249 3528 3310; x_wconf 85' lang='lat' dir='ltr'><strong>papa</strong></span> 
     </span>
    </p>
   </div>
   <div class='ocr_carea' id='block_1_31' title="bbox 393 3328 3526 3421">
    <p class='ocr_par' dir='ltr' id='par_1_31' title="bbox 393 3328 3526 3421">
     <span class='ocr_line' id='line_1_31' title="bbox 393 3328 3526 3421; baseline -0.003 -16"><span class='ocrx_word' id='word_1_320' title='bbox 393 3343 630 3407; x_wconf 87' lang='lat' dir='ltr'><strong>direxit</strong></span> <span class='ocrx_word' id='word_1_321' title='bbox 691 3339 772 3404; x_wconf 89' lang='lat' dir='ltr'><strong>ad</strong></span> <span class='ocrx_word' id='word_1_322' title='bbox 830 3339 1131 3403; x_wconf 89' lang='lat' dir='ltr'><strong>eumdem</strong></span> <span class='ocrx_word' id='word_1_323' title='bbox 1193 3332 1647 3414; x_wconf 89' lang='lat' dir='ltr'><strong>blasphemum</strong></span> <span class='ocrx_word' id='word_1_324' title='bbox 1712 3347 1928 3409; x_wconf 82' lang='lat' dir='ltr'><strong>regem</strong></span> <span class='ocrx_word' id='word_1_325' title='bbox 1991 3345 2188 3393; x_wconf 90' lang='lat' dir='ltr'><strong>suum</strong></span> <span class='ocrx_word' id='word_1_326' title='bbox 2256 3328 2526 3421; x_wconf 85' lang='lat' dir='ltr'><strong>missum</strong></span> <span class='ocrx_word' id='word_1_327' title='bbox 2576 3346 2693 3410; x_wconf 89' lang='lat' dir='ltr'><strong>pro</strong></span> <span class='ocrx_word' id='word_1_328' title='bbox 2738 3347 2895 3407; x_wconf 91' lang='lat' dir='ltr'><strong>sua,</strong></span> <span class='ocrx_word' id='word_1_329' title='bbox 2950 3336 3016 3392; x_wconf 89' lang='lat' dir='ltr'><strong>et</strong></span> <span class='ocrx_word' id='word_1_330' title='bbox 3072 3331 3186 3412; x_wconf 91' lang='lat' dir='ltr'><strong>qui</strong></span> <span class='ocrx_word' id='word_1_331' title='bbox 3246 3349 3391 3395; x_wconf 88' lang='lat' dir='ltr'><strong>cum</strong></span> <span class='ocrx_word' id='word_1_332' title='bbox 3447 3351 3526 3398; x_wconf 89' lang='lat' dir='ltr'><strong>eo</strong></span> 
     </span>
    </p>
   </div>
   <div class='ocr_carea' id='block_1_32' title="bbox 264 3430 3529 3518">
    <p class='ocr_par' dir='ltr' id='par_1_32' title="bbox 264 3430 3529 3518">
     <span class='ocr_line' id='line_1_32' title="bbox 264 3430 3529 3518; baseline -0.004 -7"><span class='ocrx_word' id='word_1_333' title='bbox 264 3449 352 3511; x_wconf 74' lang='lat'><strong>10</strong></span> <span class='ocrx_word' id='word_1_334' title='bbox 382 3446 538 3509; x_wconf 88' lang='lat' dir='ltr'><strong>ituri</strong></span> <span class='ocrx_word' id='word_1_335' title='bbox 596 3447 818 3518; x_wconf 89' lang='lat' dir='ltr'><strong>erant,</strong></span> <span class='ocrx_word' id='word_1_336' title='bbox 886 3437 1339 3504; x_wconf 89' lang='lat' dir='ltr'><strong>indemnitate.</strong></span> <span class='ocrx_word' id='word_1_337' title='bbox 1407 3436 1690 3516; x_wconf 84' lang='lat' dir='ltr'><strong>Ipsaque</strong></span> <span class='ocrx_word' id='word_1_338' title='bbox 1751 3448 2013 3495; x_wconf 80' lang='lat' dir='ltr'><strong>reverso</strong></span> <span class='ocrx_word' id='word_1_339' title='bbox 2084 3430 2464 3511; x_wconf 90' lang='lat' dir='ltr'><strong>extemplo,</strong></span> <span class='ocrx_word' id='word_1_340' title='bbox 2526 3437 2587 3492; x_wconf 91' lang='lat' dir='ltr'><strong>et</strong></span> <span class='ocrx_word' id='word_1_341' title='bbox 2659 3430 2842 3494; x_wconf 91' lang='lat' dir='ltr'><strong>missi</strong></span> <span class='ocrx_word' id='word_1_342' title='bbox 2896 3431 3030 3513; x_wconf 89' lang='lat' dir='ltr'><strong>jam</strong></span> <span class='ocrx_word' id='word_1_343' title='bbox 3096 3433 3212 3495; x_wconf 82' lang='lat' dir='ltr'><strong>fati</strong></span> <span class='ocrx_word' id='word_1_344' title='bbox 3266 3435 3529 3515; x_wconf 88' lang='lat' dir='ltr'><strong>Pippini</strong></span> 
     </span>
    </p>
   </div>
   <div class='ocr_carea' id='block_1_33' title="bbox 391 3522 3525 3628">
    <p class='ocr_par' dir='ltr' id='par_1_33' title="bbox 391 3522 3525 3628">
     <span class='ocr_line' id='line_1_33' title="bbox 391 3522 3525 3628; baseline -0.001 -24"><span class='ocrx_word' id='word_1_345' title='bbox 391 3548 562 3628; x_wconf 74' lang='lat' dir='ltr'><strong>regis</strong></span> <span class='ocrx_word' id='word_1_346' title='bbox 643 3548 1033 3609; x_wconf 88' lang='lat' dir='ltr'><strong>Francorum</strong></span> <span class='ocrx_word' id='word_1_347' title='bbox 1109 3540 1624 3619; x_wconf 89' lang='lat' dir='ltr'><strong>conjunxerunt,</strong></span> <span class='ocrx_word' id='word_1_348' title='bbox 1703 3533 1772 3596; x_wconf 91' lang='lat' dir='ltr'><strong>id</strong></span> <span class='ocrx_word' id='word_1_349' title='bbox 1830 3541 1927 3597; x_wconf 88' lang='lat' dir='ltr'><strong>est</strong></span> <span class='ocrx_word' id='word_1_350' title='bbox 1983 3532 2399 3611; x_wconf 79' lang='lat' dir='ltr'><strong>Radigangus</strong></span> <span class='ocrx_word' id='word_1_351' title='bbox 2466 3536 2488 3578; x_wconf 83' lang='grc' dir='ltr'><strong>ι</strong></span> <span class='ocrx_word' id='word_1_352' title='bbox 2549 3531 2940 3612; x_wconf 92' lang='lat' dir='ltr'><strong>episcopus,</strong></span> <span class='ocrx_word' id='word_1_353' title='bbox 3015 3522 3077 3596; x_wconf 89' lang='lat' dir='ltr'><strong>et</strong></span> <span class='ocrx_word' id='word_1_354' title='bbox 3134 3533 3525 3601; x_wconf 86' lang='lat' dir='ltr'><strong>Autcbarius</strong></span> 
     </span>
    </p>
   </div>
   <div class='ocr_carea' id='block_1_34' title="bbox 388 3631 3519 3726">
    <p class='ocr_par' dir='ltr' id='par_1_34' title="bbox 388 3631 3519 3726">
     <span class='ocr_line' id='line_1_34' title="bbox 388 3631 3519 3726; baseline -0.003 -16"><span class='ocrx_word' id='word_1_355' title='bbox 388 3648 522 3709; x_wconf 91' lang='lat' dir='ltr'><strong>dux</strong></span> <span class='ocrx_word' id='word_1_356' title='bbox 599 3650 917 3726; x_wconf 90' lang='lat' dir='ltr'><strong>quatenus</strong></span> <span class='ocrx_word' id='word_1_357' title='bbox 1003 3639 1374 3722; x_wconf 88' lang='lat' dir='ltr'><strong>pradictum</strong></span> <span class='ocrx_word' id='word_1_358' title='bbox 1452 3633 1933 3699; x_wconf 88' lang='lat' dir='ltr'><strong>sanctissimum</strong></span> <span class='ocrx_word' id='word_1_359' title='bbox 2012 3650 2238 3713; x_wconf 92' lang='lat' dir='ltr'><strong>papam</strong></span> <span class='ocrx_word' id='word_1_360' title='bbox 2321 3631 2538 3713; x_wconf 83' lang='lat' dir='ltr'><strong>(juxta</strong></span> <span class='ocrx_word' id='word_1_361' title='bbox 2618 3632 2793 3713; x_wconf 85' lang='lat' dir='ltr'><strong>quod</strong></span> <span class='ocrx_word' id='word_1_362' title='bbox 2866 3634 3146 3712; x_wconf 89' lang='lat' dir='ltr'><strong>petendo</strong></span> <span class='ocrx_word' id='word_1_363' title='bbox 3209 3635 3519 3719; x_wconf 86' lang='lat' dir='ltr'><strong>miserat)</strong></span> 
     </span>
    </p>
   </div>
   <div class='ocr_carea' id='block_1_35' title="bbox 390 3732 3522 3819">
    <p class='ocr_par' dir='ltr' id='par_1_35' title="bbox 390 3732 3522 3819">
     <span class='ocr_line' id='line_1_35' title="bbox 390 3732 3522 3819; baseline -0.003 -8"><span class='ocrx_word' id='word_1_364' title='bbox 390 3750 471 3811; x_wconf 84' lang='lat' dir='ltr'><strong>ad</strong></span> <span class='ocrx_word' id='word_1_365' title='bbox 529 3764 721 3810; x_wconf 91' lang='lat' dir='ltr'><strong>suum</strong></span> <span class='ocrx_word' id='word_1_366' title='bbox 773 3741 1054 3806; x_wconf 88' lang='lat' dir='ltr'><strong>Francia</strong></span> <span class='ocrx_word' id='word_1_367' title='bbox 1092 3753 1134 3782; x_wconf 78' lang='grc' dir='ltr'><strong>ιιι</strong></span> <span class='ocrx_word' id='word_1_368' title='bbox 1183 3754 1399 3819; x_wconf 88' lang='lat' dir='ltr'><strong>regem</strong></span> <span class='ocrx_word' id='word_1_369' title='bbox 1458 3736 1891 3806; x_wconf 88' lang='lat' dir='ltr'><strong>deducerent,</strong></span> <span class='ocrx_word' id='word_1_370' title='bbox 1946 3750 2142 3812; x_wconf 91' lang='lat' dir='ltr'><strong>quem</strong></span> <span class='ocrx_word' id='word_1_371' title='bbox 2195 3732 2388 3796; x_wconf 90' lang='lat' dir='ltr'><strong>etiam</strong></span> <span class='ocrx_word' id='word_1_372' title='bbox 2450 3738 2740 3812; x_wconf 89' lang='lat' dir='ltr'><strong>paratum</strong></span> <span class='ocrx_word' id='word_1_373' title='bbox 2794 3732 3177 3798; x_wconf 91' lang='lat' dir='ltr'><strong>invenerant</strong></span> <span class='ocrx_word' id='word_1_374' title='bbox 3228 3735 3309 3798; x_wconf 91' lang='lat' dir='ltr'><strong>ad</strong></span> <span class='ocrx_word' id='word_1_375' title='bbox 3355 3756 3522 3818; x_wconf 89' lang='lat' dir='ltr'><strong>pra-</strong></span> 
     </span>
    </p>
   </div>
   <div class='ocr_carea' id='block_1_36' title="bbox 385 3830 3509 3925">
    <p class='ocr_par' dir='ltr' id='par_1_36' title="bbox 385 3830 3509 3925">
     <span class='ocr_line' id='line_1_36' title="bbox 385 3830 3509 3925; baseline -0.003 -13"><span class='ocrx_word' id='word_1_376' title='bbox 385 3849 628 3912; x_wconf 90' lang='lat' dir='ltr'><strong>dictum</strong></span> <span class='ocrx_word' id='word_1_377' title='bbox 669 3841 1235 3925; x_wconf 88' lang='lat' dir='ltr'><strong>Langobardorum</strong></span> <span class='ocrx_word' id='word_1_378' title='bbox 1298 3854 1518 3916; x_wconf 90' lang='lat' dir='ltr'><strong>regem</strong></span> <span class='ocrx_word' id='word_1_379' title='bbox 1572 3831 2087 3916; x_wconf 90' lang='lat' dir='ltr'><strong>praperandum,</strong></span> <span class='ocrx_word' id='word_1_380' title='bbox 2127 3848 2244 3914; x_wconf 91' lang='lat' dir='ltr'><strong>pro</strong></span> <span class='ocrx_word' id='word_1_381' title='bbox 2288 3830 2747 3912; x_wconf 90' lang='lat' dir='ltr'><strong>recolligendis</strong></span> <span class='ocrx_word' id='word_1_382' title='bbox 2791 3831 3114 3897; x_wconf 85' lang='lat' dir='ltr'><strong>universis</strong></span> <span class='ocrx_word' id='word_1_383' title='bbox 3163 3833 3509 3902; x_wconf 91' lang='lat' dir='ltr'><strong>dominicis</strong></span> 
     </span>
    </p>
   </div>
   <div class='ocr_carea' id='block_1_37' title="bbox 256 3939 1506 4026">
    <p class='ocr_par' dir='ltr' id='par_1_37' title="bbox 256 3939 1506 4026">
     <span class='ocr_line' id='line_1_37' title="bbox 256 3939 1506 4026; baseline -0.016 -16"><span class='ocrx_word' id='word_1_384' title='bbox 256 3947 349 4010; x_wconf 78' lang='lat'><strong>15</strong></span> <span class='ocrx_word' id='word_1_385' title='bbox 389 3943 656 4026; x_wconf 91' lang='lat' dir='ltr'><strong>perditis</strong></span> <span class='ocrx_word' id='word_1_386' title='bbox 690 3939 974 4005; x_wconf 86' lang='lat' dir='ltr'><strong>ovilibus</strong></span> <span class='ocrx_word' id='word_1_387' title='bbox 1016 3956 1068 3997; x_wconf 83' lang='grc' dir='ltr'><strong>ιι.</strong></span> <span class='ocrx_word' id='word_1_388' title='bbox 1500 4003 1506 4008; x_wconf 28' lang='grc' dir='ltr'><strong>ε</strong></span> 
     </span>
    </p>
   </div>
   <div class='ocr_carea' id='block_1_38' title="bbox 464 4032 3519 4115">
    <p class='ocr_par' dir='ltr' id='par_1_38' title="bbox 464 4032 3519 4115">
     <span class='ocr_line' id='line_1_38' title="bbox 464 4032 3519 4115; baseline 0.002 -13"><span class='ocrx_word' id='word_1_389' title='bbox 464 4040 856 4113; x_wconf 72' lang='lat' dir='ltr'><strong>238Tch</strong></span> <span class='ocrx_word' id='word_1_390' title='bbox 902 4036 1253 4102; x_wconf 90' lang='lat' dir='ltr'><strong>consulens</strong></span> <span class='ocrx_word' id='word_1_391' title='bbox 1301 4043 1326 4072; x_wconf 84' lang='lat'><strong><em>°</em></strong></span> <span class='ocrx_word' id='word_1_392' title='bbox 1373 4034 1547 4098; x_wconf 90' lang='lat' dir='ltr'><strong>idem</strong></span> <span class='ocrx_word' id='word_1_393' title='bbox 1601 4032 2018 4097; x_wconf 89' lang='lat' dir='ltr'><strong>beatissimus</strong></span> <span class='ocrx_word' id='word_1_394' title='bbox 2075 4050 2236 4115; x_wconf 90' lang='lat' dir='ltr'><strong>papa</strong></span> <span class='ocrx_word' id='word_1_395' title='bbox 2293 4032 2759 4115; x_wconf 90' lang='lat' dir='ltr'><strong>omnipotentis</strong></span> <span class='ocrx_word' id='word_1_396' title='bbox 2816 4032 2939 4100; x_wconf 89' lang='lat' dir='ltr'><strong>Dei</strong></span> <span class='ocrx_word' id='word_1_397' title='bbox 2998 4037 3204 4102; x_wconf 91' lang='lat' dir='ltr'><strong>nostri</strong></span> <span class='ocrx_word' id='word_1_398' title='bbox 3260 4039 3519 4107; x_wconf 88' lang='lat' dir='ltr'><strong>miseri-</strong></span> 
     </span>
    </p>
   </div>
   <div class='ocr_carea' id='block_1_39' title="bbox 385 4139 3516 4226">
    <p class='ocr_par' dir='ltr' id='par_1_39' title="bbox 385 4139 3516 4226">
     <span class='ocr_line' id='line_1_39' title="bbox 385 4139 3516 4226; baseline -0.001 -12"><span class='ocrx_word' id='word_1_399' title='bbox 385 4148 713 4223; x_wconf 75' lang='lat' dir='ltr'><strong>cordiam,</strong></span> <span class='ocrx_word' id='word_1_400' title='bbox 775 4163 1070 4226; x_wconf 89' lang='lat' dir='ltr'><strong>egressus</strong></span> <span class='ocrx_word' id='word_1_401' title='bbox 1130 4149 1227 4209; x_wconf 85' lang='lat' dir='ltr'><strong>est</strong></span> <span class='ocrx_word' id='word_1_402' title='bbox 1283 4144 1361 4208; x_wconf 88' lang='lat' dir='ltr'><strong>ab</strong></span> <span class='ocrx_word' id='word_1_403' title='bbox 1418 4142 1537 4205; x_wconf 90' lang='lat' dir='ltr'><strong>hac</strong></span> <span class='ocrx_word' id='word_1_404' title='bbox 1601 4142 1884 4204; x_wconf 81' lang='lat' dir='ltr'><strong>Romana</strong></span> <span class='ocrx_word' id='word_1_405' title='bbox 1944 4139 2106 4203; x_wconf 92' lang='lat' dir='ltr'><strong>urbe</strong></span> <span class='ocrx_word' id='word_1_406' title='bbox 2164 4139 2243 4203; x_wconf 91' lang='lat' dir='ltr'><strong>ad</strong></span> <span class='ocrx_word' id='word_1_407' title='bbox 2294 4139 2555 4204; x_wconf 88' lang='lat' dir='ltr'><strong>beatum</strong></span> <span class='ocrx_word' id='word_1_408' title='bbox 2610 4141 2869 4205; x_wconf 91' lang='lat' dir='ltr'><strong>Petrum</strong></span> <span class='ocrx_word' id='word_1_409' title='bbox 2930 4144 3342 4224; x_wconf 90' lang='lat' dir='ltr'><strong>apostolum,</strong></span> <span class='ocrx_word' id='word_1_410' title='bbox 3403 4149 3516 4214; x_wconf 78' lang='lat' dir='ltr'><strong>de-</strong></span> 
     </span>
    </p>
   </div>
   <div class='ocr_carea' id='block_1_40' title="bbox 362 4236 3510 4339">
    <p class='ocr_par' dir='ltr' id='par_1_40' title="bbox 362 4236 3510 4339">
     <span class='ocr_line' id='line_1_40' title="bbox 362 4236 3510 4339; baseline -0.001 -17"><span class='ocrx_word' id='word_1_411' title='bbox 362 4236 550 4325; x_wconf 75' lang='lat' dir='ltr'><strong>cimo</strong></span> <span class='ocrx_word' id='word_1_412' title='bbox 608 4260 837 4339; x_wconf 80' lang='lat' dir='ltr'><strong>quarto</strong></span> <span class='ocrx_word' id='word_1_413' title='bbox 902 4253 1009 4316; x_wconf 89' lang='lat' dir='ltr'><strong>die</strong></span> <span class='ocrx_word' id='word_1_414' title='bbox 1076 4250 1320 4313; x_wconf 89' lang='lat' dir='ltr'><strong>mensis</strong></span> <span class='ocrx_word' id='word_1_415' title='bbox 1376 4247 1713 4322; x_wconf 91' lang='lat' dir='ltr'><strong>Octobris,</strong></span> <span class='ocrx_word' id='word_1_416' title='bbox 1786 4246 2140 4310; x_wconf 89' lang='lat' dir='ltr'><strong>indictione</strong></span> <span class='ocrx_word' id='word_1_417' title='bbox 2208 4246 2515 4329; x_wconf 90' lang='lat' dir='ltr'><strong>septima;</strong></span> <span class='ocrx_word' id='word_1_418' title='bbox 2586 4248 2797 4312; x_wconf 90' lang='lat' dir='ltr'><strong>secuti</strong></span> <span class='ocrx_word' id='word_1_419' title='bbox 2860 4257 3012 4315; x_wconf 90' lang='lat' dir='ltr'><strong>sunt</strong></span> <span class='ocrx_word' id='word_1_420' title='bbox 3074 4269 3220 4317; x_wconf 92' lang='lat' dir='ltr'><strong>eum</strong></span> <span class='ocrx_word' id='word_1_421' title='bbox 3290 4254 3510 4336; x_wconf 91' lang='lat' dir='ltr'><strong>plures</strong></span> 
     </span>
    </p>
   </div>
   <div class='ocr_carea' id='block_1_41' title="bbox 380 4351 3515 4441">
    <p class='ocr_par' dir='ltr' id='par_1_41' title="bbox 380 4351 3515 4441">
     <span class='ocr_line' id='line_1_41' title="bbox 380 4351 3515 4441; baseline 0 -16"><span class='ocrx_word' id='word_1_422' title='bbox 380 4362 818 4426; x_wconf 80' lang='lat' dir='ltr'><strong>Romanorum</strong></span> <span class='ocrx_word' id='word_1_423' title='bbox 897 4365 960 4422; x_wconf 86' lang='lat' dir='ltr'><strong>et</strong></span> <span class='ocrx_word' id='word_1_424' title='bbox 1030 4363 1399 4421; x_wconf 89' lang='lat' dir='ltr'><strong>caterarum</strong></span> <span class='ocrx_word' id='word_1_425' title='bbox 1478 4352 1809 4417; x_wconf 90' lang='lat' dir='ltr'><strong>civitatum</strong></span> <span class='ocrx_word' id='word_1_426' title='bbox 1885 4351 2151 4433; x_wconf 89' lang='lat' dir='ltr'><strong>pepuli,</strong></span> <span class='ocrx_word' id='word_1_427' title='bbox 2236 4352 2463 4418; x_wconf 87' lang='lat' dir='ltr'><strong>ﬂentes</strong></span> <span class='ocrx_word' id='word_1_428' title='bbox 2544 4354 3050 4439; x_wconf 91' lang='lat' dir='ltr'><strong>ululantesque,</strong></span> <span class='ocrx_word' id='word_1_429' title='bbox 3125 4363 3188 4420; x_wconf 89' lang='lat' dir='ltr'><strong>et</strong></span> <span class='ocrx_word' id='word_1_430' title='bbox 3265 4376 3515 4441; x_wconf 90' lang='lat' dir='ltr'><strong>nequa-</strong></span> 
     </span>
    </p>
   </div>
   <div class='ocr_carea' id='block_1_42' title="bbox 298 4457 3510 4551">
    <p class='ocr_par' dir='ltr' id='par_1_42' title="bbox 298 4457 3510 4551">
     <span class='ocr_line' id='line_1_42' title="bbox 298 4457 3510 4551; baseline 0 -20"><span class='ocrx_word' id='word_1_431' title='bbox 298 4468 340 4533; x_wconf 74' lang='grc' dir='ltr'><strong>δ</strong></span> <span class='ocrx_word' id='word_1_432' title='bbox 380 4486 571 4551; x_wconf 89' lang='lat' dir='ltr'><strong>quam</strong></span> <span class='ocrx_word' id='word_1_433' title='bbox 634 4481 783 4530; x_wconf 90' lang='lat' dir='ltr'><strong>eum</strong></span> <span class='ocrx_word' id='word_1_434' title='bbox 843 4462 1100 4544; x_wconf 90' lang='lat' dir='ltr'><strong>penitus</strong></span> <span class='ocrx_word' id='word_1_435' title='bbox 1153 4459 1483 4525; x_wconf 90' lang='lat' dir='ltr'><strong>ambulare</strong></span> <span class='ocrx_word' id='word_1_436' title='bbox 1550 4457 1877 4521; x_wconf 90' lang='lat' dir='ltr'><strong>sinebant.</strong></span> <span class='ocrx_word' id='word_1_437' title='bbox 1944 4457 2072 4534; x_wconf 88' lang='lat' dir='ltr'><strong>Qui</strong></span> <span class='ocrx_word' id='word_1_438' title='bbox 2140 4458 2439 4524; x_wconf 87' lang='lat' dir='ltr'><strong>videlicet</strong></span> <span class='ocrx_word' id='word_1_439' title='bbox 2518 4459 2967 4525; x_wconf 87' lang='lat' dir='ltr'><strong>sanctissimus</strong></span> <span class='ocrx_word' id='word_1_440' title='bbox 3022 4463 3167 4539; x_wconf 86' lang='lat' dir='ltr'><strong>vir,</strong></span> <span class='ocrx_word' id='word_1_441' title='bbox 3228 4482 3374 4530; x_wconf 91' lang='lat' dir='ltr'><strong>sese</strong></span> <span class='ocrx_word' id='word_1_442' title='bbox 3440 4467 3510 4531; x_wconf 91' lang='lat' dir='ltr'><strong>in</strong></span> 
     </span>
    </p>
   </div>
   <div class='ocr_carea' id='block_1_43' title="bbox 375 4559 3510 4647">
    <p class='ocr_par' dir='ltr' id='par_1_43' title="bbox 375 4559 3510 4647">
     <span class='ocr_line' id='line_1_43' title="bbox 375 4559 3510 4647; baseline -0.001 -12"><span class='ocrx_word' id='word_1_443' title='bbox 375 4572 497 4635; x_wconf 86' lang='lat' dir='ltr'><strong>Dei</strong></span> <span class='ocrx_word' id='word_1_444' title='bbox 574 4570 813 4633; x_wconf 88' lang='lat' dir='ltr'><strong>virtute</strong></span> <span class='ocrx_word' id='word_1_445' title='bbox 877 4574 940 4631; x_wconf 90' lang='lat' dir='ltr'><strong>et</strong></span> <span class='ocrx_word' id='word_1_446' title='bbox 1011 4563 1406 4646; x_wconf 89' lang='lat' dir='ltr'><strong>protectione</strong></span> <span class='ocrx_word' id='word_1_447' title='bbox 1481 4569 1714 4628; x_wconf 88' lang='lat' dir='ltr'><strong>sancta</strong></span> <span class='ocrx_word' id='word_1_448' title='bbox 1777 4559 1899 4623; x_wconf 91' lang='lat' dir='ltr'><strong>Dei</strong></span> <span class='ocrx_word' id='word_1_449' title='bbox 1976 4560 2324 4625; x_wconf 87' lang='lat' dir='ltr'><strong>Genitricis</strong></span> <span class='ocrx_word' id='word_1_450' title='bbox 2406 4567 2469 4624; x_wconf 91' lang='lat' dir='ltr'><strong>et</strong></span> <span class='ocrx_word' id='word_1_451' title='bbox 2530 4563 2868 4628; x_wconf 87' lang='lat' dir='ltr'><strong>beatorum</strong></span> <span class='ocrx_word' id='word_1_452' title='bbox 2932 4564 3300 4645; x_wconf 89' lang='lat' dir='ltr'><strong>principum</strong></span> <span class='ocrx_word' id='word_1_453' title='bbox 3354 4585 3510 4647; x_wconf 88' lang='lat' dir='ltr'><strong>apo-</strong></span> 
     </span>
    </p>
   </div>
   <div class='ocr_carea' id='block_1_44' title="bbox 380 4663 3509 4757">
    <p class='ocr_par' dir='ltr' id='par_1_44' title="bbox 380 4663 3509 4757">
     <span class='ocr_line' id='line_1_44' title="bbox 380 4663 3509 4757; baseline -0.002 -18"><span class='ocrx_word' id='word_1_454' title='bbox 380 4675 694 4740; x_wconf 90' lang='lat' dir='ltr'><strong>stolorum</strong></span> <span class='ocrx_word' id='word_1_455' title='bbox 741 4670 1109 4744; x_wconf 83' lang='lat' dir='ltr'><strong>conﬁdens,</strong></span> <span class='ocrx_word' id='word_1_456' title='bbox 1163 4672 1532 4732; x_wconf 90' lang='lat' dir='ltr'><strong>constanter</strong></span> <span class='ocrx_word' id='word_1_457' title='bbox 1578 4683 1694 4746; x_wconf 90' lang='lat' dir='ltr'><strong>pro</strong></span> <span class='ocrx_word' id='word_1_458' title='bbox 1742 4663 1954 4727; x_wconf 86' lang='lat' dir='ltr'><strong>salute</strong></span> <span class='ocrx_word' id='word_1_459' title='bbox 2005 4664 2298 4727; x_wconf 91' lang='lat' dir='ltr'><strong>omnium</strong></span> <span class='ocrx_word' id='word_1_460' title='bbox 2327 4709 2345 4740; x_wconf 93' lang='lat'><strong>,</strong></span> <span class='ocrx_word' id='word_1_461' title='bbox 2400 4663 2552 4728; x_wconf 90' lang='lat' dir='ltr'><strong>licet</strong></span> <span class='ocrx_word' id='word_1_462' title='bbox 2602 4666 2986 4757; x_wconf 39' lang='lat' dir='ltr'><strong>inﬁrmitate.</strong></span> <span class='ocrx_word' id='word_1_463' title='bbox 3026 4670 3317 4748; x_wconf 87' lang='lat' dir='ltr'><strong>corporis</strong></span> <span class='ocrx_word' id='word_1_464' title='bbox 3383 4673 3509 4735; x_wconf 90' lang='lat' dir='ltr'><strong>de—</strong></span> 
     </span>
    </p>
   </div>
   <div class='ocr_carea' id='block_1_45' title="bbox 294 4749 3497 4853">
    <p class='ocr_par' dir='ltr' id='par_1_45' title="bbox 294 4749 3497 4853">
     <span class='ocr_line' id='line_1_45' title="bbox 294 4749 3497 4853; baseline -0.001 -10"><span class='ocrx_word' id='word_1_465' title='bbox 294 4749 301 4757; x_wconf 25' lang='lat'><strong><em>.</em></strong></span> <span class='ocrx_word' id='word_1_466' title='bbox 382 4785 646 4853; x_wconf 90' lang='lat' dir='ltr'><strong>tentus,</strong></span> <span class='ocrx_word' id='word_1_467' title='bbox 721 4776 1117 4841; x_wconf 89' lang='lat' dir='ltr'><strong>laboriosum</strong></span> <span class='ocrx_word' id='word_1_468' title='bbox 1179 4789 1522 4853; x_wconf 88' lang='lat' dir='ltr'><strong>aggressus</strong></span> <span class='ocrx_word' id='word_1_469' title='bbox 1595 4778 1695 4834; x_wconf 91' lang='lat' dir='ltr'><strong>est</strong></span> <span class='ocrx_word' id='word_1_470' title='bbox 1759 4770 1926 4845; x_wconf 88' lang='lat' dir='ltr'><strong>iter,</strong></span> <span class='ocrx_word' id='word_1_471' title='bbox 1990 4769 2359 4834; x_wconf 87' lang='lat' dir='ltr'><strong>confortans</strong></span> <span class='ocrx_word' id='word_1_472' title='bbox 2426 4779 2622 4852; x_wconf 88' lang='lat' dir='ltr'><strong>atque</strong></span> <span class='ocrx_word' id='word_1_473' title='bbox 2683 4749 3140 4835; x_wconf 80' lang='lat' dir='ltr'><strong>commendans</strong></span> <span class='ocrx_word' id='word_1_474' title='bbox 3205 4782 3497 4840; x_wconf 85' lang='lat' dir='ltr'><strong>cunctam</strong></span> 
     </span>
    </p>
   </div>
   <div class='ocr_carea' id='block_1_46' title="bbox 373 4875 3497 4963">
    <p class='ocr_par' dir='ltr' id='par_1_46' title="bbox 373 4875 3497 4963">
     <span class='ocr_line' id='line_1_46' title="bbox 373 4875 3497 4963; baseline -0.001 -16"><span class='ocrx_word' id='word_1_475' title='bbox 373 4883 777 4948; x_wconf 90' lang='lat' dir='ltr'><strong>Dominicam</strong></span> <span class='ocrx_word' id='word_1_476' title='bbox 853 4881 1107 4963; x_wconf 89' lang='lat' dir='ltr'><strong>plebem</strong></span> <span class='ocrx_word' id='word_1_477' title='bbox 1193 4879 1368 4942; x_wconf 91' lang='lat' dir='ltr'><strong>bona</strong></span> <span class='ocrx_word' id='word_1_478' title='bbox 1438 4876 1681 4959; x_wconf 91' lang='lat' dir='ltr'><strong>pastori</strong></span> <span class='ocrx_word' id='word_1_479' title='bbox 1756 4875 2034 4938; x_wconf 90' lang='lat' dir='ltr'><strong>Domino</strong></span> <span class='ocrx_word' id='word_1_480' title='bbox 2123 4881 2388 4952; x_wconf 91' lang='lat' dir='ltr'><strong>nostra,</strong></span> <span class='ocrx_word' id='word_1_481' title='bbox 2489 4883 2551 4938; x_wconf 90' lang='lat' dir='ltr'><strong>et</strong></span> <span class='ocrx_word' id='word_1_482' title='bbox 2632 4876 2964 4940; x_wconf 83' lang='lat' dir='ltr'><strong>beatorum</strong></span> <span class='ocrx_word' id='word_1_483' title='bbox 3056 4879 3497 4958; x_wconf 88' lang='lat' dir='ltr'><strong>apostolorum</strong></span> 
     </span>
    </p>
   </div>
   <div class='ocr_carea' id='block_1_47' title="bbox 246 4981 3495 5071">
    <p class='ocr_par' dir='ltr' id='par_1_47' title="bbox 246 4981 3495 5071">
     <span class='ocr_line' id='line_1_47' title="bbox 246 4981 3495 5071; baseline -0.002 -15"><span class='ocrx_word' id='word_1_484' title='bbox 246 4992 331 5056; x_wconf 89' lang='grc'><strong>10</strong></span> <span class='ocrx_word' id='word_1_485' title='bbox 372 4988 649 5071; x_wconf 90' lang='lat' dir='ltr'><strong>principi</strong></span> <span class='ocrx_word' id='word_1_486' title='bbox 715 4990 927 5053; x_wconf 92' lang='lat' dir='ltr'><strong>Petro.</strong></span> <span class='ocrx_word' id='word_1_487' title='bbox 986 4990 1067 5051; x_wconf 90' lang='lat' dir='ltr'><strong>Et</strong></span> <span class='ocrx_word' id='word_1_488' title='bbox 1129 5002 1471 5050; x_wconf 90' lang='lat' dir='ltr'><strong>assumens</strong></span> <span class='ocrx_word' id='word_1_489' title='bbox 1530 5001 1754 5048; x_wconf 89' lang='lat' dir='ltr'><strong>secum</strong></span> <span class='ocrx_word' id='word_1_490' title='bbox 1804 5002 1884 5047; x_wconf 90' lang='lat' dir='ltr'><strong>ex</strong></span> <span class='ocrx_word' id='word_1_491' title='bbox 1944 4983 2063 5046; x_wconf 90' lang='lat' dir='ltr'><strong>hac</strong></span> <span class='ocrx_word' id='word_1_492' title='bbox 2122 4988 2339 5046; x_wconf 90' lang='lat' dir='ltr'><strong>sancta</strong></span> <span class='ocrx_word' id='word_1_493' title='bbox 2395 4981 2683 5047; x_wconf 91' lang='lat' dir='ltr'><strong>Ecclesia</strong></span> <span class='ocrx_word' id='word_1_494' title='bbox 2738 4998 2767 5039; x_wconf 75' lang='grc' dir='ltr'><strong>ι»</strong></span> <span class='ocrx_word' id='word_1_495' title='bbox 2816 4982 3131 5065; x_wconf 90' lang='lat' dir='ltr'><strong>quosdam</strong></span> <span class='ocrx_word' id='word_1_496' title='bbox 3196 4987 3495 5051; x_wconf 81' lang='lat' dir='ltr'><strong>sacerdo-</strong></span> 
     </span>
    </p>
   </div>
   <div class='ocr_carea' id='block_1_48' title="bbox 371 5084 3497 5171">
    <p class='ocr_par' dir='ltr' id='par_1_48' title="bbox 371 5084 3497 5171">
     <span class='ocr_line' id='line_1_48' title="bbox 371 5084 3497 5171; baseline -0.001 -17"><span class='ocrx_word' id='word_1_497' title='bbox 371 5095 510 5166; x_wconf 90' lang='lat' dir='ltr'><strong>tes,</strong></span> <span class='ocrx_word' id='word_1_498' title='bbox 569 5106 867 5171; x_wconf 90' lang='lat' dir='ltr'><strong>proceres</strong></span> <span class='ocrx_word' id='word_1_499' title='bbox 927 5090 1121 5153; x_wconf 91' lang='lat' dir='ltr'><strong>etiam</strong></span> <span class='ocrx_word' id='word_1_500' title='bbox 1180 5095 1243 5153; x_wconf 89' lang='lat' dir='ltr'><strong>et</strong></span> <span class='ocrx_word' id='word_1_501' title='bbox 1310 5094 1574 5152; x_wconf 88' lang='lat' dir='ltr'><strong>cateros</strong></span> <span class='ocrx_word' id='word_1_502' title='bbox 1640 5086 2019 5151; x_wconf 91' lang='lat' dir='ltr'><strong>clericorum</strong></span> <span class='ocrx_word' id='word_1_503' title='bbox 2077 5084 2375 5161; x_wconf 89' lang='lat' dir='ltr'><strong>ordinis,</strong></span> <span class='ocrx_word' id='word_1_504' title='bbox 2440 5102 2694 5149; x_wconf 91' lang='lat' dir='ltr'><strong>necnon</strong></span> <span class='ocrx_word' id='word_1_505' title='bbox 2756 5090 2818 5148; x_wconf 89' lang='lat' dir='ltr'><strong>et</strong></span> <span class='ocrx_word' id='word_1_506' title='bbox 2879 5104 2958 5149; x_wconf 90' lang='lat' dir='ltr'><strong>ex</strong></span> <span class='ocrx_word' id='word_1_507' title='bbox 3011 5087 3256 5151; x_wconf 91' lang='lat' dir='ltr'><strong>militia</strong></span> <span class='ocrx_word' id='word_1_508' title='bbox 3322 5091 3497 5170; x_wconf 89' lang='lat' dir='ltr'><strong>apti-</strong></span> 
     </span>
    </p>
   </div>
   <div class='ocr_carea' id='block_1_49' title="bbox 367 5190 3493 5275">
    <p class='ocr_par' dir='ltr' id='par_1_49' title="bbox 367 5190 3493 5275">
     <span class='ocr_line' id='line_1_49' title="bbox 367 5190 3493 5275; baseline 0.001 -17"><span class='ocrx_word' id='word_1_509' title='bbox 367 5195 686 5269; x_wconf 90' lang='lat' dir='ltr'><strong>matibus,</strong></span> <span class='ocrx_word' id='word_1_510' title='bbox 736 5195 991 5259; x_wconf 88' lang='lat' dir='ltr'><strong>Christo</strong></span> <span class='ocrx_word' id='word_1_511' title='bbox 1028 5195 1297 5275; x_wconf 88' lang='lat' dir='ltr'><strong>pravio,</strong></span> <span class='ocrx_word' id='word_1_512' title='bbox 1348 5201 1625 5275; x_wconf 83' lang='lat' dir='ltr'><strong>captum</strong></span> <span class='ocrx_word' id='word_1_513' title='bbox 1665 5198 2046 5275; x_wconf 87' lang='lat' dir='ltr'><strong>prosecutus</strong></span> <span class='ocrx_word' id='word_1_514' title='bbox 2079 5197 2177 5254; x_wconf 88' lang='lat' dir='ltr'><strong>est</strong></span> <span class='ocrx_word' id='word_1_515' title='bbox 2225 5191 2383 5267; x_wconf 92' lang='lat' dir='ltr'><strong>iter,</strong></span> <span class='ocrx_word' id='word_1_516' title='bbox 2422 5209 2718 5273; x_wconf 90' lang='lat' dir='ltr'><strong>magnam</strong></span> <span class='ocrx_word' id='word_1_517' title='bbox 2769 5190 2865 5255; x_wconf 91' lang='lat' dir='ltr'><strong>illi</strong></span> <span class='ocrx_word' id='word_1_518' title='bbox 2905 5192 3044 5258; x_wconf 84' lang='lat' dir='ltr'><strong>cali</strong></span> <span class='ocrx_word' id='word_1_519' title='bbox 3075 5194 3493 5263; x_wconf 89' lang='lat' dir='ltr'><strong>serenitatem</strong></span> 
     </span>
    </p>
   </div>
   <div class='ocr_carea' id='block_1_50' title="bbox 366 5298 1562 5381">
    <p class='ocr_par' dir='ltr' id='par_1_50' title="bbox 366 5298 1562 5381">
     <span class='ocr_line' id='line_1_50' title="bbox 366 5298 1562 5381; baseline 0 -18"><span class='ocrx_word' id='word_1_520' title='bbox 366 5301 643 5365; x_wconf 92' lang='lat' dir='ltr'><strong>Domino</strong></span> <span class='ocrx_word' id='word_1_521' title='bbox 674 5302 742 5365; x_wconf 92' lang='lat' dir='ltr'><strong>in</strong></span> <span class='ocrx_word' id='word_1_522' title='bbox 774 5300 918 5381; x_wconf 90' lang='lat' dir='ltr'><strong>ipsa</strong></span> <span class='ocrx_word' id='word_1_523' title='bbox 946 5299 1184 5362; x_wconf 88' lang='lat' dir='ltr'><strong>itinere</strong></span> <span class='ocrx_word' id='word_1_524' title='bbox 1212 5298 1562 5363; x_wconf 89' lang='lat' dir='ltr'><strong>tribuente.</strong></span> 
     </span>
    </p>
   </div>
   <div class='ocr_carea' id='block_1_51' title="bbox 444 5396 3489 5482">
    <p class='ocr_par' dir='ltr' id='par_1_51' title="bbox 444 5396 3489 5482">
     <span class='ocr_line' id='line_1_51' title="bbox 444 5396 3489 5482; baseline 0.003 -21"><span class='ocrx_word' id='word_1_525' title='bbox 444 5399 608 5471; x_wconf 76' lang='lat'><strong>239</strong></span> <span class='ocrx_word' id='word_1_526' title='bbox 670 5398 877 5480; x_wconf 88' lang='lat' dir='ltr'><strong>Igitur</strong></span> <span class='ocrx_word' id='word_1_527' title='bbox 951 5397 1382 5479; x_wconf 75' lang='lat' dir='ltr'><strong>conjungente</strong></span> <span class='ocrx_word' id='word_1_528' title='bbox 1456 5414 1533 5460; x_wconf 89' lang='lat' dir='ltr'><strong>eo</strong></span> <span class='ocrx_word' id='word_1_529' title='bbox 1608 5396 1742 5460; x_wconf 86' lang='lat' dir='ltr'><strong>fere</strong></span> <span class='ocrx_word' id='word_1_530' title='bbox 1811 5398 2379 5477; x_wconf 85' lang='lat' dir='ltr'><strong>quadragesimum</strong></span> <span class='ocrx_word' id='word_1_531' title='bbox 2462 5396 2837 5462; x_wconf 86' lang='lat' dir='ltr'><strong>milliarium</strong></span> <span class='ocrx_word' id='word_1_532' title='bbox 2915 5403 3489 5482; x_wconf 88' lang='lat' dir='ltr'><strong>Langobardorum</strong></span> 
     </span>
    </p>
   </div>
   <div class='ocr_carea' id='block_1_52' title="bbox 365 5491 3487 5590">
    <p class='ocr_par' dir='ltr' id='par_1_52' title="bbox 365 5491 3487 5590">
     <span class='ocr_line' id='line_1_52' title="bbox 365 5491 3487 5590; baseline 0.004 -25"><span class='ocrx_word' id='word_1_533' title='bbox 365 5502 591 5568; x_wconf 90' lang='lat' dir='ltr'><strong>ﬁnium</strong></span> <span class='ocrx_word' id='word_1_534' title='bbox 645 5514 707 5579; x_wconf 65' lang='grc' dir='ltr'><strong>τι,</strong></span> <span class='ocrx_word' id='word_1_535' title='bbox 760 5504 829 5567; x_wconf 92' lang='lat' dir='ltr'><strong>in</strong></span> <span class='ocrx_word' id='word_1_536' title='bbox 882 5520 1012 5566; x_wconf 91' lang='lat' dir='ltr'><strong>una</strong></span> <span class='ocrx_word' id='word_1_537' title='bbox 1060 5503 1344 5568; x_wconf 86' lang='lat' dir='ltr'><strong>noctium</strong></span> <span class='ocrx_word' id='word_1_538' title='bbox 1392 5503 1653 5581; x_wconf 87' lang='lat' dir='ltr'><strong>signum</strong></span> <span class='ocrx_word' id='word_1_539' title='bbox 1707 5502 1776 5565; x_wconf 92' lang='lat' dir='ltr'><strong>in</strong></span> <span class='ocrx_word' id='word_1_540' title='bbox 1826 5491 1983 5567; x_wconf 72' lang='lat' dir='ltr'><strong>calo</strong></span> <span class='ocrx_word' id='word_1_541' title='bbox 2026 5520 2331 5583; x_wconf 89' lang='lat' dir='ltr'><strong>magnum</strong></span> <span class='ocrx_word' id='word_1_542' title='bbox 2379 5504 2704 5583; x_wconf 88' lang='lat' dir='ltr'><strong>apparuit,</strong></span> <span class='ocrx_word' id='word_1_543' title='bbox 2751 5505 2934 5584; x_wconf 88' lang='lat' dir='ltr'><strong>quasi</strong></span> <span class='ocrx_word' id='word_1_544' title='bbox 2974 5506 3204 5586; x_wconf 91' lang='lat' dir='ltr'><strong>globus</strong></span> <span class='ocrx_word' id='word_1_545' title='bbox 3251 5510 3487 5590; x_wconf 75' lang='lat' dir='ltr'><strong>igneas</strong></span> 
     </span>
    </p>
   </div>
   <div class='ocr_carea' id='block_1_53' title="bbox 1284 5619 2392 5664">
    <p class='ocr_par' dir='ltr' id='par_1_53' title="bbox 1284 5619 2392 5664">
     <span class='ocr_line' id='line_1_53' title="bbox 1284 5619 2392 5664; baseline 0.002 -2"><span class='ocrx_word' id='word_1_546' title='bbox 1284 5619 1556 5663; x_wconf 71' lang='lat' dir='ltr'><strong>NOTULE</strong></span> <span class='ocrx_word' id='word_1_547' title='bbox 1609 5619 2009 5663; x_wconf 73' lang='lat' dir='ltr'><strong>MARGINALES</strong></span> <span class='ocrx_word' id='word_1_548' title='bbox 2052 5619 2392 5664; x_wconf 73' lang='lat' dir='ltr'><strong>FABROTTI.</strong></span> 
     </span>
    </p>
   </div>
   <div class='ocr_carea' id='block_1_54' title="bbox 3132 5346 3139 5353">
    <p class='ocr_par' dir='ltr' id='par_1_54' title="bbox 3132 5346 3139 5353">
     <span class='ocr_line' id='line_1_54' title="bbox 3132 5346 3139 5353; baseline 0 0"><span class='ocrx_word' id='word_1_549' title='bbox 3132 5346 3139 5353; x_wconf 73' lang='grc' dir='ltr'><em>ι</em></span> 
     </span>
    </p>
   </div>
   <div class='ocr_carea' id='block_1_55' title="bbox 267 5704 3480 5781">
    <p class='ocr_par' dir='ltr' id='par_1_55' title="bbox 267 5704 3480 5781">
     <span class='ocr_line' id='line_1_55' title="bbox 267 5704 3480 5781; baseline 0.002 -18"><span class='ocrx_word' id='word_1_550' title='bbox 267 5705 385 5781; x_wconf 64' lang='grc' dir='ltr'><strong>ιβ,</strong></span> <span class='ocrx_word' id='word_1_551' title='bbox 416 5707 653 5781; x_wconf 16' lang='lat' dir='ltr'><strong>civibus;</strong></span> <span class='ocrx_word' id='word_1_552' title='bbox 690 5709 1051 5767; x_wconf 51' lang='lat' dir='ltr'><strong>ltexarchatu.</strong></span> <span class='ocrx_word' id='word_1_553' title='bbox 1130 5720 1152 5747; x_wconf 69' lang='grc' dir='ltr'><strong>π</strong></span> <span class='ocrx_word' id='word_1_554' title='bbox 1179 5711 1203 5781; x_wconf 14' lang='grc' dir='ltr'><strong>’ί</strong></span> <span class='ocrx_word' id='word_1_555' title='bbox 1226 5716 1509 5781; x_wconf 81' lang='lat' dir='ltr'><strong>praeterea.</strong></span> <span class='ocrx_word' id='word_1_556' title='bbox 1584 5705 1619 5781; x_wconf 67' lang='lat' dir='ltr'><strong>d_</strong></span> <span class='ocrx_word' id='word_1_557' title='bbox 1636 5706 1827 5781; x_wconf 75' lang='lat' dir='ltr'><strong>Adhuc</strong></span> <span class='ocrx_word' id='word_1_558' title='bbox 1849 5708 2015 5763; x_wconf 86' lang='lat' dir='ltr'><strong>etiam</strong></span> <span class='ocrx_word' id='word_1_559' title='bbox 2035 5722 2168 5781; x_wconf 83' lang='lat' dir='ltr'><strong>non.</strong></span> <span class='ocrx_word' id='word_1_560' title='bbox 2245 5716 2270 5746; x_wconf 78' lang='grc' dir='ltr'><strong>ο</strong></span> <span class='ocrx_word' id='word_1_561' title='bbox 2293 5705 2363 5772; x_wconf 86' lang='grc' dir='ltr'><strong>Β,</strong></span> <span class='ocrx_word' id='word_1_562' title='bbox 2386 5705 2569 5781; x_wconf 71' lang='lat' dir='ltr'><strong>valde.</strong></span> <span class='ocrx_word' id='word_1_563' title='bbox 2638 5704 2753 5774; x_wconf 73' lang='grc' dir='ltr'><strong>ίΒ,</strong></span> <span class='ocrx_word' id='word_1_564' title='bbox 2781 5718 3032 5779; x_wconf 75' lang='lat' dir='ltr'><strong>pervenit,</strong></span> <span class='ocrx_word' id='word_1_565' title='bbox 3055 5711 3282 5769; x_wconf 84' lang='lat' dir='ltr'><strong>scilicet.</strong></span> <span class='ocrx_word' id='word_1_566' title='bbox 3364 5716 3390 5756; x_wconf 75' lang='grc' dir='ltr'><strong>ε</strong></span> <span class='ocrx_word' id='word_1_567' title='bbox 3412 5712 3480 5781; x_wconf 86' lang='grc' dir='ltr'><strong>Β,</strong></span> 
     </span>
    </p>
   </div>
   <div class='ocr_carea' id='block_1_56' title="bbox 190 5775 3478 5851">
    <p class='ocr_par' dir='ltr' id='par_1_56' title="bbox 190 5775 3478 5851">
     <span class='ocr_line' id='line_1_56' title="bbox 190 5775 3478 5851; baseline 0.002 -18"><span class='ocrx_word' id='word_1_568' title='bbox 190 5777 567 5851; x_wconf 64' lang='lat' dir='ltr'><strong>Rodigandus.</strong></span> <span class='ocrx_word' id='word_1_569' title='bbox 640 5779 673 5823; x_wconf 77' lang='grc' dir='ltr'><strong>ιι</strong></span> <span class='ocrx_word' id='word_1_570' title='bbox 702 5796 731 5835; x_wconf 88' lang='lat' dir='ltr'><strong>a</strong></span> <span class='ocrx_word' id='word_1_571' title='bbox 763 5783 908 5851; x_wconf 73' lang='lat' dir='ltr'><strong>regia</strong></span> <span class='ocrx_word' id='word_1_572' title='bbox 935 5782 1070 5835; x_wconf 84' lang='lat' dir='ltr'><strong>urbe</strong></span> <span class='ocrx_word' id='word_1_573' title='bbox 1091 5775 1253 5835; x_wconf 71' lang='lat' dir='ltr'><strong>venit.</strong></span> <span class='ocrx_word' id='word_1_574' title='bbox 1342 5778 1356 5816; x_wconf 78' lang='grc' dir='ltr'><strong>ί</strong></span> <span class='ocrx_word' id='word_1_575' title='bbox 1391 5786 1561 5851; x_wconf 75' lang='lat' dir='ltr'><strong>erat.__</strong></span> <span class='ocrx_word' id='word_1_576' title='bbox 1606 5776 1728 5851; x_wconf 26' lang='lat' dir='ltr'><strong>iAad</strong></span> <span class='ocrx_word' id='word_1_577' title='bbox 1752 5792 1955 5851; x_wconf 72' lang='lat' dir='ltr'><strong>regem.</strong></span> <span class='ocrx_word' id='word_1_578' title='bbox 2034 5779 2057 5817; x_wconf 77' lang='grc' dir='ltr'>ιι</span> <span class='ocrx_word' id='word_1_579' title='bbox 2088 5778 2154 5832; x_wconf 86' lang='lat' dir='ltr'><strong>ad</strong></span> <span class='ocrx_word' id='word_1_580' title='bbox 2187 5792 2328 5831; x_wconf 84' lang='lat' dir='ltr'><strong>eam.</strong></span> <span class='ocrx_word' id='word_1_581' title='bbox 2356 5848 2365 5851; x_wconf 90' lang='lat'>_</span> <span class='ocrx_word' id='word_1_582' title='bbox 2412 5775 2432 5815; x_wconf 85' lang='lat'>1</span> <span class='ocrx_word' id='word_1_583' title='bbox 2458 5781 2477 5799; x_wconf 65' lang='grc' dir='ltr'><strong>θ</strong></span> <span class='ocrx_word' id='word_1_584' title='bbox 2507 5775 2939 5851; x_wconf 76' lang='lat' dir='ltr'><strong>Rhotingandus.</strong></span> <span class='ocrx_word' id='word_1_585' title='bbox 3016 5775 3058 5823; x_wconf 75' lang='lat' dir='ltr'><strong>in</strong></span> <span class='ocrx_word' id='word_1_586' title='bbox 3089 5785 3150 5837; x_wconf 88' lang='lat' dir='ltr'><strong>in.</strong></span> <span class='ocrx_word' id='word_1_587' title='bbox 3170 5775 3478 5841; x_wconf 61' lang='lat' dir='ltr'><strong>Francinni}</strong></span> 
     </span>
    </p>
   </div>
   <div class='ocr_carea' id='block_1_57' title="bbox 191 5848 3399 5934">
    <p class='ocr_par' dir='ltr' id='par_1_57' title="bbox 191 5848 3399 5923">
     <span class='ocr_line' id='line_1_57' title="bbox 191 5848 3399 5923; baseline 0.001 -17"><span class='ocrx_word' id='word_1_588' title='bbox 191 5858 223 5888; x_wconf 75' lang='grc'><strong>⁸</strong></span> <span class='ocrx_word' id='word_1_589' title='bbox 254 5849 474 5906; x_wconf 67' lang='lat' dir='ltr'><strong>ovibus.</strong></span> <span class='ocrx_word' id='word_1_590' title='bbox 565 5859 592 5887; x_wconf 89' lang='lat'>°</span> <span class='ocrx_word' id='word_1_591' title='bbox 612 5848 863 5909; x_wconf 76' lang='lat' dir='ltr'><strong>cernens.</strong></span> <span class='ocrx_word' id='word_1_592' title='bbox 962 5861 990 5901; x_wconf 83' lang='grc' dir='ltr'><strong>ι’</strong></span> <span class='ocrx_word' id='word_1_593' title='bbox 1011 5869 1077 5908; x_wconf 78' lang='lat' dir='ltr'><strong>ex</strong></span> <span class='ocrx_word' id='word_1_594' title='bbox 1108 5852 1265 5922; x_wconf 85' lang='lat' dir='ltr'><strong>hujus</strong></span> <span class='ocrx_word' id='word_1_595' title='bbox 1295 5859 1498 5907; x_wconf 67' lang='lat' dir='ltr'><strong>sanctae</strong></span> <span class='ocrx_word' id='word_1_596' title='bbox 1523 5848 1782 5905; x_wconf 74' lang='lat' dir='ltr'><strong>Ecclesia</strong></span> <span class='ocrx_word' id='word_1_597' title='bbox 1807 5849 1971 5904; x_wconf 87' lang='lat' dir='ltr'><strong>clero.</strong></span> <span class='ocrx_word' id='word_1_598' title='bbox 2045 5859 2073 5897; x_wconf 74' lang='grc' dir='ltr'><strong>ιι</strong></span> <span class='ocrx_word' id='word_1_599' title='bbox 2103 5853 2116 5868; x_wconf 91' lang='lat'>&#39;</span> <span class='ocrx_word' id='word_1_600' title='bbox 2150 5848 2594 5918; x_wconf 69' lang='lat' dir='ltr'><strong>perveniatteco</strong></span> <span class='ocrx_word' id='word_1_601' title='bbox 2626 5852 2681 5907; x_wconf 88' lang='lat' dir='ltr'><strong>in</strong></span> <span class='ocrx_word' id='word_1_602' title='bbox 2721 5848 3201 5923; x_wconf 78' lang='lat' dir='ltr'><strong>Langobardorum</strong></span> <span class='ocrx_word' id='word_1_603' title='bbox 3242 5858 3399 5912; x_wconf 81' lang='lat' dir='ltr'><strong>tincs.</strong></span> 
     </span>
    </p>
   </div>
  </div>
