4024 6316
499 430 629 489 1091
1636 425 2001 482 ANASTASII
2051 421 2600 482 BlBLlOTHlECARll
3642 422 3805 479 1092

655 542 734 605 ad
807 544 1050 621 partem
1140 539 1483 603 australem
1559 537 1892 602 declinans
1965 559 2002 602 a
2086 539 2310 603 Gallia:
2385 541 2671 621 partibus
2738 539 2809 602 in
2880 538 3445 619 Longobardorum
3537 546 3795 621 partes.

655 650 880 731 Itaque
934 668 1107 713 unus
1157 662 1245 715 ex
1305 649 1551 713 cisdem
1618 650 2010 712 Francorum
2070 648 2331 723 missis,
2397 647 2644 712 scilicet
2710 645 3098 711 Autcharius
3157 648 3326 719 dux,
3385 650 3801 728 quantocius

572 757 613 821 ὅ
655 754 1022 835 praecedens
1086 754 1428 827 Ticinum,
1488 770 1636 815 eum
1698 753 2101 833 praestolatus
2160 759 2278 817 est.
2344 754 2506 816 Cum
2573 769 2725 816 vero
2781 753 3357 835 appropinquasset
3405 754 3540 833 jam
3610 752 3798 815 fatus

654 862 1067 925 beatissimus
1119 878 1281 941 papa
1334 860 1412 922 ad
1464 859 1787 925 civitatem
1839 858 2132 939 Papiam,
2183 861 2416 925 direxit
2458 860 2539 945 ad
2578 878 2729 924 eum
2766 861 3106 941 smpefatus
3142 859 3453 923 Aistulfus
3508 863 3801 949 nequis-

653 968 862 1033 simus
916 985 1028 1031 rex
1091 967 1326 1029 missos
1380 981 1571 1039 suos,
1625 965 1955 1028 obtestans
2012 983 2159 1028 eum
2216 964 2393 1031 nulla
2448 966 2712 1046 penitus
2777 966 3023 1030 ratione
3074 965 3311 1051 audere
3360 965 3638 1028 verbum
3693 967 3794 1029 illi

653 1068 868 1137 dicere
950 1068 1210 1148 petendi
1289 1065 1760 1131 Ravennatium
1839 1066 2163 1129 civitatem
2240 1073 2305 1131 et
2384 1058 2794 1132 exarchatum
2862 1066 2925 1131 ei
2998 1066 3468 1147 pertinentem,
3532 1066 3641 1129 vel
3714 1069 3795 1131 de

650 1175 923 1257 reliquis
1000 1173 1372 1254 reipublicaa
1429 1172 1623 1248 locis,
1681 1189 1826 1252 qua:
1897 1172 2036 1251 ipse
2108 1171 2207 1234 vel
2276 1170 2418 1251 eius
2479 1172 2981 1251 praedecessor-es
3050 1171 3629 1257 Langobardorum
3694 1193 3792 1236 re-

535 1281 611 1344 10
651 1297 762 1358 ges
800 1281 1193 1345 invaserant.
1238 1279 1354 1343 Ille
1382 1297 1536 1343 vero
1572 1279 1659 1343 ita
1699 1279 1760 1341 ei
1806 1278 1980 1343 misit
2021 1279 2087 1342 in
2130 1279 2464 1360 responsis
2505 1296 2801 1347 asserens
2838 1278 3018 1362 quod
3046 1277 3293 1343 nullius
3325 1279 3787 1359 trepidationis

652 1393 893 1449 terrore
933 1385 1154 1449 sileret
1189 1384 1932 1467 hujuscemodi-petendi
1968 1402 2225 1457 causam
2264 1406 2317 1446 ι.

730 1484 895 1559 ω
950 1484 1398 1564 Conjungentc
1444 1499 1600 1551 vero
1658 1499 1737 1551 eo
1783 1482 2041 1563 Papiam
2086 1482 2156 1546 in
2202 1482 2565 1558 civitatem,
2617 1489 2683 1546 et
2730 1481 3033 1563 prmdicto
3082 1480 3362 1546 nefando
3416 1486 3557 1564 regi
3610 1506 3787 1568 prae-

652 1591 945 1660 sentato,
1006 1583 1193 1665 plura
1252 1583 1348 1646 illi
1412 1582 1641 1647 tribuit
1699 1598 2017 1655 munera,
2072 1586 2139 1643 et
2184 1580 2383 1642 nimis
2427 1597 2578 1647 eum
2642 1579 3015 1645 obsecratus
3071 1585 3168 1645 est
3223 1588 3414 1664 atque
3472 1583 3787 1666 ἰᾶσι-,γωδ

652 1689 936 1769 profusis
988 1705 1135 1752 eum
1186 1687 1426 1769 petivit
1482 1696 1555 1751 ut
1616 1669 2022 1775 Dominicas,
2088 1703 2253 1766 quas
2312 1684 2715 1762 abstulerat,
2777 1685 3073 1755 redderet
3134 1703 3329 1762 oves,
3389 1697 3455 1754 et
3522 1695 3784 1772 pmpria

650 1794 929 1876 propriis
994 1793 1386 1857 restitueret.
1465 1791 1592 1855 Sed
1657 1790 1843 1854 nullo
1907 1790 2103 1857 modo
2164 1790 2335 1871 apud
2391 1808 2544 1856 eum
2605 1791 2740 1854 hinc
2800 1792 3144 1872 impetrare
3204 1794 3428 1858 valuit.
3498 1798 3663 1860 Nam
3724 1807 3785 1861 et

568 1903 607 1964 ὅ
649 1897 1007 1981 imperialis
1054 1900 1296 1962 missus
1349 1898 1550 1961 simili
1600 1898 1793 1961 modo
1843 1899 2061 1977 petiit,
2111 1904 2173 1961 et
2223 1897 2589 1978 imperiales
2643 1897 2889 1967 litteras
2923 1898 3022 1961 illi
3066 1900 3333 1976 tribuit,
3380 1908 3446 1965 et
3481 1902 3575 1964 nil
3618 1905 3785 1966 obti-

651 2025 805 2071 nere
861 2004 1446 2086 potuit.~Pra2dicti
1512 2018 1662 2067 vero
1715 2006 2108 2067 Francorum
2168 2004 2355 2068 missi
2421 2005 2847 2069 imminebant
2917 2003 3170 2071 fortiter
3237 2008 3409 2087 apud
3474 2011 3779 2075 eumdem

651 2106 1003 2171 Aistulfum
1032 2149 1050 2181 ,
1131 2112 1205 2169 ut
1273 2104 1604 2186 prtefatum
1684 2105 2168 2170 sanctissimum
2246 2123 2473 2188 papam
2538 2107 2610 2170 in
2676 2107 3007 2173 Franciam
3087 2126 3355 2189 pergere
3436 2112 3775 2176 relaxaret.

654 2214 748 2276 Ad
828 2214 961 2277 hrec
1042 2228 1405 2277 convocans
1467 2212 1852 2293 jamdictum
1928 2212 2379 2277 beatissimum
2456 2214 2665 2278 virum
2734 2214 3192 2295 interrogavit,
3274 2216 3329 2278 si
3410 2217 3562 2298 ejus
3626 2219 3655 2260 δ
3714 2221 3776 2281 in

652 2318 976 2381 Franciam
1035 2319 1423 2399 properandi
1486 2324 1659 2381 esset
1717 2312 2072 2381 voluntas?
2132 2319 2319 2394 Quod
2378 2319 2679 2384 videlicet
2733 2319 2845 2382 ille
2902 2337 3312 2401 nequaquam
3373 2321 3608 2394 siluit,
3668 2322 3774 2387 sed

527 2427 605 2489 10
646 2442 827 2489 suam
901 2424 997 2487 illi
1066 2425 1421 2506 propalavit
1492 2424 1911 2488 voluntatem.
1988 2425 2169 2489 Unde
2232 2432 2306 2489 ut
2377 2424 2484 2489 leo
2542 2425 2844 2488 dentibus
2898 2424 3257 2499 fremebat,
3327 2446 3449 2507 pro
3523 2448 3662 2509 quo
3717 2438 3776 2491 et

646 2529 924 2593 "diversis
954 2518 1206 2593 vicibus
1238 2546 1393 2594 suos
1420 2529 1729 2594 satellites
1758 2530 1838 2593 ad
1867 2545 2016 2593 eum
2045 2529 2206 2593 clam
2240 2529 2442 2606 misit,
2475 2536 2544 2593 ut
2574 2536 2724 2594 eum
2742 2541 3009 2612 quaquo
3030 2532 3225 2599 modo
3252 2550 3287 2595 a
3313 2533 3429 2599 tali
3462 2535 3720 2599 intentu
3750 2552 3773 2579 ε

642 2627 1062 2692 declinarent.

717 2724 877 2801 2&1
942 2725 1116 2790 Alias
1170 2742 1364 2804 vero,
1414 2735 1730 2808 praesente
1790 2724 2162 2809 Rodigango
2218 2732 2630 2793 sanctissimo
2717 2747 3061 2812 episeOpo,
3118 2732 3547 2813 interrogavit
3594 2752 3775 2799 eum-

644 2830 791 2895 dem
852 2830 1303 2896 beatissimum
1366 2848 1597 2913 papam
1646 2836 1782 2914 jam
1840 2832 2010 2897 fatus
2065 2834 2635 2913 Longobardorum
2708 2855 2818 2900 rex
2882 2827 2939 2899 si
3016 2837 3183 2909 velle
3246 2838 3515 2902 haberet
3577 2842 3774 2902 Fran-

643 2936 806 2999 ciam
857 2937 1229 3000 ambulandi
1275 2946 1338 3013 δ,
1371 2946 1433 3001 et
1479 2938 1566 3002 ita
1606 2938 1836 3003 atratus
1887 2946 1985 3005 est
2023 2952 2049 2984 ο
2088 2961 2105 3002 :
2137 2941 2325 3015 Quod
2354 2942 2410 3004 si
2445 2948 2550 3004 tua
2586 2942 2884 3007 voluntas
2916 2951 3013 3006 est
3046 2961 3152 3008 me
3202 2946 3573 3019 relaxandi,
3628 2962 3771 3007 mea

645 3042 913 3105 omnino
972 3049 1067 3109 est
1120 3044 1515 3108 ambulandi.
1573 3047 1754 3110 Tunc
1805 3048 2146 3112 absolutus
2200 3057 2297 3111 est
2355 3049 2435 3112 ab
2490 3066 2592 3126 eo,
2652 3056 2713 3113 et
2773 3067 3109 3125 assumens
3158 3068 3236 3114 ex
3288 3050 3469 3130 huius
3524 3055 3767 3111 sanctm

560 3144 601 3206 ὃ
644 3145 760 3207 Dei
824 3144 1125 3207 Ecclesiae
1196 3145 1637 3208 sacerdotibus
1715 3152 1777 3209 et
1844 3148 2056 3223 clero,
2132 3148 2200 3210 id
2263 3155 2404 3224 est,
2479 3149 2828 3227 Georgium
2908 3150 3284 3230 episcopum
3351 3150 3769 3224 Ostiensiem,

644 3249 1029 3314 Wilearium
1116 3254 1138 3295 ί
1223 3249 1597 3331 episc0pum
1683 3250 2158 3317 Numentanum
2194 3299 2211 3329 ,
2296 3257 2579 3319 Leonem
2617 3301 2633 3330 ,
2742 3256 3109 3337 Philippum
3145 3302 3163 3331 ,
3258 3257 3611 3336 Georgium
3710 3266 3769 3321 et

644 3352 1035 3436 Stephanum
1151 3355 1613 3438 presbyteros,
1721 3354 2275 3439 TheOphylactum
2382 3360 2948 3437 archidiaconum,
3051 3362 3327 3426 Pardum
3430 3372 3496 3427 et
3583 3366 3769 3427 Gem-

647 3460 893 3527 mulum
985 3461 1336 3538 diaconos,
1418 3463 1832 3551 Ambrosium
1918 3465 2401 3546 primicerinm,
2492 3470 2894 3535 Bonifacium
2987 3471 3387 3545 secundum,
3489 3472 3765 3535 Leonem

643 3566 706 3624 et
767 3557 1301 3642 ChristOphorum
1360 3563 1758 3643 regiunarios
1814 3572 2034 3629 secum
2097 3575 2158 3630 et
2220 3576 2528 3645 caeteros,
2588 3572 2814 3652 quinta
2884 3572 3127 3636 decima
3189 3573 3296 3636 die
3355 3590 3584 3637 mense
3645 3576 3767 3636 Nn-

522 3663 599 3725 10
642 3661 924 3726 vembris
959 3664 1275 3745 praedictas
1311 3665 1598 3753 septimae
1627 3665 2006 3732 indictionis
2043 3686 2079 3732 a
2115 3669 2374 3734 civitate
2402 3672 2598 3753 Papia
2628 3686 2899 3737 movens
2930 3690 3121 3737 suum
3153 3673 3221 3736 in
3253 3675 3593 3738 Franciam
3630 3693 3770 3756 pro-

640 3761 847 3826 fectus
885 3770 981 3825 est
1020 3763 1163 3827 iter.

724 3854 887 3932 242
950 3861 1023 3923 Et
1084 3869 1226 3943 post
1289 3863 1428 3946 ejus
1486 3865 1954 3930 absolutionem
2015 3869 2224 3932 adhuc
2285 3871 2610 3937 nitebatur
2665 3880 3138 3957 suprascriptus
3196 3877 3765 3956 Langobardorum

644 3978 756 4023 rex
819 3979 855 4024 a
925 3963 1222 4042 praedicto
1293 3964 1529 4047 itinere
1592 3984 1739 4029 eum
1809 3967 2106 4042 deviare,
2167 3970 2342 4050 quod
2406 3972 2674 4035 minime
2736 3974 2951 4055 ipsum
3013 3975 3494 4038 sanctissimum
3560 3976 3766 4035 virum

640 4056 853 4124 latuit.
943 4062 1120 4125 Unde
1196 4072 1258 4126 et
1335 4070 1483 4128 cum
1567 4067 1769 4129 nimia
1838 4064 2168 4131 celeritate
2236 4070 2371 4132 Deo
2437 4073 2671 4151 praevio
2735 4074 2814 4136 ad
2878 4073 3270 4138 Francorum
3340 4075 3677 4155 conjunxit
3743 4080 3768 4117 ε

645 4163 855 4225 clusas
910 4168 968 4225 λ.
1030 4162 1206 4238 Quas
1270 4166 1605 4245 ingressus
1663 4180 1807 4230 cum
1871 4168 1973 4231 his
2026 4169 2139 4248 qui
2198 4189 2343 4234 cum
2415 4189 2491 4234 eo
2546 4178 2765 4248 erant,
2807 4175 3143 4238 confestim
3200 4174 3431 4237 laudes
3472 4174 3765 4253 omnipo-

561 4260 807 4323 litanti
878 4265 1010 4325 Deo
1076 4265 1382 4329 reddidit.
1450 4269 1520 4329 Et
1588 4275 1860 4348 emptum
1924 4270 2219 4347 gradiens
2284 4271 2445 4346 iter,
2508 4273 2588 4335 ad
2646 4274 3015 4337 venerabile
3089 4274 3565 4337 monasterium
3626 4291 3767 4335 san-

641 4363 726 4424 cti
785 4363 1019 4424 Christi
1080 4367 1379 4444 martyris
1441 4366 1731 4429 Mauricii
1785 4372 2119 4447 pervenit,
2169 4371 2233 4431 in
2287 4388 2420 4451 quo
2476 4377 2537 4434 et
2594 4372 3016 4435 constitutum
3065 4379 3203 4434 erat
3254 4373 3494 4452 pariter
3547 4388 3763 4440 senum

641 4465 1035 4527 Francorum
1102 4481 1316 4543 regem
1380 4469 1763 4544 conveniri;
1840 4481 2165 4535 annuente
2228 4473 2507 4537 Domino
2565 4490 2790 4555 sospes
2848 4474 3057 4538 isdem
3118 4474 3541 4537 beatissimus
3600 4489 3767 4553 pm-

642 4563 801 4627 tifex
852 4581 1005 4628 cum
1061 4566 1368 4629 omnibus
1413 4568 1531 4649 qui
1584 4585 1733 4633 cum
1790 4582 1874 4636 eo
1920 4578 2142 4647 erant,
2198 4574 2476 4638 advenitt
2523 4580 2591 4639 In
2644 4586 2777 4657 quo
2826 4584 2890 4639 et
2949 4576 3303 4659 aliquantis
3354 4576 3762 4640 demorantes

641 4671 916 4747 diebus,
987 4673 1466 4752 conjunxerunt
1525 4686 1543 4726 ί
1608 4677 1673 4739 in
1756 4679 2054 4759 praedicto
2135 4666 2490 4746 venerabili
2566 4681 2960 4745 monasterio
3035 4680 3355 4745 Fulradus
3434 4680 3631 4743 abbas
3704 4684 3761 4740 et

528 4778 605 4840 10
647 4775 1007 4838 Rothardus
1045 4779 1057 4829 i
1102 4776 1275 4849 dux,
1331 4778 1559 4845 directi
1616 4797 1650 4839 a
1699 4780 1999 4859 saepefato
2045 4783 2323 4862 Pippino
2373 4781 2920 4846 excellentissimo
2969 4781 3364 4847 Francorum
3415 4795 3602 4857 rege,
3658 4770 3761 4859 pe-

642 4882 850 4939 tentes
884 4877 1183 4940 eumdem
1216 4879 1697 4942 sanctissimum
1738 4883 2104 4961 pontiﬁcem
2146 4884 2224 4947 ad
2259 4900 2451 4947 suum
2488 4884 2791 4964 progredi
2836 4898 3077 4962 regem.
3107 4883 3319 4958 Quem
3353 4889 3421 4945 et
3452 4900 3601 4945 cum
3637 4900 3757 4944 ma-

640 4996 770 5058 gno
810 4979 1056 5041 honore
1086 4996 1232 5041 cum
1265 4980 1571 5043 omnibus
1606 4982 1718 5062 qui
1749 5001 1895 5045 cum
1930 5001 2008 5046 eo
2040 4993 2219 5047 erant
2249 4986 2327 5048 ad
2360 5004 2507 5050 eum
2545 4987 2982 5051 deduxerunt.

720 5079 884 5154 ω
946 5080 1239 5142 Audiens
1300 5098 1456 5144 vero
1511 5082 1718 5146 isdem
1783 5102 1897 5147 rex
1961 5084 2252 5163 ejusdem
2323 5086 2680 5150 beatissimi
2744 5086 3065 5166 pontiticis
3120 5085 3514 5159 adventum,
3575 5085 3761 5147 nimis

638 5180 1024 5244 festinanter
1083 5182 1150 5243 in
1206 5182 1347 5262 ejus
1401 5183 1658 5247 advenit
1727 5201 2113 5263 occursum,
2182 5206 2304 5251 una
2364 5208 2510 5253 cum
2567 5191 2883 5271 conjuge,
2941 5187 3092 5277 (iliis
3145 5189 3337 5267 etiam
3405 5195 3468 5251 et
3534 5190 3762 5268 prima-

641 5279 864 5355 tibus,
935 5296 1051 5359 pro
1123 5297 1252 5360 quo
1322 5287 1384 5343 et
1460 5284 1736 5345 afferens
1824 5296 2082 5349 centum
2147 5292 2172 5332 κ
2237 5289 2447 5361 millia,
2498 5290 2700 5361 ﬁlium
2762 5308 2952 5359 suum
3010 5291 3278 5354 nomine
3336 5292 3639 5359 Carolum
3698 5296 3761 5351 in

644 5392 982 5441 occursum
1050 5376 1260 5457 ipsius
1336 5379 1683 5459 coangelici
1761 5400 1934 5462 papas
2018 5386 2255 5450 direxit
2337 5406 2482 5451 cum
2559 5390 2890 5469 aliquibus
2964 5407 3041 5452 ex
3109 5392 3250 5452 suis
3310 5392 3758 5471 Optimalibus.

560 5476 604 5543 5
642 5479 922 5561 Ipseque
948 5477 1017 5541 in
1083 5477 1320 5558 palatio
1379 5496 1543 5555 suo,
1601 5479 1668 5541 in
1733 5480 1875 5545 loco
1929 5484 2046 5564 qui
2100 5493 2370 5550 vocatur
2432 5488 2829 5563 Ponticone,
2886 5487 2965 5550 ad
3027 5486 3163 5551 fere
3228 5488 3424 5571 trium
3488 5488 3759 5551 millium

1563 5621 1829 5666 NOTULE
1878 5625 1967 5669 MA
1978 5626 2282 5671 IIGINALES
2327 5628 2663 5672 FABIO'I’TI.

575 5730 589 5782 ι,
617 5707 640 5782 '_
677 5719 775 5782 pro
800 5703 999 5782 nulljus
1042 5702 1401 5782 trepidantum
1447 5704 1671 5782 terroris
1701 5705 1980 5782 sileretah
2005 5708 2349 5782 _ejuscemodi
2385 5712 2604 5782 petendi
2646 5727 2830 5775 causa.
2924 5711 2953 5750 ι)
2998 5712 3047 5771 ei
3124 5723 3151 5753 ο
3178 5711 3501 5768 intentione.
3600 5711 3625 5750 δ
3663 5714 3677 5730 ⁶
3712 5712 3759 5764 si

485 5771 650 5852 γειιυι
694 5773 772 5825 ire
800 5773 854 5852 in
882 5771 1199 5852 First-nciam:
1267 5785 1290 5811 θ
1322 5778 1335 5793 ⁸
1368 5775 1661 5852 respondit.
1742 5775 1761 5815 ί
1787 5780 1805 5798 “
1835 5771 2130 5852 Υῇιιετίιίῐηι
2209 5783 2235 5822 ⁵
2259 5771 2523 5849 perv-snit.
2599 5784 2626 5823 ιι
2654 5782 2717 5847 Β,
2753 5771 2987 5848 clausas,
3030 5784 3083 5837 id
3110 5793 3185 5837 est
3215 5784 3491 5852 angustius
3532 5784 3757 5851 Abiu.

498 5840 518 5881 ί
558 5848 839 5894 venerunt.
919 5851 932 5887 ι
971 5840 1285 5896 Rothaldus.
1385 5844 1409 5882 ¹ι
1510 5860 1606 5913 pro
1646 5861 1753 5913 quo
1791 5856 1847 5902 et
1875 5849 1988 5906 fere
2037 5853 2105 5906 ad
2141 5840 2380 5908 centum.
2432 5853 2501 5916 Β,
2545 5840 2793 5911 offerens.
