4024 6316
224 366 373 422 1095
965 367 1282 425 HISTORIA
1317 368 1405 424 DE
1446 368 1622 425 VITIS
1659 369 1821 426 ROM.
1866 370 2066 427 PONT.
2107 403 2170 410 -—
2209 371 2614 431 STEPHANUS
2652 374 2711 430 ll.
3008 332 3009 335 Ἴ
3374 380 3511 437 1094

395 488 677 566 Spatium
734 490 1134 553 descendens
1203 493 1283 555 de
1345 509 1514 573 equo
1577 509 1697 578 suo
1762 508 1909 555 cum
1966 509 2195 581 magna
2258 490 2618 555 humilitate
2679 504 2858 557 terra;
2923 501 3320 576 prostratus,
3379 517 3509 566 una

394 609 540 665 cum
592 608 713 657 sua
770 592 1092 671 conjuge,
1161 594 1312 656 fdiis
1369 599 1432 656 et
1486 593 1947 674 optimatibus,
2000 593 2298 656 eumdem
2360 593 2840 656 sanctissimum
2910 614 3130 676 papam
3201 599 3506 678 suscepit.

392 691 514 753 Cui
576 699 636 755 et
698 678 1128 755 vicestratoris
1190 709 1399 775 usque
1461 693 1531 757 in
1596 693 1997 773 aliquantum
2055 691 2269 754 locum
2328 690 2511 771 juxta
2569 691 2708 771 ejus
2767 690 3060 754 sellarem
3122 695 3507 776 pmperavit.

402 796 585 856 Tunc
639 793 980 872 praedictus
1034 793 1345 857 almiﬁcus
1399 795 1501 856 vir
1555 812 1702 859 cum
1763 782 2069 858 omnibus
2120 795 2257 857 suis
2308 799 2571 857 extensa
2607 816 2632 843 ι
2680 810 2833 857 voce
2887 795 3150 873 gloriam
3195 805 3255 858 et
3300 798 3513 860 inces-

393 895 633 959 sabiles
704 894 929 959 laudes
1008 896 1439 975 omnipotenti
1508 899 1645 960 Deo
1727 896 2008 960 referens
2088 890 2235 958 cum
2306 894 2567 976 hymnis
2640 901 2705 958 et
2776 895 3042 958 canticis
3106 895 3508 975 spiritalibus

392 1012 605 1077 usque
656 994 736 1071 ad
796 995 1129 1075 praefatum
1176 994 1482 1074 palatium
1538 995 1778 1075 pariter
1827 1002 1888 1057 et
1944 1012 2089 1058 cum
2145 1012 2294 1073 rege
2351 1012 2578 1057 omnes
2619 992 2887 1075 profecti
2947 999 3129 1069 sunt,
3184 1002 3364 1059 sexta
3405 998 3507 1059 Ja-

389 1097 609 1160 nuarii
662 1097 907 1162 mensis
958 1097 1067 1161 die
1117 1097 1183 1159 in
1232 1097 1669 1178 Apparitionis
1734 1096 1993 1160 Domini
2059 1103 2122 1159 et
2169 1094 2514 1159 Salvatoris
2568 1095 2771 1157 nostri
2822 1094 2979 1157 Jesu
3025 1093 3263 1158 Christi
3305 1112 3509 1159 sacra-

393 1197 642 1289 tissima
735 1197 1191 1272 solemnitate,
1267 1197 1490 1278 ibique
1566 1198 1744 1259 intus
1826 1196 2179 1259 oratorium
2250 1195 2489 1276 pariter
2564 1196 3038 1271 consedentes,
3115 1213 3265 1259 mox
3336 1196 3506 1259 idem

392 1292 813 1381 beatissimus
896 1315 1059 1377 papa
1145 1297 1514 1378 prtedictum
1596 1296 2224 1360 Christianissimum
2306 1312 2528 1376 regem
2619 1294 3155 1375 lacrymabiliter'
3211 1296 3510 1376 depreca-

265 1399 352 1462 15
396 1405 498 1462 tus
577 1404 676 1462 est
748 1404 818 1460 ut
899 1415 1013 1478 per
1092 1398 1264 1478 pacis
1334 1397 1569 1463 fcedera
1649 1414 1907 1465 causam
1977 1398 2151 1460 beati
2228 1394 2399 1459 Petri
2473 1403 2535 1458 et
2604 1396 2999 1477 Reipublicaa
3075 1400 3509 1461 Romanorum

390 1495 789 1576 disponeret.
857 1495 984 1571 Qui
1040 1495 1120 1569 de
1180 1497 1477 1576 praesenti
1528 1496 1952 1578 jurejurando
2006 1495 2223 1559 eidem
2276 1494 2651 1558 beatissimo
2717 1496 2913 1576 papas-
2954 1497 3308 1576 satisfecit,
3370 1515 3509 1562 om-

384 1596 583 1660 nibus
640 1595 955 1659 mandatis
1013 1594 1152 1675 ejus
1208 1602 1270 1659 et
1332 1595 1886 1661 admonitionibus
1956 1592 2100 1658 Sese
2166 1594 2319 1657 totis
2391 1594 2647 1657 nisibus
2704 1604 2736 1644 b
2793 1595 3104 1671 obedire,
3164 1605 3227 1662 et
3283 1606 3355 1662 ut
3412 1598 3507 1661 illi

392 1694 692 1774 placitum
767 1693 1004 1768 fuerit,
1084 1691 1494 1759 exarchatum
1573 1696 1893 1758 Ravenna:
1971 1700 2075 1763 et,
2150 1693 2540 1775 Reipublicaa
2596 1695 2746 1775 jUra
2844 1712 2960 1759 seu
3034 1698 3172 1762 loca
3239 1699 3511 1765 reddere

394 1793 603 1855 modis
662 1792 966 1856 omnibus
1025 1802 1075 1852 ε.
1140 1791 1265 1855 Sed
1302 1793 1485 1873 quia
1557 1798 1811 1875 tempus
1884 1792 2265 1856 imminebat
2323 1794 2598 1859 hiemale
2661 1797 2957 1860 eumdem
3025 1800 3501 1865 sanctissimum

262 1895 350 1956 20
397 1911 620 1973 papam
662 1912 808 1958 cum
852 1895 994 1967 suis
1032 1894 1339 1957 omnibus
1385 1894 1664 1973 Parisios
1692 1898 1721 1939 (ι
1757 1895 1928 1976 apud
1973 1895 2343 1960 venerabile
2391 1897 2851 1965 monasterium
2887 1900 3054 1962 beati
3090 1901 3382 1981 Dionysii
3427 1903 3505 1966 ad

394 1995 811 2063 habitandum
851 2009 875 2038 ε
911 2013 1176 2077 pergere
1205 1997 1475 2069 curavit.
2280 2000 2283 2003 λ

466 2107 633 2182 ω
669 2099 815 2174 Quo
856 2105 1117 2179 peracto
1162 2105 1225 2162 et
1277 2114 1355 2163 eo
1405 2098 1477 2165 in
1523 2098 1747 2163 eodem
1790 2098 2145 2163 venerabili
2199 2098 2590 2163 monasterio
2648 2116 2796 2163 cum
2840 2099 2977 2179 jam
3022 2096 3151 2161 fato
3194 2086 3507 2163 Christia-

391 2197 666 2261 nissimo
720 2196 992 2276 Pippino
1045 2196 1477 2277 conjungente
1532 2200 1593 2273 ί,
1646 2197 1922 2263 Domino
1980 2205 2351 2273 annuente,
2397 2205 2429 2251 ι
2469 2205 2613 2279 post
2676 2199 3040 2280 aliquantos
3098 2199 3236 2261 dies
3295 2200 3501 2263 isdem

390 2297 986 2367 Christianissimus
1040 2297 1365 2382 Pippinus
1444 2314 1557 2359 rex
1628 2296 1705 2359 ab
1769 2296 1994 2360 eodem
2064 2295 2475 2359 sanctissimo
2547 2314 2709 2376 papa
2783 2296 3020 2360 Christi
3088 2297 3286 2377 gratia
3346 2316 3493 2361 cum

393 2399 648 2465 duobus
701 2398 850 2461 ﬁliis
916 2397 1053 2460 suis
1118 2413 1302 2477 reges
1377 2397 1553 2461 uncti
1617 2403 1772 2467 sunt
1835 2396 2261 2460 Francorum.
2343 2397 2571 2459 Postea
2637 2412 2786 2460 vero
2858 2396 3275 2461 beatissimus
3339 2416 3502 2479 papa

304 2502 351 2563 5
392 2515 521 2579 prae
593 2498 795 2561 nimio
867 2497 1086 2560 labore
1162 2495 1416 2559 itineris
1496 2501 1691 2575 atque
1760 2495 2066 2575 temporis
2146 2495 2582 2577 inaequalitate
2653 2495 2904 2559 fortiter
2962 2496 3321 2559 inﬁrmatus
3381 2506 3502 2575 est,

394 2604 465 2662 ut
525 2598 717 2662 etiam
784 2612 1011 2667 omnes
1073 2602 1197 2658 tam
1265 2594 1369 2657 sui
1449 2612 1774 2674 quamque
1851 2594 2039 2657 etiam
2110 2593 2499 2657 Francorum
2576 2594 2813 2658 ibidem
2886 2596 3299 2660 existentium
3368 2616 3505 2661 om-

395 2718 510 2762 nes
564 2717 715 2765 eum
777 2699 1195 2778 desperarent
1244 2706 1301 2758 ιι.
1358 2696 1483 2760 Sed
1546 2697 1807 2771 Domini
1870 2694 1989 2757 Dei
2057 2696 2260 2757 nostri
2328 2694 2677 2760 ineﬂ‘abilis
2739 2695 3119 2774 clementia,
3190 2699 3304 2780 qui
3372 2718 3500 2763 non

395 2799 633 2864 deserit
697 2802 1028 2877 sperantes
1088 2797 1153 2859 in
1211 2813 1324 2871 se,
1380 2798 1628 2861 salvum
1686 2793 1954 2874 cupiens
2009 2794 2316 2856 domuum
2363 2794 3016 2871 Chris'tianissimum,
3072 2799 3226 2861 dum
3280 2814 3431 2863 eum
3478 2809 3494 2849 ί

396 2918 583 2963 mane
646 2905 974 2963 mortuum
1040 2897 1336 2961 invenire
1395 2896 1777 2976 sperabant,
1832 2894 2050 2958 subito
2100 2892 2225 2956 alio
2280 2893 2384 2957 die
2437 2910 2631 2958 sanus
2674 2903 2970 2976 repertus
3017 2903 3136 2960 est.
3184 2900 3501 2979 Pippinus

268 3005 353 3067 10
394 3020 545 3073 vero
605 3021 718 3066 rex
773 3018 917 3064 cum
980 2999 1462 3072 admonitione,
1526 2996 1733 3075 gratia
1793 3002 1855 3060 et
1920 2995 2212 3059 oratione
2272 2993 2478 3073 ipsius
2543 2996 2929 3059 venerabilis
3000 2998 3327 3078 pontiﬁcis
3387 3001 3506 3063 ab-

394 3104 676 3179 solutus,
707 3102 775 3165 in
837 3101 977 3165 loco
1030 3108 1043 3160 i
1110 3099 1223 3180 qui
1272 3098 1631 3161 Carisiacus
1689 3106 1715 3147 ιι
1772 3095 2165 3177 appellatur,
2220 3108 2538 3174 pergens,
2589 3095 2814 3175 ibique
2880 3110 3276 3177 congregans
3342 3116 3509 3162 cun-

392 3215 528 3273 ctos
604 3221 897 3285 proceres
964 3202 1156 3281 regiae
1231 3219 1364 3265 sua;
1433 3196 1806 3279 potestatis,
1878 3203 1937 3261 et
2006 3214 2117 3259 eos
2182 3196 2338 3259 tanti
2408 3195 2610 3258 Patris
2668 3196 3109 3260 admonitione
3174 3197 3501 3272 imbuens,

392 3310 615 3376 statuit
649 3327 795 3372 cum
834 3309 929 3372 eis
965 3325 1109 3389 quae
1142 3307 1366 3382 semel,
1395 3306 1650 3368 Christo
1686 3301 1965 3379 favente,
1988 3300 2122 3363 ‘una
2153 3317 2298 3363 cum
2334 3299 2559 3363 eodem
2591 3298 2964 3363 beatissimo
3003 3316 3164 3380 papa
3200 3301 3504 3365 decreve-

396 3418 513 3489 rat,
551 3410 874 3495 perlicere.
2622 3488 2637 3499 ρ

466 3524 631 3598 245
697 3519 944 3581 Interea
1032 3518 1533 3580 nefandissimus
1623 3508 1943 3577 Aistulfds
2020 3506 2577 3574 Citmlomattnunl.
2637 3509 2893 3576 fratrem
2965 3516 2978 3560 ι
3046 3512 3497 3594 benignissimi

394 3620 647 3699 Pippini
684 3620 855 3698 regis
902 3638 934 3681 a
1013 3619 1405 3681 monasterio
1470 3617 1639 3679 beati
1694 3613 2055 3697 Benedicti,
2128 3615 2192 3675 in
2258 3633 2387 3695 quo
2446 3616 2671 3677 devote
2742 3635 2857 3695 per
2917 3617 3275 3679 revolutum
3340 3628 3508 3682 tem—
3563 3692 3567 3699 .

394 3722 565 3800 poris
633 3723 908 3802 spatium
964 3719 1337 3787 monachica
1389 3738 1430 3767 ω
1492 3717 1806 3796 degebat,
1889 3713 2225 3777 diabolicis
2302 3715 2361 3776 ei
2447 3715 2863 3778 suasionibus
2945 3717 3219 3778 suadens
3290 3720 3503 3782 Fran—

393 3820 552 3883 ciam
617 3821 1009 3899 provinciam
1065 3820 1142 3881 ad
1207 3817 1592 3889 obiccndum
1654 3826 1681 3853 υ
1742 3822 1934 3894 atque
2001 3814 2472 3878 adversandum
2542 3834 2748 3879 causa;
2820 3817 3279 3899 redemptionis
3357 3836 3504 3885 san-

304 3931 503 3995 θρίω
575 3922 690 3986 Dei
770 3922 1069 3985 Ecclesiae
1140 3918 1536 4000 Reipublicae
1613 3919 2091 3990 Romanorum,
2176 3914 2432 3977 direxit.
2503 3914 2803 3999 Dumque
2884 3915 3039 3979 illuc
3123 3919 3505 4000 cenjunxis-

386 4030 489 4085 Set
538 4040 599 4096 ο,
650 4023 975 4086 nitebatur
1027 4021 1296 4097 omnino
1352 4027 1413 4083 et
1481 4017 1931 4085 vehementius
1995 4017 2360 4081 decertabat
2422 4023 2655 4081 sanctae
2715 4018 2831 4080 Dei
2887 4019 3191 4082 Ecclesiae
3230 4040 3500 4087 causam

395 4123 817 4197 subvertere,
866 4122 1049 4202 juxta
1103 4121 1304 4202 quod.
1338 4138 1373 4182 a
1433 4118 1690 4199 praefato
1761 4135 1879 4180 nec
1934 4116 2208 4189 dicendo
2263 4116 2542 4180 Aistulfo
2594 4123 2864 4198 tyranno
2929 4117 3135 4182 fuerat
3190 4120 3497 4187 directus.

392 4226 516 4288 Sed
566 4224 953 4304 propitiante
1000 4222 1275 4286 Domino
1334 4220 1600 4283 minime
1638 4218 1859 4299 valuit
1912 4218 2017 4281 sui
2077 4219 2363 4299 germani
2416 4216 3259 4303 Christian’issiminippini
3302 4227 3498 4305 ‘regis

397 4328 786 4388 Francorum
854 4325 923 4385 in
988 4324 1109 4387 hoc
1173 4320 1614 4391 ﬁrmissimum
1686 4336 1795 4382 cor
1857 4319 2195 4383 inclinare.
2253 4319 2474 4383 Potius
2531 4328 2779 4395 autem,
2836 4329 3160 4403 comperta
3227 4327 3499 4406 nequis-

267 4430 349 4490 10
390 4425 537 4486 simi
593 4424 849 4486 Aistulﬁ
901 4422 1179 4487 versutia
1216 4465 1232 4495 ,
1288 4426 1417 4484 tota
1469 4438 1539 4483 se
1591 4419 1823 4482 virtute
1888 4417 2062 4485 idem
2113 4418 2702 4497 excellentissimus
2744 4420 3054 4501 Pippinus
3103 4424 3493 4487 Francorum

392 4542 501 4589 rex
550 4525 877 4605 professus
922 4532 1018 4586 est
1060 4523 1395 4586 decertare
1452 4538 1565 4602 pro
1612 4538 1803 4586 causa
1851 4526 2084 4584 sanctas
2136 4520 2255 4584 Dei
2294 4518 2628 4596 Ecclesiae,
2690 4520 2859 4583 sicut
2908 4520 3154 4599 pridem
3194 4521 3326 4600 jam
3366 4523 3494 4587 fato

386 4624 763 4686 beatissimo
793 4622 1224 4702 speponderat
1251 4621 1556 4701 pontiﬁci.

466 4722 631 4796 266
688 4726 869 4786 Tunc
928 4721 1062 4802 pari
1116 4720 1389 4783 consilio
1442 4720 1644 4805 isdem
1704 4720 2149 4783 sanctissimus
2206 4737 2364 4801 papa
2417 4736 2564 4782 cum
2620 4721 3033 4784 denominato
3097 4720 3486 4785 Francorum

391 4847 540 4908 rege
617 4829 886 4892 consilio
967 4828 1127 4889 inito
1200 4827 1384 4906 juxta
1468 4827 1533 4888 id
1606 4826 1782 4906 quod
1861 4824 2161 4905 praefatus
2240 4822 2749 4886 Carolomannus
2808 4827 2941 4888 Deo
3015 4848 3083 4892 se
3148 4830 3492 4897 devoverat

390 4932 824 4997 monachicam
884 4932 1115 5012 degere
1171 4929 1361 4992 vitam
1396 4975 1413 5004 ,
1479 4929 1545 4990 in
1614 4926 2004 4989 monasterio
2058 4943 2204 5013 eum
2267 4922 2401 4985 illic
2457 4923 2525 4985 in
2584 4926 2846 4990 Francia
2906 4947 2934 4987 ρ
2989 4927 3487 4994 collocaverunt.
3536 4982 3555 5003 ,

388 5040 505 5103 Ubi
564 5046 628 5102 et
688 5043 828 5119 post
887 5036 1253 5117 aliquantos
1305 5034 1443 5096 dies
1498 5032 1713 5097 divina
1771 5030 2102 5094 vocatione
2156 5030 2234 5092 de
2304 5026 2423 5092 hac
2477 5028 2621 5092 luce
2678 5031 2974 5109 migravit
3031 5050 3201 5096 anno
3254 5018 3487 5098 Domi-

302 5144 344 5205 5
387 5140 455 5201 ni
482 5141 622 5203 755.
656 5140 906 5202 «Porro
950 5133 1538 5199 Christianissimus
1592 5132 1899 5211 Pippinus
1948 5131 2335 5192 Francorum
2395 5148 2539 5206 rex,
2590 5135 2661 5193 ut
2711 5147 2858 5195 vere
2906 5130 3075 5194 beati
3124 5133 3292 5197 Petri
3328 5134 3489 5196 ﬁde-

389 5240 511 5318 lis,
564 5247 757 5321 atque
799 5240 931 5321 jam
980 5237 1093 5301 fati
1152 5235 1546 5299 sanctissimi
1598 5233 1914 5313 pontiﬁcis
1967 5231 2316 5295 salutiferis
2372 5234 2821 5314 obtemperans
2872 5234 3134 5311 monitis
3182 5245 3207 5276 '
3252 5235 3487 5300 direxit

1301 5394 1566 5467 neruus
1617 5422 2017 5466 maenuuas
2070 5421 2408 5466 FABROTI‘I.

296 5562 325 5592 ι
353 5548 584 5605 excelsa.
655 5551 686 5591 ιι
706 5550 933 5607 viribus.
1009 5561 1031 5592 ο
1057 5566 1149 5606 seu
1164 5559 1356 5607 ctetera
1387 5551 1502 5607 loca
1516 5551 1632 5618 juri
1660 5551 1886 5618 reipuhl.
1918 5550 2093 5605 modis
2119 5549 2369 5604 omnibus
2401 5548 2645 5604 reddere.
2721 5548 2747 5588 ά
2776 5551 2793 5569 ⁶
2813 5546 3170 5603 Parisiacum.
3253 5558 3276 5587 θ
3308 5548 3482 5602 hiber-

218 5621 488 5678 nandum.
568 5619 589 5659 ί
616 5623 928 5685 comitante.
1018 5623 1047 5664 ⁸
1078 5620 1207 5675 Vide
1237 5621 1434 5674 Bar’on.
1460 5618 1811 5676 αι1·αήη.754.
1912 5622 1937 5661 h
1966 5623 1986 5645 θ
2009 5619 2199 5675 Franci
2224 5620 2422 5688 ibidem
2453 5619 2747 5688 existentes
2769 5620 2834 5673 de
2847 5619 2964 5688 ejus
2984 5619 3094 5673 vita
3109 5618 3476 5687 desperarent.

224 5704 245 5734 ι
271 5694 286 5712 ⁸
316 5705 533 5746 omnem
550 5690 664 5746 ﬁeri
691 5690 986 5755 hominem,
1014 5693 1139 5745 dum
1169 5707 1312 5747 etim.
1376 5694 1389 5742 t
1428 5697 1441 5715 ‘
1474 5694 1539 5746 ad
1571 5693 1764 5748 locum.
1842 5692 1867 5730 ι
1890 5693 1955 5757 Β,
1988 5692 2311 5746 Parisiacus.
2393 5686 2412 5726 1
2444 5690 2457 5707 ⁵
2476 5687 2674 5759 Carolo
2702 5686 2891 5759 Magno
2928 5687 3102 5744 fratri.
3126 5758 3151 5759 η
3176 5686 3219 5719 ’ί
3242 5693 3258 5711 ⁸
3288 5704 3477 5744 mona-

220 5764 389 5832 chus.
458 5771 487 5832 ξι
518 5764 534 5783 '
564 5778 685 5818 eum
720 5763 771 5816 in
798 5762 1040 5817 Francia:
1080 5762 1413 5832 provinciam
1465 5765 1528 5816 ad
1569 5764 1669 5818 sibi
1710 5754 2089 5819 obediendnm.
2172 5767 2196 5795 ο
2225 5762 2240 5781 ⁶
2266 5754 2617 5827 ρει-νθηίεεει.
2715 5771 2741 5810 ι’
2766 5754 3032 5816 "Viennae
3059 5758 3475 5816 collocaverunt.

220 5844 250 5884 ιι
295 5830 424 5886 Vide
449 5830 648 5887 Baron.
679 5850 802 5887 aint.
837 5833 957 5887 754.
1037 5843 1057 5870 τ
1082 5830 1105 5854 ³
1129 5832 1313 5904 jussis.
