4024 6316
604 386 709 441 (95
1193 395 1199 401 ·
1410 370 1416 379 ’
1452 364 1460 369 ’
1723 387 2083 444 ANASTASII
2122 354 2665 447 BIBLIOTHECARII
2773 363 2783 370 ’
3725 394 3867 449 mos

743 515 890 561 suos
978 515 1210 561 llllSSOS
1290 500 1569 563 Aistulf‘o
1651 502 2055 582 nequissimo
2129 501 2696 580 Longobardorum
2774 502 2909 578 regi
2981 506 3240 581 propter
3314 500 3485 582 pacis
3574 500 3862 577 findere,

732 607 806 675 et
859 600 1285 679 .prOprielatis
1344 618 1577 663 sanctae
1620 621 1647 650 ι
1693 604 1813 665 Dei
1867 602 2211 675 Ecclesiae,
2262 619 2335 664 ac
2389 600 2781 680 Reipublicae
2827 600 3218 663 restituenda
3261 601 3450 678 jura,
3511 608 3721 681 atque
3771 602 3864 664 bis

730 704 793 759 ot
851 699 1044 761 tertio
1094 698 1277 779 juxta
1336 700 1619 781 saepefati
1693 700 2053 763 beatissimi
2136 717 2315 781 papa:
2371 700 2880 762 admonitionem
2943 718 3092 763 eum
3148 702 3531 780 deprecatus
3589 708 3754 773 est,
3810 710 3867 762 et

611 800 686 862 10
730 799 912 879 plura
971 802 1031 863 ei
1086 802 1417 882 pollicitus
1465 812 1563 866 est
1624 822 1933 879 munera,
1987 810 2061 866 ut
2118 802 2562 865 tantummodo
2631 801 2889 882 paciﬁca
2948 794 3207 882 prepria
3265 803 3645 864 restitueret
3718 818 3866 879 pro-

726 901 928 979 priis;
984 902 1098 964 sed
1133 904 1274 979 ille,
1315 911 1572 984 peccato
1622 904 2046 977 imminente,
2098 904 2364 967 obedire
2415 901 2694 966 distulit.
2733 900 2832 965 Ad
2860 900 2993 980 hoc,
3025 901 3231 963 isdem
3293 900 3577 964 eximius
3656 903 3864 961 Fran-

729 1016 949 1062 corum
1027 1019 1185 1076 rex,
1252 1021 1522 1066 cernens
1592 1005 1765 1083 quod
1833 1003 2218 1067 atrocissimi
2288 1002 2546 1065 Aistulf‘t
2616 1019 3024 1083 nequaquam
3061 1002 3301 1065 valeret
3358 1018 3634 1082 quoquo
3671 1004 3862 1066 modo

721 1116 988 1162 saxeum
1044 1101 1295 1164 mollire
1340 1100 1523 1178 'cor,
1584 1105 1948 1184 generalem
2002 1112 2218 1169 contra
2286 1122 2431 1167 eum
2508 1104 2791 1166 decrevit
2846 1104 3056 1168 facere
3120 1105 3498 1168 motionem.
3556 1107 3638 1167 Et
3708 1106 3859 1170 dum

718 1199 856 1279 jam
934 1200 1069 1266 fere
1146 1203 1431 1266 medium
1511 1204 1766 1267 itineris
1835 1206 2114 1284 spatium
2195 1205 2584 1266 Francorum
2657 1197 3058 1267 exercituum
3136 1205 3560 1283 graderentur
3636 1210 3857 1289 cunei,

607 1301 684 1363 15
724 1293 1003 1364 rursum
1064 1302 1205 1383 ipse
1269 1304 1716 1366 sanctissimus
1777 1303 1875 1367 vir
1912 1303 2240 1384 praefatum
2298 1302 2834 1382 benignissimum
2909 1302 3290 1386 deprecatus
3346 1314 3442 1368 est
3508 1305 3857 1387 Pippinum

725 1423 990 1483 regem,
1047 1406 1307 1470 demum
1357 1416 1386 1456 ιι
1435 1408 1795 1471 saevissimo
1860 1406 2140 1470 Aistulfo
2195 1405 2388 1485 dirigi
2445 1406 3016 1485 Longobardorum
3088 1408 3269 1487 regi,
3341 1409 3399 1471 si
3459 1425 3595 1490 quo
3672 1413 3857 1473 modo

726 1507 1048 1586 potuisset
1093 1504 1196 1572 vel
1250 1525 1418 1571 sero-
1448 1510 1705 1573 tandem
1757 1509 1898 1589 ejus
1962 1509 2186 1571 sedare
2234 1507 2542 1571 saevitiam
2573 1552 2590 1582 ,
2642 1514 2703 1571 et
2754 1511 3011 1589 propria
3065 1511 3340 1590 prOpriis
3416 1511 3856 1574 saluberrime

725 1609 1025 1673 suaderet
1088 1610 1354 1673 reddere
1408 1611 1655 1691 absque
1712 1611 1979 1672 humani
2036 1608 2354 1671 effusione
2422 1608 2783 1688 sanguinis.
2857 1611 2935 1671 Et
3009 1609 3097 1671 ita
3154 1610 3396 1673 factum
3453 1619 3600 1686 est,
3668 1618 3855 1692 atque

723 1709 940 1774 denuo
970 1710 1109 1792 ipse
1136 1711 1651 1791 benignissimus
1682 1714 2073 1776 Francorum
2112 1728 2225 1773 rex
2257 1726 2412 1772 suos
2444 1709 2655 1773 eidem
2683 1709 2962 1773 Aistulfo
2996 1712 3168 1774 misit
3202 1712 3436 1775 missos

802 1811 965 1884 247
1034 1811 1155 1875 Sed
1216 1812 1632 1875 beatissimus
1692 1812 1898 1874 isdem
1957 1829 2142 1890 papa,
2203 1817 2273 1873 ut
2339 1829 2488 1873 vere
2547 1817 2723 1891 pater
2771 1818 2833 1874 et
2884 1813 3097 1875 bonus
3142 1821 3384 1893 pastor,
3435 1831 3525 1876 ne
3584 1816 3851 1893 sanguis

726 1912 1169 1975 effunderetur
1252 1912 1809 1986 Christianorum,
1879 1910 2347 1974 admonitionis
2423 1919 2485 1974 et
2565 1911 3029 1974 obsecrationis
3089 1913 3477 1992 apostolicas
3551 1916 3619 1976 ei
3686 1916 3854 1976 dire-

724 2012 818 2073 xit
870 2011 1157 2087 litteras,
1229 2031 1342 2093 per
1403 2030 1508 2075 eas
1575 2018 1636 2074 et
1691 2010 1942 2074 fortiter
2015 2030 2131 2092 per
2194 2011 2412 2074 omnia
2491 2011 2707 2075 divina
2764 2012 3070 2092 mysteria
3135 2019 3197 2075 et
3254 2012 3460 2077 futuri
3530 2018 3849 2079 examinis

721 2113 892 2175 diem
964 2114 1308 2193 conjurans
1365 2120 1559 2195 atque
1626 2113 1956 2175 obtestans
2024 2123 2095 2173 ut
2156 2112 2413 2191 pacifica
2482 2112 2624 2176 sine
2698 2112 2828 2175 ulla
2904 2113 3238 2193 sanguinis
3309 2115 3649 2180 eﬂ'usione
3716 2138 3848 2199 pro-

637 2225 679 2291 5
721 2214 860 2295 pria
915 2221 1147 2277 sanctae
1204 2214 1319 2277 Dei
1375 2213 1677 2276 Ecclesiae
1738 2219 1819 2275 et.
1866 2211 2260 2291 Reipublicae
2317 2212 2750 2274 Romanorum
2808 2211 3109 2276 redderet
3174 2213 3353 2294 jura;
3426 2216 3551 2280 sed
3610 2218 3847 2300 iniqui-
3904 2237 3915 2245 '

720 2323 848 2379 tate
914 2316 1056 2396 ejus
1114 2316 1472 2378 obsistente
1498 2326 1517 2389 ,'
1572 2332 1985 2396 nequaquam
2064 2312 2475 2394 acquiescere
2540 2313 2765 2375 voluit.
2828 2314 3050 2376 Potius
3123 2322 3336 2376 autem
3404 2334 3439 2378 e
3527 2321 3843 2381 contrario

719 2416 928 2479 minas
984 2424 1048 2479 et
1116 2416 1596 2496 indignationes
1690 2413 1948 2494 praefato
2038 2413 2329 2494 pontifici
2422 2418 2484 2474 et
2567 2412 3110 2476 excellentissimo
3186 2414 3464 2496 Pippino
3554 2419 3699 2499 regi
3756 2419 3842 2481 vel

688 2519 969 2587 .cunctis
1037 2518 1299 2581 Francis
1352 2517 1608 2581 direxit.
1679 2519 1861 2579 Tunc
1911 2516 2078 2577 ﬁxus
2117 2523 2140 2552 °
2202 2513 2268 2575 in
2331 2514 2795 2593 omnipotentis
2853 2515 2973 2578 Dei
3030 2514 3479 2579 misericordia
3527 2521 3841 2583 antefatus

721 2621 1036 2701 Pippinus
1063 2621 1458 2682 Francorum
1518 2636 1632 2680 rex
1684 2616 1806 2678 iter
1858 2632 2050 2678 suum
2115 2612 2433 2694 profectus
2469 2613 2498 2653 ἀ
2548 2619 2668 2686 est,
2727 2614 3123 2693 praemittens
3177 2622 3325 2678 ante
3386 2634 3591 2680 suum
3627 2637 3845 2685 occur-

601 2727 679 2789 10
723 2738 867 2785 sum
918 2720 1170 2802 aliquos
1239 2739 1318 2784 ex
1375 2719 1521 2782 suis
1559 2718 1979 2798 proceribus,
2036 2722 2097 2779 et
2153 2733 2296 2777 cum
2352 2715 2445 2777 eis
2504 2714 2929 2777 exercituales
2981 2716 3155 2779 viros
3207 2716 3288 2779 ad
3340 2720 3842 2784 custodiendum

725 2824 1018 2904 proprias
1091 2806 1483 2884 Francorum
1561 2820 1774 2882 clusas
1814 2839 1878 2895 e;
1954 2819 2175 2893 ibique
2254 2817 2719 2897 conjungentes
2791 2807 3022 2881 remoti
3104 2820 3533 2897 residebant,
3598 2827 3842 2905 proprii

721 2923 891 3001 regis
969 2921 1411 3001 praestolantes
1497 2920 1872 2982 adventum.
1956 2918 2247 2981 Audiens
2316 2917 2534 2996 itaque
2612 2923 2949 2998 protervus
3036 2919 3147 2983 ille
3226 2920 3546 2985 Aistulfus
3608 2944 3842 3005 parvos

719 3023 928 3088 fuisse
995 3024 1273 3085 Francos
1330 3022 1478 3084 illos
1532 3020 1647 3101 qui
1702 3020 1781 3082 ad
1847 3018 2205 3082 custodiam
2277 3018 2681 3097 prepriarum
2745 3019 3141 3081 advenerant
3198 3018 3559 3095 clusarum,
3619 3024 3837 3085 ﬁdens

720 3128 789 3189 in
842 3144 959 3189 sua
1009 3125 1340 3188 ferocitate
1377 3127 1395 3166 ί
1425 3108 1451 3198 ,’
1494 3124 1712 3186 subito
1748 3122 2044 3203 aperiens
2077 3120 2289 3182 clusas
2315 3165 2332 3195 ,
2392 3138 2588 3199 super
2615 3138 2727 3183 eos
2759 3121 3046 3183 diluculo
3115 3140 3264 3185 cum
3320 3122 3614 3201 plurimis
3652 3143 3841 3189 exer-

600 3241 667 3299 15
715 3226 953 3291 citibus
1007 3225 1223 3288 irruit.
1306 3222 1426 3287 Sed
1488 3224 1712 3304 justus
1773 3221 1978 3303 judex
2038 3221 2355 3283 Dominus
2426 3222 2601 3282 Deus
2662 3228 2725 3282 et
2785 3220 3073 3282 Salvator
3136 3227 3358 3285 noster
3414 3225 3608 3288 Jesus
3660 3225 3838 3287 Chri-

713 3334 851 3389 stus
914 3325 1248 3389 victoriam
1313 3323 1723 3403 paucissimis
1797 3321 1929 3383 illis
1988 3321 2214 3384 tribuit
2285 3320 2571 3383 Francis.
2665 3321 2744 3381 Et
2802 3319 3285 3384 multitudinem
3350 3321 3534 3386 illam
3591 3328 3837 3404 Longo-

714 3427 1063 3492 bardorum
1116 3431 1492 3507 superantes
1571 3422 2096 3496 trucidaverunt,
2154 3420 2243 3482 ita
2308 3426 2374 3481 ut
2437 3420 2577 3500 ipse
2639 3416 2957 3480 Aistulfus
3010 3417 3162 3498 fuga
3231 3429 3534 3501 arreptus
3596 3426 3703 3486 vix
3759 3425 3834 3485 ab

719 3548 942 3592 eorum
999 3528 1267 3591 evadere
1314 3526 1623 3606 potuisset
1676 3525 2019 3598 manibus,
2083 3521 2211 3583 nisi
2267 3538 2478 3601 usque
2534 3521 2601 3580 in
2637 3519 2895 3598 Papiam
2952 3520 3276 3583 civitatem
3334 3524 3591 3605 absque
3649 3524 3831 3588 armis

706 3630 923 3710 fugam
980 3628 1394 3709 arripuisset;
1453 3626 1521 3688 in
1578 3644 1705 3706 qua
1762 3634 1823 3688 et
1884 3641 2013 3705 prin
2071 3622 2303 3684 timore
2368 3621 2756 3683 Francorum
2814 3636 2961 3680 cum
3009 3617 3360 3699 aliquantis
3415 3640 3490 3685 se
3552 3624 3827 3686 retrusit.

584 3741 667 3803 20
708 3730 843 3810 Ipsi
892 3747 1045 3794 vero
1106 3729 1332 3793 Franci
1399 3728 1801 3790 introeuntes
1865 3725 2100 3796 clusas,
2141 3727 2448 3783 cunctum
2483 3721 2799 3784 fossatum
2834 3725 2860 3763 ε
2894 3721 3473 3799 Longobardorum
3510 3730 3663 3803 post
3688 3742 3832 3804 per-

707 3829 915 3891 actam
949 3830 1187 3893 caedem
1226 3827 1678 3901 abstulerunt,
1730 3824 1936 3905 spolia
1969 3821 2171 3885 multa
2209 3818 2599 3883 auferentes.

781 3931 950 4007 268
1049 3932 1459 4012 Conjungens
1564 3943 1712 3990 vero
1786 3922 2383 3987 Christianissimus
2468 3920 2779 4001 Pippinus
2828 3920 3223 3983 Francorum
3292 3938 3458 3998 rex,
3529 3923 3834 4004 sequipes

714 4037 907 4102 etiam
969 4033 1111 4113 ejus
1164 4030 1409 4105 factus,
1471 4033 1533 4088 et
1582 4023 1900 4088 antelatus
1953 4021 2374 4085 beatissimus
2436 4038 2623 4101 papa,
2672 4037 2884 4099 usque
2932 4018 3009 4081 ad
3043 4037 3266 4083 muros
3306 4021 3595 4085 civitatis
3634 4024 3834 4102 Papia

707 4139 970 4217 utrique
1033 4135 1490 4212 pervenerunt.
1577 4126 1784 4199 Quam
1852 4129 1912 4185 et
1997 4120 2372 4184 obsidentes
2450 4136 2563 4199 per
2651 4119 3017 4200 aliquantos
3097 4119 3237 4182 dies
3315 4120 3601 4184 viriliter
3697 4140 3833 4185 eam

704 4242 1100 4300 Francorum
1186 4231 1506 4292 exercitus
1589 4224 2120 4289 constrinxerunt
2153 4226 2207 4283 h.
2290 4224 2469 4284 Tunc
2529 4222 2659 4300 jam
2714 4220 2887 4283 fatus
2956 4222 3372 4287 beatissimus
3424 4233 3494 4288 et
3558 4244 3835 4307 eoange-

621 4340 662 4403 ὅ
707 4340 867 4401 licus
924 4352 1087 4416 papa
1139 4330 1485 4412 Pippinum
1532 4327 1913 4407 deprecatus
1966 4331 2063 4387 est
2115 4323 2659 4402 benignissimum
2716 4340 2930 4402 regem
2964 4368 2979 4399 ,
3043 4331 3114 4387 ut
3162 4325 3290 4405 jam
3348 4327 3636 4406 amplius
3691 4349 3829 4392 ma-

708 4437 845 4499 lum
912 4433 1036 4495 hoc
1092 4446 1223 4494 non
1303 4425 1758 4509 provenireti,
1821 4440 2037 4502 neque
2120 4424 2385 4502 sanguis
2448 4423 2891 4487 effunderetur
2972 4425 3539 4505 Christianorum,
3622 4431 3831 4496 immi-

704 4554 868 4602 nens
941 4531 1269 4597 salutifera
1356 4526 1847 4610 prtedicatione,
1912 4532 1985 4587 ut
2042 4524 2301 4604 pacifice
2360 4542 2566 4588 causai
2622 4525 2983 4590 finirentur.
3062 4528 3161 4589 Ad
3214 4529 3349 4591 hmc
3406 4529 3826 4596 Christianis-

704 4641 912 4703 simus
967 4634 1280 4714 Pippinus
1345 4632 1732 4693 Francorum
1802 4644 1947 4701 rex,
2003 4625 2295 4706 ejusdem
2368 4625 2729 4688 beatissimi
2775 4627 2978 4688 Patris
3038 4634 3100 4690 et
3154 4628 3310 4690 boni
3372 4634 3656 4708 pastoris
3712 4653 3828 4696 au-

703 4742 942 4805 dienst
1007 4733 1498 4815 adimplensque
1573 4729 2123 4803 admonitionem,
2220 4728 2356 4788 Deo
2442 4726 2739 4789 dilectam
2818 4743 3037 4804 pacem
3096 4727 3409 4802 inientes,
3497 4738 3694 4812 atque
3760 4734 3819 4794 in

589 4849 658 4907 to
703 4842 938 4920 scripto
1000 4837 1240 4902 foedera
1308 4834 1590 4914 partium
1653 4833 2038 4895 afﬁrmantes
2094 4828 2265 4890 inter
2344 4830 2711 4901 Romanos,
2796 4827 3077 4890 Francos
3169 4834 3230 4890 et
3312 4830 3817 4908 Longobardos,

700 4951 763 5008 et
831 4941 1090 5005 obsides
1179 4935 1749 5015 Longobardorum
1831 4934 2039 4995 isdem
2118 4931 2507 4991 Francorum
2579 4945 2693 4990 rex
2749 4928 3102 4991 abstollens
3176 4951 3192 4990 :
3262 4935 3626 5010 spopondit
3686 4936 3817 5013 ipse

701 5044 1021 5109 Aistulfus
1080 5058 1229 5104 cum
1284 5039 1609 5101 universis
1664 5036 1800 5099 suis
1852 5033 2227 5116 judicibus,
2292 5031 2413 5092 sub
2481 5029 2751 5093 terribili
2829 5037 2890 5091 et
2949 5029 3305 5092 fortissimo
3376 5043 3818 5106 sacramento,

699 5156 894 5229 atque
959 5145 1029 5207 in
1092 5139 1321 5205 eodem
1379 5137 1546 5219 pacti
1602 5135 1841 5199 findere
1893 5151 2006 5213 per
2061 5132 2363 5213 scriptam
2416 5130 2711 5211 paginam
2770 5128 3109 5192 afﬁrmavit
3166 5145 3237 5190 se
3296 5128 3475 5193 illico
3534 5133 3823 5196 redditu-

700 5267 841 5312 rum
897 5247 1218 5310 civitatem
1276 5237 1740 5303 Ravennatium
1802 5253 1948 5299 cum
1998 5235 2147 5298 aliis
2205 5231 2479 5299 diversis
2530 5231 2924 5293 civitatibus.

776 5345 942 5420 249
984 5347 1059 5406 Et
1122 5348 1267 5426 post
1324 5339 1485 5418 hoc,
1547 5338 1708 5400 facta
1766 5354 1920 5415 pace
1994 5336 2162 5398 inter
2227 5335 2592 5406 Romanos,
2669 5332 2949 5395 Francos
3002 5336 3066 5394 et
3134 5327 3649 5408 Langobardos,
3711 5349 3819 5393 rex

696 5448 1014 5528 Pippinus
1068 5442 1331 5506 obsides
1388 5434 1957 5517 Longobardorum
2015 5450 2233 5497 secum
2293 5434 2535 5495 ducens
2611 5432 2680 5495 in
2741 5433 2980 5495 finibus
3046 5431 3185 5493 suis
3249 5432 3468 5495 rediit.
3523 5431 3819 5513 Cumque

1626 5582 1891 5627 NOTULE
1935 5579 2176 5623 MARGIN
2188 5578 2334 5621 ALES
2378 5575 2715 5621 FABROTTI.

608 5673 972 5747 ’Βνρηεΐθιτε
996 5682 1218 5747 ωηοιξεο
1268 5669 1512 5747 δὲίθηιιου
1559 5667 1767 5747 ,εηεηθο
1817 5663 2311 5747 ,δβξΡν⁰⁵ΈθΞ⁵“¹¹¹.δ’
2394 5660 2744 5747 ⁸³·’⁶¹.³ίέβί¹⁵’
2782 5656 3817 5747 ,,‘,“relative.”“eadem:iis!

538 5730 783 5799 castra:
806 5730 843 5785 li
873 5730 1214 5800 constrinxit.
1306 5743 1322 5780 ί
1351 5739 1679 5811 perveniret.
1760 5749 1773 5787 ι
1817 5738 1847 5811 ξ
1868 5736 1946 5788 Att
1959 5730 2073 5811 lioc
2103 5732 2374 5811 Puppibus
2400 5748 2493 5811 rex
2521 5732 2745 5787 audiens
2768 5746 2863 5785 eos
2883 5730 3002 5799 paci
3031 5730 3519 5811 inli_iantes,.atque
3544 5730 3818 5811 inscripto

538 5817 744 5869 foedere
770 5799 984 5882 pactum
1010 5799 1385 5882 promittentes
1416 5809 1551 5862 dixit
1581 5824 1793 5863 summo
1818 5807 2082 5861 l’ontiliei.
2116 5799 2236 5857 Fiat
2259 5802 2552 5858 secundum
2575 5812 2903 5874 praeceptum
2937 5810 3086 5857 tuum
3116 5800 3429 5856 beatissime
3460 5799 3642 5853 Pater.
