4024 6316
73 421 228 476 1097
658 406 672 418 ’
829 421 1146 480 HISTORIA
1186 427 1274 480 DE
1313 425 1489 482 V'ITIS
1526 425 1662 482 ROM

1753 426 1928 482 ‘ONT.
1969 457 2036 466 —
2073 424 2479 482 STEPHANUS
2519 427 2577 480 ll.
3208 419 3342 480 1398

247 549 326 592 ao
389 530 666 596 invicem
731 543 947 598 essent
1005 539 1363 617 segregati,
1421 537 1683 600 solitum
1757 537 1825 598 in
1890 536 2153 614 perjurii
2211 543 2456 597 reatum
2511 533 2785 596 inﬁdelis
2852 533 2962 596 ille
3023 531 3344 594 Aistult‘us

247 632 818 709 Longobardorum
901 654 1014 699 rex
1091 639 1428 714 incidens,
1523 639 1700 718 quod
1785 637 2211 718 jurejurando
2298 633 2632 715 promisit,
2714 633 2978 696 reddere
3069 631 3344 694 distulit.

165 732 206 791 5
253 733 420 792 Dum
477 733 646 794 enim
724 726 1065 814 Smpefatus
1151 741 1599 802 sanctissimus
1682 756 1842 820 papa
1933 741 2353 818 conjungeret
2419 738 2734 808 Romam,
2812 742 2956 813 post
3035 734 3348 812 aliquanti

257 829 562 906 temporis
624 830 943 908 spatium,
987 833 1205 898 furore
1262 836 1629 900 vehementi
1689 837 1972 920 repletus
2031 836 2434 899 adversarius
2488 832 2620 907 ille,
2659 837 2720 894 et
2755 849 2887 892 sum
2941 832 3168 892 animm
3217 833 3350 894 ini-
3451 828 3454 831 ’

250 923 482 996 micus,
515 924 880 1000 Aistulfus,
940 931 1077 992 Deo
1123 932 1249 993 sibi
1299 933 1641 1007 contrario,
1693 950 1823 995 non
1876 935 2082 995 solum
2147 933 2298 1012 quia
2336 951 2409 994 ea
2445 947 2588 1010 quae
2645 929 3022 1008 promiserat
3084 930 3348 994 minime

251 1025 654 1104 adimplevit,
710 1029 822 1090 sed
893 1031 1087 1093 etiam
1133 1042 1224 1096 et
1277 1035 1641 1112 generalem
1703 1035 1946 1098 faciens
2023 1033 2520 1096 commotionem
2601 1049 2750 1093 cum
2808 1031 3115 1093 universo
3169 1031 3353 1109 regni

255 1125 359 1186 sui
419 1127 984 1206 Longobardorum
1067 1134 1305 1212 p0pulo
1394 1143 1613 1198 contra
1704 1136 1869 1198 hanc
1949 1137 2300 1196 Romanam
2367 1133 2541 1193 venit
2609 1132 2874 1204 urbem,
2961 1147 3156 1210 quam
3239 1148 3356 1208 per

123 1227 209 1287 10
258 1225 450 1287 trium
505 1230 826 1290 mensium
892 1233 1097 1308 spatia
1164 1233 1520 1309 obsidens,
1577 1241 1769 1314 atque
1822 1253 1900 1298 ex
1953 1235 2128 1296 omni
2165 1234 2571 1297 circumdans
2623 1241 2841 1313 parte,
2893 1227 3196 1317 quotidie
3220 1229 3356 1294 for-

258 1327 408 1389 titer
463 1345 602 1390 eam
668 1334 1117 1410 expugnabat,
1177 1337 1401 1398 omnia
1476 1354 1620 1417 quae
1682 1345 1862 1400 erant
1921 1344 2095 1398 extra
2154 1336 2380 1397 urbem
2453 1333 2625 1396 ferro
2693 1341 2756 1395 et
2810 1334 2958 1409 igne
3013 1332 3356 1395 devastans

253 1434 450 1506 atque
541 1426 836 1493 funditus
911 1432 1272 1498 demoliens
1356 1436 1778 1515 consumpsit.
1865 1437 2220 1498 lmminens
2303 1432 2758 1496 vehementius
2821 1433 3026 1493 isdem
3089 1429 3356 1512 pestifer

257 1526 614 1604 Aistulfus,
680 1536 750 1590 ut
815 1530 979 1594 hanc
1029 1534 1379 1596 Romanam
1444 1553 1671 1614 capere
1725 1535 2089 1614 potuissent
2171 1533 2441 1603 urbem,
2508 1548 2653 1593 nam
2710 1538 2772 1592 et
2825 1531 3021 1592 multa
3087 1547 3354 1608 corpora

255 1637 619 1693 sanctorum
685 1633 1047 1711 eﬁ‘odiens,
1129 1655 1351 1701 eorum
1415 1657 1591 1702 sacra
1649 1639 1954 1719 mysteria
1987 1654 2037 1713 ι,
2101 1637 2179 1700 ad
2247 1653 2549 1715 magnum
2603 1635 2829 1698 animae
2890 1636 3357 1700 detrimentum

122 1728 210 1792 15
257 1729 550 1792 abstulit.
2150 1759 2152 1762 ν

334 1827 500 1898 250
553 1831 700 1892 Haec
759 1831 978 1912 itaque
1042 1833 1239 1913 impie
1294 1837 1373 1897 ab
1433 1836 1659 1898 eodem
1718 1835 1996 1900 Aistuli‘o
2051 1841 2227 1914 gesta
2287 1834 2722 1912 quantocitius
2777 1832 3104 1910 saepedicti
3153 1833 3361 1894 Fran-

255 1943 478 1988 corum
538 1928 889 1993 insonuere
948 1931 1116 2009 regis
1180 1932 1248 1993 in
1307 1950 1497 1994 aures
1537 1942 1585 1994 b.
1665 1935 1786 1997 Sed
1872 1942 1934 1996 et
2019 1932 2438 2008 beatissimus
2521 1930 2805 2009 pontifex
2863 1948 2978 2010 per
3040 1930 3358 1993 marinum

253 2025 379 2086 iter
441 2041 593 2087 suos
651 2027 978 2100 ordinans,
1036 2034 1097 2090 et
1152 2029 1228 2092 ad
1289 2047 1439 2091 eum
1484 2033 1829 2102 ‘Franciam
1887 2031 2106 2110 dirigit
2169 2045 2448 2100 missos,
2493 2044 2621 2088 una
2678 2045 2824 2088 cum
2877 2027 3159 2104 quodam
3217 2025 3364 2089 reli-

254 2124 439 2203 gioso
501 2125 680 2198 viro,
730 2127 1070 2190 Warnerio
1123 2129 1436 2204 nomine,
1494 2131 1607 2209 qui
1663 2132 1742 2192 ab
1803 2131 2028 2196 eodem
2099 2133 2488 2199 Francorum
2551 2144 2698 2205 rege
2758 2127 2883 2188 huc
2941 2130 3201 2189 Romam
3263 2127 3362 2188 di-

165 2230 208 2290 5
260 2235 469 2290 rectus
538 2226 766 2290 fuerat.
846 2231 1088 2294 Cuncta
1143 2249 1287 2310 quae
1357 2242 1539 2312 gesta
1599 2242 1784 2304 sunt,
1853 2242 1916 2298 et
1970 2251 2114 2314 quas
2180 2231 2527 2295 crudeliter
2589 2240 2898 2306 tyrannus
2958 2230 3064 2293 ille
3113 2232 3365 2310 peregit

256 2326 572 2390 Aistolfus
603 2372 620 2400 ,
674 2327 898 2390 subtili
958 2332 1212 2396 ﬁctione
1264 2334 1403 2396 suis
1437 2353 1460 2380 ο
1511 2336 1881 2412 apostolicis
1939 2336 2366 2398 relationibus
2415 2329 2714 2409 smpel‘ato
2762 2326 3358 2398 Christianissimo,

191 2419 198 2422 ’
263 2431 340 2490 ει,
377 2426 495 2486 Dei
556 2425 786 2488 cultori
844 2427 1114 2506 Pippino
1190 2432 1579 2496 Francorum
1647 2434 1970 2496 intimavit
2028 2433 2202 2511 regi,
2270 2432 2572 2510 adjurans
2633 2444 2779 2487 eum
2852 2425 3106 2489 fortiter
3153 2429 3361 2490 ﬁrmi-

255 2527 481 2601 terque
529 2525 650 2585 sub
713 2523 929 2586 divina
989 2526 1119 2589 diei
1180 2529 1416 2608 judicii
1473 2533 1945 2606 obtestatione,
2015 2539 2243 2594 cuncta
2311 2547 2454 2610 qum
2524 2529 2712 2592 beato
2769 2531 2956 2592 Petro
3027 2531 3355 2608 pollicitus

257 2628 359 2683 est
388 2622 864 2702 adimplendum
898 2629 952 2691 δ.
1011 2631 1107 2692 Ad
1161 2651 1312 2696 vero
1366 2633 1498 2697 haec
1560 2635 2148 2697 Christianissimus
2214 2633 2526 2713 Pippinu‘s
2583 2648 2696 2693 rex
2757 2632 3172 2705 Francorum,
3219 2631 3356 2696 fer-

130 2721 212 2780 10
258 2734 413 2781 vore
472 2720 619 2782 ﬁdei
685 2731 941 2798 motus,
1011 2729 1245 2791 iterum
1306 2750 1449 2793 cum
1495 2734 1614 2794 Dei
1658 2733 1894 2794 virtute
1957 2732 2321 2811 generalem
2362 2731 2604 2794 faciens
2656 2733 3034 2807 motionem,
3073 2733 3140 2794 in
3188 2735 3358 2795 Lon-

253 2815 688 2894 gobardorum
753 2829 964 2902 partes
1043 2827 1382 2906 conjunxit
1426 2845 1474 2901 ο,
1531 2836 1592 2890 et
1675 2829 1886 2891 clusas
1967 2829 2260 2891 funditus
2342 2831 2716 2893 eorumdem
2793 2831 3022 2892 evertit
3103 2833 3362 2909 Longo-

250 2915 620 2978 bardorum.
691 2919 947 2983 Etenim
1011 2941 1154 2986 cum
1240 2925 1317 2988 ad
1405 2927 1738 3006 praedictas
1825 2928 2391 3006 Longobardorum
2463 2928 2673 2992 clusas
2741 2931 2872 3008 jam
2935 2929 3105 2993 fatus
3174 2931 3360 2994 Chri-

209 3014 696 3111 .stiauissimus
782 3019 1091 3099 Pippinus
1184 3022 1572 3086 Francorum
1659 3011 2201 3106 apprOpii‘iquaret
2291 3043 2448 3099 rex,
2535 3028 3011 3108 conjunxerunt
3084 3030 3152 3091 in
3239 3029 3358 3093 hac

256 3115 543 3174 Romana
613 3115 771 3177 urbe
809 3125 829 3165 ί
891 3117 1259 3196 imperiales
1339 3121 1559 3195 missi,
1634 3123 1980 3200 Gregorius
2046 3123 2289 3186 scilicet
2348 3131 2780 3202 protosecrata
2831 3130 2877 3200 ³,
2953 3135 3015 3192 et
3083 3131 3368 3194 Joannes

131 3221 214 3280 15
256 3217 688 3294 Silentiarius,
758 3219 982 3282 directi
1055 3219 1136 3279 ad
1193 3219 1560 3298 praedictum
1648 3222 2036 3282 Francorum
2108 3239 2345 3300 regem.
2409 3222 2586 3294 Quos
2673 3223 3037 3304 suscipiens
3121 3225 3358 3289 beatis-

260 3319 473 3381 simus
530 3337 690 3400 papa
740 3319 980 3382 eisdem
1037 3320 1386 3382 motionem
1441 3320 1680 3400 praefati
1755 3323 2145 3382 Francorum
2208 3319 2376 3397 regis
2434 3321 2779 3383 nuntiavit.
2844 3321 3029 3394 Quod
3099 3322 3366 3403 quidem

253 3415 356 3476 illi
424 3417 688 3478 dubium
750 3418 1114 3482 habuerunt
1169 3421 1494 3483 credendi.
1550 3423 1626 3482 Et
1686 3422 2016 3483 adhaerens
2084 3420 2180 3480 eis
2239 3419 2508 3479 missum
2570 3421 2936 3496 apostolica;
2997 3419 3170 3480 sedis
3246 3437 3367 3481 eos

257 3521 331 3584 in
393 3523 726 3586 Franciam
788 3526 882 3586 ire
944 3525 1217 3590 absolvit
1265 3527 1315 3585 δ.
1375 3528 1449 3586 Et
1512 3531 1850 3604 pergentes
1913 3524 2158 3584 marino
2235 3523 2465 3584 itinere
2535 3521 2916 3600 quantocius
3025 3519 3373 3582 Massiliam

257 3620 702 3696 advenerunt;
791 3623 876 3684 in.
935 3642 1122 3702 quam
1206 3623 1642 3698 ingredientes
1727 3621 2090 3683 didicerunt
2156 3620 2288 3698 jam
2359 3618 2725 3697 prmdictum
2791 3619 3182 3679 Francorum
3255 3634 3364 3679 re-

126 3723 218 3782 ‘20
257 3739 403 3798 gem
459 3723 1022 3799 Langobardorum
1086 3724 1242 3784 fines
1306 3722 1510 3784 fuisse
1573 3723 1974 3800 ingressum,
2041 3723 2226 3801 juxta
2285 3719 2797 3782 adhortationem
2864 3715 3122 3777 autefati
3200 3716 3360 3779 bea-

261 3818 496 3880 tissimi
587 3840 794 3901 papaa,
875 3831 938 3885 et
1033 3819 1524 3902 promissionem
1582 3839 1773 3900 quam
1856 3822 2042 3883 beato
2127 3822 2309 3881 Petro
2375 3815 2800 3897 jurejurando
2865 3813 3208 3878 obtulerat.
3287 3817 3367 3876 Et

260 3917 450 3979 haeci
511 3928 968 3997 cognoscentes
1016 3922 1139 4000 ipsi
1185 3919 1550 3999 imperiales
1605 3918 1828 3990 missi,
1871 3919 2087 3978 tristes
2150 3917 2355 3979 etl’ccti
2386 3960 2401 3987 ,
2461 3915 2831 3980 nitebantur
2893 3917 3165 3980 dolose!
3213 3920 3370 3980 mis-

260 4033 408 4077 sum
468 4019 830 4095 apostolicae
883 4019 1056 4080 sedis
1127 4019 1413 4080 detinere
1468 4016 1858 4088 Massiliam,
1919 4022 1988 4076 ut
2057 4015 2325 4084 minime
2394 4016 2471 4077 ad
2537 4017 2906 4094 praedictum
2996 4024 3370 4098 pr0peraret

262 4133 523 4191 regem,
592 4117 940 4196 aﬁligentes
1006 4135 1152 4182 eum
1218 4117 1424 4177 valide
1463 4117 1515 4176 κ.
2233 4187 2235 4192 Α
3347 4189 3349 4192 ⁴

341 4215 498 4287 251
545 4217 688 4289 Sed,
754 4217 1221 4279 interveniente
1284 4217 1470 4276 beato
1526 4217 1710 4276 Petro
1772 4213 2206 4292 apostolorum
2283 4215 2607 4294 principe,
2691 4233 2926 4288 eorum,
2992 4215 3216 4280 cr'lida
3293 4215 3375 4277 ad

259 4319 537 4380 nihilum
603 4318 852 4381 redacta
912 4327 1009 4380 est
1082 4321 1384 4380 versutia.
1459 4320 1678 4398 Itaque
1753 4335 1924 4379 unus
2002 4335 2081 4379 ex
2137 4319 2339 4397 ipsis,
2399 4321 2746 4399 Gregorius
2799 4320 3094 4383 videlicet
3158 4324 3373 4400 proto-

262 4415 507 4479 secreta
556 4421 572 4460 ι
615 4417 975 4495 praecedens
1022 4416 1387 4496 apostolicae
1429 4417 1600 4478 sedis
1657 4417 1927 4478 missum
1957 4461 1972 4489 ,
2033 4417 2326 4478 celeriter
2385 4420 2909 4496 prmuominatum
2981 4422 3375 4481 Francorum

260 4521 604 4576 assecutus
671 4523 767 4575 est
849 4532 1106 4592 regem,
1186 4532 1379 4593 quem
1445 4523 1505 4575 et
1575 4514 1641 4573 in
1703 4516 1938 4578 ﬁnibus
1991 4516 2560 4595 Longobardorum
2622 4535 2747 4580 non
2806 4519 3025 4597 procul
3094 4537 3129 4579 a
3185 4519 3376 4596 Papia

175 4616 216 4677 5
261 4612 503 4690 reperit
560 4611 858 4685 civitate;
920 4619 981 4672 et
1037 4612 1228 4673 nimis
1288 4631 1433 4674 eum
1497 4611 1893 4690 deprecans,
1951 4621 2142 4692 atque
2203 4613 2385 4693 plura
2451 4615 2774 4693 spondens
2832 4615 3024 4674 tribui
3083 4628 3122 4654 ιη
3161 4614 3374 4691 impc-

259 4708 446 4770 rialia
489 4724 829 4781 ~munera,
897 4716 969 4768 ut
1043 4709 1510 4771 Ravennatium
1597 4712 1819 4770 urbem
1899 4711 1996 4774 vel
2055 4719 2312 4772 caeteras
2375 4711 2662 4789 ejusdem
2718 4712 3096 4773 exarcliatus
3153 4711 3376 4772 civita-

263 4814 364 4869 tes
449 4813 509 4866 et
588 4813 793 4867 castra
853 4806 1171 4884 imperiali
1249 4807 1538 4866 tribuens
1617 4807 1995 4868 concederet
2062 4807 2317 4868 ditioni.
2394 4811 2474 4866 At
2530 4826 2931 4888 nequaquam
3003 4809 3200 4870 valuit
3259 4809 3375 4870 ﬁr-

263 4906 630 4968 missimum
689 4906 820 4984 jam
883 4904 995 4966 fati
1071 4903 1602 4966 Christianissimi
1679 4914 1869 4982 atque
1940 4905 2387 4982 benignissimi
2465 4905 2671 4967 ﬁdelis
2749 4907 2862 4968 Dei
2937 4914 2996 4966 et
3071 4906 3374 4968 amatoris

261 5005 436 5069 beati
503 5005 672 5068 Petri
727 5004 1046 5084 apostoli,
1110 5004 1351 5065 scilicet
1407 5001 1667 5064 antefati
1722 5002 1969 5081 Pippini
2023 5005 2410 5065 Francorum
2463 5004 2673 5080 regis,
2726 5004 3038 5065 inclinare
3096 5021 3243 5075 cor,
3301 5011 3373 5065 ut

137 5112 219 5173 10
264 5107 526 5171 easdem
579 5106 870 5167 civitates
938 5111 998 5168 et
1060 5103 1196 5166 loca
1256 5102 1569 5182 imperiali
1634 5102 1945 5164 tribueret
2001 5103 2256 5164 ditioni.
2323 5109 2636 5165 Asserens
2695 5103 2899 5166 isdem
2959 5105 3075 5166 Dei
3139 5105 3371 5174 cultor,

266 5207 656 5269 mitissimus
725 5224 880 5278 rex,
942 5205 1116 5268 nulla
1192 5205 1450 5284 penitus
1508 5205 1755 5265 ratione
1826 5205 2082 5266 easdem
2160 5206 2447 5267 civitates
2485 5225 2536 5292 pa
2593 5212 2901 5285 potestate
2963 5206 3131 5268 beati
3204 5207 3373 5267 Petri

267 5314 336 5370 et
402 5306 553 5385 jure
629 5305 929 5367 Ecclesia;
1015 5303 1500 5372 Romanae,vel
1580 5303 1902 5380 pontiﬁcis
1979 5303 2342 5382 apostolica;
2429 5306 2602 5366 sedis
2683 5306 3143 5382 quoquomodo
3217 5307 3374 5388 alie-

263 5410 409 5474 nari
473 5431 525 5474 n.
590 5410 928 5472 Aﬂirmans
992 5409 1183 5472 etiam
1247 5409 1368 5470 sub
1417 5409 1787 5487 juramento
1848 5407 2022 5487 quod
2080 5427 2194 5487 per
2239 5409 2481 5498 nullius
2539 5408 2821 5471 hominis
2879 5407 3164 5471 favorem
3228 5426 3373 5470 sese

1188 5576 1452 5618 Νοτυωε
1499 5575 1897 5619 MARGINALISS
1947 5576 2283 5618 FABROTTI.

233 5685 251 5701 ⁶
272 5681 607 5737 cmmeteria.
719 5681 748 5721 ιι
780 5682 796 5700 ⁸
822 5681 1172 5733 insonuerunt
1202 5678 1442 5731 auribus.
1556 5688 1577 5716 ο
1613 5678 1627 5694 ‘
1660 5678 1930 5746 subtiliter;
1957 5681 2088 5740 suis.
2183 5678 2207 5717 ἀ
2239 5680 2255 5697 ’
2287 5678 2385 5731 sub
2413 5677 2577 5730 divini
2613 5677 2802 5745 judicii
2835 5677 2921 5732 die
2965 5677 3294 5739 obtestans“
3317 5685 3378 5728 ut

85 5764 301 5810 cuncta
321 5768 440 5821 quae
466 5758 622 5804 beato
648 5751 807 5804 Petro
833 5751 1098 5821 pollicitus
1120 5760 1220 5810 est,
1245 5748 1582 5821 adimplerrt.
1664 5759 1686 5821 ς
1717 5749 1894 5821 venit._
1964 5747 2309 5821 “'A'ticncruut
2329 5747 2378 5800 iu
2400 5749 2536 5821 hanc
2559 5750 2765 5800 urbem.
2846 5751 3049 5821 {prato
3071 5762 3098 5798 a
3127 5747 3373 5821 secretis.

85 5827 114 5870 ιι
149 5815 431 5884 Absolvit,
471 5823 523 5874 id
553 5833 648 5884 est,
672 5815 891 5873 dimisit.
977 5817 993 5856 ί
1025 5825 1038 5839 ’
1068 5821 1228 5889 quod.
1328 5830 1340 5867 ι
1387 5823 1400 5836 ’
1435 5817 1576 5872 dolo.
1675 5818 1702 5857 ιί
1731 5823 1745 5837 ⁴
1777 5818 1949 5874 valde.
2037 5818 2049 5857 ι
2083 5820 2243 5873 l’roto
2275 5834 2304 5870 a
2333 5818 2576 5872 secretis.
2675 5828 2714 5855 ω
2738 5821 2750 5834 “
2794 5815 2980 5870 tribuit
3096 5825 3123 5852 ’³
3158 5815 3214 5868 Β.
3243 5815 3375 5884 pati.

393 5913 666 5973 Ρηιιοι..
714 5910 1058 5973 CXXVI”.

2865 5909 2944 5970 35
