4024 6316
649 339 787 396 ιιξῡο)
1777 334 1911 392 ANA
1920 333 2047 392 STA
2057 334 2139 398 Sil
2175 334 2236 389 BI

2271 331 2625 390 lLlOTHECA
2636 332 2724 387 Rll
3754 333 3860 387 HM

802 445 1134 510 certamini
1187 445 1420 524 saepius
1471 444 1796 519 dedisset,
1854 445 1980 506 nisi
2042 460 2153 522 pro
2203 460 2421 505 amore
2471 442 2641 504 beati
2691 440 2901 514 Petri,
2947 445 3011 502 et
3057 439 3242 502 venia
3289 437 3695 513 delictorum,
3724 460 3861 504 asse-

675 555 759 615 55
805 568 951 614 rens
1005 558 1068 612 et
1123 549 1244 612 hoc
1296 551 1468 630 quod
1519 550 1694 611 nulla
1742 566 1889 611 eum
1929 568 1955 596 ι
1997 547 2282 610 thesauri
2329 547 2510 626 copia
2562 545 2834 607 suadere
2889 545 3127 606 valeret
3183 550 3254 604 ut
3290 543 3461 622 quod
3513 543 3713 605 semel
3744 545 3861 606 bea-

799 657 862 710 to
923 649 1108 708 Petro
1165 647 1441 719 obtulit,
1499 647 1799 708 auferret.
1879 647 1956 706 Et
2021 647 2150 707 haec
2213 645 2514 724 praedicto
2561 643 2790 722 imper.
2849 643 3048 704 misso
3097 643 3371 706 reddens
3427 643 3494 702 in
3555 647 3863 721 responsis,

807 752 1120 813 continuo
1153 769 1298 813 eum
1345 750 1420 812 ad
1462 749 1717 829 prOpria
1758 749 2175 812 remeandum
2213 765 2325 826 per
2355 747 2545 808 aliam
2609 745 2776 815 viam
2831 744 3138 819 absolvit,
3197 744 3311 825 qui
3368 755 3431 807 et
3469 745 3625 808 sine
3680 746 3864 808 effectu

804 853 1068 911 Romam
1108 850 1461 930 conjunxit.

880 953 1041 1024 252
1084 955 1248 1014 Dum
1308 970 1453 1015 vero
1505 952 1824 1015 antefatus
1877 949 2391 1029 benignissimus
2443 947 2758 1026 Pippinus
2806 946 3198 1008 Francorum
3255 960 3368 1005 rex
3421 944 3688 1024 Papiam
3733 946 3864 1006 obsi-

802 1058 966 1120 dens
1026 1059 1493 1136 constringeret
1568 1058 1933 1128 civitatem,
2005 1062 2155 1128 tunc
2225 1053 2545 1114 Aistulfus
2617 1051 3064 1113 atrocissimus
3131 1067 3240 1112 rex
3296 1047 3864 1127 Langobardorum,

803 1164 876 1218 ut
937 1157 1189 1218 veniam
1244 1156 1337 1217 illi
1393 1158 1700 1218 tribueret
1756 1162 1816 1217 et
1877 1156 1954 1216 ab
2012 1153 2350 1216 obsidione
2404 1155 2715 1224 cessaret,
2773 1167 2935 1229 quas
2987 1149 3166 1227 prius
3219 1155 3700 1225 contempserat
3746 1162 3866 1206 con-

806 1261 1073 1341 scriptas
1129 1263 1195 1323 in
1249 1247 1408 1340 pacti
1464 1261 1698 1324 fmdere
1754 1260 2047 1322 redderet
2106 1257 2438 1329 civitates,
2502 1273 2571 1317 se
2625 1254 2834 1316 modis
2889 1253 3192 1316 omnibus
3241 1253 3585 1332 professus
3639 1256 3729 1311 est
3768 1251 3870 1309 red-

719 1365 762 1428 ὅ
801 1364 1111 1428 diturum.
1173 1367 1250 1426 Et
1317 1365 1535 1426 denuo
1594 1365 1964 1428 confirmato
2036 1362 2353 1423 anteriore
2420 1367 2649 1437 pacto,
2715 1359 2892 1439 quod
2960 1376 3072 1437 per
3129 1358 3410 1436 elapsam
3483 1352 3871 1417 octavamin-

802 1470 1156 1532 dictionem
1214 1470 1384 1532 inter
1445 1477 1658 1549 partes
1732 1477 2106 1548 provenerat
2161 1477 2214 1539 δ,
2273 1465 2555 1527 restituit
2619 1464 2792 1543 ipsas
2837 1463 3128 1525 civitates
3181 1462 3514 1535 urtelatas,
3568 1459 3789 1522 addens
3829 1465 3872 1517 et

803 1581 1080 1634 castrum
1111 1574 1289 1654 quod
1318 1576 1816 1653 cognominatur
1845 1572 2242 1634 Comiaclum
2277 1563 2328 1633 ά.

878 1669 1040 1740 253
1082 1673 1174 1733 De
1222 1672 1463 1750 quibus
1499 1673 1801 1734 omnibus
1851 1671 2124 1750 receptis
2174 1670 2539 1732 civitatibus
2593 1668 3002 1731 donationem
3055 1668 3122 1728 in
3176 1666 3435 1745 scriptis
3491 1683 3530 1726 a
3585 1665 3760 1727 beato
3794 1665 3874 1724 Pe-

806 1773 901 1827 tro
965 1775 1157 1845 atque
1221 1785 1255 1830 a
1331 1776 1548 1831 sancta
1630 1771 1914 1830 Romana
1988 1768 2314 1842 Ecclesia,
2377 1767 2476 1829 vel
2547 1768 2850 1829 omnibus
2911 1767 2980 1827 in
3045 1773 3433 1845 perpetuum
3511 1765 3877 1844 pontificibus

806 1871 1172 1946 apostolicae
1226 1871 1447 1944 sedis,
1505 1873 1681 1933 misit
1745 1873 2251 1950 possidendam,
2316 1889 2459 1951 quae
2531 1879 2592 1934 et
2653 1889 2858 1951 usque
2911 1870 3225 1932 hactenus
3286 1867 3354 1930 in
3419 1867 3716 1930 archivio
3771 1883 3879 1926 san-

808 1977 923 2031 cta:
995 1979 1229 2036 nostrae
1307 1975 1607 2037 Ecclesim
1683 1977 2011 2038 recondita
2088 1984 2366 2038 tenetur.
2442 1975 2540 2038 Ad
2635 1974 3038 2055 recipiendas
3124 1990 3277 2037 vero
3367 1973 3556 2051 ipsas
3643 1971 3880 2034 civitates

662 2115 666 2120 -
725 2075 766 2138 5
811 2076 988 2137 misit
1043 2077 1186 2156 ipse
1238 2079 1833 2144 Christianissimus
1890 2081 2283 2143 Francorum
2346 2099 2458 2143 rex
2514 2097 2703 2142 suum
2758 2078 3228 2154 consiliarium,
3284 2077 3349 2138 id
3407 2087 3513 2140 est
3586 2076 3878 2138 Fulradua:

812 2180 1241 2242 venerabilem
1323 2182 1616 2244 abbatem
1694 2191 1756 2244 et
1843 2184 2319 2261 presbyterum.
2403 2183 2479 2242 Et
2559 2181 2868 2243 continuo
2945 2180 3086 2258 ejus
3169 2177 3516 2240 eximietas
3576 2179 3606 2221 ί
3665 2177 3883 2239 feliciter

810 2299 956 2344 cum
1018 2285 1156 2346 suis
1228 2288 1620 2350 exercitibus
1687 2288 2018 2350 Franciam
2098 2286 2444 2366 repedavit.
2510 2285 3016 2348 Praenominatus
3076 2289 3290 2344 autem
3353 2281 3677 2342 Fulradus
3735 2296 3883 2339 rene

807 2387 1024 2448 rabilis
1085 2388 1279 2450 abbas
1334 2397 1400 2451 et
1467 2390 1802 2469 presbyter
1861 2391 2325 2452 Ravennatium
2387 2397 2598 2466 partes
2655 2405 2800 2450 cum
2862 2389 3080 2449 missis
3138 2388 3272 2465 jam
3330 2385 3449 2446 fa‘ti
3522 2385 3763 2447 Aistulﬁ
3811 2402 3885 2443 re-

809 2491 907 2568 gis
971 2493 1422 2572 conjuugens,
1494 2500 1554 2555 et
1620 2512 1730 2572 per
1795 2493 2083 2572 singulas
2147 2493 2515 2572 ingrediens
2585 2492 2871 2554 civitates
2935 2499 3062 2552 tam
3124 2489 3558 2568 Pentapoleos
3615 2502 3788 2567 quam
3837 2495 3885 2544 et

673 2597 772 2657 -10
813 2596 1133 2669 .Emilim,
1196 2613 1433 2674 easque
1486 2596 1850 2674 recipiens,
1911 2605 1971 2658 et
2032 2595 2289 2657 obsides
2344 2613 2457 2674 per
2510 2611 3032 2674 unamquamque
3089 2592 3390 2664 auferens
3437 2609 3492 2663 ο,
3543 2598 3731 2669 atque
3788 2588 3888 2666 pri-

815 2705 1015 2757 mates
1100 2712 1317 2757 secum
1405 2713 1528 2756 una
1608 2713 1750 2756 cum
1842 2695 2126 2756 clavibus
2217 2701 2541 2773 portarum
2633 2692 2961 2754 civitatum
3031 2687 3356 2762 deferens,
3447 2689 3712 2748 Romam
3767 2699 3890 2745 con-

801 2799 1043 2875 junxit.
2616 2869 2620 2872 _
2889 2781 2893 2786 ’

890 2894 1054 2984 254
1121 2899 1195 2956 Et
1256 2897 1428 2975 ipsas
1492 2895 1702 2958 claves
1768 2901 1893 2957 tam
1956 2897 2423 2957 Ravennatium
2507 2895 2686 2956 urbis
2740 2908 3064 2973 quamque
3126 2891 3530 2952 diversarum
3598 2888 3888 2950 civitatum

805 2997 1012 3075 ipsius
1077 2999 1548 3059 Ravennatium
1624 2999 2004 3060 exarchatus
2077 3017 2203 3060 una
2279 3016 2425 3061 cum
2507 2998 2933 3076 suprascripta
2995 2994 3343 3057 donatione
3412 2993 3497 3053 de
3550 2991 3646 3052 eis
3704 3007 3736 3048 a
3794 3003 3895 3047 suo

817 3115 961 3176 rege
1027 3100 1256 3160 emissa
1321 3099 1386 3159 in
1445 3099 1852 3162 confessione
1913 3102 2079 3163 beati
2141 3101 2312 3162 Petri
2380 3118 2676 3180 ponens,
2747 3100 2956 3163 eidem
3011 3098 3303 3177 apostolo
3366 3102 3428 3160 et
3485 3097 3626 3175 ejus
3683 3093 3895 3154 vicario

818 3197 1220 3258 sanctissimo
1281 3214 1499 3275 papae,
1555 3205 1746 3277 atque
1796 3199 2098 3260 omnibus
2153 3200 2293 3278 ejus
2351 3199 2831 3260 successoribus
2879 3196 3289 3274 pontificibus
3348 3195 3721 3272 perenniter
3775 3207 3897 3268 pos-

735 3297 774 3356 5
815 3293 1121 3357 sidendas
1193 3305 1385 3376 atque
1451 3295 1886 3374 disponendas
1947 3296 2247 3371 tradidit,
2307 3297 2372 3358 id
2432 3305 2528 3359 est
2591 3300 3001 3368 Ravennam,
3075 3295 3486 3366 Ariminum,
3559 3296 3893 3356 Pisaurum.

813 3407 1005 3480 atque
1063 3401 1354 3472 Fanum,
1439 3399 1760 3473 Ccsenas,
1836 3401 2276 3479 Senogallias,
2357 3402 2621 3473 Esium,
2707 3404 2939 3463 Forum
3021 3400 3354 3479 Pompilii,
3430 3400 3677 3459 Forum
3734 3396 3893 3462 Livii,

817 3515 961 3560 cum
1054 3505 1260 3558 castro
1353 3499 1711 3570 Sussubio,
1781 3498 2328 3573 Montemferetri,
2417 3500 2806 3578 Acerragio,
2895 3501 3175 3560 Montem
3265 3499 3564 3573 Lucari,
3654 3501 3892 3558 δεδι-τευ).

818 3596 1152 3659 castellum
1244 3597 1445 3658 sancti
1521 3598 1832 3669 Mariani,
1903 3598 2222 3670 Bobrum,
2305 3599 2660 3672 Urbinum,
2751 3599 3065 3673 Callium,
3147 3598 3472 3670 Luculos,
3559 3597 3892 3676 Eugubiuaz

819 3714 938 3757 seu
1012 3693 1427 3758 Comiaclum.
1504 3697 1765 3758 Necnon
1829 3703 1889 3757 et
1952 3696 2272 3766 civitatem
2341 3697 2802 3771 Narniensem,
2879 3714 3023 3776 quae
3080 3715 3117 3758 a
3181 3695 3416 3758 ducatu
3486 3696 3810 3774 Spoletina
3858 3693 3897 3755 τ.

698 3794 772 3854 10
815 3812 848 3853 a
894 3799 1068 3870 parte
1134 3795 1563 3854 Romanorum
1626 3811 1737 3871 per
1801 3791 2053 3854 evoluta
2111 3810 2428 3861 annorum
2505 3795 2709 3873 spatia
2761 3793 2970 3857 fuerat
3033 3794 3279 3856 invasa.
3349 3795 3518 3856 Dum
3584 3810 3736 3875 ergo
3793 3791 3900 3850 hac

813 3898 1204 3967 agerentur,
1275 3891 1412 3968 ipse
1480 3890 1706 3952 infelix
1773 3889 2091 3952 Aistulfus
2150 3891 2430 3970 quodam
2490 3892 2631 3954 loco
2689 3893 2758 3954 in
2823 3895 3304 3956 venerationem
3375 3913 3658 3973 pergens
3710 3892 3901 3956 divino

813 3990 945 4050 ictu
1016 4005 1383 4066 percussus,
1456 3987 1796 4050 defunctus
1865 3995 1983 4051 est.
2047 3990 2226 4051 Tunc
2298 3991 2674 4053 Desiderius
2757 3991 3015 4072 quidam
3097 3994 3229 4054 dux
3307 3994 3903 4071 Longobardorum.

817 4086 930 4163 qui
992 4088 1070 4148 ab
1125 4087 1350 4148 eodem
1413 4089 1812 4167 nequissimo
1877 4087 2152 4148 Aistulfo
2208 4089 2457 4150 Tuscia)
2517 4090 2586 4150 in
2638 4101 2852 4168 partes
2907 4098 3038 4154 erat
3087 4093 3395 4166 directus,
3459 4091 3739 4154 audiens
3775 4106 3906 4170 prato

827 4185 1027 4245 fatum
1111 4184 1351 4246 obiisse
1433 4187 1806 4260 Aistulfum,
1870 4185 2044 4249 illico
2104 4203 2453 4266 aggregaus
2505 4187 2713 4268 ipsius
2785 4192 3036 4252 Tusciae
3095 4192 3463 4253 universam
3521 4195 3902 4254 exercituum

677 4286 783 4346 '15
827 4284 1329 4355 multitudinem,
1388 4284 1570 4360 regni
1628 4285 2187 4362 Longobardorum
2251 4287 2532 4367 arripere
2605 4289 2801 4350 nixus
2859 4293 2958 4351 est
3017 4289 3365 4368 fastigium.
3416 4293 3445 4332 ⁸
3504 4291 3715 4370 Cujus
3780 4309 3909 4369 per-

825 4400 1047 4445 sonam
1125 4382 1453 4460 d‘eSpectui
1511 4381 1752 4444 habens
1817 4383 2175 4446 lladehisus
2235 4386 2478 4448 dudum
2540 4405 2675 4460 rex,
2733 4395 2793 4450 et
2845 4388 3252 4468 poStmodum
3317 4389 3728 4464 monachus,
3781 4406 3904 4466 ger-

831 4502 1056 4547 manus
1124 4482 1364 4564 praefati
1435 4483 1733 4558 Aistulti,
1803 4483 1916 4546 sed
1988 4491 2050 4547 et
2118 4487 2230 4548 alii
2290 4487 2509 4568 plures
2570 4490 3139 4569 Longobardorum
3216 4491 3567 4569 Optimates
3640 4507 3784 4552 cum
3845 4503 3906 4548 eo

829 4587 1104 4650 eundem
1183 4585 1590 4648 Desiderium
1676 4592 2077 4665 spernentes,
2147 4589 2485 4668 plurimam
2577 4591 2996 4672 transalpium
3078 4592 3178 4654 vel
3253 4599 3479 4654 cmtera
3564 4588 3906 4668 Langobar-

823 4688 1049 4749 dorum
1129 4685 1527 4750 exercituum
1589 4685 2066 4749 multitudinem
2135 4697 2588 4767 aggregautes,
2646 4688 2725 4752 ad
2789 4689 3223 4753 dimicandum
3279 4696 3500 4752 contra
3573 4708 3726 4752 eum
3788 4702 3906 4765 pre-

707 4791 785 4851 20
827 4789 976 4851 fecti
1012 4795 1161 4850 sunt

903 4889 1065 4967 255
1146 4887 1240 4948 Ad
1311 4887 1444 4949 haec
1519 4885 1816 4967 praefatus
1877 4888 2254 4952 Desiderius
2322 4890 2558 4953 obnixe
2636 4889 2966 4971 praefatum
3038 4891 3486 4953 beatissimum
3566 4887 3906 4970 pontiﬁcem

829 4989 1202 5068 deprecatus
1267 4993 1360 5049 est
1416 4985 1539 5048 sibi
1587 4985 1899 5048 auxilium
1947 4985 2139 5062 ferre,
2189 4994 2508 5066 quatenus
2566 4990 2771 5068 ipsam
2831 4979 3104 5068 regalem
3163 4991 3402 5052 valeret
3460 4977 3797 5051 assumere
3824 4985 3911 5044 di-

833 5087 1162 5169 gnitatem,
1225 5083 1548 5162 spondens
1599 5081 2018 5162 jurejurando
2092 5101 2370 5170 omnem.
2428 5085 2670 5162 praefati
2749 5087 3100 5148 beatissimi
3183 5088 3503 5165 pontiﬁcis
3580 5088 3910 5165 adimplere

828 5186 1250 5248 voluntatem.
1313 5183 1587 5260 Insuper
1643 5187 1704 5241 et
1779 5179 2148 5260 reipublicae
2214 5198 2302 5247 se
2352 5175 2752 5266 redditurum
2828 5184 3156 5263 professus
3238 5192 3334 5245 est
3406 5187 3702 5246 civitates
3792 5198 3914 5260 qua

748 5287 788 5351 5
832 5289 1290 5353 remanserant,
1347 5281 1477 5342 imo
1558 5285 1620 5341 et
1696 5278 1950 5357 c0pi'osa
2024 5253 2694 5374 dattirutn“_niur1era.
2777 5284 2957 5343 Tunc
3029 5283 3229 5343 isdem
3297 5285 3666 5361 praecipuus
3753 5282 3914 5341 Palu‘

829 5394 890 5446 et
953 5385 1162 5445 bonus
1223 5391 1470 5461 pastor,
1538 5381 1697 5444 inito
1766 5369 2035 5442 coasilio
2089 5399 2232 5442 cum
2290 5369 2641 5460 simj'ie‘fato
2689 5383 2964 5446 Fulrado
3023 5381 3375 5446 venerabili
3436 5385 3816 5462 presbytero
3866 5387 3914 5438 et

1739 5519 2002 5589 Notum;
2049 5511 2458 5589 marismaris
2480 5511 2828 5592 'FABBOTTI.

690 5644 698 5674 ³
730 5652 786 5722 ’γε
807 5651 874 5713 e‘i,
943 5656 970 5693 ιο
1001 5654 1063 5714 Β,
1140 5645 1515 5722 convenerat;
1562 5651 1677 5722 en.
1723 5648 2050 5706 Comaclum.
2122 5648 2146 5687 ἀ
2180 5649 2290 5718 ipse.
2323 5666 2433 5704 rex.
2516 5661 2541 5690 ο
2564 5652 2583 5671 ‘
2607 5651 2673 5706 de
2703 5666 3020 5720 unaquaque
3051 5651 3262 5706 tollens.
3345 5651 3359 5690 ί
3401 5655 3418 5673 ⁸
3444 5653 3584 5707 duce
3620 5650 3914 5720 SpoL-Iaaa.

682 5724 704 5760 ⁸
743 5721 861 5776 Vide
889 5724 1082 5775 Bai-un.
1116 5737 1239 5771 ann.
1276 5721 1632 5775 Domini756.
1689 5789 1693 5792 .
