4026 6326
721 356 868 418 me
1891 353 2249 412 ANASTASI!
2291 352 2311 409 l

2186 353 2249 411 ut
2291 351 2832 412 BlBLlOTHEGARll
3006 341 3009 345 ’
3075 353 3083 360 '
3132 350 3136 354 '
3185 321 3191 328 ’
3258 353 3269 370 ’
3331 332 3341 340 ”
3481 332 3533 362 ”
3690 376 3776 436 nu

865 489 978 541 uta,
1015 486 1178 545 super
1203 470 1376 528 altare
1419 470 1564 529 beati
1591 471 1738 529 Petri
1789 470 2178 535 celebraretur,
2208 478 2265 524 et
2295 467 2478 523 Gloria
2525 470 2578 524 in
2625 469 2844 526 excelsis
2867 468 2995 525 .Deo
3035 469 3306 529 diceretur.
3343 474 3476 532 Fecit
3509 481 3624 538 enim
3653 498 3693 542 et
3718 500 3784 550 ιη,

790 571 831 628 5
862 568 1139 642 regulares
1170 578 1452 640 argenteos
1484 584 1646 640 super
1685 584 1869 640 rugas,
1895 583 1992 639 per
2029 582 2166 636 quas
2196 566 2572 637 ingrediuntur
2612 567 2680 620 ad
2706 565 2901 631 altare,
2933 567 3024 622 ubi
3050 567 3292 637 imagines
3315 571 3361 624 in
3386 572 3784 645 frontispich

866 674 992 722 tuta:
1021 673 1166 720 sunt.
1197 663 1373 720 Unum
1399 665 1617 735 quidem
1645 667 1699 720 in
1726 665 1950 721 basilica
1990 663 2136 718 beati
2169 662 2310 717 Petri
2352 661 2600 734 apostoli,
2633 671 2688 717 et
2719 661 2883 716 alium
2911 663 2965 718 in
3004 665 3216 720 basilica
3242 668 3369 722 beati
3394 668 3542 736 Pauli,
3564 676 3784 737 etalio-ad

860 763 1082 821 beatum
1131 762 1400 816 Andream
1445 760 1765 832 apostolum.
1815 759 1948 814 Nam
1999 759 2184 814 sedule
2235 757 2406 814 isdem
2449 757 2797 814 beatissimus
2850 758 3088 828 pontifex
3137 776 3256 817 suos
3299 763 3466 820 missos
3506 775 3627 837 atque
3662 771 3784 832 litum
3887 787 3892 837 ε

865 856 1258 915 admonitorias
1307 855 1542 927 dirigere
1587 855 1836 911 studebat
1880 853 2153 908 antedicto
2184 852 2641 910 excellentissimo
2683 851 2878 908 Carolo
2909 855 3020 925 regi
3064 853 3402 923 Francorum,
3439 863 3596 932 eteius
3629 883 3785 936 genum

863 953 1259 1012 Carolomanno
1300 952 1429 1007 item
1475 951 1626 1022 regi,
1670 949 2075 1005 imminentibus
2118 957 2282 1020 atque
2330 947 2734 1004 decertantibus
2767 948 2823 1002 in
2871 948 2974 1003 hoc
3021 949 3208 1022 sapius
3253 954 3503 1010 nominatis
3537 958 3786 1033 Christopm
3891 987 3893 1033 ε

759 1051 828 1110 ω
863 1049 1176 1123 primicerio
1200 1056 1254 1104 et
1279 1047 1470 1118 Sergio
1492 1045 1874 1102 Secundicerio
1903 1061 2000 1116 pro
2026 1045 2304 1116 exigendis
2327 1060 2358 1100 a
2386 1043 2665 1100 Desiderio
2685 1059 2812 1114 rege
2835 1043 3297 1113 Lougobardorum
3313 1049 3506 1119 justitiis
3526 1066 3546 1093 ι
3569 1054 3672 1111 beati
3685 1059 3783 1123 Petti,

867 1161 1003 1216 quos
1029 1144 1292 1200 obdurato
1333 1143 1496 1198 corde
1538 1142 1764 1198 reddere
1812 1150 2013 1198 sanctae
2040 1142 2136 1196 Dei
2176 1140 2430 1196 Ecclesia:
2468 1139 2707 1198 'nolebat.
2743 1141 2897 1198 Unde
2937 1141 3100 1198 nimia
3132 1142 3318 1200 furoris
3355 1146 3645 1218 indignatione
3663 1168 3782 1215 metu

869 1243 1291 1316 prtenominatos
1317 1240 1768 1312 Cbristopborum
1798 1249 1855 1297 et
1889 1239 2136 1313 Sergium
2167 1238 2530 1296 exardescens
2577 1241 2690 1312 ipse
2725 1240 3068 1304 Desiderius.
3115 1241 3366 1299 nitebatur
3397 1258 3477 1300 eos
3500 1245 3783 1320 exstinguereac

870 1339 1069 1396 delere.
2762 1377 2767 1383 -
3101 1395 3106 1400 _
3887 1339 3890 1396 ζ

939 1435 1102 1508 885
1140 1435 1246 1490 Pro
1290 1449 1399 1507 quo
1445 1449 1543 1491 suo
1592 1433 1808 1505 ingenio
1855 1433 2090 1506 maligno
2123 1433 2400 1489 simulavit
2442 1447 2501 1488 se
2532 1433 2686 1504 quasi
2715 1434 2979 1489 orationis
3023 1449 3183 1490 causa
3220 1434 3284 1489 ad
3327 1434 3511 1492 beatum
3544 1437 3697 1496 Petra-
3725 1444 3782 1500 διε
3887 1501 3890 1508 ,

869 1535 1096 1592 Romam
1120 1540 1558 1606 properaturum,
1585 1539 1644 1585 ut
1672 1545 1766 1586 eos
1794 1544 1990 1601 capere
2016 1530 2297 1600 potuisset.
2324 1528 2572 1600 Dirigens
2593 1543 2723 1598 ergo
2763 1528 2903 1583 clam
2945 1543 3166 1583 munera
3203 1527 3356 1584 Paulo
3380 1530 3784 1606 cubiculario,copo-

869 1639 1054 1685 mento
1080 1629 1304 1692 Afiarta,
1336 1634 1390 1681 et
1417 1625 1536 1680 aliis
1565 1625 1682 1697 ejus
1708 1624 1887 1695 impiis
1925 1625 2244 1694 sequacibus
2271 1625 2443 1680 suasit
2469 1624 2549 1678 eis
2576 1632 2634 1688 ut
2674 1624 2727 1679 in
2765 1624 3115 1695 apostolicam
3142 1624 3518 1696 indignationem
3545 1643 3615 1684 eos
3633 1629 3786 1686 deberent

867 1724 1141 1780 inducere.
1176 1725 1344 1796 Eique
1382 1723 1551 1779 isdem
1599 1722 1797 1779 Paulus
1843 1722 2190 1778 consentiens
2213 1763 2228 1788 ,
2277 1722 2344 1778 de
2380 1737 2568 1777 eorum
2601 1722 2909 1792 perditione
2952 1722 3210 1776 absconse
3237 1722 3528 1777 decertabat.
3551 1723 3784 1794 Dumquebot

797 1822 832 1878 5
868 1823 1213 1893 agnovissent
1246 1821 1619 1893 praenominati
1646 1820 2068 1890 Cltristopliorus
2092 1828 2148 1875 et
2190 1819 2431 1890 Sergius,
2454 1827 2512 1874 et
2533 1818 2782 1874 eumdem
2802 1827 3128 1889 “protervum
3165 1817 3466 1874 Desiderium
3496 1833 3630 1890 regem
3657 1820 3784 1876 [totum
3891 1867 3893 1872 .

867 1927 1280 1990 properaturum
1309 1919 1672 1990 agnovissent,
1700 1917 1843 1972 illico
1871 1925 2226 1988 aggregantes
2261 1915 2660 1972 multitudinem
2704 1914 2884 1986 populi
2920 1915 3130 1971 Tusciae
3161 1925 3211 1970 et
3250 1915 3532 1986 Campaniae,
3561 1930 3628 1969 seu
3655 1917 3786 1970 «lunatas

869 2013 1141 2079 Perusini,
1174 2014 1401 2069 viriliter
1419 2029 1540 2068 cum
1562 2013 1750 2069 eadem
1772 2012 1952 2084 populi
1975 2012 2394 2084 congregatione
2421 2011 2596 2066 eidem
2622 2010 2899 2067 Desiderio
2921 2011 3034 2082 regi
3061 2020 3374 2082 paraverunt
3396 2027 3448 2068 se
3471 2010 3526 2064 ad
3547 2011 3783 2066 resistendum

868 2107 1009 2175 Quin
1042 2108 1206 2163 etiam
1230 2117 1416 2182 portas
1454 2108 1614 2178 hujus
1639 2108 1894 2166 Romane
1922 2107 2075 2164 urbis
2117 2106 2450 2174 claudentes,
2490 2106 2650 2164 aliam
2676 2121 2744 2163 ex
2775 2105 2856 2162 eis
2894 2103 3310 2172 fabricaverunt,
3353 2114 3403 2161 et
3438 2105 3502 2160 ita
3530 2104 3786 2162 annalium

867 2204 1175 2260 existebant
1200 2207 1266 2261 ad
1292 2204 1658 2262 defensionem
1685 2203 1919 2276 prOprize
1945 2203 2202 2260 civitatis.
3549 2185 3555 2190 ’

941 2301 1110 2374 286
1146 2300 1213 2354 Et
1241 2303 1365 2358 dum
1398 2287 1515 2357 haec
1558 2309 1865 2373 agerentur,
1913 2301 2092 2356 subito
2115 2299 2370 2370 conjunxi
2397 2300 2427 2341 ιι
2458 2299 2526 2354 ad
2553 2299 2770 2354 beatum
2792 2296 3016 2354 Petrum
3061 2297 3351 2354 antedictos
3372 2296 3616 2354 Desiderius
3640 2311 3784 2364 retain

868 2417 967 2458 suo
1003 2398 1476 2472 Longobardorutn
1505 2397 1765 2461 exercitu,
1794 2407 1850 2451 et
1872 2396 2130 2452 continuo
2159 2396 2354 2451 direxit
2382 2410 2510 2451 suos
2538 2395 2733 2451 missos
2777 2394 3009 2465 praefato
3035 2392 3292 2465 pontifici,
3317 2393 3623 2463 deprecansttt
3652 2392 3694 2446 ad
3718 2404 3788 2444 eun

874 2496 1058 2568 egredi
1089 2496 1344 2560 deberet;
1370 2494 1512 2562 quod
1556 2501 1612 2549 et
1658 2491 1857 2548 factum
1903 2500 2007 2548 est.
2040 2493 2175 2547 Dum
2222 2505 2353 2547 vero
2381 2507 2502 2546 cum
2545 2507 2613 2546 eo
2655 2499 3017 2560 prtesentatus
3059 2490 3263 2556 fuisset,
3293 2490 3554 2561 pariterque
3580 2483 3790 2559 pmjuttiliit

865 2592 1010 2648 beati
1037 2591 1182 2646 Petri
1211 2590 1578 2659 loquerentur,
1609 2604 1822 2644 rursunt
1853 2589 1970 2658 ipse
1993 2588 2340 2644 beatissimus
2375 2587 2613 2657 pontifex
2641 2601 2894 2642 reversus
2922 2587 3199 2658 ingressus
3235 2594 3314 2642 est
3339 2585 3388 2640 in
3420 2583 3642 2639 civitatem.
3673 2577 3789 2632 Preli-

797 2685 836 2746 δ
871 2695 959 2744 tus
985 2687 1245 2758 siquidem
1273 2685 1471 2741 Paulus
1503 2695 1558 2740 et
1583 2684 1699 2754 ejus
1731 2683 2102 2740 nefandissimi
2152 2696 2411 2753 sequaces
2432 2723 2448 2749 ,
2484 2681 2616 2737 inito
2639 2696 2761 2737 cum
2787 2681 3050 2750 praedicto
3077 2677 3509 2762 Longob'ardorutn
3535 2687 3626 2746 rege
3644 2671 3788 2732 milia.

868 2783 1178 2838 nitebantur
1208 2783 1460 2855 p0pulum
1502 2782 1808 2838 Romanum
1836 2792 2024 2836 contra
2055 2795 2148 2836 eos
2177 2780 2437 2836 seducere
2463 2780 2530 2834 ad
2569 2779 2955 2850 insnrgendum
2990 2787 3179 2835 contra
3219 2777 3474 2851 pmdictus
3505 2771 3791 2842 Cbrislopboml

869 2885 928 2933 et
968 2875 1237 2946 Sergium,
1267 2886 1327 2932 ut
1351 2893 1446 2933 eos
1470 2877 1857 2932 interﬁcerent.
1886 2876 1955 2931 Et
1990 2876 2118 2931 dum
2144 2877 2247 2931 boc
2267 2876 2347 2932 eis
2369 2877 2676 2931 nuntiatum
2703 2875 2916 2943 fuisset,
2946 2883 3300 2948 aggregantes
3321 2873 3552 2946 populum,
3569 2865 3794 2926 ascendwl

876 2972 1071 3026 armati
1103 2971 1156 3025 in
1171 2971 1455 3027 Lateranis
1479 2972 1547 3027 ad
1569 2972 1885 3042 capiendum
1914 2987 2042 3027 suos
2069 2971 2412 3027 insidiatores

943 3066 1107 3137 287
1146 3066 1494 3136 Nuntiatique
1517 3081 1666 3124 more
1687 3067 1847 3122 solito
1870 3077 1919 3132 ο,
1954 3067 2212 3136 impetum
2238 3064 2442 3122 faciens
2468 3065 2721 3122 universa
2747 3063 3042 3122 multitudo
3067 3065 3246 3139 populi
3273 3065 3484 3136 quicum
3513 3061 3567 3117 eis
3595 3056 3796 3114 advenerat,
3892 3089 3893 3124 ᾗ

769 3190 772 3194 ι
867 3164 1094 3235 ingressi
1120 3171 1246 3218 sunt
1270 3178 1394 3218 cum
1422 3163 1590 3218 armis
1617 3162 1672 3216 in
1702 3162 1979 3222 basilicam
2006 3162 2189 3217 domni
2222 3162 2491 3218 Theodori
2532 3177 2703 3232 papae,
2741 3161 2834 3217 ubi
2887 3161 3004 3232 ipse
3037 3162 3436 3234 pranomiuatus
3458 3147 3795 3222 setlebatwnlilet

868 3257 1014 3324 Quos
1040 3263 1094 3312 et
1119 3256 1334 3312 fortiter
1355 3256 1653 3328 increpavit
1677 3271 1774 3312 cur
1799 3258 2270 3326 praesumpsissent
2296 3257 2492 3312 armati
2520 3258 2575 3312 in
2603 3257 2742 3311 idem
2789 3265 3044 3313 sanctum
3071 3257 3438 3328 patriarchium
3463 3247 3630 3323 ingredi,
3657 3243 3794 3316 Plllt‘l'

870 3369 975 3425 que
1004 3353 1312 3424 loquentes,
1341 3353 1594 3411 recedere
1622 3368 1718 3410 eos
1737 3354 1922 3426 jussit.
1947 3354 2068 3410 Alia
2093 3355 2180 3410 die
2205 3355 2380 3410 denuo
2402 3369 2657 3424 egressus
2685 3362 2768 3408 est
2793 3354 3123 3424 saepedictus
3147 3353 3376 3426 pontifex
3397 3349 3455 3407 ad
3482 3351 3638 3405 beatum
3668 3341 3794 3394 Petrum

773 3450 841 3507 ιδ
876 3464 998 3506 cum
1025 3451 1216 3506 eodem
1251 3465 1376 3522 rege
1400 3451 1721 3520 loquendum
1744 3490 1759 3517 ,
1789 3459 1844 3505 et
1884 3451 2011 3505 dum
2041 3451 2200 3505 simul
2230 3450 2542 3520 praesentati
2589 3449 2840 3516 fuissent,
2868 3451 3288 3520 praetermittens
3314 3451 3416 3520 ipse
3445 3440 3796 3502 υιιςίἀσίυεαυειθ

879 3547 946 3603 de
985 3545 1211 3616 justitiis
1246 3545 1391 3602 beati
1418 3545 1602 3610 Petri,
1637 3545 2009 3602 tantummodo
2038 3561 2138 3616 pro
2181 3546 2499 3615 deceptione
2537 3545 2920 3616 praedictorum
2949 3534 3324 3617 Christophori
3367 3553 3416 3601 et
3447 3539 3585 3610 Scrgii
3615 3528 3794 3590 insistebat-

872 3641 1028 3699 Unde
1055 3641 1316 3699 claudens
1346 3640 1839 3712 universasjanuas
1859 3643 2000 3698 beati
2025 3642 2194 3708 Petri,
2225 3641 2499 3698 neminem
2539 3643 2907 3699 Romanorum
2930 3644 3029 3714 qui
3073 3660 3195 3700 cuin
3221 3644 3330 3716 ipso
3369 3636 3636 3710 sanctissimo
3651 3622 3797 3701 νωθθα

869 3740 1136 3806 exierant,
1162 3756 1230 3796 ex
1256 3739 1441 3794 eadem
1473 3738 1700 3796 ecclesia
1731 3740 1913 3811 egredi
1940 3739 2209 3810 permisit.
2241 3737 2394 3795 Tunc
2421 3740 2618 3795 direxit
2646 3721 2762 3811 ipse
2802 3740 3070 3798 almilicus
3095 3741 3330 3814 pontifex
3368 3721 3587 3820 Andream
3613 3729 3798 3799 ορὶεωμ

871 3840 1263 3897 Prtenestinum
1287 3847 1342 3894 et
1361 3833 1650 3896 Jurdanem
1672 3839 1985 3910 episcopum
2010 3839 2350 3910 Signiensem
2380 3838 2448 3893 ad
2474 3848 2684 3909 portam
2711 3839 2946 3894 civitatis
2971 3857 3096 3910 qua:
3123 3839 3384 3912 egreditur
3404 3836 3460 3890 ad
3481 3835 3642 3888 beatum
3659 3824 3798 3878 Ρευυιπν

773 3936 842 3992 10
877 3936 966 3991 ubi
994 3935 1365 4006 praenominati
1395 3936 1496 3990 viri
1524 3935 1948 4008 Christopltorus
1976 3945 2032 3991 et
2078 3936 2300 4007 Sergius
2327 3951 2451 3991 cum
2481 3935 2824 3992 multitudine
2859 3937 3042 4007 populi
3081 3937 3398 4000 residebant,
3427 3920 3802 4003 pmtestandotosul

875 4027 969 4088 aut
995 4033 1045 4086 in
1078 4030 1406 4087 monasterio
1432 4031 1844 4102 ingrederentur
1868 4031 1936 4086 ad
1965 4031 2278 4086 salvandntu
2313 4047 2440 4088 suas
2467 4032 2698 4098 animas,
2730 4040 2820 4087 aut
2852 4033 2924 4087 ad
2950 4033 3174 4089 beatum
3203 4033 3408 4089 Petrum
3433 4027 3490 4082 ad
3520 4035 3613 4079 cum
3635 4013 3802 4112 studere»:
3888 4027 3889 4032 ‘

871 4129 1288 4200 properandum.
1319 4125 1424 4196 Ipsi
1449 4142 1582 4183 vero
1611 4135 1912 4182 metuentes
1939 4127 2181 4198 praedicti
2209 4128 2353 4198 regis
2381 4128 2856 4204 Langobardorum
2888 4130 3186 4202 malignam
3213 4128 3476 4189 saevitiam,
3513 4121 3565 4175 ad
3595 4131 3678 4172 eum
3699 4102 3802 4178 tim“

875 4225 1099 4281 minime
1127 4223 1244 4279 ausi
1273 4231 1422 4287 sunt,
1453 4231 1760 4278 asserentes
1785 4239 1845 4278 se
1872 4223 2024 4293 prius
2056 4224 2109 4278 iit
2138 4222 2390 4280 manibus
2418 4224 2789 4280 Romanorum
2816 4241 3041 4280 suerunt
3071 4226 3298 4280 fratrum
3323 4230 3372 4278 ct
3400 4209 3803 4276 cunciviuutcsttlﬂ'

873 4319 1084 4374 dituros
1129 4332 1292 4387 quam
1335 4326 1534 4372 extera
1578 4319 1773 4388 gentis.
1827 4320 1962 4375 Dum
1998 4335 2128 4391 ergo
2156 4319 2383 4390 populus
2427 4319 2668 4390 quicum
2696 4321 2775 4377 eis
2801 4328 2960 4376 erant
3002 4321 3254 4376 audirent
3291 4317 3459 4372 eadem
3485 4328 3512 4365 a
3539 4303 3802 4392 pnedicto

771 4413 839 4470 15
877 4413 1020 4469 tilice
1047 4414 1250 4468 directa
1281 4427 1348 4468 ex
1375 4427 1472 4468 ore
1495 4415 1870 4483 praedictorum
1896 4389 2294 4488 episcoporum,
2320 4389 2464 4474 illico
2487 4417 2795 4474 conturbati
2835 4417 3055 4474 illorunt
3080 4417 3351 4477 confracta
3378 4418 3486 4470 sunt
3509 4403 3648 4466 corda.
3665 4404 3701 4452 ει
3714 4389 3803 4457 “173

875 4508 1245 4578 unusquisque
1269 4507 1339 4563 ab
1368 4508 1448 4563 eis
1475 4509 1749 4566 recedere.

947 4603 1115 4675 288
1151 4603 1285 4658 Nam
1311 4602 1594 4660 Gratiosus
1617 4605 1836 4676 quidam
1865 4608 1994 4674 dux,
2022 4618 2284 4680 cognatus
2305 4609 2419 4681 jam
2466 4609 2562 4666 fati
2607 4609 2808 4682 Sergii,
2855 4612 3120 4668 simulans
3142 4627 3204 4668 se
3234 4610 3300 4666 ad
3325 4603 3560 4680 propriam
3591 4578 3801 4668 Imm“.

873 4715 1042 4766 mum,
1067 4716 1400 4774 congregans
1422 4701 1726 4772 aliquantus
1756 4702 2141 4771 Romanorum,
2172 4704 2400 4776 profecti
2425 4716 2552 4763 sunt
2580 4708 2787 4778 pariter
2817 4709 2882 4764 ad
2911 4718 3126 4779 portam
3156 4684 3803 4778 Pal-“Imm,qu

872 4797 1224 4868 reperientes,
1263 4817 1294 4854 a
1343 4802 1562 4857 cardine
1608 4803 1778 4874 ipsam
1808 4815 2017 4875 portam
2064 4806 2280 4862 auferre
2309 4809 2427 4864 ausi
2469 4817 2614 4876 sunt,
2646 4819 2701 4864 et
2737 4811 2809 4866 ita
2851 4826 2950 4881 per
2974 4821 3190 4867 noctem
3219 4810 3284 4865 ad
3308 4800 3671 4880 praenominatum

884 4904 1011 4949 sunt
1037 4895 1367 4964 pontificem.
1400 4897 1820 4969 Christophorus
1845 4909 1900 4954 et
1931 4900 2175 4972 Sergius,
2209 4903 2606 4973 conspicientes
2635 4920 2694 4960 se
2722 4906 2777 4961 in
2822 4921 3020 4980 magno
3043 4906 3267 4976 decepto
3296 4916 3407 4960 esse
3431 4885 3804 4980 Ροδὶῑοεοντξηδφῗ

806 4990 842 5045 5
880 4992 1000 5046 dem
1031 4990 1253 5063 Sergius
1277 4993 1464 5069 eadem
1495 5004 1671 5060 nocte,
1701 5011 1804 5065 qua
1833 4996 1962 5051 liora
1991 5012 2254 5069 campana
2282 4998 2542 5065 insonuit,
2570 5001 2851 5058 descendit
2879 4974 2975 5073 pter
3003 4974 3218 5063 murum
3241 5008 3296 5057 et
3323 4988 3589 5068 properavit
3618 4974 3806 5037 adhc!“

871 5084 1116 5142 Petrum.
1145 5087 1315 5154 Quem
1361 5091 1430 5145 ad
1455 5091 1656 5160 gradus
1692 5091 1936 5149 ecclesia:
1977 5095 2122 5150 beati
2171 5094 2314 5150 Petri
2342 5099 3162 5168 comprcltendcntescustodes
3185 5093 3634 5168 Langobardontm.
3653 5075 3698 5131 ιδ

875 5185 1215 5240 deduxerunt
1255 5200 1457 5256 regem.
1490 5185 1731 5257 Eumque
1756 5189 2075 5246 subsecutus
2103 5161 2526 5263 Christopborus
2554 5203 2709 5264 pater
2729 5193 2844 5264 ejus
2870 5196 3240 5267 prrenominati
3269 5161 3514 5265 pontificis
3526 5161 3810 5267 obuium“?

876 5279 1210 5349 praesentati,
1239 5295 1376 5350 quos
1414 5281 1594 5337 salvos
1632 5297 1955 5340 conservare
1983 5286 2205 5357 cupiens
2233 5285 2284 5354 ἀ,
2317 5261 2612 5346 monachos
2640 5261 2821 5348 facere
2846 5261 3108 5365 praecipit.
3137 5261 3284 5348 Post;
3297 5290 3404 5346 haec
3444 5282 3608 5340 faciens
3629 5261 3809 5365 ωίξεθωξς

875 5376 1270 5447 prtenominato
1301 5377 1434 5449 regi,
1476 5377 1752 5451 ingressus
1781 5391 1864 5436 est
1906 5351 2078 5438 isdem
2105 5351 2451 5441 beatissimus
2491 5386 2733 5458 pontifex
2761 5351 2965 5456 Romae,
2994 5351 3195 5445 relictis
3233 5382 3454 5458 praefatis
3494 5351 3811 5458 Cbqu
3882 5399 3883 5421 ι

771 5473 841 5529 10
875 5473 1066 5546 Sergio
1093 5474 1150 5529 in
1173 5473 1404 5531 ecclesia
1429 5449 1575 5532 beati
1603 5474 1750 5532 Petri
1780 5478 2023 5550 apostoli,
2052 5480 2276 5550 cupiens
2319 5497 2415 5540 eos
2459 5449 2636 5541 noctis
2659 5485 2887 5542 silentio
2915 5449 3134 5558 prapter
3177 5449 3392 5558 insidias
3417 5473 3689 5534 inimicorum
3713 5449 3812 5510 91‘“

1829 5609 2094 5654 NOTULE
2134 5614 2451 5659 FABIOTTI
2494 5617 2920 5664 MABGINALES.

810 5687 1332 5772 flustitiisuidfat,
1367 5687 1594 5772 iit-ribus.
1671 5693 1699 5738 δ
1728 5693 2050 5767 Conjunxit,
2080 5696 2147 5771 .id
2172 5707 2284 5772 pst,
2326 5715 2400 5771 pe:

2326 5701 2592 5771 pervenit.
2665 5700 2782 5770 εΒ,
2814 5703 3231 5772 nuntiantesque
3277 5713 3394 5754 mox
3419 5686 3596 5751 salvati.
3651 5668 3816 5726 ⁸⁸³¹¹¹⁹⁹⁶
3879 5713 3880 5770 ξ

733 5737 1594 5815 σοηὶέὲῖ”’ῖ”ιίιίὲὶίόἱὶὀιιῖᾒζ”“”
1677 5737 1684 5738 ί
1733 5737 2050 5767 “”⁸“”’“”’
2080 5737 2146 5771 ””
2172 5737 2284 5772 ·””

2326 5737 2416 5771 γυ.
2435 5737 2592 5760 νυΙΙΙοο
2671 5737 2686 5741 ⁷
2715 5737 2782 5770 υ,
2815 5737 3230 5772 υυιηιιιιηυστιιιυ
3277 5737 3394 5754 IIIv-
3419 5737 3576 5751 ποτ’-⁷
3879 5755 3880 5770 χ

3879 5831 3880 5842 l

3871 5961 3879 6161 l
