  <div class='ocr_page' id='page_1' title='image "/cluster/home/n/w/nwhite01/storage/ocr_20150623/128/hvd.32044015471691/617.png"; bbox 0 0 4026 6326; ppageno 0'>
   <div class='ocr_carea' id='block_1_1' title="bbox 676 329 819 385">
    <p class='ocr_par' dir='ltr' id='par_1_1' title="bbox 676 329 819 385">
     <span class='ocr_line' id='line_1_1' title="bbox 676 329 819 385; baseline -0.007 0"><span class='ocrx_word' id='word_1_1' title='bbox 676 329 819 385; x_wconf 70' lang='grc'><strong>1223</strong></span> 
     </span>
    </p>
   </div>
   <div class='ocr_carea' id='block_1_2' title="bbox 825 431 3785 506">
    <p class='ocr_par' dir='ltr' id='par_1_2' title="bbox 825 431 3785 506">
     <span class='ocr_line' id='line_1_2' title="bbox 825 431 3785 506; baseline 0 -12"><span class='ocrx_word' id='word_1_2' title='bbox 825 439 878 494; x_wconf 92' lang='lat' dir='ltr'><strong>in</strong></span> <span class='ocrx_word' id='word_1_3' title='bbox 909 437 1134 494; x_wconf 87' lang='lat' dir='ltr'><strong>basilica</strong></span> <span class='ocrx_word' id='word_1_4' title='bbox 1161 435 1304 492; x_wconf 99' lang='lat' dir='ltr'><strong>beati</strong></span> <span class='ocrx_word' id='word_1_5' title='bbox 1331 434 1477 490; x_wconf 87' lang='lat' dir='ltr'><strong>Petri</strong></span> <span class='ocrx_word' id='word_1_6' title='bbox 1499 433 1747 506; x_wconf 75' lang='lat' dir='ltr'><strong>apostoli,</strong></span> <span class='ocrx_word' id='word_1_7' title='bbox 1779 440 1884 490; x_wconf 85' lang='lat' dir='ltr'><strong>sita</strong></span> <span class='ocrx_word' id='word_1_8' title='bbox 1909 435 1962 491; x_wconf 91' lang='lat' dir='ltr'><strong>in</strong></span> <span class='ocrx_word' id='word_1_9' title='bbox 1989 435 2220 501; x_wconf 85' lang='lat' dir='ltr'><strong>Albano,</strong></span> <span class='ocrx_word' id='word_1_10' title='bbox 2247 451 2367 504; x_wconf 69' lang='lat' dir='ltr'><strong>qum</strong></span> <span class='ocrx_word' id='word_1_11' title='bbox 2394 450 2492 505; x_wconf 92' lang='lat' dir='ltr'><strong>pro</strong></span> <span class='ocrx_word' id='word_1_12' title='bbox 2529 432 2694 488; x_wconf 90' lang='lat' dir='ltr'><strong>nimia</strong></span> <span class='ocrx_word' id='word_1_13' title='bbox 2724 439 2991 486; x_wconf 90' lang='lat' dir='ltr'><strong>vetustate</strong></span> <span class='ocrx_word' id='word_1_14' title='bbox 3013 431 3124 502; x_wconf 90' lang='lat' dir='ltr'><strong>jam</strong></span> <span class='ocrx_word' id='word_1_15' title='bbox 3166 431 3363 487; x_wconf 82' lang='lat' dir='ltr'><strong>ruitura</strong></span> <span class='ocrx_word' id='word_1_16' title='bbox 3392 442 3522 502; x_wconf 88' lang='lat' dir='ltr'><strong>erat,</strong></span> <span class='ocrx_word' id='word_1_17' title='bbox 3547 450 3681 495; x_wconf 80' lang='lat' dir='ltr'><strong>omnia</strong></span> <span class='ocrx_word' id='word_1_18' title='bbox 3707 452 3785 501; x_wconf 76' lang='lat' dir='ltr'><strong>lecta</strong></span> 
     </span>
    </p>
   </div>
   <div class='ocr_carea' id='block_1_3' title="bbox 822 529 3784 608">
    <p class='ocr_par' dir='ltr' id='par_1_3' title="bbox 822 529 3784 608">
     <span class='ocr_line' id='line_1_3' title="bbox 822 529 3784 608; baseline 0.001 -17"><span class='ocrx_word' id='word_1_19' title='bbox 822 544 967 591; x_wconf 84' lang='lat' dir='ltr'><strong>sarta</strong></span> <span class='ocrx_word' id='word_1_20' title='bbox 997 533 1113 603; x_wconf 96' lang='lat' dir='ltr'><strong>ejus</strong></span> <span class='ocrx_word' id='word_1_21' title='bbox 1141 532 1352 589; x_wconf 87' lang='lat' dir='ltr'><strong>noviter</strong></span> <span class='ocrx_word' id='word_1_22' title='bbox 1376 534 1722 589; x_wconf 85' lang='lat' dir='ltr'><strong>restauravit.</strong></span> <span class='ocrx_word' id='word_1_23' title='bbox 1752 532 1908 588; x_wconf 83' lang='lat' dir='ltr'><strong>Fecit</strong></span> <span class='ocrx_word' id='word_1_24' title='bbox 1929 542 2108 590; x_wconf 91' lang='lat' dir='ltr'><strong>autem</strong></span> <span class='ocrx_word' id='word_1_25' title='bbox 2141 533 2311 589; x_wconf 88' lang='lat' dir='ltr'><strong>isdem</strong></span> <span class='ocrx_word' id='word_1_26' title='bbox 2339 532 2608 588; x_wconf 85' lang='lat' dir='ltr'><strong>almiﬁcus</strong></span> <span class='ocrx_word' id='word_1_27' title='bbox 2628 529 2870 603; x_wconf 80' lang='lat' dir='ltr'><strong>pontifex</strong></span> <span class='ocrx_word' id='word_1_28' title='bbox 2899 530 2952 585; x_wconf 93' lang='lat' dir='ltr'><strong>in</strong></span> <span class='ocrx_word' id='word_1_29' title='bbox 2984 530 3204 586; x_wconf 86' lang='lat' dir='ltr'><strong>basilica</strong></span> <span class='ocrx_word' id='word_1_30' title='bbox 3224 530 3360 586; x_wconf 89' lang='lat' dir='ltr'><strong>beati</strong></span> <span class='ocrx_word' id='word_1_31' title='bbox 3379 531 3604 604; x_wconf 79' lang='lat' dir='ltr'><strong>Hippolyti</strong></span> <span class='ocrx_word' id='word_1_32' title='bbox 3627 543 3784 608; x_wconf 73' lang='lat' dir='ltr'><strong>martyris</strong></span> 
     </span>
    </p>
   </div>
   <div class='ocr_carea' id='block_1_4' title="bbox 717 627 3784 701">
    <p class='ocr_par' dir='ltr' id='par_1_4' title="bbox 717 627 3784 701">
     <span class='ocr_line' id='line_1_4' title="bbox 717 627 3784 701; baseline 0.002 -17"><span class='ocrx_word' id='word_1_33' title='bbox 717 631 785 686; x_wconf 74' lang='lat' dir='ltr'><strong>i0</strong></span> <span class='ocrx_word' id='word_1_34' title='bbox 820 631 876 686; x_wconf 87' lang='lat' dir='ltr'><strong>in</strong></span> <span class='ocrx_word' id='word_1_35' title='bbox 905 629 1124 686; x_wconf 86' lang='lat' dir='ltr'><strong>civitate</strong></span> <span class='ocrx_word' id='word_1_36' title='bbox 1153 628 1439 685; x_wconf 89' lang='lat' dir='ltr'><strong>Portuensi</strong></span> <span class='ocrx_word' id='word_1_37' title='bbox 1469 640 1646 686; x_wconf 91' lang='lat' dir='ltr'><strong>vestes</strong></span> <span class='ocrx_word' id='word_1_38' title='bbox 1670 631 1738 685; x_wconf 85' lang='lat' dir='ltr'><strong>de</strong></span> <span class='ocrx_word' id='word_1_39' title='bbox 1767 630 2004 685; x_wconf 89' lang='lat' dir='ltr'><strong>stauraci</strong></span> <span class='ocrx_word' id='word_1_40' title='bbox 2031 630 2184 696; x_wconf 90' lang='lat' dir='ltr'><strong>duas,</strong></span> <span class='ocrx_word' id='word_1_41' title='bbox 2229 645 2394 685; x_wconf 89' lang='lat' dir='ltr'><strong>unam</strong></span> <span class='ocrx_word' id='word_1_42' title='bbox 2441 643 2605 699; x_wconf 88' lang='lat' dir='ltr'><strong>super</strong></span> <span class='ocrx_word' id='word_1_43' title='bbox 2633 643 2829 699; x_wconf 90' lang='lat' dir='ltr'><strong>corpus</strong></span> <span class='ocrx_word' id='word_1_44' title='bbox 2855 629 2972 699; x_wconf 86' lang='lat' dir='ltr'><strong>ejus</strong></span> <span class='ocrx_word' id='word_1_45' title='bbox 2997 637 3053 682; x_wconf 90' lang='lat' dir='ltr'><strong>et</strong></span> <span class='ocrx_word' id='word_1_46' title='bbox 3092 627 3245 682; x_wconf 90' lang='lat' dir='ltr'><strong>aliam</strong></span> <span class='ocrx_word' id='word_1_47' title='bbox 3274 627 3324 683; x_wconf 92' lang='lat' dir='ltr'><strong>in</strong></span> <span class='ocrx_word' id='word_1_48' title='bbox 3351 627 3487 684; x_wconf 86' lang='lat' dir='ltr'><strong>altari</strong></span> <span class='ocrx_word' id='word_1_49' title='bbox 3525 631 3684 701; x_wconf 82' lang='lat' dir='ltr'><strong>majori.</strong></span> <span class='ocrx_word' id='word_1_50' title='bbox 3705 634 3784 691; x_wconf 79' lang='lat' dir='ltr'><strong>Elin</strong></span> 
     </span>
    </p>
   </div>
   <div class='ocr_carea' id='block_1_5' title="bbox 824 723 3786 798">
    <p class='ocr_par' dir='ltr' id='par_1_5' title="bbox 824 723 3786 798">
     <span class='ocr_line' id='line_1_5' title="bbox 824 723 3786 798; baseline 0.001 -16"><span class='ocrx_word' id='word_1_51' title='bbox 824 725 980 783; x_wconf 90' lang='lat' dir='ltr'><strong>titulo</strong></span> <span class='ocrx_word' id='word_1_52' title='bbox 1005 735 1208 782; x_wconf 69' lang='lat' dir='ltr'><strong>sancta:</strong></span> <span class='ocrx_word' id='word_1_53' title='bbox 1239 727 1496 798; x_wconf 91' lang='lat' dir='ltr'><strong>martyris</strong></span> <span class='ocrx_word' id='word_1_54' title='bbox 1519 727 1735 783; x_wconf 79' lang='lat' dir='ltr'><strong>Sabina:</strong></span> <span class='ocrx_word' id='word_1_55' title='bbox 1761 735 1895 782; x_wconf 87' lang='lat' dir='ltr'><strong>tetra</strong></span> <span class='ocrx_word' id='word_1_56' title='bbox 1926 725 2042 782; x_wconf 86' lang='lat' dir='ltr'><strong>vela</strong></span> <span class='ocrx_word' id='word_1_57' title='bbox 2067 726 2134 783; x_wconf 89' lang='lat' dir='ltr'><strong>de</strong></span> <span class='ocrx_word' id='word_1_58' title='bbox 2157 726 2415 792; x_wconf 91' lang='lat' dir='ltr'><strong>stauraci,</strong></span> <span class='ocrx_word' id='word_1_59' title='bbox 2442 741 2563 782; x_wconf 93' lang='lat' dir='ltr'><strong>cum</strong></span> <span class='ocrx_word' id='word_1_60' title='bbox 2592 725 2847 796; x_wconf 87' lang='lat' dir='ltr'><strong>periclysi</strong></span> <span class='ocrx_word' id='word_1_61' title='bbox 2874 726 2938 779; x_wconf 89' lang='lat' dir='ltr'><strong>de</strong></span> <span class='ocrx_word' id='word_1_62' title='bbox 2963 723 3215 779; x_wconf 89' lang='lat' dir='ltr'><strong>blatthin.</strong></span> <span class='ocrx_word' id='word_1_63' title='bbox 3240 724 3498 783; x_wconf 77' lang='lat' dir='ltr'><strong>Enimvero</strong></span> <span class='ocrx_word' id='word_1_64' title='bbox 3522 729 3629 784; x_wconf 89' lang='lat' dir='ltr'><strong>etin</strong></span> <span class='ocrx_word' id='word_1_65' title='bbox 3645 736 3786 786; x_wconf 73' lang='lat' dir='ltr'><strong>oratorio</strong></span> 
     </span>
    </p>
   </div>
   <div class='ocr_carea' id='block_1_6' title="bbox 819 820 3496 893">
    <p class='ocr_par' dir='ltr' id='par_1_6' title="bbox 819 820 3496 893">
     <span class='ocr_line' id='line_1_6' title="bbox 819 820 3496 893; baseline -0 -17"><span class='ocrx_word' id='word_1_66' title='bbox 819 832 1024 878; x_wconf 71' lang='lat' dir='ltr'><strong>sancta:</strong></span> <span class='ocrx_word' id='word_1_67' title='bbox 1046 823 1143 878; x_wconf 87' lang='lat' dir='ltr'><strong>Dei</strong></span> <span class='ocrx_word' id='word_1_68' title='bbox 1171 820 1484 889; x_wconf 86' lang='lat' dir='ltr'><strong>Genitricis,</strong></span> <span class='ocrx_word' id='word_1_69' title='bbox 1518 823 1624 879; x_wconf 90' lang='lat' dir='ltr'><strong>sito</strong></span> <span class='ocrx_word' id='word_1_70' title='bbox 1655 823 1707 878; x_wconf 93' lang='lat' dir='ltr'><strong>in</strong></span> <span class='ocrx_word' id='word_1_71' title='bbox 1734 823 2074 880; x_wconf 83' lang='lat' dir='ltr'><strong>xenodochio</strong></span> <span class='ocrx_word' id='word_1_72' title='bbox 2099 822 2322 887; x_wconf 86' lang='lat' dir='ltr'><strong>Firmis,</strong></span> <span class='ocrx_word' id='word_1_73' title='bbox 2350 823 2477 878; x_wconf 90' lang='lat' dir='ltr'><strong>fecit</strong></span> <span class='ocrx_word' id='word_1_74' title='bbox 2506 833 2712 878; x_wconf 77' lang='lat' dir='ltr'><strong>vestem</strong></span> <span class='ocrx_word' id='word_1_75' title='bbox 2738 823 2804 878; x_wconf 93' lang='lat' dir='ltr'><strong>de</strong></span> <span class='ocrx_word' id='word_1_76' title='bbox 2825 823 3063 878; x_wconf 91' lang='lat' dir='ltr'><strong>stauraci</strong></span> <span class='ocrx_word' id='word_1_77' title='bbox 3091 821 3496 893; x_wconf 85' lang='lat' dir='ltr'><strong>pulcherrimam.</strong></span> 
     </span>
    </p>
   </div>
   <div class='ocr_carea' id='block_1_7' title="bbox 892 919 3787 994">
    <p class='ocr_par' dir='ltr' id='par_1_7' title="bbox 892 919 3787 994">
     <span class='ocr_line' id='line_1_7' title="bbox 892 919 3787 994; baseline 0 -18"><span class='ocrx_word' id='word_1_78' title='bbox 892 919 1060 992; x_wconf 77' lang='lat'><strong>386</strong></span> <span class='ocrx_word' id='word_1_79' title='bbox 1097 922 1216 990; x_wconf 90' lang='lat' dir='ltr'><strong>Ipse</strong></span> <span class='ocrx_word' id='word_1_80' title='bbox 1265 937 1393 978; x_wconf 87' lang='lat' dir='ltr'><strong>vero</strong></span> <span class='ocrx_word' id='word_1_81' title='bbox 1438 937 1468 976; x_wconf 93' lang='lat' dir='ltr'><strong>a</strong></span> <span class='ocrx_word' id='word_1_82' title='bbox 1518 921 1629 978; x_wconf 90' lang='lat' dir='ltr'><strong>Deo</strong></span> <span class='ocrx_word' id='word_1_83' title='bbox 1661 931 1938 992; x_wconf 90' lang='lat' dir='ltr'><strong>protectus</strong></span> <span class='ocrx_word' id='word_1_84' title='bbox 1976 932 2032 978; x_wconf 92' lang='lat' dir='ltr'><strong>et</strong></span> <span class='ocrx_word' id='word_1_85' title='bbox 2070 922 2362 994; x_wconf 84' lang='lat' dir='ltr'><strong>praeclarus</strong></span> <span class='ocrx_word' id='word_1_86' title='bbox 2409 921 2654 993; x_wconf 78' lang='lat' dir='ltr'><strong>pontifex</strong></span> <span class='ocrx_word' id='word_1_87' title='bbox 2695 922 2976 978; x_wconf 87' lang='lat' dir='ltr'><strong>constituit</strong></span> <span class='ocrx_word' id='word_1_88' title='bbox 3003 930 3064 976; x_wconf 92' lang='lat' dir='ltr'><strong>ut</strong></span> <span class='ocrx_word' id='word_1_89' title='bbox 3114 929 3238 976; x_wconf 88' lang='lat' dir='ltr'><strong>ante</strong></span> <span class='ocrx_word' id='word_1_90' title='bbox 3287 933 3391 977; x_wconf 87' lang='lat' dir='ltr'><strong>tres</strong></span> <span class='ocrx_word' id='word_1_91' title='bbox 3433 923 3532 978; x_wconf 88' lang='lat' dir='ltr'><strong>dies</strong></span> <span class='ocrx_word' id='word_1_92' title='bbox 3569 922 3787 978; x_wconf 77' lang='lat' dir='ltr'><strong>Ascensionis</strong></span> 
     </span>
    </p>
   </div>
   <div class='ocr_carea' id='block_1_8' title="bbox 823 1009 3783 1082">
    <p class='ocr_par' dir='ltr' id='par_1_8' title="bbox 823 1009 3783 1082">
     <span class='ocr_line' id='line_1_8' title="bbox 823 1009 3783 1082; baseline 0 -16"><span class='ocrx_word' id='word_1_93' title='bbox 823 1012 1118 1068; x_wconf 72' lang='lat' dir='ltr'><strong>Dominica:</strong></span> <span class='ocrx_word' id='word_1_94' title='bbox 1167 1013 1382 1070; x_wconf 72' lang='lat' dir='ltr'><strong>letanim</strong></span> <span class='ocrx_word' id='word_1_95' title='bbox 1427 1015 1882 1070; x_wconf 85' lang='lat' dir='ltr'><strong>celebrarentur:</strong></span> <span class='ocrx_word' id='word_1_96' title='bbox 1931 1013 2139 1070; x_wconf 88' lang='lat' dir='ltr'><strong>scilicet</strong></span> <span class='ocrx_word' id='word_1_97' title='bbox 2184 1012 2317 1069; x_wconf 89' lang='lat' dir='ltr'><strong>feria</strong></span> <span class='ocrx_word' id='word_1_98' title='bbox 2368 1013 2624 1080; x_wconf 90' lang='lat' dir='ltr'><strong>secunda,</strong></span> <span class='ocrx_word' id='word_1_99' title='bbox 2674 1010 2987 1082; x_wconf 86' lang='lat' dir='ltr'><strong>egrediente</strong></span> <span class='ocrx_word' id='word_1_100' title='bbox 3029 1009 3279 1082; x_wconf 86' lang='lat' dir='ltr'><strong>pontiﬁce</strong></span> <span class='ocrx_word' id='word_1_101' title='bbox 3319 1025 3431 1066; x_wconf 90' lang='lat' dir='ltr'><strong>cum</strong></span> <span class='ocrx_word' id='word_1_102' title='bbox 3481 1011 3598 1066; x_wconf 89' lang='lat' dir='ltr'><strong>omni</strong></span> <span class='ocrx_word' id='word_1_103' title='bbox 3634 1011 3728 1067; x_wconf 85' lang='lat' dir='ltr'><strong>clero</strong></span> <span class='ocrx_word' id='word_1_104' title='bbox 3755 1022 3783 1066; x_wconf 73' lang='lat' dir='ltr'><strong>et</strong></span> 
     </span>
    </p>
   </div>
   <div class='ocr_carea' id='block_1_9' title="bbox 817 1094 3780 1180">
    <p class='ocr_par' dir='ltr' id='par_1_9' title="bbox 817 1094 3780 1180">
     <span class='ocr_line' id='line_1_9' title="bbox 817 1094 3780 1180; baseline -0.002 -19"><span class='ocrx_word' id='word_1_105' title='bbox 817 1115 1016 1161; x_wconf 88' lang='lat' dir='ltr'><strong>cuncto</strong></span> <span class='ocrx_word' id='word_1_106' title='bbox 1057 1106 1273 1178; x_wconf 90' lang='lat' dir='ltr'><strong>populo,</strong></span> <span class='ocrx_word' id='word_1_107' title='bbox 1307 1123 1428 1162; x_wconf 92' lang='lat' dir='ltr'><strong>cum</strong></span> <span class='ocrx_word' id='word_1_108' title='bbox 1462 1107 1678 1180; x_wconf 84' lang='lat' dir='ltr'><strong>hymnis</strong></span> <span class='ocrx_word' id='word_1_109' title='bbox 1705 1115 1760 1162; x_wconf 90' lang='lat' dir='ltr'><strong>et</strong></span> <span class='ocrx_word' id='word_1_110' title='bbox 1799 1108 2028 1163; x_wconf 90' lang='lat' dir='ltr'><strong>canticis</strong></span> <span class='ocrx_word' id='word_1_111' title='bbox 2074 1105 2428 1177; x_wconf 87' lang='lat' dir='ltr'><strong>spiritalibus,</strong></span> <span class='ocrx_word' id='word_1_112' title='bbox 2462 1105 2530 1160; x_wconf 90' lang='lat' dir='ltr'><strong>ab</strong></span> <span class='ocrx_word' id='word_1_113' title='bbox 2576 1094 2806 1161; x_wconf 85' lang='lat' dir='ltr'><strong>ecclesia</strong></span> <span class='ocrx_word' id='word_1_114' title='bbox 2841 1104 2933 1159; x_wconf 90' lang='lat' dir='ltr'><strong>Dei</strong></span> <span class='ocrx_word' id='word_1_115' title='bbox 2956 1102 3248 1159; x_wconf 87' lang='lat' dir='ltr'><strong>Genitricis</strong></span> <span class='ocrx_word' id='word_1_116' title='bbox 3291 1102 3353 1157; x_wconf 92' lang='lat' dir='ltr'><strong>ad</strong></span> <span class='ocrx_word' id='word_1_117' title='bbox 3385 1101 3595 1171; x_wconf 79' lang='lat' dir='ltr'><strong>Praesepe</strong></span> <span class='ocrx_word' id='word_1_118' title='bbox 3615 1104 3780 1173; x_wconf 73' lang='lat' dir='ltr'><strong>pergenti)</strong></span> 
     </span>
    </p>
   </div>
   <div class='ocr_carea' id='block_1_10' title="bbox 820 1194 3782 1270">
    <p class='ocr_par' dir='ltr' id='par_1_10' title="bbox 820 1194 3782 1270">
     <span class='ocr_line' id='line_1_10' title="bbox 820 1194 3782 1270; baseline -0.002 -17"><span class='ocrx_word' id='word_1_119' title='bbox 820 1202 888 1253; x_wconf 92' lang='lat' dir='ltr'><strong>ad</strong></span> <span class='ocrx_word' id='word_1_120' title='bbox 921 1198 1206 1254; x_wconf 88' lang='lat' dir='ltr'><strong>ecclesiam</strong></span> <span class='ocrx_word' id='word_1_121' title='bbox 1239 1199 1560 1265; x_wconf 89' lang='lat' dir='ltr'><strong>Salvatoris,</strong></span> <span class='ocrx_word' id='word_1_122' title='bbox 1589 1215 1710 1270; x_wconf 76' lang='lat' dir='ltr'><strong>quae</strong></span> <span class='ocrx_word' id='word_1_123' title='bbox 1743 1199 2044 1270; x_wconf 88' lang='lat' dir='ltr'><strong>appellatur</strong></span> <span class='ocrx_word' id='word_1_124' title='bbox 2067 1197 2549 1265; x_wconf 84' lang='lat' dir='ltr'><strong>Constantiniana;</strong></span> <span class='ocrx_word' id='word_1_125' title='bbox 2581 1197 2715 1253; x_wconf 90' lang='lat' dir='ltr'><strong>feria</strong></span> <span class='ocrx_word' id='word_1_126' title='bbox 2741 1197 2901 1252; x_wconf 88' lang='lat' dir='ltr'><strong>tertia</strong></span> <span class='ocrx_word' id='word_1_127' title='bbox 2923 1210 3081 1262; x_wconf 87' lang='lat' dir='ltr'><strong>vero,</strong></span> <span class='ocrx_word' id='word_1_128' title='bbox 3119 1204 3366 1250; x_wconf 83' lang='lat' dir='ltr'><strong>exeuntes</strong></span> <span class='ocrx_word' id='word_1_129' title='bbox 3390 1196 3449 1250; x_wconf 89' lang='lat' dir='ltr'><strong>ab</strong></span> <span class='ocrx_word' id='word_1_130' title='bbox 3473 1194 3650 1251; x_wconf 81' lang='lat' dir='ltr'><strong>ecclesia</strong></span> <span class='ocrx_word' id='word_1_131' title='bbox 3672 1206 3782 1248; x_wconf 71' lang='lat' dir='ltr'><strong>sancta</strong></span> 
     </span>
    </p>
   </div>
   <div class='ocr_carea' id='block_1_11' title="bbox 747 1285 3785 1362">
    <p class='ocr_par' dir='ltr' id='par_1_11' title="bbox 747 1285 3785 1362">
     <span class='ocr_line' id='line_1_11' title="bbox 747 1285 3785 1362; baseline -0.002 -18"><span class='ocrx_word' id='word_1_132' title='bbox 747 1288 782 1344; x_wconf 83' lang='grc'>5</span> <span class='ocrx_word' id='word_1_133' title='bbox 821 1288 1038 1346; x_wconf 77' lang='lat' dir='ltr'><strong>Sabina:</strong></span> <span class='ocrx_word' id='word_1_134' title='bbox 1060 1291 1336 1362; x_wconf 88' lang='lat' dir='ltr'><strong>martyris,</strong></span> <span class='ocrx_word' id='word_1_135' title='bbox 1367 1300 1422 1346; x_wconf 88' lang='lat' dir='ltr'><strong>et</strong></span> <span class='ocrx_word' id='word_1_136' title='bbox 1441 1300 1728 1362; x_wconf 85' lang='lat' dir='ltr'><strong>pergentes</strong></span> <span class='ocrx_word' id='word_1_137' title='bbox 1767 1291 1836 1346; x_wconf 89' lang='lat' dir='ltr'><strong>ad</strong></span> <span class='ocrx_word' id='word_1_138' title='bbox 1877 1290 2096 1347; x_wconf 89' lang='lat' dir='ltr'><strong>beatum</strong></span> <span class='ocrx_word' id='word_1_139' title='bbox 2121 1289 2347 1346; x_wconf 87' lang='lat' dir='ltr'><strong>Paulum</strong></span> <span class='ocrx_word' id='word_1_140' title='bbox 2379 1289 2679 1361; x_wconf 86' lang='lat' dir='ltr'><strong>apostolum</strong></span> <span class='ocrx_word' id='word_1_141' title='bbox 2704 1305 2720 1355; x_wconf 91' lang='lat'><strong>;</strong></span> <span class='ocrx_word' id='word_1_142' title='bbox 2753 1287 2887 1342; x_wconf 91' lang='lat' dir='ltr'><strong>feria</strong></span> <span class='ocrx_word' id='word_1_143' title='bbox 2917 1297 3113 1358; x_wconf 89' lang='lat' dir='ltr'><strong>quarta</strong></span> <span class='ocrx_word' id='word_1_144' title='bbox 3136 1297 3386 1342; x_wconf 79' lang='lat' dir='ltr'><strong>exeuntes</strong></span> <span class='ocrx_word' id='word_1_145' title='bbox 3407 1287 3468 1341; x_wconf 86' lang='lat' dir='ltr'><strong>ab</strong></span> <span class='ocrx_word' id='word_1_146' title='bbox 3493 1285 3785 1342; x_wconf 78' lang='lat' dir='ltr'><strong>ecdesialiien-</strong></span> 
     </span>
    </p>
   </div>
   <div class='ocr_carea' id='block_1_12' title="bbox 818 1377 3783 1453">
    <p class='ocr_par' dir='ltr' id='par_1_12' title="bbox 818 1377 3783 1453">
     <span class='ocr_line' id='line_1_12' title="bbox 818 1377 3783 1453; baseline -0.002 -17"><span class='ocrx_word' id='word_1_147' title='bbox 818 1381 1010 1448; x_wconf 90' lang='lat' dir='ltr'><strong>salem,</strong></span> <span class='ocrx_word' id='word_1_148' title='bbox 1041 1391 1097 1437; x_wconf 91' lang='lat' dir='ltr'><strong>et</strong></span> <span class='ocrx_word' id='word_1_149' title='bbox 1117 1391 1406 1453; x_wconf 81' lang='lat' dir='ltr'><strong>pergentes</strong></span> <span class='ocrx_word' id='word_1_150' title='bbox 1427 1385 1494 1437; x_wconf 89' lang='lat' dir='ltr'><strong>ab</strong></span> <span class='ocrx_word' id='word_1_151' title='bbox 1515 1381 1731 1437; x_wconf 88' lang='lat' dir='ltr'><strong>beatam</strong></span> <span class='ocrx_word' id='word_1_152' title='bbox 1756 1382 2044 1439; x_wconf 87' lang='lat' dir='ltr'><strong>ecclesiam</strong></span> <span class='ocrx_word' id='word_1_153' title='bbox 2076 1383 2219 1438; x_wconf 90' lang='lat' dir='ltr'><strong>beati</strong></span> <span class='ocrx_word' id='word_1_154' title='bbox 2247 1381 2527 1438; x_wconf 90' lang='lat' dir='ltr'><strong>Laurentii</strong></span> <span class='ocrx_word' id='word_1_155' title='bbox 2554 1381 2811 1452; x_wconf 86' lang='lat' dir='ltr'><strong>martyris</strong></span> <span class='ocrx_word' id='word_1_156' title='bbox 2845 1380 2978 1435; x_wconf 91' lang='lat' dir='ltr'><strong>foris</strong></span> <span class='ocrx_word' id='word_1_157' title='bbox 3008 1394 3213 1435; x_wconf 91' lang='lat' dir='ltr'><strong>muros.</strong></span> <span class='ocrx_word' id='word_1_158' title='bbox 3241 1377 3384 1434; x_wconf 88' lang='lat' dir='ltr'><strong>Fecit</strong></span> <span class='ocrx_word' id='word_1_159' title='bbox 3416 1387 3566 1434; x_wconf 86' lang='lat' dir='ltr'><strong>autem</strong></span> <span class='ocrx_word' id='word_1_160' title='bbox 3586 1387 3627 1433; x_wconf 87' lang='lat' dir='ltr'><strong>et</strong></span> <span class='ocrx_word' id='word_1_161' title='bbox 3649 1377 3686 1431; x_wconf 87' lang='lat' dir='ltr'><strong>in</strong></span> <span class='ocrx_word' id='word_1_162' title='bbox 3703 1378 3783 1431; x_wconf 79' lang='lat' dir='ltr'><strong>titulo</strong></span> 
     </span>
    </p>
   </div>
   <div class='ocr_carea' id='block_1_13' title="bbox 815 1470 3517 1542">
    <p class='ocr_par' dir='ltr' id='par_1_13' title="bbox 815 1470 3517 1542">
     <span class='ocr_line' id='line_1_13' title="bbox 815 1470 3517 1542; baseline 0 -16"><span class='ocrx_word' id='word_1_163' title='bbox 815 1480 1127 1526; x_wconf 87' lang='lat' dir='ltr'><strong>sanctorum</strong></span> <span class='ocrx_word' id='word_1_164' title='bbox 1164 1470 1558 1528; x_wconf 82' lang='lat' dir='ltr'><strong>Coronatorum</strong></span> <span class='ocrx_word' id='word_1_165' title='bbox 1587 1483 1795 1529; x_wconf 82' lang='lat' dir='ltr'><strong>vestem</strong></span> <span class='ocrx_word' id='word_1_166' title='bbox 1830 1474 1898 1530; x_wconf 93' lang='lat' dir='ltr'><strong>de</strong></span> <span class='ocrx_word' id='word_1_167' title='bbox 1931 1474 2193 1540; x_wconf 90' lang='lat' dir='ltr'><strong>stauraci,</strong></span> <span class='ocrx_word' id='word_1_168' title='bbox 2225 1473 2515 1529; x_wconf 87' lang='lat' dir='ltr'><strong>habentem</strong></span> <span class='ocrx_word' id='word_1_169' title='bbox 2542 1473 2597 1528; x_wconf 92' lang='lat' dir='ltr'><strong>in</strong></span> <span class='ocrx_word' id='word_1_170' title='bbox 2628 1473 2806 1528; x_wconf 87' lang='lat' dir='ltr'><strong>medio</strong></span> <span class='ocrx_word' id='word_1_171' title='bbox 2835 1487 3057 1528; x_wconf 88' lang='lat' dir='ltr'><strong>crucem</strong></span> <span class='ocrx_word' id='word_1_172' title='bbox 3079 1473 3156 1527; x_wconf 87' lang='lat' dir='ltr'><strong>-de</strong></span> <span class='ocrx_word' id='word_1_173' title='bbox 3191 1471 3517 1542; x_wconf 78' lang='lat' dir='ltr'><strong>chrysoclavo</strong></span> 
     </span>
    </p>
   </div>
   <div class='ocr_carea' id='block_1_14' title="bbox 881 1561 3782 1638">
    <p class='ocr_par' dir='ltr' id='par_1_14' title="bbox 881 1561 3782 1638">
     <span class='ocr_line' id='line_1_14' title="bbox 881 1561 3782 1638; baseline -0 -20"><span class='ocrx_word' id='word_1_174' title='bbox 881 1563 1046 1634; x_wconf 86' lang='grc'>387</span> <span class='ocrx_word' id='word_1_175' title='bbox 1086 1563 1259 1620; x_wconf 90' lang='lat' dir='ltr'><strong>Isdem</strong></span> <span class='ocrx_word' id='word_1_176' title='bbox 1305 1580 1437 1620; x_wconf 91' lang='lat' dir='ltr'><strong>vero</strong></span> <span class='ocrx_word' id='word_1_177' title='bbox 1485 1567 1868 1623; x_wconf 88' lang='lat' dir='ltr'><strong>sanctissimus</strong></span> <span class='ocrx_word' id='word_1_178' title='bbox 1909 1567 2108 1638; x_wconf 76' lang='lat' dir='ltr'><strong>praesul</strong></span> <span class='ocrx_word' id='word_1_179' title='bbox 2151 1569 2219 1623; x_wconf 78' lang='lat' dir='ltr'><strong>&#39;in</strong></span> <span class='ocrx_word' id='word_1_180' title='bbox 2263 1567 2490 1624; x_wconf 88' lang='lat' dir='ltr'><strong>basilica</strong></span> <span class='ocrx_word' id='word_1_181' title='bbox 2537 1566 2682 1623; x_wconf 90' lang='lat' dir='ltr'><strong>beati</strong></span> <span class='ocrx_word' id='word_1_182' title='bbox 2716 1565 2928 1637; x_wconf 81' lang='lat' dir='ltr'><strong>Agapiti</strong></span> <span class='ocrx_word' id='word_1_183' title='bbox 2970 1565 3245 1636; x_wconf 87' lang='lat' dir='ltr'><strong>martyris,</strong></span> <span class='ocrx_word' id='word_1_184' title='bbox 3287 1564 3338 1620; x_wconf 93' lang='lat' dir='ltr'><strong>in</strong></span> <span class='ocrx_word' id='word_1_185' title='bbox 3360 1561 3782 1625; x_wconf 67' lang='lat' dir='ltr'><strong>civitatePrremstina,</strong></span> 
     </span>
    </p>
   </div>
   <div class='ocr_carea' id='block_1_15' title="bbox 814 1651 3783 1732">
    <p class='ocr_par' dir='ltr' id='par_1_15' title="bbox 814 1651 3783 1732">
     <span class='ocr_line' id='line_1_15' title="bbox 814 1651 3783 1732; baseline -0.002 -20"><span class='ocrx_word' id='word_1_186' title='bbox 814 1657 942 1712; x_wconf 88' lang='lat' dir='ltr'><strong>fecit</strong></span> <span class='ocrx_word' id='word_1_187' title='bbox 970 1667 1177 1714; x_wconf 89' lang='lat' dir='ltr'><strong>vestem</strong></span> <span class='ocrx_word' id='word_1_188' title='bbox 1207 1659 1275 1713; x_wconf 87' lang='lat' dir='ltr'><strong>de</strong></span> <span class='ocrx_word' id='word_1_189' title='bbox 1305 1659 1542 1715; x_wconf 89' lang='lat' dir='ltr'><strong>stauraci</strong></span> <span class='ocrx_word' id='word_1_190' title='bbox 1571 1676 1694 1715; x_wconf 79' lang='lat' dir='ltr'><strong>cuin</strong></span> <span class='ocrx_word' id='word_1_191' title='bbox 1724 1659 1978 1732; x_wconf 90' lang='lat' dir='ltr'><strong>periclysi</strong></span> <span class='ocrx_word' id='word_1_192' title='bbox 2007 1661 2073 1716; x_wconf 89' lang='lat' dir='ltr'><strong>de</strong></span> <span class='ocrx_word' id='word_1_193' title='bbox 2102 1659 2351 1725; x_wconf 87' lang='lat' dir='ltr'><strong>fundato,</strong></span> <span class='ocrx_word' id='word_1_194' title='bbox 2388 1669 2444 1716; x_wconf 89' lang='lat' dir='ltr'><strong>et</strong></span> <span class='ocrx_word' id='word_1_195' title='bbox 2492 1659 2546 1714; x_wconf 93' lang='lat' dir='ltr'><strong>in</strong></span> <span class='ocrx_word' id='word_1_196' title='bbox 2593 1658 2772 1714; x_wconf 85' lang='lat' dir='ltr'><strong>medio</strong></span> <span class='ocrx_word' id='word_1_197' title='bbox 2816 1670 3038 1713; x_wconf 91' lang='lat' dir='ltr'><strong>crucem</strong></span> <span class='ocrx_word' id='word_1_198' title='bbox 3081 1655 3151 1711; x_wconf 90' lang='lat' dir='ltr'><strong>de</strong></span> <span class='ocrx_word' id='word_1_199' title='bbox 3193 1653 3529 1726; x_wconf 79' lang='lat' dir='ltr'><strong>chrysoclavo.</strong></span> <span class='ocrx_word' id='word_1_200' title='bbox 3553 1651 3664 1708; x_wconf 85' lang='lat' dir='ltr'><strong>Fecit</strong></span> <span class='ocrx_word' id='word_1_201' title='bbox 3691 1651 3783 1706; x_wconf 68' lang='lat' dir='ltr'><strong>ista:</strong></span> 
     </span>
    </p>
   </div>
   <div class='ocr_carea' id='block_1_16' title="bbox 817 1741 3782 1824">
    <p class='ocr_par' dir='ltr' id='par_1_16' title="bbox 817 1741 3782 1824">
     <span class='ocr_line' id='line_1_16' title="bbox 817 1741 3782 1824; baseline -0.004 -18"><span class='ocrx_word' id='word_1_202' title='bbox 817 1753 1196 1808; x_wconf 89' lang='lat' dir='ltr'><strong>sanctissimus</strong></span> <span class='ocrx_word' id='word_1_203' title='bbox 1223 1753 1418 1823; x_wconf 76' lang='lat' dir='ltr'><strong>przesul</strong></span> <span class='ocrx_word' id='word_1_204' title='bbox 1443 1753 1495 1808; x_wconf 92' lang='lat' dir='ltr'><strong>in</strong></span> <span class='ocrx_word' id='word_1_205' title='bbox 1531 1753 1763 1809; x_wconf 88' lang='lat' dir='ltr'><strong>ecclesia</strong></span> <span class='ocrx_word' id='word_1_206' title='bbox 1808 1753 1954 1809; x_wconf 90' lang='lat' dir='ltr'><strong>beati</strong></span> <span class='ocrx_word' id='word_1_207' title='bbox 1989 1753 2304 1820; x_wconf 87' lang='lat' dir='ltr'><strong>Clementis,</strong></span> <span class='ocrx_word' id='word_1_208' title='bbox 2358 1769 2479 1823; x_wconf 74' lang='lat' dir='ltr'><strong>qua:</strong></span> <span class='ocrx_word' id='word_1_209' title='bbox 2521 1753 2744 1824; x_wconf 86' lang='lat' dir='ltr'><strong>ponitur</strong></span> <span class='ocrx_word' id='word_1_210' title='bbox 2788 1751 2843 1807; x_wconf 92' lang='lat' dir='ltr'><strong>in</strong></span> <span class='ocrx_word' id='word_1_211' title='bbox 2883 1748 3127 1812; x_wconf 75' lang='lat' dir='ltr'><strong>Velitris,</strong></span> <span class='ocrx_word' id='word_1_212' title='bbox 3157 1755 3355 1802; x_wconf 84' lang='lat' dir='ltr'><strong>vestem</strong></span> <span class='ocrx_word' id='word_1_213' title='bbox 3393 1746 3450 1800; x_wconf 79' lang='lat' dir='ltr'><strong>de</strong></span> <span class='ocrx_word' id='word_1_214' title='bbox 3475 1744 3668 1800; x_wconf 82' lang='lat' dir='ltr'><strong>stauraci.</strong></span> <span class='ocrx_word' id='word_1_215' title='bbox 3689 1741 3782 1796; x_wconf 82' lang='lat' dir='ltr'><strong>Simili</strong></span> 
     </span>
    </p>
   </div>
   <div class='ocr_carea' id='block_1_17' title="bbox 813 1833 3782 1914">
    <p class='ocr_par' dir='ltr' id='par_1_17' title="bbox 813 1833 3782 1914">
     <span class='ocr_line' id='line_1_17' title="bbox 813 1833 3782 1914; baseline -0.003 -21"><span class='ocrx_word' id='word_1_216' title='bbox 813 1842 974 1896; x_wconf 92' lang='lat' dir='ltr'><strong>modo</strong></span> <span class='ocrx_word' id='word_1_217' title='bbox 1002 1850 1058 1897; x_wconf 91' lang='lat' dir='ltr'><strong>et</strong></span> <span class='ocrx_word' id='word_1_218' title='bbox 1084 1841 1138 1896; x_wconf 90' lang='lat' dir='ltr'><strong>in</strong></span> <span class='ocrx_word' id='word_1_219' title='bbox 1169 1841 1322 1896; x_wconf 89' lang='lat' dir='ltr'><strong>titulo</strong></span> <span class='ocrx_word' id='word_1_220' title='bbox 1348 1842 1490 1896; x_wconf 88' lang='lat' dir='ltr'><strong>beati</strong></span> <span class='ocrx_word' id='word_1_221' title='bbox 1515 1842 1852 1914; x_wconf 78' lang='lat' dir='ltr'><strong>Chrysogoni</strong></span> <span class='ocrx_word' id='word_1_222' title='bbox 1880 1841 2014 1900; x_wconf 86' lang='lat' dir='ltr'><strong>fecit</strong></span> <span class='ocrx_word' id='word_1_223' title='bbox 2037 1854 2244 1900; x_wconf 85' lang='lat' dir='ltr'><strong>vestem</strong></span> <span class='ocrx_word' id='word_1_224' title='bbox 2275 1845 2340 1900; x_wconf 88' lang='lat' dir='ltr'><strong>de</strong></span> <span class='ocrx_word' id='word_1_225' title='bbox 2369 1844 2604 1899; x_wconf 88' lang='lat' dir='ltr'><strong>stauraci</strong></span> <span class='ocrx_word' id='word_1_226' title='bbox 2635 1859 2758 1898; x_wconf 92' lang='lat' dir='ltr'><strong>cum</strong></span> <span class='ocrx_word' id='word_1_227' title='bbox 2790 1841 3046 1912; x_wconf 87' lang='lat' dir='ltr'><strong>periclysi</strong></span> <span class='ocrx_word' id='word_1_228' title='bbox 3079 1840 3146 1895; x_wconf 88' lang='lat' dir='ltr'><strong>de</strong></span> <span class='ocrx_word' id='word_1_229' title='bbox 3175 1838 3394 1895; x_wconf 89' lang='lat' dir='ltr'><strong>blatthin</strong></span> <span class='ocrx_word' id='word_1_230' title='bbox 3417 1851 3431 1902; x_wconf 88' lang='lat'><strong>;</strong></span> <span class='ocrx_word' id='word_1_231' title='bbox 3455 1834 3694 1892; x_wconf 49' lang='lat' dir='ltr'><strong>et-inttiuilo</strong></span> <span class='ocrx_word' id='word_1_232' title='bbox 3707 1833 3782 1886; x_wconf 76' lang='lat' dir='ltr'><strong>acati</strong></span> 
     </span>
    </p>
   </div>
   <div class='ocr_carea' id='block_1_18' title="bbox 740 1925 3781 2008">
    <p class='ocr_par' dir='ltr' id='par_1_18' title="bbox 740 1925 3781 2008">
     <span class='ocr_line' id='line_1_18' title="bbox 740 1925 3781 2008; baseline -0.001 -26"><span class='ocrx_word' id='word_1_233' title='bbox 740 1927 775 1982; x_wconf 84' lang='lat'><strong>5</strong></span> <span class='ocrx_word' id='word_1_234' title='bbox 811 1927 1088 1987; x_wconf 87' lang='lat' dir='ltr'><strong>Laurentii</strong></span> <span class='ocrx_word' id='word_1_235' title='bbox 1108 1933 1171 1986; x_wconf 92' lang='lat' dir='ltr'><strong>de</strong></span> <span class='ocrx_word' id='word_1_236' title='bbox 1193 1931 1371 1987; x_wconf 90' lang='lat' dir='ltr'><strong>lucina</strong></span> <span class='ocrx_word' id='word_1_237' title='bbox 1396 1931 1524 1987; x_wconf 85' lang='lat' dir='ltr'><strong>fecit</strong></span> <span class='ocrx_word' id='word_1_238' title='bbox 1545 1942 1750 1988; x_wconf 84' lang='lat' dir='ltr'><strong>vestem</strong></span> <span class='ocrx_word' id='word_1_239' title='bbox 1775 1935 1842 1990; x_wconf 88' lang='lat' dir='ltr'><strong>de</strong></span> <span class='ocrx_word' id='word_1_240' title='bbox 1865 1936 2102 1992; x_wconf 89' lang='lat' dir='ltr'><strong>stauraci</strong></span> <span class='ocrx_word' id='word_1_241' title='bbox 2125 1950 2250 1992; x_wconf 90' lang='lat' dir='ltr'><strong>cum</strong></span> <span class='ocrx_word' id='word_1_242' title='bbox 2267 1936 2523 2008; x_wconf 89' lang='lat' dir='ltr'><strong>periclysi</strong></span> <span class='ocrx_word' id='word_1_243' title='bbox 2545 1934 2612 1990; x_wconf 86' lang='lat' dir='ltr'><strong>de</strong></span> <span class='ocrx_word' id='word_1_244' title='bbox 2632 1935 2885 2000; x_wconf 84' lang='lat' dir='ltr'><strong>blatthin;</strong></span> <span class='ocrx_word' id='word_1_245' title='bbox 2914 1943 2972 1990; x_wconf 90' lang='lat' dir='ltr'><strong>et</strong></span> <span class='ocrx_word' id='word_1_246' title='bbox 3003 1934 3058 1988; x_wconf 89' lang='lat' dir='ltr'><strong>in</strong></span> <span class='ocrx_word' id='word_1_247' title='bbox 3082 1931 3237 1988; x_wconf 88' lang='lat' dir='ltr'><strong>titulo</strong></span> <span class='ocrx_word' id='word_1_248' title='bbox 3255 1929 3389 1986; x_wconf 86' lang='lat' dir='ltr'><strong>beati</strong></span> <span class='ocrx_word' id='word_1_249' title='bbox 3410 1927 3549 1984; x_wconf 74' lang='lat' dir='ltr'><strong>Marci</strong></span> <span class='ocrx_word' id='word_1_250' title='bbox 3568 1925 3781 1983; x_wconf 77' lang='lat' dir='ltr'><strong>fecitvestciu</strong></span> 
     </span>
    </p>
   </div>
   <div class='ocr_carea' id='block_1_19' title="bbox 812 2019 3780 2094">
    <p class='ocr_par' dir='ltr' id='par_1_19' title="bbox 812 2019 3780 2094">
     <span class='ocr_line' id='line_1_19' title="bbox 812 2019 3780 2094; baseline -0.001 -20"><span class='ocrx_word' id='word_1_251' title='bbox 812 2019 878 2076; x_wconf 88' lang='lat' dir='ltr'><strong>de</strong></span> <span class='ocrx_word' id='word_1_252' title='bbox 903 2021 1142 2076; x_wconf 89' lang='lat' dir='ltr'><strong>stauraci</strong></span> <span class='ocrx_word' id='word_1_253' title='bbox 1179 2037 1300 2076; x_wconf 92' lang='lat' dir='ltr'><strong>cum</strong></span> <span class='ocrx_word' id='word_1_254' title='bbox 1341 2023 1626 2094; x_wconf 89' lang='lat' dir='ltr'><strong>periclysi;</strong></span> <span class='ocrx_word' id='word_1_255' title='bbox 1659 2025 1798 2079; x_wconf 92' lang='lat' dir='ltr'><strong>etin</strong></span> <span class='ocrx_word' id='word_1_256' title='bbox 1836 2025 1993 2082; x_wconf 91' lang='lat' dir='ltr'><strong>titulo</strong></span> <span class='ocrx_word' id='word_1_257' title='bbox 2019 2025 2164 2083; x_wconf 87' lang='lat' dir='ltr'><strong>beati</strong></span> <span class='ocrx_word' id='word_1_258' title='bbox 2204 2026 2488 2083; x_wconf 87' lang='lat' dir='ltr'><strong>Laurentii</strong></span> <span class='ocrx_word' id='word_1_259' title='bbox 2525 2027 2579 2081; x_wconf 93' lang='lat' dir='ltr'><strong>in</strong></span> <span class='ocrx_word' id='word_1_260' title='bbox 2616 2025 2846 2081; x_wconf 91' lang='lat' dir='ltr'><strong>Damaso</strong></span> <span class='ocrx_word' id='word_1_261' title='bbox 2881 2023 3014 2080; x_wconf 83' lang='lat' dir='ltr'><strong>fecit</strong></span> <span class='ocrx_word' id='word_1_262' title='bbox 3039 2033 3246 2081; x_wconf 88' lang='lat' dir='ltr'><strong>vestem</strong></span> <span class='ocrx_word' id='word_1_263' title='bbox 3283 2024 3524 2080; x_wconf 87' lang='lat' dir='ltr'><strong>similiter.</strong></span> <span class='ocrx_word' id='word_1_264' title='bbox 3553 2021 3674 2078; x_wconf 86' lang='lat' dir='ltr'><strong>Simili</strong></span> <span class='ocrx_word' id='word_1_265' title='bbox 3698 2019 3780 2073; x_wconf 70' lang='lat' dir='ltr'><strong>malo</strong></span> 
     </span>
    </p>
   </div>
   <div class='ocr_carea' id='block_1_20' title="bbox 809 2109 3780 2190">
    <p class='ocr_par' dir='ltr' id='par_1_20' title="bbox 809 2109 3780 2190">
     <span class='ocr_line' id='line_1_20' title="bbox 809 2109 3780 2190; baseline -0.001 -24"><span class='ocrx_word' id='word_1_266' title='bbox 809 2113 945 2167; x_wconf 88' lang='lat' dir='ltr'><strong>etin</strong></span> <span class='ocrx_word' id='word_1_267' title='bbox 975 2112 1132 2168; x_wconf 92' lang='lat' dir='ltr'><strong>titulo</strong></span> <span class='ocrx_word' id='word_1_268' title='bbox 1158 2112 1302 2170; x_wconf 88' lang='lat' dir='ltr'><strong>beati</strong></span> <span class='ocrx_word' id='word_1_269' title='bbox 1337 2113 1475 2169; x_wconf 81' lang='lat' dir='ltr'><strong>Sixti</strong></span> <span class='ocrx_word' id='word_1_270' title='bbox 1511 2115 1642 2171; x_wconf 91' lang='lat' dir='ltr'><strong>fecit</strong></span> <span class='ocrx_word' id='word_1_271' title='bbox 1676 2124 1881 2173; x_wconf 86' lang='lat' dir='ltr'><strong>vestem</strong></span> <span class='ocrx_word' id='word_1_272' title='bbox 1910 2119 1978 2174; x_wconf 91' lang='lat' dir='ltr'><strong>de</strong></span> <span class='ocrx_word' id='word_1_273' title='bbox 2019 2118 2259 2174; x_wconf 84' lang='lat' dir='ltr'><strong>stauraci</strong></span> <span class='ocrx_word' id='word_1_274' title='bbox 2287 2134 2410 2174; x_wconf 92' lang='lat' dir='ltr'><strong>cum</strong></span> <span class='ocrx_word' id='word_1_275' title='bbox 2442 2117 2694 2190; x_wconf 89' lang='lat' dir='ltr'><strong>periclysi</strong></span> <span class='ocrx_word' id='word_1_276' title='bbox 2725 2118 2791 2174; x_wconf 91' lang='lat' dir='ltr'><strong>de</strong></span> <span class='ocrx_word' id='word_1_277' title='bbox 2831 2116 3094 2180; x_wconf 85' lang='lat' dir='ltr'><strong>blatthin.</strong></span> <span class='ocrx_word' id='word_1_278' title='bbox 3131 2133 3334 2174; x_wconf 89' lang='lat' dir='ltr'><strong>necnon</strong></span> <span class='ocrx_word' id='word_1_279' title='bbox 3359 2126 3411 2173; x_wconf 90' lang='lat' dir='ltr'><strong>et</strong></span> <span class='ocrx_word' id='word_1_280' title='bbox 3446 2116 3496 2171; x_wconf 89' lang='lat' dir='ltr'><strong>in</strong></span> <span class='ocrx_word' id='word_1_281' title='bbox 3517 2109 3780 2170; x_wconf 76' lang='lat' dir='ltr'><strong>diaconiabeati</strong></span> 
     </span>
    </p>
   </div>
   <div class='ocr_carea' id='block_1_21' title="bbox 807 2202 3780 2280">
    <p class='ocr_par' dir='ltr' id='par_1_21' title="bbox 807 2202 3780 2280">
     <span class='ocr_line' id='line_1_21' title="bbox 807 2202 3780 2280; baseline -0.001 -22"><span class='ocrx_word' id='word_1_282' title='bbox 807 2204 1058 2271; x_wconf 84' lang='lat' dir='ltr'><strong>Adriani,</strong></span> <span class='ocrx_word' id='word_1_283' title='bbox 1091 2215 1145 2260; x_wconf 92' lang='lat' dir='ltr'><strong>et</strong></span> <span class='ocrx_word' id='word_1_284' title='bbox 1183 2206 1238 2261; x_wconf 92' lang='lat' dir='ltr'><strong>in</strong></span> <span class='ocrx_word' id='word_1_285' title='bbox 1284 2207 1513 2262; x_wconf 89' lang='lat' dir='ltr'><strong>ecclesia</strong></span> <span class='ocrx_word' id='word_1_286' title='bbox 1555 2208 1728 2264; x_wconf 65' lang='lat' dir='ltr'><strong>beata:</strong></span> <span class='ocrx_word' id='word_1_287' title='bbox 1767 2209 2033 2274; x_wconf 85' lang='lat' dir='ltr'><strong>Martinac,</strong></span> <span class='ocrx_word' id='word_1_288' title='bbox 2083 2210 2220 2266; x_wconf 87' lang='lat' dir='ltr'><strong>etin</strong></span> <span class='ocrx_word' id='word_1_289' title='bbox 2251 2210 2497 2266; x_wconf 90' lang='lat' dir='ltr'><strong>diaconia</strong></span> <span class='ocrx_word' id='word_1_290' title='bbox 2533 2210 2757 2280; x_wconf 91' lang='lat' dir='ltr'><strong>antiqua</strong></span> <span class='ocrx_word' id='word_1_291' title='bbox 2793 2209 2925 2265; x_wconf 89' lang='lat' dir='ltr'><strong>fecit</strong></span> <span class='ocrx_word' id='word_1_292' title='bbox 2957 2219 3140 2266; x_wconf 86' lang='lat' dir='ltr'><strong>vestes</strong></span> <span class='ocrx_word' id='word_1_293' title='bbox 3166 2211 3231 2266; x_wconf 91' lang='lat' dir='ltr'><strong>de</strong></span> <span class='ocrx_word' id='word_1_294' title='bbox 3257 2209 3476 2266; x_wconf 90' lang='lat' dir='ltr'><strong>stauraci</strong></span> <span class='ocrx_word' id='word_1_295' title='bbox 3503 2224 3599 2264; x_wconf 91' lang='lat' dir='ltr'><strong>cum</strong></span> <span class='ocrx_word' id='word_1_296' title='bbox 3622 2202 3780 2277; x_wconf 61' lang='lat' dir='ltr'><strong>periclysi.</strong></span> 
     </span>
    </p>
   </div>
   <div class='ocr_carea' id='block_1_22' title="bbox 811 2293 3780 2373">
    <p class='ocr_par' dir='ltr' id='par_1_22' title="bbox 811 2293 3780 2373">
     <span class='ocr_line' id='line_1_22' title="bbox 811 2293 3780 2373; baseline -0.001 -21"><span class='ocrx_word' id='word_1_297' title='bbox 811 2299 986 2353; x_wconf 86' lang='lat' dir='ltr'><strong>Simili</strong></span> <span class='ocrx_word' id='word_1_298' title='bbox 1024 2299 1185 2354; x_wconf 89' lang='lat' dir='ltr'><strong>modo</strong></span> <span class='ocrx_word' id='word_1_299' title='bbox 1212 2308 1270 2354; x_wconf 90' lang='lat' dir='ltr'><strong>et</strong></span> <span class='ocrx_word' id='word_1_300' title='bbox 1310 2300 1362 2354; x_wconf 92' lang='lat' dir='ltr'><strong>in</strong></span> <span class='ocrx_word' id='word_1_301' title='bbox 1394 2299 1639 2355; x_wconf 88' lang='lat' dir='ltr'><strong>diaconia</strong></span> <span class='ocrx_word' id='word_1_302' title='bbox 1688 2300 1831 2356; x_wconf 89' lang='lat' dir='ltr'><strong>beati</strong></span> <span class='ocrx_word' id='word_1_303' title='bbox 1858 2301 2186 2373; x_wconf 79' lang='lat' dir='ltr'><strong>Archangeli</strong></span> <span class='ocrx_word' id='word_1_304' title='bbox 2216 2301 2348 2358; x_wconf 89' lang='lat' dir='ltr'><strong>fecit</strong></span> <span class='ocrx_word' id='word_1_305' title='bbox 2377 2310 2555 2358; x_wconf 88' lang='lat' dir='ltr'><strong>vestes</strong></span> <span class='ocrx_word' id='word_1_306' title='bbox 2590 2309 2720 2366; x_wconf 87' lang='lat' dir='ltr'><strong>tres,</strong></span> <span class='ocrx_word' id='word_1_307' title='bbox 2752 2316 2821 2356; x_wconf 84' lang='lat' dir='ltr'><strong>ex</strong></span> <span class='ocrx_word' id='word_1_308' title='bbox 2849 2301 3055 2371; x_wconf 92' lang='lat' dir='ltr'><strong>quibus</strong></span> <span class='ocrx_word' id='word_1_309' title='bbox 3094 2317 3254 2356; x_wconf 91' lang='lat' dir='ltr'><strong>unam</strong></span> <span class='ocrx_word' id='word_1_310' title='bbox 3287 2302 3348 2356; x_wconf 89' lang='lat' dir='ltr'><strong>de</strong></span> <span class='ocrx_word' id='word_1_311' title='bbox 3385 2297 3578 2354; x_wconf 85' lang='lat' dir='ltr'><strong>stauraci</strong></span> <span class='ocrx_word' id='word_1_312' title='bbox 3607 2311 3689 2352; x_wconf 87' lang='lat' dir='ltr'><strong>cum</strong></span> <span class='ocrx_word' id='word_1_313' title='bbox 3707 2293 3780 2364; x_wconf 77' lang='lat' dir='ltr'><strong>peri-</strong></span> 
     </span>
    </p>
   </div>
   <div class='ocr_carea' id='block_1_23' title="bbox 701 2387 3779 2466">
    <p class='ocr_par' dir='ltr' id='par_1_23' title="bbox 701 2387 3779 2466">
     <span class='ocr_line' id='line_1_23' title="bbox 701 2387 3779 2466; baseline -0.003 -18"><span class='ocrx_word' id='word_1_314' title='bbox 701 2394 770 2448; x_wconf 75' lang='lat' dir='ltr'><strong>IO</strong></span> <span class='ocrx_word' id='word_1_315' title='bbox 808 2391 942 2464; x_wconf 87' lang='lat' dir='ltr'><strong>clysi</strong></span> <span class='ocrx_word' id='word_1_316' title='bbox 973 2393 1039 2448; x_wconf 85' lang='lat' dir='ltr'><strong>de</strong></span> <span class='ocrx_word' id='word_1_317' title='bbox 1076 2393 1333 2459; x_wconf 89' lang='lat' dir='ltr'><strong>blatthin,</strong></span> <span class='ocrx_word' id='word_1_318' title='bbox 1361 2402 1417 2449; x_wconf 87' lang='lat' dir='ltr'><strong>et</strong></span> <span class='ocrx_word' id='word_1_319' title='bbox 1446 2392 1580 2449; x_wconf 90' lang='lat' dir='ltr'><strong>alias</strong></span> <span class='ocrx_word' id='word_1_320' title='bbox 1605 2394 1740 2450; x_wconf 88' lang='lat' dir='ltr'><strong>duas</strong></span> <span class='ocrx_word' id='word_1_321' title='bbox 1770 2394 1835 2449; x_wconf 89' lang='lat' dir='ltr'><strong>de</strong></span> <span class='ocrx_word' id='word_1_322' title='bbox 1864 2393 2028 2466; x_wconf 92' lang='lat' dir='ltr'><strong>Tyrio</strong></span> <span class='ocrx_word' id='word_1_323' title='bbox 2059 2409 2183 2450; x_wconf 93' lang='lat' dir='ltr'><strong>cum</strong></span> <span class='ocrx_word' id='word_1_324' title='bbox 2209 2394 2462 2466; x_wconf 88' lang='lat' dir='ltr'><strong>periclysi</strong></span> <span class='ocrx_word' id='word_1_325' title='bbox 2508 2394 2585 2465; x_wconf 79' lang='lat' dir='ltr'><strong>de_</strong></span> <span class='ocrx_word' id='word_1_326' title='bbox 2618 2393 2866 2461; x_wconf 89' lang='lat' dir='ltr'><strong>fundato,</strong></span> <span class='ocrx_word' id='word_1_327' title='bbox 2891 2409 3020 2450; x_wconf 93' lang='lat' dir='ltr'><strong>cum</strong></span> <span class='ocrx_word' id='word_1_328' title='bbox 3061 2394 3284 2449; x_wconf 88' lang='lat' dir='ltr'><strong>historia</strong></span> <span class='ocrx_word' id='word_1_329' title='bbox 3314 2393 3375 2449; x_wconf 91' lang='lat' dir='ltr'><strong>de</strong></span> <span class='ocrx_word' id='word_1_330' title='bbox 3396 2390 3645 2464; x_wconf 80' lang='lat' dir='ltr'><strong>elephantis.</strong></span> <span class='ocrx_word' id='word_1_331' title='bbox 3677 2387 3779 2440; x_wconf 65' lang='lat' dir='ltr'><strong>lnios</strong></span> 
     </span>
    </p>
   </div>
   <div class='ocr_carea' id='block_1_24' title="bbox 807 2476 3778 2558">
    <p class='ocr_par' dir='ltr' id='par_1_24' title="bbox 807 2476 3778 2558">
     <span class='ocr_line' id='line_1_24' title="bbox 807 2476 3778 2558; baseline -0.002 -18"><span class='ocrx_word' id='word_1_332' title='bbox 807 2486 862 2540; x_wconf 93' lang='lat' dir='ltr'><strong>in</strong></span> <span class='ocrx_word' id='word_1_333' title='bbox 904 2485 1154 2542; x_wconf 87' lang='lat' dir='ltr'><strong>diaconia</strong></span> <span class='ocrx_word' id='word_1_334' title='bbox 1179 2487 1354 2542; x_wconf 85' lang='lat' dir='ltr'><strong>sancti</strong></span> <span class='ocrx_word' id='word_1_335' title='bbox 1385 2486 1654 2542; x_wconf 87' lang='lat' dir='ltr'><strong>Theodori</strong></span> <span class='ocrx_word' id='word_1_336' title='bbox 1687 2486 1816 2542; x_wconf 90' lang='lat' dir='ltr'><strong>fecit</strong></span> <span class='ocrx_word' id='word_1_337' title='bbox 1845 2496 2050 2542; x_wconf 87' lang='lat' dir='ltr'><strong>vestem</strong></span> <span class='ocrx_word' id='word_1_338' title='bbox 2091 2486 2157 2542; x_wconf 88' lang='lat' dir='ltr'><strong>de</strong></span> <span class='ocrx_word' id='word_1_339' title='bbox 2184 2488 2420 2542; x_wconf 89' lang='lat' dir='ltr'><strong>stauraci</strong></span> <span class='ocrx_word' id='word_1_340' title='bbox 2447 2502 2570 2543; x_wconf 93' lang='lat' dir='ltr'><strong>cum</strong></span> <span class='ocrx_word' id='word_1_341' title='bbox 2602 2486 2856 2558; x_wconf 84' lang='lat' dir='ltr'><strong>periclysi</strong></span> <span class='ocrx_word' id='word_1_342' title='bbox 2883 2503 2897 2552; x_wconf 88' lang='lat'><strong>;</strong></span> <span class='ocrx_word' id='word_1_343' title='bbox 2942 2495 3002 2541; x_wconf 89' lang='lat' dir='ltr'><strong>et</strong></span> <span class='ocrx_word' id='word_1_344' title='bbox 3032 2487 3085 2541; x_wconf 90' lang='lat' dir='ltr'><strong>in</strong></span> <span class='ocrx_word' id='word_1_345' title='bbox 3129 2484 3366 2540; x_wconf 90' lang='lat' dir='ltr'><strong>diaconia</strong></span> <span class='ocrx_word' id='word_1_346' title='bbox 3394 2484 3517 2539; x_wconf 91' lang='lat' dir='ltr'><strong>beati</strong></span> <span class='ocrx_word' id='word_1_347' title='bbox 3539 2480 3690 2548; x_wconf 76' lang='lat' dir='ltr'><strong>Georgii</strong></span> <span class='ocrx_word' id='word_1_348' title='bbox 3712 2476 3778 2528; x_wconf 62' lang='lat' dir='ltr'><strong>fecit</strong></span> 
     </span>
    </p>
   </div>
   <div class='ocr_carea' id='block_1_25' title="bbox 807 2567 3779 2646">
    <p class='ocr_par' dir='ltr' id='par_1_25' title="bbox 807 2567 3779 2646">
     <span class='ocr_line' id='line_1_25' title="bbox 807 2567 3779 2646; baseline -0.004 -14"><span class='ocrx_word' id='word_1_349' title='bbox 807 2586 1016 2632; x_wconf 87' lang='lat' dir='ltr'><strong>vestem</strong></span> <span class='ocrx_word' id='word_1_350' title='bbox 1041 2579 1107 2632; x_wconf 90' lang='lat' dir='ltr'><strong>de</strong></span> <span class='ocrx_word' id='word_1_351' title='bbox 1141 2575 1366 2632; x_wconf 90' lang='lat' dir='ltr'><strong>fundato</strong></span> <span class='ocrx_word' id='word_1_352' title='bbox 1405 2593 1529 2633; x_wconf 93' lang='lat' dir='ltr'><strong>cum</strong></span> <span class='ocrx_word' id='word_1_353' title='bbox 1559 2577 1785 2631; x_wconf 87' lang='lat' dir='ltr'><strong>historia</strong></span> <span class='ocrx_word' id='word_1_354' title='bbox 1827 2578 1893 2632; x_wconf 93' lang='lat' dir='ltr'><strong>de</strong></span> <span class='ocrx_word' id='word_1_355' title='bbox 1922 2577 2247 2646; x_wconf 89' lang='lat' dir='ltr'><strong>elephantis,</strong></span> <span class='ocrx_word' id='word_1_356' title='bbox 2278 2593 2375 2633; x_wconf 89' lang='lat' dir='ltr'><strong>seu</strong></span> <span class='ocrx_word' id='word_1_357' title='bbox 2421 2577 2650 2634; x_wconf 89' lang='lat' dir='ltr'><strong>diversis</strong></span> <span class='ocrx_word' id='word_1_358' title='bbox 2695 2577 2962 2641; x_wconf 87' lang='lat' dir='ltr'><strong>historiis,</strong></span> <span class='ocrx_word' id='word_1_359' title='bbox 3009 2592 3133 2633; x_wconf 91' lang='lat' dir='ltr'><strong>cum</strong></span> <span class='ocrx_word' id='word_1_360' title='bbox 3161 2575 3398 2646; x_wconf 89' lang='lat' dir='ltr'><strong>periclysi</strong></span> <span class='ocrx_word' id='word_1_361' title='bbox 3429 2575 3486 2629; x_wconf 92' lang='lat' dir='ltr'><strong>de</strong></span> <span class='ocrx_word' id='word_1_362' title='bbox 3509 2570 3682 2627; x_wconf 81' lang='lat' dir='ltr'><strong>fundato.</strong></span> <span class='ocrx_word' id='word_1_363' title='bbox 3701 2567 3779 2622; x_wconf 79' lang='lat' dir='ltr'><strong>fecit</strong></span> 
     </span>
    </p>
   </div>
   <div class='ocr_carea' id='block_1_26' title="bbox 805 2658 3778 2738">
    <p class='ocr_par' dir='ltr' id='par_1_26' title="bbox 805 2658 3778 2738">
     <span class='ocr_line' id='line_1_26' title="bbox 805 2658 3778 2738; baseline -0.002 -17"><span class='ocrx_word' id='word_1_364' title='bbox 805 2676 866 2721; x_wconf 90' lang='lat' dir='ltr'><strong>et</strong></span> <span class='ocrx_word' id='word_1_365' title='bbox 892 2667 947 2721; x_wconf 91' lang='lat' dir='ltr'><strong>in</strong></span> <span class='ocrx_word' id='word_1_366' title='bbox 973 2667 1224 2722; x_wconf 89' lang='lat' dir='ltr'><strong>diaconia</strong></span> <span class='ocrx_word' id='word_1_367' title='bbox 1262 2667 1316 2720; x_wconf 91' lang='lat' dir='ltr'><strong>in</strong></span> <span class='ocrx_word' id='word_1_368' title='bbox 1344 2681 1477 2737; x_wconf 90' lang='lat' dir='ltr'><strong>gyro</strong></span> <span class='ocrx_word' id='word_1_369' title='bbox 1502 2675 1706 2722; x_wconf 90' lang='lat' dir='ltr'><strong>vestem</strong></span> <span class='ocrx_word' id='word_1_370' title='bbox 1733 2664 1800 2721; x_wconf 90' lang='lat' dir='ltr'><strong>de</strong></span> <span class='ocrx_word' id='word_1_371' title='bbox 1839 2667 2074 2721; x_wconf 90' lang='lat' dir='ltr'><strong>stauraci</strong></span> <span class='ocrx_word' id='word_1_372' title='bbox 2106 2681 2230 2721; x_wconf 92' lang='lat' dir='ltr'><strong>cum</strong></span> <span class='ocrx_word' id='word_1_373' title='bbox 2253 2667 2504 2738; x_wconf 85' lang='lat' dir='ltr'><strong>periclysi</strong></span> <span class='ocrx_word' id='word_1_374' title='bbox 2533 2667 2600 2723; x_wconf 92' lang='lat' dir='ltr'><strong>de</strong></span> <span class='ocrx_word' id='word_1_375' title='bbox 2619 2667 2873 2722; x_wconf 86' lang='lat' dir='ltr'><strong>blatthin.</strong></span> <span class='ocrx_word' id='word_1_376' title='bbox 2901 2666 3088 2723; x_wconf 88' lang='lat' dir='ltr'><strong>Simili</strong></span> <span class='ocrx_word' id='word_1_377' title='bbox 3119 2668 3276 2724; x_wconf 90' lang='lat' dir='ltr'><strong>modo</strong></span> <span class='ocrx_word' id='word_1_378' title='bbox 3321 2676 3370 2722; x_wconf 88' lang='lat' dir='ltr'><strong>et</strong></span> <span class='ocrx_word' id='word_1_379' title='bbox 3396 2665 3442 2719; x_wconf 94' lang='lat' dir='ltr'><strong>in</strong></span> <span class='ocrx_word' id='word_1_380' title='bbox 3480 2661 3660 2719; x_wconf 87' lang='lat' dir='ltr'><strong>diaconia</strong></span> <span class='ocrx_word' id='word_1_381' title='bbox 3687 2661 3719 2714; x_wconf 83' lang='lat' dir='ltr'><strong>in</strong></span> <span class='ocrx_word' id='word_1_382' title='bbox 3736 2658 3778 2709; x_wconf 62' lang='grc' dir='ltr'><strong>νὴ</strong></span> 
     </span>
    </p>
   </div>
   <div class='ocr_carea' id='block_1_27' title="bbox 805 2757 3101 2830">
    <p class='ocr_par' dir='ltr' id='par_1_27' title="bbox 805 2757 3101 2830">
     <span class='ocr_line' id='line_1_27' title="bbox 805 2757 3101 2830; baseline 0 -16"><span class='ocrx_word' id='word_1_383' title='bbox 805 2757 943 2814; x_wconf 86' lang='lat' dir='ltr'><strong>Lata</strong></span> <span class='ocrx_word' id='word_1_384' title='bbox 975 2758 1104 2813; x_wconf 90' lang='lat' dir='ltr'><strong>fecit</strong></span> <span class='ocrx_word' id='word_1_385' title='bbox 1129 2766 1310 2814; x_wconf 88' lang='lat' dir='ltr'><strong>vestes</strong></span> <span class='ocrx_word' id='word_1_386' title='bbox 1340 2759 1474 2813; x_wconf 90' lang='lat' dir='ltr'><strong>duas</strong></span> <span class='ocrx_word' id='word_1_387' title='bbox 1505 2758 1570 2813; x_wconf 85' lang='lat' dir='ltr'><strong>de</strong></span> <span class='ocrx_word' id='word_1_388' title='bbox 1603 2757 1788 2828; x_wconf 87' lang='lat' dir='ltr'><strong>Tyrio,</strong></span> <span class='ocrx_word' id='word_1_389' title='bbox 1822 2773 1942 2813; x_wconf 92' lang='lat' dir='ltr'><strong>cum</strong></span> <span class='ocrx_word' id='word_1_390' title='bbox 1969 2757 2223 2830; x_wconf 88' lang='lat' dir='ltr'><strong>periclysi</strong></span> <span class='ocrx_word' id='word_1_391' title='bbox 2251 2760 2317 2814; x_wconf 90' lang='lat' dir='ltr'><strong>de</strong></span> <span class='ocrx_word' id='word_1_392' title='bbox 2347 2759 2600 2816; x_wconf 87' lang='lat' dir='ltr'><strong>blatthin.</strong></span> <span class='ocrx_word' id='word_1_393' title='bbox 3099 2822 3101 2825; x_wconf 31' lang='grc' dir='ltr'><strong>η</strong></span> 
     </span>
    </p>
   </div>
   <div class='ocr_carea' id='block_1_28' title="bbox 882 2844 3777 2922">
    <p class='ocr_par' dir='ltr' id='par_1_28' title="bbox 882 2844 3777 2922">
     <span class='ocr_line' id='line_1_28' title="bbox 882 2844 3777 2922; baseline -0.001 -18"><span class='ocrx_word' id='word_1_394' title='bbox 882 2849 1051 2921; x_wconf 89' lang='grc'><strong>388</strong></span> <span class='ocrx_word' id='word_1_395' title='bbox 1087 2849 1155 2904; x_wconf 85' lang='lat' dir='ltr'><strong>Et</strong></span> <span class='ocrx_word' id='word_1_396' title='bbox 1199 2850 1254 2904; x_wconf 93' lang='lat' dir='ltr'><strong>in</strong></span> <span class='ocrx_word' id='word_1_397' title='bbox 1296 2848 1543 2904; x_wconf 87' lang='lat' dir='ltr'><strong>diaconia</strong></span> <span class='ocrx_word' id='word_1_398' title='bbox 1579 2858 1782 2904; x_wconf 63' lang='lat' dir='ltr'><strong>sancta:</strong></span> <span class='ocrx_word' id='word_1_399' title='bbox 1806 2848 2032 2920; x_wconf 61' lang='lat' dir='ltr'><strong>Agathe:</strong></span> <span class='ocrx_word' id='word_1_400' title='bbox 2058 2850 2186 2905; x_wconf 90' lang='lat' dir='ltr'><strong>fecit</strong></span> <span class='ocrx_word' id='word_1_401' title='bbox 2217 2859 2420 2906; x_wconf 88' lang='lat' dir='ltr'><strong>vestem</strong></span> <span class='ocrx_word' id='word_1_402' title='bbox 2456 2851 2524 2905; x_wconf 90' lang='lat' dir='ltr'><strong>de</strong></span> <span class='ocrx_word' id='word_1_403' title='bbox 2571 2851 2806 2906; x_wconf 86' lang='lat' dir='ltr'><strong>stauraci</strong></span> <span class='ocrx_word' id='word_1_404' title='bbox 2839 2866 2965 2906; x_wconf 92' lang='lat' dir='ltr'><strong>cum</strong></span> <span class='ocrx_word' id='word_1_405' title='bbox 3013 2851 3269 2922; x_wconf 87' lang='lat' dir='ltr'><strong>periclysi</strong></span> <span class='ocrx_word' id='word_1_406' title='bbox 3311 2851 3371 2906; x_wconf 91' lang='lat' dir='ltr'><strong>de</strong></span> <span class='ocrx_word' id='word_1_407' title='bbox 3410 2851 3608 2906; x_wconf 86' lang='lat' dir='ltr'><strong>blatthin.</strong></span> <span class='ocrx_word' id='word_1_408' title='bbox 3640 2846 3728 2902; x_wconf 78' lang='lat' dir='ltr'><strong>Fedl</strong></span> <span class='ocrx_word' id='word_1_409' title='bbox 3750 2844 3777 2896; x_wconf 78' lang='lat' dir='ltr'><strong>il</strong></span> 
     </span>
    </p>
   </div>
   <div class='ocr_carea' id='block_1_29' title="bbox 805 2939 3778 3017">
    <p class='ocr_par' dir='ltr' id='par_1_29' title="bbox 805 2939 3778 3017">
     <span class='ocr_line' id='line_1_29' title="bbox 805 2939 3778 3017; baseline -0.002 -21"><span class='ocrx_word' id='word_1_410' title='bbox 805 2942 1032 2998; x_wconf 86' lang='lat' dir='ltr'><strong>basilica</strong></span> <span class='ocrx_word' id='word_1_411' title='bbox 1058 2943 1202 2997; x_wconf 90' lang='lat' dir='ltr'><strong>beati</strong></span> <span class='ocrx_word' id='word_1_412' title='bbox 1231 2941 1579 3012; x_wconf 86' lang='lat' dir='ltr'><strong>Archangeli,</strong></span> <span class='ocrx_word' id='word_1_413' title='bbox 1611 2957 1731 3012; x_wconf 82' lang='lat' dir='ltr'><strong>quae</strong></span> <span class='ocrx_word' id='word_1_414' title='bbox 1761 2943 1979 3011; x_wconf 90' lang='lat' dir='ltr'><strong>ponitur</strong></span> <span class='ocrx_word' id='word_1_415' title='bbox 2004 2943 2058 2998; x_wconf 93' lang='lat' dir='ltr'><strong>in</strong></span> <span class='ocrx_word' id='word_1_416' title='bbox 2091 2942 2352 3014; x_wconf 91' lang='lat' dir='ltr'><strong>Septimo,</strong></span> <span class='ocrx_word' id='word_1_417' title='bbox 2383 2952 2587 2999; x_wconf 89' lang='lat' dir='ltr'><strong>vestem</strong></span> <span class='ocrx_word' id='word_1_418' title='bbox 2614 2945 2680 2999; x_wconf 91' lang='lat' dir='ltr'><strong>de</strong></span> <span class='ocrx_word' id='word_1_419' title='bbox 2705 2945 2946 3000; x_wconf 73' lang='lat' dir='ltr'><strong>stauraci</strong></span> <span class='ocrx_word' id='word_1_420' title='bbox 2975 2961 3102 3001; x_wconf 90' lang='lat' dir='ltr'><strong>cum</strong></span> <span class='ocrx_word' id='word_1_421' title='bbox 3135 2945 3378 3017; x_wconf 88' lang='lat' dir='ltr'><strong>periclysi</strong></span> <span class='ocrx_word' id='word_1_422' title='bbox 3405 2946 3461 3000; x_wconf 88' lang='lat' dir='ltr'><strong>de</strong></span> <span class='ocrx_word' id='word_1_423' title='bbox 3485 2943 3675 3006; x_wconf 86' lang='lat' dir='ltr'><strong>blatthin;</strong></span> <span class='ocrx_word' id='word_1_424' title='bbox 3700 2939 3778 2993; x_wconf 78' lang='lat' dir='ltr'><strong>etin</strong></span> 
     </span>
    </p>
   </div>
   <div class='ocr_carea' id='block_1_30' title="bbox 805 3032 3779 3104">
    <p class='ocr_par' dir='ltr' id='par_1_30' title="bbox 805 3032 3779 3104">
     <span class='ocr_line' id='line_1_30' title="bbox 805 3032 3779 3104; baseline -0.002 -16"><span class='ocrx_word' id='word_1_425' title='bbox 805 3033 1140 3088; x_wconf 88' lang='lat' dir='ltr'><strong>monasterio</strong></span> <span class='ocrx_word' id='word_1_426' title='bbox 1170 3035 1346 3090; x_wconf 89' lang='lat' dir='ltr'><strong>sancti</strong></span> <span class='ocrx_word' id='word_1_427' title='bbox 1369 3034 1610 3104; x_wconf 86' lang='lat' dir='ltr'><strong>Agapiti,</strong></span> <span class='ocrx_word' id='word_1_428' title='bbox 1659 3035 1803 3102; x_wconf 91' lang='lat' dir='ltr'><strong>quod</strong></span> <span class='ocrx_word' id='word_1_429' title='bbox 1850 3034 2071 3103; x_wconf 87' lang='lat' dir='ltr'><strong>ponitur</strong></span> <span class='ocrx_word' id='word_1_430' title='bbox 2108 3037 2175 3090; x_wconf 91' lang='lat' dir='ltr'><strong>ad</strong></span> <span class='ocrx_word' id='word_1_431' title='bbox 2207 3035 2457 3103; x_wconf 89' lang='lat' dir='ltr'><strong>Vincula,</strong></span> <span class='ocrx_word' id='word_1_432' title='bbox 2498 3036 2627 3090; x_wconf 91' lang='lat' dir='ltr'><strong>fecit</strong></span> <span class='ocrx_word' id='word_1_433' title='bbox 2651 3045 2859 3092; x_wconf 87' lang='lat' dir='ltr'><strong>vestem</strong></span> <span class='ocrx_word' id='word_1_434' title='bbox 2904 3038 2975 3092; x_wconf 94' lang='lat' dir='ltr'><strong>de</strong></span> <span class='ocrx_word' id='word_1_435' title='bbox 3006 3039 3268 3093; x_wconf 90' lang='lat' dir='ltr'><strong>stauraci.</strong></span> <span class='ocrx_word' id='word_1_436' title='bbox 3305 3038 3436 3093; x_wconf 88' lang='lat' dir='ltr'><strong>Idem</strong></span> <span class='ocrx_word' id='word_1_437' title='bbox 3470 3051 3570 3090; x_wconf 86' lang='lat' dir='ltr'><strong>vero</strong></span> <span class='ocrx_word' id='word_1_438' title='bbox 3591 3032 3779 3089; x_wconf 70' lang='lat' dir='ltr'><strong>miseriar-</strong></span> 
     </span>
    </p>
   </div>
   <div class='ocr_carea' id='block_1_31' title="bbox 807 3119 3777 3199">
    <p class='ocr_par' dir='ltr' id='par_1_31' title="bbox 807 3119 3777 3199">
     <span class='ocr_line' id='line_1_31' title="bbox 807 3119 3777 3199; baseline -0.004 -17"><span class='ocrx_word' id='word_1_439' title='bbox 807 3126 1064 3183; x_wconf 87' lang='lat' dir='ltr'><strong>dissimus</strong></span> <span class='ocrx_word' id='word_1_440' title='bbox 1083 3125 1281 3196; x_wconf 86' lang='lat' dir='ltr'><strong>praesul</strong></span> <span class='ocrx_word' id='word_1_441' title='bbox 1304 3126 1435 3181; x_wconf 87' lang='lat' dir='ltr'><strong>fecit</strong></span> <span class='ocrx_word' id='word_1_442' title='bbox 1467 3127 1520 3180; x_wconf 92' lang='lat' dir='ltr'><strong>in</strong></span> <span class='ocrx_word' id='word_1_443' title='bbox 1553 3125 1783 3180; x_wconf 89' lang='lat' dir='ltr'><strong>ecclesia</strong></span> <span class='ocrx_word' id='word_1_444' title='bbox 1812 3124 1986 3180; x_wconf 70' lang='lat' dir='ltr'><strong>beatae</strong></span> <span class='ocrx_word' id='word_1_445' title='bbox 2009 3127 2188 3197; x_wconf 86' lang='lat' dir='ltr'><strong>Agnes</strong></span> <span class='ocrx_word' id='word_1_446' title='bbox 2226 3128 2507 3199; x_wconf 88' lang='lat' dir='ltr'><strong>martyris,</strong></span> <span class='ocrx_word' id='word_1_447' title='bbox 2554 3128 2643 3183; x_wconf 92' lang='lat' dir='ltr'><strong>ubi</strong></span> <span class='ocrx_word' id='word_1_448' title='bbox 2669 3127 2786 3197; x_wconf 89' lang='lat' dir='ltr'><strong>ejus</strong></span> <span class='ocrx_word' id='word_1_449' title='bbox 2814 3142 3022 3198; x_wconf 90' lang='lat' dir='ltr'><strong>corpus</strong></span> <span class='ocrx_word' id='word_1_450' title='bbox 3065 3129 3369 3199; x_wconf 84' lang='lat' dir='ltr'><strong>requiescit,</strong></span> <span class='ocrx_word' id='word_1_451' title='bbox 3391 3136 3558 3183; x_wconf 85' lang='lat' dir='ltr'><strong>vestem</strong></span> <span class='ocrx_word' id='word_1_452' title='bbox 3580 3119 3777 3179; x_wconf 78' lang='lat' dir='ltr'><strong>delundato</strong></span> 
     </span>
    </p>
   </div>
   <div class='ocr_carea' id='block_1_32' title="bbox 730 3209 3778 3293">
    <p class='ocr_par' dir='ltr' id='par_1_32' title="bbox 730 3209 3778 3293">
     <span class='ocr_line' id='line_1_32' title="bbox 730 3209 3778 3293; baseline -0.001 -17"><span class='ocrx_word' id='word_1_453' title='bbox 730 3221 766 3276; x_wconf 84' lang='lat'><strong>5</strong></span> <span class='ocrx_word' id='word_1_454' title='bbox 799 3237 923 3277; x_wconf 88' lang='lat' dir='ltr'><strong>cum</strong></span> <span class='ocrx_word' id='word_1_455' title='bbox 957 3220 1212 3293; x_wconf 87' lang='lat' dir='ltr'><strong>periclysi</strong></span> <span class='ocrx_word' id='word_1_456' title='bbox 1259 3221 1328 3276; x_wconf 90' lang='lat' dir='ltr'><strong>de</strong></span> <span class='ocrx_word' id='word_1_457' title='bbox 1355 3219 1628 3285; x_wconf 88' lang='lat' dir='ltr'><strong>blatthin;</strong></span> <span class='ocrx_word' id='word_1_458' title='bbox 1681 3226 1736 3274; x_wconf 93' lang='lat' dir='ltr'><strong>et</strong></span> <span class='ocrx_word' id='word_1_459' title='bbox 1778 3219 1832 3274; x_wconf 91' lang='lat' dir='ltr'><strong>in</strong></span> <span class='ocrx_word' id='word_1_460' title='bbox 1867 3219 2102 3274; x_wconf 89' lang='lat' dir='ltr'><strong>ecclesia</strong></span> <span class='ocrx_word' id='word_1_461' title='bbox 2146 3219 2291 3274; x_wconf 90' lang='lat' dir='ltr'><strong>beati</strong></span> <span class='ocrx_word' id='word_1_462' title='bbox 2316 3221 2644 3290; x_wconf 85' lang='lat' dir='ltr'><strong>Apollinaris</strong></span> <span class='ocrx_word' id='word_1_463' title='bbox 2667 3221 2794 3277; x_wconf 89' lang='lat' dir='ltr'><strong>fecit</strong></span> <span class='ocrx_word' id='word_1_464' title='bbox 2823 3232 3036 3278; x_wconf 87' lang='lat' dir='ltr'><strong>vestem</strong></span> <span class='ocrx_word' id='word_1_465' title='bbox 3069 3224 3137 3278; x_wconf 83' lang='lat' dir='ltr'><strong>de</strong></span> <span class='ocrx_word' id='word_1_466' title='bbox 3178 3222 3401 3278; x_wconf 89' lang='lat' dir='ltr'><strong>stauraci</strong></span> <span class='ocrx_word' id='word_1_467' title='bbox 3433 3236 3531 3275; x_wconf 88' lang='lat' dir='ltr'><strong>cum</strong></span> <span class='ocrx_word' id='word_1_468' title='bbox 3556 3211 3718 3288; x_wconf 75' lang='lat' dir='ltr'><strong>periclysi</strong></span> <span class='ocrx_word' id='word_1_469' title='bbox 3740 3209 3778 3260; x_wconf 66' lang='grc' dir='ltr'><strong>δε</strong></span> 
     </span>
    </p>
   </div>
   <div class='ocr_carea' id='block_1_33' title="bbox 805 3301 3777 3391">
    <p class='ocr_par' dir='ltr' id='par_1_33' title="bbox 805 3301 3777 3391">
     <span class='ocr_line' id='line_1_33' title="bbox 805 3301 3777 3391; baseline -0.004 -22"><span class='ocrx_word' id='word_1_470' title='bbox 805 3312 1063 3369; x_wconf 84' lang='lat' dir='ltr'><strong>blatthin.</strong></span> <span class='ocrx_word' id='word_1_471' title='bbox 1107 3313 1302 3368; x_wconf 81' lang='lat' dir='ltr'><strong>lsdem‘</strong></span> <span class='ocrx_word' id='word_1_472' title='bbox 1329 3310 1880 3368; x_wconf 89' lang='lat' dir='ltr'><strong>misericordissimus</strong></span> <span class='ocrx_word' id='word_1_473' title='bbox 1906 3310 2104 3382; x_wconf 63' lang='lat' dir='ltr'><strong>praasul</strong></span> <span class='ocrx_word' id='word_1_474' title='bbox 2132 3309 2265 3367; x_wconf 87' lang='lat' dir='ltr'><strong>fecit</strong></span> <span class='ocrx_word' id='word_1_475' title='bbox 2307 3322 2363 3367; x_wconf 92' lang='lat' dir='ltr'><strong>et</strong></span> <span class='ocrx_word' id='word_1_476' title='bbox 2401 3313 2456 3367; x_wconf 92' lang='lat' dir='ltr'><strong>in</strong></span> <span class='ocrx_word' id='word_1_477' title='bbox 2498 3314 2653 3370; x_wconf 91' lang='lat' dir='ltr'><strong>titulo</strong></span> <span class='ocrx_word' id='word_1_478' title='bbox 2693 3323 3008 3370; x_wconf 88' lang='lat' dir='ltr'><strong>sanctorum</strong></span> <span class='ocrx_word' id='word_1_479' title='bbox 3050 3314 3267 3370; x_wconf 78' lang='lat' dir='ltr'><strong>Martini</strong></span> <span class='ocrx_word' id='word_1_480' title='bbox 3300 3324 3352 3371; x_wconf 91' lang='lat' dir='ltr'><strong>et</strong></span> <span class='ocrx_word' id='word_1_481' title='bbox 3395 3301 3777 3391; x_wconf 66' lang='lat' dir='ltr'><strong>Silvestrirestesde</strong></span> 
     </span>
    </p>
   </div>
   <div class='ocr_carea' id='block_1_34' title="bbox 805 3398 3771 3476">
    <p class='ocr_par' dir='ltr' id='par_1_34' title="bbox 805 3398 3771 3476">
     <span class='ocr_line' id='line_1_34' title="bbox 805 3398 3771 3476; baseline -0.006 -13"><span class='ocrx_word' id='word_1_482' title='bbox 805 3407 1082 3464; x_wconf 90' lang='lat' dir='ltr'><strong>stauraciu</strong></span> <span class='ocrx_word' id='word_1_483' title='bbox 1129 3406 1283 3475; x_wconf 88' lang='lat' dir='ltr'><strong>duas,</strong></span> <span class='ocrx_word' id='word_1_484' title='bbox 1313 3422 1345 3462; x_wconf 89' lang='lat' dir='ltr'><strong>e</strong></span> <span class='ocrx_word' id='word_1_485' title='bbox 1369 3406 1566 3475; x_wconf 88' lang='lat' dir='ltr'><strong>quibus</strong></span> <span class='ocrx_word' id='word_1_486' title='bbox 1591 3419 1755 3460; x_wconf 91' lang='lat' dir='ltr'><strong>unam</strong></span> <span class='ocrx_word' id='word_1_487' title='bbox 1781 3421 1903 3460; x_wconf 92' lang='lat' dir='ltr'><strong>cum</strong></span> <span class='ocrx_word' id='word_1_488' title='bbox 1935 3403 2189 3476; x_wconf 89' lang='lat' dir='ltr'><strong>periclysi</strong></span> <span class='ocrx_word' id='word_1_489' title='bbox 2223 3405 2290 3460; x_wconf 90' lang='lat' dir='ltr'><strong>de</strong></span> <span class='ocrx_word' id='word_1_490' title='bbox 2320 3404 2566 3471; x_wconf 88' lang='lat' dir='ltr'><strong>fundato,</strong></span> <span class='ocrx_word' id='word_1_491' title='bbox 2596 3405 2733 3461; x_wconf 91' lang='lat' dir='ltr'><strong>alias</strong></span> <span class='ocrx_word' id='word_1_492' title='bbox 2756 3421 2883 3461; x_wconf 91' lang='lat' dir='ltr'><strong>vero</strong></span> <span class='ocrx_word' id='word_1_493' title='bbox 2912 3407 2985 3462; x_wconf 89' lang='lat' dir='ltr'><strong>de</strong></span> <span class='ocrx_word' id='word_1_494' title='bbox 3012 3407 3247 3462; x_wconf 85' lang='lat' dir='ltr'><strong>blatthin</strong></span> <span class='ocrx_word' id='word_1_495' title='bbox 3279 3423 3294 3474; x_wconf 92' lang='lat'><strong>;</strong></span> <span class='ocrx_word' id='word_1_496' title='bbox 3322 3416 3372 3462; x_wconf 78' lang='lat' dir='ltr'><strong>et</strong></span> <span class='ocrx_word' id='word_1_497' title='bbox 3409 3406 3456 3460; x_wconf 80' lang='lat' dir='ltr'><strong>in</strong></span> <span class='ocrx_word' id='word_1_498' title='bbox 3479 3398 3638 3458; x_wconf 75' lang='lat' dir='ltr'><strong>diaconia</strong></span> <span class='ocrx_word' id='word_1_499' title='bbox 3664 3398 3771 3445; x_wconf 70' lang='lat' dir='ltr'><strong>sinetl</strong></span> 
     </span>
    </p>
   </div>
   <div class='ocr_carea' id='block_1_35' title="bbox 807 3479 3772 3570">
    <p class='ocr_par' dir='ltr' id='par_1_35' title="bbox 807 3479 3772 3570">
     <span class='ocr_line' id='line_1_35' title="bbox 807 3479 3772 3570; baseline -0.001 -14"><span class='ocrx_word' id='word_1_500' title='bbox 807 3501 922 3556; x_wconf 87' lang='lat' dir='ltr'><strong>Viti</strong></span> <span class='ocrx_word' id='word_1_501' title='bbox 957 3500 1087 3556; x_wconf 92' lang='lat' dir='ltr'><strong>fecit</strong></span> <span class='ocrx_word' id='word_1_502' title='bbox 1115 3508 1321 3556; x_wconf 90' lang='lat' dir='ltr'><strong>vestem</strong></span> <span class='ocrx_word' id='word_1_503' title='bbox 1361 3497 1428 3552; x_wconf 92' lang='lat' dir='ltr'><strong>de</strong></span> <span class='ocrx_word' id='word_1_504' title='bbox 1451 3499 1727 3554; x_wconf 89' lang='lat' dir='ltr'><strong>stauraciu</strong></span> <span class='ocrx_word' id='word_1_505' title='bbox 1770 3498 2180 3570; x_wconf 74' lang='lat' dir='ltr'><strong>cnm&#39;periclysi</strong></span> <span class='ocrx_word' id='word_1_506' title='bbox 2207 3499 2275 3554; x_wconf 91' lang='lat' dir='ltr'><strong>de</strong></span> <span class='ocrx_word' id='word_1_507' title='bbox 2317 3497 2567 3555; x_wconf 88' lang='lat' dir='ltr'><strong>fundato.</strong></span> <span class='ocrx_word' id='word_1_508' title='bbox 2606 3499 2900 3557; x_wconf 87' lang='lat' dir='ltr'><strong>Enimvero</strong></span> <span class='ocrx_word' id='word_1_509' title='bbox 2935 3512 2994 3556; x_wconf 92' lang='lat' dir='ltr'><strong>et</strong></span> <span class='ocrx_word' id='word_1_510' title='bbox 3027 3501 3084 3556; x_wconf 90' lang='lat' dir='ltr'><strong>in</strong></span> <span class='ocrx_word' id='word_1_511' title='bbox 3123 3501 3345 3558; x_wconf 89' lang='lat' dir='ltr'><strong>ecclesia</strong></span> <span class='ocrx_word' id='word_1_512' title='bbox 3383 3499 3524 3554; x_wconf 73' lang='lat' dir='ltr'><strong>beate</strong></span> <span class='ocrx_word' id='word_1_513' title='bbox 3548 3479 3772 3560; x_wconf 38' lang='lat' dir='ltr'><strong>Etim-mil“</strong></span> 
     </span>
    </p>
   </div>
   <div class='ocr_carea' id='block_1_36' title="bbox 807 3574 3776 3674">
    <p class='ocr_par' dir='ltr' id='par_1_36' title="bbox 807 3574 3776 3674">
     <span class='ocr_line' id='line_1_36' title="bbox 807 3574 3776 3674; baseline -0.004 -24"><span class='ocrx_word' id='word_1_514' title='bbox 807 3608 916 3666; x_wconf 85' lang='lat' dir='ltr'><strong>qua</strong></span> <span class='ocrx_word' id='word_1_515' title='bbox 951 3601 1197 3649; x_wconf 89' lang='lat' dir='ltr'><strong>sanctum</strong></span> <span class='ocrx_word' id='word_1_516' title='bbox 1230 3606 1428 3662; x_wconf 89' lang='lat' dir='ltr'><strong>corpus</strong></span> <span class='ocrx_word' id='word_1_517' title='bbox 1459 3588 1576 3660; x_wconf 86' lang='lat' dir='ltr'><strong>ejus</strong></span> <span class='ocrx_word' id='word_1_518' title='bbox 1616 3590 1930 3660; x_wconf 87' lang='lat' dir='ltr'><strong>requiescit,</strong></span> <span class='ocrx_word' id='word_1_519' title='bbox 1961 3589 2093 3646; x_wconf 83' lang='lat' dir='ltr'><strong>fecit</strong></span> <span class='ocrx_word' id='word_1_520' title='bbox 2129 3601 2335 3648; x_wconf 87' lang='lat' dir='ltr'><strong>vestem</strong></span> <span class='ocrx_word' id='word_1_521' title='bbox 2366 3593 2434 3648; x_wconf 90' lang='lat' dir='ltr'><strong>de</strong></span> <span class='ocrx_word' id='word_1_522' title='bbox 2471 3594 2723 3662; x_wconf 57' lang='lat' dir='ltr'><strong>stauraci;</strong></span> <span class='ocrx_word' id='word_1_523' title='bbox 2758 3609 2881 3649; x_wconf 91' lang='lat' dir='ltr'><strong>cum</strong></span> <span class='ocrx_word' id='word_1_524' title='bbox 2924 3596 3184 3667; x_wconf 84' lang='lat' dir='ltr'><strong>periclysi</strong></span> <span class='ocrx_word' id='word_1_525' title='bbox 3229 3596 3295 3652; x_wconf 90' lang='lat' dir='ltr'><strong>de</strong></span> <span class='ocrx_word' id='word_1_526' title='bbox 3337 3593 3547 3651; x_wconf 86' lang='lat' dir='ltr'><strong>blatthin.</strong></span> <span class='ocrx_word' id='word_1_527' title='bbox 3574 3583 3722 3674; x_wconf 69' lang='lat' dir='ltr'><strong>Fecitel</strong></span> <span class='ocrx_word' id='word_1_528' title='bbox 3743 3574 3776 3674; x_wconf 66' lang='lat' dir='ltr'><strong>ill</strong></span> 
     </span>
    </p>
   </div>
   <div class='ocr_carea' id='block_1_37' title="bbox 699 3670 3776 3759">
    <p class='ocr_par' dir='ltr' id='par_1_37' title="bbox 699 3670 3776 3759">
     <span class='ocr_line' id='line_1_37' title="bbox 699 3670 3776 3759; baseline -0.002 -13"><span class='ocrx_word' id='word_1_529' title='bbox 699 3691 770 3747; x_wconf 72' lang='grc'><strong>10</strong></span> <span class='ocrx_word' id='word_1_530' title='bbox 807 3689 1038 3746; x_wconf 84' lang='lat' dir='ltr'><strong>ecclesia</strong></span> <span class='ocrx_word' id='word_1_531' title='bbox 1087 3685 1596 3757; x_wconf 65' lang='lat' dir='ltr'><strong>sancti-&#39;{Steplianig</strong></span> <span class='ocrx_word' id='word_1_532' title='bbox 1619 3686 1674 3741; x_wconf 90' lang='lat' dir='ltr'><strong>in</strong></span> <span class='ocrx_word' id='word_1_533' title='bbox 1703 3685 1874 3742; x_wconf 77' lang='lat' dir='ltr'><strong>leio</strong></span> <span class='ocrx_word' id='word_1_534' title='bbox 1902 3695 2088 3742; x_wconf 90' lang='lat' dir='ltr'><strong>monte</strong></span> <span class='ocrx_word' id='word_1_535' title='bbox 2114 3694 2296 3742; x_wconf 89' lang='lat' dir='ltr'><strong>vestes</strong></span> <span class='ocrx_word' id='word_1_536' title='bbox 2336 3685 2402 3742; x_wconf 91' lang='lat' dir='ltr'><strong>de</strong></span> <span class='ocrx_word' id='word_1_537' title='bbox 2445 3687 2685 3742; x_wconf 89' lang='lat' dir='ltr'><strong>stauraci</strong></span> <span class='ocrx_word' id='word_1_538' title='bbox 2726 3688 2886 3754; x_wconf 91' lang='lat' dir='ltr'><strong>duas,</strong></span> <span class='ocrx_word' id='word_1_539' title='bbox 2923 3688 2983 3742; x_wconf 88' lang='lat' dir='ltr'><strong>in</strong></span> <span class='ocrx_word' id='word_1_540' title='bbox 3008 3689 3206 3759; x_wconf 88' lang='lat' dir='ltr'><strong>quibus</strong></span> <span class='ocrx_word' id='word_1_541' title='bbox 3246 3703 3398 3743; x_wconf 90' lang='lat' dir='ltr'><strong>unam</strong></span> <span class='ocrx_word' id='word_1_542' title='bbox 3435 3686 3482 3740; x_wconf 88' lang='lat' dir='ltr'><strong>in</strong></span> <span class='ocrx_word' id='word_1_543' title='bbox 3514 3677 3626 3737; x_wconf 79' lang='lat' dir='ltr'><strong>altari</strong></span> <span class='ocrx_word' id='word_1_544' title='bbox 3649 3670 3776 3739; x_wconf 68' lang='lat' dir='ltr'><strong>11:3in</strong></span> 
     </span>
    </p>
   </div>
   <div class='ocr_carea' id='block_1_38' title="bbox 802 3766 3778 3857">
    <p class='ocr_par' dir='ltr' id='par_1_38' title="bbox 802 3766 3778 3857">
     <span class='ocr_line' id='line_1_38' title="bbox 802 3766 3778 3857; baseline -0.005 -20"><span class='ocrx_word' id='word_1_545' title='bbox 802 3782 968 3838; x_wconf 90' lang='lat' dir='ltr'><strong>aliam</strong></span> <span class='ocrx_word' id='word_1_546' title='bbox 1014 3794 1146 3836; x_wconf 86' lang='lat' dir='ltr'><strong>vero</strong></span> <span class='ocrx_word' id='word_1_547' title='bbox 1185 3794 1350 3849; x_wconf 89' lang='lat' dir='ltr'><strong>super</strong></span> <span class='ocrx_word' id='word_1_548' title='bbox 1389 3793 1620 3849; x_wconf 88' lang='lat' dir='ltr'><strong>corpora</strong></span> <span class='ocrx_word' id='word_1_549' title='bbox 1663 3788 1979 3835; x_wconf 88' lang='lat' dir='ltr'><strong>sanctorum</strong></span> <span class='ocrx_word' id='word_1_550' title='bbox 2029 3787 2332 3851; x_wconf 85' lang='lat' dir='ltr'><strong>martyrum</strong></span> <span class='ocrx_word' id='word_1_551' title='bbox 2373 3778 2540 3834; x_wconf 85' lang='lat' dir='ltr'><strong>Primi</strong></span> <span class='ocrx_word' id='word_1_552' title='bbox 2582 3788 2638 3834; x_wconf 92' lang='lat' dir='ltr'><strong>et</strong></span> <span class='ocrx_word' id='word_1_553' title='bbox 2678 3779 2960 3837; x_wconf 87' lang='lat' dir='ltr'><strong>Feliciani.</strong></span> <span class='ocrx_word' id='word_1_554' title='bbox 3011 3781 3291 3852; x_wconf 86' lang='lat' dir='ltr'><strong>Simulque</strong></span> <span class='ocrx_word' id='word_1_555' title='bbox 3328 3792 3377 3836; x_wconf 86' lang='lat' dir='ltr'><strong>et</strong></span> <span class='ocrx_word' id='word_1_556' title='bbox 3414 3779 3460 3834; x_wconf 89' lang='lat' dir='ltr'><strong>in</strong></span> <span class='ocrx_word' id='word_1_557' title='bbox 3490 3772 3652 3830; x_wconf 82' lang='lat' dir='ltr'><strong>basilica</strong></span> 
     </span>
    </p>
   </div>
   <div class='ocr_carea' id='block_1_39' title="bbox 797 3853 3778 3947">
    <p class='ocr_par' dir='ltr' id='par_1_39' title="bbox 797 3853 3778 3947">
     <span class='ocr_line' id='line_1_39' title="bbox 797 3853 3778 3947; baseline -0.008 -14"><span class='ocrx_word' id='word_1_558' title='bbox 797 3874 1113 3946; x_wconf 73' lang='lat' dir='ltr'><strong>Euphemize</strong></span> <span class='ocrx_word' id='word_1_559' title='bbox 1140 3871 1272 3928; x_wconf 89' lang='lat' dir='ltr'><strong>fecit</strong></span> <span class='ocrx_word' id='word_1_560' title='bbox 1298 3880 1503 3929; x_wconf 87' lang='lat' dir='ltr'><strong>vestem</strong></span> <span class='ocrx_word' id='word_1_561' title='bbox 1549 3872 1616 3928; x_wconf 89' lang='lat' dir='ltr'><strong>de</strong></span> <span class='ocrx_word' id='word_1_562' title='bbox 1644 3872 1885 3928; x_wconf 87' lang='lat' dir='ltr'><strong>stauraci</strong></span> <span class='ocrx_word' id='word_1_563' title='bbox 1907 3887 1920 3900; x_wconf 86' lang='grc'><strong>·</strong></span> <span class='ocrx_word' id='word_1_564' title='bbox 1955 3879 2013 3927; x_wconf 90' lang='lat' dir='ltr'><strong>et</strong></span> <span class='ocrx_word' id='word_1_565' title='bbox 2039 3872 2095 3927; x_wconf 89' lang='lat' dir='ltr'><strong>in</strong></span> <span class='ocrx_word' id='word_1_566' title='bbox 2122 3870 2349 3928; x_wconf 88' lang='lat' dir='ltr'><strong>basilica</strong></span> <span class='ocrx_word' id='word_1_567' title='bbox 2377 3873 2526 3929; x_wconf 87' lang='lat' dir='ltr'><strong>beati</strong></span> <span class='ocrx_word' id='word_1_568' title='bbox 2553 3871 2899 3942; x_wconf 69' lang='lat' dir='ltr'><strong>Archaugeli,</strong></span> <span class='ocrx_word' id='word_1_569' title='bbox 2931 3889 3057 3943; x_wconf 81' lang='lat' dir='ltr'><strong>quae</strong></span> <span class='ocrx_word' id='word_1_570' title='bbox 3083 3875 3298 3947; x_wconf 87' lang='lat' dir='ltr'><strong>ponitur</strong></span> <span class='ocrx_word' id='word_1_571' title='bbox 3322 3873 3373 3928; x_wconf 85' lang='lat' dir='ltr'><strong>in</strong></span> <span class='ocrx_word' id='word_1_572' title='bbox 3396 3871 3496 3927; x_wconf 86' lang='lat' dir='ltr'><strong>vico</strong></span> <span class='ocrx_word' id='word_1_573' title='bbox 3515 3853 3778 3922; x_wconf 78' lang='lat' dir='ltr'><strong>Patricii,lccil</strong></span> 
     </span>
    </p>
   </div>
   <div class='ocr_carea' id='block_1_40' title="bbox 799 3963 1407 4022">
    <p class='ocr_par' dir='ltr' id='par_1_40' title="bbox 799 3963 1407 4022">
     <span class='ocr_line' id='line_1_40' title="bbox 799 3963 1407 4022; baseline -0.007 -2"><span class='ocrx_word' id='word_1_574' title='bbox 799 3975 1010 4022; x_wconf 88' lang='lat' dir='ltr'><strong>vestem</strong></span> <span class='ocrx_word' id='word_1_575' title='bbox 1047 3965 1114 4019; x_wconf 91' lang='lat' dir='ltr'><strong>de</strong></span> <span class='ocrx_word' id='word_1_576' title='bbox 1151 3963 1407 4018; x_wconf 89' lang='lat' dir='ltr'><strong>stauraci.</strong></span> 
     </span>
    </p>
   </div>
   <div class='ocr_carea' id='block_1_41' title="bbox 649 4045 3779 4133">
    <p class='ocr_par' dir='ltr' id='par_1_41' title="bbox 649 4045 3779 4133">
     <span class='ocr_line' id='line_1_41' title="bbox 649 4045 3779 4133; baseline 0.001 -21"><span class='ocrx_word' id='word_1_577' title='bbox 649 4048 674 4081; x_wconf 74' lang='grc'><strong>’⁵</strong></span> <span class='ocrx_word' id='word_1_578' title='bbox 867 4057 1036 4131; x_wconf 80' lang='grc'>389</span> <span class='ocrx_word' id='word_1_579' title='bbox 1074 4055 1229 4113; x_wconf 89' lang='lat' dir='ltr'><strong>Fecit</strong></span> <span class='ocrx_word' id='word_1_580' title='bbox 1263 4067 1316 4112; x_wconf 90' lang='lat' dir='ltr'><strong>et</strong></span> <span class='ocrx_word' id='word_1_581' title='bbox 1346 4072 1510 4127; x_wconf 87' lang='lat' dir='ltr'><strong>super</strong></span> <span class='ocrx_word' id='word_1_582' title='bbox 1541 4056 1852 4129; x_wconf 89' lang='lat' dir='ltr'><strong>sepulcrum</strong></span> <span class='ocrx_word' id='word_1_583' title='bbox 1896 4056 2043 4114; x_wconf 84' lang='lat' dir='ltr'><strong>neati</strong></span> <span class='ocrx_word' id='word_1_584' title='bbox 2066 4057 2392 4128; x_wconf 51' lang='lat' dir='ltr'><strong>.Sebastiani</strong></span> <span class='ocrx_word' id='word_1_585' title='bbox 2422 4059 2680 4130; x_wconf 90' lang='lat' dir='ltr'><strong>martyris</strong></span> <span class='ocrx_word' id='word_1_586' title='bbox 2701 4059 2790 4115; x_wconf 91' lang='lat' dir='ltr'><strong>via</strong></span> <span class='ocrx_word' id='word_1_587' title='bbox 2820 4060 2999 4133; x_wconf 89' lang='lat' dir='ltr'><strong>Appia</strong></span> <span class='ocrx_word' id='word_1_588' title='bbox 3028 4063 3097 4118; x_wconf 89' lang='lat' dir='ltr'><strong>ad</strong></span> <span class='ocrx_word' id='word_1_589' title='bbox 3134 4060 3464 4119; x_wconf 87' lang='lat' dir='ltr'><strong>Catacumbas</strong></span> <span class='ocrx_word' id='word_1_590' title='bbox 3481 4063 3618 4113; x_wconf 85' lang='lat' dir='ltr'><strong>vestes</strong></span> <span class='ocrx_word' id='word_1_591' title='bbox 3641 4045 3779 4116; x_wconf 57' lang='lat' dir='ltr'><strong>malm</strong></span> 
     </span>
    </p>
   </div>
   <div class='ocr_carea' id='block_1_42' title="bbox 800 4137 3776 4228">
    <p class='ocr_par' dir='ltr' id='par_1_42' title="bbox 800 4137 3776 4228">
     <span class='ocr_line' id='line_1_42' title="bbox 800 4137 3776 4228; baseline -0.004 -21"><span class='ocrx_word' id='word_1_592' title='bbox 800 4153 962 4217; x_wconf 88' lang='lat' dir='ltr'><strong>duas,</strong></span> <span class='ocrx_word' id='word_1_593' title='bbox 997 4165 1062 4206; x_wconf 86' lang='lat' dir='ltr'><strong>ex</strong></span> <span class='ocrx_word' id='word_1_594' title='bbox 1099 4151 1296 4219; x_wconf 92' lang='lat' dir='ltr'><strong>quibus</strong></span> <span class='ocrx_word' id='word_1_595' title='bbox 1323 4166 1487 4204; x_wconf 90' lang='lat' dir='ltr'><strong>unam</strong></span> <span class='ocrx_word' id='word_1_596' title='bbox 1515 4151 1582 4206; x_wconf 89' lang='lat' dir='ltr'><strong>de</strong></span> <span class='ocrx_word' id='word_1_597' title='bbox 1607 4151 1845 4208; x_wconf 88' lang='lat' dir='ltr'><strong>stauraci</strong></span> <span class='ocrx_word' id='word_1_598' title='bbox 1875 4159 1932 4206; x_wconf 90' lang='lat' dir='ltr'><strong>et</strong></span> <span class='ocrx_word' id='word_1_599' title='bbox 1959 4151 2118 4206; x_wconf 91' lang='lat' dir='ltr'><strong>aliam</strong></span> <span class='ocrx_word' id='word_1_600' title='bbox 2161 4153 2227 4208; x_wconf 91' lang='lat' dir='ltr'><strong>de</strong></span> <span class='ocrx_word' id='word_1_601' title='bbox 2271 4150 2514 4208; x_wconf 85' lang='lat' dir='ltr'><strong>fundato.</strong></span> <span class='ocrx_word' id='word_1_602' title='bbox 2558 4154 2622 4208; x_wconf 79' lang='lat' dir='ltr'><strong>Et</strong></span> <span class='ocrx_word' id='word_1_603' title='bbox 2656 4154 2790 4210; x_wconf 90' lang='lat' dir='ltr'><strong>inibi</strong></span> <span class='ocrx_word' id='word_1_604' title='bbox 2831 4171 2996 4226; x_wconf 88' lang='lat' dir='ltr'><strong>super</strong></span> <span class='ocrx_word' id='word_1_605' title='bbox 3047 4157 3260 4212; x_wconf 89' lang='lat' dir='ltr'><strong>tumbas</strong></span> <span class='ocrx_word' id='word_1_606' title='bbox 3296 4151 3599 4226; x_wconf 85' lang='lat' dir='ltr'><strong>apostolorum</strong></span> <span class='ocrx_word' id='word_1_607' title='bbox 3631 4137 3776 4228; x_wconf 60' lang='lat' dir='ltr'><strong>Peltiifc</strong></span> 
     </span>
    </p>
   </div>
   <div class='ocr_carea' id='block_1_43' title="bbox 797 4227 3775 4324">
    <p class='ocr_par' dir='ltr' id='par_1_43' title="bbox 797 4227 3775 4324">
     <span class='ocr_line' id='line_1_43' title="bbox 797 4227 3775 4324; baseline -0.005 -27"><span class='ocrx_word' id='word_1_608' title='bbox 797 4243 952 4297; x_wconf 86' lang='lat' dir='ltr'><strong>Pauli</strong></span> <span class='ocrx_word' id='word_1_609' title='bbox 993 4241 1122 4297; x_wconf 88' lang='lat' dir='ltr'><strong>fecit</strong></span> <span class='ocrx_word' id='word_1_610' title='bbox 1162 4251 1342 4297; x_wconf 88' lang='lat' dir='ltr'><strong>vestes</strong></span> <span class='ocrx_word' id='word_1_611' title='bbox 1381 4243 1516 4298; x_wconf 87' lang='lat' dir='ltr'><strong>duas</strong></span> <span class='ocrx_word' id='word_1_612' title='bbox 1552 4243 1620 4298; x_wconf 89' lang='lat' dir='ltr'><strong>de</strong></span> <span class='ocrx_word' id='word_1_613' title='bbox 1656 4245 1894 4299; x_wconf 89' lang='lat' dir='ltr'><strong>stauraci</strong></span> <span class='ocrx_word' id='word_1_614' title='bbox 1938 4255 1995 4299; x_wconf 86' lang='lat' dir='ltr'><strong>et</strong></span> <span class='ocrx_word' id='word_1_615' title='bbox 2036 4245 2276 4310; x_wconf 88' lang='lat' dir='ltr'><strong>fundato,</strong></span> <span class='ocrx_word' id='word_1_616' title='bbox 2318 4261 2412 4302; x_wconf 91' lang='lat' dir='ltr'><strong>seu</strong></span> <span class='ocrx_word' id='word_1_617' title='bbox 2453 4246 2668 4302; x_wconf 90' lang='lat' dir='ltr'><strong>blatthi.</strong></span> <span class='ocrx_word' id='word_1_618' title='bbox 2717 4246 2890 4304; x_wconf 87' lang='lat' dir='ltr'><strong>Isdem</strong></span> <span class='ocrx_word' id='word_1_619' title='bbox 2927 4263 3060 4305; x_wconf 88' lang='lat' dir='ltr'><strong>vero</strong></span> <span class='ocrx_word' id='word_1_620' title='bbox 3109 4247 3460 4303; x_wconf 87' lang='lat' dir='ltr'><strong>sanctissimus</strong></span> <span class='ocrx_word' id='word_1_621' title='bbox 3482 4233 3629 4311; x_wconf 64' lang='lat' dir='ltr'><strong>praesul</strong></span> <span class='ocrx_word' id='word_1_622' title='bbox 3655 4227 3775 4324; x_wconf 61' lang='lat' dir='ltr'><strong>ferilli!</strong></span> 
     </span>
    </p>
   </div>
   <div class='ocr_carea' id='block_1_44' title="bbox 795 4329 3774 4411">
    <p class='ocr_par' dir='ltr' id='par_1_44' title="bbox 795 4329 3774 4411">
     <span class='ocr_line' id='line_1_44' title="bbox 795 4329 3774 4411; baseline -0.004 -22"><span class='ocrx_word' id='word_1_623' title='bbox 795 4334 1022 4390; x_wconf 88' lang='lat' dir='ltr'><strong>basilica</strong></span> <span class='ocrx_word' id='word_1_624' title='bbox 1061 4333 1206 4388; x_wconf 83' lang='lat' dir='ltr'><strong>beati</strong></span> <span class='ocrx_word' id='word_1_625' title='bbox 1247 4333 1525 4389; x_wconf 88' lang='lat' dir='ltr'><strong>Laurentii</strong></span> <span class='ocrx_word' id='word_1_626' title='bbox 1562 4338 1844 4408; x_wconf 88' lang='lat' dir='ltr'><strong>martyris,</strong></span> <span class='ocrx_word' id='word_1_627' title='bbox 1887 4341 1993 4394; x_wconf 85' lang='lat' dir='ltr'><strong>sita</strong></span> <span class='ocrx_word' id='word_1_628' title='bbox 2030 4339 2171 4394; x_wconf 90' lang='lat' dir='ltr'><strong>infra</strong></span> <span class='ocrx_word' id='word_1_629' title='bbox 2219 4341 2491 4398; x_wconf 90' lang='lat' dir='ltr'><strong>civitatem</strong></span> <span class='ocrx_word' id='word_1_630' title='bbox 2537 4341 2902 4411; x_wconf 87' lang='lat' dir='ltr'><strong>Tiburtinam,</strong></span> <span class='ocrx_word' id='word_1_631' title='bbox 2946 4352 3152 4401; x_wconf 89' lang='lat' dir='ltr'><strong>vestem</strong></span> <span class='ocrx_word' id='word_1_632' title='bbox 3198 4346 3262 4400; x_wconf 89' lang='lat' dir='ltr'><strong>de</strong></span> <span class='ocrx_word' id='word_1_633' title='bbox 3305 4329 3774 4402; x_wconf 49' lang='lat' dir='ltr'><strong>stauraci.,FecitetItt</strong></span> 
     </span>
    </p>
   </div>
   <div class='ocr_carea' id='block_1_45' title="bbox 723 4412 3774 4508">
    <p class='ocr_par' dir='ltr' id='par_1_45' title="bbox 723 4412 3774 4508">
     <span class='ocr_line' id='line_1_45' title="bbox 723 4412 3774 4508; baseline -0.006 -23"><span class='ocrx_word' id='word_1_634' title='bbox 723 4429 759 4485; x_wconf 83' lang='lat'><strong>5</strong></span> <span class='ocrx_word' id='word_1_635' title='bbox 795 4427 1038 4484; x_wconf 90' lang='lat' dir='ltr'><strong>oratorio</strong></span> <span class='ocrx_word' id='word_1_636' title='bbox 1075 4426 1248 4482; x_wconf 87' lang='lat' dir='ltr'><strong>sancti</strong></span> <span class='ocrx_word' id='word_1_637' title='bbox 1292 4425 1554 4496; x_wconf 87' lang='lat' dir='ltr'><strong>Stephani</strong></span> <span class='ocrx_word' id='word_1_638' title='bbox 1591 4427 1646 4481; x_wconf 94' lang='lat' dir='ltr'><strong>in</strong></span> <span class='ocrx_word' id='word_1_639' title='bbox 1683 4437 1872 4483; x_wconf 90' lang='lat' dir='ltr'><strong>sancto</strong></span> <span class='ocrx_word' id='word_1_640' title='bbox 1896 4428 2078 4495; x_wconf 90' lang='lat' dir='ltr'><strong>Petro,</strong></span> <span class='ocrx_word' id='word_1_641' title='bbox 2124 4432 2217 4500; x_wconf 91' lang='lat' dir='ltr'><strong>qui</strong></span> <span class='ocrx_word' id='word_1_642' title='bbox 2255 4434 2556 4504; x_wconf 90' lang='lat' dir='ltr'><strong>appellatur</strong></span> <span class='ocrx_word' id='word_1_643' title='bbox 2579 4437 2766 4508; x_wconf 85' lang='lat' dir='ltr'><strong>Major,</strong></span> <span class='ocrx_word' id='word_1_644' title='bbox 2797 4448 3005 4496; x_wconf 90' lang='lat' dir='ltr'><strong>vestem</strong></span> <span class='ocrx_word' id='word_1_645' title='bbox 3035 4443 3103 4498; x_wconf 91' lang='lat' dir='ltr'><strong>de</strong></span> <span class='ocrx_word' id='word_1_646' title='bbox 3134 4439 3379 4498; x_wconf 88' lang='lat' dir='ltr'><strong>stauraci.</strong></span> <span class='ocrx_word' id='word_1_647' title='bbox 3405 4434 3530 4492; x_wconf 86' lang='lat' dir='ltr'><strong>Fecit</strong></span> <span class='ocrx_word' id='word_1_648' title='bbox 3559 4435 3682 4482; x_wconf 80' lang='lat' dir='ltr'><strong>autem</strong></span> <span class='ocrx_word' id='word_1_649' title='bbox 3701 4412 3774 4469; x_wconf 80' lang='lat' dir='ltr'><strong>etin</strong></span> 
     </span>
    </p>
   </div>
   <div class='ocr_carea' id='block_1_46' title="bbox 794 4513 3772 4602">
    <p class='ocr_par' dir='ltr' id='par_1_46' title="bbox 794 4513 3772 4602">
     <span class='ocr_line' id='line_1_46' title="bbox 794 4513 3772 4602; baseline -0.004 -27"><span class='ocrx_word' id='word_1_650' title='bbox 794 4518 1020 4575; x_wconf 86' lang='lat' dir='ltr'><strong>basilica</strong></span> <span class='ocrx_word' id='word_1_651' title='bbox 1043 4516 1186 4573; x_wconf 90' lang='lat' dir='ltr'><strong>beati</strong></span> <span class='ocrx_word' id='word_1_652' title='bbox 1210 4515 1516 4588; x_wconf 88' lang='lat' dir='ltr'><strong>Hyacinthi,</strong></span> <span class='ocrx_word' id='word_1_653' title='bbox 1545 4518 1649 4574; x_wconf 85' lang='lat' dir='ltr'><strong>sita</strong></span> <span class='ocrx_word' id='word_1_654' title='bbox 1674 4517 1728 4572; x_wconf 92' lang='lat' dir='ltr'><strong>in</strong></span> <span class='ocrx_word' id='word_1_655' title='bbox 1753 4517 1991 4587; x_wconf 87' lang='lat' dir='ltr'><strong>Sabinis,</strong></span> <span class='ocrx_word' id='word_1_656' title='bbox 2014 4521 2106 4577; x_wconf 93' lang='lat' dir='ltr'><strong>ubi</strong></span> <span class='ocrx_word' id='word_1_657' title='bbox 2131 4532 2188 4577; x_wconf 89' lang='lat' dir='ltr'><strong>et</strong></span> <span class='ocrx_word' id='word_1_658' title='bbox 2213 4538 2412 4595; x_wconf 90' lang='lat' dir='ltr'><strong>corpus</strong></span> <span class='ocrx_word' id='word_1_659' title='bbox 2439 4527 2556 4597; x_wconf 89' lang='lat' dir='ltr'><strong>ejus</strong></span> <span class='ocrx_word' id='word_1_660' title='bbox 2577 4530 2888 4602; x_wconf 86' lang='lat' dir='ltr'><strong>requiescit,</strong></span> <span class='ocrx_word' id='word_1_661' title='bbox 2921 4543 3127 4590; x_wconf 85' lang='lat' dir='ltr'><strong>vestem</strong></span> <span class='ocrx_word' id='word_1_662' title='bbox 3155 4535 3222 4589; x_wconf 90' lang='lat' dir='ltr'><strong>de</strong></span> <span class='ocrx_word' id='word_1_663' title='bbox 3246 4527 3462 4588; x_wconf 88' lang='lat' dir='ltr'><strong>stauraci</strong></span> <span class='ocrx_word' id='word_1_664' title='bbox 3480 4513 3772 4602; x_wconf 59' lang='lat' dir='ltr'><strong>pulcherrimaia-</strong></span> 
     </span>
    </p>
   </div>
   <div class='ocr_carea' id='block_1_47' title="bbox 793 4598 3772 4697">
    <p class='ocr_par' dir='ltr' id='par_1_47' title="bbox 793 4598 3772 4697">
     <span class='ocr_line' id='line_1_47' title="bbox 793 4598 3772 4697; baseline -0.002 -32"><span class='ocrx_word' id='word_1_665' title='bbox 793 4610 926 4666; x_wconf 88' lang='lat' dir='ltr'><strong>ltem</strong></span> <span class='ocrx_word' id='word_1_666' title='bbox 953 4625 984 4664; x_wconf 89' lang='lat' dir='ltr'><strong>a</strong></span> <span class='ocrx_word' id='word_1_667' title='bbox 1014 4609 1126 4665; x_wconf 89' lang='lat' dir='ltr'><strong>Deo</strong></span> <span class='ocrx_word' id='word_1_668' title='bbox 1148 4617 1427 4679; x_wconf 85' lang='lat' dir='ltr'><strong>protectus</strong></span> <span class='ocrx_word' id='word_1_669' title='bbox 1454 4618 1510 4664; x_wconf 91' lang='lat' dir='ltr'><strong>et</strong></span> <span class='ocrx_word' id='word_1_670' title='bbox 1535 4609 1827 4680; x_wconf 86' lang='lat' dir='ltr'><strong>praeclarus</strong></span> <span class='ocrx_word' id='word_1_671' title='bbox 1857 4612 2100 4682; x_wconf 81' lang='lat' dir='ltr'><strong>pontifex</strong></span> <span class='ocrx_word' id='word_1_672' title='bbox 2138 4614 2269 4671; x_wconf 84' lang='lat' dir='ltr'><strong>fecit</strong></span> <span class='ocrx_word' id='word_1_673' title='bbox 2297 4632 2461 4688; x_wconf 91' lang='lat' dir='ltr'><strong>super</strong></span> <span class='ocrx_word' id='word_1_674' title='bbox 2477 4598 2821 4680; x_wconf 38' lang='lat' dir='ltr'><strong>altare&#39;beati</strong></span> <span class='ocrx_word' id='word_1_675' title='bbox 2852 4624 3000 4680; x_wconf 90' lang='lat' dir='ltr'><strong>Petri</strong></span> <span class='ocrx_word' id='word_1_676' title='bbox 3031 4626 3256 4697; x_wconf 87' lang='lat' dir='ltr'><strong>apostoli</strong></span> <span class='ocrx_word' id='word_1_677' title='bbox 3287 4622 3465 4679; x_wconf 87' lang='lat' dir='ltr'><strong>fautori</strong></span> <span class='ocrx_word' id='word_1_678' title='bbox 3497 4629 3575 4672; x_wconf 86' lang='lat' dir='ltr'><strong>suo</strong></span> <span class='ocrx_word' id='word_1_679' title='bbox 3590 4614 3722 4664; x_wconf 78' lang='lat' dir='ltr'><strong>vestem</strong></span> <span class='ocrx_word' id='word_1_680' title='bbox 3739 4598 3772 4649; x_wconf 68' lang='grc' dir='ltr'><strong>δε</strong></span> 
     </span>
    </p>
   </div>
   <div class='ocr_carea' id='block_1_48' title="bbox 795 4696 3773 4791">
    <p class='ocr_par' dir='ltr' id='par_1_48' title="bbox 795 4696 3773 4791">
     <span class='ocr_line' id='line_1_48' title="bbox 795 4696 3773 4791; baseline 0.003 -31"><span class='ocrx_word' id='word_1_681' title='bbox 795 4703 1150 4773; x_wconf 89' lang='lat' dir='ltr'><strong>chrysoclavo</strong></span> <span class='ocrx_word' id='word_1_682' title='bbox 1172 4701 1324 4758; x_wconf 68' lang='lat' dir='ltr'><strong>mirae</strong></span> <span class='ocrx_word' id='word_1_683' title='bbox 1347 4703 1757 4774; x_wconf 78' lang='lat' dir='ltr'><strong>magnitudinis,</strong></span> <span class='ocrx_word' id='word_1_684' title='bbox 1786 4706 2073 4763; x_wconf 89' lang='lat' dir='ltr'><strong>habentem</strong></span> <span class='ocrx_word' id='word_1_685' title='bbox 2099 4707 2382 4765; x_wconf 89' lang='lat' dir='ltr'><strong>historiam</strong></span> <span class='ocrx_word' id='word_1_686' title='bbox 2411 4713 2704 4771; x_wconf 75' lang='lat' dir='ltr'><strong>Dominica:</strong></span> <span class='ocrx_word' id='word_1_687' title='bbox 2732 4717 3032 4776; x_wconf 90' lang='lat' dir='ltr'><strong>nativitatis</strong></span> <span class='ocrx_word' id='word_1_688' title='bbox 3059 4696 3180 4776; x_wconf 82' lang='lat' dir='ltr'><strong>cum</strong></span> <span class='ocrx_word' id='word_1_689' title='bbox 3208 4716 3417 4791; x_wconf 89' lang='lat' dir='ltr'><strong>gemmis</strong></span> <span class='ocrx_word' id='word_1_690' title='bbox 3441 4696 3773 4791; x_wconf 45' lang='lat' dir='ltr'><strong>pretiosistSi‘Pl‘j‘</strong></span> 
     </span>
    </p>
   </div>
   <div class='ocr_carea' id='block_1_49' title="bbox 794 4787 3770 4888">
    <p class='ocr_par' dir='ltr' id='par_1_49' title="bbox 794 4787 3770 4888">
     <span class='ocr_line' id='line_1_49' title="bbox 794 4787 3770 4888; baseline 0.001 -35"><span class='ocrx_word' id='word_1_691' title='bbox 794 4798 1107 4870; x_wconf 88' lang='lat' dir='ltr'><strong>margaritis</strong></span> <span class='ocrx_word' id='word_1_692' title='bbox 1143 4808 1411 4853; x_wconf 88' lang='lat' dir='ltr'><strong>ornatam.</strong></span> <span class='ocrx_word' id='word_1_693' title='bbox 1443 4797 1596 4853; x_wconf 89' lang='lat' dir='ltr'><strong>Fecit</strong></span> <span class='ocrx_word' id='word_1_694' title='bbox 1636 4791 1815 4854; x_wconf 84' lang='lat' dir='ltr'><strong>autem</strong></span> <span class='ocrx_word' id='word_1_695' title='bbox 1857 4801 1910 4854; x_wconf 91' lang='lat' dir='ltr'><strong>in</strong></span> <span class='ocrx_word' id='word_1_696' title='bbox 1947 4801 2256 4871; x_wconf 90' lang='lat' dir='ltr'><strong>supradicta</strong></span> <span class='ocrx_word' id='word_1_697' title='bbox 2281 4803 2510 4859; x_wconf 90' lang='lat' dir='ltr'><strong>ecclesia</strong></span> <span class='ocrx_word' id='word_1_698' title='bbox 2554 4806 2670 4861; x_wconf 90' lang='lat' dir='ltr'><strong>vela</strong></span> <span class='ocrx_word' id='word_1_699' title='bbox 2717 4807 2784 4863; x_wconf 91' lang='lat' dir='ltr'><strong>de</strong></span> <span class='ocrx_word' id='word_1_700' title='bbox 2818 4812 3058 4867; x_wconf 88' lang='lat' dir='ltr'><strong>stauraci</strong></span> <span class='ocrx_word' id='word_1_701' title='bbox 3090 4787 3248 4882; x_wconf 74' lang='lat' dir='ltr'><strong>atque</strong></span> <span class='ocrx_word' id='word_1_702' title='bbox 3283 4810 3344 4865; x_wconf 93' lang='lat' dir='ltr'><strong>de</strong></span> <span class='ocrx_word' id='word_1_703' title='bbox 3370 4805 3574 4865; x_wconf 82' lang='lat' dir='ltr'><strong>fundato,</strong></span> <span class='ocrx_word' id='word_1_704' title='bbox 3594 4787 3770 4888; x_wconf 48' lang='lat' dir='ltr'><strong>pende?ua</strong></span> 
     </span>
    </p>
   </div>
   <div class='ocr_carea' id='block_1_50' title="bbox 688 4888 3770 4970">
    <p class='ocr_par' dir='ltr' id='par_1_50' title="bbox 688 4888 3770 4970">
     <span class='ocr_line' id='line_1_50' title="bbox 688 4888 3770 4970; baseline -0.001 -18"><span class='ocrx_word' id='word_1_705' title='bbox 688 4897 758 4952; x_wconf 78' lang='grc'><strong>10</strong></span> <span class='ocrx_word' id='word_1_706' title='bbox 793 4893 934 4948; x_wconf 89' lang='lat' dir='ltr'><strong>inter</strong></span> <span class='ocrx_word' id='word_1_707' title='bbox 959 4891 1242 4948; x_wconf 90' lang='lat' dir='ltr'><strong>columnas</strong></span> <span class='ocrx_word' id='word_1_708' title='bbox 1265 4890 1730 4962; x_wconf 76' lang='lat' dir='ltr'><strong>majores,dextra</strong></span> <span class='ocrx_word' id='word_1_709' title='bbox 1754 4893 2015 4964; x_wconf 58' lang='lat' dir='ltr'><strong>laevaque,</strong></span> <span class='ocrx_word' id='word_1_710' title='bbox 2046 4910 2272 4950; x_wconf 90' lang='lat' dir='ltr'><strong>numero</strong></span> <span class='ocrx_word' id='word_1_711' title='bbox 2286 4898 2568 4967; x_wconf 85' lang='lat' dir='ltr'><strong>sexaginta</strong></span> <span class='ocrx_word' id='word_1_712' title='bbox 2595 4901 2863 4970; x_wconf 87' lang='lat' dir='ltr'><strong>quinque;</strong></span> <span class='ocrx_word' id='word_1_713' title='bbox 2893 4901 2950 4958; x_wconf 80' lang='lat' dir='ltr'><strong>et</strong></span> <span class='ocrx_word' id='word_1_714' title='bbox 2974 4903 3080 4960; x_wconf 89' lang='lat' dir='ltr'><strong>alia</strong></span> <span class='ocrx_word' id='word_1_715' title='bbox 3110 4904 3222 4959; x_wconf 87' lang='lat' dir='ltr'><strong>vela</strong></span> <span class='ocrx_word' id='word_1_716' title='bbox 3259 4903 3370 4958; x_wconf 87' lang='lat' dir='ltr'><strong>alba</strong></span> <span class='ocrx_word' id='word_1_717' title='bbox 3395 4892 3636 4956; x_wconf 75' lang='lat' dir='ltr'><strong>holoserica</strong></span> <span class='ocrx_word' id='word_1_718' title='bbox 3653 4888 3770 4948; x_wconf 57' lang='lat' dir='ltr'><strong>malo”</strong></span> 
     </span>
    </p>
   </div>
   <div class='ocr_carea' id='block_1_51' title="bbox 795 4977 3772 5070">
    <p class='ocr_par' dir='ltr' id='par_1_51' title="bbox 795 4977 3772 5070">
     <span class='ocr_line' id='line_1_51' title="bbox 795 4977 3772 5070; baseline 0 -29"><span class='ocrx_word' id='word_1_719' title='bbox 795 4985 923 5052; x_wconf 91' lang='lat' dir='ltr'><strong>tria,</strong></span> <span class='ocrx_word' id='word_1_720' title='bbox 962 4999 1084 5055; x_wconf 69' lang='lat' dir='ltr'><strong>quae</strong></span> <span class='ocrx_word' id='word_1_721' title='bbox 1122 4985 1362 5055; x_wconf 89' lang='lat' dir='ltr'><strong>pendent</strong></span> <span class='ocrx_word' id='word_1_722' title='bbox 1394 4994 1519 5040; x_wconf 92' lang='lat' dir='ltr'><strong>ante</strong></span> <span class='ocrx_word' id='word_1_723' title='bbox 1561 4985 1738 5054; x_wconf 87' lang='lat' dir='ltr'><strong>regias</strong></span> <span class='ocrx_word' id='word_1_724' title='bbox 1781 4986 1834 5040; x_wconf 93' lang='lat' dir='ltr'><strong>in</strong></span> <span class='ocrx_word' id='word_1_725' title='bbox 1877 4987 2123 5042; x_wconf 91' lang='lat' dir='ltr'><strong>introitu.</strong></span> <span class='ocrx_word' id='word_1_726' title='bbox 2153 4989 2329 5060; x_wconf 85' lang='lat' dir='ltr'><strong>Atque</strong></span> <span class='ocrx_word' id='word_1_727' title='bbox 2356 4990 2552 5047; x_wconf 91' lang='lat' dir='ltr'><strong>ibidem</strong></span> <span class='ocrx_word' id='word_1_728' title='bbox 2595 4994 2711 5064; x_wconf 83' lang='lat' dir='ltr'><strong>ejus</strong></span> <span class='ocrx_word' id='word_1_729' title='bbox 2751 4996 3026 5052; x_wconf 89' lang='lat' dir='ltr'><strong>beatitudo</strong></span> <span class='ocrx_word' id='word_1_730' title='bbox 3073 4996 3202 5053; x_wconf 86' lang='lat' dir='ltr'><strong>fecit</strong></span> <span class='ocrx_word' id='word_1_731' title='bbox 3241 4993 3523 5052; x_wconf 80' lang='lat' dir='ltr'><strong>cruciﬁxum</strong></span> <span class='ocrx_word' id='word_1_732' title='bbox 3555 4999 3605 5040; x_wconf 74' lang='lat' dir='ltr'><strong>ex</strong></span> <span class='ocrx_word' id='word_1_733' title='bbox 3639 4977 3772 5070; x_wconf 50' lang='grc' dir='ltr'><strong>ετεςυὲο</strong></span> 
     </span>
    </p>
   </div>
   <div class='ocr_carea' id='block_1_52' title="bbox 794 5067 3771 5159">
    <p class='ocr_par' dir='ltr' id='par_1_52' title="bbox 794 5067 3771 5159">
     <span class='ocr_line' id='line_1_52' title="bbox 794 5067 3771 5159; baseline 0.001 -24"><span class='ocrx_word' id='word_1_734' title='bbox 794 5076 1110 5150; x_wconf 85' lang='lat' dir='ltr'><strong>purissimo,</strong></span> <span class='ocrx_word' id='word_1_735' title='bbox 1152 5076 1398 5146; x_wconf 65' lang='lat' dir='ltr'><strong>quiistat</strong></span> <span class='ocrx_word' id='word_1_736' title='bbox 1436 5075 1594 5145; x_wconf 82' lang='lat' dir='ltr'><strong>juxta</strong></span> <span class='ocrx_word' id='word_1_737' title='bbox 1624 5075 1794 5132; x_wconf 85' lang='lat' dir='ltr'><strong>altare</strong></span> <span class='ocrx_word' id='word_1_738' title='bbox 1846 5078 2038 5149; x_wconf 88' lang='lat' dir='ltr'><strong>majus,</strong></span> <span class='ocrx_word' id='word_1_739' title='bbox 2087 5079 2240 5136; x_wconf 71' lang='lat' dir='ltr'><strong>mira:</strong></span> <span class='ocrx_word' id='word_1_740' title='bbox 2279 5083 2666 5154; x_wconf 84' lang='lat' dir='ltr'><strong>magnitudinis</strong></span> <span class='ocrx_word' id='word_1_741' title='bbox 2711 5085 3046 5155; x_wconf 91' lang='lat' dir='ltr'><strong>decoratum,</strong></span> <span class='ocrx_word' id='word_1_742' title='bbox 3089 5103 3308 5159; x_wconf 90' lang='lat' dir='ltr'><strong>pensan.</strong></span> <span class='ocrx_word' id='word_1_743' title='bbox 3337 5085 3482 5140; x_wconf 89' lang='lat' dir='ltr'><strong>libras</strong></span> <span class='ocrx_word' id='word_1_744' title='bbox 3509 5067 3771 5149; x_wconf 62' lang='lat' dir='ltr'><strong>quinaminm</strong></span> 
     </span>
    </p>
   </div>
   <div class='ocr_carea' id='block_1_53' title="bbox 782 5161 3769 5257">
    <p class='ocr_par' dir='ltr' id='par_1_53' title="bbox 782 5161 3769 5257">
     <span class='ocr_line' id='line_1_53' title="bbox 782 5161 3769 5257; baseline 0 -25"><span class='ocrx_word' id='word_1_745' title='bbox 782 5176 950 5243; x_wconf 85' lang='lat' dir='ltr'><strong>duas;</strong></span> <span class='ocrx_word' id='word_1_746' title='bbox 979 5174 1066 5232; x_wconf 92' lang='lat' dir='ltr'><strong>cui</strong></span> <span class='ocrx_word' id='word_1_747' title='bbox 1100 5187 1265 5255; x_wconf 87' lang='lat' dir='ltr'><strong>super</strong></span> <span class='ocrx_word' id='word_1_748' title='bbox 1288 5170 1414 5228; x_wconf 90' lang='lat' dir='ltr'><strong>fecit</strong></span> <span class='ocrx_word' id='word_1_749' title='bbox 1440 5173 1702 5244; x_wconf 89' lang='lat' dir='ltr'><strong>gabathas</strong></span> <span class='ocrx_word' id='word_1_750' title='bbox 1726 5188 1822 5228; x_wconf 77' lang='lat' dir='ltr'><strong>sex</strong></span> <span class='ocrx_word' id='word_1_751' title='bbox 1854 5189 1975 5230; x_wconf 93' lang='lat' dir='ltr'><strong>cum</strong></span> <span class='ocrx_word' id='word_1_752' title='bbox 2008 5190 2174 5234; x_wconf 90' lang='lat' dir='ltr'><strong>cruce</strong></span> <span class='ocrx_word' id='word_1_753' title='bbox 2199 5193 2267 5234; x_wconf 85' lang='lat' dir='ltr'><strong>ex</strong></span> <span class='ocrx_word' id='word_1_754' title='bbox 2289 5189 2516 5249; x_wconf 83' lang='lat' dir='ltr'><strong>argento</strong></span> <span class='ocrx_word' id='word_1_755' title='bbox 2537 5181 2847 5253; x_wconf 90' lang='lat' dir='ltr'><strong>purissimo,</strong></span> <span class='ocrx_word' id='word_1_756' title='bbox 2874 5200 2992 5255; x_wconf 85' lang='lat' dir='ltr'><strong>quae</strong></span> <span class='ocrx_word' id='word_1_757' title='bbox 3017 5184 3252 5257; x_wconf 89' lang='lat' dir='ltr'><strong>pendent</strong></span> <span class='ocrx_word' id='word_1_758' title='bbox 3279 5189 3395 5238; x_wconf 89' lang='lat' dir='ltr'><strong>ante</strong></span> <span class='ocrx_word' id='word_1_759' title='bbox 3413 5185 3566 5234; x_wconf 88' lang='lat' dir='ltr'><strong>arcum</strong></span> <span class='ocrx_word' id='word_1_760' title='bbox 3588 5161 3769 5232; x_wconf 63' lang='grc' dir='ltr'><strong>ωιὶοηων</strong></span> 
     </span>
    </p>
   </div>
   <div class='ocr_carea' id='block_1_54' title="bbox 795 5269 2513 5342">
    <p class='ocr_par' dir='ltr' id='par_1_54' title="bbox 795 5269 2513 5342">
     <span class='ocr_line' id='line_1_54' title="bbox 795 5269 2513 5342; baseline 0.002 -16"><span class='ocrx_word' id='word_1_761' title='bbox 795 5269 986 5326; x_wconf 80' lang='lat' dir='ltr'><strong>dextra</strong></span> <span class='ocrx_word' id='word_1_762' title='bbox 1009 5271 1272 5342; x_wconf 64' lang='lat' dir='ltr'><strong>laevaque,</strong></span> <span class='ocrx_word' id='word_1_763' title='bbox 1302 5285 1529 5341; x_wconf 86' lang='lat' dir='ltr'><strong>pensari.</strong></span> <span class='ocrx_word' id='word_1_764' title='bbox 1560 5269 1718 5325; x_wconf 89' lang='lat' dir='ltr'><strong>simul</strong></span> <span class='ocrx_word' id='word_1_765' title='bbox 1747 5269 1912 5326; x_wconf 91' lang='lat' dir='ltr'><strong>libras</strong></span> <span class='ocrx_word' id='word_1_766' title='bbox 1939 5271 2219 5328; x_wconf 92' lang='lat' dir='ltr'><strong>duodecim</strong></span> <span class='ocrx_word' id='word_1_767' title='bbox 2251 5282 2306 5328; x_wconf 92' lang='lat' dir='ltr'><strong>et</strong></span> <span class='ocrx_word' id='word_1_768' title='bbox 2332 5275 2513 5332; x_wconf 91' lang='lat' dir='ltr'><strong>semis.</strong></span> 
     </span>
    </p>
   </div>
   <div class='ocr_carea' id='block_1_55' title="bbox 864 5353 3770 5443">
    <p class='ocr_par' dir='ltr' id='par_1_55' title="bbox 864 5353 3770 5443">
     <span class='ocr_line' id='line_1_55' title="bbox 864 5353 3770 5443; baseline -0.003 -26"><span class='ocrx_word' id='word_1_769' title='bbox 864 5359 1030 5430; x_wconf 79' lang='lat'><strong>390</strong></span> <span class='ocrx_word' id='word_1_770' title='bbox 1067 5360 1358 5422; x_wconf 83' lang='lat' dir='ltr'><strong>Enimvero</strong></span> <span class='ocrx_word' id='word_1_771' title='bbox 1385 5371 1440 5416; x_wconf 89' lang='lat' dir='ltr'><strong>et</strong></span> <span class='ocrx_word' id='word_1_772' title='bbox 1466 5361 1598 5417; x_wconf 91' lang='lat' dir='ltr'><strong>inibi</strong></span> <span class='ocrx_word' id='word_1_773' title='bbox 1646 5360 1775 5416; x_wconf 91' lang='lat' dir='ltr'><strong>fecit</strong></span> <span class='ocrx_word' id='word_1_774' title='bbox 1800 5361 2093 5431; x_wconf 73' lang='lat' dir='ltr'><strong>praeclarus</strong></span> <span class='ocrx_word' id='word_1_775' title='bbox 2130 5363 2370 5434; x_wconf 80' lang='lat' dir='ltr'><strong>pontifex</strong></span> <span class='ocrx_word' id='word_1_776' title='bbox 2399 5366 2513 5422; x_wconf 91' lang='lat' dir='ltr'><strong>vela</strong></span> <span class='ocrx_word' id='word_1_777' title='bbox 2551 5368 2617 5424; x_wconf 87' lang='lat' dir='ltr'><strong>de</strong></span> <span class='ocrx_word' id='word_1_778' title='bbox 2655 5378 2912 5437; x_wconf 79' lang='lat' dir='ltr'><strong>stauracr,</strong></span> <span class='ocrx_word' id='word_1_779' title='bbox 2966 5384 3084 5440; x_wconf 68' lang='lat' dir='ltr'><strong>quae</strong></span> <span class='ocrx_word' id='word_1_780' title='bbox 3106 5369 3347 5442; x_wconf 85' lang='lat' dir='ltr'><strong>&#39;pendent</strong></span> <span class='ocrx_word' id='word_1_781' title='bbox 3367 5367 3414 5421; x_wconf 92' lang='lat' dir='ltr'><strong>in</strong></span> <span class='ocrx_word' id='word_1_782' title='bbox 3439 5367 3622 5417; x_wconf 61' lang='grc' dir='ltr'><strong>ιιι-σηοω</strong></span> <span class='ocrx_word' id='word_1_783' title='bbox 3652 5353 3770 5443; x_wconf 48' lang='lat' dir='ltr'><strong>arrat-</strong></span> 
     </span>
    </p>
   </div>
   <div class='ocr_carea' id='block_1_56' title="bbox 797 5435 3769 5536">
    <p class='ocr_par' dir='ltr' id='par_1_56' title="bbox 797 5435 3769 5536">
     <span class='ocr_line' id='line_1_56' title="bbox 797 5435 3769 5536; baseline -0.005 -25"><span class='ocrx_word' id='word_1_784' title='bbox 797 5455 898 5512; x_wconf 89' lang='lat' dir='ltr'><strong>teis</strong></span> <span class='ocrx_word' id='word_1_785' title='bbox 925 5457 978 5511; x_wconf 91' lang='lat' dir='ltr'><strong>in</strong></span> <span class='ocrx_word' id='word_1_786' title='bbox 1004 5457 1236 5514; x_wconf 93' lang='lat' dir='ltr'><strong>circuitu</strong></span> <span class='ocrx_word' id='word_1_787' title='bbox 1285 5458 1490 5525; x_wconf 90' lang='lat' dir='ltr'><strong>altaris,</strong></span> <span class='ocrx_word' id='word_1_788' title='bbox 1520 5468 1576 5515; x_wconf 90' lang='lat' dir='ltr'><strong>et</strong></span> <span class='ocrx_word' id='word_1_789' title='bbox 1607 5461 1660 5514; x_wconf 91' lang='lat' dir='ltr'><strong>in</strong></span> <span class='ocrx_word' id='word_1_790' title='bbox 1689 5460 2030 5533; x_wconf 91' lang='lat' dir='ltr'><strong>presbyterio</strong></span> <span class='ocrx_word' id='word_1_791' title='bbox 2059 5478 2285 5520; x_wconf 91' lang='lat' dir='ltr'><strong>numero</strong></span> <span class='ocrx_word' id='word_1_792' title='bbox 2312 5466 2606 5535; x_wconf 83' lang='lat' dir='ltr'><strong>nonaginta</strong></span> <span class='ocrx_word' id='word_1_793' title='bbox 2655 5479 2712 5522; x_wconf 85' lang='lat' dir='ltr'><strong>et</strong></span> <span class='ocrx_word' id='word_1_794' title='bbox 2754 5481 2873 5536; x_wconf 83' lang='lat' dir='ltr'><strong>sex,</strong></span> <span class='ocrx_word' id='word_1_795' title='bbox 2899 5435 3202 5536; x_wconf 6' lang='lat' dir='ltr'><strong>Sex-quibus</strong></span> <span class='ocrx_word' id='word_1_796' title='bbox 3229 5467 3328 5522; x_wconf 93' lang='lat' dir='ltr'><strong>duo</strong></span> <span class='ocrx_word' id='word_1_797' title='bbox 3357 5455 3569 5519; x_wconf 83' lang='lat' dir='ltr'><strong>habentia</strong></span> <span class='ocrx_word' id='word_1_798' title='bbox 3599 5448 3638 5503; x_wconf 91' lang='lat' dir='ltr'><strong>in</strong></span> <span class='ocrx_word' id='word_1_799' title='bbox 3660 5435 3769 5497; x_wconf 66' lang='lat' dir='ltr'><strong>medio</strong></span> 
     </span>
    </p>
   </div>
   <div class='ocr_carea' id='block_1_57' title="bbox 791 5546 3768 5643">
    <p class='ocr_par' dir='ltr' id='par_1_57' title="bbox 791 5546 3768 5643">
     <span class='ocr_line' id='line_1_57' title="bbox 791 5546 3768 5643; baseline -0.003 -34"><span class='ocrx_word' id='word_1_800' title='bbox 791 5570 984 5612; x_wconf 88' lang='lat' dir='ltr'><strong>cruces</strong></span> <span class='ocrx_word' id='word_1_801' title='bbox 1012 5556 1079 5612; x_wconf 91' lang='lat' dir='ltr'><strong>de</strong></span> <span class='ocrx_word' id='word_1_802' title='bbox 1103 5555 1455 5625; x_wconf 87' lang='lat' dir='ltr'><strong>chrysoclavo</strong></span> <span class='ocrx_word' id='word_1_803' title='bbox 1476 5571 1598 5612; x_wconf 93' lang='lat' dir='ltr'><strong>cum</strong></span> <span class='ocrx_word' id='word_1_804' title='bbox 1624 5558 1884 5615; x_wconf 90' lang='lat' dir='ltr'><strong>orbiculis</strong></span> <span class='ocrx_word' id='word_1_805' title='bbox 1903 5599 1918 5627; x_wconf 96' lang='lat'><strong>,</strong></span> <span class='ocrx_word' id='word_1_806' title='bbox 1956 5561 2142 5616; x_wconf 85' lang='lat' dir='ltr'><strong>ct&#39;alia</strong></span> <span class='ocrx_word' id='word_1_807' title='bbox 2170 5572 2294 5620; x_wconf 86' lang='lat' dir='ltr'><strong>octo</strong></span> <span class='ocrx_word' id='word_1_808' title='bbox 2329 5579 2450 5619; x_wconf 92' lang='lat' dir='ltr'><strong>cum</strong></span> <span class='ocrx_word' id='word_1_809' title='bbox 2482 5566 2734 5638; x_wconf 88' lang='lat' dir='ltr'><strong>periclysi</strong></span> <span class='ocrx_word' id='word_1_810' title='bbox 2765 5569 2833 5624; x_wconf 88' lang='lat' dir='ltr'><strong>dc</strong></span> <span class='ocrx_word' id='word_1_811' title='bbox 2867 5566 3212 5638; x_wconf 86' lang='lat' dir='ltr'><strong>chrysoclavo</strong></span> <span class='ocrx_word' id='word_1_812' title='bbox 3234 5584 3247 5620; x_wconf 91' lang='lat'><strong>:</strong></span> <span class='ocrx_word' id='word_1_813' title='bbox 3271 5574 3455 5619; x_wconf 90' lang='lat' dir='ltr'><strong>necnon</strong></span> <span class='ocrx_word' id='word_1_814' title='bbox 3478 5563 3524 5611; x_wconf 89' lang='lat' dir='ltr'><strong>et</strong></span> <span class='ocrx_word' id='word_1_815' title='bbox 3544 5557 3662 5606; x_wconf 89' lang='lat' dir='ltr'><strong>arcus</strong></span> <span class='ocrx_word' id='word_1_816' title='bbox 3688 5546 3768 5643; x_wconf 55' lang='lat' dir='ltr'><strong>tu“:</strong></span> 
     </span>
    </p>
   </div>
   <div class='ocr_carea' id='block_1_58' title="bbox 790 5624 3766 5737">
    <p class='ocr_par' dir='ltr' id='par_1_58' title="bbox 790 5624 3766 5737">
     <span class='ocr_line' id='line_1_58' title="bbox 790 5624 3766 5737; baseline 0.003 -31"><span class='ocrx_word' id='word_1_817' title='bbox 790 5650 1058 5709; x_wconf 82' lang='lat' dir='ltr'><strong>columnis</strong></span> <span class='ocrx_word' id='word_1_818' title='bbox 1079 5653 1192 5711; x_wconf 88' lang='lat' dir='ltr'><strong>suis</strong></span> <span class='ocrx_word' id='word_1_819' title='bbox 1222 5653 1350 5711; x_wconf 90' lang='lat' dir='ltr'><strong>fecit</strong></span> <span class='ocrx_word' id='word_1_820' title='bbox 1378 5670 1449 5711; x_wconf 79' lang='lat' dir='ltr'><strong>ex</strong></span> <span class='ocrx_word' id='word_1_821' title='bbox 1485 5665 1709 5727; x_wconf 86' lang='lat' dir='ltr'><strong>argento</strong></span> <span class='ocrx_word' id='word_1_822' title='bbox 1735 5658 2030 5728; x_wconf 89' lang='lat' dir='ltr'><strong>purissimo</strong></span> <span class='ocrx_word' id='word_1_823' title='bbox 2067 5659 2120 5715; x_wconf 92' lang='lat' dir='ltr'><strong>in</strong></span> <span class='ocrx_word' id='word_1_824' title='bbox 2152 5664 2463 5732; x_wconf 89' lang='lat' dir='ltr'><strong>supradicta</strong></span> <span class='ocrx_word' id='word_1_825' title='bbox 2504 5665 2738 5723; x_wconf 90' lang='lat' dir='ltr'><strong>ecclesia</strong></span> <span class='ocrx_word' id='word_1_826' title='bbox 2765 5684 2779 5735; x_wconf 93' lang='lat'>;</span> <span class='ocrx_word' id='word_1_827' title='bbox 2812 5676 2868 5722; x_wconf 91' lang='lat' dir='ltr'><strong>et</strong></span> <span class='ocrx_word' id='word_1_828' title='bbox 2896 5668 2948 5723; x_wconf 90' lang='lat' dir='ltr'><strong>in</strong></span> <span class='ocrx_word' id='word_1_829' title='bbox 2981 5667 3157 5723; x_wconf 91' lang='lat' dir='ltr'><strong>medio</strong></span> <span class='ocrx_word' id='word_1_830' title='bbox 3185 5655 3505 5737; x_wconf 62' lang='lat' dir='ltr'><strong>presbyterio,</strong></span> <span class='ocrx_word' id='word_1_831' title='bbox 3527 5659 3643 5722; x_wconf 72' lang='grc' dir='ltr'><strong>Ρεηεσ</strong></span> <span class='ocrx_word' id='word_1_832' title='bbox 3667 5624 3766 5690; x_wconf 56' lang='grc'><strong>⁵⁸⁸⁸⁸,</strong></span> 
     </span>
    </p>
   </div>
   <div class='ocr_carea' id='block_1_59' title="bbox 717 5741 3764 5839">
    <p class='ocr_par' dir='ltr' id='par_1_59' title="bbox 717 5741 3764 5839">
     <span class='ocr_line' id='line_1_59' title="bbox 717 5741 3764 5839; baseline 0.002 -39"><span class='ocrx_word' id='word_1_833' title='bbox 717 5747 752 5800; x_wconf 83' lang='lat'><strong>5</strong></span> <span class='ocrx_word' id='word_1_834' title='bbox 789 5747 916 5802; x_wconf 88' lang='lat' dir='ltr'><strong>libr.</strong></span> <span class='ocrx_word' id='word_1_835' title='bbox 951 5750 1211 5809; x_wconf 85' lang='lat' dir='ltr'><strong>ducentas</strong></span> <span class='ocrx_word' id='word_1_836' title='bbox 1249 5753 1644 5825; x_wconf 85' lang='lat' dir='ltr'><strong>quinquaginta</strong></span> <span class='ocrx_word' id='word_1_837' title='bbox 1672 5764 1727 5813; x_wconf 87' lang='lat' dir='ltr'><strong>et</strong></span> <span class='ocrx_word' id='word_1_838' title='bbox 1751 5773 1913 5813; x_wconf 91' lang='lat' dir='ltr'><strong>unam</strong></span> <span class='ocrx_word' id='word_1_839' title='bbox 1949 5767 2005 5815; x_wconf 90' lang='lat' dir='ltr'><strong>et</strong></span> <span class='ocrx_word' id='word_1_840' title='bbox 2045 5761 2228 5818; x_wconf 90' lang='lat' dir='ltr'><strong>semis.</strong></span> <span class='ocrx_word' id='word_1_841' title='bbox 2259 5762 2434 5819; x_wconf 87' lang='lat' dir='ltr'><strong>Isdem</strong></span> <span class='ocrx_word' id='word_1_842' title='bbox 2473 5781 2606 5822; x_wconf 90' lang='lat' dir='ltr'><strong>vero</strong></span> <span class='ocrx_word' id='word_1_843' title='bbox 2643 5767 2910 5826; x_wconf 85' lang='lat' dir='ltr'><strong>almilicus</strong></span> <span class='ocrx_word' id='word_1_844' title='bbox 2941 5767 3179 5839; x_wconf 84' lang='lat' dir='ltr'><strong>pontifex</strong></span> <span class='ocrx_word' id='word_1_845' title='bbox 3225 5765 3345 5821; x_wconf 82' lang='lat' dir='ltr'><strong>fecit</strong></span> <span class='ocrx_word' id='word_1_846' title='bbox 3365 5759 3442 5816; x_wconf 89' lang='lat' dir='ltr'><strong>ubi</strong></span> <span class='ocrx_word' id='word_1_847' title='bbox 3467 5762 3594 5822; x_wconf 74' lang='lat' dir='ltr'><strong>supra</strong></span> <span class='ocrx_word' id='word_1_848' title='bbox 3626 5741 3764 5795; x_wconf 66' lang='lat' dir='ltr'><strong>CFW&quot;</strong></span> 
     </span>
    </p>
   </div>
   <div class='ocr_carea' id='block_1_60' title="bbox 1869 319 3785 389">
    <p class='ocr_par' dir='ltr' id='par_1_60' title="bbox 1869 319 3785 389">
     <span class='ocr_line' id='line_1_60' title="bbox 1869 319 3785 389; baseline -0.006 -8"><span class='ocrx_word' id='word_1_849' title='bbox 1869 321 2003 381; x_wconf 84' lang='lat' dir='ltr'><strong>ANA</strong></span> <span class='ocrx_word' id='word_1_850' title='bbox 2013 322 2233 382; x_wconf 84' lang='lat' dir='ltr'><strong>S&#39;l‘ASll</strong></span> <span class='ocrx_word' id='word_1_851' title='bbox 2271 319 2812 380; x_wconf 75' lang='lat' dir='ltr'><strong>BIBLIOTHECARH</strong></span> <span class='ocrx_word' id='word_1_852' title='bbox 3706 334 3785 389; x_wconf 63' lang='lat' dir='ltr'><strong>mi</strong></span> 
     </span>
    </p>
   </div>
  </div>
