  <div class='ocr_page' id='page_1' title='image "/cluster/home/n/w/nwhite01/storage/ocr_20150623/128/hvd.32044015471691/618.png"; bbox 0 0 4026 6326; ppageno 0'>
   <div class='ocr_carea' id='block_1_1' title="bbox 136 400 1726 475">
    <p class='ocr_par' dir='ltr' id='par_1_1' title="bbox 136 412 1700 475">
     <span class='ocr_line' id='line_1_1' title="bbox 136 412 1700 475; baseline -0.004 0"><span class='ocrx_word' id='word_1_1' title='bbox 136 419 287 475; x_wconf 73' lang='grc'><strong>1225</strong></span> <span class='ocrx_word' id='word_1_2' title='bbox 1041 412 1358 470; x_wconf 78' lang='lat' dir='ltr'><strong>HISTORIA</strong></span> <span class='ocrx_word' id='word_1_3' title='bbox 1397 412 1485 469; x_wconf 83' lang='lat' dir='ltr'><strong>DE</strong></span> <span class='ocrx_word' id='word_1_4' title='bbox 1529 413 1634 468; x_wconf 82' lang='lat' dir='ltr'><strong>Vl&#39;l‘</strong></span> <span class='ocrx_word' id='word_1_5' title='bbox 1639 413 1700 468; x_wconf 86' lang='lat' dir='ltr'><strong>IS</strong></span> 
     </span>
    </p>
   </div>
   <div class='ocr_carea' id='block_1_2' title="bbox 1831 400 3421 475">
    <p class='ocr_par' dir='ltr' id='par_1_2' title="bbox 1835 400 3421 468">
     <span class='ocr_line' id='line_1_2' title="bbox 1835 400 3421 468; baseline 0.001 -2"><span class='ocrx_word' id='word_1_6' title='bbox 1835 412 1904 466; x_wconf 84' lang='lat' dir='ltr'><strong>M.</strong></span> <span class='ocrx_word' id='word_1_7' title='bbox 1947 410 2148 468; x_wconf 85' lang='lat' dir='ltr'><strong>PONT.</strong></span> <span class='ocrx_word' id='word_1_8' title='bbox 2185 441 2254 451; x_wconf 91' lang='lat'><strong><em>—</em></strong></span> <span class='ocrx_word' id='word_1_9' title='bbox 2284 411 2418 468; x_wconf 82' lang='lat' dir='ltr'><strong>LEO</strong></span> <span class='ocrx_word' id='word_1_10' title='bbox 2455 413 2536 467; x_wconf 91' lang='lat' dir='ltr'><strong>III.</strong></span> <span class='ocrx_word' id='word_1_11' title='bbox 2703 400 2705 408; x_wconf 56' lang='grc'>’</span> <span class='ocrx_word' id='word_1_12' title='bbox 3286 413 3421 468; x_wconf 68' lang='grc'><strong>1226</strong></span> 
     </span>
    </p>
   </div>
   <div class='ocr_carea' id='block_1_3' title="bbox 286 530 3421 606">
    <p class='ocr_par' dir='ltr' id='par_1_3' title="bbox 286 530 3421 606">
     <span class='ocr_line' id='line_1_3' title="bbox 286 530 3421 606; baseline -0.003 -13"><span class='ocrx_word' id='word_1_13' title='bbox 286 534 647 606; x_wconf 83' lang='lat' dir='ltr'><strong>anaglyphum</strong></span> <span class='ocrx_word' id='word_1_14' title='bbox 673 531 1024 588; x_wconf 89' lang='lat' dir='ltr'><strong>intersatilem</strong></span> <span class='ocrx_word' id='word_1_15' title='bbox 1047 548 1111 588; x_wconf 80' lang='lat' dir='ltr'><strong>ex</strong></span> <span class='ocrx_word' id='word_1_16' title='bbox 1137 548 1272 588; x_wconf 91' lang='lat' dir='ltr'><strong>auro</strong></span> <span class='ocrx_word' id='word_1_17' title='bbox 1310 533 1686 597; x_wconf 87' lang='lat' dir='ltr'><strong>mundissimo,</strong></span> <span class='ocrx_word' id='word_1_18' title='bbox 1715 533 2040 603; x_wconf 73' lang='lat' dir='ltr'><strong>pendentem</strong></span> <span class='ocrx_word' id='word_1_19' title='bbox 2067 532 2122 586; x_wconf 92' lang='lat' dir='ltr'><strong>in</strong></span> <span class='ocrx_word' id='word_1_20' title='bbox 2151 531 2372 602; x_wconf 78' lang='lat' dir='ltr'><strong>pergula</strong></span> <span class='ocrx_word' id='word_1_21' title='bbox 2399 542 2525 587; x_wconf 91' lang='lat' dir='ltr'><strong>ante</strong></span> <span class='ocrx_word' id='word_1_22' title='bbox 2552 532 2740 598; x_wconf 86' lang='lat' dir='ltr'><strong>altare,</strong></span> <span class='ocrx_word' id='word_1_23' title='bbox 2775 547 2896 586; x_wconf 90' lang='lat' dir='ltr'><strong>cum</strong></span> <span class='ocrx_word' id='word_1_24' title='bbox 2948 530 3188 586; x_wconf 86' lang='lat' dir='ltr'><strong>candelis</strong></span> <span class='ocrx_word' id='word_1_25' title='bbox 3219 531 3421 586; x_wconf 77' lang='lat' dir='ltr'><strong>duode—</strong></span> 
     </span>
    </p>
   </div>
   <div class='ocr_carea' id='block_1_4' title="bbox 285 626 3426 702">
    <p class='ocr_par' dir='ltr' id='par_1_4' title="bbox 285 626 3426 702">
     <span class='ocr_line' id='line_1_4' title="bbox 285 626 3426 702; baseline -0.002 -14"><span class='ocrx_word' id='word_1_26' title='bbox 285 635 417 697; x_wconf 88' lang='lat' dir='ltr'><strong>cim,</strong></span> <span class='ocrx_word' id='word_1_27' title='bbox 449 645 676 702; x_wconf 90' lang='lat' dir='ltr'><strong>pensan.</strong></span> <span class='ocrx_word' id='word_1_28' title='bbox 720 629 885 685; x_wconf 87' lang='lat' dir='ltr'><strong>libras</strong></span> <span class='ocrx_word' id='word_1_29' title='bbox 931 629 1210 687; x_wconf 88' lang='lat' dir='ltr'><strong>tredecim.</strong></span> <span class='ocrx_word' id='word_1_30' title='bbox 1248 629 1550 686; x_wconf 74' lang='lat' dir='ltr'><strong>Praedictus</strong></span> <span class='ocrx_word' id='word_1_31' title='bbox 1595 643 1809 698; x_wconf 86' lang='lat' dir='ltr'><strong>quoque</strong></span> <span class='ocrx_word' id='word_1_32' title='bbox 1833 628 2158 696; x_wconf 73' lang='lat' dir='ltr'><strong>venerabilis</strong></span> <span class='ocrx_word' id='word_1_33' title='bbox 2184 628 2425 699; x_wconf 77' lang='lat' dir='ltr'><strong>pontifex</strong></span> <span class='ocrx_word' id='word_1_34' title='bbox 2475 627 2604 682; x_wconf 86' lang='lat' dir='ltr'><strong>fecit</strong></span> <span class='ocrx_word' id='word_1_35' title='bbox 2631 629 2684 681; x_wconf 88' lang='lat' dir='ltr'><strong>in</strong></span> <span class='ocrx_word' id='word_1_36' title='bbox 2713 627 2937 682; x_wconf 85' lang='lat' dir='ltr'><strong>basilica</strong></span> <span class='ocrx_word' id='word_1_37' title='bbox 2970 626 3208 681; x_wconf 89' lang='lat' dir='ltr'><strong>doctoris</strong></span> <span class='ocrx_word' id='word_1_38' title='bbox 3236 627 3426 682; x_wconf 91' lang='lat' dir='ltr'><strong>mundi</strong></span> 
     </span>
    </p>
   </div>
   <div class='ocr_carea' id='block_1_5' title="bbox 287 719 3426 794">
    <p class='ocr_par' dir='ltr' id='par_1_5' title="bbox 287 719 3426 794">
     <span class='ocr_line' id='line_1_5' title="bbox 287 719 3426 794; baseline 0 -16"><span class='ocrx_word' id='word_1_39' title='bbox 287 721 434 778; x_wconf 83' lang='lat' dir='ltr'><strong>beati</strong></span> <span class='ocrx_word' id='word_1_40' title='bbox 462 720 614 775; x_wconf 85' lang='lat' dir='ltr'><strong>Pauli</strong></span> <span class='ocrx_word' id='word_1_41' title='bbox 645 719 872 792; x_wconf 86' lang='lat' dir='ltr'><strong>apostoli</strong></span> <span class='ocrx_word' id='word_1_42' title='bbox 902 720 1101 776; x_wconf 68' lang='lat' dir='ltr'><strong>calices</strong></span> <span class='ocrx_word' id='word_1_43' title='bbox 1122 721 1356 792; x_wconf 84' lang='lat' dir='ltr'><strong>majores</strong></span> <span class='ocrx_word' id='word_1_44' title='bbox 1383 719 1636 776; x_wconf 85' lang='lat' dir='ltr'><strong>l&#39;undatos</strong></span> <span class='ocrx_word' id='word_1_45' title='bbox 1656 735 1722 774; x_wconf 87' lang='lat' dir='ltr'><strong>ex</strong></span> <span class='ocrx_word' id='word_1_46' title='bbox 1754 727 1976 790; x_wconf 87' lang='lat' dir='ltr'><strong>argento</strong></span> <span class='ocrx_word' id='word_1_47' title='bbox 2005 719 2296 792; x_wconf 87' lang='lat' dir='ltr'><strong>purissimo</strong></span> <span class='ocrx_word' id='word_1_48' title='bbox 2325 737 2392 774; x_wconf 86' lang='lat' dir='ltr'><strong>ex</strong></span> <span class='ocrx_word' id='word_1_49' title='bbox 2415 719 2584 790; x_wconf 83' lang='lat' dir='ltr'><strong>ipsius</strong></span> <span class='ocrx_word' id='word_1_50' title='bbox 2609 721 2835 790; x_wconf 79' lang='lat' dir='ltr'><strong>apostoli</strong></span> <span class='ocrx_word' id='word_1_51' title='bbox 2864 722 3038 789; x_wconf 90' lang='lat' dir='ltr'><strong>donis,</strong></span> <span class='ocrx_word' id='word_1_52' title='bbox 3069 723 3160 793; x_wconf 86' lang='lat' dir='ltr'><strong>qui</strong></span> <span class='ocrx_word' id='word_1_53' title='bbox 3189 725 3426 794; x_wconf 86' lang='lat' dir='ltr'><strong>pendent</strong></span> 
     </span>
    </p>
   </div>
   <div class='ocr_carea' id='block_1_6' title="bbox 286 818 3426 892">
    <p class='ocr_par' dir='ltr' id='par_1_6' title="bbox 286 818 3426 892">
     <span class='ocr_line' id='line_1_6' title="bbox 286 818 3426 892; baseline 0.001 -17"><span class='ocrx_word' id='word_1_54' title='bbox 286 821 340 875; x_wconf 92' lang='lat' dir='ltr'><strong>in</strong></span> <span class='ocrx_word' id='word_1_55' title='bbox 369 835 498 874; x_wconf 89' lang='lat' dir='ltr'><strong>arcu</strong></span> <span class='ocrx_word' id='word_1_56' title='bbox 528 818 753 889; x_wconf 84' lang='lat' dir='ltr'><strong>majore,</strong></span> <span class='ocrx_word' id='word_1_57' title='bbox 779 833 1006 873; x_wconf 91' lang='lat' dir='ltr'><strong>numero</strong></span> <span class='ocrx_word' id='word_1_58' title='bbox 1033 818 1306 885; x_wconf 88' lang='lat' dir='ltr'><strong>undecim,</strong></span> <span class='ocrx_word' id='word_1_59' title='bbox 1333 827 1389 873; x_wconf 89' lang='lat' dir='ltr'><strong>et</strong></span> <span class='ocrx_word' id='word_1_60' title='bbox 1414 819 1550 874; x_wconf 89' lang='lat' dir='ltr'><strong>alios</strong></span> <span class='ocrx_word' id='word_1_61' title='bbox 1573 820 1662 888; x_wconf 89' lang='lat' dir='ltr'><strong>qui</strong></span> <span class='ocrx_word' id='word_1_62' title='bbox 1695 822 1932 889; x_wconf 89' lang='lat' dir='ltr'><strong>pendent</strong></span> <span class='ocrx_word' id='word_1_63' title='bbox 1962 819 2103 874; x_wconf 78' lang='lat' dir='ltr'><strong>inter</strong></span> <span class='ocrx_word' id='word_1_64' title='bbox 2116 819 2396 874; x_wconf 92' lang='lat' dir='ltr'><strong>columnas</strong></span> <span class='ocrx_word' id='word_1_65' title='bbox 2427 818 2658 888; x_wconf 84' lang='lat' dir='ltr'><strong>majores</strong></span> <span class='ocrx_word' id='word_1_66' title='bbox 2697 821 2886 876; x_wconf 80' lang='lat' dir='ltr'><strong>dextra</strong></span> <span class='ocrx_word' id='word_1_67' title='bbox 2917 821 3157 892; x_wconf 67' lang='lat' dir='ltr'><strong>lzevaque</strong></span> <span class='ocrx_word' id='word_1_68' title='bbox 3196 838 3426 880; x_wconf 87' lang='lat' dir='ltr'><strong>numero</strong></span> 
     </span>
    </p>
   </div>
   <div class='ocr_carea' id='block_1_7' title="bbox 168 914 3425 988">
    <p class='ocr_par' dir='ltr' id='par_1_7' title="bbox 168 914 3425 988">
     <span class='ocr_line' id='line_1_7' title="bbox 168 914 3425 988; baseline 0.001 -14"><span class='ocrx_word' id='word_1_69' title='bbox 168 917 246 974; x_wconf 80' lang='grc'><strong>10</strong></span> <span class='ocrx_word' id='word_1_70' title='bbox 282 915 665 988; x_wconf 74' lang='lat' dir='ltr'><strong>quadraginta,</strong></span> <span class='ocrx_word' id='word_1_71' title='bbox 692 930 921 986; x_wconf 89' lang='lat' dir='ltr'><strong>pensan.</strong></span> <span class='ocrx_word' id='word_1_72' title='bbox 973 914 1133 970; x_wconf 86' lang='lat' dir='ltr'><strong>simul</strong></span> <span class='ocrx_word' id='word_1_73' title='bbox 1157 914 1281 970; x_wconf 87' lang='lat' dir='ltr'><strong>libr.</strong></span> <span class='ocrx_word' id='word_1_74' title='bbox 1307 915 1568 971; x_wconf 88' lang='lat' dir='ltr'><strong>ducentas</strong></span> <span class='ocrx_word' id='word_1_75' title='bbox 1594 917 1877 986; x_wconf 77' lang='lat' dir='ltr'><strong>sexaginta</strong></span> <span class='ocrx_word' id='word_1_76' title='bbox 1906 923 1962 968; x_wconf 91' lang='lat' dir='ltr'><strong>et</strong></span> <span class='ocrx_word' id='word_1_77' title='bbox 1995 922 2222 984; x_wconf 88' lang='lat' dir='ltr'><strong>septem.</strong></span> <span class='ocrx_word' id='word_1_78' title='bbox 2255 914 2354 969; x_wconf 90' lang='lat' dir='ltr'><strong>llic</strong></span> <span class='ocrx_word' id='word_1_79' title='bbox 2381 915 2523 970; x_wconf 91' lang='lat' dir='ltr'><strong>idem</strong></span> <span class='ocrx_word' id='word_1_80' title='bbox 2555 914 2820 972; x_wconf 90' lang='lat' dir='ltr'><strong>almificus</strong></span> <span class='ocrx_word' id='word_1_81' title='bbox 2859 918 3075 986; x_wconf 63' lang='lat' dir='ltr'><strong>praesul,</strong></span> <span class='ocrx_word' id='word_1_82' title='bbox 3107 919 3291 976; x_wconf 88' lang='lat' dir='ltr'><strong>divina</strong></span> <span class='ocrx_word' id='word_1_83' title='bbox 3342 920 3425 976; x_wconf 85' lang='lat' dir='ltr'><strong>in-</strong></span> 
     </span>
    </p>
   </div>
   <div class='ocr_carea' id='block_1_8' title="bbox 286 1011 3423 1089">
    <p class='ocr_par' dir='ltr' id='par_1_8' title="bbox 286 1011 3423 1089">
     <span class='ocr_line' id='line_1_8' title="bbox 286 1011 3423 1089; baseline -0 -16"><span class='ocrx_word' id='word_1_84' title='bbox 286 1015 583 1089; x_wconf 82' lang='lat' dir='ltr'><strong>spiratione</strong></span> <span class='ocrx_word' id='word_1_85' title='bbox 618 1012 885 1082; x_wconf 77' lang='lat' dir='ltr'><strong>repletus,</strong></span> <span class='ocrx_word' id='word_1_86' title='bbox 920 1012 1050 1068; x_wconf 81' lang='lat' dir='ltr'><strong>fecit</strong></span> <span class='ocrx_word' id='word_1_87' title='bbox 1079 1013 1136 1066; x_wconf 92' lang='lat' dir='ltr'><strong>in</strong></span> <span class='ocrx_word' id='word_1_88' title='bbox 1163 1011 1387 1068; x_wconf 86' lang='lat' dir='ltr'><strong>basilica</strong></span> <span class='ocrx_word' id='word_1_89' title='bbox 1436 1012 1581 1066; x_wconf 86' lang='lat' dir='ltr'><strong>beati</strong></span> <span class='ocrx_word' id='word_1_90' title='bbox 1611 1011 1762 1066; x_wconf 80' lang='lat' dir='ltr'><strong>Pauli</strong></span> <span class='ocrx_word' id='word_1_91' title='bbox 1793 1011 2022 1081; x_wconf 86' lang='lat' dir='ltr'><strong>apostoli</strong></span> <span class='ocrx_word' id='word_1_92' title='bbox 2075 1011 2337 1066; x_wconf 77' lang='lat' dir='ltr'><strong>cibarium</strong></span> <span class='ocrx_word' id='word_1_93' title='bbox 2370 1028 2491 1067; x_wconf 81' lang='lat' dir='ltr'><strong>cuiu</strong></span> <span class='ocrx_word' id='word_1_94' title='bbox 2542 1013 2809 1069; x_wconf 85' lang='lat' dir='ltr'><strong>columnis</strong></span> <span class='ocrx_word' id='word_1_95' title='bbox 2851 1014 2962 1070; x_wconf 90' lang='lat' dir='ltr'><strong>suis</strong></span> <span class='ocrx_word' id='word_1_96' title='bbox 3009 1029 3171 1085; x_wconf 88' lang='lat' dir='ltr'><strong>super</strong></span> <span class='ocrx_word' id='word_1_97' title='bbox 3228 1016 3423 1088; x_wconf 89' lang='lat' dir='ltr'><strong>altare,</strong></span> 
     </span>
    </p>
   </div>
   <div class='ocr_carea' id='block_1_9' title="bbox 287 1104 3428 1187">
    <p class='ocr_par' dir='ltr' id='par_1_9' title="bbox 287 1104 3428 1187">
     <span class='ocr_line' id='line_1_9' title="bbox 287 1104 3428 1187; baseline 0.002 -20"><span class='ocrx_word' id='word_1_98' title='bbox 287 1111 442 1167; x_wconf 68' lang='lat' dir='ltr'><strong>mirae</strong></span> <span class='ocrx_word' id='word_1_99' title='bbox 470 1107 855 1180; x_wconf 84' lang='lat' dir='ltr'><strong>magnitudinis</strong></span> <span class='ocrx_word' id='word_1_100' title='bbox 879 1104 1371 1176; x_wconf 89' lang='lat' dir='ltr'><strong>ctpulchritudinis</strong></span> <span class='ocrx_word' id='word_1_101' title='bbox 1398 1105 1730 1171; x_wconf 85' lang='lat' dir='ltr'><strong>decoratum,</strong></span> <span class='ocrx_word' id='word_1_102' title='bbox 1784 1119 1850 1160; x_wconf 87' lang='lat' dir='ltr'><strong>ex</strong></span> <span class='ocrx_word' id='word_1_103' title='bbox 1888 1113 2112 1176; x_wconf 88' lang='lat' dir='ltr'><strong>argento</strong></span> <span class='ocrx_word' id='word_1_104' title='bbox 2140 1106 2452 1174; x_wconf 88' lang='lat' dir='ltr'><strong>purissimo,</strong></span> <span class='ocrx_word' id='word_1_105' title='bbox 2487 1122 2640 1176; x_wconf 90' lang='lat' dir='ltr'><strong>peus.</strong></span> <span class='ocrx_word' id='word_1_106' title='bbox 2674 1107 2840 1163; x_wconf 88' lang='lat' dir='ltr'><strong>libras</strong></span> <span class='ocrx_word' id='word_1_107' title='bbox 2869 1110 2975 1167; x_wconf 91' lang='lat' dir='ltr'><strong>duo</strong></span> <span class='ocrx_word' id='word_1_108' title='bbox 3005 1113 3152 1169; x_wconf 89' lang='lat' dir='ltr'><strong>mille</strong></span> <span class='ocrx_word' id='word_1_109' title='bbox 3185 1126 3240 1170; x_wconf 90' lang='lat' dir='ltr'><strong>et</strong></span> <span class='ocrx_word' id='word_1_110' title='bbox 3268 1116 3428 1187; x_wconf 83' lang='lat' dir='ltr'><strong>quin-</strong></span> 
     </span>
    </p>
   </div>
   <div class='ocr_carea' id='block_1_10' title="bbox 290 1203 3431 1283">
    <p class='ocr_par' dir='ltr' id='par_1_10' title="bbox 290 1203 3431 1283">
     <span class='ocr_line' id='line_1_10' title="bbox 290 1203 3431 1283; baseline 0.002 -16"><span class='ocrx_word' id='word_1_111' title='bbox 290 1211 494 1277; x_wconf 88' lang='lat' dir='ltr'><strong>decim;</strong></span> <span class='ocrx_word' id='word_1_112' title='bbox 530 1221 738 1264; x_wconf 89' lang='lat' dir='ltr'><strong>necnon</strong></span> <span class='ocrx_word' id='word_1_113' title='bbox 769 1214 825 1260; x_wconf 91' lang='lat' dir='ltr'><strong>et</strong></span> <span class='ocrx_word' id='word_1_114' title='bbox 855 1218 1071 1260; x_wconf 91' lang='lat' dir='ltr'><strong>crucem</strong></span> <span class='ocrx_word' id='word_1_115' title='bbox 1100 1203 1462 1274; x_wconf 86' lang='lat' dir='ltr'><strong>anaglypbam</strong></span> <span class='ocrx_word' id='word_1_116' title='bbox 1491 1203 1860 1258; x_wconf 89' lang='lat' dir='ltr'><strong>interrasilem</strong></span> <span class='ocrx_word' id='word_1_117' title='bbox 1887 1218 1954 1257; x_wconf 83' lang='lat' dir='ltr'><strong>ex</strong></span> <span class='ocrx_word' id='word_1_118' title='bbox 1983 1217 2118 1258; x_wconf 85' lang='lat' dir='ltr'><strong>auro</strong></span> <span class='ocrx_word' id='word_1_119' title='bbox 2147 1203 2458 1273; x_wconf 90' lang='lat' dir='ltr'><strong>purissimo,</strong></span> <span class='ocrx_word' id='word_1_120' title='bbox 2485 1207 2812 1276; x_wconf 89' lang='lat' dir='ltr'><strong>pendentem</strong></span> <span class='ocrx_word' id='word_1_121' title='bbox 2849 1209 2904 1264; x_wconf 90' lang='lat' dir='ltr'><strong>in</strong></span> <span class='ocrx_word' id='word_1_122' title='bbox 2935 1212 3155 1283; x_wconf 85' lang='lat' dir='ltr'><strong>pergula</strong></span> <span class='ocrx_word' id='word_1_123' title='bbox 3193 1222 3320 1272; x_wconf 88' lang='lat' dir='ltr'><strong>ante</strong></span> <span class='ocrx_word' id='word_1_124' title='bbox 3348 1217 3431 1272; x_wconf 89' lang='lat' dir='ltr'><strong>al-</strong></span> 
     </span>
    </p>
   </div>
   <div class='ocr_carea' id='block_1_11' title="bbox 295 1292 3428 1379">
    <p class='ocr_par' dir='ltr' id='par_1_11' title="bbox 295 1292 3428 1379">
     <span class='ocr_line' id='line_1_11' title="bbox 295 1292 3428 1379; baseline 0.002 -15"><span class='ocrx_word' id='word_1_125' title='bbox 295 1317 431 1374; x_wconf 87' lang='lat' dir='ltr'><strong>tare,</strong></span> <span class='ocrx_word' id='word_1_126' title='bbox 458 1292 682 1379; x_wconf 76' lang='lat' dir='ltr'><strong>pensari.</strong></span> <span class='ocrx_word' id='word_1_127' title='bbox 714 1304 880 1360; x_wconf 89' lang='lat' dir='ltr'><strong>libras</strong></span> <span class='ocrx_word' id='word_1_128' title='bbox 901 1303 1159 1358; x_wconf 88' lang='lat' dir='ltr'><strong>tredecim</strong></span> <span class='ocrx_word' id='word_1_129' title='bbox 1189 1320 1202 1369; x_wconf 91' lang='lat'><strong>;</strong></span> <span class='ocrx_word' id='word_1_130' title='bbox 1235 1312 1398 1372; x_wconf 89' lang='lat' dir='ltr'><strong>atque</strong></span> <span class='ocrx_word' id='word_1_131' title='bbox 1434 1302 1612 1357; x_wconf 82' lang='lat' dir='ltr'><strong>velum</strong></span> <span class='ocrx_word' id='word_1_132' title='bbox 1639 1304 1888 1372; x_wconf 87' lang='lat' dir='ltr'><strong>rubeum,</strong></span> <span class='ocrx_word' id='word_1_133' title='bbox 1919 1304 2062 1372; x_wconf 90' lang='lat' dir='ltr'><strong>quod</strong></span> <span class='ocrx_word' id='word_1_134' title='bbox 2118 1303 2316 1366; x_wconf 77' lang='lat' dir='ltr'><strong>pendet</strong></span> <span class='ocrx_word' id='word_1_135' title='bbox 2347 1313 2473 1359; x_wconf 89' lang='lat' dir='ltr'><strong>ante</strong></span> <span class='ocrx_word' id='word_1_136' title='bbox 2501 1305 2692 1368; x_wconf 89' lang='lat' dir='ltr'><strong>altare,</strong></span> <span class='ocrx_word' id='word_1_137' title='bbox 2727 1305 2936 1365; x_wconf 86' lang='lat' dir='ltr'><strong>habens</strong></span> <span class='ocrx_word' id='word_1_138' title='bbox 2981 1309 3037 1365; x_wconf 91' lang='lat' dir='ltr'><strong>in</strong></span> <span class='ocrx_word' id='word_1_139' title='bbox 3083 1312 3262 1367; x_wconf 90' lang='lat' dir='ltr'><strong>medio</strong></span> <span class='ocrx_word' id='word_1_140' title='bbox 3297 1328 3428 1370; x_wconf 86' lang='lat' dir='ltr'><strong>cru-</strong></span> 
     </span>
    </p>
   </div>
   <div class='ocr_carea' id='block_1_12' title="bbox 168 1399 2540 1474">
    <p class='ocr_par' dir='ltr' id='par_1_12' title="bbox 168 1399 2540 1474">
     <span class='ocr_line' id='line_1_12' title="bbox 168 1399 2540 1474; baseline -0.005 -11"><span class='ocrx_word' id='word_1_141' title='bbox 168 1406 251 1464; x_wconf 75' lang='grc'><strong>15</strong></span> <span class='ocrx_word' id='word_1_142' title='bbox 285 1405 502 1462; x_wconf 79' lang='lat' dir='ltr'><strong>cemde</strong></span> <span class='ocrx_word' id='word_1_143' title='bbox 539 1401 890 1473; x_wconf 82' lang='lat' dir='ltr'><strong>chrysoclavo</strong></span> <span class='ocrx_word' id='word_1_144' title='bbox 915 1410 970 1456; x_wconf 90' lang='lat' dir='ltr'><strong>et</strong></span> <span class='ocrx_word' id='word_1_145' title='bbox 993 1399 1286 1472; x_wconf 89' lang='lat' dir='ltr'><strong>periclysin</strong></span> <span class='ocrx_word' id='word_1_146' title='bbox 1315 1401 1383 1456; x_wconf 92' lang='lat' dir='ltr'><strong>de</strong></span> <span class='ocrx_word' id='word_1_147' title='bbox 1422 1399 1794 1474; x_wconf 78' lang='lat' dir='ltr'><strong>chrysoclavo.</strong></span> <span class='ocrx_word' id='word_1_148' title='bbox 2535 1411 2540 1415; x_wconf 53' lang='grc' dir='ltr'><strong>ί</strong></span> 
     </span>
    </p>
   </div>
   <div class='ocr_carea' id='block_1_13' title="bbox 355 1497 3431 1582">
    <p class='ocr_par' dir='ltr' id='par_1_13' title="bbox 355 1497 3431 1582">
     <span class='ocr_line' id='line_1_13' title="bbox 355 1497 3431 1582; baseline 0.005 -29"><span class='ocrx_word' id='word_1_149' title='bbox 355 1500 514 1573; x_wconf 80' lang='lat'><strong>391</strong></span> <span class='ocrx_word' id='word_1_150' title='bbox 548 1498 672 1554; x_wconf 90' lang='lat' dir='ltr'><strong>Pari</strong></span> <span class='ocrx_word' id='word_1_151' title='bbox 704 1499 866 1556; x_wconf 91' lang='lat' dir='ltr'><strong>modo</strong></span> <span class='ocrx_word' id='word_1_152' title='bbox 892 1507 948 1557; x_wconf 90' lang='lat' dir='ltr'><strong>et</strong></span> <span class='ocrx_word' id='word_1_153' title='bbox 995 1501 1050 1554; x_wconf 90' lang='lat' dir='ltr'><strong>in</strong></span> <span class='ocrx_word' id='word_1_154' title='bbox 1078 1498 1302 1555; x_wconf 87' lang='lat' dir='ltr'><strong>basilica</strong></span> <span class='ocrx_word' id='word_1_155' title='bbox 1349 1507 1552 1555; x_wconf 69' lang='lat' dir='ltr'><strong>sancta:</strong></span> <span class='ocrx_word' id='word_1_156' title='bbox 1593 1498 1688 1555; x_wconf 87' lang='lat' dir='ltr'><strong>Dei</strong></span> <span class='ocrx_word' id='word_1_157' title='bbox 1731 1497 2024 1556; x_wconf 88' lang='lat' dir='ltr'><strong>Genitricis</strong></span> <span class='ocrx_word' id='word_1_158' title='bbox 2061 1501 2128 1556; x_wconf 92' lang='lat' dir='ltr'><strong>ad</strong></span> <span class='ocrx_word' id='word_1_159' title='bbox 2166 1501 2414 1572; x_wconf 65' lang='lat' dir='ltr'><strong>Praesepe</strong></span> <span class='ocrx_word' id='word_1_160' title='bbox 2461 1502 2591 1560; x_wconf 89' lang='lat' dir='ltr'><strong>fecit</strong></span> <span class='ocrx_word' id='word_1_161' title='bbox 2620 1507 2882 1577; x_wconf 88' lang='lat' dir='ltr'><strong>gabathas</strong></span> <span class='ocrx_word' id='word_1_162' title='bbox 2907 1508 3145 1582; x_wconf 90' lang='lat' dir='ltr'><strong>quinque</strong></span> <span class='ocrx_word' id='word_1_163' title='bbox 3183 1528 3251 1567; x_wconf 89' lang='lat' dir='ltr'><strong>ex</strong></span> <span class='ocrx_word' id='word_1_164' title='bbox 3295 1527 3431 1568; x_wconf 91' lang='lat' dir='ltr'><strong>auro</strong></span> 
     </span>
    </p>
   </div>
   <div class='ocr_carea' id='block_1_14' title="bbox 285 1594 3429 1674">
    <p class='ocr_par' dir='ltr' id='par_1_14' title="bbox 285 1594 3429 1674">
     <span class='ocr_line' id='line_1_14' title="bbox 285 1594 3429 1674; baseline -0.002 -19"><span class='ocrx_word' id='word_1_165' title='bbox 285 1599 593 1672; x_wconf 88' lang='lat' dir='ltr'><strong>purissimo,</strong></span> <span class='ocrx_word' id='word_1_166' title='bbox 627 1610 852 1668; x_wconf 88' lang='lat' dir='ltr'><strong>pensan.</strong></span> <span class='ocrx_word' id='word_1_167' title='bbox 883 1594 1052 1652; x_wconf 89' lang='lat' dir='ltr'><strong>libras</strong></span> <span class='ocrx_word' id='word_1_168' title='bbox 1074 1603 1198 1651; x_wconf 91' lang='lat' dir='ltr'><strong>octo</strong></span> <span class='ocrx_word' id='word_1_169' title='bbox 1225 1603 1281 1651; x_wconf 91' lang='lat' dir='ltr'><strong>et</strong></span> <span class='ocrx_word' id='word_1_170' title='bbox 1308 1595 1496 1661; x_wconf 87' lang='lat' dir='ltr'><strong>semis,</strong></span> <span class='ocrx_word' id='word_1_171' title='bbox 1528 1603 1690 1666; x_wconf 88' lang='lat' dir='ltr'><strong>atque</strong></span> <span class='ocrx_word' id='word_1_172' title='bbox 1711 1610 1930 1651; x_wconf 89' lang='lat' dir='ltr'><strong>crucem</strong></span> <span class='ocrx_word' id='word_1_173' title='bbox 1966 1611 2031 1650; x_wconf 88' lang='lat' dir='ltr'><strong>ex</strong></span> <span class='ocrx_word' id='word_1_174' title='bbox 2060 1612 2194 1652; x_wconf 88' lang='lat' dir='ltr'><strong>auro</strong></span> <span class='ocrx_word' id='word_1_175' title='bbox 2222 1599 2532 1669; x_wconf 86' lang='lat' dir='ltr'><strong>purissimo,</strong></span> <span class='ocrx_word' id='word_1_176' title='bbox 2572 1617 2797 1672; x_wconf 89' lang='lat' dir='ltr'><strong>pensan.</strong></span> <span class='ocrx_word' id='word_1_177' title='bbox 2828 1604 2995 1662; x_wconf 88' lang='lat' dir='ltr'><strong>libras</strong></span> <span class='ocrx_word' id='word_1_178' title='bbox 3025 1607 3209 1663; x_wconf 87' lang='lat' dir='ltr'><strong>decem</strong></span> <span class='ocrx_word' id='word_1_179' title='bbox 3237 1625 3252 1674; x_wconf 91' lang='lat'><strong>;</strong></span> <span class='ocrx_word' id='word_1_180' title='bbox 3299 1625 3429 1664; x_wconf 77' lang='lat' dir='ltr'><strong>nec-</strong></span> 
     </span>
    </p>
   </div>
   <div class='ocr_carea' id='block_1_15' title="bbox 286 1691 3434 1769">
    <p class='ocr_par' dir='ltr' id='par_1_15' title="bbox 286 1691 3434 1769">
     <span class='ocr_line' id='line_1_15' title="bbox 286 1691 3434 1769; baseline 0.002 -17"><span class='ocrx_word' id='word_1_181' title='bbox 286 1713 398 1753; x_wconf 86' lang='lat' dir='ltr'><strong>non</strong></span> <span class='ocrx_word' id='word_1_182' title='bbox 443 1705 499 1751; x_wconf 89' lang='lat' dir='ltr'><strong>et</strong></span> <span class='ocrx_word' id='word_1_183' title='bbox 541 1709 798 1752; x_wconf 88' lang='lat' dir='ltr'><strong>coronam</strong></span> <span class='ocrx_word' id='word_1_184' title='bbox 831 1692 1093 1764; x_wconf 88' lang='lat' dir='ltr'><strong>majorem</strong></span> <span class='ocrx_word' id='word_1_185' title='bbox 1121 1691 1196 1750; x_wconf 72' lang='lat' dir='ltr'><strong>ex&#39;</strong></span> <span class='ocrx_word' id='word_1_186' title='bbox 1215 1701 1443 1765; x_wconf 87' lang='lat' dir='ltr'><strong>argento</strong></span> <span class='ocrx_word' id='word_1_187' title='bbox 1469 1693 1782 1762; x_wconf 86' lang='lat' dir='ltr'><strong>purissimo,</strong></span> <span class='ocrx_word' id='word_1_188' title='bbox 1837 1710 2061 1765; x_wconf 88' lang='lat' dir='ltr'><strong>pensan.</strong></span> <span class='ocrx_word' id='word_1_189' title='bbox 2107 1695 2273 1752; x_wconf 90' lang='lat' dir='ltr'><strong>libras</strong></span> <span class='ocrx_word' id='word_1_190' title='bbox 2307 1697 2525 1769; x_wconf 85' lang='lat' dir='ltr'><strong>triginta</strong></span> <span class='ocrx_word' id='word_1_191' title='bbox 2557 1715 2671 1754; x_wconf 82' lang='lat' dir='ltr'><strong>sex.</strong></span> <span class='ocrx_word' id='word_1_192' title='bbox 2717 1701 3007 1758; x_wconf 82' lang='lat' dir='ltr'><strong>Enimvero</strong></span> <span class='ocrx_word' id='word_1_193' title='bbox 3036 1713 3091 1758; x_wconf 90' lang='lat' dir='ltr'><strong>et</strong></span> <span class='ocrx_word' id='word_1_194' title='bbox 3136 1705 3266 1759; x_wconf 88' lang='lat' dir='ltr'><strong>inibi</strong></span> <span class='ocrx_word' id='word_1_195' title='bbox 3304 1705 3434 1759; x_wconf 89' lang='lat' dir='ltr'><strong>fecit</strong></span> 
     </span>
    </p>
   </div>
   <div class='ocr_carea' id='block_1_16' title="bbox 280 1791 3430 1874">
    <p class='ocr_par' dir='ltr' id='par_1_16' title="bbox 280 1791 3430 1874">
     <span class='ocr_line' id='line_1_16' title="bbox 280 1791 3430 1874; baseline 0.003 -25"><span class='ocrx_word' id='word_1_196' title='bbox 280 1791 400 1849; x_wconf 85' lang='lat' dir='ltr'><strong>vela</strong></span> <span class='ocrx_word' id='word_1_197' title='bbox 432 1792 552 1848; x_wconf 90' lang='lat' dir='ltr'><strong>alba</strong></span> <span class='ocrx_word' id='word_1_198' title='bbox 589 1791 911 1858; x_wconf 86' lang='lat' dir='ltr'><strong>holoserica,</strong></span> <span class='ocrx_word' id='word_1_199' title='bbox 944 1791 1234 1862; x_wconf 88' lang='lat' dir='ltr'><strong>pendentia</strong></span> <span class='ocrx_word' id='word_1_200' title='bbox 1291 1792 1436 1846; x_wconf 92' lang='lat' dir='ltr'><strong>inter</strong></span> <span class='ocrx_word' id='word_1_201' title='bbox 1463 1791 1745 1848; x_wconf 88' lang='lat' dir='ltr'><strong>columnas</strong></span> <span class='ocrx_word' id='word_1_202' title='bbox 1794 1792 2050 1861; x_wconf 87' lang='lat' dir='ltr'><strong>majores,</strong></span> <span class='ocrx_word' id='word_1_203' title='bbox 2098 1794 2286 1850; x_wconf 81' lang='lat' dir='ltr'><strong>dextra</strong></span> <span class='ocrx_word' id='word_1_204' title='bbox 2317 1795 2580 1867; x_wconf 80' lang='lat' dir='ltr'><strong>laevaque,</strong></span> <span class='ocrx_word' id='word_1_205' title='bbox 2624 1815 2850 1855; x_wconf 91' lang='lat' dir='ltr'><strong>numero</strong></span> <span class='ocrx_word' id='word_1_206' title='bbox 2894 1802 3251 1874; x_wconf 74' lang='lat' dir='ltr'><strong>quadraginta</strong></span> <span class='ocrx_word' id='word_1_207' title='bbox 3301 1805 3430 1869; x_wconf 91' lang='lat' dir='ltr'><strong>duo,</strong></span> 
     </span>
    </p>
   </div>
   <div class='ocr_carea' id='block_1_17' title="bbox 205 1886 3435 1969">
    <p class='ocr_par' dir='ltr' id='par_1_17' title="bbox 205 1886 3435 1969">
     <span class='ocr_line' id='line_1_17' title="bbox 205 1886 3435 1969; baseline 0.003 -26"><span class='ocrx_word' id='word_1_208' title='bbox 205 1888 248 1943; x_wconf 84' lang='lat'><strong>5</strong></span> <span class='ocrx_word' id='word_1_209' title='bbox 280 1904 349 1944; x_wconf 78' lang='lat' dir='ltr'><strong>ex</strong></span> <span class='ocrx_word' id='word_1_210' title='bbox 375 1889 571 1960; x_wconf 91' lang='lat' dir='ltr'><strong>quibus</strong></span> <span class='ocrx_word' id='word_1_211' title='bbox 600 1887 851 1944; x_wconf 88' lang='lat' dir='ltr'><strong>undecim</strong></span> <span class='ocrx_word' id='word_1_212' title='bbox 880 1896 1082 1943; x_wconf 90' lang='lat' dir='ltr'><strong>rosata.</strong></span> <span class='ocrx_word' id='word_1_213' title='bbox 1113 1886 1264 1943; x_wconf 89' lang='lat' dir='ltr'><strong>Fecit</strong></span> <span class='ocrx_word' id='word_1_214' title='bbox 1293 1895 1347 1944; x_wconf 91' lang='lat' dir='ltr'><strong>et</strong></span> <span class='ocrx_word' id='word_1_215' title='bbox 1373 1888 1428 1943; x_wconf 91' lang='lat' dir='ltr'><strong>in</strong></span> <span class='ocrx_word' id='word_1_216' title='bbox 1460 1887 1692 1944; x_wconf 89' lang='lat' dir='ltr'><strong>circuitu</strong></span> <span class='ocrx_word' id='word_1_217' title='bbox 1725 1888 1912 1944; x_wconf 90' lang='lat' dir='ltr'><strong>altaris</strong></span> <span class='ocrx_word' id='word_1_218' title='bbox 1942 1889 2033 1944; x_wconf 88' lang='lat' dir='ltr'><strong>ubi</strong></span> <span class='ocrx_word' id='word_1_219' title='bbox 2076 1906 2237 1961; x_wconf 87' lang='lat' dir='ltr'><strong>supra</strong></span> <span class='ocrx_word' id='word_1_220' title='bbox 2280 1891 2385 1946; x_wconf 89' lang='lat' dir='ltr'><strong>alia</strong></span> <span class='ocrx_word' id='word_1_221' title='bbox 2415 1893 2531 1949; x_wconf 88' lang='lat' dir='ltr'><strong>vela</strong></span> <span class='ocrx_word' id='word_1_222' title='bbox 2577 1894 2696 1950; x_wconf 88' lang='lat' dir='ltr'><strong>alba</strong></span> <span class='ocrx_word' id='word_1_223' title='bbox 2745 1896 3049 1954; x_wconf 87' lang='lat' dir='ltr'><strong>holoserica</strong></span> <span class='ocrx_word' id='word_1_224' title='bbox 3076 1907 3278 1964; x_wconf 88' lang='lat' dir='ltr'><strong>rosata,</strong></span> <span class='ocrx_word' id='word_1_225' title='bbox 3311 1914 3435 1969; x_wconf 76' lang='lat' dir='ltr'><strong>qua:</strong></span> 
     </span>
    </p>
   </div>
   <div class='ocr_carea' id='block_1_18' title="bbox 280 1985 3436 2065">
    <p class='ocr_par' dir='ltr' id='par_1_18' title="bbox 280 1985 3436 2065">
     <span class='ocr_line' id='line_1_18' title="bbox 280 1985 3436 2065; baseline 0.003 -24"><span class='ocrx_word' id='word_1_226' title='bbox 280 1985 518 2058; x_wconf 89' lang='lat' dir='ltr'><strong>pendent</strong></span> <span class='ocrx_word' id='word_1_227' title='bbox 543 1986 598 2040; x_wconf 90' lang='lat' dir='ltr'><strong>in</strong></span> <span class='ocrx_word' id='word_1_228' title='bbox 627 2001 757 2042; x_wconf 92' lang='lat' dir='ltr'><strong>arcu</strong></span> <span class='ocrx_word' id='word_1_229' title='bbox 785 1987 850 2042; x_wconf 92' lang='lat' dir='ltr'><strong>de</strong></span> <span class='ocrx_word' id='word_1_230' title='bbox 879 1985 1106 2053; x_wconf 84' lang='lat' dir='ltr'><strong>ciborio,</strong></span> <span class='ocrx_word' id='word_1_231' title='bbox 1140 2001 1371 2042; x_wconf 91' lang='lat' dir='ltr'><strong>numero</strong></span> <span class='ocrx_word' id='word_1_232' title='bbox 1390 1996 1646 2058; x_wconf 85' lang='lat' dir='ltr'><strong>quatuor,</strong></span> <span class='ocrx_word' id='word_1_233' title='bbox 1672 2001 1736 2042; x_wconf 81' lang='lat' dir='ltr'><strong>ex</strong></span> <span class='ocrx_word' id='word_1_234' title='bbox 1763 1988 1958 2058; x_wconf 90' lang='lat' dir='ltr'><strong>quibus</strong></span> <span class='ocrx_word' id='word_1_235' title='bbox 1982 2003 2147 2043; x_wconf 90' lang='lat' dir='ltr'><strong>unam</strong></span> <span class='ocrx_word' id='word_1_236' title='bbox 2177 2005 2301 2044; x_wconf 90' lang='lat' dir='ltr'><strong>cum</strong></span> <span class='ocrx_word' id='word_1_237' title='bbox 2330 1991 2684 2062; x_wconf 83' lang='lat' dir='ltr'><strong>chrysoclavo</strong></span> <span class='ocrx_word' id='word_1_238' title='bbox 2711 2002 2766 2047; x_wconf 92' lang='lat' dir='ltr'><strong>et</strong></span> <span class='ocrx_word' id='word_1_239' title='bbox 2791 1997 3120 2065; x_wconf 87' lang='lat' dir='ltr'><strong>margaritis,</strong></span> <span class='ocrx_word' id='word_1_240' title='bbox 3152 2004 3316 2065; x_wconf 88' lang='lat' dir='ltr'><strong>atque</strong></span> <span class='ocrx_word' id='word_1_241' title='bbox 3342 2011 3436 2052; x_wconf 92' lang='lat' dir='ltr'><strong>ve-</strong></span> 
     </span>
    </p>
   </div>
   <div class='ocr_carea' id='block_1_19' title="bbox 284 2082 3436 2158">
    <p class='ocr_par' dir='ltr' id='par_1_19' title="bbox 284 2082 3436 2158">
     <span class='ocr_line' id='line_1_19' title="bbox 284 2082 3436 2158; baseline 0.004 -21"><span class='ocrx_word' id='word_1_242' title='bbox 284 2082 394 2138; x_wconf 90' lang='lat' dir='ltr'><strong>lum</strong></span> <span class='ocrx_word' id='word_1_243' title='bbox 421 2083 566 2140; x_wconf 90' lang='lat' dir='ltr'><strong>aliud</strong></span> <span class='ocrx_word' id='word_1_244' title='bbox 614 2084 790 2156; x_wconf 87' lang='lat' dir='ltr'><strong>majus</strong></span> <span class='ocrx_word' id='word_1_245' title='bbox 833 2085 1037 2152; x_wconf 90' lang='lat' dir='ltr'><strong>album,</strong></span> <span class='ocrx_word' id='word_1_246' title='bbox 1088 2086 1231 2156; x_wconf 90' lang='lat' dir='ltr'><strong>quod</strong></span> <span class='ocrx_word' id='word_1_247' title='bbox 1257 2087 1454 2156; x_wconf 86' lang='lat' dir='ltr'><strong>pendet</strong></span> <span class='ocrx_word' id='word_1_248' title='bbox 1495 2095 1622 2142; x_wconf 89' lang='lat' dir='ltr'><strong>ante</strong></span> <span class='ocrx_word' id='word_1_249' title='bbox 1650 2087 1828 2158; x_wconf 83' lang='lat' dir='ltr'><strong>regias</strong></span> <span class='ocrx_word' id='word_1_250' title='bbox 1861 2087 2095 2158; x_wconf 89' lang='lat' dir='ltr'><strong>majores</strong></span> <span class='ocrx_word' id='word_1_251' title='bbox 2133 2088 2187 2142; x_wconf 92' lang='lat' dir='ltr'><strong>in</strong></span> <span class='ocrx_word' id='word_1_252' title='bbox 2211 2089 2458 2145; x_wconf 86' lang='lat' dir='ltr'><strong>introitu.</strong></span> <span class='ocrx_word' id='word_1_253' title='bbox 2489 2091 2651 2147; x_wconf 89' lang='lat' dir='ltr'><strong>Sarta</strong></span> <span class='ocrx_word' id='word_1_254' title='bbox 2675 2101 2815 2149; x_wconf 91' lang='lat' dir='ltr'><strong>tecta</strong></span> <span class='ocrx_word' id='word_1_255' title='bbox 2831 2106 2963 2152; x_wconf 70' lang='lat' dir='ltr'><strong>vero</strong></span> <span class='ocrx_word' id='word_1_256' title='bbox 2994 2092 3224 2148; x_wconf 91' lang='lat' dir='ltr'><strong>ecclesia</strong></span> <span class='ocrx_word' id='word_1_257' title='bbox 3261 2092 3436 2151; x_wconf 82' lang='lat' dir='ltr'><strong>beatae</strong></span> 
     </span>
    </p>
   </div>
   <div class='ocr_carea' id='block_1_20' title="bbox 282 2181 3432 2259">
    <p class='ocr_par' dir='ltr' id='par_1_20' title="bbox 282 2181 3432 2259">
     <span class='ocr_line' id='line_1_20' title="bbox 282 2181 3432 2259; baseline 0.002 -23"><span class='ocrx_word' id='word_1_258' title='bbox 282 2182 495 2248; x_wconf 75' lang='lat' dir='ltr'><strong>Aarete,</strong></span> <span class='ocrx_word' id='word_1_259' title='bbox 524 2182 641 2238; x_wconf 84' lang='lat' dir='ltr'><strong>sitae</strong></span> <span class='ocrx_word' id='word_1_260' title='bbox 671 2183 724 2238; x_wconf 91' lang='lat' dir='ltr'><strong>in</strong></span> <span class='ocrx_word' id='word_1_261' title='bbox 760 2181 933 2250; x_wconf 90' lang='lat' dir='ltr'><strong>Ostia,</strong></span> <span class='ocrx_word' id='word_1_262' title='bbox 964 2183 1148 2239; x_wconf 88' lang='lat' dir='ltr'><strong>omnia</strong></span> <span class='ocrx_word' id='word_1_263' title='bbox 1172 2183 1382 2238; x_wconf 91' lang='lat' dir='ltr'><strong>noviter</strong></span> <span class='ocrx_word' id='word_1_264' title='bbox 1412 2184 1702 2252; x_wconf 86' lang='lat' dir='ltr'><strong>reparavit.</strong></span> <span class='ocrx_word' id='word_1_265' title='bbox 1737 2183 2040 2239; x_wconf 88' lang='lat' dir='ltr'><strong>Ecclesiam</strong></span> <span class='ocrx_word' id='word_1_266' title='bbox 2061 2200 2194 2240; x_wconf 90' lang='lat' dir='ltr'><strong>vero</strong></span> <span class='ocrx_word' id='word_1_267' title='bbox 2212 2185 2358 2241; x_wconf 90' lang='lat' dir='ltr'><strong>beati</strong></span> <span class='ocrx_word' id='word_1_268' title='bbox 2389 2186 2652 2254; x_wconf 84' lang='lat' dir='ltr'><strong>Marcelli,</strong></span> <span class='ocrx_word' id='word_1_269' title='bbox 2675 2189 2835 2245; x_wconf 87' lang='lat' dir='ltr'><strong>sitam</strong></span> <span class='ocrx_word' id='word_1_270' title='bbox 2869 2189 2925 2244; x_wconf 92' lang='lat' dir='ltr'><strong>in</strong></span> <span class='ocrx_word' id='word_1_271' title='bbox 2955 2197 3149 2259; x_wconf 88' lang='lat' dir='ltr'><strong>quarto</strong></span> <span class='ocrx_word' id='word_1_272' title='bbox 3199 2189 3432 2244; x_wconf 68' lang='lat' dir='ltr'><strong>decimOv</strong></span> 
     </span>
    </p>
   </div>
   <div class='ocr_carea' id='block_1_21' title="bbox 281 2279 3436 2354">
    <p class='ocr_par' dir='ltr' id='par_1_21' title="bbox 281 2279 3436 2354">
     <span class='ocr_line' id='line_1_21' title="bbox 281 2279 3436 2354; baseline 0.002 -21"><span class='ocrx_word' id='word_1_273' title='bbox 281 2293 401 2350; x_wconf 68' lang='lat' dir='ltr'><strong>qua:</strong></span> <span class='ocrx_word' id='word_1_274' title='bbox 427 2280 497 2334; x_wconf 90' lang='lat' dir='ltr'><strong>ab</strong></span> <span class='ocrx_word' id='word_1_275' title='bbox 518 2279 640 2349; x_wconf 90' lang='lat' dir='ltr'><strong>igne</strong></span> <span class='ocrx_word' id='word_1_276' title='bbox 666 2279 843 2336; x_wconf 83' lang='lat' dir='ltr'><strong>fuerat</strong></span> <span class='ocrx_word' id='word_1_277' title='bbox 869 2287 1082 2345; x_wconf 87' lang='lat' dir='ltr'><strong>exusta,</strong></span> <span class='ocrx_word' id='word_1_278' title='bbox 1106 2280 1276 2336; x_wconf 89' lang='lat' dir='ltr'><strong>isdem</strong></span> <span class='ocrx_word' id='word_1_279' title='bbox 1307 2279 1573 2334; x_wconf 86' lang='lat' dir='ltr'><strong>almifleus</strong></span> <span class='ocrx_word' id='word_1_280' title='bbox 1603 2280 1801 2349; x_wconf 71' lang='lat' dir='ltr'><strong>prmsul</strong></span> <span class='ocrx_word' id='word_1_281' title='bbox 1830 2281 1885 2335; x_wconf 92' lang='lat' dir='ltr'><strong>in</strong></span> <span class='ocrx_word' id='word_1_282' title='bbox 1907 2281 2159 2336; x_wconf 90' lang='lat' dir='ltr'><strong>omnibus</strong></span> <span class='ocrx_word' id='word_1_283' title='bbox 2187 2283 2400 2338; x_wconf 90' lang='lat' dir='ltr'><strong>noviter</strong></span> <span class='ocrx_word' id='word_1_284' title='bbox 2443 2286 2792 2340; x_wconf 87' lang='lat' dir='ltr'><strong>restauravit.</strong></span> <span class='ocrx_word' id='word_1_285' title='bbox 2821 2285 2939 2354; x_wconf 89' lang='lat' dir='ltr'><strong>Ipse</strong></span> <span class='ocrx_word' id='word_1_286' title='bbox 2969 2300 3102 2340; x_wconf 90' lang='lat' dir='ltr'><strong>vero</strong></span> <span class='ocrx_word' id='word_1_287' title='bbox 3142 2284 3436 2354; x_wconf 62' lang='lat' dir='ltr'><strong>praeclarus</strong></span> 
     </span>
    </p>
   </div>
   <div class='ocr_carea' id='block_1_22' title="bbox 165 2373 3435 2447">
    <p class='ocr_par' dir='ltr' id='par_1_22' title="bbox 165 2373 3435 2447">
     <span class='ocr_line' id='line_1_22' title="bbox 165 2373 3435 2447; baseline 0.001 -15"><span class='ocrx_word' id='word_1_288' title='bbox 165 2373 245 2432; x_wconf 77' lang='grc'><strong>10</strong></span> <span class='ocrx_word' id='word_1_289' title='bbox 281 2374 526 2447; x_wconf 78' lang='lat' dir='ltr'><strong>pontifex</strong></span> <span class='ocrx_word' id='word_1_290' title='bbox 559 2374 687 2432; x_wconf 88' lang='lat' dir='ltr'><strong>fecit</strong></span> <span class='ocrx_word' id='word_1_291' title='bbox 713 2375 764 2430; x_wconf 93' lang='lat' dir='ltr'><strong>in</strong></span> <span class='ocrx_word' id='word_1_292' title='bbox 788 2374 1012 2431; x_wconf 87' lang='lat' dir='ltr'><strong>basilica</strong></span> <span class='ocrx_word' id='word_1_293' title='bbox 1047 2373 1370 2440; x_wconf 86' lang='lat' dir='ltr'><strong>Salvatoris,</strong></span> <span class='ocrx_word' id='word_1_294' title='bbox 1403 2390 1523 2445; x_wconf 84' lang='lat' dir='ltr'><strong>quae</strong></span> <span class='ocrx_word' id='word_1_295' title='bbox 1553 2375 1858 2445; x_wconf 87' lang='lat' dir='ltr'><strong>appellatur</strong></span> <span class='ocrx_word' id='word_1_296' title='bbox 1879 2374 2345 2441; x_wconf 88' lang='lat' dir='ltr'><strong>Constantiniana,</strong></span> <span class='ocrx_word' id='word_1_297' title='bbox 2379 2379 2627 2435; x_wconf 88' lang='lat' dir='ltr'><strong>tetravila</strong></span> <span class='ocrx_word' id='word_1_298' title='bbox 2652 2381 2705 2434; x_wconf 92' lang='lat' dir='ltr'><strong>in</strong></span> <span class='ocrx_word' id='word_1_299' title='bbox 2727 2381 2960 2436; x_wconf 89' lang='lat' dir='ltr'><strong>circuitu</strong></span> <span class='ocrx_word' id='word_1_300' title='bbox 2983 2380 3171 2436; x_wconf 89' lang='lat' dir='ltr'><strong>altaris</strong></span> <span class='ocrx_word' id='word_1_301' title='bbox 3194 2381 3317 2436; x_wconf 90' lang='lat' dir='ltr'><strong>alba</strong></span> <span class='ocrx_word' id='word_1_302' title='bbox 3337 2381 3435 2436; x_wconf 86' lang='lat' dir='ltr'><strong>ho-</strong></span> 
     </span>
    </p>
   </div>
   <div class='ocr_carea' id='block_1_23' title="bbox 281 2465 3436 2540">
    <p class='ocr_par' dir='ltr' id='par_1_23' title="bbox 281 2465 3436 2540">
     <span class='ocr_line' id='line_1_23' title="bbox 281 2465 3436 2540; baseline 0.001 -17"><span class='ocrx_word' id='word_1_303' title='bbox 281 2465 535 2532; x_wconf 91' lang='lat' dir='ltr'><strong>loserica,</strong></span> <span class='ocrx_word' id='word_1_304' title='bbox 565 2482 633 2523; x_wconf 85' lang='lat' dir='ltr'><strong>ex</strong></span> <span class='ocrx_word' id='word_1_305' title='bbox 656 2466 854 2537; x_wconf 80' lang='lat' dir='ltr'><strong>quibhs</strong></span> <span class='ocrx_word' id='word_1_306' title='bbox 883 2482 1051 2522; x_wconf 91' lang='lat' dir='ltr'><strong>unum</strong></span> <span class='ocrx_word' id='word_1_307' title='bbox 1084 2465 1252 2523; x_wconf 87' lang='lat' dir='ltr'><strong>habet</strong></span> <span class='ocrx_word' id='word_1_308' title='bbox 1272 2467 1327 2521; x_wconf 93' lang='lat' dir='ltr'><strong>in</strong></span> <span class='ocrx_word' id='word_1_309' title='bbox 1356 2466 1536 2522; x_wconf 90' lang='lat' dir='ltr'><strong>medio</strong></span> <span class='ocrx_word' id='word_1_310' title='bbox 1562 2465 1801 2522; x_wconf 90' lang='lat' dir='ltr'><strong>tabulam</strong></span> <span class='ocrx_word' id='word_1_311' title='bbox 1833 2480 1954 2521; x_wconf 92' lang='lat' dir='ltr'><strong>cum</strong></span> <span class='ocrx_word' id='word_1_312' title='bbox 1983 2481 2146 2523; x_wconf 92' lang='lat' dir='ltr'><strong>cruce</strong></span> <span class='ocrx_word' id='word_1_313' title='bbox 2177 2469 2244 2524; x_wconf 89' lang='lat' dir='ltr'><strong>de</strong></span> <span class='ocrx_word' id='word_1_314' title='bbox 2269 2467 2643 2540; x_wconf 85' lang='lat' dir='ltr'><strong>cbrysoclavo.</strong></span> <span class='ocrx_word' id='word_1_315' title='bbox 2677 2470 2790 2528; x_wconf 94' lang='lat' dir='ltr'><strong>lmo</strong></span> <span class='ocrx_word' id='word_1_316' title='bbox 2816 2479 2871 2526; x_wconf 92' lang='lat' dir='ltr'><strong>et</strong></span> <span class='ocrx_word' id='word_1_317' title='bbox 2898 2471 2952 2526; x_wconf 92' lang='lat' dir='ltr'><strong>in</strong></span> <span class='ocrx_word' id='word_1_318' title='bbox 2981 2472 3171 2528; x_wconf 90' lang='lat' dir='ltr'><strong>eadem</strong></span> <span class='ocrx_word' id='word_1_319' title='bbox 3207 2471 3436 2528; x_wconf 85' lang='lat' dir='ltr'><strong>basilica</strong></span> 
     </span>
    </p>
   </div>
   <div class='ocr_carea' id='block_1_24' title="bbox 279 2562 3434 2642">
    <p class='ocr_par' dir='ltr' id='par_1_24' title="bbox 279 2562 3434 2642">
     <span class='ocr_line' id='line_1_24' title="bbox 279 2562 3434 2642; baseline 0.002 -21"><span class='ocrx_word' id='word_1_320' title='bbox 279 2563 578 2621; x_wconf 83' lang='lat' dir='ltr'><strong>Salvatoris</strong></span> <span class='ocrx_word' id='word_1_321' title='bbox 596 2563 811 2620; x_wconf 92' lang='lat' dir='ltr'><strong>Domini</strong></span> <span class='ocrx_word' id='word_1_322' title='bbox 841 2564 1008 2622; x_wconf 86' lang='lat' dir='ltr'><strong>nostri</strong></span> <span class='ocrx_word' id='word_1_323' title='bbox 1039 2562 1167 2622; x_wconf 86' lang='lat' dir='ltr'><strong>Jesu</strong></span> <span class='ocrx_word' id='word_1_324' title='bbox 1189 2564 1391 2620; x_wconf 88' lang='lat' dir='ltr'><strong>Christi</strong></span> <span class='ocrx_word' id='word_1_325' title='bbox 1423 2564 1711 2620; x_wconf 85' lang='lat' dir='ltr'><strong>renovavit</strong></span> <span class='ocrx_word' id='word_1_326' title='bbox 1738 2564 1910 2620; x_wconf 85' lang='lat' dir='ltr'><strong>altare</strong></span> <span class='ocrx_word' id='word_1_327' title='bbox 1935 2564 2111 2635; x_wconf 89' lang='lat' dir='ltr'><strong>majus</strong></span> <span class='ocrx_word' id='word_1_328' title='bbox 2134 2566 2286 2622; x_wconf 76' lang='lat' dir='ltr'><strong>mira:</strong></span> <span class='ocrx_word' id='word_1_329' title='bbox 2312 2567 2724 2636; x_wconf 88' lang='lat' dir='ltr'><strong>magnitudinis,</strong></span> <span class='ocrx_word' id='word_1_330' title='bbox 2759 2571 3078 2627; x_wconf 89' lang='lat' dir='ltr'><strong>decoratum</strong></span> <span class='ocrx_word' id='word_1_331' title='bbox 3111 2587 3180 2626; x_wconf 83' lang='lat' dir='ltr'><strong>ex</strong></span> <span class='ocrx_word' id='word_1_332' title='bbox 3205 2583 3434 2642; x_wconf 87' lang='lat' dir='ltr'><strong>argento</strong></span> 
     </span>
    </p>
   </div>
   <div class='ocr_carea' id='block_1_25' title="bbox 282 2646 3434 2736">
    <p class='ocr_par' dir='ltr' id='par_1_25' title="bbox 282 2646 3434 2736">
     <span class='ocr_line' id='line_1_25' title="bbox 282 2646 3434 2736; baseline 0.002 -20"><span class='ocrx_word' id='word_1_333' title='bbox 282 2659 598 2732; x_wconf 87' lang='lat' dir='ltr'><strong>purissimo,</strong></span> <span class='ocrx_word' id='word_1_334' title='bbox 624 2671 852 2730; x_wconf 87' lang='lat' dir='ltr'><strong>pensan.</strong></span> <span class='ocrx_word' id='word_1_335' title='bbox 880 2646 1050 2712; x_wconf 76' lang='lat' dir='ltr'><strong>libras</strong></span> <span class='ocrx_word' id='word_1_336' title='bbox 1078 2656 1360 2727; x_wconf 81' lang='lat' dir='ltr'><strong>sexaginta</strong></span> <span class='ocrx_word' id='word_1_337' title='bbox 1391 2663 1446 2710; x_wconf 91' lang='lat' dir='ltr'><strong>et</strong></span> <span class='ocrx_word' id='word_1_338' title='bbox 1466 2669 1681 2711; x_wconf 87' lang='lat' dir='ltr'><strong>novem.</strong></span> <span class='ocrx_word' id='word_1_339' title='bbox 1711 2654 1866 2711; x_wconf 91' lang='lat' dir='ltr'><strong>Fecit</strong></span> <span class='ocrx_word' id='word_1_340' title='bbox 1894 2665 1951 2711; x_wconf 92' lang='lat' dir='ltr'><strong>et</strong></span> <span class='ocrx_word' id='word_1_341' title='bbox 1982 2656 2038 2712; x_wconf 93' lang='lat' dir='ltr'><strong>in</strong></span> <span class='ocrx_word' id='word_1_342' title='bbox 2084 2657 2310 2714; x_wconf 90' lang='lat' dir='ltr'><strong>basilica</strong></span> <span class='ocrx_word' id='word_1_343' title='bbox 2356 2668 2559 2715; x_wconf 54' lang='lat' dir='ltr'><strong>sanctae</strong></span> <span class='ocrx_word' id='word_1_344' title='bbox 2602 2661 2699 2716; x_wconf 90' lang='lat' dir='ltr'><strong>Dei</strong></span> <span class='ocrx_word' id='word_1_345' title='bbox 2739 2661 3030 2721; x_wconf 87' lang='lat' dir='ltr'><strong>Cenitricis</strong></span> <span class='ocrx_word' id='word_1_346' title='bbox 3075 2665 3143 2720; x_wconf 93' lang='lat' dir='ltr'><strong>ad</strong></span> <span class='ocrx_word' id='word_1_347' title='bbox 3181 2665 3434 2736; x_wconf 75' lang='lat' dir='ltr'><strong>Praesepe</strong></span> 
     </span>
    </p>
   </div>
   <div class='ocr_carea' id='block_1_26' title="bbox 279 2754 3434 2829">
    <p class='ocr_par' dir='ltr' id='par_1_26' title="bbox 279 2754 3434 2829">
     <span class='ocr_line' id='line_1_26' title="bbox 279 2754 3434 2829; baseline 0.002 -17"><span class='ocrx_word' id='word_1_348' title='bbox 279 2766 486 2813; x_wconf 88' lang='lat' dir='ltr'><strong>vestem</strong></span> <span class='ocrx_word' id='word_1_349' title='bbox 515 2755 922 2828; x_wconf 82' lang='lat' dir='ltr'><strong>ehrysoclavam</strong></span> <span class='ocrx_word' id='word_1_350' title='bbox 952 2769 1077 2810; x_wconf 89' lang='lat' dir='ltr'><strong>cum</strong></span> <span class='ocrx_word' id='word_1_351' title='bbox 1109 2754 1422 2826; x_wconf 87' lang='lat' dir='ltr'><strong>margaritis</strong></span> <span class='ocrx_word' id='word_1_352' title='bbox 1444 2762 1718 2821; x_wconf 89' lang='lat' dir='ltr'><strong>ornatam,</strong></span> <span class='ocrx_word' id='word_1_353' title='bbox 1745 2755 2037 2812; x_wconf 81' lang='lat' dir='ltr'><strong>habentem</strong></span> <span class='ocrx_word' id='word_1_354' title='bbox 2068 2756 2348 2812; x_wconf 85' lang='lat' dir='ltr'><strong>historiam</strong></span> <span class='ocrx_word' id='word_1_355' title='bbox 2386 2759 2680 2816; x_wconf 74' lang='lat' dir='ltr'><strong>Dominica:</strong></span> <span class='ocrx_word' id='word_1_356' title='bbox 2703 2759 3049 2829; x_wconf 79' lang='lat' dir='ltr'><strong>Nativitatis;</strong></span> <span class='ocrx_word' id='word_1_357' title='bbox 3080 2761 3241 2816; x_wconf 89' lang='lat' dir='ltr'><strong>simul</strong></span> <span class='ocrx_word' id='word_1_358' title='bbox 3265 2762 3434 2817; x_wconf 89' lang='lat' dir='ltr'><strong>etiam</strong></span> 
     </span>
    </p>
   </div>
   <div class='ocr_carea' id='block_1_27' title="bbox 169 2852 3435 2929">
    <p class='ocr_par' dir='ltr' id='par_1_27' title="bbox 169 2852 3435 2929">
     <span class='ocr_line' id='line_1_27' title="bbox 169 2852 3435 2929; baseline -0 -15"><span class='ocrx_word' id='word_1_359' title='bbox 169 2855 250 2914; x_wconf 80' lang='grc'><strong>15</strong></span> <span class='ocrx_word' id='word_1_360' title='bbox 284 2864 344 2913; x_wconf 93' lang='lat' dir='ltr'><strong>et</strong></span> <span class='ocrx_word' id='word_1_361' title='bbox 361 2870 522 2912; x_wconf 90' lang='lat' dir='ltr'><strong>arcus</strong></span> <span class='ocrx_word' id='word_1_362' title='bbox 551 2855 688 2912; x_wconf 88' lang='lat' dir='ltr'><strong>duos</strong></span> <span class='ocrx_word' id='word_1_363' title='bbox 710 2869 777 2910; x_wconf 79' lang='lat' dir='ltr'><strong>ex</strong></span> <span class='ocrx_word' id='word_1_364' title='bbox 793 2862 1017 2926; x_wconf 90' lang='lat' dir='ltr'><strong>argento</strong></span> <span class='ocrx_word' id='word_1_365' title='bbox 1051 2852 1106 2908; x_wconf 93' lang='lat' dir='ltr'><strong>in</strong></span> <span class='ocrx_word' id='word_1_366' title='bbox 1135 2853 1496 2925; x_wconf 83' lang='lat' dir='ltr'><strong>presbyterio,</strong></span> <span class='ocrx_word' id='word_1_367' title='bbox 1526 2868 1651 2909; x_wconf 90' lang='lat' dir='ltr'><strong>cum</strong></span> <span class='ocrx_word' id='word_1_368' title='bbox 1678 2852 1946 2909; x_wconf 90' lang='lat' dir='ltr'><strong>columnis</strong></span> <span class='ocrx_word' id='word_1_369' title='bbox 1970 2862 2222 2924; x_wconf 90' lang='lat' dir='ltr'><strong>quatuor,</strong></span> <span class='ocrx_word' id='word_1_370' title='bbox 2251 2864 2307 2910; x_wconf 92' lang='lat' dir='ltr'><strong>et</strong></span> <span class='ocrx_word' id='word_1_371' title='bbox 2337 2855 2474 2911; x_wconf 92' lang='lat' dir='ltr'><strong>alios</strong></span> <span class='ocrx_word' id='word_1_372' title='bbox 2504 2872 2667 2912; x_wconf 89' lang='lat' dir='ltr'><strong>arcus</strong></span> <span class='ocrx_word' id='word_1_373' title='bbox 2691 2859 2955 2928; x_wconf 86' lang='lat' dir='ltr'><strong>quinque,</strong></span> <span class='ocrx_word' id='word_1_374' title='bbox 3002 2873 3228 2929; x_wconf 90' lang='lat' dir='ltr'><strong>pensan.</strong></span> <span class='ocrx_word' id='word_1_375' title='bbox 3263 2859 3435 2914; x_wconf 90' lang='lat' dir='ltr'><strong>libras</strong></span> 
     </span>
    </p>
   </div>
   <div class='ocr_carea' id='block_1_28' title="bbox 285 2947 3428 3026">
    <p class='ocr_par' dir='ltr' id='par_1_28' title="bbox 285 2947 3428 3026">
     <span class='ocr_line' id='line_1_28' title="bbox 285 2947 3428 3026; baseline 0.002 -19"><span class='ocrx_word' id='word_1_376' title='bbox 285 2959 508 3008; x_wconf 86' lang='lat' dir='ltr'><strong>centum</strong></span> <span class='ocrx_word' id='word_1_377' title='bbox 539 2949 758 3022; x_wconf 86' lang='lat' dir='ltr'><strong>triginta</strong></span> <span class='ocrx_word' id='word_1_378' title='bbox 783 2957 838 3006; x_wconf 91' lang='lat' dir='ltr'><strong>et</strong></span> <span class='ocrx_word' id='word_1_379' title='bbox 861 2958 990 3004; x_wconf 90' lang='lat' dir='ltr'><strong>tres.</strong></span> <span class='ocrx_word' id='word_1_380' title='bbox 1023 2947 1195 3005; x_wconf 90' lang='lat' dir='ltr'><strong>Isdem</strong></span> <span class='ocrx_word' id='word_1_381' title='bbox 1218 2964 1348 3006; x_wconf 91' lang='lat' dir='ltr'><strong>vero</strong></span> <span class='ocrx_word' id='word_1_382' title='bbox 1367 2949 1674 3020; x_wconf 81' lang='lat' dir='ltr'><strong>praecipuus</strong></span> <span class='ocrx_word' id='word_1_383' title='bbox 1700 2949 1898 3020; x_wconf 83' lang='lat' dir='ltr'><strong>praesul</strong></span> <span class='ocrx_word' id='word_1_384' title='bbox 1930 2950 2054 3005; x_wconf 90' lang='lat' dir='ltr'><strong>fecit</strong></span> <span class='ocrx_word' id='word_1_385' title='bbox 2083 2950 2136 3004; x_wconf 93' lang='lat' dir='ltr'><strong>in</strong></span> <span class='ocrx_word' id='word_1_386' title='bbox 2165 2950 2388 3006; x_wconf 88' lang='lat' dir='ltr'><strong>basilica</strong></span> <span class='ocrx_word' id='word_1_387' title='bbox 2413 2961 2614 3008; x_wconf 57' lang='lat' dir='ltr'><strong>sancta</strong></span> <span class='ocrx_word' id='word_1_388' title='bbox 2635 2952 2731 3008; x_wconf 91' lang='lat' dir='ltr'><strong>Dei</strong></span> <span class='ocrx_word' id='word_1_389' title='bbox 2757 2953 3053 3010; x_wconf 86' lang='lat' dir='ltr'><strong>Genitricis</strong></span> <span class='ocrx_word' id='word_1_390' title='bbox 3079 2956 3148 3010; x_wconf 91' lang='lat' dir='ltr'><strong>ad</strong></span> <span class='ocrx_word' id='word_1_391' title='bbox 3177 2955 3428 3026; x_wconf 75' lang='lat' dir='ltr'><strong>Praesepe</strong></span> 
     </span>
    </p>
   </div>
   <div class='ocr_carea' id='block_1_29' title="bbox 283 3045 3435 3120">
    <p class='ocr_par' dir='ltr' id='par_1_29' title="bbox 283 3045 3435 3120">
     <span class='ocr_line' id='line_1_29' title="bbox 283 3045 3435 3120; baseline 0.001 -17"><span class='ocrx_word' id='word_1_392' title='bbox 283 3057 488 3105; x_wconf 82' lang='lat' dir='ltr'><strong>vestem</strong></span> <span class='ocrx_word' id='word_1_393' title='bbox 529 3048 752 3104; x_wconf 87' lang='lat' dir='ltr'><strong>rubeam</strong></span> <span class='ocrx_word' id='word_1_394' title='bbox 808 3047 1131 3120; x_wconf 84' lang='lat' dir='ltr'><strong>alithynam,</strong></span> <span class='ocrx_word' id='word_1_395' title='bbox 1168 3047 1460 3104; x_wconf 84' lang='lat' dir='ltr'><strong>habentem</strong></span> <span class='ocrx_word' id='word_1_396' title='bbox 1504 3049 1561 3103; x_wconf 88' lang='lat' dir='ltr'><strong>in</strong></span> <span class='ocrx_word' id='word_1_397' title='bbox 1588 3045 1768 3104; x_wconf 90' lang='lat' dir='ltr'><strong>medio</strong></span> <span class='ocrx_word' id='word_1_398' title='bbox 1799 3047 2042 3104; x_wconf 88' lang='lat' dir='ltr'><strong>tabulam</strong></span> <span class='ocrx_word' id='word_1_399' title='bbox 2088 3049 2154 3102; x_wconf 91' lang='lat' dir='ltr'><strong>de</strong></span> <span class='ocrx_word' id='word_1_400' title='bbox 2185 3048 2562 3120; x_wconf 85' lang='lat' dir='ltr'><strong>chrysoclavo,</strong></span> <span class='ocrx_word' id='word_1_401' title='bbox 2613 3066 2735 3106; x_wconf 90' lang='lat' dir='ltr'><strong>cum</strong></span> <span class='ocrx_word' id='word_1_402' title='bbox 2763 3050 2992 3106; x_wconf 89' lang='lat' dir='ltr'><strong>historia</strong></span> <span class='ocrx_word' id='word_1_403' title='bbox 3017 3051 3232 3108; x_wconf 88' lang='lat' dir='ltr'><strong>Domini</strong></span> <span class='ocrx_word' id='word_1_404' title='bbox 3261 3053 3435 3108; x_wconf 86' lang='lat' dir='ltr'><strong>nostri</strong></span> 
     </span>
    </p>
   </div>
   <div class='ocr_carea' id='block_1_30' title="bbox 276 3143 3436 3219">
    <p class='ocr_par' dir='ltr' id='par_1_30' title="bbox 276 3143 3436 3219">
     <span class='ocr_line' id='line_1_30' title="bbox 276 3143 3436 3219; baseline 0 -17"><span class='ocrx_word' id='word_1_405' title='bbox 276 3143 407 3202; x_wconf 69' lang='lat' dir='ltr'><strong>Iesu</strong></span> <span class='ocrx_word' id='word_1_406' title='bbox 441 3143 642 3201; x_wconf 86' lang='lat' dir='ltr'><strong>Christi</strong></span> <span class='ocrx_word' id='word_1_407' title='bbox 668 3153 724 3200; x_wconf 90' lang='lat' dir='ltr'><strong>et</strong></span> <span class='ocrx_word' id='word_1_408' title='bbox 749 3145 920 3201; x_wconf 88' lang='lat' dir='ltr'><strong>sancti</strong></span> <span class='ocrx_word' id='word_1_409' title='bbox 949 3143 1240 3212; x_wconf 89' lang='lat' dir='ltr'><strong>Simeonis,</strong></span> <span class='ocrx_word' id='word_1_410' title='bbox 1271 3145 1489 3216; x_wconf 76' lang='lat' dir='ltr'><strong>quando</strong></span> <span class='ocrx_word' id='word_1_411' title='bbox 1529 3145 1585 3200; x_wconf 92' lang='lat' dir='ltr'><strong>in</strong></span> <span class='ocrx_word' id='word_1_412' title='bbox 1618 3143 1816 3214; x_wconf 90' lang='lat' dir='ltr'><strong>templo</strong></span> <span class='ocrx_word' id='word_1_413' title='bbox 1854 3153 1938 3200; x_wconf 90' lang='lat' dir='ltr'><strong>est</strong></span> <span class='ocrx_word' id='word_1_414' title='bbox 1969 3154 2370 3216; x_wconf 68' lang='lat' dir='ltr'><strong>praasentatus:</strong></span> <span class='ocrx_word' id='word_1_415' title='bbox 2407 3154 2463 3202; x_wconf 92' lang='lat' dir='ltr'><strong>et</strong></span> <span class='ocrx_word' id='word_1_416' title='bbox 2489 3146 2546 3202; x_wconf 92' lang='lat' dir='ltr'><strong>in</strong></span> <span class='ocrx_word' id='word_1_417' title='bbox 2581 3147 2814 3204; x_wconf 92' lang='lat' dir='ltr'><strong>circuitu</strong></span> <span class='ocrx_word' id='word_1_418' title='bbox 2855 3146 3037 3204; x_wconf 89' lang='lat' dir='ltr'><strong>listam</strong></span> <span class='ocrx_word' id='word_1_419' title='bbox 3090 3148 3156 3203; x_wconf 91' lang='lat' dir='ltr'><strong>de</strong></span> <span class='ocrx_word' id='word_1_420' title='bbox 3203 3148 3436 3219; x_wconf 80' lang='lat' dir='ltr'><strong>chryso-</strong></span> 
     </span>
    </p>
   </div>
   <div class='ocr_carea' id='block_1_31' title="bbox 281 3241 3432 3313">
    <p class='ocr_par' dir='ltr' id='par_1_31' title="bbox 281 3241 3432 3313">
     <span class='ocr_line' id='line_1_31' title="bbox 281 3241 3432 3313; baseline 0 -15"><span class='ocrx_word' id='word_1_421' title='bbox 281 3242 475 3309; x_wconf 87' lang='lat' dir='ltr'><strong>clavo;</strong></span> <span class='ocrx_word' id='word_1_422' title='bbox 511 3257 722 3298; x_wconf 90' lang='lat' dir='ltr'><strong>necnon</strong></span> <span class='ocrx_word' id='word_1_423' title='bbox 762 3252 819 3299; x_wconf 91' lang='lat' dir='ltr'><strong>et</strong></span> <span class='ocrx_word' id='word_1_424' title='bbox 845 3243 1007 3298; x_wconf 88' lang='lat' dir='ltr'><strong>aliam</strong></span> <span class='ocrx_word' id='word_1_425' title='bbox 1053 3251 1260 3298; x_wconf 91' lang='lat' dir='ltr'><strong>vestem</strong></span> <span class='ocrx_word' id='word_1_426' title='bbox 1305 3241 1735 3313; x_wconf 87' lang='lat' dir='ltr'><strong>chrysoclavam,</strong></span> <span class='ocrx_word' id='word_1_427' title='bbox 1772 3242 2066 3297; x_wconf 88' lang='lat' dir='ltr'><strong>habentem</strong></span> <span class='ocrx_word' id='word_1_428' title='bbox 2095 3243 2383 3298; x_wconf 85' lang='lat' dir='ltr'><strong>historiam</strong></span> <span class='ocrx_word' id='word_1_429' title='bbox 2433 3245 2696 3300; x_wconf 89' lang='lat' dir='ltr'><strong>transitus</strong></span> <span class='ocrx_word' id='word_1_430' title='bbox 2725 3253 2926 3299; x_wconf 81' lang='lat' dir='ltr'><strong>sanctae</strong></span> <span class='ocrx_word' id='word_1_431' title='bbox 2977 3244 3073 3299; x_wconf 90' lang='lat' dir='ltr'><strong>Dei</strong></span> <span class='ocrx_word' id='word_1_432' title='bbox 3115 3242 3432 3309; x_wconf 87' lang='lat' dir='ltr'><strong>Genitricis,</strong></span> 
     </span>
    </p>
   </div>
   <div class='ocr_carea' id='block_1_32' title="bbox 171 3339 3429 3415">
    <p class='ocr_par' dir='ltr' id='par_1_32' title="bbox 171 3339 3429 3415">
     <span class='ocr_line' id='line_1_32' title="bbox 171 3339 3429 3415; baseline 0.001 -21"><span class='ocrx_word' id='word_1_433' title='bbox 171 3339 248 3394; x_wconf 80' lang='lat'><strong>‘20</strong></span> <span class='ocrx_word' id='word_1_434' title='bbox 285 3339 437 3396; x_wconf 72' lang='lat' dir='ltr'><strong>mira:</strong></span> <span class='ocrx_word' id='word_1_435' title='bbox 463 3341 850 3411; x_wconf 84' lang='lat' dir='ltr'><strong>magnitudinis</strong></span> <span class='ocrx_word' id='word_1_436' title='bbox 876 3352 931 3396; x_wconf 91' lang='lat' dir='ltr'><strong>et</strong></span> <span class='ocrx_word' id='word_1_437' title='bbox 954 3339 1391 3412; x_wconf 90' lang='lat' dir='ltr'><strong>pulchritudinis,</strong></span> <span class='ocrx_word' id='word_1_438' title='bbox 1423 3341 1734 3397; x_wconf 88' lang='lat' dir='ltr'><strong>decoratam</strong></span> <span class='ocrx_word' id='word_1_439' title='bbox 1764 3355 1830 3396; x_wconf 89' lang='lat' dir='ltr'><strong>ex</strong></span> <span class='ocrx_word' id='word_1_440' title='bbox 1862 3341 2092 3412; x_wconf 86' lang='lat' dir='ltr'><strong>gemmis</strong></span> <span class='ocrx_word' id='word_1_441' title='bbox 2119 3341 2388 3411; x_wconf 89' lang='lat' dir='ltr'><strong>pretiosis,</strong></span> <span class='ocrx_word' id='word_1_442' title='bbox 2420 3351 2475 3397; x_wconf 92' lang='lat' dir='ltr'><strong>et</strong></span> <span class='ocrx_word' id='word_1_443' title='bbox 2510 3342 2826 3415; x_wconf 88' lang='lat' dir='ltr'><strong>margaritis</strong></span> <span class='ocrx_word' id='word_1_444' title='bbox 2853 3350 3128 3408; x_wconf 86' lang='lat' dir='ltr'><strong>ornatam,</strong></span> <span class='ocrx_word' id='word_1_445' title='bbox 3160 3357 3284 3396; x_wconf 90' lang='lat' dir='ltr'><strong>cum</strong></span> <span class='ocrx_word' id='word_1_446' title='bbox 3332 3358 3429 3411; x_wconf 89' lang='lat' dir='ltr'><strong>pe-</strong></span> 
     </span>
    </p>
   </div>
   <div class='ocr_carea' id='block_1_33' title="bbox 289 3435 3436 3510">
    <p class='ocr_par' dir='ltr' id='par_1_33' title="bbox 289 3435 3436 3510">
     <span class='ocr_line' id='line_1_33' title="bbox 289 3435 3436 3510; baseline 0 -18"><span class='ocrx_word' id='word_1_447' title='bbox 289 3437 472 3510; x_wconf 87' lang='lat' dir='ltr'><strong>riclysi</strong></span> <span class='ocrx_word' id='word_1_448' title='bbox 501 3439 568 3494; x_wconf 92' lang='lat' dir='ltr'><strong>de</strong></span> <span class='ocrx_word' id='word_1_449' title='bbox 591 3437 966 3508; x_wconf 87' lang='lat' dir='ltr'><strong>chrysoclavo,</strong></span> <span class='ocrx_word' id='word_1_450' title='bbox 991 3445 1045 3493; x_wconf 92' lang='lat' dir='ltr'><strong>et</strong></span> <span class='ocrx_word' id='word_1_451' title='bbox 1079 3437 1132 3492; x_wconf 93' lang='lat' dir='ltr'><strong>in</strong></span> <span class='ocrx_word' id='word_1_452' title='bbox 1162 3437 1393 3492; x_wconf 90' lang='lat' dir='ltr'><strong>circuitu</strong></span> <span class='ocrx_word' id='word_1_453' title='bbox 1418 3436 1597 3493; x_wconf 90' lang='lat' dir='ltr'><strong>listam</strong></span> <span class='ocrx_word' id='word_1_454' title='bbox 1628 3436 1695 3492; x_wconf 93' lang='lat' dir='ltr'><strong>de</strong></span> <span class='ocrx_word' id='word_1_455' title='bbox 1725 3437 2101 3507; x_wconf 83' lang='lat' dir='ltr'><strong>chrysoclavo.</strong></span> <span class='ocrx_word' id='word_1_456' title='bbox 2140 3435 2334 3492; x_wconf 85' lang='lat' dir='ltr'><strong>Verum</strong></span> <span class='ocrx_word' id='word_1_457' title='bbox 2363 3438 2527 3494; x_wconf 89' lang='lat' dir='ltr'><strong>etiam</strong></span> <span class='ocrx_word' id='word_1_458' title='bbox 2555 3448 2610 3493; x_wconf 92' lang='lat' dir='ltr'><strong>et</strong></span> <span class='ocrx_word' id='word_1_459' title='bbox 2635 3439 2689 3493; x_wconf 94' lang='lat' dir='ltr'><strong>in</strong></span> <span class='ocrx_word' id='word_1_460' title='bbox 2722 3439 2968 3496; x_wconf 89' lang='lat' dir='ltr'><strong>diaconia</strong></span> <span class='ocrx_word' id='word_1_461' title='bbox 2996 3439 3165 3510; x_wconf 91' lang='lat' dir='ltr'><strong>ipsius</strong></span> <span class='ocrx_word' id='word_1_462' title='bbox 3206 3438 3297 3492; x_wconf 87' lang='lat' dir='ltr'><strong>Dei</strong></span> <span class='ocrx_word' id='word_1_463' title='bbox 3330 3435 3436 3493; x_wconf 88' lang='lat' dir='ltr'><strong>Ce-</strong></span> 
     </span>
    </p>
   </div>
   <div class='ocr_carea' id='block_1_34' title="bbox 285 3532 3431 3606">
    <p class='ocr_par' dir='ltr' id='par_1_34' title="bbox 285 3532 3431 3606">
     <span class='ocr_line' id='line_1_34' title="bbox 285 3532 3431 3606; baseline -0.001 -16"><span class='ocrx_word' id='word_1_464' title='bbox 285 3533 492 3590; x_wconf 87' lang='lat' dir='ltr'><strong>nitricis</strong></span> <span class='ocrx_word' id='word_1_465' title='bbox 516 3534 748 3590; x_wconf 69' lang='lat' dir='ltr'><strong>domina:</strong></span> <span class='ocrx_word' id='word_1_466' title='bbox 775 3543 997 3600; x_wconf 82' lang='lat' dir='ltr'><strong>nostrae,</strong></span> <span class='ocrx_word' id='word_1_467' title='bbox 1024 3549 1144 3604; x_wconf 86' lang='lat' dir='ltr'><strong>quae</strong></span> <span class='ocrx_word' id='word_1_468' title='bbox 1166 3533 1465 3605; x_wconf 90' lang='lat' dir='ltr'><strong>appellatur</strong></span> <span class='ocrx_word' id='word_1_469' title='bbox 1499 3533 1803 3601; x_wconf 89' lang='lat' dir='ltr'><strong>Dominica,</strong></span> <span class='ocrx_word' id='word_1_470' title='bbox 1840 3532 1970 3588; x_wconf 89' lang='lat' dir='ltr'><strong>fecit</strong></span> <span class='ocrx_word' id='word_1_471' title='bbox 1999 3542 2208 3589; x_wconf 87' lang='lat' dir='ltr'><strong>vestem</strong></span> <span class='ocrx_word' id='word_1_472' title='bbox 2237 3535 2460 3590; x_wconf 89' lang='lat' dir='ltr'><strong>rubeam</strong></span> <span class='ocrx_word' id='word_1_473' title='bbox 2492 3535 2816 3606; x_wconf 89' lang='lat' dir='ltr'><strong>alithynam,</strong></span> <span class='ocrx_word' id='word_1_474' title='bbox 2843 3535 3135 3592; x_wconf 87' lang='lat' dir='ltr'><strong>habentem</strong></span> <span class='ocrx_word' id='word_1_475' title='bbox 3163 3534 3217 3589; x_wconf 93' lang='lat' dir='ltr'><strong>in</strong></span> <span class='ocrx_word' id='word_1_476' title='bbox 3248 3534 3431 3589; x_wconf 92' lang='lat' dir='ltr'><strong>medio</strong></span> 
     </span>
    </p>
   </div>
   <div class='ocr_carea' id='block_1_35' title="bbox 283 3630 3436 3706">
    <p class='ocr_par' dir='ltr' id='par_1_35' title="bbox 283 3630 3436 3706">
     <span class='ocr_line' id='line_1_35' title="bbox 283 3630 3436 3706; baseline 0.001 -19"><span class='ocrx_word' id='word_1_477' title='bbox 283 3631 520 3688; x_wconf 86' lang='lat' dir='ltr'><strong>tabulam</strong></span> <span class='ocrx_word' id='word_1_478' title='bbox 551 3633 617 3687; x_wconf 90' lang='lat' dir='ltr'><strong>de</strong></span> <span class='ocrx_word' id='word_1_479' title='bbox 641 3633 1012 3706; x_wconf 87' lang='lat' dir='ltr'><strong>chrysoclavo,</strong></span> <span class='ocrx_word' id='word_1_480' title='bbox 1042 3649 1167 3689; x_wconf 90' lang='lat' dir='ltr'><strong>cum</strong></span> <span class='ocrx_word' id='word_1_481' title='bbox 1201 3633 1430 3688; x_wconf 89' lang='lat' dir='ltr'><strong>historia</strong></span> <span class='ocrx_word' id='word_1_482' title='bbox 1455 3631 1700 3701; x_wconf 90' lang='lat' dir='ltr'><strong>ejusdem</strong></span> <span class='ocrx_word' id='word_1_483' title='bbox 1726 3630 1823 3687; x_wconf 90' lang='lat' dir='ltr'><strong>Dei</strong></span> <span class='ocrx_word' id='word_1_484' title='bbox 1849 3630 2162 3700; x_wconf 86' lang='lat' dir='ltr'><strong>Genitricis,</strong></span> <span class='ocrx_word' id='word_1_485' title='bbox 2191 3647 2259 3687; x_wconf 83' lang='lat' dir='ltr'><strong>ex</strong></span> <span class='ocrx_word' id='word_1_486' title='bbox 2294 3634 2602 3704; x_wconf 87' lang='lat' dir='ltr'><strong>margaritis</strong></span> <span class='ocrx_word' id='word_1_487' title='bbox 2628 3642 2901 3701; x_wconf 88' lang='lat' dir='ltr'><strong>ornatam,</strong></span> <span class='ocrx_word' id='word_1_488' title='bbox 2947 3641 3003 3688; x_wconf 91' lang='lat' dir='ltr'><strong>et</strong></span> <span class='ocrx_word' id='word_1_489' title='bbox 3045 3631 3334 3704; x_wconf 87' lang='lat' dir='ltr'><strong>periclysin</strong></span> <span class='ocrx_word' id='word_1_490' title='bbox 3367 3633 3436 3689; x_wconf 91' lang='lat' dir='ltr'><strong>de</strong></span> 
     </span>
    </p>
   </div>
   <div class='ocr_carea' id='block_1_36' title="bbox 284 3727 3432 3803">
    <p class='ocr_par' dir='ltr' id='par_1_36' title="bbox 284 3727 3432 3803">
     <span class='ocr_line' id='line_1_36' title="bbox 284 3727 3432 3803; baseline -0.001 -18"><span class='ocrx_word' id='word_1_491' title='bbox 284 3727 652 3800; x_wconf 84' lang='lat' dir='ltr'><strong>chrysoclavo.</strong></span> <span class='ocrx_word' id='word_1_492' title='bbox 697 3730 849 3787; x_wconf 89' lang='lat' dir='ltr'><strong>Fecit</strong></span> <span class='ocrx_word' id='word_1_493' title='bbox 871 3739 1053 3788; x_wconf 91' lang='lat' dir='ltr'><strong>autem</strong></span> <span class='ocrx_word' id='word_1_494' title='bbox 1083 3739 1139 3786; x_wconf 91' lang='lat' dir='ltr'><strong>et</strong></span> <span class='ocrx_word' id='word_1_495' title='bbox 1170 3731 1226 3785; x_wconf 92' lang='lat' dir='ltr'><strong>in</strong></span> <span class='ocrx_word' id='word_1_496' title='bbox 1262 3730 1507 3787; x_wconf 88' lang='lat' dir='ltr'><strong>diaconia</strong></span> <span class='ocrx_word' id='word_1_497' title='bbox 1544 3729 1712 3801; x_wconf 87' lang='lat' dir='ltr'><strong>ipsius</strong></span> <span class='ocrx_word' id='word_1_498' title='bbox 1754 3729 1849 3785; x_wconf 91' lang='lat' dir='ltr'><strong>Dei</strong></span> <span class='ocrx_word' id='word_1_499' title='bbox 1904 3729 2218 3798; x_wconf 88' lang='lat' dir='ltr'><strong>Genitricis,</strong></span> <span class='ocrx_word' id='word_1_500' title='bbox 2264 3747 2385 3802; x_wconf 63' lang='lat' dir='ltr'><strong>quae</strong></span> <span class='ocrx_word' id='word_1_501' title='bbox 2408 3731 2710 3803; x_wconf 89' lang='lat' dir='ltr'><strong>appellatur</strong></span> <span class='ocrx_word' id='word_1_502' title='bbox 2755 3731 3012 3802; x_wconf 88' lang='lat' dir='ltr'><strong>Antiqua,</strong></span> <span class='ocrx_word' id='word_1_503' title='bbox 3056 3745 3219 3802; x_wconf 90' lang='lat' dir='ltr'><strong>super</strong></span> <span class='ocrx_word' id='word_1_504' title='bbox 3257 3728 3432 3784; x_wconf 89' lang='lat' dir='ltr'><strong>altare</strong></span> 
     </span>
    </p>
   </div>
   <div class='ocr_carea' id='block_1_37' title="bbox 159 3824 2603 3901">
    <p class='ocr_par' dir='ltr' id='par_1_37' title="bbox 159 3824 2603 3901">
     <span class='ocr_line' id='line_1_37' title="bbox 159 3824 2603 3901; baseline -0 -17"><span class='ocrx_word' id='word_1_505' title='bbox 159 3824 239 3884; x_wconf 71' lang='lat'><strong>25</strong></span> <span class='ocrx_word' id='word_1_506' title='bbox 277 3826 452 3896; x_wconf 90' lang='lat' dir='ltr'><strong>majus</strong></span> <span class='ocrx_word' id='word_1_507' title='bbox 481 3827 744 3886; x_wconf 81' lang='lat' dir='ltr'><strong>cibarium</strong></span> <span class='ocrx_word' id='word_1_508' title='bbox 778 3845 846 3886; x_wconf 85' lang='lat' dir='ltr'><strong>ex</strong></span> <span class='ocrx_word' id='word_1_509' title='bbox 876 3839 1103 3901; x_wconf 91' lang='lat' dir='ltr'><strong>argento</strong></span> <span class='ocrx_word' id='word_1_510' title='bbox 1134 3829 1445 3901; x_wconf 90' lang='lat' dir='ltr'><strong>purissimo,</strong></span> <span class='ocrx_word' id='word_1_511' title='bbox 1478 3843 1702 3900; x_wconf 90' lang='lat' dir='ltr'><strong>pensan.</strong></span> <span class='ocrx_word' id='word_1_512' title='bbox 1735 3828 1904 3885; x_wconf 86' lang='lat' dir='ltr'><strong>libras</strong></span> <span class='ocrx_word' id='word_1_513' title='bbox 1927 3829 2188 3887; x_wconf 89' lang='lat' dir='ltr'><strong>ducentas</strong></span> <span class='ocrx_word' id='word_1_514' title='bbox 2213 3841 2268 3886; x_wconf 92' lang='lat' dir='ltr'><strong>et</strong></span> <span class='ocrx_word' id='word_1_515' title='bbox 2295 3829 2603 3886; x_wconf 88' lang='lat' dir='ltr'><strong>duodecim.</strong></span> 
     </span>
    </p>
   </div>
   <div class='ocr_carea' id='block_1_38' title="bbox 355 3923 3431 4001">
    <p class='ocr_par' dir='ltr' id='par_1_38' title="bbox 355 3923 3431 4001">
     <span class='ocr_line' id='line_1_38' title="bbox 355 3923 3431 4001; baseline -0.002 -17"><span class='ocrx_word' id='word_1_516' title='bbox 355 3928 518 4000; x_wconf 74' lang='lat'><strong>392</strong></span> <span class='ocrx_word' id='word_1_517' title='bbox 559 3929 822 3986; x_wconf 82' lang='lat' dir='ltr'><strong>Praefatus</strong></span> <span class='ocrx_word' id='word_1_518' title='bbox 843 3944 974 3985; x_wconf 91' lang='lat' dir='ltr'><strong>vero</strong></span> <span class='ocrx_word' id='word_1_519' title='bbox 1005 3929 1332 3986; x_wconf 82' lang='lat' dir='ltr'><strong>venerabilis</strong></span> <span class='ocrx_word' id='word_1_520' title='bbox 1365 3938 1423 3984; x_wconf 88' lang='lat' dir='ltr'><strong>et</strong></span> <span class='ocrx_word' id='word_1_521' title='bbox 1449 3929 1744 4000; x_wconf 80' lang='lat' dir='ltr'><strong>praeclarus</strong></span> <span class='ocrx_word' id='word_1_522' title='bbox 1770 3927 2012 4001; x_wconf 83' lang='lat' dir='ltr'><strong>pontifex</strong></span> <span class='ocrx_word' id='word_1_523' title='bbox 2039 3928 2169 3986; x_wconf 85' lang='lat' dir='ltr'><strong>fecit</strong></span> <span class='ocrx_word' id='word_1_524' title='bbox 2216 3930 2269 3984; x_wconf 91' lang='lat' dir='ltr'><strong>in</strong></span> <span class='ocrx_word' id='word_1_525' title='bbox 2296 3927 2520 3985; x_wconf 86' lang='lat' dir='ltr'><strong>basilica</strong></span> <span class='ocrx_word' id='word_1_526' title='bbox 2557 3928 2708 3984; x_wconf 90' lang='lat' dir='ltr'><strong>beati</strong></span> <span class='ocrx_word' id='word_1_527' title='bbox 2744 3926 2892 3985; x_wconf 91' lang='lat' dir='ltr'><strong>Petri</strong></span> <span class='ocrx_word' id='word_1_528' title='bbox 2919 3926 3146 3997; x_wconf 87' lang='lat' dir='ltr'><strong>apostoli</strong></span> <span class='ocrx_word' id='word_1_529' title='bbox 3176 3923 3431 3981; x_wconf 89' lang='lat' dir='ltr'><strong>nutritori</strong></span> 
     </span>
    </p>
   </div>
   <div class='ocr_carea' id='block_1_39' title="bbox 283 4021 3428 4098">
    <p class='ocr_par' dir='ltr' id='par_1_39' title="bbox 283 4021 3428 4098">
     <span class='ocr_line' id='line_1_39' title="bbox 283 4021 3428 4098; baseline 0 -21"><span class='ocrx_word' id='word_1_530' title='bbox 283 4034 385 4077; x_wconf 83' lang='lat' dir='ltr'><strong>suo</strong></span> <span class='ocrx_word' id='word_1_531' title='bbox 415 4021 704 4092; x_wconf 85' lang='lat' dir='ltr'><strong>gabatham</strong></span> <span class='ocrx_word' id='word_1_532' title='bbox 732 4041 800 4081; x_wconf 89' lang='lat' dir='ltr'><strong>ex</strong></span> <span class='ocrx_word' id='word_1_533' title='bbox 832 4039 965 4082; x_wconf 92' lang='lat' dir='ltr'><strong>auro</strong></span> <span class='ocrx_word' id='word_1_534' title='bbox 989 4026 1282 4096; x_wconf 89' lang='lat' dir='ltr'><strong>purissimo</strong></span> <span class='ocrx_word' id='word_1_535' title='bbox 1317 4025 1701 4098; x_wconf 81' lang='lat' dir='ltr'><strong>anaglypham,</strong></span> <span class='ocrx_word' id='word_1_536' title='bbox 1731 4041 1855 4082; x_wconf 94' lang='lat' dir='ltr'><strong>cum</strong></span> <span class='ocrx_word' id='word_1_537' title='bbox 1885 4028 2114 4098; x_wconf 86' lang='lat' dir='ltr'><strong>gemmis</strong></span> <span class='ocrx_word' id='word_1_538' title='bbox 2142 4026 2397 4098; x_wconf 90' lang='lat' dir='ltr'><strong>pretiosis</strong></span> <span class='ocrx_word' id='word_1_539' title='bbox 2425 4035 2699 4091; x_wconf 89' lang='lat' dir='ltr'><strong>ornatam,</strong></span> <span class='ocrx_word' id='word_1_540' title='bbox 2730 4042 2852 4096; x_wconf 66' lang='lat' dir='ltr'><strong>qua:</strong></span> <span class='ocrx_word' id='word_1_541' title='bbox 2876 4027 3076 4095; x_wconf 90' lang='lat' dir='ltr'><strong>pendet</strong></span> <span class='ocrx_word' id='word_1_542' title='bbox 3118 4034 3243 4080; x_wconf 83' lang='lat' dir='ltr'><strong>ante</strong></span> <span class='ocrx_word' id='word_1_543' title='bbox 3289 4024 3428 4078; x_wconf 89' lang='lat' dir='ltr'><strong>ima-</strong></span> 
     </span>
    </p>
   </div>
   <div class='ocr_carea' id='block_1_40' title="bbox 282 4117 3432 4195">
    <p class='ocr_par' dir='ltr' id='par_1_40' title="bbox 282 4117 3432 4195">
     <span class='ocr_line' id='line_1_40' title="bbox 282 4117 3432 4195; baseline -0 -23"><span class='ocrx_word' id='word_1_544' title='bbox 282 4119 462 4191; x_wconf 89' lang='lat' dir='ltr'><strong>ginem</strong></span> <span class='ocrx_word' id='word_1_545' title='bbox 506 4121 676 4192; x_wconf 87' lang='lat' dir='ltr'><strong>ipsius</strong></span> <span class='ocrx_word' id='word_1_546' title='bbox 704 4123 931 4194; x_wconf 90' lang='lat' dir='ltr'><strong>apostoli</strong></span> <span class='ocrx_word' id='word_1_547' title='bbox 962 4124 1017 4179; x_wconf 90' lang='lat' dir='ltr'><strong>in</strong></span> <span class='ocrx_word' id='word_1_548' title='bbox 1047 4125 1293 4195; x_wconf 88' lang='lat' dir='ltr'><strong>ingressu</strong></span> <span class='ocrx_word' id='word_1_549' title='bbox 1339 4124 1616 4190; x_wconf 85' lang='lat' dir='ltr'><strong>vestibuli,</strong></span> <span class='ocrx_word' id='word_1_550' title='bbox 1664 4139 1889 4194; x_wconf 88' lang='lat' dir='ltr'><strong>pensan.</strong></span> <span class='ocrx_word' id='word_1_551' title='bbox 1924 4123 2092 4180; x_wconf 89' lang='lat' dir='ltr'><strong>libras</strong></span> <span class='ocrx_word' id='word_1_552' title='bbox 2119 4133 2326 4195; x_wconf 88' lang='lat' dir='ltr'><strong>septem</strong></span> <span class='ocrx_word' id='word_1_553' title='bbox 2367 4132 2420 4178; x_wconf 92' lang='lat' dir='ltr'><strong>et</strong></span> <span class='ocrx_word' id='word_1_554' title='bbox 2445 4124 2627 4180; x_wconf 88' lang='lat' dir='ltr'><strong>semis.</strong></span> <span class='ocrx_word' id='word_1_555' title='bbox 2657 4123 2873 4178; x_wconf 88' lang='lat' dir='ltr'><strong>Faciem</strong></span> <span class='ocrx_word' id='word_1_556' title='bbox 2906 4137 3037 4176; x_wconf 89' lang='lat' dir='ltr'><strong>vero</strong></span> <span class='ocrx_word' id='word_1_557' title='bbox 3067 4120 3208 4175; x_wconf 84' lang='lat' dir='ltr'><strong>sacri</strong></span> <span class='ocrx_word' id='word_1_558' title='bbox 3244 4117 3432 4172; x_wconf 88' lang='lat' dir='ltr'><strong>altaris</strong></span> 
     </span>
    </p>
   </div>
   <div class='ocr_carea' id='block_1_41' title="bbox 280 4213 3431 4292">
    <p class='ocr_par' dir='ltr' id='par_1_41' title="bbox 280 4213 3431 4292">
     <span class='ocr_line' id='line_1_41' title="bbox 280 4213 3431 4292; baseline -0.001 -22"><span class='ocrx_word' id='word_1_559' title='bbox 280 4213 452 4286; x_wconf 88' lang='lat' dir='ltr'><strong>ipsius</strong></span> <span class='ocrx_word' id='word_1_560' title='bbox 479 4217 848 4289; x_wconf 89' lang='lat' dir='ltr'><strong>apostolorum</strong></span> <span class='ocrx_word' id='word_1_561' title='bbox 874 4220 1142 4292; x_wconf 89' lang='lat' dir='ltr'><strong>principis</strong></span> <span class='ocrx_word' id='word_1_562' title='bbox 1185 4220 1254 4276; x_wconf 89' lang='lat' dir='ltr'><strong>ab</strong></span> <span class='ocrx_word' id='word_1_563' title='bbox 1288 4219 1398 4276; x_wconf 90' lang='lat' dir='ltr'><strong>imo</strong></span> <span class='ocrx_word' id='word_1_564' title='bbox 1424 4233 1598 4290; x_wconf 89' lang='lat' dir='ltr'><strong>usque</strong></span> <span class='ocrx_word' id='word_1_565' title='bbox 1613 4219 1694 4275; x_wconf 89' lang='lat' dir='ltr'><strong>‘ad</strong></span> <span class='ocrx_word' id='word_1_566' title='bbox 1724 4236 2020 4286; x_wconf 89' lang='lat' dir='ltr'><strong>summum,</strong></span> <span class='ocrx_word' id='word_1_567' title='bbox 2060 4237 2182 4276; x_wconf 89' lang='lat' dir='ltr'><strong>cum</strong></span> <span class='ocrx_word' id='word_1_568' title='bbox 2213 4219 2572 4276; x_wconf 89' lang='lat' dir='ltr'><strong>luminaribus</strong></span> <span class='ocrx_word' id='word_1_569' title='bbox 2604 4219 2834 4275; x_wconf 91' lang='lat' dir='ltr'><strong>inferius</strong></span> <span class='ocrx_word' id='word_1_570' title='bbox 2861 4217 3216 4288; x_wconf 89' lang='lat' dir='ltr'><strong>superiusque</strong></span> <span class='ocrx_word' id='word_1_571' title='bbox 3242 4232 3256 4280; x_wconf 90' lang='lat'><strong>;</strong></span> <span class='ocrx_word' id='word_1_572' title='bbox 3304 4227 3431 4268; x_wconf 90' lang='lat' dir='ltr'><strong>nec—</strong></span> 
     </span>
    </p>
   </div>
   <div class='ocr_carea' id='block_1_42' title="bbox 196 4309 3430 4389">
    <p class='ocr_par' dir='ltr' id='par_1_42' title="bbox 196 4309 3430 4389">
     <span class='ocr_line' id='line_1_42' title="bbox 196 4309 3430 4389; baseline -0.003 -16"><span class='ocrx_word' id='word_1_573' title='bbox 196 4311 242 4373; x_wconf 74' lang='lat'><strong><em>5</em></strong></span> <span class='ocrx_word' id='word_1_574' title='bbox 275 4327 385 4371; x_wconf 89' lang='lat' dir='ltr'><strong>non</strong></span> <span class='ocrx_word' id='word_1_575' title='bbox 431 4324 488 4372; x_wconf 92' lang='lat' dir='ltr'><strong>et</strong></span> <span class='ocrx_word' id='word_1_576' title='bbox 527 4317 670 4373; x_wconf 88' lang='lat' dir='ltr'><strong>intra</strong></span> <span class='ocrx_word' id='word_1_577' title='bbox 714 4317 1111 4376; x_wconf 86' lang='lat' dir='ltr'><strong>confessionem</strong></span> <span class='ocrx_word' id='word_1_578' title='bbox 1137 4316 1476 4376; x_wconf 90' lang='lat' dir='ltr'><strong>Salvatorem</strong></span> <span class='ocrx_word' id='word_1_579' title='bbox 1504 4327 1766 4386; x_wconf 88' lang='lat' dir='ltr'><strong>stantem,</strong></span> <span class='ocrx_word' id='word_1_580' title='bbox 1793 4319 1984 4375; x_wconf 89' lang='lat' dir='ltr'><strong>dextra</strong></span> <span class='ocrx_word' id='word_1_581' title='bbox 2013 4319 2255 4389; x_wconf 82' lang='lat' dir='ltr'><strong>laevaque</strong></span> <span class='ocrx_word' id='word_1_582' title='bbox 2285 4317 2404 4387; x_wconf 84' lang='lat' dir='ltr'><strong>ejus</strong></span> <span class='ocrx_word' id='word_1_583' title='bbox 2442 4318 2587 4374; x_wconf 87' lang='lat' dir='ltr'><strong>beati</strong></span> <span class='ocrx_word' id='word_1_584' title='bbox 2617 4316 2843 4388; x_wconf 91' lang='lat' dir='ltr'><strong>apostoli</strong></span> <span class='ocrx_word' id='word_1_585' title='bbox 2868 4313 3012 4369; x_wconf 89' lang='lat' dir='ltr'><strong>Petri</strong></span> <span class='ocrx_word' id='word_1_586' title='bbox 3047 4321 3101 4368; x_wconf 91' lang='lat' dir='ltr'><strong>et</strong></span> <span class='ocrx_word' id='word_1_587' title='bbox 3121 4311 3296 4375; x_wconf 89' lang='lat' dir='ltr'><strong>Pauli,</strong></span> <span class='ocrx_word' id='word_1_588' title='bbox 3328 4309 3430 4364; x_wconf 89' lang='lat' dir='ltr'><strong>ha-</strong></span> 
     </span>
    </p>
   </div>
   <div class='ocr_carea' id='block_1_43' title="bbox 280 4409 3431 4489">
    <p class='ocr_par' dir='ltr' id='par_1_43' title="bbox 280 4409 3431 4489">
     <span class='ocr_line' id='line_1_43' title="bbox 280 4409 3431 4489; baseline -0.002 -19"><span class='ocrx_word' id='word_1_589' title='bbox 280 4411 471 4470; x_wconf 85' lang='lat' dir='ltr'><strong>bentes</strong></span> <span class='ocrx_word' id='word_1_590' title='bbox 520 4414 726 4484; x_wconf 87' lang='lat' dir='ltr'><strong>pariter</strong></span> <span class='ocrx_word' id='word_1_591' title='bbox 771 4431 1000 4474; x_wconf 88' lang='lat' dir='ltr'><strong>coronas</strong></span> <span class='ocrx_word' id='word_1_592' title='bbox 1027 4431 1095 4473; x_wconf 89' lang='lat' dir='ltr'><strong>ex</strong></span> <span class='ocrx_word' id='word_1_593' title='bbox 1123 4417 1351 4488; x_wconf 90' lang='lat' dir='ltr'><strong>gemmis</strong></span> <span class='ocrx_word' id='word_1_594' title='bbox 1381 4417 1658 4489; x_wconf 91' lang='lat' dir='ltr'><strong>pretiosis,</strong></span> <span class='ocrx_word' id='word_1_595' title='bbox 1711 4424 1873 4489; x_wconf 91' lang='lat' dir='ltr'><strong>atque</strong></span> <span class='ocrx_word' id='word_1_596' title='bbox 1899 4417 2268 4489; x_wconf 88' lang='lat' dir='ltr'><strong>pavimentum</strong></span> <span class='ocrx_word' id='word_1_597' title='bbox 2317 4416 2485 4488; x_wconf 90' lang='lat' dir='ltr'><strong>ipsius</strong></span> <span class='ocrx_word' id='word_1_598' title='bbox 2515 4413 2873 4472; x_wconf 85' lang='lat' dir='ltr'><strong>confessionis</strong></span> <span class='ocrx_word' id='word_1_599' title='bbox 2900 4409 3176 4466; x_wconf 85' lang='lat' dir='ltr'><strong>investivit</strong></span> <span class='ocrx_word' id='word_1_600' title='bbox 3202 4424 3268 4463; x_wconf 86' lang='lat' dir='ltr'><strong>ex</strong></span> <span class='ocrx_word' id='word_1_601' title='bbox 3297 4422 3431 4464; x_wconf 89' lang='lat' dir='ltr'><strong>auro</strong></span> 
     </span>
    </p>
   </div>
   <div class='ocr_carea' id='block_1_44' title="bbox 279 4505 3428 4588">
    <p class='ocr_par' dir='ltr' id='par_1_44' title="bbox 279 4505 3428 4588">
     <span class='ocr_line' id='line_1_44' title="bbox 279 4505 3428 4588; baseline -0.002 -23"><span class='ocrx_word' id='word_1_602' title='bbox 279 4508 429 4567; x_wconf 79' lang='lat' dir='ltr'><strong>fulvo</strong></span> <span class='ocrx_word' id='word_1_603' title='bbox 459 4512 640 4582; x_wconf 87' lang='lat' dir='ltr'><strong>nimis,</strong></span> <span class='ocrx_word' id='word_1_604' title='bbox 689 4530 918 4586; x_wconf 90' lang='lat' dir='ltr'><strong>pensan.</strong></span> <span class='ocrx_word' id='word_1_605' title='bbox 950 4515 1120 4573; x_wconf 90' lang='lat' dir='ltr'><strong>libras</strong></span> <span class='ocrx_word' id='word_1_606' title='bbox 1143 4515 1572 4588; x_wconf 88' lang='lat' dir='ltr'><strong>quadringentas</strong></span> <span class='ocrx_word' id='word_1_607' title='bbox 1609 4516 2002 4588; x_wconf 87' lang='lat' dir='ltr'><strong>quinquaginta</strong></span> <span class='ocrx_word' id='word_1_608' title='bbox 2032 4525 2087 4572; x_wconf 93' lang='lat' dir='ltr'><strong>et</strong></span> <span class='ocrx_word' id='word_1_609' title='bbox 2119 4524 2230 4571; x_wconf 89' lang='lat' dir='ltr'><strong>tres</strong></span> <span class='ocrx_word' id='word_1_610' title='bbox 2256 4525 2310 4570; x_wconf 92' lang='lat' dir='ltr'><strong>et</strong></span> <span class='ocrx_word' id='word_1_611' title='bbox 2335 4515 2526 4569; x_wconf 87' lang='lat' dir='ltr'><strong>uncias</strong></span> <span class='ocrx_word' id='word_1_612' title='bbox 2552 4529 2670 4569; x_wconf 82' lang='lat' dir='ltr'><strong>sex.</strong></span> <span class='ocrx_word' id='word_1_613' title='bbox 2716 4511 2917 4567; x_wconf 86' lang='lat' dir='ltr'><strong>Verum</strong></span> <span class='ocrx_word' id='word_1_614' title='bbox 2947 4510 3108 4564; x_wconf 89' lang='lat' dir='ltr'><strong>etiam</strong></span> <span class='ocrx_word' id='word_1_615' title='bbox 3137 4521 3302 4577; x_wconf 88' lang='lat' dir='ltr'><strong>super</strong></span> <span class='ocrx_word' id='word_1_616' title='bbox 3350 4505 3428 4573; x_wconf 85' lang='lat' dir='ltr'><strong>ip“</strong></span> 
     </span>
    </p>
   </div>
   <div class='ocr_carea' id='block_1_45' title="bbox 279 4600 3429 4686">
    <p class='ocr_par' dir='ltr' id='par_1_45' title="bbox 279 4600 3429 4686">
     <span class='ocr_line' id='line_1_45' title="bbox 279 4600 3429 4686; baseline -0.002 -24"><span class='ocrx_word' id='word_1_617' title='bbox 279 4619 400 4662; x_wconf 81' lang='lat' dir='ltr'><strong>sum</strong></span> <span class='ocrx_word' id='word_1_618' title='bbox 446 4622 660 4665; x_wconf 87' lang='lat' dir='ltr'><strong>sacrum</strong></span> <span class='ocrx_word' id='word_1_619' title='bbox 692 4610 863 4668; x_wconf 87' lang='lat' dir='ltr'><strong>altare</strong></span> <span class='ocrx_word' id='word_1_620' title='bbox 892 4610 1022 4668; x_wconf 81' lang='lat' dir='ltr'><strong>fecit</strong></span> <span class='ocrx_word' id='word_1_621' title='bbox 1049 4621 1258 4670; x_wconf 89' lang='lat' dir='ltr'><strong>vestem</strong></span> <span class='ocrx_word' id='word_1_622' title='bbox 1282 4612 1717 4686; x_wconf 83' lang='lat' dir='ltr'><strong>chrysoclavam,</strong></span> <span class='ocrx_word' id='word_1_623' title='bbox 1766 4613 2057 4668; x_wconf 89' lang='lat' dir='ltr'><strong>habentem</strong></span> <span class='ocrx_word' id='word_1_624' title='bbox 2084 4611 2368 4667; x_wconf 88' lang='lat' dir='ltr'><strong>historiam</strong></span> <span class='ocrx_word' id='word_1_625' title='bbox 2412 4610 2707 4665; x_wconf 77' lang='lat' dir='ltr'><strong>Dominicae</strong></span> <span class='ocrx_word' id='word_1_626' title='bbox 2749 4604 3102 4663; x_wconf 82' lang='lat' dir='ltr'><strong>Ascensionis</strong></span> <span class='ocrx_word' id='word_1_627' title='bbox 3145 4611 3200 4657; x_wconf 92' lang='lat' dir='ltr'><strong>et</strong></span> <span class='ocrx_word' id='word_1_628' title='bbox 3229 4600 3429 4656; x_wconf 88' lang='lat' dir='ltr'><strong>Pente-</strong></span> 
     </span>
    </p>
   </div>
   <div class='ocr_carea' id='block_1_46' title="bbox 281 4707 1408 4780">
    <p class='ocr_par' dir='ltr' id='par_1_46' title="bbox 281 4707 1408 4780">
     <span class='ocr_line' id='line_1_46' title="bbox 281 4707 1408 4780; baseline 0.004 -20"><span class='ocrx_word' id='word_1_629' title='bbox 281 4711 484 4771; x_wconf 83' lang='lat' dir='ltr'><strong>costen,</strong></span> <span class='ocrx_word' id='word_1_630' title='bbox 515 4721 639 4762; x_wconf 90' lang='lat' dir='ltr'><strong>cum</strong></span> <span class='ocrx_word' id='word_1_631' title='bbox 659 4707 910 4780; x_wconf 86' lang='lat' dir='ltr'><strong>periclysi</strong></span> <span class='ocrx_word' id='word_1_632' title='bbox 936 4708 1004 4766; x_wconf 93' lang='lat' dir='ltr'><strong>de</strong></span> <span class='ocrx_word' id='word_1_633' title='bbox 1031 4708 1408 4780; x_wconf 86' lang='lat' dir='ltr'><strong>ehrysoclavo.</strong></span> 
     </span>
    </p>
   </div>
   <div class='ocr_carea' id='block_1_47' title="bbox 349 4797 3429 4876">
    <p class='ocr_par' dir='ltr' id='par_1_47' title="bbox 349 4797 3429 4876">
     <span class='ocr_line' id='line_1_47' title="bbox 349 4797 3429 4876; baseline -0.003 -18"><span class='ocrx_word' id='word_1_634' title='bbox 349 4800 510 4874; x_wconf 81' lang='lat'><strong>393</strong></span> <span class='ocrx_word' id='word_1_635' title='bbox 547 4802 673 4858; x_wconf 92' lang='lat' dir='ltr'><strong>Pari</strong></span> <span class='ocrx_word' id='word_1_636' title='bbox 700 4804 862 4860; x_wconf 90' lang='lat' dir='ltr'><strong>modo</strong></span> <span class='ocrx_word' id='word_1_637' title='bbox 883 4804 976 4860; x_wconf 91' lang='lat' dir='ltr'><strong>ubi</strong></span> <span class='ocrx_word' id='word_1_638' title='bbox 1005 4819 1168 4875; x_wconf 90' lang='lat' dir='ltr'><strong>supra</strong></span> <span class='ocrx_word' id='word_1_639' title='bbox 1200 4805 1329 4860; x_wconf 90' lang='lat' dir='ltr'><strong>fecit</strong></span> <span class='ocrx_word' id='word_1_640' title='bbox 1355 4804 1647 4876; x_wconf 88' lang='lat' dir='ltr'><strong>imaginem</strong></span> <span class='ocrx_word' id='word_1_641' title='bbox 1677 4804 1847 4874; x_wconf 89' lang='lat' dir='ltr'><strong>ipsius</strong></span> <span class='ocrx_word' id='word_1_642' title='bbox 1877 4803 2242 4874; x_wconf 89' lang='lat' dir='ltr'><strong>apostolorum</strong></span> <span class='ocrx_word' id='word_1_643' title='bbox 2265 4800 2529 4871; x_wconf 86' lang='lat' dir='ltr'><strong>principis</strong></span> <span class='ocrx_word' id='word_1_644' title='bbox 2575 4800 2630 4855; x_wconf 90' lang='lat' dir='ltr'><strong>in</strong></span> <span class='ocrx_word' id='word_1_645' title='bbox 2671 4805 2830 4869; x_wconf 88' lang='lat' dir='ltr'><strong>porta</strong></span> <span class='ocrx_word' id='word_1_646' title='bbox 2872 4797 3136 4862; x_wconf 89' lang='lat' dir='ltr'><strong>virorum,</strong></span> <span class='ocrx_word' id='word_1_647' title='bbox 3193 4811 3260 4850; x_wconf 83' lang='lat' dir='ltr'><strong>ex</strong></span> <span class='ocrx_word' id='word_1_648' title='bbox 3291 4809 3429 4850; x_wconf 89' lang='lat' dir='ltr'><strong>auro</strong></span> 
     </span>
    </p>
   </div>
   <div class='ocr_carea' id='block_1_48' title="bbox 279 4887 3430 4968">
    <p class='ocr_par' dir='ltr' id='par_1_48' title="bbox 279 4887 3430 4968">
     <span class='ocr_line' id='line_1_48' title="bbox 279 4887 3430 4968; baseline -0.002 -20"><span class='ocrx_word' id='word_1_649' title='bbox 279 4896 573 4964; x_wconf 90' lang='lat' dir='ltr'><strong>purissimo</strong></span> <span class='ocrx_word' id='word_1_650' title='bbox 598 4904 655 4952; x_wconf 91' lang='lat' dir='ltr'><strong>et</strong></span> <span class='ocrx_word' id='word_1_651' title='bbox 680 4896 910 4967; x_wconf 86' lang='lat' dir='ltr'><strong>gemmis</strong></span> <span class='ocrx_word' id='word_1_652' title='bbox 938 4896 1354 4968; x_wconf 85' lang='lat' dir='ltr'><strong>pretiosissimis</strong></span> <span class='ocrx_word' id='word_1_653' title='bbox 1384 4896 1537 4952; x_wconf 83' lang='lat' dir='ltr'><strong>mirae</strong></span> <span class='ocrx_word' id='word_1_654' title='bbox 1588 4896 1974 4967; x_wconf 83' lang='lat' dir='ltr'><strong>magnitudinis</strong></span> <span class='ocrx_word' id='word_1_655' title='bbox 2000 4903 2055 4950; x_wconf 94' lang='lat' dir='ltr'><strong>et</strong></span> <span class='ocrx_word' id='word_1_656' title='bbox 2090 4893 2510 4966; x_wconf 90' lang='lat' dir='ltr'><strong>pulchritudinis</strong></span> <span class='ocrx_word' id='word_1_657' title='bbox 2564 4893 2876 4948; x_wconf 90' lang='lat' dir='ltr'><strong>decoratam</strong></span> <span class='ocrx_word' id='word_1_658' title='bbox 2895 4931 2910 4956; x_wconf 95' lang='lat'><strong>,</strong></span> <span class='ocrx_word' id='word_1_659' title='bbox 2941 4895 3235 4960; x_wconf 88' lang='lat' dir='ltr'><strong>pensantes</strong></span> <span class='ocrx_word' id='word_1_660' title='bbox 3261 4887 3430 4942; x_wconf 91' lang='lat' dir='ltr'><strong>libras</strong></span> 
     </span>
    </p>
   </div>
   <div class='ocr_carea' id='block_1_49' title="bbox 275 4983 3430 5062">
    <p class='ocr_par' dir='ltr' id='par_1_49' title="bbox 275 4983 3430 5062">
     <span class='ocr_line' id='line_1_49' title="bbox 275 4983 3430 5062; baseline -0.003 -14"><span class='ocrx_word' id='word_1_661' title='bbox 275 4992 462 5048; x_wconf 90' lang='lat' dir='ltr'><strong>decem</strong></span> <span class='ocrx_word' id='word_1_662' title='bbox 491 5003 548 5050; x_wconf 91' lang='lat' dir='ltr'><strong>et</strong></span> <span class='ocrx_word' id='word_1_663' title='bbox 572 5009 764 5050; x_wconf 90' lang='lat' dir='ltr'><strong>novem</strong></span> <span class='ocrx_word' id='word_1_664' title='bbox 786 5005 843 5051; x_wconf 90' lang='lat' dir='ltr'><strong>et</strong></span> <span class='ocrx_word' id='word_1_665' title='bbox 860 4995 1049 5052; x_wconf 92' lang='lat' dir='ltr'><strong>uncias</strong></span> <span class='ocrx_word' id='word_1_666' title='bbox 1077 5004 1210 5052; x_wconf 89' lang='lat' dir='ltr'><strong>tres.</strong></span> <span class='ocrx_word' id='word_1_667' title='bbox 1241 4995 1551 5053; x_wconf 66' lang='lat' dir='ltr'><strong>Praesertim</strong></span> <span class='ocrx_word' id='word_1_668' title='bbox 1578 5011 1710 5052; x_wconf 90' lang='lat' dir='ltr'><strong>vero</strong></span> <span class='ocrx_word' id='word_1_669' title='bbox 1736 4993 1910 5050; x_wconf 87' lang='lat' dir='ltr'><strong>isdem</strong></span> <span class='ocrx_word' id='word_1_670' title='bbox 1931 4993 2280 5051; x_wconf 86' lang='lat' dir='ltr'><strong>beatissimus</strong></span> <span class='ocrx_word' id='word_1_671' title='bbox 2305 4989 2544 5062; x_wconf 86' lang='lat' dir='ltr'><strong>pontifex</strong></span> <span class='ocrx_word' id='word_1_672' title='bbox 2577 4989 2707 5045; x_wconf 88' lang='lat' dir='ltr'><strong>fecit</strong></span> <span class='ocrx_word' id='word_1_673' title='bbox 2738 4989 2829 5044; x_wconf 89' lang='lat' dir='ltr'><strong>ubi</strong></span> <span class='ocrx_word' id='word_1_674' title='bbox 2863 5002 3025 5057; x_wconf 90' lang='lat' dir='ltr'><strong>supra</strong></span> <span class='ocrx_word' id='word_1_675' title='bbox 3049 4985 3315 5043; x_wconf 91' lang='lat' dir='ltr'><strong>cancellos</strong></span> <span class='ocrx_word' id='word_1_676' title='bbox 3345 4983 3430 5038; x_wconf 82' lang='lat' dir='ltr'><strong>fu-</strong></span> 
     </span>
    </p>
   </div>
   <div class='ocr_carea' id='block_1_50' title="bbox 278 5079 3428 5160">
    <p class='ocr_par' dir='ltr' id='par_1_50' title="bbox 278 5079 3428 5160">
     <span class='ocr_line' id='line_1_50' title="bbox 278 5079 3428 5160; baseline -0.003 -20"><span class='ocrx_word' id='word_1_677' title='bbox 278 5084 410 5142; x_wconf 84' lang='lat' dir='ltr'><strong>siles</strong></span> <span class='ocrx_word' id='word_1_678' title='bbox 435 5086 489 5141; x_wconf 89' lang='lat' dir='ltr'><strong>in</strong></span> <span class='ocrx_word' id='word_1_679' title='bbox 511 5086 758 5159; x_wconf 89' lang='lat' dir='ltr'><strong>ingressu</strong></span> <span class='ocrx_word' id='word_1_680' title='bbox 786 5088 1133 5160; x_wconf 86' lang='lat' dir='ltr'><strong>presbyterii,</strong></span> <span class='ocrx_word' id='word_1_681' title='bbox 1172 5103 1268 5145; x_wconf 89' lang='lat' dir='ltr'><strong>seu</strong></span> <span class='ocrx_word' id='word_1_682' title='bbox 1297 5089 1352 5144; x_wconf 92' lang='lat' dir='ltr'><strong>in</strong></span> <span class='ocrx_word' id='word_1_683' title='bbox 1383 5089 1572 5144; x_wconf 83' lang='lat' dir='ltr'><strong>dextra</strong></span> <span class='ocrx_word' id='word_1_684' title='bbox 1609 5096 1764 5159; x_wconf 90' lang='lat' dir='ltr'><strong>parte</strong></span> <span class='ocrx_word' id='word_1_685' title='bbox 1789 5085 2055 5156; x_wconf 62' lang='lat' dir='ltr'><strong>laevaque,</strong></span> <span class='ocrx_word' id='word_1_686' title='bbox 2083 5101 2297 5141; x_wconf 90' lang='lat' dir='ltr'><strong>necnon</strong></span> <span class='ocrx_word' id='word_1_687' title='bbox 2332 5093 2387 5140; x_wconf 90' lang='lat' dir='ltr'><strong>et</strong></span> <span class='ocrx_word' id='word_1_688' title='bbox 2413 5084 2467 5138; x_wconf 92' lang='lat' dir='ltr'><strong>in</strong></span> <span class='ocrx_word' id='word_1_689' title='bbox 2497 5083 2744 5152; x_wconf 89' lang='lat' dir='ltr'><strong>ingressu</strong></span> <span class='ocrx_word' id='word_1_690' title='bbox 2794 5079 3066 5145; x_wconf 86' lang='lat' dir='ltr'><strong>vestibuli,</strong></span> <span class='ocrx_word' id='word_1_691' title='bbox 3098 5094 3162 5134; x_wconf 85' lang='lat' dir='ltr'><strong>ex</strong></span> <span class='ocrx_word' id='word_1_692' title='bbox 3201 5084 3428 5145; x_wconf 86' lang='lat' dir='ltr'><strong>argento</strong></span> 
     </span>
    </p>
   </div>
   <div class='ocr_carea' id='block_1_51' title="bbox 195 5174 3425 5255">
    <p class='ocr_par' dir='ltr' id='par_1_51' title="bbox 195 5174 3425 5255">
     <span class='ocr_line' id='line_1_51' title="bbox 195 5174 3425 5255; baseline -0.003 -18"><span class='ocrx_word' id='word_1_693' title='bbox 195 5176 241 5238; x_wconf 72' lang='grc' dir='ltr'><strong><em>Β</em></strong></span> <span class='ocrx_word' id='word_1_694' title='bbox 277 5180 660 5247; x_wconf 84' lang='lat' dir='ltr'><strong>mundissimo,</strong></span> <span class='ocrx_word' id='word_1_695' title='bbox 689 5195 845 5251; x_wconf 91' lang='lat' dir='ltr'><strong>pens.</strong></span> <span class='ocrx_word' id='word_1_696' title='bbox 877 5180 1038 5237; x_wconf 91' lang='lat' dir='ltr'><strong>simul</strong></span> <span class='ocrx_word' id='word_1_697' title='bbox 1070 5180 1236 5238; x_wconf 89' lang='lat' dir='ltr'><strong>libras</strong></span> <span class='ocrx_word' id='word_1_698' title='bbox 1251 5180 1398 5236; x_wconf 91' lang='lat' dir='ltr'><strong>mille</strong></span> <span class='ocrx_word' id='word_1_699' title='bbox 1421 5182 1746 5252; x_wconf 91' lang='lat' dir='ltr'><strong>quingentas</strong></span> <span class='ocrx_word' id='word_1_700' title='bbox 1777 5184 2118 5255; x_wconf 82' lang='lat' dir='ltr'><strong>septuaginta</strong></span> <span class='ocrx_word' id='word_1_701' title='bbox 2146 5191 2204 5240; x_wconf 90' lang='lat' dir='ltr'><strong>et</strong></span> <span class='ocrx_word' id='word_1_702' title='bbox 2238 5192 2366 5239; x_wconf 92' lang='lat' dir='ltr'><strong>tres.</strong></span> <span class='ocrx_word' id='word_1_703' title='bbox 2408 5181 2688 5253; x_wconf 89' lang='lat' dir='ltr'><strong>Simulque</strong></span> <span class='ocrx_word' id='word_1_704' title='bbox 2715 5186 2770 5232; x_wconf 91' lang='lat' dir='ltr'><strong>et</strong></span> <span class='ocrx_word' id='word_1_705' title='bbox 2794 5177 3074 5234; x_wconf 90' lang='lat' dir='ltr'><strong>columnas</strong></span> <span class='ocrx_word' id='word_1_706' title='bbox 3124 5174 3372 5230; x_wconf 90' lang='lat' dir='ltr'><strong>volatiles</strong></span> <span class='ocrx_word' id='word_1_707' title='bbox 3398 5184 3425 5211; x_wconf 78' lang='grc' dir='ltr'><strong>ιι</strong></span> 
     </span>
    </p>
   </div>
   <div class='ocr_carea' id='block_1_52' title="bbox 278 5271 3428 5346">
    <p class='ocr_par' dir='ltr' id='par_1_52' title="bbox 278 5271 3428 5346">
     <span class='ocr_line' id='line_1_52' title="bbox 278 5271 3428 5346; baseline -0.001 -19"><span class='ocrx_word' id='word_1_708' title='bbox 278 5279 392 5328; x_wconf 84' lang='lat' dir='ltr'><strong>tam</strong></span> <span class='ocrx_word' id='word_1_709' title='bbox 437 5273 494 5328; x_wconf 90' lang='lat' dir='ltr'><strong>in</strong></span> <span class='ocrx_word' id='word_1_710' title='bbox 525 5273 773 5345; x_wconf 89' lang='lat' dir='ltr'><strong>ingressu</strong></span> <span class='ocrx_word' id='word_1_711' title='bbox 802 5274 1047 5346; x_wconf 89' lang='lat' dir='ltr'><strong>corporis</strong></span> <span class='ocrx_word' id='word_1_712' title='bbox 1071 5275 1264 5329; x_wconf 86' lang='lat' dir='ltr'><strong>dextra</strong></span> <span class='ocrx_word' id='word_1_713' title='bbox 1295 5272 1537 5343; x_wconf 72' lang='lat' dir='ltr'><strong>lzevaque</strong></span> <span class='ocrx_word' id='word_1_714' title='bbox 1579 5289 1646 5329; x_wconf 88' lang='lat' dir='ltr'><strong>ex</strong></span> <span class='ocrx_word' id='word_1_715' title='bbox 1673 5284 1830 5346; x_wconf 89' lang='lat' dir='ltr'><strong>parte</strong></span> <span class='ocrx_word' id='word_1_716' title='bbox 1853 5275 2116 5343; x_wconf 89' lang='lat' dir='ltr'><strong>virorum,</strong></span> <span class='ocrx_word' id='word_1_717' title='bbox 2159 5290 2225 5330; x_wconf 90' lang='lat' dir='ltr'><strong>ac</strong></span> <span class='ocrx_word' id='word_1_718' title='bbox 2252 5273 2539 5330; x_wconf 91' lang='lat' dir='ltr'><strong>mulierum</strong></span> <span class='ocrx_word' id='word_1_719' title='bbox 2556 5289 2685 5346; x_wconf 88' lang='lat' dir='ltr'><strong>para</strong></span> <span class='ocrx_word' id='word_1_720' title='bbox 2713 5285 2856 5343; x_wconf 87' lang='lat' dir='ltr'><strong>octo,</strong></span> <span class='ocrx_word' id='word_1_721' title='bbox 2884 5289 3036 5344; x_wconf 89' lang='lat' dir='ltr'><strong>pens.</strong></span> <span class='ocrx_word' id='word_1_722' title='bbox 3069 5272 3228 5328; x_wconf 91' lang='lat' dir='ltr'><strong>simul</strong></span> <span class='ocrx_word' id='word_1_723' title='bbox 3261 5271 3428 5326; x_wconf 79' lang='lat' dir='ltr'><strong>libras</strong></span> 
     </span>
    </p>
   </div>
   <div class='ocr_carea' id='block_1_53' title="bbox 278 5359 3427 5441">
    <p class='ocr_par' dir='ltr' id='par_1_53' title="bbox 278 5359 3427 5441">
     <span class='ocr_line' id='line_1_53' title="bbox 278 5359 3427 5441; baseline -0.002 -19"><span class='ocrx_word' id='word_1_724' title='bbox 278 5373 498 5422; x_wconf 90' lang='lat' dir='ltr'><strong>centum</strong></span> <span class='ocrx_word' id='word_1_725' title='bbox 525 5368 816 5438; x_wconf 89' lang='lat' dir='ltr'><strong>nonaginta</strong></span> <span class='ocrx_word' id='word_1_726' title='bbox 845 5385 860 5434; x_wconf 90' lang='lat'><strong>;</strong></span> <span class='ocrx_word' id='word_1_727' title='bbox 889 5383 1096 5424; x_wconf 91' lang='lat' dir='ltr'><strong>necnon</strong></span> <span class='ocrx_word' id='word_1_728' title='bbox 1127 5376 1182 5424; x_wconf 86' lang='lat' dir='ltr'><strong>et</strong></span> <span class='ocrx_word' id='word_1_729' title='bbox 1207 5383 1368 5423; x_wconf 90' lang='lat' dir='ltr'><strong>arcus</strong></span> <span class='ocrx_word' id='word_1_730' title='bbox 1392 5377 1679 5441; x_wconf 89' lang='lat' dir='ltr'><strong>argenteos</strong></span> <span class='ocrx_word' id='word_1_731' title='bbox 1704 5378 1848 5435; x_wconf 90' lang='lat' dir='ltr'><strong>octo,</strong></span> <span class='ocrx_word' id='word_1_732' title='bbox 1876 5384 2030 5440; x_wconf 91' lang='lat' dir='ltr'><strong>pens.</strong></span> <span class='ocrx_word' id='word_1_733' title='bbox 2063 5368 2225 5424; x_wconf 85' lang='lat' dir='ltr'><strong>simul</strong></span> <span class='ocrx_word' id='word_1_734' title='bbox 2253 5367 2422 5425; x_wconf 88' lang='lat' dir='ltr'><strong>libras</strong></span> <span class='ocrx_word' id='word_1_735' title='bbox 2451 5378 2665 5424; x_wconf 90' lang='lat' dir='ltr'><strong>centum</strong></span> <span class='ocrx_word' id='word_1_736' title='bbox 2689 5367 3047 5436; x_wconf 89' lang='lat' dir='ltr'><strong>quadraginta</strong></span> <span class='ocrx_word' id='word_1_737' title='bbox 3074 5372 3130 5419; x_wconf 93' lang='lat' dir='ltr'><strong>ct</strong></span> <span class='ocrx_word' id='word_1_738' title='bbox 3159 5372 3286 5419; x_wconf 89' lang='lat' dir='ltr'><strong>tres.</strong></span> <span class='ocrx_word' id='word_1_739' title='bbox 3323 5359 3427 5416; x_wconf 87' lang='lat' dir='ltr'><strong>Fe-</strong></span> 
     </span>
    </p>
   </div>
   <div class='ocr_carea' id='block_1_54' title="bbox 278 5459 3422 5532">
    <p class='ocr_par' dir='ltr' id='par_1_54' title="bbox 278 5459 3422 5532">
     <span class='ocr_line' id='line_1_54' title="bbox 278 5459 3422 5532; baseline -0.002 -16"><span class='ocrx_word' id='word_1_740' title='bbox 278 5459 356 5516; x_wconf 91' lang='lat' dir='ltr'><strong>cit</strong></span> <span class='ocrx_word' id='word_1_741' title='bbox 379 5467 558 5516; x_wconf 90' lang='lat' dir='ltr'><strong>autem</strong></span> <span class='ocrx_word' id='word_1_742' title='bbox 591 5460 763 5516; x_wconf 90' lang='lat' dir='ltr'><strong>isdem</strong></span> <span class='ocrx_word' id='word_1_743' title='bbox 792 5459 1140 5517; x_wconf 87' lang='lat' dir='ltr'><strong>beatissimus</strong></span> <span class='ocrx_word' id='word_1_744' title='bbox 1169 5462 1412 5531; x_wconf 85' lang='lat' dir='ltr'><strong>pontifex</strong></span> <span class='ocrx_word' id='word_1_745' title='bbox 1440 5462 1500 5520; x_wconf 82' lang='lat' dir='ltr'><strong>irt</strong></span> <span class='ocrx_word' id='word_1_746' title='bbox 1527 5461 1747 5518; x_wconf 88' lang='lat' dir='ltr'><strong>basilica</strong></span> <span class='ocrx_word' id='word_1_747' title='bbox 1774 5462 1918 5518; x_wconf 90' lang='lat' dir='ltr'><strong>beati</strong></span> <span class='ocrx_word' id='word_1_748' title='bbox 1939 5461 2188 5528; x_wconf 86' lang='lat' dir='ltr'><strong>Andreae,</strong></span> <span class='ocrx_word' id='word_1_749' title='bbox 2224 5460 2313 5516; x_wconf 90' lang='lat' dir='ltr'><strong>ubi</strong></span> <span class='ocrx_word' id='word_1_750' title='bbox 2347 5476 2532 5532; x_wconf 90' lang='lat' dir='ltr'><strong>supra,</strong></span> <span class='ocrx_word' id='word_1_751' title='bbox 2567 5478 2792 5532; x_wconf 88' lang='lat' dir='ltr'><strong>regnum</strong></span> <span class='ocrx_word' id='word_1_752' title='bbox 2822 5477 2889 5517; x_wconf 88' lang='lat' dir='ltr'><strong>ex</strong></span> <span class='ocrx_word' id='word_1_753' title='bbox 2929 5475 3061 5516; x_wconf 89' lang='lat' dir='ltr'><strong>auro</strong></span> <span class='ocrx_word' id='word_1_754' title='bbox 3105 5459 3422 5528; x_wconf 83' lang='lat' dir='ltr'><strong>purissimo,</strong></span> 
     </span>
    </p>
   </div>
   <div class='ocr_carea' id='block_1_55' title="bbox 276 5555 3424 5630">
    <p class='ocr_par' dir='ltr' id='par_1_55' title="bbox 276 5555 3424 5630">
     <span class='ocr_line' id='line_1_55' title="bbox 276 5555 3424 5630; baseline -0.001 -17"><span class='ocrx_word' id='word_1_755' title='bbox 276 5572 405 5613; x_wconf 88' lang='lat' dir='ltr'><strong>cum</strong></span> <span class='ocrx_word' id='word_1_756' title='bbox 431 5556 661 5628; x_wconf 88' lang='lat' dir='ltr'><strong>gemmis</strong></span> <span class='ocrx_word' id='word_1_757' title='bbox 703 5556 956 5628; x_wconf 89' lang='lat' dir='ltr'><strong>pretiosis</strong></span> <span class='ocrx_word' id='word_1_758' title='bbox 979 5567 1252 5625; x_wconf 90' lang='lat' dir='ltr'><strong>ornatum,</strong></span> <span class='ocrx_word' id='word_1_759' title='bbox 1297 5575 1525 5630; x_wconf 89' lang='lat' dir='ltr'><strong>peusan.</strong></span> <span class='ocrx_word' id='word_1_760' title='bbox 1560 5559 1729 5616; x_wconf 91' lang='lat' dir='ltr'><strong>libras</strong></span> <span class='ocrx_word' id='word_1_761' title='bbox 1753 5560 1912 5626; x_wconf 91' lang='lat' dir='ltr'><strong>duas,</strong></span> <span class='ocrx_word' id='word_1_762' title='bbox 1940 5568 1996 5615; x_wconf 92' lang='lat' dir='ltr'><strong>et</strong></span> <span class='ocrx_word' id='word_1_763' title='bbox 2015 5560 2204 5615; x_wconf 89' lang='lat' dir='ltr'><strong>uncias</strong></span> <span class='ocrx_word' id='word_1_764' title='bbox 2229 5560 2489 5630; x_wconf 89' lang='lat' dir='ltr'><strong>quinque.</strong></span> <span class='ocrx_word' id='word_1_765' title='bbox 2516 5558 2736 5615; x_wconf 86' lang='lat' dir='ltr'><strong>Necnon</strong></span> <span class='ocrx_word' id='word_1_766' title='bbox 2767 5567 2821 5614; x_wconf 92' lang='lat' dir='ltr'><strong>et</strong></span> <span class='ocrx_word' id='word_1_767' title='bbox 2845 5572 3009 5628; x_wconf 89' lang='lat' dir='ltr'><strong>super</strong></span> <span class='ocrx_word' id='word_1_768' title='bbox 3029 5556 3200 5612; x_wconf 89' lang='lat' dir='ltr'><strong>altare</strong></span> <span class='ocrx_word' id='word_1_769' title='bbox 3249 5555 3424 5610; x_wconf 80' lang='lat' dir='ltr'><strong>beatae</strong></span> 
     </span>
    </p>
   </div>
   <div class='ocr_carea' id='block_1_56' title="bbox 159 5643 3424 5722">
    <p class='ocr_par' dir='ltr' id='par_1_56' title="bbox 159 5643 3424 5722">
     <span class='ocr_line' id='line_1_56' title="bbox 159 5643 3424 5722; baseline -0.002 -16"><span class='ocrx_word' id='word_1_770' title='bbox 159 5646 238 5706; x_wconf 65' lang='lat'><strong>10</strong></span> <span class='ocrx_word' id='word_1_771' title='bbox 266 5645 600 5715; x_wconf 75' lang='lat' dir='ltr'><strong>Petronillze,</strong></span> <span class='ocrx_word' id='word_1_772' title='bbox 631 5647 723 5704; x_wconf 89' lang='lat' dir='ltr'><strong>ubi</strong></span> <span class='ocrx_word' id='word_1_773' title='bbox 751 5665 934 5720; x_wconf 89' lang='lat' dir='ltr'><strong>supra,</strong></span> <span class='ocrx_word' id='word_1_774' title='bbox 966 5649 1096 5707; x_wconf 74' lang='lat' dir='ltr'><strong>fecit</strong></span> <span class='ocrx_word' id='word_1_775' title='bbox 1123 5665 1348 5722; x_wconf 87' lang='lat' dir='ltr'><strong>regnum</strong></span> <span class='ocrx_word' id='word_1_776' title='bbox 1376 5667 1602 5707; x_wconf 90' lang='lat' dir='ltr'><strong>aureum</strong></span> <span class='ocrx_word' id='word_1_777' title='bbox 1629 5667 1752 5707; x_wconf 91' lang='lat' dir='ltr'><strong>cum</strong></span> <span class='ocrx_word' id='word_1_778' title='bbox 1792 5650 2020 5722; x_wconf 86' lang='lat' dir='ltr'><strong>gemmis</strong></span> <span class='ocrx_word' id='word_1_779' title='bbox 2051 5649 2478 5720; x_wconf 87' lang='lat' dir='ltr'><strong>pretiosissimis,</strong></span> <span class='ocrx_word' id='word_1_780' title='bbox 2531 5665 2754 5719; x_wconf 90' lang='lat' dir='ltr'><strong>pcnsan.</strong></span> <span class='ocrx_word' id='word_1_781' title='bbox 2786 5648 2953 5705; x_wconf 90' lang='lat' dir='ltr'><strong>libras</strong></span> <span class='ocrx_word' id='word_1_782' title='bbox 2989 5648 3124 5703; x_wconf 87' lang='lat' dir='ltr'><strong>duas</strong></span> <span class='ocrx_word' id='word_1_783' title='bbox 3151 5657 3208 5702; x_wconf 90' lang='lat' dir='ltr'><strong>et</strong></span> <span class='ocrx_word' id='word_1_784' title='bbox 3235 5643 3424 5702; x_wconf 85' lang='lat' dir='ltr'><strong>uncias</strong></span> 
     </span>
    </p>
   </div>
   <div class='ocr_carea' id='block_1_57' title="bbox 1235 5783 2310 5830">
    <p class='ocr_par' dir='ltr' id='par_1_57' title="bbox 1235 5783 2310 5830">
     <span class='ocr_line' id='line_1_57' title="bbox 1235 5783 2310 5830; baseline -0.005 -1"><span class='ocrx_word' id='word_1_785' title='bbox 1235 5785 1498 5830; x_wconf 67' lang='lat' dir='ltr'><strong>NOTULE</strong></span> <span class='ocrx_word' id='word_1_786' title='bbox 1538 5784 1937 5830; x_wconf 69' lang='lat' dir='ltr'><strong>MARGINALES</strong></span> <span class='ocrx_word' id='word_1_787' title='bbox 1975 5783 2310 5827; x_wconf 76' lang='lat' dir='ltr'><strong>FABROTTI.</strong></span> 
     </span>
    </p>
   </div>
   <div class='ocr_carea' id='block_1_58' title="bbox 203 5893 2592 5971">
    <p class='ocr_par' dir='ltr' id='par_1_58' title="bbox 203 5893 2592 5971">
     <span class='ocr_line' id='line_1_58' title="bbox 203 5893 2592 5971; baseline 0.008 -23"><span class='ocrx_word' id='word_1_788' title='bbox 203 5893 540 5951; x_wconf 64' lang='lat' dir='ltr'><strong>ntornatiles</strong></span> <span class='ocrx_word' id='word_1_789' title='bbox 581 5895 657 5948; x_wconf 82' lang='lat' dir='ltr'><strong>vel</strong></span> <span class='ocrx_word' id='word_1_790' title='bbox 700 5895 982 5953; x_wconf 78' lang='lat' dir='ltr'><strong>versatiles</strong></span> <span class='ocrx_word' id='word_1_791' title='bbox 1658 5959 1699 5970; x_wconf 29' lang='grc' dir='ltr'>ι</span> <span class='ocrx_word' id='word_1_792' title='bbox 1751 5965 1756 5969; x_wconf 25' lang='grc' dir='ltr'>ι</span> <span class='ocrx_word' id='word_1_793' title='bbox 2411 5967 2420 5971; x_wconf 95' lang='lat'><em>_</em></span> <span class='ocrx_word' id='word_1_794' title='bbox 2477 5959 2506 5966; x_wconf 24' lang='grc' dir='ltr'><strong>γ.</strong></span> <span class='ocrx_word' id='word_1_795' title='bbox 2571 5963 2592 5971; x_wconf 2' lang='grc'><strong>1,</strong></span> 
     </span>
    </p>
   </div>
   <div class='ocr_carea' id='block_1_59' title="bbox 501 5967 2091 6051">
    <p class='ocr_par' dir='ltr' id='par_1_59' title="bbox 501 5967 1755 6051">
     <span class='ocr_line' id='line_1_59' title="bbox 501 5967 1755 6051; baseline 0.001 -3"><span class='ocrx_word' id='word_1_796' title='bbox 501 5991 778 6051; x_wconf 69' lang='grc' dir='ltr'><strong>ΡΑΤιιυι.</strong></span> <span class='ocrx_word' id='word_1_797' title='bbox 828 5990 1149 6050; x_wconf 64' lang='lat' dir='ltr'><strong>cxmm</strong></span> <span class='ocrx_word' id='word_1_798' title='bbox 1658 5967 1699 5970; x_wconf 31' lang='grc' dir='ltr'><strong>’ί</strong></span> <span class='ocrx_word' id='word_1_799' title='bbox 1751 5967 1755 5969; x_wconf 77' lang='grc'><em>’</em></span> 
     </span>
    </p>
   </div>
   <div class='ocr_carea' id='block_1_60' title="bbox 1547 5967 3137 6051">
    <p class='ocr_par' dir='ltr' id='par_1_60' title="bbox 1658 5967 3137 6046">
     <span class='ocr_line' id='line_1_60' title="bbox 1658 5967 3137 6046; baseline 0 -3"><span class='ocrx_word' id='word_1_800' title='bbox 1658 5967 1699 5970; x_wconf 27' lang='grc' dir='ltr'><strong>’ί</strong></span> <span class='ocrx_word' id='word_1_801' title='bbox 1751 5967 1755 5969; x_wconf 72' lang='grc'><em>’</em></span> <span class='ocrx_word' id='word_1_802' title='bbox 2411 5967 2420 5973; x_wconf 84' lang='grc'><em>’</em></span> <span class='ocrx_word' id='word_1_803' title='bbox 2571 5967 2592 5971; x_wconf 56' lang='grc'>”</span> <span class='ocrx_word' id='word_1_804' title='bbox 3060 5988 3137 6046; x_wconf 73' lang='lat'><strong>:39</strong></span> 
     </span>
    </p>
   </div>
  </div>
