4026 6326
209 373 353 432 1329
1124 375 1442 435 HISTORIA
1481 375 1570 432 DE
1607 374 1783 432 VITIS
1819 372 1985 432 BOM.
2026 373 2224 431 PONT.
2262 401 2334 439 ,—
2367 371 2502 431 LEO
2542 372 2629 428 lli.
3341 366 3480 428 ηδο

347 489 505 558 ,ῇωιω
548 487 812 544 ectoriam
851 489 1233 558 consisterent,
1269 501 1325 548 et
1354 491 1420 546 ad
1445 489 1728 561 legendum
1750 503 1937 546 sacras
1963 487 2226 544 lectiones
2254 485 2475 541 luminis
2503 483 2788 554 splendore
2824 481 3171 553 refulgerent.
3217 479 3316 537 Hic
3352 481 3478 538 fecit

359 585 426 641 ad
453 585 672 643 beatum
701 586 973 644 Andream
1011 589 1322 661 apostolum
1362 589 1630 646 ciborium
1680 603 1750 646 ex
1799 596 2027 656 argento
2075 586 2368 659 purissimo
2415 598 2576 655 super
2607 582 2780 638 altare
2819 580 3013 650 majus,
3045 595 3271 650 pensan.
3315 579 3484 637 libras

248 682 320 740 10
357 691 628 739 trecentas
665 693 721 740 et
763 685 1024 760 quinque.
1072 687 1174 744 llic
1218 696 1396 746 autem
1444 687 1746 758 praecipuus
1775 684 2021 758 pontifex
2065 684 2325 741 divinitus
2365 681 2663 752 inspiratus
2707 679 3106 749 baptisterium,
3151 677 3246 734 ubi
3289 692 3480 748 supra,

359 779 736 851 conspiciens,
775 781 904 851 quia
941 781 1056 851 jam
1083 799 1197 854 prae
1233 785 1401 841 nimia
1433 791 1703 840 vetustate
1746 783 1919 840 ruina:
1943 781 2250 853 proximum
2290 781 2489 845 inerat,
2529 787 2585 834 et
2625 776 2753 848 quia
2795 775 3074 845 angustior
3110 775 3260 832 locus
3296 773 3482 845 populi

355 855 633 934 existebat
653 877 744 948 qui
769 878 838 934 ad
864 878 1194 951 baptismum
1213 882 1496 948 veniebat,
1529 882 1702 938 isdem
1727 881 1926 953 praesul
1967 896 1999 936 a
2029 877 2400 936 fundamentis
2448 877 2622 948 ipsum
2670 872 3047 943 baptisterium
3093 873 3148 928 in
3194 871 3484 929 rotundum

357 973 535 1044 ampla
571 974 824 1046 largitate
844 985 1168 1034 construens
1195 979 1251 1034 in
1283 979 1562 1035 meliorem
1591 981 1766 1037 erexit
1797 985 1999 1036 statum
2019 1019 2035 1046 ,
2063 986 2224 1048 atque
2251 991 2464 1034 sacrum
2485 973 2714 1030 fontem
2749 971 2802 1026 in
2833 969 3014 1026 medio
3054 969 3278 1041 iargiori
3307 968 3486 1041 spatio

357 1068 625 1138 fundavit,
649 1078 706 1126 et
731 1070 788 1127 in
813 1073 1044 1130 circuitu
1073 1075 1340 1130 columnis
1362 1076 1765 1147 porphyreticis
1789 1075 2088 1141 decoravit,
2119 1075 2252 1132 etin
2275 1073 2459 1130 medio
2487 1071 2656 1128 fontis
2686 1069 2994 1126 columnam
3023 1064 3228 1134 posuit,
3249 1073 3304 1120 et
3323 1076 3489 1136 super

251 1167 322 1222 i5
358 1166 670 1223 columnam
695 1183 892 1240 agnum
927 1187 992 1225 ex
1021 1181 1246 1242 argento
1270 1171 1588 1242 purissimo,
1613 1171 1927 1229 fundentem
1952 1187 2175 1242 aquam,
2202 1170 2294 1241 qui
2323 1181 2551 1238 pensan.
2577 1166 2745 1223 libras
2765 1165 2958 1221 decem
2982 1168 3038 1218 et
3062 1167 3189 1216 octo
3213 1167 3271 1214 et
3302 1156 3493 1216 uncias

359 1265 566 1320 decem.
595 1262 816 1322 Necnon
854 1275 910 1320 et
935 1267 1106 1322 altare
1134 1266 1308 1337 majus
1335 1269 1436 1325 sub
1459 1269 1648 1325 absida
1673 1269 1999 1333 construxit,
2040 1265 2192 1335 cujus
2220 1265 2417 1322 faciem
2449 1273 2613 1334 atque
2637 1259 3056 1325 confessionem,
3087 1267 3184 1314 seu
3210 1265 3393 1327 rugas,
3423 1254 3493 1308 ad

355 1363 608 1419 decorem
633 1362 803 1434 ipsius
833 1363 973 1420 sacri
1007 1363 1198 1422 altaris
1240 1365 1512 1422 investivit
1555 1381 1624 1422 ex
1671 1376 1896 1439 argento
1943 1365 2336 1431 mundissimo,
2365 1359 2788 1434 pensan..simul
2830 1357 3000 1414 libras
3047 1353 3407 1425 quadraginta
3440 1361 3496 1406 et

357 1469 506 1528 octo;
541 1475 730 1514 verum
758 1459 924 1515 etiam
953 1471 1008 1516 et
1034 1469 1240 1517 vestem
1279 1462 1348 1518 de
1387 1463 1626 1519 stauraci
1674 1477 1838 1534 super
1882 1477 2006 1519 eam
2052 1460 2266 1532 posuit,
2312 1466 2477 1529 atque
2531 1453 2836 1527 regularem
2890 1453 2965 1509 ibi
3015 1448 3494 1523 superinvestitum

389 1573 425 1612 x
450 1567 679 1626 argento
718 1559 1010 1629 purissimo
1049 1559 1194 1615 fecit.
1225 1559 1295 1615 Et
1319 1573 1484 1630 super
1513 1560 1689 1632 ipsutn
1728 1561 2029 1631 regularem
2073 1558 2254 1630 posuit
2297 1570 2486 1612 arcum
2528 1561 2584 1610 et
2627 1550 2966 1626 gammadias
3007 1565 3080 1608 ex
3117 1555 3372 1622 argento,
3404 1544 3498 1618 qui

250 1653 322 1710 20
354 1662 586 1724 pensant
607 1655 772 1710 simul
797 1655 962 1713 libras
992 1659 1328 1730 octuaginta.
1359 1657 1580 1714 Necnon
1605 1665 1660 1712 et
1685 1659 1950 1729 imagines
1979 1665 2122 1723 tres,
2155 1656 2249 1713 ubi
2281 1669 2477 1725 supra,
2523 1651 2727 1724 posuit,
2768 1663 2999 1722 pensari.
3029 1645 3165 1704 inibi
3193 1645 3364 1701 libras
3397 1643 3499 1698 tri-

355 1749 505 1821 ginta
530 1758 585 1805 et
610 1743 820 1820 septem
847 1758 903 1808 et
931 1753 1120 1809 uncias
1151 1754 1369 1821 decem;
1403 1753 1582 1825 ipsum
1610 1769 1742 1811 vero
1771 1754 2149 1826 baptisterium
2187 1751 2420 1808 diversis
2455 1749 2512 1806 in
2547 1747 2783 1804 circuitu
2807 1745 3090 1804 decoravit
3111 1741 3358 1815 picturis.

429 1846 597 1918 ³ο,
623 1847 938 1904 Oratorium
966 1862 1096 1907 vero
1125 1859 1330 1907 sanctae
1357 1850 1571 1920 Crucis,
1595 1852 1690 1909 ubi
1719 1865 1906 1922 supra,-
1928 1851 2072 1922 quod
2097 1863 2212 1920 pra:
2229 1847 2401 1904 nimia
2435 1854 2556 1902 erat
2581 1850 2858 1900 vetustate
2894 1841 3199 1906 ruiturum,
3232 1839 3322 1894 hic
3362 1840 3518 1910 prae;

356 1945 552 2014 cipuns
576 1954 762 2014 pastor
785 1960 815 1999 a
843 1945 1214 2004 fundamentis
1251 1948 1412 2004 simul
1441 1963 1565 2004 cum
1594 1949 1782 2005 absida
1817 1963 1960 2004 novo
1993 1945 2226 2003 aedilicio
2247 1945 2462 2011 erexit,
2490 1950 2548 2000 et
2573 1942 2643 1998 ad
2669 1939 2972 2014 perfectum
3007 1951 3178 2009 usque
3209 1935 3498 2008 perduxit,

357 2049 523 2109 atque
550 2039 721 2109 ipsam
742 2041 987 2097 absidam
1015 2057 1084 2099 ex
1115 2045 1326 2100 musivo
1351 2045 1582 2102 diversis
1605 2045 1918 2102 decet-stam
1961 2043 2190 2118 picturis
2216 2053 2382 2114 atque
2403 2039 2770 2097 marmoribus
2792 2037 2934 2094 miro
2957 2035 3246 2108 splendore
3265 2033 3500 2100 ornavit,

360 2134 450 2190 ubi
501 2144 558 2190 et
601 2136 796 2194 obtulit
842 2139 1110 2195 cibarium
1157 2154 1326 2213 super
1369 2141 1543 2200 altare
1587 2157 1714 2200 cum
1763 2143 2030 2200 columnis
2061 2143 2207 2208 suis,
2239 2145 2402 2212 atque
2446 2139 2643 2195 faciem
2671 2137 2846 2207 ipsius
2887 2134 3078 2190 altaris
3119 2131 3398 2188 investlvit
3435 2146 3504 2185 ex

280 2230 321 2288 I
353 2226 590 2304 argento
622 2234 936 2306 purissime,
979 2251 1207 2310 pensan.
1253 2240 1424 2296 libras
1470 2245 1686 2298 centum
1732 2242 1922 2314 viginti
1970 2247 2025 2298 et
2071 2249 2236 2296 unam
2283 2239 2338 2293 et
2375 2235 2570 2292 uncias
2613 2231 2779 2301 duas;
2823 2239 3048 2304 regnum
3102 2227 3504 2300 spanoclystum

355 2344 424 2386 ex
445 2341 580 2389 auro
605 2335 916 2404 purissimo,
951 2348 1074 2392 cum
1105 2351 1270 2396 cruce
1294 2340 1349 2395 in
1381 2339 1578 2409 medio,
1613 2342 1856 2412 pendens
1890 2354 2053 2410 super
2084 2340 2262 2410 ipsum
2291 2335 2484 2401 altare,
2509 2335 2733 2405 pensari.
2779 2331 2977 2387 librant
3009 2341 3194 2394 unam,
3231 2327 3288 2382 et
3315 2323 3506 2380 uncias

357 2429 626 2486 undecim.
661 2431 880 2490 Necnon
908 2441 961 2490 et
995 2431 1130 2494 alias
1160 2438 1442 2496 columnas
1469 2447 1756 2510 argenteas
1785 2445 2040 2508 quatuor,
2069 2439 2124 2492 et
2153 2445 2317 2506 super
2344 2435 2490 2505 ipsas
2518 2429 2802 2487 columnas
2835 2425 3141 2498 regularem
3188 2423 3506 2480 investitum

357 2541 424 2582 ex
445 2531 671 2601 argento
705 2531 1022 2600 pttrissimo,
1044 2547 1270 2604 pensan.
1305 2535 1438 2592 inibi
1469 2535 1636 2593 libras
1661 2535 1943 2610 sexaginta
1969 2535 2025 2596 et
2054 2531 2292 2606 qdatubr
2317 2537 2373 2586 et
2401 2528 2594 2585 uncias
2641 2525 2774 2582 tres.
2803 2522 2980 2582 Arcus
3025 2530 3314 2596 argenteos
3358 2529 3506 2610 tres,

356 2637 579 2694 pensan.
611 2623 778 2684 libras
807 2626 1172 2702 quadraginta
1211 2635 1268 2687 ct
1298 2641 1410 2690 tres
1448 2643 1504 2690 et
1542 2635 1732 2690 uncias
1761 2607 1923 2690 octo:
1959 2631 2224 2706 imagines
2269 2624 2558 2702 argenteas
2585 2619 2888 2706 ldeauratas
2938 2625 3080 2682 tres,
3113 2629 3342 2686 pensan.
3373 2607 3510 2666 inibi

241 2715 322 2771 ιο
352 2715 516 2774 libras
541 2719 796 2790 triginta;
829 2699 1099 2778 canistros
1121 2734 1412 2794 argenteos
1443 2726 1771 2782 intersatiies
1813 2699 2129 2791 duodecim,
2161 2699 2388 2796 pensari.
2435 2699 2598 2777 simul
2645 2708 2812 2771 libras
2859 2708 3203 2783 septuaginta
3247 2715 3304 2764 et
3346 2713 3506 2773 octo;

357 2809 620 2882 gabatltas
649 2813 935 2884 argenteas
964 2813 1294 2874 intersatiies
1332 2815 1586 2874 fundatas
1615 2810 1806 2890 viginti
1835 2833 2001 2873 unum
2021 2859 2036 2885 ,
2061 2825 2116 2874 et
2141 2807 2360 2874 crucem
2395 2829 2556 2870 unam
2580 2853 2594 2880 ,
2626 2824 2782 2883 pcns.
2813 2805 2868 2862 in
2896 2819 3064 2860 unum
3110 2801 3205 2860 lib.
3236 2801 3502 2890 quinqua-

357 2900 536 2971 ginta;
569 2909 777 2958 vestem
811 2917 977 2975 super
1003 2903 1175 2962 altare
1206 2907 1272 2962 de
1303 2903 1526 2964 fundato
1555 2889 1752 2974 tinam;
1786 2913 1842 2963 et
1885 2907 1988 2962 alia
2012 2896 2102 2962 'de
2145 2893 2381 2962 biatthi‘n
2401 2945 2418 2973 ,
2448 2917 2573 2959 cum
2604 2897 2989 2973 chrysoclavo,
3020 2897 3231 2954 necnon
3266 2889 3322 2954 e't
3349 2895 3510 2952 aliam

355 3007 561 3054 vestem
589 2994 768 3054 albam
797 3006 1032 3054 rosatam
1063 3006 1184 3054 cum‘
1213 2993 1605 3071 eitr'ysoclavo':
1635 3003 1812 3060 velum
1845 3006 2118 3062 modicum
2147 2987 2618 3078 chrysociavatum
2649 3013 2774 3058 cum
2801 2999 3086 3064 crucifixo,
3115 3004 3173 3052 et
3198 2995 3513 3067 margaritis

358 3098 640 3157 ornatum;
671 3092 786 3146 vela
816 3090 884 3146 de
911 3090 1144 3146 stauraci
1172 3099 1402 3162 septem,
1437 3092 1557 3148 vela
1590 3092 1656 3152 de
1683 3093 1906 3152 fundato
1934 3105 2187 3167 quatuor,
2221 3079 2336 3152 vela
2370 3091 2602 3162 modica,
2630 3107 2751 3164 quae
2777 3087 3014 3166 pendent
3041 3091 3097 3147 in
3127 3083 3359 3163 regulari
3383 3087 3514 3144 ante

280 3176 322 3232 5
357 3178 617 3248 imagines
649 3177 844 3253 Tyrias
877 3195 1012 3237 sex:
1038 3179 1154 3238 vela
1186 3181 1308 3238 alba
1353 3185 1552 3252 serica,
1580 3191 1772 3242 ornata
1803 3187 1859 3244 in
1889 3187 2122 3244 circuitu
2169 3179 2235 3242 de
2283 3177 2508 3242 fundato
2553 3178 2871 3249 duddecim;
2903 3182 3081 3238 velum
3115 3179 3288 3252 majus
3327 3177 3511 3235 album

361 3281 622 3341 rosatum,
653 3279 904 3329 ornatum
925 3273 1160 3346 desuper
1183 3270 1249 3332 de
1275 3275 1616 3349 quadrupuio
1643 3279 1834 3346 unum,
1859 3290 1912 3335 et
1941 3277 2085 3335 aliud
2112 3279 2289 3336 velum
2320 3269 2572 3342 rubeum,
2601 3292 2722 3332 cum
2750 3269 2970 3338 bubalo,
2995 3271 3139 3343 quod
3165 3267 3364 3342 pendet
3385 3277 3512 3325 ante

357 3363 534 3434 rcgias
566 3364 838 3435 majores:
871 3366 986 3421 vela
1016 3367 1228 3424 modica
1257 3367 1325 3425 de
1352 3366 1589 3428 stauraci
1621 3369 1876 3444 quatuor,
1902 3387 2022 3444 quae
2049 3372 2288 3443 pendent
2318 3359 2369 3424 in
2403 3353 2637 3441 regulari
2673 3375 2799 3422 ante
2827 3355 3124 3436 imagines;
3169 3359 3270 3418 sed
3309 3368 3372 3444 _et
3406 3358 3506 3415 alia

360 3453 477 3510 vela
503 3455 810 3525 promisctm‘
841 3457 1019 3514 serica
1051 3471 1278 3516 numero
1308 3463 1582 3518 audebim.
1613 3439 1787 3531 Fecit,
1835 3439 2138 3536 ubisupra,
2179 3463 2245 3518 ad
2284 3439 2597 3518 fontes'vela
2638 3454 2801 3530 Tyria
2847 3455 2980 3523 tria,
3029 3469 3150 3526 quae
3179 3439 3420 3526 pendent
3455 3452 3510 3508 in

363 3547 662 3618 regularem
693 3557 821 3605 ante
849 3549 1136 3623 imagines,
1159 3561 1214 3606 et
1243 3551 1344 3608 alia
1386 3547 1502 3608 vela
1527 3554 1703 3610 serica
1727 3570 1957 3610 numero
1988 3554 2176 3626 viginti
2205 3569 2390 3608 umun.

429 3641 596 3713 399
627 3642 726 3698 llic
769 3641 899 3699 fecit
938 3643 1100 3699 beato
1144 3637 1308 3700 Petro
1353 3640 1596 3715 aposiiolo
1643 3645 1898 3702 imtritori
1951 3625 2059 3702 suo
2100 3645 2323 3702 calicem
2375 3639 2598 3702 aureum
2648 3643 2980 3716 praecipuum
3033 3625 3436 3710 spanoclystum
3483 3650 3510 3680 ι

360 3733 586 3790 diversis
611 3743 860 3789 amatum
886 3733 1158 3805 lapidibus
1185 3735 1456 3805 pretiosis,
1482 3746 1709 3806 pensan.
1737 3735 1906 3810 libras
1937 3735 2178 3805 triginta.
2205 3733 2329 3790 Pari
2363 3731 2521 3792 modo
2557 3735 2684 3793 fecit
2720 3746 2776 3792 et
2817 3747 3072 3810 patenum
3116 3752 3338 3792 auream
3387 3749 3511 3804 spa‘

360 3821 681 3894 noelystam,
713 3823 964 3880 similiter
987 3821 1216 3881 diversis
1245 3832 1496 3882 ornatam
1534 3809 1789 3899 pretiosis
1831 3825 2129 3896 lapidibus,
2177 3837 2403 3898 pensau.
2435 3827 2601 3886 libras
2650 3809 2842 3902 viginti
2885 3831 3146 3902 quinque.
3187 3827 3339 3884 Fecit
3381 3843 3511 3882 vero

359 3931 523 3988 super
547 3917 810 3974 cibarium
843 3917 908 3974 de
930 3917 1089 3972 altari
1119 3915 1312 3987 majori
1339 3917 1500 3976 beato
1529 3913 1693 3978 Petro
1723 3919 1966 3992 apostolo
2005 3921 2268 3976 canthara
2309 3923 2516 3993 majora
2550 3931 2786 3994 quatuor
2814 3939 2882 3979 ex
2911 3931 3142 3994 argento
3184 3919 3510 3992 purissimo,

283 4010 326 4068 Β
361 4011 615 4068 habentia
645 4012 697 4067 in
729 4012 907 4068 medio
933 4024 1122 4068 cereos
1147 4027 1216 4068 ex
1253 4021 1479 4085 argento
1506 4003 1814 4081 deauratos,
1844 4029 2067 4085 peusan.
2097 4015 2150 4070 in
2178 4031 2346 4070 unum
2379 4001 2544 4072 libras
2579 4026 2800 4072 centum
2844 4025 2900 4072 et
2941 4013 3323 4086 quadraginta.
3356 4011 3506 4068 Prae-

361 4104 538 4160 dictus
561 4117 693 4158 vero
715 4110 768 4158 et
791 4098 1082 4174 praeclarus
1107 4102 1354 4174 pontifex
1383 4101 1514 4160 fecit
1549 4100 1638 4159 tibi
1669 4107 1832 4174 sltpra
1865 4104 2201 4160 thuriiuiiuin
2233 4105 2602 4188 apostolicum
2649 4123 2716 4163 ex
2752 4124 2886 4164 auro
2926 4105 3250 4178 purissimo,
3281 4121 3510 4177 peusan.

363 4189 532 4245 libras
561 4191 697 4246 duas
719 4199 774 4246 et
805 4193 993 4250 uncias
1021 4196 1283 4266 quinque.
1313 4194 1466 4252 Fecit
1488 4209 1619 4250 vero
1648 4199 1854 4251 'vestem
1899 4211 2066 4267 super
2111 4185 2284 4252 altare
2321 4195 2497 4268 majus
2531 4193 2964 4268 clirysoclavam,
2992 4191 3224 4252 diversis
3256 4185 3511 4251 ornatam

361 4277 590 4349 picturis
625 4291 791 4348 quam
825 4283 1111 4338 constituit
1138 4291 1373 4354 quatuor
1401 4285 1736 4356 temporibus
1761 4299 1858 4356 per
1884 4295 2085 4342 annum
2113 4287 2166 4342 in
2195 4287 2479 4344 duodecim
2513 4289 2835 4346 lectionibus
2862 4289 3064 4346 ibidem
3102 4303 3324 4360 ponere.
3356 4287 3520 4346 Fecit

364 4376 457 4432 ubi
485 4391 648 4448 super
675 4391 910 4434 coronas
944 4382 1181 4452 majores
1227 4397 1296 4438 ex
1338 4392 1565 4455 argento
1599 4383 1894 4455 purissimo
1933 4391 2187 4455 quatuor,
2216 4400 2442 4457 pensan.
2473 4385 2632 4442 simul
2663 4386 2830 4443 libras
2864 4398 3082 4443 centum
3120 4385 3512 4459 quinquaginta

249 4469 330 4527 ιο
366 4477 601 4541 quatuor
624 4477 680 4526 et
703 4470 888 4526 semis.
911 4469 1067 4529 Fecit
1095 4489 1224 4531 vero
1251 4476 1345 4532 ubi
1378 4493 1540 4549 supra
1579 4477 1864 4533 iectorium
1894 4493 1958 4532 ex
1996 4488 2220 4550 argento
2251 4479 2544 4549 purissime
2574 4480 2726 4533 mirze
2753 4479 3142 4550 magnitudinis
3171 4479 3510 4544 decoratum,
3583 4465 3593 4518 ί

364 4579 593 4634 peusan.
622 4565 792 4622 libras
821 4574 1038 4624 centum
1074 4569 1433 4640 quadraginta
1462 4577 1516 4624 et
1547 4577 1691 4636 tres;
1722 4583 1936 4624 necnon
1967 4575 2020 4623 et
2047 4577 2348 4626 cerastatas
2375 4587 2441 4626 ex
2470 4579 2698 4641 argento
2721 4569 3102 4636 inundissimo,
3133 4578 3343 4625 stantes
3360 4569 3512 4638 juxta
3577 4571 3580 4575 ’

365 4659 541 4727 ipsum
565 4657 872 4726 lectorium,
901 4675 1128 4732 pensan.
1155 4662 1317 4717 simul
1347 4662 1514 4719 libras
1539 4661 1901 4733 quadraginta
1929 4669 1983 4715 et
2013 4673 2226 4716 novem.
2261 4657 2462 4717 Verum
2513 4665 2676 4717 etiam
2721 4671 2777 4718 ct
2819 4679 2982 4734 super
3030 4663 3176 4734 ipsas
3211 4671 3516 4720 cerostatas

371 4752 497 4808 fecit
533 4752 784 4812 lucernas
815 4755 1004 4812 fusiles
1029 4754 1262 4810 bimian
1283 4755 1418 4809 duas
1447 4769 1515 4808 ex
1545 4763 1770 4824 argento
1801 4769 1960 4824 puro,
1989 4768 2218 4823 pensan.
2248 4753 2416 4809 libras
2439 4754 2628 4823 viginti
2660 4765 2711 4811 et
2741 4765 2966 4826 septem.
2996 4755 3074 4811 Ex
3104 4754 3206 4812 hoc
3231 4753 3516 4813 constituit

367 4854 428 4901 ut
455 4846 858 4903 Dominicorum
883 4847 988 4914 die,
1021 4845 1110 4902 vel
1135 4848 1186 4901 in
1217 4847 1423 4902 sanctis
1454 4845 1912 4910 solemnitatibus,
1941 4845 2068 4900 hinc
2092 4844 2390 4916 indejuxta
2425 4846 2710 4903 lectorium
2734 4851 3132 4917 consisterent,
3163 4861 3218 4906 et
3242 4851 3308 4905 ad
3335 4847 3515 4920 iegeu-
3585 4839 3594 4849 ’

259 4935 330 4992 15
371 4939 497 4994 dum
523 4954 710 4997 sacras
744 4940 1006 4996 lectiones
1034 4939 1256 4996 luminis
1291 4937 1577 5010 splendore
1608 4935 1898 5007 illigercnt.
1947 4935 2428 4995 Pliarocantliaros
2472 4937 2604 4995 fecit
2650 4939 2702 4996 in
2753 4941 3097 5014 presbyterio
3126 4957 3354 4998 numero
3381 4956 3514 5010 qua-

371 5033 671 5089 tuordecim
697 5051 762 5089 ex
795 5045 1021 5106 argento
1057 5035 1433 5099 mundissimo,
1463 5049 1618 5104 pens.
1647 5029 1808 5088 simul
1841 5031 2008 5086 libras
2028 5031 2460 5104 quadringentas
2489 5032 2712 5104 triginta
2745 5044 2798 5090 et
2832 5046 2969 5100 tres;
3000 5051 3208 5092 necnon
3232 5033 3516 5091 columnas

369 5139 495 5186 octo
529 5139 584 5186 et
614 5147 775 5186 arcus
800 5137 1034 5202 quatuor
1061 5125 1191 5182 fecit
1216 5140 1282 5182 ex
1315 5131 1562 5196 argento,
1595 5136 1820 5193 pensan.
1854 5121 1986 5178 inibi
2019 5121 2185 5180 libras
2229 5131 2447 5180 centum
2492 5127 2835 5198 septuaginta
2868 5136 2923 5182 et
2955 5137 3085 5183 tres.

440 5219 604 5295 500
641 5222 794 5280 Fecit
815 5237 944 5280 vero
970 5221 1063 5278 ubi
1088 5235 1250 5292 supra
1281 5218 1478 5277 calices
1524 5216 1778 5273 fundatus
1809 5235 1877 5274 ex
1907 5227 2150 5289 argento,
2182 5219 2274 5290 qui
2301 5219 2539 5291 pendent
2563 5219 2707 5278 inter
2734 5221 3020 5279 columnas
3053 5221 3288 5294 majores
3319 5222 3512 5278 dextra

370 5315 611 5386 laevaque
639 5317 877 5372 basilicae
901 5331 1129 5372 numero
1160 5316 1442 5387 sexaginta
1475 5321 1732 5386 quatuor,
1769 5327 1992 5383 pcnsau.
2030 5311 2240 5384 pariter
2269 5309 2435 5366 libras
2462 5311 2888 5384 quadringentas
2935 5311 3217 5385 sexaginta
3247 5323 3303 5368 et
3330 5327 3514 5367 unam.

373 5407 546 5462 isdem
573 5424 704 5466 vero
729 5423 1006 5482 praesagus
1029 5409 1259 5464 antistes
1289 5405 1377 5464 ubi
1404 5423 1566 5480 supra
1595 5407 1662 5462 ad
1707 5402 1926 5462 beatum
1950 5403 2220 5462 Andream
2254 5403 2554 5474 apostolum
2586 5405 2864 5462 investivit
2903 5405 3075 5462 altare
3113 5407 3288 5478 majus
3331 5421 3401 5462 ex
3430 5421 3518 5460 ar-

373 5510 537 5571 gento
567 5503 860 5574 purissimo
908 5504 1187 5571 deaurato,
1221 5502 1361 5559 miro
1389 5505 1584 5559 decore
1611 5510 1826 5568 ornato,
1857 5501 1949 5572 qui
1980 5518 2208 5572 pensan.
2241 5501 2478 5572 undique
2525 5500 2692 5558 libras
2733 5489 2954 5559 centum
2994 5504 3215 5576 triginta
3244 5504 3516 5576 quinque;

301 5590 334 5646 5
372 5592 664 5650 cantharus
693 5609 764 5650 ex
788 5603 1012 5666 argento
1038 5593 1331 5666 purissimo
1359 5591 1664 5658 duodecim,
1693 5608 1917 5664 pensan.
1953 5591 2114 5648 simul
2143 5589 2307 5646 libras
2355 5591 2745 5664 quinquaginta
2773 5602 2830 5650 et
2857 5594 3030 5663 duas;
3083 5594 3354 5654 canistros
3385 5597 3520 5654 duo-

1339 5722 1606 5768 NOTULB
1642 5722 2044 5766 MABGINALES
2088 5720 2426 5766 FABBOTTI.

301 5863 331 5892 ι
361 5849 438 5920 Β,
482 5848 892 5919 epauoclistum.
