4026 6326
540 404 687 489 ’1231
1718 429 2076 486 ANASTASll
2111 428 2130 483 1

2248 428 2424 488 .IOTH
2434 430 2656 488 ECARII
3707 428 3838 484 1253

692 551 868 607 decim
895 565 963 605 ex
991 560 1239 624 argento,
1259 566 1485 622 pensan.
1512 550 1680 606 libras
1710 552 2052 623 septuaginta
2080 562 2134 607 et
2162 560 2305 609 octo.
2332 545 2611 608 lnvesti‘vit
2635 566 2766 609 vero
2786 552 2960 608 altare
2985 552 3156 609 beata:
3179 548 3491 607 Petronius
3513 563 3584 605 ex
3613 558 3838 619 argento

696 647 987 719 purissimo
1022 648 1302 715 deaurato,
1334 647 1565 704 diversis
1591 657 1841 705 ornatam
1897 648 2125 719 picturis
2170 647 2427 720 undique,
2460 662 2687 719 pensan.
2721 648 2888 704 libras
2931 657 3148 704 centum
3204 648 3485 719 sexaginta
3512 657 3574 703 et
3621 649 3765 704 duas
3790 658 3841 702 et

695 746 885 801 uncias
909 754 1053 802 octo.
1082 744 1301 802 Necnon
1329 744 1604 801 investivit
1634 741 1820 799 altare
1844 744 1991 800 beati
2019 743 2264 815 Gregorii
2320 743 2651 802 confessoris
2698 753 2862 815 atque
2890 744 3164 817 pontiﬁcis
3188 760 3257 799 ex
3293 753 3524 814 argento
3576 745 3842 800 deaurato

692 842 952 911 undique,
976 855 1203 912 pensan.
1237 841 1407 897 libras
1425 849 1643 897 centum
1671 840 1862 913 viginti
1882 849 1939 897 et
1966 852 2193 910 septem.
2247 839 2400 897 Fecit
2428 842 2519 896 ubi
2541 856 2704 913 supra
2731 841 2786 895 in
2812 841 3019 913 gremio
3046 840 3288 896 basilica:
3324 839 3475 896 beati
3502 838 3663 895 Petri
3718 855 3842 910 apo-

583 937 655 997 10
690 939 815 996 stoli
848 938 1117 995 cortinam
1147 937 1413 1009 majorem
1465 937 1889 994 Alexandrinam
1920 937 2303 1004 bolosericam,
2337 937 2628 993 habentem
2656 937 2710 991 in
2759 936 2940 992 medio
2988 935 3305 1005 adjunctum
3335 936 3663 1003 fundatum,
3689 945 3750 992 et
3788 936 3843 995 in

691 1037 923 1095 circuitu
951 1042 1205 1094 ornatum
1252 1034 1318 1090 de
1346 1033 1589 1089 fundato.
1639 1032 2001 1091 Verumetiam
2034 1034 2208 1090 isdem
2240 1033 2545 1105 prmeipuus
2574 1032 2775 1105 praesul
2802 1032 2933 1089 fecit
2960 1032 3233 1088 tlturibula
3261 1033 3565 1106 apostolica
3608 1049 3687 1088 ex
3714 1048 3843 1093 Iun

688 1133 981 1203 purissimo
1010 1133 1141 1197 duo,
1168 1144 1236 1187 ex
1264 1132 1461 1201 quibus
1492 1146 1660 1187 unum
1696 1132 1848 1188 misit
1876 1131 2023 1188 intus
2049 1148 2213 1203 super
2242 1147 2440 1202 corpus
2486 1130 2623 1200 ejus,
2647 1132 2792 1202 quod
2821 1146 3046 1202 pensan.
3092 1131 3262 1188 libras
3312 1132 3471 1199 duas,
3501 1131 3838 1203 etalterni

687 1243 918 1300 pensan.
944 1228 1114 1285 libras
1151 1230 1285 1285 duas
1319 1239 1375 1284 et
1401 1230 1589 1285 uncias
1618 1238 1764 1296 octo,
1799 1230 1943 1299 quod
1972 1229 2228 1299 praecedit
2251 1245 2348 1300 per
2380 1229 2665 1286 stationes.

758 1324 921 1399 ωι
964 1323 1216 1411 llic'vero
1250 1326 1515 1383 almiiicus
1541 1327 1737 1397 praesul
1758 1325 1896 1382 fecit
1926 1327 1980 1381 in
2014 1326 2293 1383 basilicam
2316 1326 2460 1382 beati
2496 1325 2648 1381 Pauli
2690 1325 2919 1395 apostoli
2947 1323 3223 1380 thuribula
3251 1324 3554 1396 apostolica
3605 1339 3687 1379 ex
3714 1339 3836 1382 ante

684 1424 979 1495 purissimo
1006 1425 1132 1480 duo.
1164 1421 1265 1477 llic
1298 1437 1429 1479 vero
1451 1421 1719 1479 almilicus
1736 1422 1936 1494 praesul
1964 1423 2244 1479 investivit
2264 1421 2459 1477 faciem
2483 1422 2675 1478 altaris
2717 1432 2920 1478 sanctae
2944 1421 3043 1478 Dei
3067 1421 3361 1478 Genitricis
3384 1422 3455 1478 ad
3482 1421 3756 1494 Praesepe
3779 1438 3835 1479 ex

686 1531 912 1592 argento
940 1521 1301 1578 mundissimo
1331 1522 1610 1588 deaurato,
1648 1522 1793 1592 quod
1821 1537 1973 1593 pens.
2001 1522 2123 1577 libr.
2159 1522 2471 1593 octuaginta
2501 1529 2557 1577 et
2599 1536 2717 1577 sex.
2748 1520 2901 1576 Fecit
2941 1529 3123 1575 autem
3176 1519 3252 1575 ibi
3302 1532 3537 1575 coronas
3576 1520 3732 1573 duas
3776 1534 3837 1574 ex

687 1626 914 1687 argento
933 1615 1227 1687 purissimo
1256 1628 1407 1685 pens.
1438 1614 1604 1670 libras
1631 1614 2022 1685 quinquaginta
2050 1623 2304 1687 quatuor.
2323 1613 2591 1669 'Cortinas
2641 1613 2875 1684 majores
2900 1611 3296 1667 Alexandrinas
3321 1610 3641 1666 holoserica
3672 1625 3835 1666 orna-

615 1711 651 1766 5
688 1720 773 1770 tas
805 1713 860 1768 in
889 1712 1123 1769 circuitu
1157 1713 1225 1768 de
1247 1711 1491 1767 fundato.
1521 1710 1622 1766 Hic
1650 1724 1784 1766 vero
1821 1712 2130 1782 praecipuus
2170 1709 2369 1782 praesul
2422 1725 2487 1765 ex
2535 1708 2787 1780 largitate
2823 1706 3213 1777 omnipotentis
3252 1703 3372 1773 Dei,
3396 1716 3455 1761 et
3482 1708 3641 1762 beati
3693 1706 3837 1764 Peri

684 1807 940 1880 clavigeri
965 1810 1117 1881 regni
1144 1808 1433 1875 ccelorum,
1460 1808 1657 1865 obtulit
1682 1824 1779 1879 per
1810 1808 2094 1865 universas
2120 1817 2435 1864 sanctorum
2470 1820 2657 1863 sacras
2681 1806 2941 1862 ecclesias
2975 1803 3135 1874 hujus
3182 1804 3338 1859 almae
3381 1804 3575 1861 Romae
3605 1820 3839 1867 coronas

684 1902 769 1959 vel
795 1904 959 1960 etiam
985 1905 1253 1961 ca‘nistros
1272 1921 1341 1960 ex
1366 1913 1592 1976 argento
1617 1905 1932 1976 purissimo,
1960 1907 2031 1961 ob
2058 1905 2273 1960 veniam
2302 1903 2603 1961 facinorum
2629 1916 2883 1967 suorum;
2930 1899 3180 1956 videlicet
3211 1917 3223 1953 :
3258 1900 3315 1954 in
3344 1900 3585 1957 ecclesia
3626 1902 3836 1961 [Domini

683 1997 857 2051 nostri
903 1993 1225 2063 Salvatoris,
1256 2011 1375 2067 qua:
1411 1997 1714 2068 appellatur
1741 1998 2215 2063 Constantiniana,
2246 1996 2378 2054 fecit
2419 2010 2651 2052 coronas
2675 2008 2743 2051 ex
2786 2000 3015 2065 argento
3043 1990 3358 2063 purissimo,
3383 2007 3626 2063 pensari.
3676 1994 3835 2053 libras

684 2082 878 2149 viginti
899 2093 1031 2161 tres.
1055 2085 1124 2141 Et
1147 2086 1202 2141 in
1229 2087 1454 2143 basilica
1477 2096 1679 2144 sanctae
1708 2087 1801 2144 Dei
1829 2086 2122 2144 Genitricis
2143 2089 2211 2144 ad
2228 2087 2478 2159 Praesepe
2500 2089 2676 2144 instar
2698 2086 2826 2142 fecit
2855 2099 3114 2142 coronam
3142 2098 3211 2138 ex
3236 2092 3472 2151 argento
3494 2101 3668 2156 puro,
3690 2103 3830 2157 pem.

577 2174 649 2231 10
684 2173 852 2232 libras
882 2176 1161 2233 tredecim.
1194 2176 1264 2235 Et
1292 2178 1347 2233 in
1371 2177 1596 2235 basilica
1625 2191 1829 2235 sanctae
1854 2179 1949 2234 Dei
1978 2178 2273 2235 Genitricis
2301 2179 2542 2247 in_titulo
2573 2178 2772 2235 Calixti
2822 2178 2951 2233 fecit
2994 2189 3254 2233 coronam
3272 2189 3345 2231 ex
3394 2188 3663 2246 argento,
3690 2195 3828 2249 pars.

682 2268 852 2325 libras
883 2270 1146 2327 tredecim
1175 2279 1231 2327 et
1260 2272 1451 2327 uncias
1474 2279 1600 2328 tres.
1638 2271 1707 2327 Et
1733 2272 1788 2327 in
1839 2270 2087 2327 diaconia
2114 2272 2284 2341 ipsius
2308 2271 2406 2327 Dei
2434 2270 2755 2337 Genitricis,
2775 2285 2898 2340 quae
2939 2268 3242 2339 appellatur
3283 2275 3560 2347 Antiqua,
3588 2279 3832 2337 similiter

679 2359 814 2416 fecit
836 2376 1096 2419 coronam
1124 2378 1194 2418 ex
1219 2374 1464 2438 argento,
1490 2382 1719 2439 pensan.
1752 2366 1919 2445 libras
1955 2365 2237 2423 tredecim.
2280 2365 2349 2421 Et
2388 2366 2443 2421 in
2467 2365 2696 2422 ecclesia
2747 2374 2952 2421 sanctae
2992 2366 3089 2422 Dei
3120 2366 3418 2424 Genitricis
3470 2371 3543 2427 ad
3575 2370 3831 2445 Martyres

676 2450 809 2509 fecit
836 2469 1095 2511 coronam
1122 2470 1191 2511 ex
1206 2456 1465 2530 argento,
1492 2474 1718 2530 pensari.
1749 2441 1917 2516 libras
1943 2459 2225 2515 duodecim
2256 2466 2311 2513 et
2341 2458 2529 2513 uncias
2560 2466 2692 2513 tres.
2728 2457 2796 2512 Et
2821 2458 2877 2513 in
2905 2458 3154 2513 diaconia
3180 2459 3352 2529 ipsius
3382 2460 3489 2517 Dei
3520 2441 3828 2530 Genitricis,

676 2560 797 2615 qua:
821 2547 1122 2618 appellatur
1155 2545 1464 2621 Cosmedin,
1493 2552 1684 2607 eodem
1706 2551 1866 2607 modo
1896 2549 2025 2606 fecit
2047 2564 2304 2606 coronam
2334 2564 2403 2604 ex
2423 2556 2669 2620 argento,
2695 2562 2850 2618 pens.
2883 2548 3053 2605 libras
3080 2551 3390 2621 duodecim,
3419 2569 3653 2614 necnon
3696 2568 3751 2615 et
3784 2560 3829 2614 ia

522 2630 529 2635 ’
574 2633 643 2690 15
678 2635 925 2692 diaconia
954 2641 1156 2691 sanctae
1186 2635 1282 2693 Dei
1310 2638 1624 2708 Genitricis,
1657 2656 1778 2712 quae
1799 2639 2102 2720 appellatur
2128 2639 2434 2706 Dominica,
2468 2639 2720 2695 similiter
2750 2638 2884 2696 fecit
2911 2655 3169 2698 coronam
3199 2660 3265 2700 ex
3312 2656 3586 2717 argento,
3617 2666 3829 2720 pensari.

675 2725 845 2783 libras
872 2741 1087 2782 novem.
1118 2727 1186 2783 Et
1214 2728 1270 2783 in
1307 2728 1558 2787 diaconia
1588 2740 1794 2787 sanctae
1820 2716 1917 2784 Dei
1965 2729 2279 2794 Genitricis,
2309 2745 2432 2800 quae
2458 2730 2684 2800 ponitur
2709 2731 2796 2786 via
2824 2731 2984 2799 Lata,
3014 2732 3147 2789 fecit
3188 2716 3465 2794 Coronam
3492 2716 3573 2797 exi
3600 2716 3830 2816 argento,

680 2834 907 2891 pensari.
940 2820 1107 2877 libras
1136 2835 1355 2877 novem.
1380 2823 1449 2879 Et
1475 2825 1527 2878 in
1560 2823 1807 2880 diaconia
1845 2830 2047 2877 sanctae
2076 2822 2259 2878 Mariae
2288 2824 2344 2877 in
2372 2822 2515 2894 Cyro
2560 2821 2690 2879 fecit
2719 2838 2987 2881 coronam
3018 2835 3358 2899 argenteam,
3387 2844 3636 2899 pensari.
3687 2837 3834 2894 libras

676 2926 819 2974 octo.
870 2917 984 2974 [mo
1004 2927 1060 2973 et
1088 2918 1144 2972 in
1171 2916 1415 2973 diaconia
1460 2918 1636 2976 beatae
1660 2921 1755 2977 Dei
1782 2921 2093 2988 Genitricis,
2119 2937 2239 2992 qua:
2266 2921 2489 2992 ponitur
2513 2921 2649 2977 foris
2676 2933 2890 2993 portam
2917 2926 3062 2982 beati
3110 2928 3257 2983 Petri
3285 2931 3561 3000 apostoli,
3604 2934 3730 2990 fecit
3752 2950 3833 2991 co-

677 3024 868 3067 ronam
892 3025 960 3066 ex
983 3020 1230 3082 argento,
1260 3024 1484 3080 pensari.
1515 3010 1682 3067 libras
1702 3011 1943 3082 quinque
1969 3021 2023 3067 et
2046 3012 2236 3068 uncias
2269 3018 2406 3069 tres.
2435 3011 2505 3067 Et
2530 3012 2585 3067 in
2610 3014 2858 3071 diaconia
2902 3017 3071 3089 ipsius
3100 3020 3197 3074 Dei
3226 3019 3563 3092 Genitricis,
3593 3043 3717 3098 quac
3741 3043 3832 3099 po-

569 3105 829 3179 20.‘nitur
850 3106 906 3161 in
929 3107 1188 3175 Adriano,
1218 3105 1415 3164 eodem
1444 3104 1606 3160 modo
1637 3104 1764 3160 fecit
1787 3119 2045 3160 coronam
2073 3118 2141 3159 ex
2171 3112 2420 3172 argento,
2451 3118 2678 3174 pensan.
2703 3104 2874 3162 libras
2894 3108 3155 3178 quinque.

748 3197 911 3271 402
950 3197 1169 3254 Necnon
1196 3210 1251 3255 et
1280 3198 1335 3253 in
1359 3196 1601 3253 oratorio
1650 3204 1855 3252 sanctae
1891 3195 1988 3250 Dei
2024 3194 2341 3263 Genitricis,
2373 3210 2496 3266 qua)
2524 3198 2741 3267 ponitur
2767 3198 2823 3253 in
2850 3197 3203 3258 Xenodocbio
3250 3203 3486 3275 Firmis,
3518 3211 3651 3266 fecit
3697 3213 3837 3267 cani-

676 3296 853 3344 strum
878 3302 946 3342 ex
968 3297 1217 3359 argento,
1246 3300 1473 3357 pensari.
1503 3285 1671 3343 libras
1696 3284 1831 3341 duas
1857 3294 1913 3341 et
1938 3285 2133 3340 uncias
2159 3294 2390 3356 septem.
2420 3285 2480 3341 ln
2521 3286 2748 3343 ecclesia
2774 3289 2919 3345 beati
2942 3290 3093 3347 Petri
3113 3297 3359 3366 apostoli
3382 3299 3512 3356 fecit
3539 3304 3833 3359 canisz

676 3378 744 3434 de
766 3388 991 3449 argento
1019 3379 1332 3449 purissimo,
1363 3393 1586 3449 pensan.
1616 3376 1788 3434 libras
1816 3377 2006 3449 viginti
2029 3377 2199 3444 duas;
2234 3386 2290 3434 et
2318 3377 2375 3431 in
2410 3378 2645 3434 ecclesia
2670 3379 2813 3437 beati
2841 3381 2995 3437 Pauli
3030 3388 3262 3457 apostoli
3296 3392 3468 3446 instar
3494 3392 3627 3448 fecit
3675 3397 3833 3450 cani-

679 3479 853 3526 strum
883 3486 951 3526 cx
982 3478 1206 3541 argento
1231 3472 1550 3541 purissimo,
1578 3486 1804 3542 pensan.
1858 3472 2027 3529 libras
2053 3471 2126 3526 22
2157 3481 2211 3527 et
2242 3472 2433 3528 uncias
2467 3481 2702 3543 quatuor
2759 3484 2818 3532 et
2844 3486 2988 3532 octo.
3046 3477 3159 3535 lmo
3210 3484 3357 3537 et.in
3402 3484 3629 3541 ecclesia
3677 3487 3831 3543 beati

607 3562 643 3618 5
679 3563 908 3618 Andreae
936 3564 1189 3634 apostoli,
1219 3576 1340 3633 qme
1370 3563 1672 3635 appellatur
1697 3563 1974 3629 Eudoxiae,
2009 3564 2202 3621 eodem
2225 3564 2386 3621 modo
2405 3562 2537 3621 fecit
2564 3580 2822 3622 coronam
2859 3568 2925 3624 de
2951 3582 3201 3640 argento,
3232 3589 3392 3645 pens.
3416 3576 3587 3634 libras
3613 3594 3832 3636 novem,

683 3653 879 3711 Verum
907 3656 1079 3711 etiam
1108 3664 1164 3710 ct
1192 3654 1247 3710 in
1274 3656 1505 3712 ecclesia
1535 3657 1680 3713 beati
1703 3655 1927 3713 Joannis
1956 3654 2236 3726 Baptistae,
2287 3670 2410 3726 quae
2435 3658 2656 3728 ponitur
2677 3657 2836 3728 juxta
2871 3661 3265 3731 patriarcbium
3293 3668 3689 3739 Laterauense,
3714 3674 3839 3728 fecit

678 3761 935 3803 coronam
964 3747 1034 3802 de
1054 3755 1299 3818 argento,
1331 3746 1744 3817 pensan.libras
1776 3748 2036 3819 quinque.
2075 3746 2188 3803 lmo
2217 3755 2272 3803 et
2297 3747 2353 3802 in
2383 3749 2617 3805 ecclesia
2648 3750 2792 3813 beati
2827 3748 3055 3811 Joannis
3095 3758 3480 3828 evangelium,
3509 3778 3637 3833 qua
3686 3766 3841 3834 poni.

649 3858 656 3867 ·
681 3848 769 3895 tur
798 3838 891 3895 ubi
919 3854 1106 3910 supra,
1138 3838 1269 3896 fecit
1296 3854 1577 3915 _coronam
1606 3854 1675 3913 eg;
1698 3850 1948 3912 argento,
1977 3855 2206 3912 pensan.
2249 3840 2419 3899 libras
2444 3843 2707 3914 quinque.
2748 3843 2883 3901 ltem
2909 3854 2965 3902 et
2992 3845 3049 3903 in
3092 3849 3326 3907 ecclesia
3356 3852 3510 3910 beati
3562 3855 3839 3927 Stephani,

677 3947 799 4001 qua:
830 3933 1053 4002 ponitur
1094 3932 1150 3989 in
1180 3932 1350 3990 Coelio
1378 3937 1585 4002 irronte,
1615 3936 1780 3991 srmili
1826 3936 1987 3992 modo
2014 3935 2147 3993 fecit
2171 3952 2437 3995 coronam
2463 3954 2528 3995 ex
2560 3949 2809 4012 argento,
2834 3958 3063 4012 pensan.
3093 3945 3261 4004 libras
3307 3961 3525 4022 septem
3572 3965 3637 4009 et
3662 3957 3844 4011 uncias

572 4028 642 4087 i0
680 4029 957 4085 undecim.
1008 4027 1079 4083 Et
1125 4029 1182 4083 in
1216 4028 1443 4086 basilica
1493 4031 1884 4101 apostolorum,
1914 4047 2034 4101 quae
2065 4032 2286 4102 ponitur
2337 4033 2392 4087 in
2423 4034 2513 4088 via
2542 4034 2699 4098 Lata,
2736 4036 2867 4093 fecit
2899 4052 3158 4095 coronam
3186 4038 3257 4094 de
3305 4050 3564 4111 argento,
3624 4056 3842 4111 pensari.

678 4126 847 4182 libras
879 4125 1161 4181 tredecim.
1222 4124 1288 4179 Et
1314 4122 1369 4178 in
1409 4122 1632 4181 Musileo
1666 4125 1838 4182 beatae
1870 4125 2211 4193 Petronillm,
2250 4127 2399 4198 quod
2430 4129 2652 4199 ponitur
2683 4131 2751 4186 ad
2801 4130 3023 4187 beatum
3082 4130 3300 4187 Petrum
3354 4133 3692 4201 apostolum,
3724 4135 3844 4191 fecit

678 4230 937 4271 coronam
961 4229 1031 4272 ex
1063 4225 1308 4286 argento,
1330 4230 1556 4285 pensan.
1588 4217 1758 4273 libras
1787 4219 2002 4290 viginti.
2038 4219 2107 4277 Et
2133 4220 2189 4277 in
2213 4220 2448 4277 ecclesia
2473 4222 2840 4293 Hierusalem,
2868 4240 2992 4297 qua:
3015 4226 3238 4297 ponitur
3258 4227 3319 4282 in
3346 4226 3704 4293 Sessoriano,
3722 4228 3842 4283 fecit

683 4320 945 4362 coronam
977 4306 1044 4362 de
1073 4314 1317 4377 argento,
1350 4322 1579 4377 pensari.
1606 4309 1775 4365 libras
1801 4313 2063 4382 quinque.
2105 4314 2175 4371 Et
2198 4315 2258 4371 in
2281 4315 2514 4372 ecclesia
2533 4318 2681 4374 beati
2709 4317 3014 4387 Laurentii,
3041 4334 3160 4390 qua:
3180 4317 3407 4391 ponitur
3428 4318 3574 4376 foris
3608 4337 3838 4386 murum,

684 4399 938 4455 similiter
968 4398 1099 4453 fecit
1132 4398 1494 4475 coronamde
1522 4410 1766 4468 argento,
1802 4416 2030 4469 pensan.
2071 4403 2240 4461 libras
2294 4406 2575 4475 tredecim.
2604 4406 2675 4463 Et
2703 4408 2758 4464 in
2806 4409 3039 4467 ecclesia
3070 4409 3218 4465 beati
3263 4409 3614 4480 Apollinaris
3646 4423 3840 4484 marty-

577 4491 651 4551 15
687 4492 764 4550 ris
794 4490 922 4548 fecit
943 4506 1223 4557 coronam,
1256 4505 1481 4560 pensan.
1523 4489 1691 4546 libras
1718 4490 1961 4561 quinque
2006 4502 2064 4553 et
2108 4497 2297 4553 uncias
2324 4508 2579 4570 quatuor.
2609 4499 2813 4557 Verum
2862 4502 3112 4571 etiamet
3137 4500 3194 4556 in
3223 4501 3459 4559 basilica
3507 4504 3663 4561 beati
3705 4504 3833 4560 Pan-

499 4642 511 4733 ζ

500 4778 516 4836 ἰ

476 4866 514 4995 3

684 4584 847 4641 cratii
870 4584 1149 4655 martyris,
1182 4599 1304 4654 qua:
1330 4586 1549 4656 ponitur
1569 4585 1706 4645 foris
1731 4605 1972 4658 murum,
1999 4594 2191 4651 eodem
2224 4598 2386 4654 modo
2408 4596 2538 4655 fecit
2564 4613 2820 4656 coronam
2851 4615 2921 4657 ex
2949 4607 3198 4672 argento,
3223 4614 3457 4672 pensan.
3489 4600 3667 4659 libras
3703 4614 3837 4659 orto.

682 4676 835 4732 Fecit
859 4684 1042 4733 autem
1071 4685 1127 4733 et
1153 4677 1208 4734 in
1237 4678 1471 4736 ecclesia
1500 4682 1645 4739 beati
1675 4681 1949 4741 Valentini
1993 4689 2277 4759 martyris,
2315 4703 2439 4760 quae
2489 4691 2709 4761 ponitur
2756 4692 2896 4748 foris
2948 4707 3188 4757 murum,
3216 4691 3311 4747 ubi
3340 4707 3554 4762 corpus
3583 4693 3704 4763 ejus
3756 4707 3836 4749 re-

680 4769 932 4843 quiescit,
992 4785 1251 4827 coronam
1302 4772 1368 4828 de
1426 4782 1674 4845 argento,
1724 4790 1951 4845 pensan.
2009 4777 2177 4833 libras
2212 4792 2332 4835 sex.
2384 4780 2455 4836 Et
2484 4781 2539 4837 in
2597 4783 2754 4842 titulo
2807 4783 2953 4842 beati
3004 4783 3301 4841 Clementis
3358 4788 3636 4858 martyris
3684 4797 3835 4858 atque

683 4860 957 4928 pontiﬁcis
980 4858 1112 4916 fecit
1140 4875 1399 4918 coronam
1428 4864 1497 4920 de
1518 4874 1767 4935 argento,
1798 4881 2029 4935 pensan.
2056 4866 2194 4924 libra
2210 4884 2237 4924 s
2260 4870 2598 4939 quindecim.

754 4954 917 5027 5.03
956 4955 1023 5009 Et
1053 4955 1108 5010 in
1140 4957 1299 5012 titulo
1329 4958 1623 5041 beatorum.
1651 4959 1860 5029 Aquila:
1883 4970 1938 5016 et
1962 4960 2161 5019 Prisca:
2192 4961 2321 5019 fecit
2346 4976 2606 5023 coronam
2644 4981 2715 5023 ex
2766 4978 3010 5040 argento,
3055 4984 3279 5039 pensari.
3309 4968 3482 5026 libras
3520 4988 3649 5029 sex.
3698 4972 3764 5028 Et
3787 4972 3834 5026 in

688 5047 846 5104 titulo
883 5058 1082 5104 sanctae
1108 5048 1347 5107 Balbinae
1374 5051 1622 5107 similiter
1652 5049 1799 5107 fecit.
1830 5051 1967 5107 ,lmo
1996 5059 2051 5107 et
2086 5053 2141 5108 in
2186 5053 2415 5112 ecclesia
2460 5057 2633 5111 sancti
2691 5056 2831 5114 Sixti
2882 5061 3142 5132 martyris
3185 5071 3351 5133 atque
3393 5066 3677 5133 pontiﬁcis
3718 5066 3838 5122 fecit

685 5156 945 5202 coronam
978 5141 1245 5199 similiter.
1272 5140 1340 5196 Et
1367 5142 1421 5196 in
1452 5141 1607 5197 titulo
1630 5143 1802 5198 sancti
1835 5139 2119 5199 Laurentii
2146 5145 2423 5216 martyris,
2449 5162 2571 5217 quae
2592 5149 2812 5218 ponitur
2839 5142 3081 5218 Lucinae,
3110 5152 3363 5221 similiter
3405 5155 3559 5224 fecit,
3610 5173 3836 5228 μεθείη.

682 5234 853 5293 libras
879 5244 1113 5307 quatuor
1133 5245 1187 5292 et
1216 5236 1403 5291 uncias
1431 5236 1638 5292 decem.
1670 5235 1740 5291 Et
1763 5236 1815 5290 in
1848 5235 2005 5291 titulo
2059 5236 2233 5292 sancti
2283 5235 2565 5294 Laurentii
2597 5242 2877 5315 martyris,
2943 5244 3038 5315 qui
3086 5246 3389 5317 appellatur
3438 5249 3688 5314 Damasi,
3722 5252 3841 5306 fccit

613 5325 652 5383 Β
686 5342 945 5385 coronam
972 5342 1039 5384 ex
1072 5337 1315 5399 argento,
1337 5343 1490 5398 pcns.
1515 5328 1680 5383 libras
1706 5328 1965 5398 quinque.
1991 5328 2058 5386 Et
2081 5330 2137 5385 in
2161 5330 2390 5388 ecclesia
2420 5333 2589 5403 ipsius
2639 5336 2920 5407 martyris,
2958 5352 3081 5409 quae
3108 5339 3327 5410 ponitur
3362 5339 3689 5413 Formosus,
3718 5344 3840 5399 fecit

691 5420 990 5476 canistrum
1018 5433 1083 5476 ex
1110 5428 1360 5492 argento,
1382 5435 1608 5490 pensari.
1640 5419 1809 5477 libras
1825 5421 1961 5477 duas
1988 5431 2046 5476 et
2071 5422 2263 5480 uncias
2284 5433 2513 5493 septem.
2544 5425 2651 5483 Sed
2674 5438 2730 5484 et
2762 5428 2817 5485 in
2849 5428 3006 5486 titulo
3036 5429 3367 5487 Pammachii
3420 5432 3556 5488 fecit
3582 5448 3839 5489 comam

686 5525 757 5568 ex
786 5521 1033 5583 argento,
1063 5525 1217 5583 pens.
1251 5509 1417 5566 libras
1448 5509 1533 5565 lO.
1568 5509 1632 5564 Et
1660 5510 1713 5563 in
1748 5509 1902 5565 titulo
1925 5509 2233 5568 :Emilianae
2258 5516 2379 5585 pari
2398 5517 2556 5573 modo
2585 5516 2717 5575 fecit
2744 5533 3004 5579 coronam
3039 5502 3105 5578 de
3134 5530 3381 5591 argento,
3409 5538 3642 5594 pensari.
3678 5524 3837 5578 libras

689 5603 746 5658 4.
777 5602 995 5661 Necnon
1018 5611 1075 5659 et
1099 5603 1154 5657 in
1181 5601 1335 5658 titulo
1357 5601 1527 5659 sancti
1549 5600 1767 5656 Eusebii
1798 5600 1927 5655 fecit
1951 5616 2209 5659 coronam
2236 5606 2303 5660 de
2325 5614 2567 5677 argento,
2590 5622 2816 5677 peusan.
2842 5608 3015 5667 libras
3049 5594 3166 5668 Sex.
3194 5613 3256 5669 Et
3280 5614 3332 5668 in
3369 5615 3531 5684 titulo
3572 5615 3836 5673 Praxcdis

689 5696 821 5753 fecit
845 5714 1124 5764 coronam,
1178 5713 1331 5767 pens.
1375 5694 1541 5750 libras
1589 5693 1846 5763 quinque.
1899 5693 1965 5747 Et
2020 5694 2073 5748 in
2110 5696 2265 5752 titulo
2310 5696 2572 5757 Pudentis
2611 5699 2742 5755 fecit
2783 5716 3135 5761 coronamus
3184 5715 3430 5777 argento,
3458 5722 3619 5776 pcus.
3672 5708 3834 5762 libras

585 5785 656 5842 it)
695 5802 905 5841 novem.
937 5789 1051 5844 lmo
1077 5799 1131 5843 et
1171 5790 1222 5842 in
1249 5790 1400 5843 titulo
1437 5788 1579 5842 beati
1633 5785 1823 5842 Vitalis
1868 5788 2124 5857 martyris
2172 5788 2303 5844 fecit
2360 5806 2617 5847 coronam
2665 5808 2731 5850 ex
2783 5803 3029 5863 argento,
3058 5812 3282 5868 pensan.
3315 5798 3479 5855 libras
3537 5816 3737 5856 novem
3784 5806 3834 5852 ct

699 5876 883 5928 uncias
910 5885 1037 5929 tres.
1066 5877 1129 5929 Et
1160 5878 1212 5930 in
1238 5880 1389 5932 titulo
1430 5886 1629 5935 sancta:
1677 5878 1943 5969 Susannae
1995 5882 2255 5948 martyris
2305 5882 2567 5938 similiter
2590 5886 2717 5942 fecit
2758 5903 3043 5955 coronam,
3086 5905 3313 5947 uensan.
3368 5892 3542 5948 libras
3581 5894 3772 5948 decem
3803 5907 3831 5944 ο

1993 6030 2123 6067 ”“η*
