4026 6326
177 385 319 442 19.53
1105 368 1420 444 utsroma
1451 385 1542 457 DE
1577 372 1759 447 vms
1798 388 1960 447 nox.
2001 375 2202 447 r‘oxr.
2234 378 2312 431 '4
2349 391 2482 449 ιλΕο
2511 394 2595 449 Ill.
2857 362 2861 365 ⁷
3314 399 3453 456 test

319 507 550 569 septem.
579 498 647 555 Et
674 500 728 556 in
755 501 908 558 titulo
935 503 1109 560 sancti
1137 503 1349 575 Cyriaci
1378 488 1795 561 fecit'coronam
1818 506 1883 562 de
1912 514 2155 579 argento,
2187 520 2414 576 pensan.
2458 495 2629 563 libras
2651 511 2909 582 quinque.
2939 516 3005 570 Et
3038 517 3088 569 in
3134 517 3287 571 titulo
3309 518 3452 572 beati
3523 575 3531 584 ,

294 589 557 653 Marcelli
588 594 846 665 martyris
870 592 1001 650 fecit
1024 610 1282 653 coronam
1334 612 1400 653 ex
1435 607 1679 668 argento,
1728 614 1882 670 pens.
1941 599 2109 655 libras
2158 599 2367 657 decem.
2403 600 2622 657 Necnon
2667 614 2723 659 ct
2783 607 2835 661 in
2883 608 3037 663 titulo
3084 609 3227 664 beati
3284 608 3453 664 Marci

318 688 577 760 martyris
606 688 735 745 fecit
757 705 1013 746 coronam
1045 688 1409 748 similiter.'Et
1430 694 1483 748 in
1511 692 1667 749 titulo
1688 693 1861 750 beatae
1889 694 2188 751 Anastasis:
2235 694 2364 751 fecit
2408 710 2687 762 coronam,
2719 714 2873 768 pens.
2936 699 3099 756 libras
3138 710 3345 771 septem
3398 708 3455 757 et

214 778 281 835 15
318 779 744 855 unciasnovem.
786 774 1086 839 Necnon'et
1116 787 1170 839 in
1196 786 1349 841 titulo
1376 785 1606 843 Caeciliae
1638 787 1812 843 instar
1860 788 1987 845 fecit
2008 804 2263 845 coronam
2293 805 2360 845 ex
2389 793 2634 862 argento,
2664 807 2815 861 pens.
2856 794 3012 848 simul
3057 795 3223 852 libras
3261 795 3453 851 decem

318 884 374 933 et
396 875 616 930 unciam
654 889 841 931 unam.
888 875 953 932 Et
985 879 1041 935 in
1075 880 1230 937 titulo
1279 881 1423 953 beati
1459 880 1797 955 Chrysogoni
1832 884 2091 973 martyris
2139 884 2269 940 fecit
2319 899 2580 940 coronam
2627 898 2694 939 ex
2732 893 2973 956 argento,
3004 882 3248 955 'pcnsan.
3286 885 3453 942 libras

318 971 579 1042 ouinque.
1300 980 1304 989 '
1845 971 1852 973 “
2984 980 2992 991 ’
3356 986 3361 995 ι

390 1063 557 1137 404
598 1064 967 1121 Verumctiam
992 1066 993 1071 “
1019 1076 1077 1122 et
1106 1067 1158 1122 in
1189 1068 1435 1124 diaconia
1476 1076 1787 1127 sanctorum
1820 1069 1980 1126 Nerei
2020 1070 2322 1126 ctAehillei
2346 1070 2475 1125 fecit
2529 1085 2786 1126 coronam
2834 1071 2899 1125 de
2943 1081 3187 1143 argento,
3220 1085 3444 1141 pensari.

315 1156 483 1213 libras
512 1173 606 1214 sex
628 1168 683 1213 et
706 1159 895 1214 uncias
915 1159 1173 1228 quinque.
1202 1149 1269 1213 Et
1292 1161 1348 1215 in
1373 1161 1620 1216 diaconia
1642 1169 1844 1217 sanetae
1867 1161 2067 1227 Lueim,
2092 1178 2209 1232 qua:
2234 1164 2452 1233 ponitur
2484 1164 2535 1217 in
2558 1172 2765 1232 septem
2786 1163 2922 1227 Viis,
2954 1163 3079 1217 fecit
3105 1160 3359 1223 coronam
3386 1179 3455 1220 ex

315 1260 561 1321 argento,
592 1266 820 1321 pensan.
854 1251 1022 1306 libras
1044 1266 1139 1306 sex
1170 1260 1225 1306 et
1247 1253 1434 1307 uncias
1456 1261 1681 1323 septem.
1710 1253 1779 1309 Et
1825 1254 1880 1308 in
1900 1254 2147 1309 diaconia
2188 1254 2362 1309 sancti
2399 1251 2660 1308 Bonifacii
2711 1252 2961 1308 similiter
3007 1252 3138 1309 fecit
3175 1269 3452 1321 coronam,

314 1359 540 1414 pensari.
566 1344 732 1400 libras
762 1352 989 1415 septem.
1040 1342 1106 1397 Et
1128 1343 1183 1397 in
1208 1344 1463 1399 diaconia
1476 1331 1656 1401 sancti
1685 1344 1901 1416 Georgii
1932 1345 2056 1401 fecit
2085 1362 2355 1401 coronam
2382 1346 2449 1401 ex
2481 1358 2726 1419 argento,
2755 1360 2982 1414 pensan.
3004 1346 3172 1403 libras
3197 1348 3455 1417 quinque.

242 1430 280 1487 5
314 1431 383 1487 Et
410 1433 464 1488 in
496 1432 739 1488 diaconia
769 1432 941 1488 sancti
973 1430 1244 1486 Theodori
1270 1433 1458 1488 eodem
1498 1435 1658 1489 modo
1709 1434 1839 1489 fecit
1865 1449 2140 1499 coronam,
2170 1450 2393 1504 pensan.
2442 1435 2609 1491 libras
2650 1450 2746 1492 sex
2781 1445 2835 1490 et
2862 1439 3061 1496 uncias
3101 1439 3245 1509 cete,
3297 1437 3365 1492 Et
3399 1437 3458 1492 in

316 1524 563 1582 diaconia
600 1534 911 1583 sanctorum
949 1517 1124 1600 Sergii
1177 1538 1231 1586 et
1278 1531 1477 1587 Bacchi
1506 1530 1638 1588 fecit
1688 1546 1944 1589 coronam
1969 1549 2033 1588 ex
2074 1541 2320 1603 argento,
2366 1548 2593 1603 pensan.
2634 1534 2803 1589 libras
2830 1549 2945 1590 sex.
3002 1536 3068 1592 Et
3118 1536 3173 1591 in
3209 1534 3456 1590 diaconia

313 1627 629 1674 sanctorum
655 1619 864 1674 Cosmre
883 1628 937 1674 et
961 1621 1209 1676 Damiani
1245 1621 1372 1677 fecit
1413 1637 1693 1688 coronam,
1750 1637 1979 1693 pensan.
2021 1621 2190 1677 libras
2233 1623 2471 1693 quinque
2510 1632 2568 1677 et
2614 1624 2801 1682 unicas
2835 1636 2980 1685 octo.
3024 1629 3095 1683 Et
3115 1628 3169 1685 in
3205 1625 3458 1684 diaconia

316 1710 491 1767 sancti
518 1711 740 1766 Adriani
779 1713 1037 1783 martyris
1107 1714 1239 1770 fecit
1286 1730 1543 1770 coronam
1596 1729 1664 1771 ex
1723 1726 1968 1787 argento,
2002 1733 2226 1787 pensan.
2266 1717 2433 1773 libras
2473 1733 2587 1773 sex.
2628 1717 2736 1773 Sed
2791 1723 2925 1778 etin
2981 1702 3227 1779 diaconia
3279 1718 3459 1783 sancti

314 1802 640 1873 Archangeli
669 1802 799 1859 fecit
828 1820 1083 1861 coronam
1108 1821 1176 1861 ex
1199 1815 1449 1877 argento,
1474 1822 1700 1878 pensan.
1729 1807 1895 1863 libras
1921 1824 2036 1863 sex.
2077 1808 2181 1865 Sed
2213 1818 2269 1864 et
2310 1810 2362 1864 in
2394 1809 2642 1866 diaconia
2682 1814 2853 1871 sancti
2888 1813 3170 1868 Eustachii
3210 1813 3462 1870 similiter

208 1896 280 1954 10
313 1896 464 1963 fecit,
494 1911 719 1967 pensau.
754 1897 924 1953 libras
946 1913 1041 1954 sex
1069 1908 1125 1954 et
1151 1899 1628 1969 unciasquinque.
1658 1901 1726 1955 Et
1760 1901 1815 1955 in
1846 1901 2095 1957 diaconia
2132 1910 2336 1957 sanetae
2382 1901 2579 1971 Lucitc,
2611 1918 2730 1971 qum
2758 1904 2977 1972 ponitur
3014 1903 3172 1973 juxta
3213 1903 3459 1973 Orphea,

291 1990 429 2070 _pari
453 1989 613 2044 modo
641 1989 767 2047 fecit
789 2005 1049 2046 coronam
1077 2007 1145 2047 ex
1177 2000 1424 2063 argento,
1458 2007 1683 2062 pensan.
1709 1992 1877 2047 libras
1913 2007 2008 2047 sex
2045 2001 2099 2046 et
2127 1991 2315 2049 uncias
2341 1992 2492 2048 duas.
2521 1992 2801 2063 Simulque
2830 2004 2884 2050 et
2915 1996 2968 2053 in
3016 1995 3267 2052 diaconia
3308 1993 3457 2051 beati

311 2082 420 2140 Viti
445 2084 721 2155 martyris,
744 2098 862 2153 qum
887 2084 1106 2153 ponitur
1131 2085 1185 2140 in
1212 2085 1454 2151 Macello,
1484 2085 1611 2142 fecit
1637 2100 1898 2141 coronam
1938 2099 2003 2140 ex
2030 2096 2278 2156 argento,
2305 2101 2533 2156 pensat).
2560 2087 2729 2143 libras
2766 2104 2881 2142 sex.
2905 2086 3019 2141 lmo
3042 2095 3098 2142 et
3122 2087 3175 2141 in
3203 2086 3452 2143 diaconia

313 2184 516 2232 sanctae
536 2176 761 2247 Agathte
780 2176 1031 2232 similiter
1064 2175 1191 2233 fecit
1224 2193 1482 2233 coronam
1515 2192 1584 2232 ex
1614 2188 1858 2249 argento,
1883 2176 2109 2249 pensari.
2156 2178 2324 2233 libras
2365 2180 2619 2249 quinque.
2654 2180 2809 2235 Fecit
2837 2190 3019 2235 autem
3057 2181 3190 2235 etin
3211 2179 3459 2239 diaconia

310 2269 484 2326 sancti
526 2267 795 2333 Silvestri,
848 2283 969 2339 quae
1002 2269 1221 2339 ponitur
1258 2270 1412 2338 juxta
1464 2271 1679 2326 beatum
1710 2271 1933 2326 Petrum
1970 2270 2295 2340 apostolum,
2324 2286 2580 2326 coronam
2627 2280 2959 2343 argenteam,
3011 2285 3241 2339 pensan.
3282 2270 3452 2325 libras

204 2360 277 2419 15
311 2369 563 2431 quatuor.
611 2358 975 2415 Verumetiam
1017 2361 1154 2416 etin
1184 2362 1432 2417 diaconia
1469 2363 1641 2416 sancti
1697 2362 1937 2427 Martini,
1988 2377 2108 2431 quae
2135 2361 2353 2430 ponitur
2396 2361 2546 2430 juxta
2587 2361 2802 2415 beatum
2854 2358 3075 2423 Petrum
3127 2357 3453 2427 apostolum,

314 2452 486 2508 instar
512 2452 922 2507 feribeoronam
954 2466 1022 2508 ex
1059 2461 1300 2524 argento,
1336 2467 1562 2524 pensan.
1598 2452 1763 2507 libras
1793 2452 2032 2522 quinque
2059 2460 2114 2506 et
2160 2451 2351 2505 uncias
2402 2458 2528 2502 tres.
2582 2448 2695 2504 lmo
2745 2458 2801 2502 et
2846 2448 2899 2502 in
2951 2448 3106 2502 titulo
3143 2457 3457 2503 sanctorum

315 2544 558 2601 Silvestri
599 2554 655 2601 et
679 2543 918 2607 Martini,
942 2543 1033 2613 qui
1061 2544 1280 2613 ponitur
1297 2541 1455 2613 juxta
1486 2543 1722 2613 Orphea,
1758 2556 2016 2597 coronam
2038 2557 2105 2596 ex
2132 2548 2378 2612 argento,
2415 2554 2639 2609 pensan.
2674 2538 2841 2593 libras
2870 2552 2968 2593 sex
2985 2546 3040 2591 et
3068 2538 3258 2593 uncias
3296 2540 3457 2595 duas.

387 2640 549 2715 5.05
582 2640 700 2711 ipse
724 2654 855 2695 vero
884 2655 914 2694 a
942 2639 1055 2694 Deo
1082 2647 1359 2709 protectus
1385 2647 1441 2695 et
1470 2638 1765 2709 prmclarus
1794 2635 2036 2706 pontifex
2068 2633 2199 2690 fecit
2241 2635 2296 2687 in
2340 2632 2673 2688 monasterio
2708 2631 2883 2687 sancti
2915 2629 3073 2687 Saba:
3103 2646 3360 2688 coronam
3384 2647 3458 2688 ex

313 2745 562 2809 argento,
593 2750 818 2806 pensan.
855 2735 1022 2793 libras
1048 2738 1081 2792 8
1104 2745 1158 2793 et
1191 2736 1379 2792 uncias
1408 2735 1615 2791 decem.
1651 2733 2020 2790 Verumetiam
2065 2740 2121 2787 et
2151 2732 2205 2786 in
2244 2730 2576 2785 monasterio
2604 2729 2749 2783 beati
2779 2727 3054 2783 Anastasii
3082 2728 3340 2798 martyris
3364 2740 3461 2784 eo-

317 2836 439 2893 dem
461 2835 623 2909 modo
646 2832 776 2888 fecit
804 2846 1064 2887 coronam
1094 2847 1162 2887 ex
1193 2840 1439 2903 argento,
1466 2847 1693 2901 pensan.
1728 2831 1898 2886 lihras
1927 2840 2053 2886 octo
2092 2837 2147 2885 et
2174 2828 2363 2883 uncias
2388 2834 2620 2896 quatuor
2645 2835 2701 2881 et
2736 2825 2920 2881 semis.
2953 2824 3059 2881 Sed
3085 2826 3222 2881 etin
3262 2837 3461 2913 mona-

313 2932 481 2989 sterio
511 2928 959 2994 sanctiAndrcre,
1000 2931 1145 2998 quod
1183 2930 1403 2998 ponitur
1431 2929 1484 2983 in
1512 2929 1685 2985 clihus
1731 2928 1911 2994 cauri,”
1941 2925 2193 2982 similiter
2244 2925 2370 2980 fecit
2419 2938 2678 2980 coronam
2719 2938 2785 2978 ex
2823 2929 3048 2993 argento
3089 2937 3248 2992 puro,
3298 2936 3455 2992 pens.

244 3027 279 3083 5
311 3027 478 3084 libras
504 3026 761 3098 quinque.
815 3028 883 3084 Et
911 3029 966 3082 in
996 3028 1328 3084 monasterio
1368 3027 1543 3082 beata:
1571 3027 1800 3099 Agatha:
1851 3026 2130 3096 martyris,
2161 3024 2305 3093 quod
2351 3023 2570 3093 ponitur
2614 3035 2779 3089 super
2832 3016 3155 3086 Suburram,
3208 3020 3461 3076 similiter

313 3122 463 3179 fecit.
495 3123 718 3180 Necnon
745 3131 801 3179 et
832 3124 886 3178 in
917 3124 1250 3179 monasterio
1274 3124 1448 3178 sancti
1473 3124 1708 3190 Erasmi,
1740 3125 1884 3193 quod
1914 3122 2132 3193 ponitur
2158 3123 2213 3177 in
2240 3120 2411 3175 Coelio
2438 3127 2642 3182 monte,
2673 3116 2802 3174 fecit
2830 3130 3089 3171 coronam
3110 3130 3176 3171 ex
3203 3124 3454 3188 argento,

312 3234 535 3292 pensari.
559 3221 727 3278 libras
754 3220 789 3275 4
812 3229 869 3276 et
899 3222 1088 3278 uncias
1120 3221 1272 3277 duas.
1307 3221 1483 3276 Simili
1536 3222 1695 3276 modo
1720 3229 1776 3276 et
1804 3221 1857 3275 in
1888 3219 2217 3276 monasterio
2265 3216 2442 3272 sancti
2489 3214 2737 3270 Silvestri
2788 3225 3048 3268 coronam
3095 3227 3164 3267 ex
3207 3221 3454 3284 argento-

310 3332 540 3390 pensari.
569 3320 737 3376 libras
764 3319 822 3385 6,
848 3320 1043 3377 uncias
1073 3328 1204 3375 tres.
1242 3319 1308 3374 Et
1338 3320 1391 3374 in
1426 3319 1757 3375 monasterio
1776 3319 1923 3374 beati
1955 3316 2233 3373 Laurentii
2264 3314 2544 3385 martyris,
2577 3312 2668 3383 qui
2696 3309 3004 3382 appellatur
3024 3308 3311 3375 Pallacini,
3333 3308 3465 3366 fecit

311 3413 612 3468 canistrum
636 3415 703 3469 de
735 3420 980 3485 argento,
1012 3427 1167 3484 pens.
1194 3410 1362 3467 libras
1384 3411 1420 3465 2
1443 3420 1497 3467 et
1538 3412 1729 3466 uncias
1769 3421 1997 3480 septem.
2029 3408 2324 3463 Enimvero
2358 3415 2413 3460 et
2462 3406 2515 3460 in
2567 3406 2900 3460 monasterio
2942 3402 3118 3459 sancti
3159 3400 3459 3465 Pancratii,

200 3502 281 3561 10
316 3505 460 3574 quod
493 3507 715 3576 ponitur
734 3504 892 3575 juxta
934 3506 1215 3562 basilicam
1267 3504 1598 3569 Salvatoris,
1647 3503 1775 3558 fecit
1819 3514 2075 3555 coronam
2107 3501 2173 3555 de
2207 3506 2456 3568 argento,
2498 3509 2724 3564 pensan.
2754 3495 2922 3551 libras
2949 3495 2984 3549 5
3013 3502 3070 3549 et
3090 3492 3275 3547 semis.
3305 3491 3464 3547 Fecit

311 3606 493 3656 autem
513 3608 570 3655 et
600 3600 657 3655 in
688 3597 1020 3656 monasterio
1046 3605 1359 3654 sanctorum
1382 3598 1613 3652 Andreae
1636 3604 1691 3651 et
1728 3590 2134 3656 Bartbolomtei,
2162 3590 2307 3660 quod
2351 3587 2652 3660 appellatur
2692 3585 2921 3652 Honori,
2950 3586 3250 3641 canistrum
3278 3600 3348 3640 ex
3368 3600 3461 3640 ar-

313 3703 499 3765 gento,
534 3706 763 3764 pensan.
790 3691 959 3747 libras
987 3700 1118 3747 tres.
1151 3690 1217 3745 Et
1246 3690 1300 3745 in
1326 3688 1660 3746 monasterio
1697 3687 1871 3743 sancti
1918 3683 2203 3754 Stephani,
2241 3682 2385 3751 quod
2416 3680 2634 3751 ponitur
2669 3679 2825 3749 juxta
2867 3677 3174 3744 Lateranis,
3206 3676 3338 3733 fecit
3362 3692 3458 3732 ea-

314 3783 548 3840 nistrum
572 3785 640 3840 de
668 3794 916 3856 argento,
951 3800 1179 3858 pensan.
1212 3783 1380 3838 libras
1410 3783 1564 3837 duas.
1597 3780 1877 3848 Simulque
1906 3788 1961 3832 et
1992 3777 2045 3831 in
2089 3773 2423 3832 monasterio
2472 3773 2641 3842 ipsius
2665 3770 2825 3840 primi
2870 3769 3131 3841 martyris
3172 3769 3459 3840 Stephani,

313 3878 459 3949 quod
483 3878 704 3949 ponitur
734 3880 803 3935 ad
830 3881 1051 3935 beatum
1081 3877 1307 3934 Petrum
1335 3876 1662 3947 apostolum,
1694 3872 1824 3929 fecit
1854 3872 2151 3927 canistrum
2183 3883 2250 3923 ex
2282 3875 2529 3937 argento,
2559 3869 2787 3936 pen'san.
2820 3865 2991 3922 libras
3036 3874 3147 3921 tres
3188 3874 3245 3922 et
3272 3866 3459 3923 semis.

201 3969 277 4027 16
313 3969 432 4042 [pse
456 3984 589 4027 vero
610 3971 878 4029 almiﬁcus
898 3972 1096 4044 praesul
1125 3971 1252 4028 fecit
1280 3972 1333 4027 in
1373 3969 1708 4027 monasterio
1750 3975 2064 4023 sanctorum
2097 3961 2321 4020 Joannis
2366 3969 2421 4017 et
2461 3960 2634 4027 Pauli,
2661 3959 2754 4031 qui
2785 3960 3006 4030 ponitur
3044 3960 3199 4029 juxta
3240 3960 3463 4016 beatum

277 4080 283 4085 '
313 4064 534 4120 Petrum
559 4065 889 4136 apostolum,
922 4065 1223 4122 canistrum
1245 4080 1314 4120 ex
1331 4073 1578 4133 argento,
1607 4075 1835 4133 pensan.
1870 4060 2037 4115 libras
2074 4070 2205 4114 tres.
2240 4055 2363 4112 Pari
2397 4056 2559 4111 modo
2587 4054 2714 4111 fecit
2741 4064 2798 4113 et
2834 4057 2888 4111 in
2921 4056 3254 4111 monasterio
3281 4056 3460 4113 sancti

317 4155 559 4224 Martini,
588 4158 734 4228 quod
767 4159 986 4229 ponitur
1013 4166 1072 4212 ut
1113 4172 1296 4228 supra,
1331 4158 1655 4219 canistrum,
1681 4167 1908 4224 pensan.
1945 4153 2114 4208 libras
2148 4158 2386 4221 quatuor
2431 4157 2487 4203 et
2520 4149 2711 4205 uncias
2739 4150 2895 4205 duas.
2943 4148 3051 4204 Sed
3082 4158 3138 4205 et
3179 4151 3235 4205 in
3271 4165 3463 4208 mona-

313 4257 482 4314 sterio
506 4258 682 4315 sancti
708 4257 994 4330 Stephani,
1033 4256 1126 4311 ubi
1172 4268 1357 4326 supra,
1392 4253 1535 4323 quod
1584 4250 1886 4322 appellatur
1936 4247 2209 4319 Catagalla
2249 4245 2498 4310 Patritia,
2534 4244 2652 4314 pari
2696 4245 2858 4301 modo
2884 4244 3015 4300 fecit
3065 4247 3367 4303 canistrum
3392 4263 3461 4305 ex

318 4359 561 4421 argento,
592 4366 818 4422 pensan.
851 4351 1017 4408 libras
1062 4351 1197 4407 duas
1225 4358 1282 4405 et
1320 4349 1507 4404 semis.
1558 4345 1842 4415 Simulque
1869 4354 1922 4398 et
1954 4344 2008 4397 in
2058 4339 2392 4396 monasterio
2432 4340 2610 4395 sancti
2646 4336 2889 4405 Caesarii,
2945 4340 3089 4409 quod
3144 4341 3366 4410 ponitur
3392 4344 3463 4400 ad

199 4440 277 4495 20
317 4443 532 4499 beatum
560 4443 786 4499 Paulum
829 4443 1156 4515 apostolum,
1186 4444 1362 4498 instar
1408 4439 1537 4497 fecit
1580 4439 1878 4493 canistrum
1911 4449 1975 4489 ex
2011 4440 2253 4503 argento,
2295 4430 2724 4503 pensan.'lihras
2752 4439 2884 4486 tres.
2909 4432 2977 4486 Et
3032 4433 3087 4487 in
3131 4435 3464 4490 monasterio

314 4535 490 4590 sancti
520 4534 802 4606 Stephani,
842 4535 934 4591 ubi
966 4551 1149 4608 supra,
1182 4535 1310 4592 fecit
1352 4535 1676 4600 canistrum,
1733 4544 1962 4601 pensan.
2020 4528 2190 4583 libras
2217 4527 2370 4581 duas.
2400 4526 2513 4581 lmo
2565 4533 2620 4580 et
2667 4524 2720 4579 in
2758 4523 3090 4578 monasterio
3145 4532 3461 4579 sanctorum

312 4626 524 4684 Cosmte
550 4636 605 4683 et
640 4627 909 4697 Damiani,
945 4631 1089 4700 quod
1119 4629 1341 4700 ponitur
1372 4629 1524 4700 juxta
1561 4627 1813 4695 Praesepe
1881 4622 2012 4677 fecit
2042 4621 2340 4676 canistrum
2385 4633 2451 4670 ex
2502 4626 2749 4686 argento,
2778 4627 3006 4683 pensan.
3038 4614 3209 4667 libras
3251 4616 3386 4669 duas
3408 4622 3465 4669 et

315 4717 507 4774 uncias
536 4719 691 4776 duas.
719 4719 895 4776 Simili
924 4721 1087 4775 modo
1113 4719 1245 4775 fecit
1271 4721 1324 4775 in
1351 4719 1687 4774 monasterio
1710 4716 1884 4771 sancti
1915 4714 2165 4775 Andreae,
2201 4710 2342 4781 quod
2374 4708 2671 4778 appellatur
2700 4703 3135 4768 MassaJuliana,
3159 4704 3461 4759 canistrum

314 4823 381 4864 ex
407 4818 649 4881 argento,
675 4824 905 4881 pensari.
932 4811 1102 4868 libras
1126 4811 1281 4866 duas.
1307 4808 1526 4867 Necnon
1555 4819 1611 4865 et
1637 4810 1692 4862 in
1721 4805 2056 4863 monasterio
2086 4797 2272 4859 'saneti
2312 4801 2559 4864 Adriani,
2590 4798 2732 4869 quod
2763 4799 2980 4868 ponitur
2998 4795 3153 4864 juxta
3180 4785 3456 4868 Praesepe,

198 4902 274 4958 25
316 4904 491 4959 instar
517 4905 648 4962 fecit
672 4907 993 4974 canistrum,
1025 4922 1180 4977 pens.
1213 4905 1380 4961 libras
1402 4903 1557 4960 duas.
1594 4903 1662 4958 Et
1690 4903 1744 4958 in
1775 4886 2110 4956 monasterio
2138 4898 2313 4954 sancti
2353 4895 2623 4959 Cassiani,
2656 4894 2798 4964 quod
2823 4888 3214 4962 poniturjuxta
3242 4890 3463 4946 beatum

312 4995 670 5053 Laurentium
699 5007 996 5070 martyrem
1028 4994 1166 5050 foris
1192 5009 1430 5061 murum,
1459 4993 1589 5074 fecit
1618 4993 1917 5048 canistrum
1958 5006 2026 5046 ex
2052 4998 2297 5062 argento,
2332 5002 2557 5059 pensan.
2587 4986 2754 5041 libras
2782 4983 2935 5038 duas.
3448 4990 3455 4999 ‘

384 5088 733 5164 “Fecit
763 5100 947 5146 autem
982 5090 1035 5145 in
1066 5088 1397 5145 monasterio
1442 5086 1614 5142 sancti
1660 5084 1943 5157 Stephani,
1993 5086 2085 5155 qui
2132 5083 2354 5155 ponitur
2400 5079 2491 5135 ubi
2543 5094 2724 5151 supra,
2755 5079 3056 5135 canistrum
3105 5094 3173 5136 ex
3209 5084 3461 5150 argento,

316 5197 542 5254 pensan.
585 5183 756 5239 libras
786 5183 923 5239 duas
955 5190 1010 5236 et
1039 5180 1223 5237 semis.
1258 5179 1627 5237 Verumetiam
1657 5188 1713 5234 et
1742 5179 1796 5234 in
1830 5178 2166 5233 monasterio
2198 5175 2370 5232 sancti
2401 5174 2652 5239 Victorii,
2682 5172 2825 5242 quod
2871 5172 3091 5243 ponitur
3118 5173 3185 5227 ad
3211 5180 3462 5228 sanctum

311 5273 688 5342 Pancratium,
718 5274 848 5333 fecit
868 5274 1165 5331 canistrum
1190 5289 1258 5330 ex
1288 5284 1534 5347 argento,
1567 5287 1795 5345 pensan.
1828 5270 1995 5326 libras
2035 5260 2168 5325 duas
2191 5276 2247 5325 et
2275 5268 2464 5323 uncias
2492 5274 2719 5337 septem.
2744 5264 2809 5320 Et
2844 5265 2898 5320 in
2930 5264 3262 5321 monasterio
3290 5266 3461 5352 sancti

311 5367 653 5443 Chrysogoni
682 5368 935 5424 similiter
959 5365 1091 5422 fecit
1120 5365 1438 5431 canistrum,
1472 5378 1698 5435 pensan.
1728 5361 1897 5417 libras
1926 5370 2057 5416 tres.
2090 5360 2209 5430 lpse
2233 5373 2362 5414 vero
2386 5356 2652 5412 almiﬁcus
2679 5353 2874 5425 praesul
2902 5352 3027 5410 fecit
3048 5355 3102 5409 in
3124 5351 3464 5409 monasterio

230 5463 275 5521 8
313 5456 520 5522 sanctae
553 5463 756 5531 Mariae,
795 5462 935 5534 quod
968 5461 1271 5531 appellatur
1293 5458 1588 5525 Ambrosii,
1623 5458 1920 5515 canistrum
1949 5471 2015 5512 cx
2045 5462 2290 5526 argento,
2328 5467 2482 5523 pens.
2522 5451 2685 5505 libras
2714 5450 2864 5502 duas.
2894 5447 3017 5501 Pari
3046 5447 3207 5501 modo
3231 5444 3360 5501 fecit
3405 5450 3463 5497 ct

312 5555 372 5611 in
402 5549 740 5613 monasterio
763 5562 964 5611 sancta:
988 5554 1191 5619 Mariae,
1223 5553 1365 5625 quod
1410 5553 1713 5625 appellatur
1740 5550 1912 5615 Julia},
1945 5560 2003 5604 ut
2033 5564 2212 5619 supra.
2261 5545 2367 5601 Sed
2413 5554 2468 5600 et
2521 5546 2571 5599 in
2620 5540 2951 5596 monasterio
2988 5539 3163 5595 sancti
3206 5540 3459 5603 Andresc,

312 5649 462 5722 quod
493 5650 716 5722 ponitur
740 5646 897 5719 juxta
932 5649 1216 5704 basilicam
1262 5648 1652 5718 apostolorum,
1698 5643 1838 5700 fecit
1868 5644 2140 5699 similiter.
2186 5639 2468 5709 Simulque
2499 5648 2554 5694 et
2583 5640 2635 5695 in
2668 5639 2907 5695 oratOrio
2950 5639 3124 5693 sancti
3173 5636 3458 5709 Stephani.

324 5741 469 5810 quod
502 5743 724 5813 ponitur
751 5742 805 5797 in
834 5742 1055 5807 Dulciti,
1083 5740 1210 5797 fecit
1238 5740 1537 5795 canistrum
1568 5753 1635 5794 ex
1664 5744 1913 5807 argento,
1948 5748 2170 5805 pensan.
2213 5730 2380 5787 libras
2415 5732 2550 5787 duas
2576 5742 2629 5787 ct
2655 5733 2843 5788 uncias
2879 5730 3140 5801 quinque.
3173 5729 3463 5785 Enimvero

320 5844 378 5892 et
404 5832 458 5892 in
484 5836 726 5896 oratorio
753 5846 1067 5895 sanctorum
1093 5834 1271 5908 Sergii
1299 5843 1353 5891 et
1374 5832 1598 5901 Bacchi,
1636 5831 1727 5902 qui
1756 5830 1972 5903 ponitur
2005 5829 2059 5884 in
2088 5825 2371 5894 Callinico,
2399 5824 2649 5883 similiter
2677 5824 2807 5883 fecit
2835 5826 3155 5882 canistrum.
3185 5821 3300 5881 imo
3322 5828 3379 5878 et
3405 5818 3460 5876 in
