4026 6326
111 302 250 360 5257
945 302 1265 363 HISTORIA
1303 303 1392 365 ne
1426 267 1605 365 vrrts
1642 307 1810 368 non.
1850 306 2051 393 pom.
2091 342 2160 351 —
2197 312 2332 369 LEO
2372 309 2457 368 ill.
3244 315 3379 373 less

253 430 407 493 pens.
452 415 614 473 Slmlll
661 418 828 481 libras
858 421 1146 491 nonaginta
1182 421 1420 493 quinque
1466 432 1520 478 et
1567 424 1755 479 uncias
1786 433 2012 496 septem.
2058 423 2211 480 Fecit
2259 439 2386 479 vero
2430 426 2598 483 isdem
2634 442 2911 502 prtesagus
2954 431 3180 486 antistes
3225 433 3384 485 beato

147 508 214 562 15
253 506 414 567 Petro
443 508 689 583 apostolo
724 508 947 564 calicem
979 525 1223 581 aureum,
1256 512 1484 568 diversis
1508 521 1761 568 ornatum
1792 511 2045 585 pretiosis
2071 511 2362 585 lapidibus,
2396 516 2486 584 qui
2511 519 2769 586 praecedit
2793 535 2888 590 per
2912 521 3196 585 stationes,
3222 532 3377 590 pens-

158 666 165 671 λ
255 601 423 671 libras
469 601 749 661 tredecim.
791 601 889 658 ilic
941 602 1067 659 fecit
1105 605 1156 658 in
1188 605 1408 662 basilica
1444 606 1611 677 ipsius
1639 606 1865 677 apostoli
1898 606 2076 676 velum
2114 609 2548 681 ebrysoclavum,
2575 613 2719 683 quod
2757 614 2955 684 pendet
2994 626 3158 683 supra
3198 611 3252 667 in
3295 610 3386 665 in-

250 711 440 768 gressu
466 697 736 757 vestibuli.
765 696 899 754 ltem
932 698 1073 755 aliud
1106 700 1283 755 velum
1311 701 1486 772 majus
1511 716 1541 756 c
1570 700 1939 771 cltrysoclavo,
1970 701 2112 773 quod
2142 702 2339 772 pendet
2368 702 2422 756 in
2453 702 2605 759 trabe
2641 712 2895 774 argentea
2930 711 3054 759 ante
3089 701 3383 775 imaginem

257 788 556 859 Salvatoris
585 805 749 860 supra
785 789 839 845 in
869 790 1117 865 ingressu
1148 791 1393 863 vestibuli
1420 808 1433 848 :
1457 808 1712 848 coronam
1744 794 2001 864 majorem
2028 808 2098 863 ex
2128 803 2354 863 argento
2382 794 2697 865 purissimo,
2735 811 2889 866 pens.
2924 796 3089 853 libras
3111 795 3385 867 quinqua-

256 883 408 955 ginta
432 892 489 938 et
514 892 641 947 tres,
674 891 730 936 et
753 881 945 937 uncias
981 892 1143 937 octo:
1174 885 1405 952 pbarum
1436 895 1749 955 argenteum
1790 886 2113 953 pendentem
2140 886 2281 941 infra
2318 888 2491 957 ipsam
2522 902 2803 954 coronam,
2834 904 3063 960 pensan.
3091 890 3260 945 libras
3301 886 3388 944 vi-

143 974 223 1029 20
256 974 391 1046 ginti
419 980 474 1029 et
505 980 634 1028 tres.
661 973 793 1028 Item
829 987 1060 1029 coronas
1089 985 1373 1046 argenteas
1399 986 1649 1047 quatuor,
1682 992 1907 1048 peasan.
1938 979 2104 1035 libras
2131 980 2521 1053 quinquaginta
2552 990 2608 1038 et
2641 990 2870 1051 septem.
2913 982 3195 1043 Canistros
3235 989 3389 1051 octo,

262 1065 352 1135 qui
386 1079 617 1137 pensan.
648 1065 808 1119 simul
838 1066 1006 1120 libras
1034 1065 1413 1138 quadraginta.
1884 1136 1887 1141 ⁴

329 1150 496 1231 ﬁlo
532 1157 633 1214 Hic
658 1173 788 1214 vero
827 1172 926 1229 pro
952 1174 1138 1214 amore
1174 1166 1230 1214 et
1258 1160 1471 1216 cautela
1511 1161 1826 1218 orthodoxae
1866 1162 2010 1230 fidei,
2051 1160 2182 1218 fecit
2229 1163 2319 1218 ubi
2351 1178 2511 1232 supra
2549 1173 2701 1219 scuta
2748 1177 3005 1239 argentea
3036 1168 3164 1233 duo,
3194 1166 3401 1237 scripta

261 1265 491 1325 utraque
515 1255 784 1327 symbolo,
812 1272 976 1312 unum
1004 1259 1219 1329 quidem
1249 1259 1445 1315 litteris
1468 1259 1694 1328 Graecis,
1724 1268 1778 1316 et
1798 1261 1943 1316 aliud
1968 1261 2195 1327 Latinis,
2236 1263 2477 1318 sedentia
2504 1264 2694 1317 dextra
2726 1262 2966 1331 laevaque
2995 1276 3159 1331 super
3188 1260 3399 1331 ingres-

259 1360 377 1402 sum
409 1348 677 1418 corporis,
716 1362 942 1419 pensan.
992 1350 1123 1406 inibi
1158 1350 1327 1406 libras
1368 1353 1664 1424 nonaginta
1705 1362 1942 1424 quatuor
1984 1363 2039 1408 et
2070 1354 2257 1410 uncias
2304 1370 2419 1410 sex.
2451 1354 2605 1411 Fecit
2658 1355 2745 1408 ubi
2783 1370 2945 1425 supra
2988 1355 3042 1407 in
3068 1353 3277 1425 gremio
3304 1354 3406 1409 ba-

261 1441 426 1499 silicae
455 1443 722 1499 cortinam
760 1441 1019 1512 majorem
1051 1444 1407 1501 holosericam
1439 1447 1716 1504 fundatam
1752 1465 1937 1515 unam,
1982 1460 2232 1505 ornatam
2271 1450 2324 1504 in
2363 1451 2595 1506 circuitu
2624 1428 2689 1505 de
2717 1447 2956 1504 fundato.
2986 1447 3176 1503 Velum
3221 1447 3404 1503 album

185 1534 227 1590 5
259 1534 624 1592 holosericum
659 1544 902 1592 rosatum
946 1537 1122 1607 majus
1149 1554 1339 1605 unum,
1369 1541 1511 1609 quod
1537 1542 1735 1613 pendet
1766 1543 1820 1598 in
1867 1542 2022 1598 trabe
2065 1542 2270 1611 majore
2297 1557 2462 1614 super
2500 1542 2763 1611 imagines
2792 1556 3008 1607 aureas,
3035 1549 3291 1597 ornatum
3346 1541 3405 1596 in
3504 1586 3525 1605 .

222 1652 225 1655 ‘
262 1632 493 1690 circuitu
518 1635 585 1690 de
627 1633 870 1690 fundato.
908 1630 1199 1690 Enimvero
1228 1650 1390 1707 supra
1428 1638 1496 1693 ad
1524 1636 1700 1693 fontes
1724 1636 1854 1693 fecit
1882 1638 1996 1693 vela
2025 1638 2198 1693 serica
2230 1638 2351 1692 alba
2373 1651 2598 1692 numero
2620 1650 2837 1701 novem,
2864 1645 3052 1691 ornata
3089 1635 3141 1689 in
3172 1634 3408 1691 circuitu

265 1727 331 1783 de
371 1725 614 1783 fundato.
650 1725 749 1781 Hic
778 1739 928 1793 vero,
960 1726 1051 1781 ubi
1079 1741 1261 1798 supra,
1292 1727 1568 1785 investivit
1597 1730 1771 1786 altare
1792 1730 2091 1787 beatissimi
2126 1729 2324 1785 Leonis
2367 1727 2696 1785 confessoris
2737 1736 2899 1798 atque
2924 1726 3196 1800 pontificis
3222 1742 3291 1782 ex
3317 1741 3410 1780 ar-

267 1826 429 1891 gento
449 1817 805 1873 mundissimo
831 1819 1111 1884 deaurato,
1137 1833 1367 1891 peusan.
1394 1821 1553 1876 simul
1579 1821 1744 1878 libras
1765 1831 1982 1879 centum
2004 1833 2058 1877 et
2081 1836 2292 1878 novem.
2317 1820 2449 1876 Item
2473 1819 2753 1877 investivit
2776 1818 2948 1877 altare
2984 1821 3126 1876 beati
3155 1817 3410 1890 Gregorii

266 1908 596 1968 confessoris
637 1918 800 1980 atque
823 1909 1095 1980 pontificis
1132 1928 1201 1968 ex
1243 1921 1466 1983 argento
1490 1914 1845 1972 mundissimo
1891 1916 2167 1981 deaurato,
2200 1928 2428 1984 pensan.
2478 1913 2717 1971 undique
2761 1912 2929 1970 libras
2956 1921 3174 1969 centum
3215 1909 3411 1983 viginti

148 2006 229 2063 ιθ
263 2015 321 2064 et
342 2016 569 2080 septem.
952 2046 956 2050 -

342 2095 502 2170 ιιι
529 2096 629 2154 Hie
654 2112 783 2155 vero
808 2096 1094 2168 praefectus
1121 2111 1151 2152 a
1182 2096 1295 2152 Deo
1315 2106 1372 2154 et
1397 2098 1691 2168 praeclarus
1712 2098 1953 2168 pontifex
1978 2099 2254 2155 investivit
2284 2097 2457 2155 altare
2478 2099 2622 2156 beati
2654 2098 2807 2154 Pauli
2837 2098 3065 2169 apostoli
3089 2113 3155 2153 ex
3186 2105 3415 2168 argento

268 2187 559 2258 purissimo
579 2203 645 2245 ac
669 2189 965 2259 decoravit,
1006 2191 1150 2261 quod
1193 2207 1420 2262 pensan.
1450 2191 1616 2248 libras
1652 2200 1868 2248 centum
1900 2193 2290 2264 quinquaginta
2331 2193 2609 2263 quinque;
2651 2206 2858 2247 necnon
2908 2199 2965 2247 et
3014 2190 3412 2246 confessionem

270 2280 462 2351 ipsius,
495 2289 656 2353 atque
700 2280 895 2339 faciem
937 2283 1127 2340 altaris
1163 2284 1440 2340 investivit
1473 2299 1541 2339 ex
1589 2300 1724 2340 auro
1749 2285 2063 2356 purissimo,
2092 2300 2247 2354 pens.
2293 2286 2424 2340 inibi
2456 2285 2621 2340 libras
2649 2294 2864 2340 centum
2893 2283 3081 2354 viginti
3122 2290 3179 2338 et
3223 2296 3412 2349 unam,

270 2378 328 2427 et
358 2371 548 2428 uncias
574 2382 717 2429 octo.
748 2372 903 2429 Fecit
939 2382 993 2430 et
1021 2389 1183 2445 supra
1218 2376 1272 2429 in
1301 2375 1545 2446 ingressu
1584 2377 1831 2448 corporis
1858 2388 2074 2432 scutum
2115 2392 2183 2431 ex
2223 2387 2450 2449 argento
2494 2376 2801 2449 purissimo,
2850 2378 2900 2431 in
2942 2392 3052 2448 quo
3098 2375 3415 2435 orthodoxa

197 2467 233 2524 5
270 2464 395 2522 ﬁdei
426 2465 729 2537 symbolum
751 2466 914 2522 scribi
941 2466 1088 2534 fecit,
1118 2469 1260 2538 quod
1289 2483 1515 2538 pensan.
1544 2468 1711 2525 libras
1740 2469 1962 2543 triginta
1989 2479 2046 2527 et
2070 2456 2228 2527 duas.
2262 2469 2415 2526 Fecit
2444 2470 2535 2527 ubi
2573 2485 2734 2541 supra
2759 2483 2989 2525 coronas
3039 2467 3275 2536 majores
3303 2475 3415 2524 tres
3459 2489 3463 2493 ·

271 2573 337 2616 ex
362 2566 587 2631 argento
612 2560 926 2636 purissimo,
955 2573 1109 2631 pens.
1139 2560 1308 2618 libras
1334 2562 1388 2617 in
1418 2578 1585 2618 unum
1617 2563 1907 2635 nonaginta
1938 2573 1996 2621 et
2043 2572 2174 2619 tres.
2200 2562 2356 2619 Fecit
2381 2573 2561 2619 autem
2595 2564 2649 2619 in
2680 2562 2902 2619 basilica
2940 2562 3207 2619 cortinam
3237 2560 3415 2631 majo-

265 2664 385 2707 rem
402 2650 761 2707 holosericam
789 2650 856 2713 de
878 2651 1213 2722 quadrapulo
1238 2662 1295 2709 et
1328 2654 1554 2711 fundato
1572 2654 2014 2726 pulcherrimam.
2047 2655 2312 2712 Praefatur;
2343 2671 2475 2711 vero
2511 2660 2840 2719 venerabilis
2868 2669 2925 2717 et
2961 2659 3255 2731 praeclarus
3281 2672 3417 2729 pon-

276 2740 406 2799 tifex
451 2742 580 2800 fecit
622 2742 677 2798 in
706 2742 929 2800 basilica
960 2745 1107 2801 beati
1149 2746 1295 2803 Petri
1348 2748 1576 2819 apostoli
1613 2749 1898 2805 nutritoris
1927 2750 2008 2805 sui
2040 2764 2204 2820 super
2250 2749 2425 2807 altare
2454 2751 2629 2821 majus
2677 2751 2943 2807 ciborium
2990 2766 3113 2813 eum
3144 2747 3414 2808 columnis

278 2841 392 2898 suis
420 2849 654 2913 quatuor
689 2854 757 2897 ex
788 2848 1014 2911 argento
1044 2843 1337 2913 purissimo
1365 2846 1642 2910 deaurato,
1671 2860 1795 2901 cum
1842 2846 2070 2902 diversis
2104 2846 2348 2903 historiis
2378 2847 2531 2901 mirae
2581 2843 2968 2917 magnitudinis
2997 2843 3229 2900 miriﬁce
3254 2844 3414 2900 deco—

157 2932 236 2992 i0
274 2942 476 3001 ratum,
516 2934 661 3005 quod
700 2946 892 3007 pensat
938 2937 1107 2994 libras
1146 2938 1255 2993 duo
1279 2937 1425 2992 mille
1465 2937 1842 3010 septingentas
1871 2946 1926 2993 et
1949 2947 2203 3008 quatuor,
2232 2946 2289 2996 et
2337 2939 2526 2995 uncias
2570 2946 2701 2993 tres.
2748 2937 3026 2995 Ciborium
3067 2951 3219 3003 vero,
3273 2936 3421 3008 quod

275 3026 471 3083 exinde
511 3026 752 3096 abstulit,
779 3030 958 3098 posuit
999 3043 1163 3100 super
1186 3028 1359 3085 altare
1380 3028 1556 3097 majus
1583 3030 1635 3085 in
1659 3028 1881 3086 basilica
1904 3029 2077 3086 beatae
2098 3030 2191 3086 Dei
2226 3029 2541 3093 Genitricis,
2569 3044 2691 3101 quae
2709 3029 3012 3101 appellatur
3030 3030 3098 3085 ad
3129 3029 3413 3100 Praesepe;

274 3130 333 3179 et
374 3136 591 3179 crucem
632 3138 700 3180 ex
736 3132 960 3197 argento
989 3136 1125 3193 puro
1168 3123 1317 3190 fecit,
1349 3132 1406 3178 et
1432 3122 1565 3178 inibi
1595 3121 1795 3194 posuit,
1828 3136 2053 3192 pensan.
2091 3123 2257 3181 libras
2295 3123 2579 3179 duodecim
2625 3130 2681 3178 et
2713 3124 2901 3180 uncias
2951 3133 3083 3179 tres.
3118 3121 3337 3178 Necnon
3362 3131 3421 3178 et

277 3217 539 3275 tetravela
562 3218 727 3275 rubea
755 3218 993 3289 alitbyna
1029 3226 1265 3287 quatuor
1292 3216 1383 3271 ubi
1411 3230 1572 3286 supra
1612 3213 1763 3281 fecit,
1791 3228 1862 3271 ex
1890 3214 2090 3286 quibus
2118 3230 2287 3271 unum
2322 3231 2445 3272 cum
2469 3215 2844 3287 ehrysoelavo.
2876 3214 2983 3271 Sed
3026 3223 3081 3269 et
3109 3215 3161 3267 in
3197 3210 3424 3267 Musileo

272 3308 447 3366 beatae
473 3309 799 3377 Petronillze,
832 3314 977 3384 quod
999 3313 1218 3382 ponitur
1247 3311 1315 3367 ad
1335 3311 1553 3366 beatum
1583 3309 1805 3364 Petrum
1832 3308 2160 3378 apostolum,
2194 3307 2322 3365 feeit
2343 3308 2466 3364 vela
2486 3309 2609 3363 alba
2639 3311 2848 3381 majora
2880 3308 3003 3373 tria,
3032 3307 3240 3361 minora
3272 3315 3420 3372 octo,

161 3400 244 3460 15
274 3386 466 3460 ornata
495 3405 555 3460 in
580 3405 810 3462 circuitu
839 3404 906 3461 de
929 3403 1171 3460 fundato.
1204 3402 1358 3460 Fecit
1384 3416 1514 3458 vero
1537 3400 1709 3458 isdem
1738 3402 2037 3471 praeclarus
2064 3400 2309 3471 pontifex
2341 3408 2467 3456 ante
2510 3399 2908 3456 confessionem
2941 3397 3111 3468 ipsius
3152 3395 3424 3464 apostolo-

279 3510 399 3551 rum
437 3496 698 3567 principis
737 3497 958 3570 angelos
981 3513 1050 3554 ex
1081 3504 1308 3571 argento
1329 3495 1649 3568 purissimo,
1689 3496 1881 3551 dextra
1904 3495 2168 3564 laevaque,
2199 3507 2424 3564 pensan.
2463 3493 2596 3547 inihi
2620 3491 2788 3564 libras
2807 3498 3026 3549 Centum
3058 3487 3423 3559 quadraginta

281 3596 337 3643 et
364 3602 480 3644 sex.
514 3589 733 3647 Necnon
753 3600 811 3647 et
834 3589 971 3646 alios
1000 3591 1220 3661 angelos
1264 3590 1400 3646 duos
1422 3603 1489 3645 ex
1531 3595 1758 3659 argento
1786 3588 2081 3658 purissimo
2119 3587 2429 3651 deauratos,
2465 3584 2560 3655 qui
2586 3593 2734 3640 stant
2769 3582 2824 3638 in
2857 3580 3013 3639 trabe
3044 3578 3233 3648 majori
3262 3592 3426 3648 super

283 3677 528 3750 ingressu
554 3682 828 3749 vestibuli,
874 3685 1064 3741 dextra
1089 3686 1350 3756 laevaque,
1389 3684 1545 3756 juxta
1579 3682 1871 3754 imaginem
1903 3681 2204 3739 Salvatoris
2247 3693 2497 3743 auream,
2541 3692 2694 3748 pens.
2724 3675 2886 3732 simul
2926 3674 3093 3730 libras
3144 3671 3427 3743 sexaginta

282 3778 411 3827 tres.
444 3774 513 3830 Et
528 3774 665 3831 alios
702 3775 919 3847 angelos
948 3787 1188 3849 quatuor
1217 3778 1459 3833 minores
1482 3792 1549 3832 ex
1579 3786 1804 3847 argento
1850 3774 2144 3848 purissimo
2185 3774 2497 3834 deauratos,
2531 3770 2624 3826 ubi
2680 3783 2866 3840 supra,
2915 3767 3105 3824 dextra
3151 3764 3421 3834 laevaque,

152 3863 245 3919 90
275 3865 369 3936 Qui
410 3881 565 3938 pens.
594 3870 754 3927 simul
780 3871 946 3928 libras
975 3870 1257 3941 sexaginta
1286 3878 1427 3926 octo.
1460 3868 1827 3925 Verumetiam
1881 3868 2010 3923 fecit
2054 3866 2145 3922 ubi
2177 3879 2337 3935 supra
2366 3860 2718 3919 columnellas
2756 3876 2824 3916 ex
2871 3866 3097 3931 argento
3138 3858 3427 3913 deauratas

280 3974 374 4016 sex
405 3961 459 4016 in
491 3962 735 4033 ingressu
783 3963 1052 4029 vestibuli,
1095 3963 1325 4019 diversis
1374 3962 1615 4033 depictas
1653 3962 1919 4026 historiis,
1966 3975 2087 4031 quae
2122 3973 2350 4030 pensan.
2390 3955 2549 4012 simul
2597 3953 2765 4009 libras
2793 3959 3012 4008 centum
3056 3952 3421 4023 quadraginta

282 4063 337 4109 et
371 4064 601 4125 septem.
635 4055 784 4113 Fecit
815 4064 871 4113 et
903 4070 1122 4112 crucem
1173 4056 1435 4125 majorem
1464 4068 1529 4110 ex
1570 4061 1799 4126 argento
1825 4054 2119 4124 purissimo
2146 4056 2485 4117 deauratam,
2530 4065 2652 4120 qua:
2701 4054 2807 4103 stat
2842 4045 2998 4114 juxta
3027 4044 3202 4099 altare
3228 4043 3423 4114 majus,
3462 4042 3467 4049 ’

282 4159 509 4215 pensan.
563 4148 729 4204 libras
771 4150 962 4221 viginti
992 4152 1144 4205 duas.
1193 4148 1345 4205 Fecit
1387 4163 1519 4203 vero
1564 4148 1655 4203 ubi
1686 4164 1845 4219 supra
1890 4163 2076 4203 arcum
2108 4145 2370 4216 majorem
2410 4160 2474 4200 ex
2519 4150 2745 4215 argento
2778 4139 3137 4197 mundissimo
3164 4138 3426 4194 deaurato

282 4251 445 4309 supra
472 4240 525 4295 in
557 4240 802 4309 ingressu
832 4240 1103 4306 vestibuli,
1129 4256 1355 4313 pensan.
1380 4241 1546 4297 libras
1572 4249 1789 4296 centum
1823 4240 2040 4311 triginta
2066 4247 2121 4295 et
2144 4253 2309 4293 unam
2337 4248 2393 4292 et
2419 4237 2605 4292 semis.
2629 4235 2783 4313 Fecit
2809 4252 2940 4295 vero
2969 4239 3059 4293 ubi
3083 4252 3247 4307 supra
3278 4237 3427 4292 intra

144 4331 241 4392 ΞΒ
278 4333 673 4391 confessionem
708 4334 852 4391 beati
894 4333 1092 4391 Leonis
1119 4334 1444 4392 confessoris
1474 4343 1635 4403 atque
1663 4332 1932 4404 pontiﬁcis
1973 4331 2323 4403 Evangelium
2350 4345 2416 4386 ex
2447 4338 2671 4400 argento
2699 4329 3057 4386 mundissimo
3102 4331 3424 4385 deauratum

281 4441 447 4500 supra
479 4430 533 4484 in
563 4429 808 4501 ingressu
839 4427 1106 4496 vestibuli,
1137 4443 1360 4500 pensan.
1409 4427 1579 4485 libras
1625 4427 1984 4498 quadraginta
2031 4436 2158 4482 octo
2199 4433 2255 4482 et
2285 4426 2468 4483 semis.
2520 4423 2672 4481 Fecit
2696 4423 2786 4479 ubi
2835 4437 2997 4494 supra
3050 4418 3429 4478 columnellam

279 4533 448 4575 unam
475 4521 542 4577 de
588 4533 812 4594 argento
838 4525 1149 4594 purissimo,
1180 4538 1332 4594 pens.
1364 4523 1532 4579 libras
1561 4524 1749 4579 decem
1776 4530 1830 4576 et
1856 4531 2086 4593 septem.
2134 4518 2252 4589 Ipse
2302 4535 2434 4575 vero
2480 4535 2510 4575 a
2562 4522 2673 4576 Deo
2709 4529 2984 4590 protectus
3036 4528 3092 4576 et
3138 4518 3429 4589 prreclarus

280 4614 525 4685 pontifex
555 4615 683 4674 fecit
718 4618 772 4672 in
798 4618 1044 4676 diaconia
1090 4617 1233 4674 beati
1263 4615 1586 4687 Archangeli
1616 4624 1870 4685 patenum
1894 4622 1949 4667 et
1989 4612 2213 4669 calicem
2239 4626 2307 4666 ex
2337 4624 2563 4680 argento
2586 4615 2899 4682 purissimo,
2927 4628 3151 4684 pensan.
3180 4614 3234 4670 in
3264 4629 3428 4669 unum

286 4708 455 4767 libras
477 4713 563 4767 10.

356 4805 521 4879 412
548 4806 667 4875 Hic,
699 4808 881 4863 divina
909 4807 1259 4877 inspiratione
1284 4815 1584 4877 protectus,
1615 4804 1744 4860 fecit
1771 4802 1828 4857 in
1855 4799 2080 4855 basilica
2124 4798 2446 4864 Salvatoris,
2483 4812 2603 4869 qua:
2632 4799 2933 4870 appellatur
2952 4803 3427 4868 Constantiniana,
3452 4804 3465 4821 ’

291 4897 557 4957 ciborium
597 4914 720 4954 cum
770 4900 1037 4959 columnis
1069 4900 1183 4956 suis
1210 4908 1443 4972 quatuor
1478 4914 1545 4954 ex
1578 4904 1805 4969 argento
1842 4893 2154 4964 purissimo,
2197 4892 2427 4948 diversis
2461 4892 2730 4963 depictum
2761 4894 3022 4961 historiis,
3058 4909 3180 4950 cum
3209 4897 3429 4953 cancel-

285 4991 358 5049 lis
380 5001 436 5049 et
456 4992 794 5050 columnellis
820 4994 933 5051 suis
961 4992 1112 5048 mirm
1149 4992 1532 5065 magnitudinis
1563 5001 1616 5046 et
1642 4990 2057 5061 pulchritudinis
2101 4988 2435 5051 decoratum,
2469 4999 2589 5055 qua).
2610 5001 2762 5057 pens.
2794 4987 3033 5059 undique
3062 4989 3224 5046 simul
3264 4990 3432 5047 libras

286 5084 436 5145 mille
464 5088 726 5144 ducentas
772 5086 957 5158 viginti
982 5096 1205 5157 septem.
1236 5085 1601 5141 Verumctiam
1640 5093 1695 5139 et
1741 5093 1884 5139 sarta
1934 5090 2075 5137 tecta
2124 5080 2362 5137 basilicae
2407 5089 2609 5135 sanctae
2646 5079 2737 5135 Dei
2767 5080 3060 5139 Genitrieis
3110 5097 3430 5157 semperque

208 5179 251 5238 Β
288 5181 526 5250 Virginis
553 5183 738 5239 Mariae
763 5181 998 5237 dominae
1025 5189 1243 5245 nostrae,
1275 5195 1397 5249 qua
1421 5177 1722 5249 appellatur
1765 5176 1832 5232 ad
1858 5178 2126 5245 Praesepe,
2157 5174 2340 5231 omnia
2374 5173 2585 5239 noviter
2617 5177 2964 5231 restauravit.
3009 5177 3267 5235 Cubicula
3300 5193 3432 5236 vero

279 5278 443 5349 juxta
465 5280 752 5337 ecclesiam
782 5279 925 5335 beati
953 5276 1097 5332 Petri
1129 5274 1494 5346 apostolorum
1524 5269 1803 5341 principis,
1836 5283 1958 5337 quas
1991 5268 2157 5323 nimia
2189 5275 2459 5323 vetustate
2488 5278 2853 5334 marcuerant,
2882 5266 3046 5327 etiam
3062 5286 3196 5343 pene
3222 5272 3431 5329 ruitura

264 5381 474 5439 erant,
502 5373 673 5428 isdem
711 5372 961 5442 egregius
982 5369 1173 5442 praesul
1201 5382 1229 5422 a
1263 5366 1627 5421 fundamentis
1667 5361 2040 5418 firmissimum
2067 5375 2275 5432 ponens
2296 5356 2584 5417 aedificium
2613 5361 2665 5416 in
2695 5363 2971 5421 meliorem
3000 5368 3177 5423 erexit
3201 5376 3424 5423 statum.

292 5465 446 5523 Fecit
471 5477 524 5523 et
554 5468 643 5523 ubi
675 5482 836 5538 supra
869 5464 1023 5533 juxta
1055 5462 1360 5518 columnam
1393 5452 1933 5529 majorem‘balneum
1959 5452 2013 5507 in
2043 5452 2324 5522 superiore
2351 5451 2584 5521 positum
2625 5462 2995 5511 constructum
3027 5457 3079 5512 in
3118 5460 3427 5521 rotumlnm.

292 5558 523 5615 mirifice
551 5561 888 5615 decoratum.
920 5556 1132 5613 Gradus
1158 5568 1288 5609 vero
1314 5554 1366 5607 in
1394 5552 1614 5605 introitu
1651 5548 1893 5619 ejusdem
1924 5544 2160 5601 basilica:
2188 5552 2298 5599 tam
2326 5557 2490 5613 super
2512 5543 2781 5613 porticum
2809 5562 2972 5617 quam
2996 5550 3159 5606 etiam
3194 5551 3248 5606 ir.
3294 5552 3435 5608 atrio

158 5653 258 5711 10
294 5656 509 5709 noviter
532 5652 878 5710 restauravit.
910 5650 1061 5707 Fecit
1093 5657 1149 5704 et
1170 5648 1319 5719 juxta
1348 5645 1565 5701 eosdem
1594 5641 1793 5714 gradus
1819 5649 1972 5711 parte
1994 5639 2182 5695 dextra
2223 5634 2348 5691 atrii
2378 5634 2594 5690 domum
2644 5650 2673 5689 a
2722 5636 3086 5697 fundamentis
3126 5644 3277 5701 mirae
3320 5660 3435 5701 ma-

298 5750 595 5823 gnitudinis
638 5760 692 5805 et
723 5746 1138 5823 pulchritudinis
1160 5745 1492 5809 decoratam,
1522 5742 1575 5797 in
1603 5755 1711 5811 qua
1740 5737 1904 5796 etiam
1953 5744 2008 5793 et
2051 5733 2329 5792 accubitos
2363 5733 2667 5790 collocavit.
2713 5732 2865 5789 Fecit
2891 5741 2947 5788 et
2989 5733 3143 5802 juxta
3189 5737 3435 5796 eamdem
