4026 6326
130 355 305 431 .4241
1042 349 1368 410 HISTORIA
1405 350 1493 413 DE
1534 349 1714 408 Vl'l‘iS

1873 348 1920 404 ι.
1963 349 2167 437 rem,
2196 381 2269 445 π
2305 351 2440 410 LEO
2478 351 2561 409 ιιι.
3326 360 3463 421 tata

222 538 225 545 η
311 471 837 555 Prmsepiipbarum
862 470 926 535 ,in
956 470 1178 547 modum
1207 468 1339 531 retis
1381 483 1448 555 ex
1490 478 1727 555 argento
1746 466 2042 538 purissimo
2084 483 2207 555 cum
2238 468 2797 551 canistristquinquc,
2828 484 3056 545 pensan.
3094 471 3256 529 simul
3299 473 3467 535 libras

203 567 278 633 15
318 566 542 643 triginta
572 558 778 636 septem
800 552 854 623 e't
881 564 1071 641 semis.“
1306 630 1309 631 ν
1408 552 1417 641 ρ

391 654 560 733 616
614 654 792 715 Isdem
837 663 1390 741 vero‘sancttsstmus
1432 653 1655 726 praesul,
1686 652 1862 711 sancti
1906 651 2143 728 Spiritus
2188 650 2549 710 ilius'tratione
2588 653 2857 727 perfusus,
2908 652 3036 711 fecit
3080 651 3242 741 beato
3302 653 3467 712 Petro

313 751 561 824 apostolo
614 751 869 809 nutritori
919 767 1019 811 suo
1072 752 1299 812 calicem
1362 767 1595 821 aureum,
1632 751 1966 823 praecipuum
2017 760 2357 823 tetragonum
2411 748 2863 824 Spanoclystum,
2912 750 3141 811 diversis
3212 740 3464 813 ornatum

308 848 569 921 pretiosis
612 847 904 918 lapidibus.
946 861 1174 920 pensari.
1203 850 1370 909 libras
1413 848 1635 922 triginta
1679 856 1735 906 et
1779 848 1932 905 duas.
1962 834 2207 905 Necnon'
2232 836 2455 909 fecit‘et
2491 836 2745 921 patenum
2784 864 3009 923 auream
3053 851 3467 925 Spauociystam

309 939 464 997 mirae
497 939 886 1012 magnitudinis
908 940 1242 1009 decentem,
1266 956 1493 1023 pensan.
1528 941 1694 997 libras
1718 940 1908 1011 viginti
1938 942 2177 1012 quinque
2204 951 2259 998 et
2301 942 2492 997 uncias
2520 956 2735 997 novem.
2766 940 2917 996 Fecit
2944 951 3129 999 autem
3150 944 3203 1000 in
3243 942 3467 1001 basilica

170 1096 183 1113 ,θ
240 1033 279 1091 5
315 1035 471 1110 cujus
499 1051 663 1109 supra
692 1036 922 1111 pharum
970 1036 1023 1109 in
1067 1037 1290 1111 modum
1335 1038 1466 1097 retis
1509 1052 1632 1093 cum
1662 1037 1932 1105 canistro,
1960 1049 2015 1093 et
2040 1052 2230 1095 cruces
2274 1039 2343 1095 de
2385 1047 2613 1111 argento
2659 1037 2985 1110 purissimo,
3016 1038 3339 1113 quipendet
3363 1037 3467 1095 sub

310 1145 445 1187 auro
488 1131 794 1205 principali.
826 1114 1045 1190 Necnon
1074 1142 1130 1189 ct
1156 1134 1323 1191 alium
1367 1136 1599 1207 pharum
1628 1130 1890 1208 majorem
1923 1135 1976 1190 in
2008 1136 2225 1191 modum
2270 1130 2424 1201 retis,
2458 1149 2577 1190 cum
2606 1120 2863 1190 canistris
2890 1131 3114 1205 viginti,
3143 1133 3466 1203 pendentem

234 1274 239 1277 ,
315 1224 418 1283 sub
450 1217 660 1280 trabem
692 1214 955 1296 majorem
987 1236 1321 1299 argenteam,
1353 1229 1417 1283 ad
1448 1238 1699 1285 ornatum
1728 1240 1932 1287 sancta:
1966 1230 2063 1287 Dei
2107 1228 2370 1295 ecclesiae,
2416 1229 2510 1299 qui
2546 1242 2772 1309 pensan.
2818 1225 2949 1280 inibi
2979 1222 3145 1280 libras
3173 1223 3279 1288 duo
3321 1224 3469 1281 mille

244 1400 245 1403 η
311 1329 529 1380 centum
557 1331 813 1396 quatuor,
843 1334 900 1381 et
942 1326 1130 1382 uncias
1159 1338 1389 1400 septem.
1420 1327 1521 1384 liic
1548 1310 1677 1384 i‘ecit
1707 1328 1761 1385 in
1788 1330 2010 1387 basilica
2038 1330 2278 1389 doctoris
2303 1326 2490 1383 mundi
2516 1327 2662 1383 beati
2693 1324 2848 1381 Pauli
2878 1322 3104 1395 apostoli
3147 1322 3467 1377 cruciﬁxum

312 1434 381 1477 ex
406 1402 633 1493 argen'to
653 1423 985 1497 'purissimo,
1027 1426 1179 1481 mirae
1205 1426 1593 1497 magnitudinis
1627 1426 1960 1498 decoratum,
2004 1444 2232 1500 pensan.
2262 1424 2430 1483 libras
2476 1406 3068 1497 quinquagiu‘ta'duas.
3094 1417 3467 1475 Verumetiam

208 1510 277 1569 l0
312 1511 441 1569 fecit
475 1514 551 1571 ibi
592 1531 756 1588 supra
789 1519 1048 1578 tetravela
1079 1521 1198 1578 alba
1228 1522 1529 1580 boloserica
1562 1516 1760 1592 rosata,
1793 1540 1859 1581 ex
1901 1525 2097 1596 quibus
2136 1504 2303 1581 unum
2342 1522 2551 1579 habens
2597 1521 2652 1576 in
2681 1519 2861 1576 medio
2903 1530 3121 1575 crucem
3151 1513 3470 1585 de'clu'yso-

313 1611 490 1680 clavo,
520 1622 578 1670 et
600 1610 937 1686 gammadias
981 1618 1048 1675 de
1090 1619 1463 1692 cbrysoclavo.
1501 1621 1720 1678 Necnon
1769 1622 1931 1679 etiam
1960 1623 2079 1679 vela
2130 1621 2252 1679 alba
2288 1602 2597 1678 ‘holoserica
2646 1633 2873 1675 numero
2919 1624 3146 1680 novem,“
3191 1620 3385 1669 ornata
3411 1610 3468 1665 in

314 1707 546 1767 circuitu
575 1710 643 1769 de
689 1714 851 1788 tyrio.
882 1710 1035 1773 Fecit
1060 1714 1135 1772 ibi
1180 1734 1345 1789 super
1382 1710 1642 1792 gabatha's
1690 1712 1941 1777 fundatas
1976 1718 2312 1781 interrasiles
2354 1718 2681 1791 ex'argento
2715 1715 3007 1789 purissimo
3052 1721 3282 1795 numero
3313 1714 3465 1773 θειοι

320 1811 440 1869 qua:
463 1801 702 1874 pendent
730 1803 785 1858 in
811 1802 984 1875 pbaro
1008 1821 1150 1861 aereo
1179 1807 1232 1862 in
1262 1809 1439 1864 medio
1464 1801 1718 1877 basilicae,
1739 1827 1893 1884 pens.
1925 1808 2054 1870 inibi
2082 1810 2249 1868 libras
2273 1810 2703 1883 quatuordecim.
2727 1808 3034 1882 ingressum
3062 1816 3195 1858 vero
3218 1798 3465 1871 corporis

146 1962 153 1971 .
228 1894 231 1909 ³
315 1888 483 1945 isdem
514 1891 710 1962 praesul
750 1909 818 1949 ex
858 1896 1220 1952 marmoribus
1248 1896 1493 1954 candidis
1534 1892 1673 1956 miro
1716 1902 1913 1959 decore
1942 1901 2175 1966 ornavit,
2202 1908 2364 1972 atque
2405 1900 2581 1971 regias
2604 1904 2786 1953 aereas
2814 1890 3260 1963 ibidemposuit.
3290 1888 3467 1957 Super

208 1978 278 2036 15
315 1980 595 2038 columnas
624 1998 755 2041 vero
799 2000 1157 2065 marmoreas,
1188 2003 1308 2059 qua:
1348 1997 1495 2044 stant
1537 1988 1591 2044 in
1636 1989 1869 2046 circuitu
1918 1980 2317 2062 altaris'ipsius
2355 1986 2593 2045 doctoris
2629 1986 2837 2052 mundi,
2865 1983 2956 2040 ubi
2984 1982 3166 2037 trabes
3192 1974 3466 2049 quondam

250 2089 259 2097 °
312 2074 501 2149 lignea:
547 2077 738 2149 positae.
784 2076 1018 2146 fuerant,
1052 2079 1219 2135 etiam
1268 2081 1435 2136 nimia
1478 2090 1750 2139 vetustate
1777 2092 2176 2148 emarcucrant,
2202 2084 2295 2139 hic
2323 2086 2480 2139 saeer
2528 2080 2756 2137 antistes
2800 2091 2965 2148 super
3006 2076 3153 2147 ipsas
3186 2072 3466 2128 columnas

314 2166 455 2223 lilios
502 2169 630 2239 poni
680 2170 834 2235 fecit,
864 2177 917 2226 et
947 2187 1108 2242 super
1146 2173 1290 2244 ipsos
1337 2166 1479 2231 lilios
1525 2189 1592 2229 ex
1640 2173 1874 2232 metallis
1914 2177 2236 2233 marmoreis
2281 2174 2550 2249 piatonias
2597 2171 2815 2244 posuit,
2859 2168 3195 2237 diversisque
3240 2164 3466 2237 picturis

314 2256 463 2313 mira:
510 2258 895 2329 magnitudinis
921 2277 1056 2333 opus
1086 2262 1378 2319 decoravit.
1414 2265 1634 2323 Necnon
1666 2266 1755 2322 ubi
1786 2280 1950 2338 supra
1995 2266 2123 2325 fecit
2148 2266 2265 2324 vela
2307 2264 2676 2323 Alexandrina
2702 2260 2908 2333 majora
2942 2271 3171 2317 numero
3200 2257 3461 2328 quinque,

314 2365 433 2421 quae
459 2351 697 2421 pendent
723 2367 888 2424 super
916 2355 1092 2424 regias
1118 2354 1353 2424 majores
1383 2357 1438 2412 in
1467 2356 1714 2428 ingressu
1742 2352 2003 2424 basilicae,
2031 2357 2260 2413 mirifice
2288 2354 2562 2412 decorata.
3131 2371 3135 2375 '

384 2447 548 2522 41⁸1
586 2447 685 2504 Hic
712 2465 842 2505 vero
869 2451 1246 2507 sanctissimus
1270 2460 1324 2507 et
1345 2452 1642 2523 praeclarus
1679 2451 1922 2523 pontifex
1949 2451 2077 2508 fecit
2113 2452 2168 2506 in
2203 2450 2425 2506 basilica
2460 2457 2662 2505 sancta:
2692 2446 2789 2503 Dei
2817 2442 3110 2502 Gemtricis
3140 2453 3464 2512 semperque

316 2538 553 2614 Virginis
596 2538 779 2599 Mariae
824 2544 1054 2602 dominae
1082 2553 1282 2602 nostrae
1306 2545 1373 2603 ad
1400 2545 1651 2617 Praesepe
1687 2546 1949 2602 tetraveia
1996 2545 2118 2602 alba
2148 2543 2452 2600 holoserica
2479 2550 2682 2607 rosata,
2729 2539 2963 2596 miriﬁce
3004 2538 3280 2597 decorata.
3311 2533 3466 2591 Fecit

316 2649 465 2700 vero,
498 2634 589 2690 ubi
617 2650 802 2706 supra,
835 2637 973 2692 intra
1006 2637 1335 2709 Praesepinm
1362 2648 1571 2695 vestem
1612 2639 1792 2695 albam
1823 2638 2180 2695 boloseticam
2211 2644 2473 2702 rosatam,
2498 2642 2747 2689 ornatam
2778 2633 2833 2686 in
2861 2631 3091 2687 circuitu
3124 2630 3191 2685 de
3232 2629 3462 2699 chryso-

310 2724 485 2795 elavo,
513 2726 643 2781 etin
674 2726 854 2785 medio
882 2722 1171 2784 habentem
1202 2742 1415 2786 crucem
1445 2730 1852 2787 cum‘orbicuiis
1876 2731 1943 2786 de
1984 2730 2368 2802 cbrysociavo,
2392 2728 2513 2784 vela
2542 2727 2662 2783 alba
2694 2724 2995 2782 holoserica
3028 2732 3211 2779 rosata
3238 2738 3464 2778 numero

239 2808 277 2868 ὅ
314 2824 566 2884 quatuor,
595 2827 786 2872 ornata
830 2818 883 2872 in
922 2819 1149 2874 circuitu
1197 2820 1263 2877 de
1306 2822 1463 2893 tyrio.
1494 2819 1552 2877 in
1581 2820 1825 2877 diacdaia
1854 2838 1982 2877 vero
2010 2822 2179 2892 ipsius
2204 2822 2299 2876 Dei
2327 2820 2644 2886 Genitricis,
2675 2832 2793 2889 quae
2830 2816 3131 2888 appellatur
3159 2815 3461 2883 Dominica,

206 2906 213 2911 ’
314 2903 444 2961 fecit
468 2916 674 2962 vestem
701 2908 877 2963 albam
905 2908 1263 2967 holosericam
1294 2922 1555 2979 rosatam,
1583 2911 1873 2968 habentem
1898 2914 1947 2969 in
1977 2914 2158 2970 medio
2187 2913 2423 2971 tabulam
2454 2911 2523 2969 de
2561 2911 2723 2983 tyrio,
2750 2925 2875 2965 cum
2912 2908 3141 2965 historia
3178 2905 3458 2963 Cruciiixi.

319 2996 537 3056 Necnon
570 3011 626 3057 et
648 3011 795 3058 rotas
822 3003 887 3058 de
912 3004 1291 3074 cltrysoclavo,
1315 3014 1535 3061 ornatas
1561 3007 1614 3061 in
1642 3006 1869 3061 circuitu
1897 3007 1964 3061 de
1985 3005 2340 3078 quadrapulo.
2372 3004 2528 3061 Fecit
2558 3004 2651 3058 ubi
2676 3015 2838 3072 supra
2870 3001 3134 3056 cortinam
3159 2997 3461 3077 fundatam,

302 3084 563 3147 ornatam
594 3093 649 3148 in
677 3093 907 3148 circuitu
937 3092 1002 3149 de
1042 3092 1293 3149 biattliin.
1329 3095 1654 3152 in'tliacdnia
1684 3110 1812 3152 vero
1838 3098 2012 3169 ipsius
2035 3098 2129 3154 Dei
2159 3096 2475 3162 Genitrieis,
2501 3109 2621 3166 qum
2661 3092 2961 3163 appellatur
2988 3088 3275 3145 Cosmcdin
3294 3129 3310 3153 ,
3335 3087 3466 3143 fecit

320 3194 523 3242 vestem
552 3185 726 3243 albam
756 3186 1134 3254 bolo‘serieam,
1164 3194 1285 3243 eum
1317 3189 1499 3245 tabula
1541 3189 1607 3245 de
1650 3191 2026 3263 chrysociavo,
2056 3191 2361 3246 babente’m‘
2390 3186 2675 3244 historiam
2705 3183 3000 3239 Duminieae
3027 3180 3460 3245 resurrectionis,

203 3266 278 3335 1'0
310 3272 448 3337 etin
476 3266 705 3335 circuitu
732 3279 928 3353 lystam
961 3280 1027 3337 de
1063 3280 1435 3354 chrysoelavo'.‘
1466 3283 1619 3339 Fecit
1643 3284 1710 3339 ad
1734 3290 1983 3339 sanctam
2006 3282 2231 3337 Mariam
2266 3282 2337 3337 ad
2356 3280 2630 3353 Martyres
2653 3285 2858 3333 vesmm
2898 3274 3075 3329 albam
3106 3271 3464 3327 boloserieam

310 3381 579 3440 rosatam,
629 3370 967 3429 cumta'bui‘a
998 3374 1067 3430 de
1092 3375 1264 3445 tyrio,
1294 3372 1584 3431 habentem
1626 3375 1909 3430 historiam
1953 3374 2247 3439 Cruciﬁxi’,
2277 3380 2332 3428 et
2375 3378 2550 3427 ratam
2580 3370 2651 3426 de
2684 3365 3070 3446 chrysoclavo,
3114 3358 3361 3419 ornatam
3409 3361 3465 3415 in

314 3459 543 3515 circuitu
573 3462 640 3517 de
664 3460 846 3534 ‘ty'rio.
883 3460 1113 3517 Vestem
1148 3460 1315 3518 etiam
1348 3463 1403 3517 in
1432 3463 1829 3531 diaconia'jam
1861 3464 2031 3518 dictae
2062 3470 2272 3519 sauciat
2300 3461 2413 3517 “Dei
2439 3458 2771 3525 Gemtricis,
2808 3457 3043 3528 positam
3070 3452 3208 3509 foris
3244 3460 3467 3524 portam

150 3548 174 3565 "
240 3542 247 3549 ’
316 3552 460 3609 beati
490 3550 640 3609 Petri
668 3551 1079 3625 apostoli,‘fecit
1105 3554 1313 3610 vestem
1340 3554 1588 3625 deryriu.
1619 3553 1740 3609 miri

935 3553 1588 3625 ‘l'ecitvestenidetyﬂo.
1619 3553 2206 3610 miriﬁce’decoratam.
2254 3564 2257 3579 '
2446 3568 2452 3573 ι
2501 3564 2525 3577 ι·

372 3638 569 3715 ‘418‘
601 3640 702 3697 Hic
732 3654 865 3699 vero
909 3642 1234 3700 venerabilis
1263 3646 1318 3697 et
1342 3644 1645 3713 praeclarus
1670 3643 1914 3715 pontifex
1948 3644 2091 3700 ifeeit
2120 3645 2186 3699 'in
2216 3642 2607 3701 basiliea'beati
2636 3639 2781 3698 Petri
2811 3639 3039 3711 apostoli
3066 3639 3353 3695 nutriteris
3383 3637 3467 3694 sui

319 3730 945 3788 canistrosinterrasiies
970 3737 1295 3801 ex'argento
1320 3728 1637 3802 purissime;
1663 3741 1773 3789 tam
1808 3734 2317 3805 in'quadriportictr
2347 3742 2625 3805 quumque
2650 3732 2705 3787 in
2734 3731 2942 3803 gremio
2971 3728 3207 3785 basilicm
3235 3742 3466 3783 numero

309 3824 419 3891 22,-
447 3818 837 3896 pens.’simul'
862 3825 1029 3881 libras
1071 3835 1301 3882 centum
1334 3824 1522 3898 viginti
1570 3827 1845 3899 quinique:
1872 3828 2156 3885 Gabatluts
2194 3824 2934 3899 ianthms'signocltrystas,
2959 3836 3083 3896 qum
3126 3822 3365 3893 pendent
3411 3819 3466 3874 in

274 3936 279 3941 τ
313 3918 717 3992 quadriporiicu
738 3942 775 3987 ,ν
808 3921 1076 3993 in'~‘pliaro
1104 3910 1266 3977 ,τοι-ρο
1294 3921 1381 3975 ἐπ’
1402 3920 1581 3976 medio
1618 3920 1860 3977 basilica:

1908 3934 2143 3977 numero
2183 3920 2539 3993 quadraginta
2573 3927 2630 3976 et
2672 3928 2834 3985 octo,
2881 3930 3038 3989 pcns.
3089 3916 3252 3973 simul
3300 3915 3467 3970 libras

243 4008 287 4066 δ’
316 4018 535 4068 centum
561 3998 811 4070 etuitam
834 4040 837 4045 -
859 4022 915 4069 et
964 4014 1149 4070 semis.
1178 4010 1642 4084 Pharaargentea
1674 4015 1831 4081 tria,
1867 4020 1988 4084 quae
2030 4023 2179 4071 stant
2214 4028 2383 4087 super
2408 4015 2612 4072 vtrabes
2648 4023 2977 4086 argenteas,
3022 4025 3255 4082 pensari;
3300 4011 3469 4069 libras

317 4104 607 4174 nonaginta
643 4112 699 4160 et
730 4112 859 4161 tres;
892 4103 1065 4161 Arcus
1094 4104 1395 4176 argenteos
1410 4106 1562 4167 duos,
1595 4105 2414 4178 pensumﬁbras-quadraginta
2446 4112 2508 4162 et
2536 4121 2711 4162 unam
2750 4114 2813 4163 et
2838 4105 3031 4162 uncias
3049 4112 3197 4160 octo.
3227 4101 3355 4159 Vela
3396 4104 3466 4158 de

314 4191 542 4248 biatthin
570 4188 800 4264 majora,
824 4208 947 4266 qua:
969 4194 1205 4264 pendent
1226 4206 1341 4265 'pcr
1368 4195 1559 4250 trabes
1586 4203 1875 4265 argenteas
1918 4196 2112 4252 dextra
2141 4196 2753 4269 iazvaquc'presbyterii.
2790 4196 3018 4254 'NccnOn
3042 4204 3106 4251 ct
3150 4195 3205 4249 in
3237 4195 3465 4250 circuitu
3558 4218 3565 4225 -

310 4286 456 4344 sedis
482 4296 710 4345 numero
739 4288 980 4359 triginta,
1008 4296 1203 4354 ornata
1233 4289 1287 4343 in
1313 4288 1549 4345 circuitu
1575 4287 2026 4361 de'quadrapulo.
2056 4291 2187 4348 Vela
2206 4293 2533 4349 "modica‘de
2580 4292 2807 4349 fundato
2831 4304 3063 4348 numero
3101 4288 3467 4362 quadraginta

208 4384 213 4389 '
250 4374 253 4375 ⁷
310 4385 371 4434 et
393 4384 621 4449 septem,
644 4366 839 4436 ornata
879 4380 932 4435 in
962 4378 1188 4435 circuitu
1220 4380 1288 4436 de
1326 4368 1581 4436 blatthin’
1602 4376 1903 4452 Byzanteo,
1930 4390 1987 4438 et
2030 4382 2282 4438 investita
2306 4383 2385 4438 de
2412 4382 2643 4439 blatthin
2673 4382 3049 4455 Neapolitano.
3074 4380 3304 4437 Necnon
3336 4389 3390 4434 et
3415 4379 3468 4433 in

106 4478 109 4483 '
203 4468 277 4528 10
309 4473 515 4545 gremio
542 4472 781 4530 basilicae
810 4471 939 4528 fecit:
975 4474 1242 4530 cortinam
1272 4472 1532 4543 majorem
1559 4474 1980 4531 Alexandrinam
2002 4474 2159 4530 mine
2187 4474 2577 4547 magnitudinis
2602 4482 2658 4532 et
2678 4474 3096 4547 pulchritudinis
3128 4473 3467 4531 decoratam,

320 4575 569 4623 ornatam
618 4566 673 4622 in
718 4566 950 4622 circuitu
992 4566 1061 4623 de
1109 4567 1268 4640 tyrio.
1305 4567 1434 4624 Vela
1481 4568 1602 4624 alba
1651 4568 1865 4624 modica
1896 4567 2201 4624 holoserica
2238 4577 2418 4624 rosata
2462 4582 2690 4623 numero
2734 4565 2925 4637 viginti
2963 4564 3242 4635 quinque,
3277 4571 3468 4616 ornata

132 4712 142 4732 ,
258 4686 263 4693 ο
317 4660 377 4716 in
405 4659 637 4716 circuitu
664 4658 735 4715 de
780 4657 1032 4721 blattbin,
1060 4674 1131 4716 ex
1158 4661 1355 4731 quibus
1380 4676 1551 4723 unum
1594 4654 1849 4719 ornatum
1894 4664 1960 4718 de
2004 4663 2265 4720 stauraei.
2304 4662 2481 4732 Super
2511 4662 2683 4721 altare
2723 4676 2854 4719 vero
2898 4658 3042 4717 beati
3075 4657 3342 4720 Andrcm.
3376 4656 3467 4710 ιιὺί

132 4728 147 4798 ἶ
311 4766 496 4822 supra,
545 4748 678 4807 feeit
716 4759 924 4808 vestem
958 4750 1137 4807 albam
1177 4728 1864 4819 holosericamrosatam,
1906 4768 2033 4809 cum
2079 4751 2263 4808 tabula
2307 4728 2774 4822 de'chrysoclavo
2799 4790 2813 4815 ,
2847 4750 3139 4806 habentem
3184 4747 3467 4803 historiam

314 4847 607 4905 Duminieze
652 4846 1097 4919 resurrectionis,
1146 4856 1201 4902 et
1249 4848 1321 4902 ὶιι⁵
1349 4848 1578 4903 circuitu
1610 4848 1789 4905 Iistam
1835 4847 1901 4905 de
1946 4844 2727 4919 chrysoclavo..Verumetiam
2766 4853 2825 4901 et
2865 4860 3028 4916 super
3075 4844 3249 4903 altare
3295 4845 3467 4898 beata:

205 4938 280 4995 45
314 4939 623 4996 Petronium
660 4938 786 4995 fecit
828 4945 1035 5001 vestem
1060 4938 1244 4993 albam
1266 4935 1627 4996 holoserieam
1654 4946 1912 5003 rosatam,
1941 4955 2070 4999 cum
2099 4937 2279 4993 tabula
2327 4939 2395 5001 de
2438 4937 2813 5010 chrysoclavo,
2840 4937 3133 4995 habentem
3180 4935 3464 4993 historiam

248 5048 253 5051 ·
314 5030 617 5086 Dominicae
655 5028 1105 5094 resurrectionis,
1148 5037 1205 5084 et
1251 5028 1708 5098 in-cirouitnejus
1734 5029 1919 5087 listam
1945 5030 2012 5086 de
2049 5028 2419 5103 cbrysoclavo.
2451 5029 2579 5087 Pari
2607 5030 2770 5089 modo
2806 5039 2861 5086 et
2886 5031 2944 5085 in
2991 5029 3235 5087 oratorio
3264 5018 3466 5083 sancta:

314 5122 409 5179 Dei
434 5121 758 5192 Gemtricis,
792 5123 887 5179 ubi
917 5138 1082 5195 supra
1125 5123 1179 5178 in
1204 5122 1491 5190 :mediana,
1535 5121 1666 5180 fecit
1689 5131 1899 5181 vestem
1927 5122 2105 5178 albam
2148 5121 2504 5180 bolosericam
2554 5129 2824 5188 rosatam,
2860 5120 3161 5185 habentem
3204 5120 3261 5176 in
3285 5118 3466 5175 medio

240 5236 247 5255 ι
296 5232 536 5277 crucem
565 5221 1032 5295 dech'rysociavo,
1062 5228 1125 5277 et
1165 5219 1495 5277 inscireuitu
1537 5226 1790 5276 ornatam
1834 5218 1902 5276 de
1930 5218 2091 5290 tyrio.
2129 5217 2189 5275 In
2216 5217 2460 5277 oratorio
2488 5233 2619 5279 vero
2663 5215 2970 5289 ipsius.Dei
3015 5214 3341 5277 Genitricis,
3372 5214 3463 5270 ubi

302 5324 500 5388 “supra,
520 5318 675 5389 'quo‘d
700 5319 905 5375 dicitur
927 5318 1111 5374 domui
1139 5317 1292 5373 Pauli
1316 5330 1473 5388 βψω
1520 5315 1653 5371 fecit
1678 5323 1883 5372 vestem
1910 5314 2107 5371 albam“
2129 5313 2511 5379 holoeorieam,
2541 5319 2790 5371 ornatam
2827 5312 2885 5367 in
2907 5309 3141 5367 circuitu
3168 5309 3237 5365 de
3256 5308 3459 5364 miziio.

146 5426 173 5447 ι.
196 5405 1059 5465 ω’Νοεηοιιιοιπὶηυιιιοηιιεσωὶο
1084 5390 1523 5473 «natumut,
1550 5405 1647 5461 ubi
1671 5421 1734 5461 su

1886 5402 2015 5462 fecit
2039 5412 2245 5463 vestem
2273 5403 2452 5467 albam
2482 5394 2841 5469 halosericam
2870 5410 3141 5465 rosatam,
3171 5401 3460 5457 habentem

196 5534 205 5541 -
300 5502 368 5557 'in
413 5503 593 5559 medio
625 5512 842 5558 crucem
885 5498 1525 5573 de‘elii'ysoclavogeum
1568 5497 1823 5571 periciysi
1864 5499 1931 5555 de
1973 5497 2135 5570 tyrio.
2162 5496 2264 5552 Hic
2292 5495 2445 5553 fecit
2477 5494 2779 5557 iubasilica
2808 5494 3191 5566 Apostolorum
3217 5492 3459 5553 via'bata

310 5610 477 5668 super
503 5596 678 5653 altare
703 5598 882 5666 majus
909 5606 1116 5654 vestem
1146 5597 1327 5653 albam
1367 5595 1730 5653 ltolosericam
1760 5601 2028 5660 rosatam,
2057 5593 2347 5650 habentem
2384 5591 2437 5646 in
2464 5591 2647 5658 medie
2668 5590 2911 5651 tabulam
2948 5590 3014 5646 de
3038 5586 3301 5653 stauraci,
3336 5603 3459 5643 cum

242 5702 249 5713 ‘
310 5688 545 5747 historia
594 5690 1393 5755 Dominieae'resurrectionis,
1444 5696 1501 5745 et
1544 5690 1607 5743 in
1647 5686 1880 5755 circuitu
1924 5694 2132 5742 vestem
2177 5685 2245 5741 de
2290 5683 2670 5756 citrysociavo.
2717 5681 2939 5739 Necnon
2975 5689 3035 5736 et
3073 5678 3347 5736 orbiculos
3391 5677 3462 5735 de

300 5782 691 5856 'chryseclavo,
718 5799 842 5843 cum
868 5784 1121 5857 periclysi
1152 5782 1222 5841 dc
1254 5782 1419 5856 tyrio.
1447 5778 1733 5838 Tctravcla
1776 5778 1989 5837 modica
2022 5779 2191 5837 rubea
2218 5785 2417 5837 ornata
2454 5776 2515 5834 in
2539 5775 2771 5836 circuitu
2798 5775 2865 5832 de
2891 5774 3138 5843 fundato,
3165 5787 3239 5832 ex
3262 5768 3460 5843 quibus
