4026 6326
513 311 656 375 m3
1690 298 2058 360 anas'msu
2093 261 2638 358 amuorunman
3661 302 3800 362 tan

535 426 606 498 25
641 439 812 484 tinum
853 436 976 483 cum
1022 417 1397 493 chrysoclavo.
1426 415 1556 474 Vela
1591 416 1804 474 modica
1844 415 2012 472 rubea
2039 413 2408 472 Alexandrina
2431 416 2564 482 duo,
2593 425 2789 474 ornata
2835 415 2892 474 in
2931 398 3179 476 circuitu
3209 414 3278 470 de
3321 414 3586 480 staturaei.
3635 415 3710 470 Et
3753 418 3807 471 in

647 515 854 588 gremio
882 513 1141 578 basilicae,
1175 514 1264 569 ubi
1288 528 1474 584 supra,
1508 511 1636 566 fecit
1656 510 1919 565 cortinam
1947 509 2210 579 majorem
2233 509 2301 564 de
2331 507 2556 566 fundato
2581 510 2808 566 miriﬁce
2833 509 3171 576 decoratam,
3193 517 3444 570 ornatam
3477 510 3540 566 in
3569 511 3806 566 circuitu

653 611 718 663 de
745 605 902 680 tyrio,
933 613 989 676 et
1013 604 1065 660 in
1094 603 1272 660 medio
1301 618 1491 662 cruces
1519 603 1586 658 de
1615 602 1774 676 tyrio.

713 698 879 776 419
917 697 1015 766 llic
1040 711 1168 752 vero
1205 695 1456 768 egregius
1489 692 1684 768 praesul
1734 691 1861 746 fecit
1892 693 1943 748 in
1978 692 2132 755 titulo
2167 702 2372 750 sanctae
2401 691 2617 750 Sabina:
2665 694 2924 766 martyris
2961 709 3123 765 super
3149 695 3310 763 altari
3355 707 3555 765 majora
3591 704 3808 753 vesta

644 796 823 868 albam
856 793 1210 858 holosericam
1260 803 1522 860 rosatam,
1554 792 1840 848 habentem
1891 790 1944 845 in
1990 790 2166 848 medio
2198 791 2434 847 tabulam
2466 793 2536 847 de
2576 791 2831 860 stauraci,
2872 807 2994 854 eum
3032 791 3260 851 historia
3289 791 3590 850 Dominis:
3617 809 3812 848 resur-

649 891 932 961 rectionis,
959 889 1094 946 etin
1122 890 1350 946 circuitu
1381 888 1562 943 listam
1587 887 1654 944 de
1679 885 2054 959 chrysoclavo.
2095 885 2220 942 Pari
2251 887 2410 943 modo
2439 887 2578 944 etin
2609 887 2766 949 titulo
2799 898 3000 952 sanetae
3047 888 3312 947 Susanna:
3347 889 3618 960 martyris
3641 903 3812 960 super

641 989 800 1046 altari
849 987 1044 1058 majori
1073 997 1282 1044 vestem
1334 987 1511 1042 albam
1550 985 1678 1042 fecit
1707 983 2064 1040 holosericam
2113 991 2372 1052 rosatam,
2419 985 2708 1042 habentem
2740 985 2793 1042 in
2821 985 3000 1042 medio
3047 986 3288 1046 tabulam
3315 989 3384 1049 de
3415 990 3812 1062 abundare,

571 1084 606 1142 5
644 1101 766 1142 eum
818 1084 1388 1144 historia‘Dominica:
1434 1081 1874 1148 resurrectionis,
1904 1089 1959 1136 et
2006 1081 2059 1136 in
2092 1079 2321 1138 circuitu
2352 1081 2532 1136 listam
2567 1082 2634 1138 de
2667 1083 3042 1154 chrysoclavo.
3072 1083 3226 1142 Fecit
3251 1094 3433 1152 autem
3469 1088 3529 1144 in
3569 1088 3810 1146 basilica

645 1181 818 1250 sancti
848 1179 1111 1251 Stephani
1153 1181 1312 1250 primi
1343 1181 1596 1252 martyris
1619 1179 1671 1236 in
1695 1179 1866 1236 Coelio
1895 1185 2079 1236 monte
2103 1187 2310 1237 vestem
2354 1179 2532 1236 albam
2569 1179 2927 1240 holosericam
2972 1191 3230 1242 rosatam.
3274 1183 3564 1241 habentem
3607 1186 3672 1240 in
3701 1202 3811 1242 Ine-

648 1279 739 1338 dio
765 1279 1002 1338 tabulam
1032 1278 1097 1348 de
1127 1278 1385 1344 stauraei,
1417 1293 1539 1332 cum
1587 1277 1813 1335 historia
1844 1275 2139 1333 Dominica:
2179 1275 2616 1344 resurrectionis,
2657 1285 2714 1334 et
2747 1290 2963 1334 crucem
2994 1278 3060 1334 de
3089 1279 3460 1350 chrysoelavo.
3491 1279 3728 1336 Nectum
3755 1291 3811 1337 et

645 1377 702 1434 in
735 1375 984 1446 diaconia
1011 1377 1157 1436 beati
1183 1376 1400 1447 Georgii
1436 1375 1691 1448 martyris
1713 1389 1876 1448 super
1902 1374 2060 1430 altari
2086 1373 2280 1446 majori
2313 1372 2443 1431 fecit
2465 1382 2670 1431 vestem
2699 1375 2878 1432 albam
2917 1375 3276 1437 holosericam
3298 1365 3560 1443 rosataln,
3589 1378 3812 1434 haben-

647 1482 754 1533 ttuu
777 1475 834 1529 in
859 1474 1038 1530 medio
1063 1471 1303 1538 tabulam
1333 1472 1399 1528 de
1430 1471 1687 1542 stauraci,
1716 1487 1841 1528 cum
1875 1470 2104 1528 historia
2150 1469 2432 1539 Crueiﬁxi,
2459 1479 2709 1530 ornatam
2753 1474 2821 1529 de
2849 1472 3014 1545 tyrio,
3043 1481 3097 1529 et
3127 1487 3280 1530 rosas
3315 1475 3382 1530 de
3411 1475 3812 1547 «τω-βατιακ-

541 1569 609 1626 10
645 1569 762 1642 [pse
790 1586 920 1626 vero
948 1587 978 1634 a
1007 1570 1120 1626 Deo
1146 1577 1424 1642 protectus
1453 1567 1779 1624 venerabilis
1804 1577 1860 1624 et
1897 1567 2194 1640 praeclarus
2224 1567 2467 1640 pontifex
2494 1569 2624 1627 fecit
2653 1571 2706 1626 in
2737 1571 2962 1628 basilica
2990 1581 3190 1628 sancta
3215 1571 3311 1628 Dei
3329 1570 3664 1638 Genitricis,
3691 1583 3818 1642 qu;

643 1667 946 1740 appellatur
974 1665 1044 1724 ad
1086 1664 1358 1736 Praesepe,
1407 1666 1476 1723 ob
1515 1664 1741 1724 nimium
1791 1679 2034 1723 amorem
2082 1664 2254 1735 ipsius
2303 1666 2536 1722 dominae
2580 1675 2796 1732 nostrae,
2829 1668 3063 1739 pharum
3103 1682 3171 1725 ex
3207 1677 3436 1738 argenta
3475 1668 3816 1740 purissimo,

645 1778 768 1820 cum
795 1763 1014 1820 lucerna
1041 1770 1095 1818 et
1121 1770 1379 1832 cet‘capto
1423 1773 1448 1804 α
1485 1776 1605 1828 suo,
1637 1776 1863 1831 pensau.
1905 1761 2067 1819 simul
2095 1761 2266 1818 libras
2290 1764 2649 1836 quadraginta
2678 1773 2734 1820 et
2766 1766 2950 1821 semis.
2983 1765 3052 1820 Et
3071 1766 3178 1822 hoc
3218 1766 3501 1822 constituit
3523 1765 3658 1836 eius
3683 1767 3817 1824 bea-

646 1859 843 1928 titudo,
875 1869 934 1924 ut
963 1859 1368 1930 Dominicorum
1413 1859 1625 1924 diebus,
1660 1859 1740 1914 vel
1792 1859 1846 1918 in
1875 1859 2082 1917 sanctis
2108 1859 2548 1920 solemnitatibus
2579 1903 2594 1928 ,
2639 1861 2793 1930 juxta
2839 1863 3122 1919 lectorium
3169 1864 3517 1928 eonsisteeet,
3545 1869 3612 1918 et
3637 1862 3716 1918 ad
3739 1861 3819 1923 h-

642 1958 878 2031 gendum
900 1972 1088 2014 sacras
1113 1956 1377 2014 lectiones
1403 1954 1624 2014 luminis
1653 1956 1940 2028 splendore
1967 1957 2216 2030 fulgeret.
2246 1959 2315 2014 Et
2341 1959 2395 2013 in
2423 1960 2652 2017 ecclesia
2687 1961 2832 2016 beati
2863 1960 3018 2030 Petri
3051 1962 3280 2034 apostoli
3319 1961 3441 2032 pari
3485 1961 3664 2017 modo
3687 1959 3816 2021 fed

535 2053 607 2113 15
640 2057 871 2126 pharum
897 2070 962 2112 ex
979 2062 1204 2126 argento
1218 2054 1510 2125 purissimo
1528 2055 1806 2120 deaurato,
1827 2054 1976 2110 mira:
2005 2055 2421 2126 pulchritudinis
2442 2058 2773 2122 decoratum,
2803 2073 2928 2114 cum
2949 2059 3192 2126 lucerna,
3215 2067 3268 2116 et
3287 2068 3549 2130 cereapto
3572 2043 3815 2130 910,qu

639 2169 791 2226 pens.
807 2153 969 2210 simul
993 2153 1159 2208 libras
1181 2151 1473 2223 nonaginta
1501 2159 1557 2206 et
1579 2152 1765 2208 semis.
1785 2151 2100 2218 Enimvero,
2125 2152 2218 2210 ubi
2249 2169 2434 2224 supra,
2464 2155 2530 2210 ad
2561 2155 2779 2210 beatum
2811 2155 3031 2210 Petrum
3061 2155 3363 2228 apostolum
3385 2154 3492 2210 sub
3519 2155 3648 2225 ipsa
3676 2155 3813 2209 ima-

641 2252 763 2324 gine
779 2249 1079 2308 Salvatoris
1099 2249 1312 2306 Domini
1337 2248 1509 2304 nostri
1535 2248 1662 2304 Jesu
1675 2247 1875 2305 Christi
1893 2249 2139 2306 cruciﬁxi
2158 2249 2215 2305 in
2228 2251 2390 2307 modo
2406 2250 2809 2308 fecitcoronam
2833 2267 2897 2308 ex
2930 2263 3156 2324 argento
3179 2251 3501 2324 purissimo,
3528 2259 3592 2306 et
3611 2251 3812 2308 ibide-

637 2347 707 2403 ob
737 2347 908 2418 ipsius
938 2347 1149 2403 Domini
1181 2347 1352 2403 nostri
1393 2347 1520 2403 Jesu
1550 2346 1752 2404 Christi
1785 2363 2047 2411 amorem.
2079 2363 2179 2421 pro
2221 2349 2632 2406 luminariorum
2665 2350 2950 2420 splendore
2977 2351 3175 2423 posuit,
3206 2364 3440 2424 pensan.
3468 2347 3718 2422 libras...

711 2442 874 2517 520
908 2443 1141 2501 Basilica
1167 2459 1296 2500 vero
1324 2443 1466 2500 beati
1496 2443 1825 2514 Apollinaris
1850 2445 2106 2516 martyris
2144 2454 2308 2516 atque
2351 2445 2627 2516 pontiﬁcis
2649 2487 2664 2511 ,
2691 2462 2812 2518 qua:
2843 2446 3060 2518 fundata
3091 2455 3174 2502 est
3195 2446 3356 2517 juxta
3382 2447 3682 2503 civitatem
3706 2445 3813 2503 Ra-

638 2557 893 2609 vennam,
923 2541 1078 2613 cujus
1108 2542 1287 2599 trabes
1318 2557 1425 2613 prae
1451 2543 1618 2599 nimia
1652 2552 1921 2600 vetustate
1951 2544 2019 2600 de
2065 2558 2331 2600 annorum
2377 2545 2685 2611 curriculis,
2718 2555 2774 2600 et
2801 2544 3020 2601 olitanis
3052 2545 3390 2615 temporibus
3435 2544 3611 2600 nimis
3638 2559 3812 2600 W

633 2653 880 2708 cuerant,
907 2644 1130 2714 jamque
1156 2657 1295 2713 pene
1331 2643 1552 2698 ruiturae
1581 2643 1635 2698 in
1667 2651 1909 2715 tempore
1935 2644 2027 2700 illo
2053 2652 2235 2710 erant,
2265 2644 2436 2702 isdem
2469 2643 2796 2700 venerabilis
2820 2643 3002 2710 Pater,
3031 2643 3289 2714 divinitus
3311 2642 3648 2716 inspiratus,
3672 2641 3812 2697 misit

638 2739 785 2808 illuc,
816 2753 872 2798 et
922 2757 1018 2814 per
1063 2740 1474 2797 solertissimam
1518 2755 1581 2796 ac
1608 2742 1888 2811 providam
1937 2759 2123 2798 curam
2156 2759 2311 2800 suam
2357 2742 2537 2798 omnia
2590 2750 2736 2797 sarta
2769 2750 2916 2796 tecta
2965 2739 3135 2811 ipsius
3177 2739 3431 2796 ecclesiae
3480 2739 3650 2796 simul
3688 2755 3809 2796 cm

564 2834 600 2890 Ei
635 2836 1061 2908 quatlriporticis
1087 2836 1201 2892 suis
1233 2836 1450 2906 noviter
1480 2850 1544 2892 ac
1588 2837 1814 2892 ﬁrmiter
1847 2839 2195 2906 restauravit,
2225 2848 2279 2894 et
2310 2839 2362 2894 in
2408 2837 2687 2894 meliorem
2734 2837 2948 2893 reduxit
2977 2819 3204 2892 statum.
3243 2835 3427 2910 Super
3471 2837 3653 2895 altare
3689 2851 3810 2895 rm

630 2932 801 3006 ipsius
833 2949 1006 2988 sacra:
1030 2931 1272 2988 basilicae
1299 2933 1369 2988 ob
1401 2933 1662 2990 honorem
1687 2933 2075 3006 omnipotentis
2109 2936 2225 3001 Dei,
2248 2944 2304 2990 et
2329 2935 2473 2990 beati
2499 2933 2646 2990 Petri
2670 2933 2921 3004 apostoli,
2949 2934 3017 2988 de
3041 2931 3200 3002 cujus
3221 2932 3384 2991 donis
3411 2946 3486 2986 ac
3511 2932 3664 2992 datis
3684 2930 3812 2990 fecit

639 3039 844 3086 vestem
875 3030 1106 3086 sericam
1138 3039 1401 3098 rosatam,
1452 3031 1739 3086 habentem
1784 3032 1836 3088 in
1869 3033 2046 3091 medio
2073 3047 2290 3090 crucem
2319 3033 2384 3089 de
2411 3031 2766 3103 chrysoelavo
2791 3046 2916 3087 cum
2942 3029 3200 3089 orbiculis
3225 3071 3243 3100 ,
3276 3041 3336 3088 et
3374 3041 3534 3088 rotas
3579 3030 3806 3094 set-iens,

638 3125 901 3189 habentes
933 3126 1193 3186 historias
1222 3127 1686 3192 Annuntiationis,
1715 3142 1811 3182 seu
1857 3127 2050 3182 natalis
2087 3125 2298 3184 Domini
2344 3127 2515 3184 nostri
2545 3125 2673 3183 Jesu
2703 3127 2929 3192 Christi,
2965 3135 3130 3196 atque
3165 3125 3491 3186 Passionem
3523 3136 3578 3184 et
3605 3126 3808 3181 Remur-

635 3222 956 3290 rectionem,
988 3241 1197 3298 necnon
1223 3235 1280 3296 _et_
1315 3225 1368 3287 in
1399 3224 1552 3282 ctelis
1581 3222 1994 3286 Ascensionem.
2026 3233 2192 3293 atque
2231 3221 2614 3290 Pentecosten,
2642 3230 2867 3279 ornatas
2895 3223 2951 3286 in
2981 3221 3216 3284 circuitu
3247 3222 3416 3286 simili
3448 3225 3634 3289 modo,
3661 3224 3810 3278 sicut

531 3317 602 3376 l0
637 3328 694 3376 et
720 3331 925 3376 vestem
957 3322 1026 3376 de
1053 3319 1428 3392 chryspelavo.
1479 3317 1583 3375 Sed
1609 3325 1664 3372 et
1685 3317 1985 3373 canistrum
2015 3333 2082 3374 ex
2111 3329 2338 3390 argento
2371 3319 2667 3390 purissimo
2709 3319 2842 3374 inibi
2871 3317 3024 3385 fecit,
3059 3333 3185 3374 cum
3215 3320 3485 3376 eatentdis
3503 3321 3632 3382 suis,
3654 3321 3797 3389 peni

636 3431 754 3480 san.
785 3418 951 3479 libras
977 3417 1306 3490 quindecim.
1350 3417 1696 3489 Episcopium
1727 3431 1855 3472 vero
1879 3416 2210 3482 Albanense,
2239 3417 2400 3474 simul
2441 3432 2564 3474 cum
2587 3416 2842 3482 ecclesia,
2867 3432 2988 3487 quae
3019 3416 3070 3470 in
3099 3415 3326 3472 nomine
3353 3414 3486 3471 beati
3511 3413 3792 3469 Pancratii

640 3513 858 3568 fmnlata
890 3523 974 3567 est
999 3554 1014 3578 ,
1043 3527 1143 3584 per
1183 3514 1472 3583 quamdam
1512 3512 1896 3584 negligentiam
1940 3513 2025 3569 vel
2067 3513 2358 3577 incuriam,
2407 3529 2504 3583 per
2543 3513 2936 3570 submissioues
2984 3511 3305 3578 diabolicas,
3341 3520 3464 3582 post
3499 3509 3803 3565 matutinas

637 3609 825 3666 laudes
855 3617 1070 3676 exusta,
1102 3626 1132 3666 a
1162 3609 1528 3669 fundamentis
1557 3623 1731 3678 usque
1757 3609 1826 3662 ad
1851 3623 2124 3666 sununum
2167 3617 2376 3666 tectum
2400 3610 2746 3666 combustum
2774 3616 2880 3664 est.
2915 3607 3022 3663 Sed
3049 3604 3515 3664 clementissimus
3545 3613 3604 3663 et
3629 3603 3804 3659 soler-

639 3705 890 3763 tissimus
913 3707 1182 3778 pontifex,
1214 3707 1325 3762 Deo
1361 3707 1638 3778 aspirante
1665 3720 1728 3761 ex
1765 3706 1938 3762 sancti
1961 3705 2200 3778 Spiritus
2243 3706 2628 3774 illustratione,
2655 3707 2871 3762 ﬁrrnum
2902 3705 3114 3777 jaeiens
3153 3703 3573 3759 fundamentum
3606 3702 3807 3757 mirum

530 3800 601 3858 15
637 3804 692 3860 in
715 3804 936 3862 modum
958 3803 1072 3876 jam
1101 3803 1383 3876 praefatam
1413 3803 1706 3860 ecclesiam
1737 3803 1950 3861 noviter
1975 3803 2323 3870 restauravit,
2354 3811 2411 3860 et
2438 3803 2598 3860 simul
2623 3818 2745 3860 cum
2775 3803 2938 3859 sartis
2967 3798 3278 3866 teetis,Deo
3303 3800 3557 3870 juvante,
3589 3797 3658 3852 ad
3687 3810 3804 3852 roe-

635 3901 825 3958 liorem
857 3901 1081 3957 deduxit
1108 3909 1327 3957 statum.

681 3998 866 4073 1.2],
907 3999 976 4055 Et
1013 4008 1074 4054 ut
1105 4013 1269 4058 verus
1311 4009 1522 4056 amator
1550 4000 1643 4056 Dei
1672 4008 1726 4056 et
1754 4001 1932 4055 cultor
1957 3993 2270 4055 sanctarum
2312 4000 2407 4055 Dei
2435 4001 2788 4056 ecclesiarum
2839 3999 2966 4056 fecit
3013 4015 3175 4071 super
3206 3996 3368 4054 altari
3409 3993 3616 4063 majori
3665 4009 3805 4066 pne-

641 4097 800 4154 dietze
822 4096 1068 4154 ecclesiae
1091 4106 1269 4154 vestes
1297 4097 1447 4160 duas,
1477 4112 1544 4154 ex
1574 4098 1770 4168 quibus
1797 4114 1960 4154 unam
2005 4113 2126 4153 cum
2158 4099 2294 4153 rotis
2343 4099 2662 4169 majoribus,
2697 4098 2984 4154 habentem
3033 4097 3288 4170 gryphas,
3322 4103 3584 4148 ornatam
3614 4093 3670 4146 in
3696 4094 3808 4148 circ

635 4196 787 4252 cuitu
811 4195 879 4250 de
909 4195 1152 4260 fundato,
1189 4203 1244 4248 et
1277 4195 1523 4250 tetravila
1554 4196 1728 4251 serica
1771 4195 2013 4268 alitbyna
2058 4207 2254 4250 ornata
2283 4195 2350 4250 de
2381 4197 2520 4266 tyrio
2547 4195 2752 4265 optimo
2798 4195 2850 4249 in
2887 4194 3117 4249 circuitu
3150 4191 3391 4262 ejusdem
3441 4193 3643 4250 altaris
3682 4192 3808 4249 fecit

642 4304 872 4344 numero
893 4298 1142 4360 quatuor.
1175 4291 1540 4346 Vcrumctiam
1563 4302 1616 4346 ct
1645 4293 1696 4346 in
1721 4294 1949 4348 ecclesia
1981 4292 2126 4348 beati
2167 4291 2317 4347 Petri
2359 4290 2608 4362 apostoli,
2644 4291 2733 4344 ubi
2762 4306 2923 4362 supra
2948 4331 2964 4360 ,
2993 4290 3123 4346 fecit
3153 4296 3360 4344 vestem
3403 4298 3681 4358 rosatam,
3711 4289 3807 4344 ba-

571 4389 605 4444 5
641 4388 860 4443 bentem
897 4385 1180 4441 historiam
1211 4387 1426 4442 Domini
1454 4389 1620 4444 nostri
1650 4387 1774 4442 .lcsu
1808 4389 2033 4451 Christi,
2061 4389 2278 4458 quando
2309 4389 2551 4444 extendit
2595 4403 2786 4443 manus
2828 4395 2884 4443 et
2927 4365 3284 4460 apprehendit
3327 4385 3556 4443 beatum
3585 4387 3806 4444 Petrum

643 4483 945 4558 apostolum
969 4485 1036 4540 de
1059 4482 1308 4540 ﬂuctibus
1339 4485 1521 4540 maris.
1551 4485 1722 4540 Isdem
1751 4485 2097 4544 beatissimus
2117 4503 2249 4544 vero
2279 4497 2334 4544 et
2355 4488 2652 4558 praeclarus
2678 4487 2920 4558 pontifex
2965 4487 3094 4544 fecit
3121 4486 3175 4541 in
3206 4485 3440 4540 basilica
3473 4487 3661 4541 sancti
3705 4483 3806 4556 Cy-

635 4583 770 4641 riaei
803 4593 1007 4640 vestem
1037 4581 1214 4637 albam
1247 4581 1607 4637 holosericam
1633 4584 1918 4639 habentem
1950 4585 2001 4638 in
2032 4601 2165 4656 gyro
2190 4583 2483 4656 perielysin
2517 4585 2584 4639 de
2615 4582 2858 4650 fundato,
2891 4592 2946 4639 et
2975 4581 3029 4641 in
3065 4582 3242 4638 medio
3278 4582 3578 4646 historiam
3609 4584 3805 4640 Resur-

638 4683 922 4750 reetionis;
957 4690 1011 4738 et
1041 4681 1094 4736 in
1139 4681 1370 4737 circuitu
1417 4681 1602 4736 altaris
1643 4682 1888 4737 tetravila
1933 4683 2077 4749 alba,
2127 4682 2419 4740 habentem
2449 4681 2736 4753 periclysin
2779 4681 2844 4736 de
2874 4681 3036 4756 tyrio.
3083 4679 3236 4736 Fecit
3260 4687 3445 4738 autem
3474 4689 3534 4736 et
3564 4679 3625 4740 in
3653 4678 3804 4742 titulo

638 4782 811 4838 sancti
837 4777 1028 4836 Vitalis
1053 4789 1260 4834 vestem
1291 4778 1468 4835 albam
1495 4778 1851 4835 holosericam
1879 4780 2167 4836 habentem
2194 4779 2484 4852 periclysin
2513 4779 2580 4834 de
2623 4777 2868 4844 fundato,
2893 4785 2950 4844 et
2985 4777 3038 4839 in
3071 4777 3250 4835 medio
3275 4775 3574 4837 historiam
3603 4775 3800 4842 Resu-

455 4883 460 4888 ’
547 4877 606 4946 ,θ
639 4878 929 4944 motionis;
959 4891 1168 4934 necnon
1195 4876 1322 4930 etin
1353 4876 1598 4930 diaconia
1642 4878 1814 4931 sancti
1843 4874 2166 4947 Archangcli
2211 4875 2390 4946 posuit
2436 4885 2640 4942 vestem
2685 4874 2864 4938 albam
2897 4873 3282 4940 holosericam,
3314 4873 3622 4936 habentem
3665 4872 3803 4948 peri-

638 4975 808 5051 clysiu
841 4975 906 5030 de
938 4977 1100 5048 tyrio,
1133 4985 1188 5032 et
1216 4977 1266 5031 in
1302 4977 1477 5032 medio
1523 4977 1807 5032 historiam
1839 4977 2205 5034 Aseensionis.
2239 4977 2370 5032 Item
2415 4977 2592 5048 ipsum
2633 4991 2797 5046 super
2833 4976 3008 5032 altare
3033 4976 3213 5036 sancti
3248 4973 3526 5048 Ahbaeyri
3559 4977 3800 5038 similem

635 5082 844 5130 vestem
891 5072 1107 5128 obtulit.
1156 5072 1324 5128 Porro
1371 5073 1422 5128 in
1468 5073 1716 5130 diaconia
1767 5084 1969 5130 sancta:
2005 5073 2228 5144 Agathe:
2276 5073 2533 5145 martyris
2567 5071 2695 5130 fecit
2739 5073 2857 5142 ipse
2901 5073 3276 5130 sanctissimus
3305 5071 3557 5141 pontifex
3590 5081 3800 5130 vestem

642 5170 821 5228 albam
851 5171 1210 5228 holosericam
1260 5171 1546 5226 habentem
1593 5171 1645 5227 in
1679 5187 1812 5243 gyro
1841 5172 1908 5229 de
1941 5172 2102 5243 tyrio,
2133 5180 2189 5226 et
2217 5173 2268 5236 in
2299 5171 2476 5229 medio
2517 5171 2802 5234 historiam
2844 5169 3302 5234 Besurreetiouis.
3334 5167 3721 5226 Verumetiam
3749 5175 3806 5222 et

642 5268 697 5329 in
727 5268 884 5326 titulo
909 5268 1242 5330 Pammachii
1272 5286 1436 5341 super
1463 5269 1635 5324 altare
1661 5278 1970 5330 sanctorum
1999 5269 2224 5329 Joannis
2253 5278 2308 5326 et
2340 5269 2490 5329 Pauli
2532 5269 2662 5326 fecit
2685 5277 2892 5328 vestem
2921 5267 3100 5324 albam
3131 5265 3513 5330 holosericam.
3543 5275 3802 5326 ornatam

533 5365 604 5427 15
640 5366 694 5426 in
739 5383 872 5440 gyro
899 5369 968 5425 de
997 5368 1238 5433 ﬁmdato,
1279 5367 1568 5424 habentem
1598 5368 1881 5424 historiam
1922 5367 2202 5434 Cruciﬁxi,
2245 5366 2598 5424 Ascensionis
2641 5374 2696 5422 et
2733 5366 3100 5423 Pentecostes.
3133 5364 3348 5420 Pariter
3373 5377 3431 5420 et
3469 5364 3526 5420 in
3565 5363 3801 5420 ecclesia

647 5465 790 5522 beati
821 5464 1118 5523 Clementis
1147 5465 1405 5536 martyris
1431 5472 1594 5534 atque
1621 5464 1895 5536 pontiﬁcis
1921 5463 2052 5519 fecit
2079 5472 2284 5520 vestem
2317 5463 2494 5520 albam
2518 5478 2642 5520 eum
2671 5461 3025 5535 chrysoclavo
3055 5462 3344 5528 habentem
3371 5459 3664 5516 historiam
3693 5457 3808 5514 Rc-

641 5563 1018 5629 sorreetionis,
1049 5579 1141 5620 seu
1173 5562 1552 5629 Ascensionis,
1577 5577 1786 5618 necnon
1817 5570 1872 5617 et
1898 5561 2277 5618 Pentecosteu.

1623 5700 1893 5745 NOTULIE
1929 5698 2330 5744 MADGINALES
2353 5696 2669 5744 FABBOTTI

636 5754 679 5808 Β
692 5793 706 5819 ,
749 5766 988 5826 eerapto.
