4026 6326
560 368 705 427 £259
1730 366 2096 429 ANASTASII
2137 364 2679 425 BIBLIO'I'HECARII
3711 366 3861 422 1260

1143 554 3843 579 Μ

1826 666 1908 743 C.
1999 664 2585 744 PASCHALIS.

1370 813 1508 855 anno
1545 813 1756 856 cunts'rt
1797 798 1921 865 8l7,
1964 814 2211 855 woovrcr
2251 811 2362 853 tur.
2401 796 2457 863 4,
2499 813 2684 854 Lsoms
2720 813 2942 853 Mill-3M1
2977 797 3031 852 ι.

786 1072 956 1147 ωο
985 1067 1292 1137 Paschalis,
1323 1070 1542 1128 natione
1569 1070 1873 1137 Romanus,
1909 1086 1973 1126 ex
2016 1080 2171 1141 patre
2216 1069 2444 1131 Bonoso,
2490 1070 2631 1125 sedit
2673 1085 2843 1123 annos
2889 1077 3115 1141 septem,
3150 1082 3366 1124 menses
3390 1083 3655 1140 quinque
3677 1082 3727 1140 ⁸,
3758 1070 3871 1129 dies

713 1170 986 1226 sexdecim
1025 1169 1076 1222 δ.
1130 1165 1232 1235 Qui
1281 1182 1313 1220 a
1354 1167 1613 1237 primmvo
1650 1167 1825 1222 :rtatis
1865 1182 1977 1221 snzc
2025 1166 2209 1219 divino
2252 1164 2416 1219 cultui
2464 1165 2823 1234 mancipatus,
2878 1174 3041 1234 atque
3094 1165 3146 1218 in
3200 1173 3579 1220 sacrosancta:
3633 1167 3874 1225 cedes:

716 1265 1055 1337 patriarchio
1082 1264 1275 1319 studiis
1303 1263 1497 1317 divinm
1522 1261 1925 1331 salutifer-mque
1954 1260 2249 1329 Scriptura:
2269 1259 2529 1324 imbutus,
2564 1269 2672 1312 tam
2704 1259 2754 1313 in
2789 1258 3045 1328 psalterio
3074 1274 3343 1328 quamque
3370 1262 3423 1314 in
3456 1264 3648 1317 sacris
3672 1265 3873 1333 paginis

719 1360 852 1415 Novi
884 1374 949 1414 ac
972 1357 1184 1414 Veteris
1216 1355 1547 1412 Testamenti
1578 1355 1886 1425 specialiter
1915 1353 2183 1416 eruditus,
2206 1352 2442 1421 elegans,
2477 1359 2641 1421 atque
2665 1351 2716 1404 in
2746 1350 2891 1404 omni
2916 1351 3158 1406 bonitate
3179 1352 3479 1420 perfectus,
3505 1353 3874 1411 subdiacoum

645 1458 679 1512 5
717 1455 935 1528 quidem
964 1454 1160 1520 factus,
1189 1462 1242 1509 et
1274 1453 1619 1524 postmodum
1651 1452 1912 1508 diaconus
1959 1461 2122 1520 atque
2154 1449 2438 1520 presbyter
2482 1446 2779 1503 honorifice
2824 1458 3173 1503 consecratus
3225 1459 3328 1503 est.
3379 1451 3525 1505 Erat
3577 1460 3767 1505 autem
3795 1455 3877 1506 vir

716 1555 957 1609 sanctus,
984 1552 1194 1607 castus,
1225 1545 1366 1614 pius,
1413 1543 1694 1607 innocens,
1729 1540 2124 1611 magnanimus,
2176 1538 2386 1609 loquela
2432 1537 2682 1599 devotus,
2723 1539 2980 1607 pudicitia
3026 1540 3245 1608 plenus,
3294 1549 3351 1595 et
3395 1541 3575 1596 nimis
3633 1543 3876 1599 hilariter

717 1643 1060 1711 iucundeque
1087 1642 1140 1694 in
1165 1638 1525 1710 eleemosynis
1551 1652 1848 1708 pauperum
1876 1644 2081 1692 cuncta
2117 1651 2238 1706 qum
2267 1634 2497 1689 habebat
2542 1642 2844 1704 opportune
2888 1635 3239 1689 distribuens.
3282 1636 3345 1689 In
3397 1638 3709 1708 colloquiis
3752 1658 3879 1712 ergo

723 1734 922 1791 divinis
954 1732 1295 1802 frequentius
1316 1744 1439 1786 cum
1469 1731 1742 1802 religiosis
1771 1745 1834 1785 ac
1865 1728 2068 1784 sanctis
2107 1726 2391 1781 monachis
2417 1725 2600 1781 sedula
2632 1726 3013 1781 observatione
3042 1728 3130 1780 die
3158 1736 3431 1797 noctuque
3463 1730 3799 1797 insistebat,
3828 1743 3879 1787 et

725 1830 780 1884 in
802 1828 1144 1883 orationibus
1164 1842 1229 1881 ac
1261 1826 1481 1897 vigiliis,
1505 1824 1944 1897 quotidianisque
1961 1822 2184 1893 jejuniis
2213 1821 2489 1876 humiliter
2532 1830 2695 1889 atque
2732 1821 2959 1876 honeste
3001 1822 3236 1889 vigebat.
3277 1823 3458 1889 Quem
3503 1825 3642 1879 dum
3674 1829 3875 1895 preac-

616 1920 687 1977 l8
722 1934 909 1977 cessor
945 1918 1063 1989 ejus
1105 1918 1339 1973 domnus
1366 1916 1489 1972 Leo.
1510 1925 1594 1972 ter
1616 1915 1961 1971 beatissimus
1991 1926 2128 1983 papa
2166 1911 2333 1966 tantis
2372 1911 2567 1965 studiis
2599 1911 2907 1982 pervigilem
2935 1923 2992 1967 et
3022 1912 3293 1983 religionis
3337 1914 3613 1969 devotum
3654 1933 3873 1988 conspe-

720 2016 913 2077 xisset,
962 2023 1091 2068 tunc
1134 2013 1188 2068 ei
1234 2012 1627 2068 monasterium
1671 2010 1814 2065 beati
1864 2008 2125 2080 Stephani
2168 2007 2331 2079 primi
2376 2008 2650 2078 martyris,
2695 2006 2851 2076 juxta
2893 2008 3172 2063 basilicam
3223 2007 3371 2064 beati
3412 2009 3574 2066 Petri
3622 2015 3878 2084 principis

721 2108 1124 2181 apostolorum,
1154 2107 1222 2162 ad
1265 2106 1559 2178 regendum
1588 2105 1881 2161 commisit.
1924 2105 2063 2173 Quia
2110 2091 2372 2175 scriptum
2417 2112 2539 2158 est:
2572 2101 2742 2158 Nemo
2775 2104 3042 2158 lucernam
3083 2107 3353 2172 accendit,
3389 2117 3447 2160 et
3486 2109 3543 2163 in
3578 2111 3877 2164 abscondito

728 2203 894 2274 ponit,
927 2216 1090 2272 neque
1108 2199 1205 2253 sub
1223 2196 1535 2263 modio,sed
1554 2212 1711 2266 super
1734 2194 2131 2259 candelabrum,
2157 2195 2326 2265 utqui
2381 2193 2750 2262 ingrediuntur
2791 2192 2966 2248 lumen
3005 2194 3210 2249 rideant
3234 2206 3283 2246 ε.
3318 2195 3532 2263 Unum,
3565 2201 3667 2269 qui
3699 2202 3882 2255 suirut

720 2298 850 2353 vita:
873 2294 1031 2364 huius
1059 2292 1376 2363 temporalis
1412 2291 1562 2347 lucra
1591 2305 1689 2361 pro
1717 2299 1921 2346 aeterna
1967 2288 2150 2345 sobrie
2180 2298 2344 2359 atque
2375 2289 2580 2344 utiliter
2608 2289 2936 2344 moderando
2961 2292 3233 2355 correxit,
3273 2301 3331 2346 et
3375 2296 3708 2363 exemplum
3754 2296 3881 2349 bene

623 2392 691 2448 l5
733 2391 943 2447 vivendi
971 2390 1024 2444 in
1051 2388 1302 2453 subditis,
1332 2396 1387 2442 ct
1414 2387 1812 2441 correctionem
1843 2386 2063 2456 pietatis
2091 2384 2395 2453 religiosius
2424 2384 2731 2438 exornavit.
2772 2383 2875 2450 Qui
2906 2385 3069 2439 etiam
3112 2386 3343 2456 gratiam
3385 2386 3793 2459 hospitalitatis
3830 2390 3878 2442 in

737 2482 1038 2554 peregrinis
1066 2489 1121 2535 et
1151 2480 1378 2545 claudis,
1411 2482 1504 2551 qui
1546 2481 1617 2536 ob
1668 2496 1906 2536 amorem
1951 2481 2093 2535 beati
2144 2479 2289 2535 Petri
2335 2479 2561 2549 apostoli
2611 2480 2678 2534 de
2722 2478 3030 2550 longinquis
3077 2482 3386 2551 regionibus
3432 2485 3507 2537 ad
3553 2485 3676 2553 ejus
3705 2485 3879 2537 limina

731 2579 1114 2641 occurrebant,
1132 2575 1337 2630 utiliter
1363 2591 1677 2647 prmparans
1701 2578 2004 2631 necessaria
2036 2576 2577 2641 subministrabat,et
2599 2575 2809 2631 occulte
2838 2577 3035 2646 quibus
3060 2578 3289 2646 egebant
3318 2578 3584 2633 hilariter
3608 2581 3876 2651 erogabat.

737 2668 805 2723 Et
834 2683 1050 2738 semper
1073 2669 1314 2738 quotidie
1341 2671 1393 2724 in
1421 2671 1515 2725 Dei
1538 2672 1862 2742 Operationc
1887 2671 2187 2736 crescebat,
2217 2686 2497 2741 usqucqno
2522 2673 2885 2743 praedecessor
2911 2670 3027 2739 ejus
3048 2673 3276 2725 donmus
3307 2672 3639 2742 Stephanus
3670 2691 3802 2745 papa
3821 2677 3880 2728 de

733 2766 837 2821 hac
867 2764 983 2819 luce
1010 2765 1076 2819 ad
1106 2775 1367 2822 teteruam
1400 2768 1792 2823 beatitudinem
1826 2769 2134 2840 migrasset.
2165 2768 2300 2823 Dum
2327 2784 2455 2839 ergo
2480 2784 2575 2839 per
2607 2779 2752 2823 tanta
2780 2769 2934 2839 home
2957 2769 3288 2839 Operationis
3309 2768 3574 2837 exempla
3600 2770 3878 2840 praecipue,

623 2861 695 2918 20
731 2862 913 2932 longe,
944 2861 1155 2931 lateque
1186 2861 1326 2914 fama
1359 2863 1712 2928 discurreret,
1745 2871 1800 2917 et
1823 2865 2173 2933 omnipotens
2201 2863 2340 2919 Deus
2368 2864 2607 2933 regimen
2638 2863 2892 2919 Ecclesim
2917 2881 3027 2918 suae
3057 2865 3158 2919 sub
3180 2865 3281 2934 pia:
3309 2865 3741 2934 gubernationis
3760 2881 3882 2918 cura

736 2969 1001 3013 annneret
1027 2968 1151 3030 apte
1187 2959 1572 3029 moderateque
1620 2961 1932 3029 disponere,
1980 2978 2083 3015 una
2118 2961 2430 3026 concordia,
2460 2978 2565 3015 una
2609 2962 2907 3031 eademque
2936 2961 3231 3024 voluntate,
3263 2961 3455 3014 divino
3487 2962 3885 3015 interveniente

734 3053 1010 3121 consultu,
1040 3069 1071 3109 a
1095 3054 1305 3109 cunctis
1335 3055 1710 3109 sacerdotibus
1734 3071 1826 3109 seu
1854 3056 2190 3125 proceribus,
2235 3064 2395 3126 atque
2420 3057 2565 3109 omni
2596 3056 2742 3111 clero
2782 3072 2988 3111 necnon
3037 3066 3093 3110 et
3135 3057 3525 3125 optimatibus,
3562 3058 3649 3111 vel
3692 3066 3887 3112 cuncto

749 3151 947 3223 populo
975 3149 1220 3205 Romano
1250 3150 1319 3203 ad
1363 3148 1575 3203 laudem
1602 3158 1657 3202 et
1693 3148 1921 3219 gloriam
1961 3151 2348 3219 omnipotentis
2390 3150 2483 3204 Dei
2532 3150 2582 3203 in
2611 3151 2793 3205 sedem
2825 3151 3173 3220 apostolicam
3204 3150 3446 3222 pontifex
3492 3152 3743 3208 elevatus
3785 3164 3885 3207 est.

741 3242 873 3297 Erat
901 3241 1045 3297 enim
1073 3241 1294 3296 Patrum
1327 3248 1742 3311 praeceptorum,
1772 3255 1868 3295 seu
1910 3241 2282 3295 institutorum
2312 3241 2627 3310 pontiﬁcum
2655 3251 2819 3311 atque
2847 3257 3140 3306 canonum,
3178 3257 3390 3297 necnon
3419 3243 3601 3314 legum
3645 3246 3890 3298 sanctio-

632 3338 707 3394 25
742 3353 981 3410 numque
1006 3336 1423 3395 decentissimus
1448 3335 1785 3401 observator,
1815 3345 1869 3390 ct
1898 3336 2093 3406 cuique
2121 3335 2347 3404 justitia:
2375 3352 2581 3392 norma:
2611 3356 2640 3391 a
2674 3347 2916 3407 tempore
2953 3339 3318 3393 ordinationis
3354 3355 3468 3394 suae
3503 3340 3890 3393 "utilissimus

741 3434 1144 3507 promnlgator;
1177 3433 1362 3488 tardus
1388 3433 1455 3489 ad
1486 3432 1851 3499 irascendum,
1875 3442 1927 3486 et
1962 3434 2114 3489 velox
2141 3434 2207 3487 ad
2239 3434 2625 3489 miserandum.
2659 3434 2871 3490 Nullqu
2897 3437 3097 3491 malum
3129 3436 3227 3509 pio
3256 3437 3393 3493 malo
3416 3438 3660 3501 reddens,
3686 3453 3889 3507 neque

740 3532 1034 3587 vindictam
1062 3529 1358 3586 secundum
1388 3527 1702 3599 cujusquam
1732 3529 2083 3583 commissum
2127 3529 2390 3595 tribuens,
2420 3529 2514 3584 sed
2544 3545 2761 3599 semper
2802 3532 3116 3587 misericors
3159 3532 3247 3601 pia
3300 3533 3577 3588 dilectione
3618 3534 3893 3589 munibus

742 3627 975 3691 civibus,
1005 3633 1062 3679 et
1083 3640 1114 3680 a
1143 3625 1254 3681 Deo
1286 3624 1579 3679 commisso
1605 3624 1804 3694 populo
1833 3623 2078 3678 Romano
2104 3634 2317 3678 amator
2344 3633 2398 3678 et
2419 3626 2749 3696 gubernator
2777 3625 3063 3680 existebat.
3116 3626 3366 3681 Omnium
3397 3626 3597 3681 ctenim
3622 3628 3893 3681 ecclesia-

744 3738 864 3777 rum
889 3721 984 3777 Dei
1012 3736 1137 3777 cum
1173 3736 1386 3776 summo
1416 3720 1596 3774 studio
1621 3729 1782 3790 atque
1814 3735 2023 3774 summa
2076 3719 2411 3789 providentia
2454 3735 2552 3789 pro
2595 3720 2752 3775 solita
2788 3720 3066 3791 religionis
3104 3737 3233 3775 cura
3279 3722 3477 3785 cultor,
3521 3732 3891 3787 restaurator,

635 3821 708 3877 5⁸)
742 3827 908 3889 atque
930 3817 984 3873 in
1005 3802 1259 3873 omnibus
1288 3816 1670 3872 devotissimus
1688 3825 1982 3870 exornator
2010 3815 2128 3870 l‘nit.

819 3910 981 3984 431
1025 3908 1124 3964 llic
1151 3909 1498 3965 beatissimus
1535 3908 1730 3979 praesul
1762 3908 1931 3961 multa
1960 3922 2187 3977 corpora
2212 3916 2524 3962 sanctorum
2551 3923 2853 3976 requirens,
2878 3908 3104 3962 invenit.
3133 3907 3265 3973 Qua:
3307 3918 3361 3963 et
3388 3907 3712 3978 diligentius
3748 3911 3891 3966 inua

743 4007 1020 4066 civitatem
1046 4004 1114 4060 ad
1157 4005 1416 4061 honorem
1449 4012 1503 4058 et
1530 4003 1756 4075 gloriam
1804 4004 1897 4058 Dei
1940 4003 2167 4057 honeste
2206 4002 2520 4058 recondidit.
2554 4002 2757 4074 Rogant
2788 4003 2950 4056 etiam
2978 4003 3125 4056 omni
3152 4002 3298 4057 clero
3328 4018 3428 4057 suo
3458 4003 3512 4056 in
3548 4005 3892 4075 presbyterio

744 4108 993 4180 profecto
1019 4101 1391 4171 multipliciter
1415 4100 1715 4170 ampliavit,
1745 4107 1801 4153 et
1826 4113 2045 4154 omnem
2092 4099 2408 4152 thesaurum
2454 4098 2509 4152 in
2542 4098 2784 4152 sacrario
2810 4097 3018 4153 caelesti
3048 4096 3370 4161 recondidit,
3398 4098 3639 4152 maxime
3664 4111 3892 4170 propter

745 4202 1009 4272 captivos,
1034 4207 1090 4253 et
1115 4196 1331 4251 exsules
1364 4211 1459 4251 eos
1500 4211 1609 4250 non
1645 4203 1852 4249 tantum
1897 4210 1928 4247 a
1963 4192 2343 4248 transmarinis
2392 4192 2699 4263 regionibus
2735 4193 2881 4247 viros
2924 4208 2988 4245 ac
3033 4190 3285 4246 mulieres
3329 4206 3462 4248 auro
3508 4208 3607 4249 seu
3662 4210 3891 4267 argento

674 4294 710 4348 5
742 4292 1037 4357 redimens,
1061 4306 1250 4346 verum
1280 4292 1445 4345 etiam
1492 4306 1588 4359 per
1632 4290 1922 4360 longinqua
1972 4291 2181 4345 viarum
2234 4290 2427 4344 itinera
2459 4288 2660 4359 paSsim
2692 4290 3074 4360 perquirendo,
3107 4300 3215 4344 tam
3245 4290 3299 4344 in
3330 4289 3604 4363 Hispania:
3635 4298 3891 4366 partibus

746 4397 1017 4455 quamque
1044 4397 1139 4453 per
1160 4382 1368 4453 singula
1401 4383 1515 4436 loca
1546 4383 1847 4447 inveniens,
1877 4385 2020 4438 sicut
2049 4384 2224 4438 bonus
2263 4394 2319 4438 et
2353 4401 2513 4439 verus
2551 4395 2737 4453 pastor
2764 4388 2828 4439 ad
2863 4388 3077 4456 propria
3107 4386 3384 4456 perduxit.
3423 4385 3577 4441 Fecit
3611 4396 3807 4443 antu
3838 4389 3885 4440 in

745 4494 907 4538 sacro
932 4477 1091 4537 altari
1121 4478 1266 4534 beati
1295 4478 1439 4533 Petri
1465 4478 1722 4550 principis
1751 4479 2115 4550 apostolorum
2140 4491 2342 4537 vestem
2373 4483 2523 4537 mirae
2546 4476 2951 4554 magnitudiiiis,
2986 4484 3262 4553 pulchram
3286 4492 3341 4537 et
3364 4483 3681 4538 decorata-ii
3707 4484 3885 4547 nimis,

744 4591 816 4634 ex
849 4590 984 4631 auro
1008 4574 1343 4647 gemmisque
1384 4581 1716 4642 contextam,
1749 4574 2165 4647 pertigurantem
2199 4576 2481 4632 historiam
2512 4579 2748 4647 qualiter
2795 4580 2933 4634 idem
2972 4580 3249 4650 apostolus
3276 4597 3308 4635 a
3337 4580 3568 4635 vinculis
3594 4595 3702 4650 per
3722 4595 3884 4650 ange-

750 4666 863 4722 lum
890 4674 1111 4737 ereptus
1132 4673 1235 4719 est.
1262 4665 1319 4719 In
1344 4663 1584 4735 ejusdem
1612 4663 1909 4720 venerabili
1935 4665 2156 4720 basilica
2182 4674 2309 4721 ante
2333 4667 2572 4730 aditum,
2602 4682 2721 4736 qua:
2743 4668 2890 4721 ducit
2917 4670 2985 4723 ad
3015 4683 3214 4738 corpus
3239 4672 3292 4722 in
3320 4668 3438 4722 loco
3457 4668 3690 4732 ferrata,
3721 4668 3886 4722 altare

640 4762 711 4819 10
742 4761 1044 4827 constituit,
1070 4761 1124 4814 in
1166 4774 1273 4829 quo
1300 4771 1356 4815 et
1379 4759 1746 4814 venerandqu
1791 4760 1935 4814 beati
1964 4760 2102 4814 Sixti
2135 4761 2389 4832 martyris
2433 4772 2594 4831 atque
2635 4762 2906 4832 pontiﬁcis
2936 4780 3134 4832 corpus
3164 4764 3546 4818 honestissime
3574 4764 3882 4819 collocavit.

753 4856 855 4912 Ubi
881 4866 937 4911 et
970 4856 1200 4928 desuper
1224 4871 1409 4911 arcum
1437 4856 1645 4911 musivo
1669 4863 1988 4909 exornatum
2020 4856 2274 4910 decenter
2299 4856 2576 4911 instruxit.
2611 4858 2784 4912 Simili
2819 4860 2977 4914 modo
3012 4862 3063 4912 in
3088 4862 3279 4916 eadem
3324 4859 3702 4915 sacratissima
3749 4860 3881 4914 beati

747 4952 893 5007 Petri
932 4951 1159 5023 apostoli
1185 4951 1436 5016 ecclesia,
1459 4950 1613 5019 juxta
1648 4952 1952 5020 ingressum
1986 4951 2078 5022 qui
2115 4952 2262 5006 ducit
2308 4954 2374 5006 ad
2416 4955 2629 5009 beatam
2671 4955 2927 5010 Petronill
2950 4974 3040 5020 nn,
3071 4960 3369 5012 oratorium
3403 4970 3632 5009 sonante
3681 4953 3881 5023 magni.

749 5050 953 5105 tudinis
972 5058 1133 5118 atque
1159 5048 1575 5119 pulchritudinis
1601 5048 1921 5103 decorauter
1946 5051 2266 5105 construxit.
2292 5051 2358 5105 Et
2380 5068 2540 5122 super
2561 5054 2839 5110 columnas
2866 5055 2917 5109 in
2944 5056 3263 5126 quadriﬁcio
3286 5063 3655 5120 camerantes,
3684 5054 3885 5107 musivo

750 5142 1099 5214 pulchrisque
1129 5141 1360 5197 metallis
1388 5141 1665 5197 decoravit
1691 5159 1703 5193 :
1736 5143 1790 5196 in
1818 5158 1925 5213 quo
1947 5153 2001 5199 et
2029 5159 2259 5215 corpora
2307 5148 2742 5204 beatissimorum
2772 5162 3066 5223 martyrum
3111 5152 3354 5206 Processi
3391 5160 3444 5205 et
3473 5151 3794 5205 Martiniani
3824 5150 3884 5201 ad

641 5238 710 5296 i5
745 5238 1003 5296 honorem
1036 5249 1090 5293 et
1114 5237 1339 5309 gloriam
1369 5238 1757 5308 omnipotentis
1784 5241 1875 5296 Dei
1909 5241 2298 5298 memorialiter
2324 5243 2731 5316 honoriliccque
2779 5250 3099 5303 recondidit.
3128 5250 3183 5303 ln
3221 5250 3376 5319 cujus
3414 5249 3668 5302 absidam
3702 5246 3884 5317 imagi-

747 5347 870 5389 nem
906 5332 1324 5402 pulcherrimam
1354 5333 1420 5387 de
1457 5342 1705 5403 argento,
1734 5345 2050 5390 exauratam
2099 5352 2224 5391 cum
2270 5337 2500 5393 diversis
2549 5341 2790 5397 historiis
2836 5344 2977 5397 inter
3025 5362 3352 5399 marmorum
3398 5338 3883 5398 con.~.tructioncs‘l

749 5425 1027 5482 ordinatas
1050 5423 1239 5483 inﬁxit,
1272 5439 1391 5492 qua:
1422 5430 1647 5492 pensant
1679 5422 1845 5479 libras
1871 5426 2152 5496 sexaginta
2176 5425 2314 5481 duas
2338 5437 2392 5481 et
2421 5430 2618 5496 semis;
2650 5431 2919 5501 simulque
2940 5441 2994 5487 et
3019 5433 3130 5489 lilia
3158 5435 3227 5487 de
3256 5441 3512 5502 argento,
3545 5447 3711 5500 pens.
3734 5431 3887 5483 libras

751 5519 936 5574 decem
966 5525 1021 5570 et
1047 5525 1273 5585 septem,
1304 5524 1358 5568 et
1383 5515 1569 5569 uncias
1601 5515 1755 5570 duas.
1808 5514 2029 5575 Necnon
2073 5525 2128 5571 et
2172 5517 2438 5589 gabatbas
2465 5535 2531 5574 ex
2564 5532 2791 5589 argento
2831 5523 3123 5593 purissimo
3168 5538 3397 5579 numero
3438 5534 3694 5592 sechtu,
3740 5536 3880 5592 peus.

1686 5652 1951 5698 NOTULE
1992 5654 2234 5697 MARGIN
2248 5655 2396 5698 ALES
2461 5657 2799 5704 FABROTTI.

684 5779 709 5806 ι
738 5769 754 5787 ⁴
793 5775 920 5823 tres.
997 5769 1027 5807 ιι
1054 5769 1070 5788 ⁸
1095 5769 1499 5840 septemdecim.
1576 5780 1600 5809 ο
1634 5768 1829 5828 Matth.
1857 5784 1913 5830 v.
1984 5771 2014 5815 (ι
2044 5771 2108 5840 B,
2147 5774 2638 5833 concrustationes.
