4026 6326
210 322 353 383 {ibi
960 325 1284 384 HISTORIA
1324 324 1412 383 DE
1449 323 1631 384 VITIS
1667 323 1833 384 ROM.
1873 324 2078 385 PONT.
2117 357 2189 368 —
2224 327 2624 388 PASCHALIS.
3346 331 3487 389 ηδε

358 433 519 489 simul
544 433 708 489 libras
740 434 999 492 tredecim
1026 437 1195 494 semis
1213 446 1271 493 et
1299 437 1490 494 uncias
1517 438 1672 495 duas.
1703 437 1973 511 Imagines
1997 438 2165 494 etiam
2185 438 2254 496 de
2280 448 2506 512 argento
2534 448 2826 498 exauratas
2854 440 2984 498 fecit
3022 442 3078 496 in
3107 442 3297 499 eodem
3324 458 3488 500 vene-

248 525 324 582 30
363 526 519 583 rabili
561 527 680 583 loco
728 543 954 585 numero
998 541 1129 586 tres.
1166 532 1340 589 Unam
1386 532 1685 590 Salvatoris
1732 535 1945 590 Domini
1989 535 2157 590 nostri
2192 534 2319 591 Jesu
2367 535 2600 602 Christi,
2650 546 2705 591 et
2751 538 2886 593 duas
2929 538 3157 595 aliorum
3186 540 3487 601 beatorum

357 634 659 695 martyrum
686 624 935 681 Processi
964 633 1020 681 et
1047 625 1357 682 Martiniani
1378 667 1393 693 ,
1426 644 1579 699 pens.
1611 629 1828 684 insimul
1858 629 2027 685 libras
2068 630 2289 701 triginta
2320 637 2377 686 et
2403 645 2520 686 sex.
2565 630 2782 688 Necnon
2812 643 2867 689 et
2897 633 3057 690 aliam
3102 634 3392 707 imaginem
3420 650 3489 692 ex

360 734 497 775 auro
522 720 815 790 purissimo
857 722 1054 778 obtulit
1085 724 1154 778 ad
1178 731 1433 779 ornatum
1455 724 1567 794 jam
1596 725 1806 794 praefati
1848 725 2096 791 oratorii,
2145 740 2300 795 petis.
2349 724 2517 781 libras
2556 726 2812 782 tredecim
2846 737 2903 784 et
2933 730 3123 786 uncias
3158 739 3287 787 tres.
3317 730 3494 787 Simili

357 813 520 869 modo
548 816 788 870 canistra
818 832 884 871 ex
912 817 1279 873 mundissimo
1307 827 1534 889 argento
1560 833 1787 876 numero
1810 830 2127 891 octo,pens.
2156 835 2348 876 omnes
2378 820 2546 876 libras
2570 831 2680 877 tres
2704 830 2759 876 et
2779 824 3152 896 quadraginta.

429 905 595 980 432
633 907 954 978 Pariterque
977 919 1034 964 et
1073 910 1338 965 concham
1366 912 1433 966 ad
1479 912 1759 983 spongiam
1792 927 1893 983 pro
1925 913 2223 979 nocturnis,
2245 913 2538 983 diligentiis
2574 913 2772 967 ibidem
2812 928 2879 968 ex
2924 926 3149 985 argento
3176 920 3495 985 constituit,

360 992 589 1072 pensari.
622 1000 789 1056 libras
823 1009 1030 1070 septem
1056 1010 1110 1057 et
1131 1003 1321 1059 uncias
1347 1019 1563 1059 novem.
1589 1003 1707 1059 Imo
1724 1012 1780 1059 et
1800 1004 1981 1059 claves
2001 1006 2055 1059 in
2087 1006 2303 1061 modum
2331 1006 2509 1061 crucis
2536 1019 2603 1059 ex
2627 1019 2762 1059 auro
2789 1006 3105 1075 purissimo,
3130 1023 3226 1064 seu
3262 1010 3492 1081 gemmis

361 1089 514 1144 mira:
538 1089 904 1147 decorationis
923 1100 1214 1146 exornatas
1246 1093 1299 1146 in
1324 1094 1514 1149 eodem
1534 1095 1825 1151 venerabili
1850 1095 1969 1151 loco
1989 1097 2184 1151 merito
2208 1096 2505 1159 decoravit,
2532 1111 2652 1165 qua:
2671 1109 2898 1164 pensan.
2927 1096 3179 1152 libras....
3204 1096 3304 1154 Ubi
3328 1098 3491 1154 etiam

358 1180 663 1251 regularem
691 1182 982 1247 ordinavit,
1014 1197 1174 1251 quem
1201 1184 1416 1241 laminis
1444 1186 1714 1256 argenteis
1759 1186 2156 1256 superindnxit,
2187 1201 2340 1257 pens.
2373 1187 2539 1241 libras
2575 1186 2783 1256 viginti.
2819 1186 2995 1257 Super
3025 1203 3187 1258 quem
3216 1190 3495 1245 constituit

284 1276 323 1333 5
358 1293 518 1334 arcus
547 1279 680 1334 duos
709 1278 774 1334 de
796 1288 1019 1349 argento
1047 1290 1102 1335 et
1129 1281 1466 1353 gammadias
1492 1291 1740 1352 quatuor,
1774 1298 1896 1353 qua:
1926 1281 2087 1337 simul
2112 1297 2267 1353 pens.
2306 1281 2473 1337 libras
2507 1280 2809 1352 sexaginta.
2847 1279 3289 1349 Propitiatorium
3327 1279 3492 1335 etiam

365 1374 549 1429 altaris
571 1390 637 1429 ex
659 1371 872 1428 laminis
894 1373 1166 1442 argenteis
1186 1382 1504 1428 exornatum
1525 1374 1908 1440 circumduxit,
1928 1384 2089 1444 atque
2110 1388 2318 1429 sacram
2347 1374 2738 1430 confessionem
2758 1373 2875 1443 ejus
2895 1373 3124 1428 interius
3148 1373 3497 1443 exteriusque

363 1479 485 1520 cum
523 1463 728 1535 ruguiis
753 1463 865 1518 suis
909 1462 1241 1518 nobilissime
1286 1464 1722 1529 circumstruxit,
1770 1480 1892 1535 quae
1929 1465 2090 1520 simul
2118 1479 2340 1534 pensan.
2383 1465 2640 1520 libras....
2673 1465 2741 1520 Et
2780 1480 2944 1535 super
2976 1463 3149 1519 altare
3183 1463 3494 1519 eorumdem

359 1554 793 1611 beatissimorum
820 1566 1119 1628 martyrum
1147 1566 1326 1613 vestes
1354 1559 1489 1614 duas
1512 1557 1778 1624 instituit,
1809 1575 1876 1615 ex
1903 1559 2099 1629 quibus
2122 1573 2283 1613 unam
2314 1560 2380 1614 de
2420 1557 2643 1613 fundato
2674 1574 2798 1613 cum
2823 1572 2986 1613 cruce
3011 1556 3078 1611 de
3109 1554 3491 1627 chrysoclavo,

359 1651 413 1698 et
453 1643 680 1699 alteram
711 1646 779 1700 de
814 1646 1150 1716 quadrapulo
1181 1646 1407 1702 miriﬁce
1443 1650 1749 1703 exornavit.
1780 1647 1907 1703 Vela
1939 1665 2155 1721 quoque
2183 1648 2390 1718 majora
2434 1648 2502 1703 de
2541 1647 2765 1704 fundato
2809 1661 3034 1703 numero
3083 1657 3324 1717 septem,
3368 1661 3494 1701 cum

248 1732 324 1790 ιο
359 1735 608 1806 periclysi
633 1736 699 1791 de
733 1736 963 1795 blatthin
992 1741 1346 1807 circumsuta,
1381 1741 1634 1799 similiter
1653 1743 1947 1799 decoravit.
1973 1743 2082 1800 Sed
2124 1759 2299 1813 neque
2337 1743 2441 1799 hoc
2468 1742 2686 1798 silentio
2726 1738 3159 1812 praetereundum
3196 1754 3316 1795 esse
3343 1737 3493 1794 arbi-

270 1832 273 1833 '
359 1833 588 1890 tramur,
615 1825 759 1894 quod
779 1828 970 1882 eodem
1003 1840 1262 1901 tempore,
1294 1832 1558 1887 diabolica
1597 1842 1859 1903 operante
1883 1834 2142 1899 versutia,
2173 1848 2272 1903 per
2296 1834 2651 1903 quorumdam
2693 1834 2870 1903 gentis
2895 1833 3192 1905 Anglorum
3231 1828 3495 1888 desidiam

358 1916 435 1971 ita
460 1925 544 1972 est
572 1918 752 1973 omnis
779 1919 990 1974 illorum
1020 1920 1305 1991 habitatio,
1339 1937 1460 1992 qua:
1502 1924 1557 1977 in
1577 1937 1765 1979 eorum
1810 1924 1990 1995 lingua
2026 1926 2230 1995 burgus
2251 1937 2278 1965 ι
2306 1924 2528 1988 dicitur,
2558 1922 2775 1979 flamma
2814 1925 2953 1995 ignis
2997 1925 3306 1980 exundante
3343 1936 3497 1976 com-

362 2007 540 2072 busta,
567 2016 626 2061 ut
643 2008 808 2063 etiam
834 2025 935 2066 nec
963 2013 1186 2084 vestigia
1216 2014 1461 2083 pristina:
1485 2016 1838 2073 habitationis
1870 2018 1925 2071 in
1950 2018 2140 2073 eodem
2184 2017 2306 2072 loco
2348 2016 2577 2071 inveniri
2606 2016 2930 2086 potuissent.
2953 2014 3119 2083 Cujus
3144 2011 3498 2069 exuberantis

360 2098 609 2153 incendio
636 2116 771 2169 pene
802 2110 968 2156 totam
996 2104 1285 2174 porticum,
1316 2120 1439 2175 quae
1466 2106 1616 2162 duxit
1639 2107 1706 2161 ad
1736 2108 2017 2164 basilicam
2037 2109 2298 2180 principis
2319 2108 2707 2179 apostolorum,
2740 2106 2879 2176 ignis
2901 2106 3075 2161 fomes
3095 2103 3420 2161 devastavit.

429 2192 593 2265 433
630 2195 696 2249 Ει
727 2198 852 2251 dum
878 2199 991 2253 haec
1017 2209 1099 2254 ter
1127 2200 1471 2257 beatissimus
1495 2202 1736 2273 pontifex
1756 2202 1913 2272 quasi
1940 2202 2070 2256 liora
2100 2200 2276 2256 noctis
2305 2199 2600 2255 conticiuio
2626 2198 3003 2269 persensisset,
3032 2198 3233 2267 lsubito
3276 2203 3499 2266 propter

360 2297 601 2338 amorem
629 2284 881 2342 Ecclesiae
906 2288 1048 2343 beati
1078 2290 1221 2344 Petri
1242 2291 1492 2361 apostoli,
1516 2300 1679 2361 atque
1702 2299 1909 2345 tantam
1936 2289 2345 2358 peregrinorum
2377 2285 2588 2341 illorum
2632 2289 3058 2343 devastationem
3088 2287 3246 2341 nudis
3268 2285 3495 2355 pedibus

356 2374 714 2431 discalceatus
743 2378 994 2447 pedester
1018 2383 1280 2437 cucurrit.
1312 2383 1412 2438 Cui
1444 2391 1589 2437 tanta
1615 2381 2003 2450 omnipotentis
2028 2378 2123 2433 Dei
2154 2378 2207 2430 in
2241 2374 2360 2444 ejus
2383 2374 2618 2429 adventu
2663 2375 3037 2431 misericordia
3072 2373 3276 2438 adfuit,
3319 2380 3379 2426 ut
3413 2372 3494 2428 Io-

360 2482 504 2533 cum,
530 2469 583 2523 in
608 2485 715 2539 quo
743 2473 891 2541 prius
939 2475 1078 2531 idem
1109 2479 1453 2549 coangelicus
1494 2476 1733 2548 pontifex
1767 2475 2046 2537 constitit,
2094 2484 2440 2539 nequaquam
2486 2467 2712 2523 ulterius
2758 2466 2990 2536 impetus
3022 2467 3160 2537 ignis
3190 2464 3497 2537 transgredi

284 2559 324 2614 5
359 2561 623 2629 permisit.
656 2561 760 2618 Sed
786 2564 900 2634 ipse
921 2565 1013 2620 Dei
1036 2564 1379 2620 clementiam
1411 2566 1710 2627 exorando,
1736 2572 1792 2619 et
1820 2561 2108 2617 multitudo
2139 2558 2375 2614 ﬁdelium
2401 2556 2492 2626 qui
2523 2555 2749 2611 aderant
2790 2556 3139 2620 decertando,
3173 2555 3321 2610 acies
3348 2554 3494 2626 ignis

359 2648 471 2705 Deo
495 2652 788 2708 miserante
810 2658 1077 2712 exstincta
1110 2666 1212 2713 est.
1248 2657 1444 2728 Sicque
1475 2666 1753 2727 peractum
1796 2663 1882 2711 est
1902 2664 1962 2710 ut
1987 2654 2151 2710 totius
2183 2651 2360 2707 noctis
2395 2651 2627 2720 spatium
2654 2664 2825 2719 usque
2864 2650 2933 2704 ad
2960 2664 3215 2705 auroram
3241 2662 3495 2719 perseve‘

362 2755 488 2796 rans
509 2742 560 2796 in
591 2744 780 2799 eodem
803 2746 921 2802 loco
948 2749 1278 2816 persteterit.
1313 2746 1467 2803 Unde
1491 2747 1833 2816 postmodum
1858 2755 1941 2799 ter
1960 2743 2305 2800 beatissimus
2333 2749 2521 2810 pastor
2548 2742 2902 2801 considerans
2933 2746 3147 2801 illorum
3178 2744 3495 2814 peregrino-

362 2847 482 2886 rum
512 2833 772 2904 inopiam,
796 2853 918 2907 quae
945 2842 1016 2894 ob
1043 2839 1267 2895 insidias
1291 2838 1573 2893 diabolica:
1604 2836 1805 2891 fraudis
1833 2836 2073 2905 irrepsit,
2100 2840 2246 2887 tanta
2271 2832 2414 2887 dona
2434 2871 2449 2896 ,
2479 2839 2737 2903 tantaque
2774 2834 3033 2892 beneﬁcia
3051 2877 3066 2900 ,
3108 2836 3251 2891 sicut
3275 2849 3494 2905 semper

364 2920 553 2977 solitus
579 2934 719 2989 erat,
744 2924 796 2979 in
823 2940 1013 2981 eorum
1046 2927 1463 2983 necessitatibus
1493 2926 1809 2995 impertivit,
1835 2934 1944 2980 tam
1973 2927 2027 2979 in
2049 2939 2184 2979 auro
2205 2931 2259 2979 et
2279 2930 2524 2993 argento,
2550 2924 2630 2979 vel
2653 2940 2944 2997 corporum
2972 2928 3306 2993 indumenta,
3330 2940 3496 2995 quam

250 3009 326 3064 10
366 3010 570 3082 reliqua
603 3018 909 3071 necessaria
945 3017 1199 3071 alimenta
1229 3018 1414 3072 omnia
1442 3018 1662 3072 uberius
1685 3016 2157 3071 subministrabat.
2184 3014 2291 3071 Sed
2315 3025 2371 3070 et
2393 3014 2669 3087 sylvarum
2697 3018 2909 3088 copiam
2933 3034 3033 3089 pro
3053 3018 3320 3089 lignorum
3349 3016 3497 3072 utili-

363 3112 493 3169 tate,
520 3114 790 3173 quatenus
811 3108 1078 3164 domicilia
1109 3110 1249 3165 sicut
1280 3118 1405 3165 ante
1427 3109 1481 3164 in
1508 3109 1697 3164 eodem
1735 3108 1853 3163 loco
1886 3106 2132 3173 fuerant,
2180 3109 2387 3164 utiliter
2433 3120 2825 3166 restaurarent.
2857 3110 3134 3166 Porticum
3161 3110 3350 3175 etiam,
3376 3122 3497 3177 quae

360 3197 430 3252 ab
457 3201 646 3253 eadem
668 3200 820 3256 clade
846 3209 1057 3255 vastata
1081 3210 1185 3265 est,
1208 3200 1493 3257 decentius
1531 3217 1692 3272 quam
1718 3201 1895 3255 fuerat
1927 3200 1980 3255 in
2008 3200 2200 3256 melius
2219 3201 2533 3259 firmissime
2561 3202 2909 3258 restauravit.

431 3287 597 3361 434
632 3288 730 3345 llic
759 3292 1050 3360 praeclarus
1083 3301 1138 3345 et
1162 3291 1488 3347 venerabilis
1516 3290 1758 3361 pontifex
1792 3289 1918 3346 fecit
1945 3291 1998 3344 in
2030 3290 2259 3346 ecclesia
2285 3291 2430 3347 beati
2462 3290 2607 3348 Petri
2639 3297 3006 3364 apostolorum
3028 3297 3291 3368 principis
3322 3296 3501 3352 nutri-

366 3380 499 3435 toris
525 3383 606 3434 sui
630 3379 744 3444 vela
771 3381 838 3436 de
860 3384 1214 3454 chrysoclavo
1236 3398 1333 3454 per
1359 3398 1519 3439 arcus
1542 3382 1887 3454 presbyterii,
1905 3383 2163 3438 habentia
2198 3382 2481 3437 historiam
2511 3383 2578 3437 de
2604 3384 2942 3444 mirabilibus
2962 3387 3352 3459 aposwlorum,
3374 3402 3497 3456 quae

365 3480 462 3539 per
484 3483 579 3526 eos
599 3470 857 3528 Dominus
887 3475 1100 3542 operari
1128 3475 1381 3545 dignatus
1404 3482 1488 3530 est
1513 3492 1739 3531 nutnero
1757 3474 2115 3544 quadraginta
2138 3483 2197 3529 et
2215 3488 2352 3539 ,sex.
2389 3473 2687 3530 Ecclesiam
2728 3477 2894 3533 etiam
2942 3478 3268 3534 beatissima:
3295 3475 3497 3533 Christi

369 3560 629 3629 martyris
654 3558 934 3628 Praxedis,
968 3581 1090 3636 qum
1117 3568 1388 3635 quondam
1418 3568 1613 3636 priscis
1646 3568 1914 3623 mdiiicata
1940 3568 2275 3636 temporibus
2308 3567 2479 3623 nimio
2500 3568 2613 3636 jam
2637 3568 2839 3624 lassata
2860 3573 3036 3638 senio,
3065 3574 3139 3628 ita
3163 3581 3276 3627 uta
3300 3570 3498 3627 funda-

294 3649 331 3703 5
368 3652 565 3706 mentis
597 3665 790 3707 casura
821 3654 1032 3709 ruinam
1056 3657 1136 3711 sui
1171 3659 1492 3723 minaretur,
1522 3659 1663 3713 idem
1697 3659 2022 3714 venerabilis
2050 3657 2292 3729 pontifex
2320 3658 2487 3729 (illius
2514 3659 2722 3715 ruinam
2764 3669 2890 3716 ante
2910 3662 3240 3731 praevidens,
3287 3660 3497 3715 eidem-

365 3756 473 3810 que
499 3740 745 3797 ecclesiae
766 3757 952 3798 curam
978 3746 1264 3812 adhibens,
1299 3749 1409 3803 illic
1434 3750 1660 3820 pervigil
1685 3752 1880 3821 saepius
1918 3751 2181 3821 existens)
2215 3750 2267 3805 in
2315 3749 2481 3806 alium
2516 3766 2620 3805 non
2660 3751 2819 3823 longe
2846 3754 3134 3810 demutans
3179 3752 3355 3809 locum
3377 3792 3393 3817 ,
3436 3752 3492 3808 in

368 3836 644 3891 meliorem
666 3851 785 3891 eam
820 3852 983 3906 quam
1015 3838 1214 3893 dudum
1240 3839 1417 3894 fuerat
1441 3842 1620 3896 erexit
1649 3849 1874 3898 statum.
1898 3840 2155 3896 Absidam
2187 3855 2316 3896 vero
2353 3839 2592 3907 ejusdem
2622 3841 2868 3898 ecclesia:
2909 3844 3119 3899 musivo
3145 3857 3311 3914 opere
3332 3839 3492 3899 cior-

370 3934 551 3981 natam
582 3928 750 3983 variis
775 3928 1031 3984 decenter
1051 3930 1324 3986 coloribus
1346 3931 1644 3987 decoravit.
1675 3932 1851 3987 Simili
1885 3933 2044 3988 modo
2077 3941 2336 3989 etarcam
2370 3933 2750 4004 triumphalem
2772 3934 2977 3990 eisdem
3013 3934 3246 3990 metallis
3294 3934 3493 3990 mirum

370 4020 429 4074 in’
453 4019 670 4076 modum
706 4020 995 4088 perficiens
1018 4022 1266 4092 compsit.
1300 4020 1399 4076 Hic
1424 4022 1768 4077 beatissimus
1794 4031 1850 4077 et
1878 4023 2172 4092 prazclarus
2204 4024 2445 4092 pontifex
2486 4024 2653 4077 multa
2679 4039 2906 4094 corpora
2950 4034 3264 4079 sanctorum
3293 4021 3495 4078 diutius

266 4106 426 4176 ωλι)
448 4108 777 4165 cmmeteriis
794 4109 1032 4181 jacentia
1061 4112 1147 4180 pia
1189 4110 1551 4166 sollicitudine
1574 4151 1590 4176 ,
1625 4127 1694 4167 ne
1722 4122 2066 4167 remanerent
2113 4112 2410 4182 neglectui,
2446 4128 2729 4182 qurerens,
2765 4121 2929 4182 atque
2975 4112 3192 4166 inventa
3237 4108 3497 4176 colligens

364 4210 568 4270 magno
593 4199 956 4255 venerationis
984 4196 1179 4254 aﬂectu
1204 4199 1257 4253 in
1274 4199 1388 4268 jam
1413 4199 1569 4254 dicta:
1581 4199 1782 4255 Christi
1804 4201 2061 4271 martyris
2081 4199 2342 4256 Praxedis
2362 4201 2669 4267 ecclesiam,
2686 4216 2849 4274 quam
2868 4199 3188 4255 mirabiliter
3208 4213 3494 4263 renovans,

371 4296 774 4353 construxerat,
803 4304 925 4343 cum
952 4289 1193 4345 omnium
1221 4289 1577 4344 advocatione
1631 4289 1995 4345 Romanorum
2024 4290 2315 4362 episcopis,
2346 4290 2700 4362 presbyteris,
2728 4290 3047 4346 diaconibus
3068 4298 3122 4345 et
3146 4288 3357 4345 clericis
3379 4287 3499 4344 lau-

367 4383 488 4438 dem
529 4382 640 4437 Deo
686 4380 1041 4451 psallentibus
1087 4381 1383 4451 deportatis
1429 4382 1750 4436 recondidit.
1781 4380 1912 4448 Qua:
1945 4380 2073 4435 dum
2116 4380 2447 4437 sanctissimi
2482 4391 2646 4451 atque
2680 4380 2977 4452 coangelici
3019 4379 3265 4450 praesulis
3307 4376 3499 4432 intima

371 4476 553 4533 cordis
581 4475 855 4546 vigilantia
884 4480 1237 4547 gererentur,
1292 4481 1350 4526 ut
1373 4472 1782 4529 reconditorum
1827 4472 2027 4527 ibidem
2075 4479 2387 4528 sanctorum
2430 4485 2714 4541 corporum
2765 4470 2877 4529 Deo
2924 4469 3292 4525 indesinenter
3335 4480 3500 4536 super

264 4572 337 4630 l5
371 4582 518 4628 astra
541 4572 867 4643 placentium
894 4572 1147 4643 precibus
1173 4570 1310 4642 apud
1335 4572 1759 4641 omnipotentem
1786 4570 2072 4624 Dominum
2091 4570 2399 4638 juvaretur,
2431 4567 2739 4621 construxit
2773 4566 2825 4619 in
2869 4564 3057 4620 eodem
3090 4561 3206 4617 loco
3234 4577 3263 4615 a
3305 4559 3498 4614 mnda-

372 4663 573 4718 mentis
602 4662 935 4727 coenobium,
959 4664 1103 4733 quod
1124 4674 1180 4719 et
1210 4664 1426 4717 nomine
1453 4670 1656 4717 sanctae
1687 4660 1949 4714 Praxedis
1979 4659 2207 4727 virginis
2261 4658 2519 4712 titulavit.
2570 4660 2626 4713 In
2658 4674 2763 4727 qua
2799 4667 2853 4711 et
2899 4664 3143 4713 sanctam
3180 4653 3495 4710 Graecorum

374 4754 845 4825 congregationem
868 4769 1189 4825 aggregans,
1211 4768 1331 4823 quae
1359 4753 1446 4807 die
1477 4762 1747 4818 noctumie
1772 4748 1973 4805 Graecae
2020 4748 2399 4802 modulationis
2424 4747 2735 4816 psalmodize
2766 4747 2949 4803 laudes
2979 4744 3331 4816 omnipotenti
3364 4743 3497 4809 Deo,

374 4849 681 4917 sanctisque
709 4846 851 4903 illius
882 4846 1079 4901 ibidem
1117 4842 1540 4913 quiescentibus,
1588 4838 1773 4894 scdulo
1818 4838 2177 4907 persolveret,
2213 4836 2530 4890 introduxit.
2572 4835 2849 4904 Siquidem
2884 4835 2935 4888 in
2973 4834 3161 4888 eodem
3201 4831 3499 4887 venerabili

376 4938 707 4994 monasterio
732 4937 966 5009 plurima
992 4933 1281 4992 conferens
1307 4930 1528 5002 przedia,
1559 4942 1611 4984 et
1642 4928 2060 4999 possessionem,
2094 4925 2212 4980 loca
2239 4925 2443 4979 urbana
2474 4926 2557 4978 vel
2588 4926 2809 4990 rustica,
2838 4922 3107 4993 superﬂue
3134 4932 3297 4991 atque
3321 4922 3496 4975 abun-

264 5036 340 5094 20
374 5038 564 5092 danter
582 5035 788 5091 ditavit.
814 5030 1065 5101 Quinimo
1085 5034 1140 5081 et
1165 5025 1218 5079 in
1242 5022 1430 5078 eadem
1456 5019 1686 5075 ecclesia
1717 5017 1843 5072 fecit
1861 5017 2156 5072 oratorium
2184 5015 2324 5071 beati
2349 5014 2579 5072 Zenonis
2599 5014 2799 5070 Christi
2821 5014 3096 5086 martyris,
3119 5013 3209 5069 ubi
3232 5022 3288 5068 et
3312 5025 3498 5069 sacra-

378 5128 643 5181 tissimum
667 5126 784 5195 ejus
814 5137 1011 5193 corpus
1046 5132 1249 5189 ponens
1276 5114 1485 5170 musivo
1512 5112 1826 5182 amplianter
1851 5112 2079 5167 ornavit.
2248 5106 2251 5109 ’

448 5214 610 5289 435
647 5193 798 5271 Fecit
825 5202 1006 5268 autem
1040 5212 1096 5265 in
1120 5211 1308 5264 eadem
1331 5204 1560 5262 ecclesia
1586 5202 1850 5258 ciborimn
1876 5215 1944 5256 ex
1970 5208 2213 5271 argento,
2248 5214 2400 5268 pens.
2441 5198 2564 5253 libr.
2597 5198 2933 5268 octingentas
2962 5205 3015 5294 et
3048 5196 3233 5294 decem
3307 5193 3417 5248 imo
3444 5199 3502 5247 et

382 5285 812 5379 propitiatur-ium
841 5304 984 5360 sacri
1019 5301 1209 5357 altaris
1248 5314 1318 5355 ex
1354 5295 1628 5368 argenteis
1656 5292 1873 5349 laminis
1913 5291 2138 5347 mirifice
2168 5289 2469 5347 exornavit.
2506 5288 2914 5380 confessionem
2959 5285 3190 5380 denique
3230 5285 3497 5380 ejus

383 5368 581 5473 regulis
617 5400 730 5456 suis
752 5398 975 5453 interius
1003 5394 1351 5461 exteriusque
1373 5389 1661 5444 vallantem
1684 5384 2047 5456 pulcherrime
2077 5382 2309 5452 compsit
2346 5391 2509 5450 atque
2532 5377 2828 5444 decoravit,
2857 5372 3156 5473 quie‘simul
3186 5385 3338 5473 petis.
3371 5368 3494 5473 libr.

385 5457 673 5551 trecentas.
709 5490 885 5561 Super
912 5488 1150 5559 ejusdem
1196 5457 1519 5540 venerabilis
1545 5480 1715 5535 altare
1750 5477 1880 5534 fecit
1923 5491 2148 5548 regnum
2195 5473 2608 5546 Spanoclystum
2636 5485 2705 5526 ex
2743 5484 2877 5526 auro
2909 5466 3081 5542 fulvo,
3132 5480 3227 5522 seu
3271 5457 3499 5518 diversis

1222 5621 1486 5668 NOTULB
1523 5616 1925 5666 MARGINALES
1968 5613 2306 5661 FABBOTTI.

320 5703 344 5731 ι
375 5690 466 5756 Β.,
499 5690 697 5746 baxus.
