4026 6326
1284 254 1291 261 .
2250 207 2437 261 ιτα

562 304 701 372 ηϐὂ
1432 348 1441 355 -
1728 312 1872 368 ἍΝΑ
1881 310 2098 369 STASII
2111 310 2152 366 ”Ι

2254 302 2681 366 LIDTIIECARH
3711 310 3844 365 ιεδι

627 428 666 487 Β
712 429 979 502 lapidibus
1010 438 1350 493 exornatum,
1372 445 1522 499 pens.
1553 429 1721 484 libras
1741 421 1980 502 quinque
2007 443 2061 485 et
2082 431 2269 486 uncias
2295 432 2427 484 (liras
2452 438 2506 484 et
2530 428 2804 484 semis.'Et
2828 427 3096 484 ineodem
3121 441 3277 483 sacro
3302 427 3465 483 altari
3478 427 3623 484 fecit
3641 438 3850 483 veste-ra

707 521 777 577 de
805 521 1175 592 chrysoclavo,
1215 535 1338 575 cum
1367 521 1597 577 diversis
1634 522 1876 578 historiis
1905 523 2058 578 mira:
2099 522 2484 592 magnitudinis
2514 532 2675 591 atque
2713 519 3130 591 pulchritudinis
3184 529 3534 575 exornatam.
3579 521 3724 576 Item
3764 522 3849 574 ubi

706 626 869 682 supra
899 610 1095 665 obtulit
1132 610 1296 665 aliam
1322 620 1527 666 vestem
1556 612 1968 684 chrysoclavam
2009 628 2073 667 ea
2119 627 2254 667 auro
2287 611 2621 683 gemmisque
2654 610 2982 674 confectam,
3018 611 3305 666 habentem
3353 612 3657 667 historiam
3688 612 3849 681 virgi-

699 716 837 754 num
860 714 989 754 cum
1032 699 1246 755 facibus
1269 702 1516 757 accensis
1559 702 1788 757 mirifice
1827 712 2096 773 comptam
2126 712 2288 772 atque
2319 704 2651 758 decoratam.
2694 702 2777 756 Ad
2819 716 3034 758 sacrum
3076 704 3305 774 denique
3339 703 3597 773 ejusdem
3628 705 3856 777 virginis

704 808 903 863 corpus
923 792 1122 848 obtulit
1151 792 1440 863 imaginem
1466 807 1532 846 ex
1560 791 1777 847 laminis
1812 793 2086 862 argenteis
2112 794 2492 863 praetiguratis,
2523 807 2679 862 pens.
2708 792 2876 848 libras
2903 794 3192 864 nonaginta
3223 807 3279 849 et
3302 811 3528 850 novem.
3559 795 3672 851 Hic
3698 796 3850 852 beni-

584 883 653 939 19
701 883 994 957 gnissimus
1022 884 1216 955 praesul
1245 883 1375 939 fecit
1399 882 1451 937 in
1476 882 1591 952 jam
1619 882 1767 937 dicto
1791 884 2122 938 monasterio
2147 884 2444 938 oratorium
2468 886 2642 940 beata:
2670 880 2899 953 Agnetis
2931 883 3133 939 Christi
3157 884 3387 955 virginis
3412 886 3575 939 mirae
3600 885 3849 955 pulchri-

702 975 916 1031 tudinis
929 983 1271 1030 exornatum.
1302 973 1602 1029 Ecclesiam
1630 973 1864 1043 denique
1892 982 2093 1030 sancta:
2117 974 2213 1031 Dei
2236 974 2533 1031 Genitricis
2546 988 2872 1044 semperque
2893 974 3129 1043 Virginis
3154 971 3336 1027 Maria:
3357 973 3605 1027 dominae
3633 983 3852 1036 nostrae,

693 1063 1148 1134 quze'appellatur
1174 1063 1478 1129 Dominica,
1499 1063 1630 1119 olim
1651 1072 2021 1119 constructam
2051 1074 2104 1119 et
2119 1065 2231 1135 jam
2263 1066 2435 1119 ruinae
2456 1064 2762 1134 proximam
2791 1064 2976 1119 solerti
3000 1064 3273 1134 vigilantia
3306 1064 3582 1132 praefatus
3612 1065 3848 1133 pontifex

699 1150 1019 1219 ampliorem
1048 1150 1640 1221 melioremquequam
1688 1161 1815 1207 aute
1855 1150 2033 1207 fuerat
2070 1168 2103 1207 a
2133 1151 2505 1209 fundamentis
2530 1153 2824 1217 :edilicans,
2860 1155 3163 1209 renovavit.
3197 1155 3583 1225 Absidamque
3611 1154 3845 1224 ejusdem

698 1241 945 1299 ecclesiae
973 1241 1187 1298 musivo
1226 1242 1457 1298 mirifice
1498 1243 1796 1299 decoravit.
1836 1241 1938 1299 Ubi
1967 1245 2129 1298 etiam
2174 1254 2232 1299 et
2253 1244 2485 1315 plurima
2514 1245 2709 1299 obtulit
2732 1244 2897 1310 dona,
2931 1244 3141 1301 scilicet
3178 1244 3451 1302 cibarium
3493 1261 3566 1300 ex
3602 1256 3843 1316 argento,

594 1332 660 1386 l5
701 1348 857 1402 pens.
878 1332 1355 1389 librastrecentas
1386 1334 1605 1405 triginta
1636 1342 1694 1388 et
1720 1334 1875 1389 duas.
1914 1332 2356 1405 Pr0pitiatorium
2384 1337 2526 1390 sacri
2557 1334 2746 1389 altaris
2771 1352 2839 1390 ex
2866 1335 3082 1390 laminis
3124 1338 3397 1410 argenteis
3421 1336 3667 1407 compte
3696 1338 3842 1392 deco-

696 1425 856 1479 ravit.
891 1424 1303 1482 Coufessiouem
1329 1438 1543 1496 quoque
1563 1423 1681 1493 ejus
1705 1440 1827 1480 cum
1861 1425 2063 1495 regulis
2088 1426 2235 1481 intus
2254 1436 2309 1480 et
2329 1425 2465 1481 foris
2486 1426 2681 1480 mirum
2710 1427 2764 1480 iu
2799 1428 3015 1482 modum
3041 1428 3326 1497 perficiens
3351 1429 3685 1493 adornavit,
3700 1445 3845 1499 pens.

696 1515 820 1571 libr.
847 1525 1066 1572 centum
1086 1526 1142 1573 et
1156 1517 1472 1588 quindecim
1501 1526 1556 1573 et
1578 1518 1765 1573 uncias
1788 1528 1919 1572 tres.
1953 1517 2084 1572 Item
2108 1519 2199 1573 ubi
2224 1534 2386 1589 supra
2416 1517 2545 1591 fecit
2571 1520 2861 1587 gabatham
2889 1534 2954 1574 ex
2985 1536 3120 1575 auro
3142 1520 3460 1590 purissimo,
3497 1537 3669 1593 pens.
3690 1521 3848 1576 libras

698 1606 834 1663 duas
867 1616 924 1662 et
952 1609 1140 1664 uncias
1162 1609 1541 1665 octo.-Verum
1580 1609 1745 1665 etiam
1774 1617 1830 1665 et
1862 1624 2049 1664 arcum
2074 1624 2147 1665 ex
2184 1620 2437 1680 argento,
2457 1621 2513 1667 et
2535 1610 2888 1666 columnellas
2916 1611 3052 1667 duas
3080 1626 3205 1667 cum
3242 1612 3581 1681 gammadiis
3621 1612 3844 1677 duabus,

695 1710 853 1765 pens.
881 1696 1166 1752 libras.....

759 1806 928 1881 536
960 1808 1075 1864 lmo
1101 1809 1239 1864 etin
1269 1806 1429 1866 sacro
1450 1810 1608 1866 altari
1648 1810 1776 1868 fecit
1808 1821 2014 1868 vestem
2040 1812 2107 1868 de
2136 1812 2510 1884 chrysoclavo,
2552 1813 2840 1869 habentem
2875 1812 3160 1868 historiam
3202 1810 3506 1866 Dominiae
3550 1810 3843 1865 nativitatis

694 1897 910 1955 Domini
943 1900 1116 1954 nostri
1144 1899 1281 1956 Jesu
1324 1900 1548 1966 Christi,
1574 1902 1734 1957 mirae
1762 1903 2182 1973 pulchritudinis
2201 1912 2546 1959 exornatam.
2580 1904 2778 1957 lterum
2809 1903 2899 1956 ubi
2929 1916 3093 1970 supra
3117 1902 3246 1957 fecit
3266 1911 3480 1956 vestem
3509 1900 3586 1955 de
3619 1903 3842 1955 stauraci

688 1989 1136 2059 pulcherrimam,
1154 1984 1285 2045 cum
1309 1991 1560 2064 periclysi
1583 1994 1651 2048 de
1670 1993 1926 2049 blatthin.
1952 1995 2083 2050 Item
2111 1996 2271 2050 aliam
2295 2005 2501 2051 vestem
2531 1996 2599 2051 de
2627 1995 2854 2051 blatthiu
2882 1995 3152 2057 bizantea,
3178 1992 3479 2047 habentem
3504 1991 3755 2046 tabulam
3782 1994 3839 2046 de

685 2077 1062 2150 ebrysoclavo,
1092 2093 1217 2134 cum
1246 2080 1397 2135 vultu
1438 2089 1641 2135 sanctae
1670 2080 1765 2135 Dei
1803 2081 2114 2149 Ceuitricis,
2148 2098 2203 2138 et
2242 2085 2416 2154 angeli
2458 2085 2721 2154 obsequio
2758 2094 2986 2149 stantes,
3015 2098 3141 2137 cum
3168 2080 3427 2152 periclysi
3472 2082 3546 2137 de
3576 2090 3839 2137 staurace.

616 2166 657 2225 Β
692 2166 1013 2237 Pariterque
1052 2167 1218 2222 aliam
1250 2177 1454 2224 vestem
1499 2170 1565 2224 de
1595 2177 1873 2236 staurace,
1920 2172 2206 2228 habentem
2238 2189 2500 2243 pavones,
2532 2184 2589 2228 et
2618 2174 2882 2241 inmedio
2917 2187 3132 2227 crucem
3159 2172 3228 2225 de
3274 2170 3534 2225 hlatthin.
3588 2170 3760 2228 Porio
3793 2181 3845 2226 ct

690 2268 872 2313 vestes
891 2259 1029 2315 duas
1052 2259 1119 2315 de
1145 2258 1506 2329 quadrapulo,
1544 2259 1810 2315 habentes
1839 2262 1892 2314 in
1923 2262 2102 2316 medio
2123 2279 2342 2319 crucem
2368 2265 2435 2319 de
2458 2263 2711 2318 blatthiu.
2728 2264 2872 2319 item
2904 2263 2994 2318 ubi
3016 2277 3179 2331 supra
3209 2260 3341 2316 fecit
3366 2273 3589 2317 vestem
3619 2278 3691 2316 ex
3718 2278 3842 2316 auro

688 2354 919 2413 textam,
950 2361 1075 2401 cum
1102 2348 1355 2421 periclysi
1378 2349 1446 2403 de
1471 2349 1724 2404 blatthin.
1749 2348 2162 2419 Coopcrtorium
2189 2355 2415 2408 ruheum
2446 2354 2513 2408 de
2535 2355 2714 2409 serico
2740 2370 2925 2408 unum.
2944 2352 3104 2409 Fecit
3124 2353 3288 2407 etiam
3313 2353 3367 2406 in
3394 2353 3644 2408 circuitu
3667 2353 3844 2407 altaris

687 2442 806 2498 vela
833 2445 998 2499 rubea
1037 2446 1211 2500 serica
1245 2455 1500 2516 quatuor,
1528 2462 1650 2501 cum
1682 2446 2023 2517 gammadiis,
2052 2455 2113 2500 et
2140 2460 2332 2500 cruces
2363 2445 2430 2499 de
2450 2443 2806 2515 quadrapulo.
2839 2443 2939 2500 llic
2963 2446 3290 2502 venerabilis
3323 2447 3531 2516 praesul
3567 2448 3766 2503 obtulit
3791 2449 3844 2500 in

684 2533 839 2589 trabe
866 2544 993 2589 ante
1019 2535 1341 2590 vestibulum
1366 2536 1550 2591 altaris
1576 2535 1691 2589 vela
1721 2535 1881 2606 Tyria
1912 2535 2034 2599 tria,
2060 2544 2115 2590 et
2135 2534 2201 2589 de
2223 2533 2558 2604 quadrapulo
2581 2533 2840 2602 quinque.
2867 2531 2923 2587 lu
2948 2549 3109 2590 arcus
3131 2535 3369 2593 maiores
3390 2534 3649 2605 ejusdem
3672 2539 3841 2593 eccle-

584 2623 655 2678 10
692 2623 787 2679 sia:
822 2623 953 2681 fecit
994 2625 1109 2681 vela
1153 2626 1222 2681 de
1251 2627 1853 2698 quadrapulo-numcro
1886 2626 2089 2697 viginti,
2112 2634 2179 2679 .et
2206 2640 2302 2693 per
2330 2639 2490 2678 arcus
2513 2624 2834 2693 presbyterii
2863 2627 2982 2679 vela
3018 2630 3185 2697 parv‘a
3212 2641 3280 2683 oe
3312 2628 3566 2683 stauraci
3591 2640 3842 2698 quatuor,

687 2712 954 2784 simulque
984 2715 1035 2768 in
1059 2715 1302 2785 ingressu
1332 2716 1659 2788 presbyterii
1684 2716 1801 2771 vela
1831 2715 1990 2787 Tyria
2017 2716 2142 2770 duo.
2164 2713 2276 2768 llic
2305 2713 2726 2784 benignissimus
2757 2715 2999 2782 pontifex
3024 2717 3154 2773 fecit
3179 2719 3231 2773 in
3265 2718 3521 2787 ingressu
3547 2719 3664 2786 jam
3695 2720 3848 2774 dict:

683 2805 933 2862 ecclesiae
959 2808 1199 2863 cortinas
1225 2806 1459 2877 majores
1492 2805 1560 2861 de
1583 2803 1939 2875 quadrapulo,
1969 2820 2090 2858 cum
2122 2802 2370 2873 periclysi
2400 2803 2466 2855 de
2492 2801 2716 2857 fundato
2741 2802 2969 2858 miriﬁce
3002 2807 3179 2862 valde.
3213 2805 3422 2862 Christi
3450 2824 3699 2877 namque
3723 2823 3841 2862 οιιιο

689 2897 981 2965 nipotentis
1008 2897 1221 2953 Domini
1252 2896 1502 2962 famulus,
1531 2905 1587 2951 et
1617 2896 2043 2967 praenomiuatus
2069 2892 2310 2964 pontifex
2340 2893 2631 2947 maximam
2659 2892 2754 2947 Dei
2797 2894 3156 2950 ecclesiarum
3186 2911 3376 2951 curam
3423 2905 3479 2952 et
3506 2897 3844 2953 sollicitudi-

687 3002 811 3043 nem
828 2990 1185 3058 .praevidcado
1219 2989 1587 3046 indesinenter
1607 3003 1822 3058 gerens,
1851 3003 1972 3042 cum
2011 2986 2245 3056 quadam
2275 2986 2362 3039 die
2386 2984 2648 3039 orationis
2670 2985 2850 3039 studio
2883 2987 2952 3041 ad
2980 2995 3181 3041 sancta:
3214 2985 3312 3041 Dei
3342 2986 3579 3057 virginis
3607 2986 3851 3042 Christi-

582 3078 651 3135 15
688 3094 794 3148 que
823 3080 1081 3151 martyris
1109 3080 1341 3136 Carcilia:
1365 3079 1995 3143 ecclesiamadveniret,
2022 3078 2196 3131 inlunio
2220 3076 2334 3146 jam
2365 3084 2621 3145 quassata
2660 3076 2812 3131 senio
2839 3076 3082 3133 ecclesia:
3108 3080 3349 3150 ejusdem
3376 3081 3572 3135 interna
3609 3081 3793 3135 etiam
3820 3099 3854 3137 a

686 3169 1049 3246 fundamentis
1077 3174 1283 3227 ruitura
1313 3174 1523 3239 videns,
1545 3188 1666 3243 quae
1694 3186 1791 3243 per
1812 3171 2013 3227 olitaua
2053 3180 2298 3240 tempora
2333 3168 2548 3225 defectu
2577 3172 2864 3225 vetustatis
2885 3180 3308 3227 mancuerantet
3330 3186 3470 3241 pene
3494 3171 3674 3226 ruinis
3711 3187 3847 3227 eon-

686 3263 863 3319 fracta
889 3264 982 3320 diu
1006 3266 1309 3335 antiquitus
1330 3264 1569 3319 lacerata
1594 3264 1907 3328 manebant,
1937 3262 2065 3317 dato
2094 3261 2274 3317 studio
2309 3262 2491 3329 operis
2520 3263 2709 3319 eodem
2738 3262 2794 3316 in
2818 3262 2936 3317 loco
2962 3262 3252 3334 magnifico
3277 3278 3441 3333 opem
3473 3278 3674 3317 novam
3702 3279 3847 3319 coa-

687 3362 897 3413 struere
924 3355 1212 3412 ecclesiam
1241 3355 1427 3425 carpit,
1452 3363 1508 3411 et
1537 3354 1797 3426 perlicere
1825 3354 1959 3410 satis
1986 3353 2265 3409 meliorem
2289 3367 2452 3423 quam
2475 3351 2652 3407 fuerat
2673 3354 2898 3408 studuit.

753 3467 917 3540 437
954 3466 1064 3523 Sed
1108 3484 1283 3540 neque
1319 3469 1448 3525 illud
1478 3469 1910 3541 praetereundum
1937 3482 2059 3524 esse
2100 3465 2503 3523 existimamus.
2544 3464 2683 3521 Dum
2727 3466 2959 3535 quadam
2986 3465 3072 3522 die
3098 3464 3168 3521 ad
3209 3466 3353 3522 beati
3395 3465 3535 3520 Petri
3558 3465 3837 3535 principis

681 3560 1046 3630 apostolorum
1071 3561 1356 3617 ecclesiam
1380 3543 1649 3633 pergeret,
1681 3568 1949 3631 quatenus
1977 3559 2118 3630 apud
2149 3558 2401 3615 eumdem
2427 3558 2642 3612 beatum
2681 3555 2897 3611 Petrum
2926 3556 3228 3627 apostolum
3255 3556 3418 3612 solito
3445 3554 3837 3626 morevigilias

684 3649 1006 3716 celebraret,
1035 3659 1089 3706 et
1119 3660 1246 3708 ante
1271 3652 1513 3721 ejusdem
1547 3650 1943 3707 confessionem
1971 3648 2315 3705 matutinalcs
2342 3647 2648 3702 lucescente
2686 3644 2967 3700 Dominica
3000 3644 3192 3704 laudes
3215 3649 3459 3704 residens
3487 3648 3840 3711 decantaret,

588 3772 593 3777 -
680 3742 860 3798 subito
887 3742 1175 3812 depressus
1199 3755 1395 3813 sopore
1431 3740 1567 3795 vidit
1592 3739 1935 3794 assisteutem
1981 3738 2083 3792 sibi
2129 3735 2376 3807 virginali
2407 3744 2628 3805 aspectu
2655 3734 2915 3804 puellam,
2938 3736 3198 3804 angelicis
3234 3740 3477 3794 vestibus
3520 3740 3841 3793 decor-alam

610 3834 646 3889 5
684 3834 810 3890 talia
839 3833 1125 3890 locutionis
1151 3834 1401 3890 affamina
1429 3832 1737 3905 protulisse,
1770 3832 1998 3887 dicens:
2032 3830 2227 3886 Multas
2255 3830 2348 3884 tibi
2377 3830 2582 3900 gratias
2623 3828 2933 3893 referimus,
2960 3829 3090 3899 quia
3139 3838 3417 3885 certamen
3443 3829 3595 3898 quod
3632 3830 3709 3884 de
3752 3845 3840 3884 me

682 3926 774 3982 diu
816 3942 1077 3999 pesueras
1117 3925 1489 3984 frustratorias
1532 3922 1886 3978 relationibus
1917 3922 2247 3993 pervulgatis
2275 3936 2435 3976 aures
2467 3922 2935 3976 accommodansa
2965 3921 3230 3992 reliquisti
3258 3940 3274 3975 :
3312 3923 3515 3993 quippe
3543 3924 3641 3991 qui
3691 3932 3844 3977 tanto

680 4036 847 4094 penes
876 4038 962 4080 me
989 4022 1160 4091 fuisti,
1187 4022 1263 4077 uti
1308 4020 1526 4093 proprio
1564 4018 1707 4089 loqui
1747 4018 1974 4073 invicem
2004 4032 2100 4072 ore
2126 4016 2449 4071 valeremns.
2492 4014 2755 4083 Hzecjam
2791 4030 2936 4085 smpe
2971 4014 3227 4086 praefatus
3254 4017 3494 4086 pontifex
3534 4015 3841 4087 diligenter

683 4113 906 4169 audiens
948 4113 1186 4169 studiose
1212 4113 1492 4182 requirere
1521 4109 1710 4180 cmpit,
1747 4123 1867 4179 quae
1896 4117 2043 4163 esset
2071 4107 2190 4176 ipsa
2221 4121 2343 4176 quae
2369 4105 2496 4159 talia
2530 4105 2603 4160 illi
2634 4108 2798 4161 verba
2834 4108 3062 4173 diceret,
3093 4106 3176 4160 vel
3202 4122 3311 4176 quo
3345 4105 3570 4161 nomine
3595 4122 3840 4162 vocare-

683 4212 791 4257 tur.
819 4204 916 4259 Cui
948 4205 1035 4259 illa
1076 4204 1385 4274 respondit:
1422 4203 1481 4258 Si
1512 4217 1708 4258 nomen
1726 4201 1988 4272 inquiris,
2021 4198 2235 4255 Caecilia
2271 4199 2471 4254 famula
2498 4199 2705 4255 Christi
2751 4214 2936 4255 vocer.
2974 4201 3057 4255 Ad
3084 4213 3248 4269 quam
3293 4210 3543 4251 summus
3578 4197 3845 4268 inquiens

579 4292 646 4346 10
684 4293 914 4362 prmsul:
946 4294 1227 4360 Quomodo
1271 4297 1375 4348 hoc
1416 4293 1640 4348 credere
1671 4306 1911 4360 possum,
1943 4306 2008 4346 eo
2040 4290 2182 4360 quod
2221 4290 2350 4345 olim
2396 4289 2539 4343 fama
2588 4290 2757 4344 relata
2803 4290 2876 4343 sit
2908 4299 3175 4359 quatenus
3214 4288 3457 4358 ejusdem
3499 4290 3843 4344 venerabihs

685 4377 885 4434 Christi
916 4380 1169 4451 martyris
1188 4379 1419 4437 Ctecilia:
1444 4395 1643 4450 corpus
1669 4379 1737 4433 ad
1765 4380 2045 4448 Aistolpho
2076 4380 2554 4450 Langobardorum
2585 4396 2709 4450 rege
2743 4380 3015 4435 hostiliter
3040 4380 3228 4436 nonne
3252 4378 3530 4435 residente
3552 4379 3757 4435 furtim
3785 4389 3843 4435 (ι

687 4472 754 4525 ab
788 4469 930 4526 illius
974 4469 1285 4526 hominibus
1323 4468 1516 4525 fuisset
1554 4469 1813 4524 ablatum.
1844 4468 1945 4523 Cui
1995 4470 2119 4523 talia
2148 4469 2445 4535 venerabili
2492 4471 2732 4540 pontiiici
2767 4470 3035 4526 intimanti
3077 4472 3470 4543 oumipotentis
3500 4472 3603 4525 Dei
3634 4471 3837 4526 famula

683 4562 859 4619 dixit:
897 4562 1033 4632 Quia
1061 4578 1148 4619 me
1174 4563 1547 4621 desideranter
1581 4572 1641 4619 ut
1684 4561 1990 4617 invenirent
2018 4560 2383 4632 Longobardi,
2413 4562 2799 4631 quaesiverunt,
2840 4563 3064 4617 omnino
3092 4577 3278 4616 verum
3322 4570 3445 4625 est;
3478 4563 3577 4616 sed
3624 4561 3839 4618 Domini

683 4655 787 4710 mei
816 4652 943 4711 Jcsu
985 4655 1187 4711 Christi
1216 4656 1592 4727 opitulatione,
1624 4664 1683 4711 et
1708 4656 1940 4712 domina:
1970 4670 2104 4710 mere
2132 4664 2333 4711 sancta:
2366 4656 2458 4710 Dei
2505 4654 2800 4711 Cenitricis
2829 4669 3148 4724 semperque
3177 4653 3416 4722 Virginis
3450 4651 3650 4709 uaria:
3688 4653 3840 4708 auai-

576 4744 649 4804 15
682 4747 775 4814 lio,
807 4763 981 4819 neque
1003 4763 1088 4803 me
1120 4749 1387 4817 invenire,
1411 4765 1590 4820 neque
1624 4750 1910 4818 deportare
1931 4748 2075 4803 sicut
2107 4748 2391 4803 voluerant
2419 4746 2547 4801 hinc
2567 4746 2779 4816 longius
2805 4754 3114 4816 petiuerunt.
3149 4744 3214 4797 Et
3244 4744 3366 4797 ideo
3392 4744 3544 4798 sicut
3572 4760 3669 4799 me
3692 4760 3813 4814 qua

683 4856 806 4897 rere
834 4844 1066 4913 cmpisti,
1099 4842 1332 4913 qualiter
1358 4856 1445 4896 me
1471 4839 1714 4896 invenias
1749 4839 1969 4895 assiduo
1991 4838 2160 4895 labori
2202 4853 2309 4891 non
2340 4836 2570 4891 desistas
2597 4837 2933 4901 incumbere,
2969 4836 3095 4906 quia
3118 4834 3346 4889 Domino
3378 4833 3518 4897 Deo,
3550 4850 3661 4904 pro
3689 4834 3835 4902 cujus

682 4932 885 4987 honore
911 4946 1068 5002 passa
1110 4947 1253 4997 sum,
1286 4931 1493 5001 placuit
1537 4938 1597 4983 ut
1632 4938 1688 4983 tu
1728 4943 1814 4984 me
1845 4929 2110 4994 invenias,
2140 4937 2196 4982 et
2232 4929 2284 4982 iu
2324 4926 2552 4981 ecclesia
2590 4941 2751 4995 quam
2781 4926 2994 4980 uoviter
3024 4924 3379 4981 construxisti
3424 4927 3729 4981 recondas.
3772 4925 3834 4979 Et

678 5022 795 5078 haec
819 5022 1006 5077 dicens
1032 5021 1101 5077 ab
1126 5021 1298 5077 oculis
1325 5019 1637 5092 aspicientis
1663 5017 1841 5093 ablata
1870 5026 1974 5073 est.
2850 5056 2853 5061 .
2896 5058 2901 5063 ,

758 5113 926 5187 438
963 5113 1113 5168 Tunc
1138 5113 1309 5168 isdem
1335 5111 1675 5168 venerandus
1703 5110 1966 5179 pontifex,
2001 5107 2406 5164 matutinalibus
2435 5106 2682 5162 laudibus
2717 5105 3026 5176 persolutis,
3061 5120 3162 5176 pro
3188 5113 3299 5158 tam
3321 5111 3494 5159 certa:
3520 5113 3581 5159 et
3620 5105 3837 5161 induhi-

683 5208 864 5263 labilis
891 5206 1232 5262 revelationis
1253 5205 1480 5275 judicio,
1509 5205 1674 5276 coepit
1700 5204 1803 5258 hac
1829 5203 2059 5273 illacque
2084 5202 2364 5272 operosius
2401 5216 2645 5272 quaerere
2677 5201 2767 5254 ubi
2797 5199 3224 5254 sacratissimum
3253 5196 3372 5265 ejus
3400 5211 3611 5266 corpus
3630 5196 3835 5265 iaceret

676 5298 980 5355 humatum.
1008 5299 1181 5366 Quod,
1209 5299 1478 5354 tribuente
1507 5297 1638 5361 Deo,
1667 5297 1792 5351 dum
1821 5296 2047 5351 sollicite
2072 5302 2361 5365 quaereret,
2390 5295 2590 5364 reperit
2619 5295 2672 5348 in
2702 5293 3016 5348 cmmeterio
3043 5291 3379 5354 Praetextati,
3406 5289 3521 5344 sito
3545 5289 3688 5345 foris
3712 5305 3835 5359 pur-

662 5402 790 5459 _tam
821 5394 1071 5464 Appiam,
1093 5392 1272 5448 aureis
1294 5393 1425 5447 illud
1450 5391 1703 5448 vestitum
1732 5391 2085 5456 indumentis,
2107 5403 2229 5443 cum
2250 5404 2479 5458 corpore
2507 5386 2832 5443 venerabilis
2854 5386 3035 5455 sponsi
3069 5386 3150 5439 sui
3181 5383 3481 5448 Valeriani,
3510 5385 3834 5454 pariterque

567 5480 606 5539 5
673 5491 730 5538 et
756 5483 1068 5538 linteamina
1101 5482 1356 5554 martyris
1388 5483 1562 5552 ipsius
1591 5481 1852 5552 sanguine
1881 5481 2062 5552 plena,
2085 5480 2302 5549 quando
2329 5482 2396 5535 ab
2427 5479 2593 5549 impio
2622 5492 2880 5548 percussa
2906 5475 3166 5531 carnifice
3191 5475 3395 5531 Christi
3432 5475 3657 5532 Domini
3690 5492 3831 5531 mar-

1050 5624 1056 5629 ο
1655 5598 1923 5641 NOTULJE
1960 5597 2361 5640 MARGINALES
2403 5595 2745 5640 FABBOTTI.

605 5691 629 5719 ει
654 5677 716 5738 Β.
750 5679 890 5737 (ιιιοά
918 5681 987 5737 ad
1015 5680 1278 5738 incertam
1293 5679 1516 5747 famam,
1546 5694 1711 5747 quam
1735 5680 1800 5736 de
1822 5691 1909 5745 me
1936 5692 2181 5747 sparsam
2202 5676 2293 5732 diu
2313 5676 2500 5734 frustr.
2529 5691 2577 5734 r.
2601 5692 2655 5749 p.
2684 5692 2733 5731 a.
2755 5671 3190 5739 accommodare,
3224 5671 3329 5729 vel.
