4026 6326
158 396 303 455 ηδε
605 437 611 443 .
675 389 688 395 ’
954 393 1274 454 lllSTORlA
1314 397 1401 453 DE
1442 397 1618 455 VlTlS
1657 398 1822 455 ROM.
1864 389 2613 455 POSTV—‘PASCHALIS.
3292 399 3436 457 ηεο

310 519 396 580 tyr
430 515 518 564 est
558 506 837 577 regnantis
878 524 932 563 m
973 511 1169 565 saecula
1215 518 1551 566 consecrata.
1599 510 1804 578 Quibus
1828 512 1907 565 'et'
1940 507 2342 566 linteaminibus
2380 507 2599 576 sanguis
2638 517 2838 564 sanetae
2876 508 3132 581 martyris
3154 517 3436 571 extersus,

305 597 545 654 involuta
575 597 643 652 ad
671 596 835 667 pedes
864 597 1009 653 illius
1037 601 1282 668 corporis
1311 601 1683 655 sacratissimo
1702 614 1895 655 cruore
1923 600 2101 669 plena,
2131 598 2197 653 de
2220 598 2364 652 trina
2387 597 2660 652 carniﬁcis
2681 597 3028 666 percussione
3054 606 3266 670 reperta
3289 609 3436 653 sunt.

308 689 442 757 Quae
475 697 670 745 cuncta
696 687 810 743 suis
830 696 1169 758 pertractans
1195 691 1445 745 manibus
1472 690 1709 761 collegit,
1742 699 1798 759 et
1828 706 1953 745 cum
1987 704 2182 758 magno
2205 689 2411 742 honore
2441 685 2582 741 infra
2610 702 2793 741 muros
2815 687 2972 757 hujus
2999 687 3262 743 Romanas
3288 688 3442 744 urbis

313 782 366 835 in
395 778 626 835 ecclesia
667 779 888 833 nomine
930 778 1100 847 ipsius
1141 788 1341 834 sanctae
1379 779 1635 849 martyris
1667 778 1929 842 dedicata,
1968 777 2035 831 ad
2066 776 2276 830 laudem
2297 783 2355 829 et
2381 774 2606 845 gloriam
2638 774 3020 843 omnipotentis
3051 775 3174 840 Dei,
3196 774 3439 843 ejusdem

201 870 273 925 l0
314 868 536 940 virginis
563 882 792 938 corpus,
835 882 959 923 cum
1001 868 1321 923 charissimo
1346 867 1638 923 Valeriam
1679 874 1908 938 sponso,
1949 875 2111 937 atque
2133 865 2393 937 Tybnrtio
2436 872 2493 919 et
2538 863 2772 918 Maximo
2814 864 3179 937 martyribus,
3226 881 3439 921 necnon

314 957 532 1014 Urbano
555 964 612 1011 et
631 955 800 1011 Lucio
826 954 1170 1025 pontiﬁcibus
1195 956 1295 1010 sub
1324 969 1672 1013 sacrosancto
1696 958 1851 1012 altari
1890 955 2195 1011 collocavit.
2229 954 2335 1011 Pro
2367 962 2598 1024 quorum
2628 961 2939 1009 sanctorum
2969 955 3174 1011 honore
3193 956 3447 1013 videlicet

309 1058 369 1106 et
394 1046 752 1119 opitulatione
780 1046 1087 1101 construxit
1117 1046 1502 1102 monasterium
1540 1047 1596 1102 in
1630 1048 1893 1102 honorem
1927 1044 2197 1117 virginum
2231 1058 2327 1100 seu
2354 1052 2655 1114 martyrum
2680 1041 2904 1113 Agathe:
2931 1052 2986 1099 et
3013 1044 3259 1112 Catelliae,
3282 1045 3440 1116 juxta

275 1192 281 1198 ,
311 1140 481 1210 ipsius
498 1137 817 1204 ecclesiam,
848 1138 902 1193 in
930 1138 1048 1193 loco
1071 1139 1165 1206 qui
1193 1138 1398 1195 dicitur.
1413 1137 1589 1193 Colles
1602 1138 1894 1208 jacentes-

382 1233 549 1307 539
578 1231 639 1288 In
665 1248 772 1302 quo
795 1242 851 1288 et
877 1230 1267 1287 monachorum
1307 1234 1420 1289 Deo
1451 1234 1817 1289 servientium
1843 1234 2316 1305 congregationem
2354 1249 2452 1304 pro
2492 1232 2820 1304 quetidianis
2863 1234 3115 1291 laudibus
3137 1235 3191 1290 in
3220 1235 3446 1306 prtelato

313 1324 472 1380 titulo
494 1330 700 1378 sanctas
723 1320 953 1377 Caeciliae
1004 1322 1090 1377 die
1119 1331 1389 1392 noctuque
1415 1323 1779 1392 omnipotenti
1817 1324 2046 1378 Domino
2083 1324 2465 1388 deeantandis,
2505 1324 2807 1378 constituit.
2850 1324 2920 1379 Et
2963 1340 3063 1396 pro
3104 1327 3348 1382 subsidio
3384 1338 3448 1383 et

316 1413 730 1473 luminariorum
770 1413 1217 1477 concinnatione,
1260 1427 1354 1468 seu
1390 1413 1643 1478 utilitate,
1680 1422 1844 1483 atque
1871 1415 2153 1484 stipendiis
2178 1415 2587 1475 monachorum,
2612 1430 2821 1471 necnon
2848 1424 2905 1471 et
2929 1430 3026 1487 pro
3067 1431 3257 1474 amere
3285 1427 3449 1490 atque

315 1505 636 1570 dilectione,
665 1519 829 1574 quam
867 1518 995 1573 erga
1038 1503 1494 1573 prcedecessorem
1539 1519 1696 1559 suum
1731 1505 2264 1574 piaerecordationis
2309 1506 2564 1561 domuum
2611 1505 2848 1561 Leonem
2894 1506 2959 1562 111
3003 1523 3199 1579 papam
3247 1509 3447 1565 habere

192 1597 238 1651 ὃ
311 1596 623 1656 videbatur,
649 1592 918 1663 hospitale
945 1592 1119 1648 sancti
1149 1592 1448 1661 Peregrini,
1481 1595 1713 1664 positum
1749 1594 1817 1650 ad
1842 1604 2058 1650 beatum
2092 1596 2313 1651 Petrum
2341 1596 2663 1667 apostolum,
2695 1598 2750 1653 in
2789 1597 2909 1654 loco
2933 1600 3022 1669 qui
3049 1609 3276 1656 vocatur
3305 1600 3449 1657 Nau-

314 1685 548 1749 machia,
580 1683 725 1754 quod
755 1683 897 1738 idem
927 1684 1296 1751 praedecessor
1322 1698 1452 1739 suus
1477 1693 1881 1750 construxerat,
1909 1695 1965 1740 et
1987 1687 2057 1740 ob
2083 1685 2383 1757 neglectum
2415 1696 2579 1756 atque
2602 1687 3004 1743 destitutionem
3034 1690 3449 1760 praepositorum

310 1772 646 1846 paupertatis
669 1771 849 1841 inopia
872 1772 1121 1826 consumi
1150 1772 1448 1837 videbatur,
1490 1773 1694 1829 idcirco
1723 1774 1813 1844 pio
1840 1773 2122 1845 jnvamiue
2150 1776 2458 1841 consulens,
2475 1776 2760 1846 praelatum
2801 1778 3069 1850 hospitale
3104 1796 3227 1836 cum
3267 1780 3448 1836 fundis

317 1876 380 1923 et
403 1866 676 1936 casalibus
701 1873 865 1934 atque
891 1864 1107 1929 massis,
1137 1878 1234 1918 seu
1264 1864 1429 1919 etiam
1460 1873 1517 1918 et
1554 1865 1761 1921 colonis
1797 1867 1914 1921 sive
1943 1866 2222 1934 domibus,
2250 1883 2464 1923 necnon
2503 1868 2744 1935 familiis,
2767 1879 2822 1926 et
2846 1871 3118 1929 universis
3153 1878 3274 1942 Quae
3305 1876 3452 1946 juste

315 1969 374 2030 et
418 1956 815 2014 rationabiliter
855 1957 1153 2011 secundum
1198 1955 1376 2026 legum
1407 1961 1630 2022 statuta,
1661 1956 1820 2026 eique
1844 1971 1875 2010 a
1903 1957 2302 2026 praedecessore
2341 1973 2441 2014 suo
2484 1958 2538 2013 in
2570 1958 2682 2026 jam
2712 1958 2937 2029 praefato
2965 1961 3217 2032 hospitali
3253 1966 3451 2020 donata

201 2052 282 2108 10
310 2058 473 2116 sunt,
487 2061 715 2119 quaeque
742 2047 811 2101 ah
832 2046 952 2116 ipso
980 2046 1067 2116 pia
1096 2045 1382 2101 devotione
1410 2045 1478 2099 ad
1521 2054 1871 2116 augmentum
1907 2045 2021 2115 jam
2058 2047 2188 2103 dicti
2232 2049 2549 2105 monasterii
2585 2049 2838 2120 adjuncta
2864 2061 3013 2117 sunt,
3040 2052 3154 2108 sive
3190 2055 3336 2127 agris
3371 2057 3453 2113 vel

318 2139 701 2205 vineis,~.etiam
727 2138 976 2193 domibus
1012 2152 1221 2192 necnon
1266 2139 1466 2193 rustica
1502 2137 1731 2204 familia,
1765 2153 1877 2193 suae
1899 2140 2243 2196 auctoritatis
2272 2141 2466 2214 pagina
2493 2157 2592 2213 pro
2614 2142 2727 2212 jam
2753 2143 3032 2200 nominata
3064 2147 3451 2204 monachorum

318 2230 738 2303 congregatione
762 2229 817 2284 in
844 2229 1036 2284 eodem
1064 2228 1397 2283 monasterio
1426 2228 1813 2284 conﬁrmavit...

384 2327 551 2401 ω
583 2325 684 2392 Qui
714 2323 1090 2380 sanctissimus
1114 2322 1310 2394 praesul
1339 2337 1528 2378 amore
1556 2323 1987 2379 venerandorum
2025 2332 2334 2381 sanctorum
2374 2323 2506 2380 fecit
2540 2325 2592 2379 in
2624 2327 2963 2401 ornamentis
3001 2329 3172 2400 ipsius
3206 2329 3452 2389 ecclesia:

320 2422 586 2486 absidam,
614 2419 827 2474 musivo
856 2432 1020 2488 opere
1042 2416 1373 2482 decoratam,
1400 2423 1456 2471 et
1479 2415 1762 2486 cyborium
1789 2414 1941 2469 mirae
1967 2415 2350 2486 magnitudinis
2372 2430 2440 2471 ex
2465 2424 2711 2487 argento,
2751 2432 2905 2488 pens.
2937 2419 3102 2478 libras
3128 2423 3454 2496 quingentas

317 2524 378 2568 et
417 2512 580 2568 semis
612 2518 666 2566 et
696 2509 886 2565 uncias
916 2517 1058 2564 octo.
1094 2507 1537 2577 Propitiatorinm
1581 2507 1812 2578 denique
1853 2508 1993 2563 sacri
2032 2507 2243 2572 altaris,
2274 2521 2369 2563 seu
2401 2506 2816 2572 confessionem,
2849 2510 3077 2566 interius
3105 2514 3454 2585 exteriusque

321 2625 444 2664 cum
474 2606 677 2679 rugulis
707 2607 819 2662 suis
845 2621 910 2661 ex
940 2605 1156 2660 laminis
1196 2606 1473 2677 argenteis
1514 2606 1711 2661 mirum
1758 2605 1812 2660 in
1858 2607 2075 2661 modum
2116 2606 2403 2676 perliciens
2444 2607 2700 2675 compsit,
2738 2618 2859 2674 qua:
2889 2604 3048 2658 simul
3091 2620 3246 2676 pens.
3287 2606 3454 2663 libras

150 2738 155 2741 -
206 2700 254 2754 5
327 2698 605 2768 sexaginta
627 2704 861 2766 quatuor
883 2704 939 2751 et
966 2698 1157 2752 uncias
1180 2696 1234 2751 5.
1262 2696 1344 2752 Ad
1371 2712 1585 2753 sacrum
1612 2713 1742 2752 vero
1773 2696 2012 2767 ejusdem
2045 2697 2268 2768 virginis
2301 2712 2500 2765 corpus
2527 2695 2724 2752 obtulit
2762 2692 3052 2764 imaginem
3082 2708 3152 2750 ex
3180 2699 3455 2768 argenteis

325 2790 561 2851 laminis,
592 2802 819 2857 pensan.
850 2787 1016 2858 libras
1049 2788 1339 2858 nonaginta
1368 2787 1627 2858 quinque.
1662 2786 1815 2842 Fecit
1843 2786 2005 2841 etiam
2049 2796 2177 2840 ante
2212 2784 2535 2840 vestibulum
2571 2784 2760 2839 altaris
2796 2783 3098 2855 regularem
3135 2786 3452 2842 investitum

322 2899 388 2937 ex
419 2881 632 2936 laminis
659 2879 932 2948 argenteis
960 2887 1014 2932 et
1034 2878 1300 2932 columnis
1329 2878 1558 2943 duabus,
1591 2878 1683 2932 ubi
1709 2887 1763 2933 et
1792 2878 1971 2948 posuit
1997 2894 2183 2932 arcum
2220 2893 2385 2932 unum
2411 2885 2467 2931 et
2490 2876 2826 2949 gammadias
2861 2877 3020 2940 duas,
3057 2892 3213 2947 pens.
3238 2878 3456 2935 insimul

324 2971 492 3024 libras
516 2976 733 3035 centum
758 2976 816 3021 et
843 2966 1028 3020 semis.
1054 2964 1262 3020 Obtulit
1285 2966 1358 3022 ibi
1384 2967 1497 3036 ipse
1527 2967 1792 3037 imagines
1819 2978 2104 3039 argenteas
2134 2968 2424 3023 deauratas
2449 2976 2584 3031 tres,
2612 2982 2837 3037 pensan.
2866 2967 3086 3022 insimul
3118 2967 3288 3025 libras
3320 2984 3455 3038 qua-

326 3044 577 3128 draginta
604 3065 660 3113 et
681 3067 806 3112 octo
831 3058 1016 3111 semis.
1049 3056 1351 3127 Smpefatus
1375 3074 1591 3128 quoque
1619 3060 1817 3129 pracsul
1862 3059 1990 3115 fecit
2028 3075 2124 3130 per
2153 3074 2315 3114 arcus
2341 3059 2581 3129 ejusdem
2621 3056 2864 3113 ecclesiae
2885 3057 3088 3112 calices
3116 3056 3351 3127 majores
3387 3074 3456 3114 ex

212 3152 293 3211 «10
328 3159 555 3222 argento
579 3149 769 3221 viginti
797 3157 852 3203 et
875 3163 992 3214 sex,
1016 3163 1173 3218 pens.
1203 3149 1424 3204 insimul
1450 3151 1616 3206 libras
1640 3160 1857 3206 centum
1885 3167 2077 3206 novem
2116 3160 2173 3205 et
2207 3148 2390 3205 semis.
2428 3147 2562 3203 Item
2586 3147 2677 3203 ubi
2703 3163 2869 3219 supra
2893 3148 3088 3203 obtulit
3111 3149 3349 3204 canistra
3386 3165 3456 3206 ex

325 3252 550 3316 argento
570 3241 698 3305 duo,
729 3254 954 3310 pensan.
988 3239 1155 3295 libras
1184 3239 1318 3295 duas
1344 3250 1401 3295 et
1423 3241 1612 3295 uncias
1634 3250 1795 3304 octo;
1835 3242 2125 3311 gabatham
2155 3255 2222 3295 ex
2252 3254 2387 3294 auro
2412 3238 2726 3309 purissimo,
2767 3253 2920 3308 pens.
2952 3238 3120 3293 libras
3148 3252 3280 3294 tres.
3307 3239 3459 3296 Fecit

318 3333 433 3401 jam
477 3330 766 3403 praedictus
804 3328 1046 3398 pontifex
1091 3328 1331 3384 canistra
1361 3328 1565 3385 enal'oti
1605 3345 1668 3384 ex
1710 3339 1936 3401 argento
1964 3331 2091 3394 dum,
2130 3345 2359 3399 pensan.
2391 3329 2561 3383 libras
2589 3329 2797 3394 decem,
2826 3330 3089 3400 gabathas
3123 3344 3192 3384 ex
3231 3339 3457 3400 argento

326 3434 459 3486 tres,
487 3435 713 3492 pensan.
747 3418 912 3473 libras
937 3420 1198 3488 quinque,
1233 3420 1562 3475 tlturibulnm
1598 3435 1663 3474 ex
1688 3431 1917 3491 argento
1942 3421 2300 3485 deauratom,
2342 3435 2497 3489 pens.
2526 3419 2650 3474 libr.
2688 3434 2870 3473 unam.
2915 3418 3014 3474 llic
3040 3420 3457 3490 benignissimus

323 3511 516 3585 praesul
540 3509 732 3565 obtulit
762 3508 814 3562 in
841 3523 999 3564 sacro
1022 3507 1181 3562 altari
1202 3517 1406 3563 vestem
1432 3508 1500 3563 de
1525 3508 1755 3562 blatthin
1778 3508 2071 3579 Byzantea,
2103 3509 2389 3565 habentem
2420 3509 2473 3564 in
2509 3508 2687 3562 medio
2715 3508 2953 3563 tabulam
2987 3508 3057 3564 de
3085 3509 3454 3581 clu'ysOclavo,

214 3607 291 3661 15
328 3620 450 3660 cum
474 3600 698 3658 historia
721 3598 954 3669 qualiter
985 3598 1206 3669 angelus
1228 3599 1442 3653 beatam
1462 3598 1755 3666 Czceiliam,
1784 3614 1878 3653 seu
1907 3599 2352 3665 Valerianumret
2376 3598 2697 3670 'Pyburtium
2722 3600 3025 3665 coronavit,
3058 3615 3179 3656 cum
3204 3602 3458 3674 periclysi

326 3703 394 3755 de
450 3695 800 3768 chrysoclavo
837 3693 991 3747 mira:
1029 3691 1444 3762 pulchritudinis
1469 3702 1808 3749 exornatam.
1840 3692 1974 3747 item
2010 3693 2084 3748 ibi
2126 3693 2256 3750 fecit
2285 3703 2489 3750 vestem
2514 3692 2582 3749 de
2607 3692 2831 3748 fundato
2861 3691 3113 3763 alytbino
3167 3694 3457 3749 habentem

323 3794 379 3847 in
407 3789 635 3845 circuitu
665 3784 954 3857 periclysin
986 3784 1053 3838 de
1078 3784 1316 3839 olovero.

403 3868 563 3958 M1
596 3882 676 3938 Ob
704 3893 942 3935 amorem
970 3872 1208 3942 ejusdem
1238 3872 1465 3943 virginis
1496 3872 1621 3929 fecit
1661 3873 1821 3928 aliam
1850 3883 2050 3929 vestem
2077 3875 2144 3932 de
2170 3875 2392 3931 fundato
2420 3879 2823 3950 porphyretico,
2862 3882 3151 3936 habentem
3189 3882 3243 3937 in
3279 3880 3458 3936 medio

323 3990 539 4031 crucem
566 3988 632 4028 ex
661 3985 795 4026 auro
824 3977 993 4032 texto,
1009 3975 1221 4035 compte
1248 3964 1576 4018 decoratant.
1604 3965 1894 4021 Enimvero
1922 3968 1974 4021 in
1995 3966 2108 4036 jam
2130 3968 2275 4023 dicto
2301 3968 2458 4024 altari
2485 3970 2679 4026 obtulit
2704 3982 2907 4029 vestem
2936 3974 3456 4045 albam...sigillatam

322 4080 449 4119 cum
478 4062 697 4127 rosulis,
728 4057 1016 4113 habentem
1051 4058 1104 4112 in
1152 4055 1331 4110 medio
1357 4070 1574 4109 crucem
1605 4056 1671 4110 de
1699 4055 1950 4120 blattbin,
1973 4073 2095 4111 cum
2125 4058 2315 4127 psilliis
2340 4069 2396 4115 et
2434 4061 2722 4133 periclysin
2742 4061 2831 4117 de
2871 4061 3103 4117 blattbin
3145 4062 3417 4134 Byzantea
3437 4103 3454 4128 ,

322 4154 688 4227 pulcherrime
716 4160 1055 4206 exornatam.
1086 4147 1293 4204 Obtulit
1334 4155 1391 4200 et
1422 4147 1474 4200 in
1515 4147 1908 4215 praenominato
1937 4147 2096 4201 altari
2120 4157 2323 4203 vestem
2359 4150 2425 4205 de
2452 4153 2812 4225 quadrapulo.
2851 4157 3186 4214 Venerabilis
3214 4158 3459 4229 pontifex

205 4250 248 4306 5
331 4248 457 4304 fecit
486 4245 601 4301 vela
629 4242 867 4313 alithyna
896 4238 1128 4310 pendeo.
1154 4237 1207 4290 in
1238 4235 1464 4290 circuitu
1505 4234 1692 4290 altaris
1720 4244 1984 4305 quatuor,
2031 4238 2293 4294 habentes
2334 4256 2558 4308 cruces,
2607 4256 2662 4300 et
2707 4249 3042 4319 gammadias
3063 4250 3131 4305 de
3158 4249 3382 4306 fundato
3405 4259 3464 4305 et

328 4334 684 4408 quadrapulo.
715 4333 771 4387 In
797 4330 1051 4384 arcellam
1098 4342 1247 4393 vero,
1278 4326 1367 4380 ubi
1393 4325 1700 4380 venerabile
1728 4336 1890 4397 caput
1918 4326 2158 4397 ejusdem
2184 4329 2410 4401 virginis
2436 4336 2696 4409 condidit,
2728 4340 2856 4395 fecit
2884 4352 3089 4397 vestem
3131 4357 3354 4413 parvam
3393 4341 3464 4398 de

325 4428 513 4501 Tyrio,
544 4443 667 4484 cum
695 4421 945 4496 periclysi
975 4419 1043 4475 de
1070 4419 1321 4474 blattltin.
1355 4416 1560 4473 Obtulit
1591 4417 1681 4472 ubi
1710 4434 1873 4489 supra
1905 4429 2112 4475 vestem
2140 4422 2209 4477 de
2226 4421 2451 4479 fundato
2476 4429 2715 4496 prasino.
2749 4430 2860 4485 lmo
2887 4440 2944 4486 et
2971 4432 3132 4486 aliam
3162 4441 3367 4488 vestem
3395 4432 3464 4486 de

322 4524 561 4581 stauraci
585 4538 708 4579 cum
729 4516 977 4592 periclysi
1005 4516 1071 4569 de
1097 4513 1336 4579 olovero,
1362 4524 1417 4568 et
1440 4521 1645 4568 vestem
1676 4513 1742 4568 de
1771 4510 2001 4567 hlatthin
2024 4527 2148 4567 cum
2178 4515 2432 4586 periclysi
2462 4519 2528 4573 de
2554 4518 2801 4575 fundato.
2825 4520 2975 4575 Fecit
2993 4522 3156 4575 etiam
3183 4521 3238 4574 in
3261 4520 3462 4575 arcella

322 4616 392 4671 ad
427 4630 624 4685 corpus
646 4614 759 4683 jam
782 4611 939 4665 dictae
971 4613 1195 4681 virginis
1226 4622 1430 4667 vestem
1452 4611 1518 4666 de
1545 4609 1897 4680 quadrapulo,
1928 4626 2052 4664 cum
2086 4610 2358 4681 periclysi.
2397 4608 2570 4664 Porro
2594 4620 2648 4665 et
2672 4609 2833 4664 aliam
2862 4619 3068 4665 vestem
3091 4611 3158 4666 de
3182 4619 3458 4675 staurace,

207 4709 282 4765 10
320 4720 446 4763 cum
490 4702 739 4776 periclysi
782 4703 847 4757 de
890 4701 1126 4756 olovero.
1157 4701 1213 4755 ln
1235 4701 1348 4770 jam
1379 4702 1519 4755 dicta
1560 4698 1789 4754 ecclesia
1819 4697 1947 4752 fecit
1974 4699 2093 4762 vela
2120 4697 2307 4769 Tyria,
2332 4713 2455 4753 cum
2490 4699 2739 4770 periclysi
2779 4700 2846 4754 de
2873 4701 3101 4754 blatthin
3150 4700 3420 4771 Byzantea
3440 4741 3456 4766 ,

318 4812 548 4852 numero
572 4793 761 4864 viginti
806 4792 1066 4862 quinque.
1119 4791 1248 4845 Item
1276 4790 1399 4844 vela
1435 4790 1691 4858 prasina,
1736 4801 1859 4842 cum
1905 4788 2155 4859 periclysi
2202 4789 2269 4843 de
2307 4787 2557 4855 olovero,
2600 4803 2826 4845 numero
2852 4798 3104 4860 quatuor.
3137 4787 3344 4844 Obtulit
3368 4788 3460 4843 ubi

321 4908 487 4962 supra
513 4890 635 4946 vela
679 4888 918 4957 alithyna
939 4926 953 4951 ,
984 4899 1105 4940 cum
1135 4883 1381 4954 periclysi
1414 4882 1481 4936 de
1509 4880 1770 4944 blattbin,
1798 4894 2029 4935 numero
2056 4880 2199 4945 tria;
2242 4877 2511 4948 simulque
2559 4878 2678 4933 vela
2725 4879 2793 4934 de
2840 4878 3062 4933 fundato
3095 4882 3297 4947 parva,
3336 4892 3460 4932 cum

318 4981 574 5053 periclysi
600 4980 667 5034 de
692 4976 949 5038 blattbin,
980 4986 1204 5026 numero
1236 4970 1361 5024 duo.
1401 4969 1614 5024 Pariter
1655 4968 1774 5023 vela
1823 4968 1986 5038 tyria,
2027 4982 2150 5022 cum
2187 4966 2440 5037 periclysi
2470 4966 2536 5023 de
2572 4965 2798 5023 fundato
2826 4967 2952 5023 duo.
2995 4966 3096 5023 llic
3134 4966 3461 5023 venerabilis
3506 5008 3509 5019 .

318 5083 377 5130 et
404 5074 701 5146 praeclarus
721 5073 961 5143 pontifex
982 5072 1110 5126 fecit
1130 5086 1227 5141 per
1253 5085 1413 5127 arcus
1433 5069 1546 5141 jam
1570 5069 1727 5125 dictae
1752 5066 1995 5122 ecclesia:
2033 5064 2153 5120 vela
2206 5065 2273 5119 de
2319 5063 2542 5120 fundato
2571 5079 2800 5121 numero
2825 5064 3134 5128 duodecim,
3158 5071 3215 5119 et
3236 5063 3302 5117 de
3327 5078 3461 5132 qna-

204 5168 285 5223 15
325 5165 553 5236 drapulo
585 5164 1026 5235 quatuordecim.
1063 5162 1214 5216 Fecit
1257 5171 1314 5216 et
1360 5162 1412 5216 in
1455 5177 1585 5217 arcu
1627 5157 1944 5231 presbyterii
1975 5155 2094 5212 vela
2127 5169 2319 5225 parva,
2350 5168 2472 5209 cum
2511 5154 2760 5224 periclysi
2802 5155 2871 5210 de
2909 5153 3140 5209 blatthin
3170 5154 3457 5224 byzantea,

326 5271 551 5312 numero
578 5255 884 5310 duodecim.
914 5254 1013 5309 llic
1038 5270 1069 5308 a
1093 5253 1203 5307 Deo
1230 5262 1506 5322 protectus
1539 5248 1868 5306 venerabilis
1887 5246 2089 5318 praesul
2119 5245 2248 5302 fecit
2272 5246 2340 5316 fin
2372 5245 2619 5315 ingressu
2642 5246 2882 5316 ejusdem
2920 5245 3163 5301 ecclesiae
3183 5244 3459 5300 cortinam

322 5345 583 5414 majorem
614 5344 683 5399 de
707 5343 1045 5414 quadrapulo
1073 5350 1405 5398 etstaurace
1434 5339 1795 5408 pulcherrime
1822 5346 2170 5394 exornatam.

387 5434 551 5507 “2
592 5435 709 5504 Ipse
756 5433 920 5488 etiam
969 5433 1288 5503 saepedictus
1337 5427 1575 5499 pontifex
1625 5430 1966 5484 monasteriis
2010 5429 2442 5496 circumquaque
2487 5430 2813 5483 constructis
2859 5427 3101 5498 vigilanti
3153 5440 3284 5482 cura
3330 5424 3462 5480 satis

318 5522 500 5578 animo
548 5536 763 5592 gerens,
816 5519 1052 5589 quidque
1095 5519 1355 5573 haberent
1387 5515 1691 5586 inquirens,
1738 5516 1942 5584 reperit
1974 5517 2086 5585 ipse
2122 5514 2243 5585 pius
2264 5512 2920 5583 pontifexmonasterium
2959 5513 3132 5569 sancti
3186 5511 3359 5583 Sergii
3407 5519 3461 5566 et

319 5610 537 5678 Bacchi,
567 5617 690 5680 post
719 5608 948 5662 formam
983 5605 1327 5675 aquaeductus
1356 5602 1671 5674 patriarcbii
1721 5601 2099 5657 Lateranensis
2138 5600 2398 5672 positum,
2427 5600 2589 5655 rebus
2623 5602 2875 5657 omnibus
2923 5600 3245 5664 desolatum,
3280 5599 3353 5653 ita
3404 5606 3464 5652 ut

318 5704 638 5759 ancillarum
670 5701 766 5758 Dei
789 5698 1150 5769 congregatio,
1167 5714 1289 5769 qua:
1315 5696 1514 5752 ibidem
1538 5695 1735 5761 inerat,
1758 5694 2090 5763 paupertatis
2107 5694 2281 5764 inopia
2306 5692 2480 5748 nullas
2520 5690 2873 5762 omnipotenti
2898 5689 3126 5744 Domino
3153 5687 3463 5755 sanctisque

246 5796 283 5850 5
321 5795 461 5851 illius
493 5795 681 5850 laudes
710 5793 1001 5848 decantare
1027 5791 1284 5847 valerent.
1316 5788 1432 5857 Qua
1482 5787 1805 5845 venerabilis
1835 5794 2016 5856 pastor
2068 5784 2411 5843 iuwisitione
2456 5784 2523 5839 ad
2573 5784 2827 5853 pietatem
2881 5788 3203 5846 commotus,
3232 5776 3462 5833 l‘atnulas
