4026 6326
525 453 663 512 ηθτ
1698 448 1834 503 ANA
1844 445 2060 502 STASII
2090 444 2115 498 Ι

2233 441 2635 500 .IOTHECARII
2982 427 3006 434 ”
3673 421 3823 480 1268

661 563 763 620 Dei
790 562 1022 633 qualiter
1046 562 1187 617 bene
1213 540 1568 631 religioseque
1592 572 1714 615 esse
1734 557 1941 627 possint
1963 554 2205 625 perfecit.
2262 554 2331 608 Et
2372 553 2426 608 in
2459 567 2527 607 eo
2553 550 2944 606 monachorum
2999 556 3299 616 aggregans
3348 537 3552 596 statuit
3576 548 3825 633 conven-

665 624 887 720 tionem,
925 651 1108 707 multis
1160 651 1299 706 idem
1314 624 1937 705 'monasteriumiditans
1964 624 2330 708 facultatibus,
2372 651 2427 697 et
2455 640 2508 695 in
2538 637 2777 702 familiis,
2812 634 3029 699 massis,
3060 636 3252 698 vineis,
3282 630 3566 691 domibus,
3599 624 3826 679 urbanis

668 746 754 803 vel
780 747 999 801 rusticis
1046 745 1182 801 locis
1235 743 1556 815 amplianter
1602 737 2036 806 sufﬁcienterqm:
2083 734 2483 804 multiplicavit,
2530 741 2799 801 quatenus
2828 729 2943 796 ipsa
2978 724 3325 796 congregatio
3360 719 3647 778 residens.
3684 714 3831 770 omni

672 837 1001 894 necessitate
1028 801 1346 908 postposita:
1374 833 1469 888 soli
1498 833 1609 886 Deo
1629 801 2105 897 sanctisque-illius
2129 801 2315 881 laudes
2333 831 2388 878 et
2417 824 2645 894 hymnos
2664 830 2825 876 nocte
2858 820 3053 887 dieque
3074 812 3416 871 modulanter
3442 809 3504 865 in
3524 801 3832 863 ηοω-2δίιὶ

568 929 639 986 l0
672 928 903 987 ecclesia
931 926 1229 983 Salvatoris
1256 925 1469 982 Domini
1492 922 1661 978 nostri
1696 920 1822 976 Jesu
1855 917 2054 973 Christi
2080 917 2181 972 sila
2200 916 2354 985 juxta
2384 915 2679 969 Lateranas
2707 914 3041 967 decantaret.

741 1017 905 1091 443
945 1017 1215 1072 Praeterea
1257 1017 1311 1070 in
1340 1013 1586 1071 oratorio
1615 1012 2047 1071 beatissimorum
2097 1017 2394 1081 martyrum
2440 1004 2683 1060 Processi
2738 1012 2793 1058 et
2839 999 3168 1060 Martiniani,
3211 996 3317 1051 sito
3347 990 3498 1049 infra
3540 987 3835 1045 ecclesiam

675 1078 991 1168 δεῇ-ἔθιτί
1025 1109 1284 1180 principis
1309 1107 1697 1178 apostolorum,
1724 1106 1867 1176 quod
1915 1113 1973 1160 et
2014 1104 2156 1160 idem
2186 1078 2301 1173 ipse
2326 1096 2649 1160 construxit,
2677 1096 2872 1151 obtulit
2909 1091 3199 1162 imaginem
3232 1103 3301 1143 ex
3338 1098 3484 1138 auro
3514 1078 3839 1153 purissime.

676 1200 968 1257 habentem
1013 1168 1219 1256 vultum
1245 1168 1445 1254 sanctae
1490 1198 1583 1253 Dei
1630 1168 1939 1263 Genitricis,
1984 1168 2221 1265 pensan.
2251 1194 2416 1248 libras
2465 1194 2652 1247 decem
2705 1198 2761 1244 et
2786 1187 2974 1243 uncias
3024 1193 3273 1255 quatuor.
3313 1177 3393 1234 lbi
3454 1184 3515 1230 et
3542 1174 3669 1243 ipse
3705 1168 3833 1226 fecit

678 1297 885 1346 vestem
911 1289 978 1345 de
1009 1289 1236 1345 blatthin
1258 1289 1553 1362 Byzantea,
1573 1286 1862 1343 habentem
1891 1284 2099 1341 tabulas
2124 1284 2192 1338 de
2219 1281 2568 1352 cbrysoclavo
2596 1281 2747 1344 duas,
2780 1293 2903 1334 eum
2933 1276 3083 1329 vultu
3106 1272 3244 1327 beati
3267 1266 3419 1324 Petri
3444 1275 3507 1322 et
3526 1270 3843 1362 sanctorum

611 1381 646 1439 5
681 1389 980 1452 martyrum
1009 1380 1254 1437 Processi
1275 1352 1331 1437 et
1353 1380 1679 1446 Martiniani,
1705 1388 1761 1434 et
1780 1378 2066 1450 periclysin
2096 1375 2163 1431 de
2182 1375 2558 1448 chrysoclavo,
2589 1373 2725 1427 mira
2751 1367 3146 1442 pulchritudine
3170 1362 3516 1418 decoratam.
3544 1355 3671 1411 illic
3688 1352 3842 1408 etiam

683 1445 878 1529 obtulit
937 1480 1147 1528 vestem
1196 1470 1554 1527 holosericam
1582 1510 1597 1535 ,
1650 1445 1963 1526 habentem
1996 1471 2049 1524 in
2108 1445 2297 1524 medio
2327 1467 2565 1523 tabulam
2621 1466 2687 1520 de
2740 1461 3113 1534 chrysoclavo,
3161 1472 3285 1513 cum
3335 1453 3496 1507 vultu
3553 1445 3849 1505 Dominicz

686 1563 1104 1620 resurrectionis
1151 1563 1362 1619 Domini
1417 1563 1589 1618 nostri
1632 1560 1758 1617 Jesu
1809 1562 2047 1626 Christi,
2099 1570 2155 1618 et
2193 1559 2480 1632 periclysin
2533 1560 2601 1614 de
2658 1556 2886 1613 blatthin
2925 1553 3230 1625 Byzantea,
3286 1541 3678 1617 pulcherrime
3712 1550 3847 1591 cont-

686 1661 855 1726 ptam.
892 1653 1087 1710 Verum
1131 1653 1406 1708 enimvero
1445 1652 1650 1708 sanctis
1686 1652 1891 1708 eisdem
1937 1652 2057 1707 vela
2104 1627 2447 1715 holoserica,
2501 1663 2624 1704 cum
2674 1643 2925 1717 periclysi
2975 1643 3042 1698 de
3089 1633 3467 1710 quadrapulo,
3512 1639 3579 1686 et
3625 1627 3847 1683 blatthin

687 1719 959 1820 Dyzantca
994 1748 1190 1805 obtulit
1221 1762 1449 1805 numero
1485 1761 1698 1801 novem.
1729 1745 1833 1802 Ubi
1871 1754 1927 1801 et
1981 1760 2144 1814 supra
2172 1742 2300 1799 fecit
2322 1743 2441 1798 vela
2489 1755 2654 1811 parva
2698 1740 2764 1795 de
2787 1735 2974 1808 Tyrio,
3015 1745 3138 1787 cum
3172 1723 3433 1798 periclysi
3488 1722 3566 1777 de
3610 1719 3850 1780 fundato,

586 1838 657 1896 5.0
691 1854 918 1895 numero
948 1855 1063 1896 sex.
1089 1841 1443 1899 Thuribulum
1467 1843 1534 1898 de
1559 1852 1787 1914 argento
1806 1850 2066 1898 exaurato
2101 1839 2349 1903 mirifice,
2384 1852 2539 1908 pens.
2572 1837 2695 1891 libr.
2724 1849 2907 1889 unam.
2940 1830 2997 1885 In
3021 1823 3263 1884 oratorio
3290 1830 3484 1876 autem
3508 1816 3851 1874 hausimu-

694 1948 812 1988 rum
840 1941 1139 2004 martyrum
1179 1934 1317 1990 Sixti
1344 1946 1399 1992 et
1420 1910 1652 1991 Fabiani
1685 1935 1799 2005 jam
1839 1937 2153 1990 nominatus
2182 1932 2422 2003 pontifex
2470 1931 2596 1985 fecit
2642 1927 2907 2000 gabatbas
2928 1939 2995 1980 ex
3042 1925 3267 1991 argento
3307 1924 3449 1980 tres,
3486 1926 3656 1984 peris.

696 2026 936 2097 quinque
961 2002 1016 2082 et
1045 2028 1233 2083 uncias
1274 2043 1388 2085 sex.
1440 2029 1580 2083 Ante
1614 2002 1900 2097 imaginem
1938 2043 2152 2098 quoque
2200 2027 2368 2098 ipsius
2412 2023 2633 2080 oratorii
2680 2021 2809 2077 fecit
2853 2017 3029 2073 velum
3077 2015 3144 2069 de
3185 2008 3583 2082 cbrysoelavo,
3643 2002 3855 2059 miriﬁce

698 2118 1036 2175 decoratum.
1062 2119 1241 2189 Supra
1265 2134 1451 2176 eorum
1501 2092 1809 2175 venerabile
1852 2092 2023 2174 alta—re
2052 2092 2191 2174 fecit
2220 2092 2430 2173 vestem
2474 2116 2540 2170 de
2581 2113 2843 2184 alithyno,
2873 2108 3162 2163 habentem
3214 2103 3269 2156 in
3318 2099 3509 2155 medio
3544 2107 3769 2152 crucem
3799 2092 3857 2147 de

700 2207 930 2266 blatthin
966 2183 1272 2281 Byzan-tea,
1322 2218 1378 2265 et
1430 2211 1718 2282 periclysin
1780 2210 2030 2266 similiter
2077 2211 2143 2266 de
2190 2209 2440 2266 blatthin.
2475 2205 2651 2266 Simili
2713 2183 2870 2259 modo
2926 2200 2980 2255 in
3023 2197 3135 2265 jam
3174 2194 3318 2249 dicto
3363 2189 3643 2261 {oratorio

597 2298 668 2361 15
703 2278 1023 2370 smpedictus
1071 2300 1314 2371 pontifex
1369 2278 1573 2358 vestem
1600 2278 1979 2366 holosericam,
2008 2303 2297 2357 habentem
2324 2302 2376 2357 in
2405 2299 2585 2354 medio
2605 2309 2796 2351 cruces
2824 2294 2890 2349 de
2913 2287 3266 2360 ebrysoclavo
3292 2288 3454 2350 duas,
3488 2291 3550 2338 et
3581 2278 3859 2351 periciysin

705 2393 772 2448 de
803 2394 1038 2448 stauraci
1069 2368 1301 2449 diversis
1330 2392 1639 2462 margaritis
1665 2401 1936 2447 ornatam.
1960 2391 2159 2447 Ibidem
2191 2391 2305 2463 ipse
2331 2391 2461 2445 fecit
2490 2388 2648 2443 aliam
2680 2396 2885 2442 vestem
2918 2382 2984 2436 de
3008 2379 3246 2443 fundato,
3271 2376 3581 2431 habentem
3614 2374 3669 2427 in
3702 2368 3861 2425 metis

702 2500 919 2543 crucem
943 2485 1009 2540 de
1034 2485 1280 2540 blatthin.
1308 2458 1475 2540 Fecit
1488 2485 1652 2539 etiam
1678 2485 1745 2539 ad
1769 2492 2021 2539 ornatum
2042 2458 2284 2553 prmdicti
2311 2481 2535 2536 oratorii
2558 2479 2679 2533 vela
2709 2476 2775 2532 de
2803 2473 3064 2545 alithyno,
3093 2484 3213 2523 eum
3240 2464 3511 2535 periclysi
3554 2463 3625 2517 de
3646 2458 3861 2516 διδωμι

706 2578 977 2651 Byzantea
1034 2593 1262 2633 numero
1303 2584 1555 2648 quatuor.
1609 2573 1888 2644 Simulque
1945 2551 2063 2627 vela
2104 2572 2425 2637 holoserica,
2471 2585 2593 2627 cum
2646 2565 2898 2638 periclysi
2948 2562 3016 2617 de
3043 2557 3385 2630 quadrapulo
3425 2564 3483 2612 et
3539 2554 3615 2609 de
3659 2551 3865 2608 clarere

711 2684 939 2729 numero
979 2678 1230 2739 quatuor.

789 2759 955 2834 444
987 2731 1088 2816 llic
1118 2759 1535 2830 benignissimus
1582 2756 1785 2827 praesul
1837 2756 1962 2811 fecit
2008 2756 2061 2811 in
2091 2756 2320 2811 ecclesia
2374 2755 2651 2809 beatorum
2693 2757 2999 2820 martyrum
3018 2731 3328 2799 Cosmaeet
3372 2736 3660 2800 Damiani,
3692 2736 3747 2789 ir.
3790 2733 3865 2786 via

720 2852 910 2918 Sacra,
940 2863 1144 2908 vestem
1173 2851 1241 2906 de
1277 2850 1414 2920 tyrio
1460 2848 1747 2903 habentem
1803 2847 1856 2902 in
1899 2848 2076 2902 medio
2103 2847 2338 2901 tabulam
2374 2846 2440 2900 de
2465 2843 2839 2915 chrysoclavo,
2869 2830 3007 2895 cum
3048 2834 3198 2889 vultu
3256 2828 3478 2885 Domini
3527 2825 3707 2881 nostri
3754 2821 3871 2876 Jesn

718 2945 944 3010 Christi,
966 2955 1127 3015 atque
1157 2915 1439 2999 beatorum
1472 2949 1770 3012 martyrum
1790 2939 2000 2995 Cosmaa
2031 2948 2085 2994 et
2117 2938 2386 3003 Damiani,
2413 2953 2536 2994 cmn
2564 2936 2684 2990 aliis
2729 2933 2904 2988 tribus
2935 2925 3216 2988 fratribus,
3251 2936 3377 2976 cum
3427 2932 3601 2974 cruce
3633 2915 3706 2969 de
3748 2927 3879 2967 auro

723 3043 890 3099 texto,
918 3042 974 3088 et
1000 3011 1288 3104 periclysin
1311 3011 1626 3086 de‘olovero
1657 3029 2017 3099 pulcherrime
2042 3038 2311 3099 comptam
2360 3037 2522 3098 atque
2563 3026 2895 3081 decoratam.
2944 3019 3118 3088 Supra
3169 3026 3358 3070 eorum
3418 3011 3667 3080 denique
3697 3016 3881 3063 sancte

652 3122 686 3177 5
724 3121 880 3176 altari
903 3094 1096 3177 obtulit
1130 3094 1530 3189 coopertorium
1561 3120 1628 3174 de
1657 3094 1821 3189 tyrio,
1847 3120 2073 3173 mirifice
2097 3094 2570 3173 decoratum—lino
2604 3130 2733 3169 vero
2777 3120 2905 3167 ante
2940 3102 3267 3163 vestibulum
3317 3101 3490 3170 ipsius
3530 3097 3726 3151 altaris
3756 3094 3880 3149 fecit

730 3214 850 3270 vela
878 3214 1040 3285 tyria,
1067 3229 1187 3268 cum
1212 3212 1464 3283 periclysi
1494 3213 1559 3267 de
1584 3212 1813 3265 blatthin
1842 3210 2119 3280 byzantea,
2157 3224 2381 3263 numero
2411 3210 2533 3269 tria.
2570 3205 2903 3262 Venerabilis
2942 3204 3107 3259 etiam
3149 3196 3392 3271 pontifex
3430 3194 3557 3250 fecit
3608 3194 3664 3248 in
3696 3205 3881 3247 mona-

730 3309 897 3364 sterio
920 3307 1218 3363 Salvatoris
1244 3307 1454 3361 Domini
1480 3306 1648 3360 nostri
1685 3303 1809 3359 .lesu
1837 3304 2063 3363 Christi.
2097 3304 2200 3357 sito
2245 3302 2298 3356 in
2356 3302 2631 3356 territorio
2680 3300 2933 3365 Reatino,
2986 3306 3193 3353 vestem
3221 3293 3292 3349 de
3337 3289 3714 3362 chrysoelavo,
3757 3302 3883 3343 eum

729 3398 958 3455 historia
997 3399 1230 3469 qualiter
1252 3398 1399 3452 idem
1435 3395 1695 3451 Dominus
1725 3405 1910 3449 noster
1947 3393 2103 3448 Jesus
2141 3392 2393 3447 Christus
2418 3407 2539 3447 cum
2588 3390 2928 3460 archangelis
2962 3399 3016 3446 et
3044 3390 3307 3460 apostolis
3332 3389 3384 3442 in
3420 3384 3549 3441 eicio
3581 3390 3885 3445 coruscat,

733 3488 871 3544 mira
902 3487 1559 3558 pulchritudinediversis
1581 3495 1830 3541 ornatam
1864 3482 2191 3553 margaritis.
2216 3482 2348 3538 Item
2378 3483 2429 3537 in
2455 3483 2570 3554 jam
2598 3483 2743 3538 dicto
2781 3484 3111 3540 monasterio
3151 3482 3220 3536 ad
3247 3487 3477 3536 ornatum
3499 3474 3644 3530 sacri
3673 3472 3893 3526 altaris

629 3579 699 3639 10
732 3578 895 3635 aliam
932 3578 1125 3635 obtulit
1145 3587 1350 3635 vestem
1378 3580 1445 3633 de
1474 3577 1716 3639 fundato,
1749 3574 2037 3629 habentem
2062 3586 2252 3627 cruces
2293 3572 2360 3625 de
2389 3572 2616 3627 blatthin
2661 3574 2946 3644 byzantea,
2982 3580 3039 3628 et
3070 3572 3362 3644 periclysin
3398 3570 3457 3624 de
3492 3563 3887 3635 chi-vendam.

736 3673 966 3729 miriﬁce
994 3681 1331 3728 exornatam.
1364 3671 1486 3727 Pari
1529 3668 1687 3724 modo
1728 3669 1779 3722 in
1814 3666 2044 3721 ecclesia
2078 3664 2225 3719 beati
2277 3663 2484 3719 Menum
2531 3666 2784 3737 martyris
2825 3665 2953 3721 fecit
2981 3674 3187 3720 vestem
3223 3664 3292 3719 de
3344 3657 3703 3731 quadrapulo,
3762 3671 3891 3711 cum

737 3765 993 3839 periclysi
1020 3766 1085 3820 de
1106 3764 1338 3821 blatthin
1370 3765 1650 3835 byzantea.
1683 3759 1782 3817 Hic
1810 3757 2186 3815 sanctissimus
2222 3764 2276 3812 et
2330 3756 2672 3828 coangelicus
2709 3759 2908 3829 praesul
2948 3759 3144 3814 obtulit
3184 3760 3237 3813 in
3273 3756 3499 3814 ecclesia
3545 3752 3696 3810 beati
3744 3748 3892 3806 Petri

737 3865 967 3937 apostoli
996 3866 1049 3919 in
1074 3859 1459 3920 Centumcellis
1485 3855 1713 3912 calicem
1735 3860 1791 3907 et
1809 3857 2059 3921 patenam
2082 3862 2149 3903 ex
2173 3858 2400 3919 argento
2421 3849 2728 3916 deauratas,
2756 3866 2980 3922 pensan.
3013 3850 3183 3906 libras
3204 3857 3434 3920 quatuor
3457 3855 3518 3901 et
3537 3846 3733 3900 uncias
3754 3854 3887 3897 tres.

813 3955 977 4029 445
1016 3955 1306 4010 Enimvero
1341 3959 1397 4007 et
1437 3950 1491 4006 in
1543 3945 1771 4004 ecclesia
1808 3942 1951 4000 beati
1985 3941 2133 3998 Petri
2163 3940 2391 4011 apostoli
2428 3940 2657 3996 fautoris
2705 3942 2788 3997 sui
2838 3941 2972 3999 fecit
3000 3940 3335 4012 evangelium
3382 3953 3505 3994 cum
3546 3936 3790 3991 blatthin
3827 3950 3893 3988 ex

747 4062 994 4125 argento,
1036 4064 1264 4124 pensan.
1312 4049 1479 4103 libras
1509 4054 1632 4102 octo
1661 4054 1714 4100 et
1744 4044 1933 4100 uncias
1978 4050 2119 4098 octo.
2153 4040 2579 4111 Benignissimus
2624 4053 2840 4110 quoque
2878 4038 3075 4108 praesul
3112 4038 3240 4093 fecit
3266 4038 3320 4091 in
3364 4032 3707 4089 monasterio
3752 4030 3893 4089 beati

747 4147 1005 4218 Stephani
1037 4143 1451 4216 protomartyris
1472 4143 1538 4197 ad
1564 4152 1809 4197 sanctum
1835 4139 2051 4194 Petrum
2072 4146 2250 4191 vestes
2277 4137 2425 4190 albas
2458 4135 2786 4192 holoseriCas
2811 4144 3065 4205 quatuor,
3095 4134 3356 4190 habentes
3384 4131 3436 4185 in
3464 4128 3650 4184 medio
3675 4143 3893 4183 crucem

752 4246 983 4301 de'anro
1013 4252 1180 4306 texto,
1215 4256 1338 4296 cum
1376 4239 1606 4295 diversis
1646 4235 1978 4308 margaritis,
2024 4243 2080 4289 et
2113 4231 2369 4304 periclysi
2409 4231 2475 4286 de
2517 4230 2767 4294 blatthin,
2814 4230 3044 4285 mirifice
3073 4229 3377 4285 decoratas.
3424 4226 3557 4281 Item
3604 4226 3707 4280 ubi
3737 4239 3893 4296 supra

674 4336 714 4394 Β
745 4337 945 4394 obtulit
978 4337 1402 4404 praenominatus
1442 4333 1684 4404 pontifex
1713 4342 1917 4388 vestem
1962 4333 2028 4386 de
2073 4330 2321 4396 fundato,
2370 4329 2658 4384 habentem
2698 4327 2752 4382 in
2800 4327 2978 4382 medio
3024 4341 3243 4381 crucem
3288 4340 3356 4379 ex
3401 4338 3535 4378 auro
3565 4330 3805 4384 textam,
3845 4330 3895 4375 et

752 4430 1043 4505 periclysin
1070 4431 1135 4485 de
1159 4431 1531 4501 cbrysoclavo.
1560 4427 1892 4496 SiCthliClllS
1915 4426 2145 4494 denique
2177 4423 2376 4495 praesul
2404 4423 2535 4478 fecit
2564 4424 2615 4477 in
2637 4420 2750 4491 jam
2781 4421 2925 4476 dicto
2955 4421 3291 4476 monasterio
3312 4426 3517 4473 vestem
3543 4414 3617 4471 de
3652 4417 3893 4479 fundato,

754 4524 1046 4589 habentem
1094 4528 1146 4582 in
1181 4526 1357 4581 medio
1394 4523 1628 4579 tabulam
1661 4523 1725 4577 de
1754 4517 2122 4592 ebrysoclavo,
2170 4535 2293 4575 cum
2337 4519 2485 4573 vultu
2534 4525 2735 4573 sancta:
2778 4515 2873 4571 Dei
2913 4513 3205 4573 Genitricis
3240 4522 3295 4568 et
3319 4520 3639 4566 sanctorum
3689 4518 3896 4580 aposto-

757 4625 933 4683 lorum
961 4624 1107 4681 Pctri
1135 4636 1191 4681 et
1218 4623 1389 4689 Pauli,
1435 4632 1491 4678 et
1520 4620 1809 4692 periclysin
1846 4619 1914 4674 de
1957 4617 2208 4673 blatthin.
2239 4615 2447 4672 Obtulit
2487 4614 2684 4670 ibidem
2724 4614 2837 4682 ipse
2859 4610 3139 4667 vestesde
3165 4608 3399 4666 stauraci
3443 4607 3609 4669 duas,
3637 4605 3897 4659 habeam

765 4722 819 4779 in
842 4720 1019 4778 medio
1057 4736 1249 4777 cruces
1279 4722 1344 4775 de
1368 4717 1742 4791 chrysoclavo,
1766 4725 1821 4772 et.
1849 4714 2139 4787 periclysin
2164 4714 2229 4769 de
2248 4712 2501 4768 blatthin.
2534 4710 2680 4765 Fecit
2705 4709 2870 4765 etiam
2895 4708 2963 4765 ad
2985 4714 3239 4762 ornatum
3268 4702 3433 4773 ipsius
3461 4700 3698 4753 oratorii
3728 4696 3895 4752 velum

657 4813 728 4876 10
763 4815 939 4888 majus
958 4817 1024 4871 de
1048 4815 1406 4887 quadrapulo,
1431 4815 1637 4870 habens
1659 4813 1711 4867 in
1739 4812 1916 4868 medio
1948 4825 2139 4867 cruces
2164 4810 2229 4865 de
2259 4823 2392 4864 auro
2421 4817 2599 4862 textas
2630 4818 2762 4872 tres,
2792 4815 2847 4861 et
2877 4802 3166 4874 periclysin
3191 4803 3258 4857 de
3284 4797 3532 4854 blatthin.
3565 4796 3632 4849 In
3659 4793 3895 4850 diaconi:

764 4913 909 4971 beati
947 4911 1253 4983 archangeli
1285 4910 1481 4966 obtulit
1508 4909 1621 4978 jam
1658 4909 1833 4964 dictus
1880 4906 2120 4976 pontifex
2144 4913 2349 4963 vestem
2377 4906 2443 4961 de
2472 4903 2703 4959 blatthin
2737 4901 3032 4973 Byzantea,
3071 4900 3362 4955 habentem
3396 4896 3451 4949 in
3480 4894 3669 4948 medio
3690 4904 3894 4949 erucem

767 5013 835 5069 de
859 5011 1231 5083 chrysoclavo,
1259 5017 1317 5064 et
1335 5007 1622 5078 periclysin
1645 5007 1712 5063 de
1736 5005 2108 5076 chrysoelavo,
2138 5001 2500 5072 pulcherrime
2530 5006 2824 5069 comptam.

835 5107 1003 5180 446
1038 5106 1327 5161 Enimvero
1361 5114 1418 5159 et
1440 5106 1493 5159 in
1521 5103 1748 5160 ecclesia
1793 5103 1963 5157 beata:
1986 5099 2216 5156 Caicilize
2257 5095 2514 5167 martyris
2546 5094 2676 5150 fecit
2711 5093 2973 5149 concham
3002 5107 3068 5146 ex
3109 5098 3363 5161 argento,
3392 5086 3483 5142 ubi
3513 5096 3569 5139 et
3609 5085 3897 5156 pretim

769 5176 1011 5277 ejusdem
1059 5203 1283 5272 virginis
1326 5208 1490 5271 caput
1534 5200 1813 5264 condidit,
1870 5212 2093 5269 pensan.
2140 5195 2307 5251 libras
2349 5202 2477 5247 octo
2524 5200 2581 5246 et
2630 5190 2817 5246 semis.
2866 5186 3042 5243 Simili
3086 5187 3246 5241 modo
3283 5192 3339 5239 et
3378 5184 3432 5236 in
3468 5182 3711 5237 ecclesia
3763 5176 3903 5234 buli

771 5272 1011 5369 Quiriaci
1052 5298 1385 5371 martyrisin
1415 5297 1685 5360 Thermis,
1711 5294 1905 5351 obtulit
1927 5293 2214 5365 przedictus
2242 5288 2443 5360 praesul
2474 5287 2593 5342 vela
2623 5288 2690 5341 de
2718 5284 2941 5339 fundato
2972 5296 3199 5336 numero
3225 5288 3367 5335 octo.
3404 5276 3503 5331 llic
3531 5291 3561 5329 a
3602 5275 3721 5331 Deo
3749 5272 3901 5327 fultus

772 5395 885 5466 jam
916 5394 1225 5450 nominatus
1258 5393 1501 5466 pontifex
1530 5392 1657 5448 fecit
1696 5392 1748 5446 in
1779 5391 2019 5446 oratorio
2047 5388 2221 5445 sancti
2248 5383 2596 5454 Archangeli,
2637 5381 2781 5451 quod
2815 5378 3088 5450 quondam
3130 5376 3499 5446 praedecessor
3528 5372 3659 5442 eius
3686 5373 3901 5427 domum

701 5490 741 5550 Β
775 5465 887 5548 beo
920 5506 1057 5561 papa
1087 5465 1367 5545 constituit
1406 5495 1570 5556 atque
1611 5484 1936 5548 construxit,
1979 5492 2184 5538 vestem
2231 5480 2409 5535 albam
2458 5478 2843 5540 holosericam,
2888 5476 3176 5529 habentem
3225 5472 3277 5526 in
3325 5470 3508 5524 medio
3555 5468 3793 5524 tabulam
3838 5465 3901 5517 de

779 5558 1165 5660 chrysoelavo,
1212 5600 1334 5639 cum
1385 5584 1611 5638 historia
1665 5580 1957 5636 Dominicae
2008 5577 2425 5634 resurrectionis
2474 5574 2684 5628 Domini
2730 5570 2897 5627 nostri
2940 5567 3068 5624 Jesu
3117 5566 3351 5631 Christi,
3396 5572 3454 5618 et
3503 5564 3792 5636 periclysin
3836 5558 3901 5612 de

786 5654 1159 5751 chrysoclavo,
1191 5679 1419 5733 miriﬁce
1449 5678 1779 5733 decoratam.
1813 5676 1948 5729 ltem
1989 5673 2060 5728 ibi
2083 5672 2277 5728 obtulit
2306 5672 2467 5724 aliam
2500 5677 2703 5723 vestem
2733 5667 2801 5721 de
2831 5664 3077 5729 fundato,
3116 5677 3238 5717 eum
3275 5659 3533 5731 periclysi
3576 5661 3650 5713 de
3686 5654 3895 5713 blatthin

784 5774 1074 5845 Byzantea.
1112 5771 1263 5829 Fecit
1288 5776 1448 5828 etiam
1475 5773 1587 5841 jam
1611 5773 1786 5826 dictus
1805 5767 2043 5841 pontifex
2075 5769 2127 5822 in
2155 5765 2467 5837 supradicto
2486 5761 2728 5818 oratorio
2760 5772 2962 5814 vestem
2992 5756 3155 5811 aliam
3186 5755 3252 5812 de
3286 5754 3652 5824 quadrapulo,
3682 5755 3898 5809 (ircum-

786 5877 985 5934 sutam,
1008 5883 1132 5923 cum
1159 5865 1386 5920 historia
1412 5863 1505 5919 Dei
1532 5860 1844 5942 (lenitricis,
1882 5858 2242 5931 pulcherrime
2273 5862 2545 5926 comptam
2579 5861 2741 5925 atque
2776 5851 3109 5906 decoratam.
