4026 6326
168 362 327 431 ἰὶδῠ
980 374 1302 435 ΗῙΞΤΟΒΙΛ
1342 375 1431 434 DE
1474 370 1648 434 vms
1686 377 1758 435 Rt

1891 376 2093 436 ΡΟΝΤ.
2129 411 2198 421 --
2237 372 2633 440 PASCHALIS.
3313 372 3452 440 1270

396 485 564 562 447
599 486 869 544 Prmterea
904 489 1043 545 idem
1073 507 1316 546 summus
1346 493 1583 563 pontifex
1616 504 1669 550 et
1697 494 2047 560 orthodoxus,
2075 496 2253 551 divina
2280 497 2629 565 inspiratione
2656 497 2917 567 pulsatus,
2943 497 3226 553 ecclesiam
3254 482 3453 554 sancta:

325 592 379 640 et
412 585 745 639 intemerata}
773 585 1009 656 Virginis
1032 585 1214 642 Maria:
1253 587 1484 643 domina:
1511 599 1709 644 nostrae
1750 591 1817 644 ad
1845 589 2087 661 Praesepe
2108 605 2337 644 cernens
2363 591 2633 659 quondam
2674 591 2766 644 tali
2797 606 2947 646 more
2972 600 3364 658 constructam,
3395 603 3455 648 ut

328 688 449 750 post
479 679 662 735 sedem
692 680 964 749 pontificis
993 682 1248 737 mulieres
1289 683 1355 737 ad
1390 699 1545 739 sacra
1593 685 1879 739 missarum
1918 686 2176 740 solemnia
2222 695 2428 740 stantes
2465 700 2630 755 prope
2667 684 2923 741 assistere
2944 684 3100 755 juxta
3140 687 3449 759 pontificem

325 774 657 839 viderentur,
689 774 761 827 ita
789 782 845 827 ut
872 775 917 828 si
945 775 1145 845 aliqttid
1171 777 1400 848 colloqui
1431 779 1671 849 pontifex
1697 797 1818 836 cum
1844 782 2217 836 assistentibus
2245 781 2525 846 voluisset,
2560 796 2627 835 ex
2658 783 2959 851 propinqua
2982 782 3136 836 valde
3164 782 3449 837 mulierum

252 869 288 923 5
325 869 759 940 frequentatione
786 890 1126 945 nequaquam
1155 878 1204 931 ei
1240 879 1356 933 sine
1384 878 1593 933 illarum
1625 881 2018 937 interventione
2053 882 2284 959 liceret:
2321 882 2527 954 largum
2560 879 2757 935 ibidem
2793 880 2966 935 locum
2998 881 3196 946 inesse,
3223 879 3454 950 qualiter

331 969 452 1025 inde
487 970 668 1025 sedem
702 980 911 1027 mutare
936 973 1160 1040 valeret,
1189 985 1581 1042 cumeerneret,
1627 979 1754 1032 dato
1778 979 1958 1049 operis
1985 980 2161 1033 studio
2192 978 2354 1049 ctrpit
2398 978 2764 1032 indesinenter
2803 991 2962 1047 agere
2999 978 3180 1034 sedem
3223 976 3451 1031 inferius

325 1068 557 1137 positam
604 1084 819 1123 sursum
860 1085 1082 1139 ponere,
1128 1079 1187 1125 ttt
1228 1087 1293 1128 eo
1338 1072 1658 1132 familiarius
1696 1077 1921 1132 Domino
1964 1092 2155 1148 preces
2198 1075 2422 1131 fundere
2468 1085 2666 1147 posset,
2694 1092 2800 1146 quo
2824 1076 3093 1133 censortia
3133 1076 3450 1146 populorum

325 1163 565 1218 modeste
594 1164 866 1220 declinare
892 1168 1176 1235 potuisset.
1224 1170 1465 1240 Denique
1511 1174 1693 1228 sedem
1740 1174 1942 1245 optime
1987 1189 2150 1244 quam
2192 1174 2391 1228 dudum
2440 1173 2617 1228 fuerat
2664 1172 3046 1242 pulcherrimis
3090 1170 3453 1225 marmoribus

322 1254 630 1315 decoratam
669 1262 931 1326 condidit,
966 1272 1020 1318 et
1052 1266 1285 1335 undique
1314 1283 1573 1323 ascensus
1598 1269 1793 1338 quibus
1829 1270 1895 1324 ad
1934 1286 2054 1325 eam
2092 1271 2370 1341 gradiatur
2397 1267 2720 1332 construxit,
2760 1268 3237 1338 pavimentumque
3263 1263 3455 1317 altaris

215 1351 285 1406 lt)
326 1353 540 1423 erigens
585 1356 995 1424 pretiosissimis
1043 1360 1409 1417 marmoribus
1467 1362 1680 1415 stravit.
1734 1362 1923 1416 Erexit
1966 1377 2098 1418 sane
2140 1378 2235 1417 sex
2283 1360 2412 1416 ittihi
2463 1369 2588 1414 ante
2635 1355 3029 1415 confessionem
3078 1355 3220 1412 sacri
3264 1353 3454 1408 altaris

323 1460 593 1515 purpureo
623 1446 804 1502 colore
828 1447 1129 1515 columnas,
1157 1466 1291 1522 quas
1331 1469 1493 1523 super
1528 1462 1583 1508 et
1618 1453 1833 1509 candidi
1877 1454 2163 1509 marmoris
2192 1453 2399 1509 trabem
2426 1450 2627 1522 posuit,
2658 1449 2944 1519 purpureis
2982 1446 3168 1502 dextra
3214 1445 3455 1514 lrcvaque

324 1538 687 1593 marmoribus
731 1547 952 1594 nectens
1000 1541 1120 1596 illas
1160 1544 1390 1609 scilicet,
1442 1546 1821 1614 czelaturisque
1874 1560 2145 1599 exornans
2193 1544 2327 1599 satis
2371 1540 2655 1600 commode
2704 1536 3000 1593 decoravit.
3046 1532 3453 1607 Presbyterium

323 1642 538 1697 Quoque
569 1629 736 1698 ipsius
761 1631 1007 1689 ecclesia:
1035 1634 1263 1689 diversis
1287 1636 1670 1700 marmoribus,
1704 1651 1867 1705 quam
1904 1637 2111 1706 pridem
2147 1635 2344 1700 fuerat,
2377 1637 2428 1690 in
2462 1635 2653 1690 melius
2684 1628 2976 1702 reparavit.
3008 1624 3449 1696 Propitiatorium

323 1732 448 1772 vero
474 1720 616 1773 sacri
643 1719 851 1787 altaris,
883 1737 978 1778 seu
1011 1724 1425 1787 confessionem,
1471 1725 1696 1780 interius
1722 1726 2068 1797 exteriusque
2103 1742 2225 1781 cum
2255 1725 2461 1798 rngulis
2489 1724 2598 1779 suis
2640 1740 2703 1779 ex
2744 1738 2878 1778 auro
2910 1719 3198 1792 purissimo
3226 1715 3453 1772 miriﬁce

217 1812 285 1867 15
321 1812 622 1879 decoravit,
653 1831 881 1886 pensan.
913 1814 1080 1869 libras
1107 1824 1322 1869 centum
1353 1817 1692 1887 septuaginta
1728 1826 1961 1885 quatuor
1995 1824 2049 1871 et
2079 1816 2264 1871 uncias
2290 1831 2403 1871 sex.
2440 1814 2703 1870 Similiter
2726 1823 2780 1869 et
2807 1812 2975 1868 altare
3006 1810 3175 1882 ipsius
3215 1807 3454 1864 basilicas

315 1920 384 1961 cx
434 1908 705 1976 argenteis
746 1907 978 1970 laminis,
1024 1922 1148 1961 cum
1200 1907 1444 1961 historiis
1488 1906 1717 1962 diversis
1759 1907 2120 1978 pulcherrime
2174 1908 2405 1977 compsit
2450 1917 2612 1976 atque
2656 1904 2958 1967 deauravit,
3011 1919 3236 1973 pensan.
3286 1901 3455 1957 libras

323 2006 594 2053 trecentas
626 1998 941 2068 octuaginta
986 2006 1039 2053 et
1089 1998 1346 2068 quinque.
1396 1998 1823 2069 Benignissitnus
1864 2000 2030 2054 etiam
2072 2000 2473 2069 prazclarusque
2511 1998 2706 2069 praesul
2744 1997 2938 2052 obtulit
2967 1995 3037 2050 ibi
3079 1994 3345 2064 gabathas
3384 2008 3456 2048 ex

316 2104 451 2145 auro
495 2092 805 2160 purissimo,
852 2106 976 2147 eum
1026 2089 1255 2144 diversis
1303 2092 1530 2160 gemmis
1578 2106 1802 2145 numero
1847 2106 1965 2155 sex,
2014 2106 2238 2160 peusan.
2290 2090 2457 2145 libras
2502 2089 2687 2160 viginti
2734 2096 2789 2142 et
2835 2087 3027 2149 uncias
3072 2102 3188 2142 sex.
3236 2085 3303 2141 Et
3347 2085 3454 2141 hoc

318 2182 617 2245 constituit,
647 2190 703 2235 ut
732 2197 946 2252 semper
975 2181 1164 2236 diebus
1191 2198 1255 2237 ac
1283 2185 1533 2240 noctibus
1556 2195 1688 2240 ante
1726 2197 2136 2243 sacrosanctum
2167 2188 2339 2242 altare
2374 2187 2608 2241 lucernae
2645 2185 2837 2239 ardere
2868 2182 3117 2238 debeant.
3153 2181 3248 2235 llic
3274 2180 3456 2236 divina

207 2272 283 2328 20
320 2273 673 2343 inspiratione
705 2272 887 2336 fultus,
918 2272 1112 2327 obtulit
1132 2273 1184 2327 in
1204 2271 1318 2341 jam
1347 2274 1487 2330 dicta
1510 2274 1733 2331 basilica
1754 2293 1915 2332 arcus
1941 2294 2007 2332 ex
2035 2289 2260 2349 argento
2290 2292 2515 2333 numero
2546 2285 2691 2342 octo,
2713 2290 2837 2329 cunt
2867 2272 3132 2328 columnis
3155 2270 3452 2335 sexdecim,

314 2378 540 2435 pensan.
574 2363 791 2418 insimul
825 2363 996 2421 libras
1026 2366 1289 2422 ducentas
1312 2367 1498 2423 decem
1525 2376 1578 2422 et
1623 2378 1746 2423 octo
1770 2380 1827 2424 et
1864 2369 2055 2424 uncias
2089 2378 2230 2423 octo.
2262 2370 2415 2425 Fecit
2451 2370 2613 2422 etiam
2642 2378 2697 2422 et
2735 2373 2862 2418 ante
2896 2361 3220 2417 vestibulum
3264 2358 3452 2415 altaris

321 2471 480 2527 rugas
508 2456 740 2525 majores
764 2473 830 2512 ex
857 2468 1106 2529 argento,
1136 2475 1364 2530 pensan.
1401 2460 1567 2514 libras
1599 2462 1936 2532 septuaginta
1968 2469 2024 2516 et
2068 2468 2212 2515 octo.
2250 2459 2457 2514 Obtulit
2484 2460 2649 2514 etiam
2694 2469 2752 2514 et
2777 2458 3041 2514 canthara
3075 2455 3163 2509 ubi
3192 2469 3354 2525 supra
3382 2470 3453 2510 ex

324 2556 549 2619 argento
578 2562 805 2604 numero
841 2563 959 2614 sex,
995 2565 1225 2621 pensan.
1275 2550 1491 2606 insimul
1538 2552 1707 2606 libras
1742 2552 2023 2622 sexaginta
2068 2560 2122 2606 et
2163 2551 2346 2605 semis.
2394 2549 2518 2604 Pari
2564 2550 2723 2607 modo
2770 2558 2828 2606 et
2868 2564 2967 2620 per
3013 2561 3173 2602 arcus
3217 2545 3453 2613 majores

318 2639 616 2707 saepedietae
637 2639 881 2695 ecclesiae
907 2639 1036 2696 fecit
1061 2642 1259 2699 calices
1292 2642 1530 2713 majores
1551 2658 1618 2697 ex
1649 2652 1874 2714 argento
1901 2643 2198 2714 pendentes
2220 2657 2448 2697 numero
2479 2641 2841 2714 quadraginta
2870 2648 2925 2696 et
2957 2640 3114 2703 duos,
3139 2638 3229 2708 qui
3259 2651 3453 2692 omnes

202 2724 284 2779 25
320 2725 533 2780 insimul
573 2741 725 2797 pens.
770 2727 939 2788 libras
978 2735 1241 2791 ducentas
1285 2735 1597 2808 octuagiuta
1640 2744 1696 2791 et
1741 2752 1925 2790 unam.
1960 2735 2297 2791 Venerabilis
2332 2735 2531 2791 etenim
2575 2732 2773 2804 pracsul
2814 2732 2884 2787 ob
2930 2745 3170 2786 amorem
3208 2726 3450 2796 ejusdem

322 2813 559 2884 Virginis
591 2814 824 2873 domina:
854 2830 1056 2877 nostra:
1087 2823 1282 2877 obtulit
1307 2825 1503 2881 ibidem
1540 2841 1775 2882 coronas
1802 2842 1869 2880 ex
1900 2834 2125 2894 argento
2162 2841 2388 2880 numero
2417 2835 2675 2895 quatuor,
2707 2838 2933 2894 pensan.
2970 2821 3137 2875 libras
3169 2818 3455 2887 sexaginta

317 2920 374 2965 et
404 2911 540 2967 duas
582 2922 637 2967 et
684 2914 868 2979 semis,
899 2924 955 2968 et
984 2916 1175 2971 uncias
1224 2924 1334 2971 tres
1378 2935 1392 2970 :
1441 2917 1570 2973 item
1620 2917 1709 2971 tibi
1747 2933 1911 2988 supra
1938 2918 2179 2972 canistra
2220 2932 2284 2972 ex
2319 2926 2543 2988 argento
2580 2928 2811 2971 numero
2856 2912 2988 2976 duo,
3032 2926 3258 2980 pensan.
3287 2909 3460 2963 libras

319 3001 598 3056 tredecim.
630 3003 783 3058 Fecit
812 3006 978 3060 etiam
1005 3006 1200 3061 ibidem
1231 3006 1522 3078 imaginem
1552 3024 1617 3062 ex
1646 3017 1868 3078 argento
1892 3009 2234 3072 dcanratam,
2266 3025 2390 3063 cum
2423 3008 2568 3062 vultu
2600 3007 2774 3064 beatae
2800 3007 2893 3063 Dei
2925 3006 3216 3063 Genltricis
3248 3004 3450 3068 Mariae,

317 3105 542 3160 pensan.
574 3091 741 3148 libras
770 3092 954 3148 decem
987 3104 1041 3149 et
1067 3103 1272 3164 septem
1301 3106 1355 3151 ct
1385 3097 1575 3152 uncias
1605 3106 1735 3154 tres.
1761 3098 1963 3155 Christi
1998 3115 2212 3169 quoque
2239 3100 2626 3171 omnipotentis
2661 3099 2872 3155 Domini
2908 3098 3143 3153 famulus
3170 3095 3366 3151 obtulit
3399 3095 3455 3151 in

204 3182 284 3237 50
318 3194 662 3240 sacrosancto
716 3176 873 3241 altari
921 3190 1221 3259 s'epedielat
1268 3190 1504 3246 basilica:
1556 3200 1735 3246 vestes
1780 3193 1846 3247 de
1899 3192 2252 3265 chrysoclavo
2300 3194 2466 3257 duas,
2518 3192 2781 3248 habentes
2831 3190 3113 3246 historiam
3161 3187 3456 3255 Dotniuicm

321 3278 619 3335 nativitatis
639 3279 851 3335 Domini
875 3278 1044 3337 nostri
1068 3276 1193 3333 Jcsu
1219 3279 1440 3346 Christi,
1476 3295 1597 3335 cunt
1629 3280 1904 3351 periclysi,
1933 3281 2164 3337 diversis
2185 3292 2405 3337 ornatas
2427 3283 2654 3352 gemmis
2679 3291 2840 3353 atque
2870 3279 3200 3352 margaritis,
3229 3276 3461 3334 miriﬁce

314 3368 615 3427 decoratas.

384 3458 552 3533 448
583 3458 787 3516 Obtulit
809 3461 971 3518 etiam
995 3462 1065 3518 ibi
1093 3464 1208 3533 ipse
1229 3462 1389 3518 aliam
1414 3471 1615 3519 vestem
1640 3464 1705 3520 de
1726 3464 2093 3534 ehrysoclavo,
2120 3464 2410 3519 habentem
2437 3463 2715 3518 historiam
2739 3461 2970 3530 qualiter
2991 3460 3250 3513 Dominus
3274 3464 3458 3514 noster

316 3550 475 3608 Iesus
503 3552 753 3609 Christus
782 3570 811 3607 a
836 3551 1044 3609 Joanne
1074 3554 1126 3609 in
1155 3554 1391 3609 Jordane
1421 3555 1723 3622 baptizatus
1752 3561 1855 3618 est,
1897 3569 2017 3608 cum
2059 3553 2309 3623 periclysi
2340 3553 2416 3608 de
2448 3553 2818 3622 cbrysoelavo,
2856 3553 3091 3631 mirifice.
3113 3557 3448 3603 exornatam.

320 3643 453 3700 Item
486 3646 574 3699 ubi
616 3661 776 3715 supra
818 3649 1049 3717 compsit
1076 3656 1277 3702 vestem
1307 3648 1373 3703 de
1412 3645 1781 3718 cbrysoclave,
1812 3645 2102 3701 habentem
2149 3644 2429 3698 historiam
2472 3641 2765 3697 υυηιίιιίεα)
2806 3639 3213 3697 resurrectionis
3243 3636 3457 3695 Domini

321 3733 488 3787 nostri
520 3732 644 3790 Jesu
681 3735 903 3799 Christi,
933 3753 1052 3791 cum
1079 3736 1330 3806 perit-lysi
1354 3736 1420 3790 de
1454 3735 1826 3806 chrysoclavo,
1854 3734 2082 3791 diversis
2101 3745 2351 3789 ornatam
2377 3732 2704 3804 margaritis.
2746 3730 3117 3793 Beatissimus,
3147 3737 3201 3782 et
3228 3740 3456 3782 venera-

248 3821 284 3876 5
324 3823 447 3877 bilis
473 3826 891 3894 pramominatus
914 3827 1151 3898 pontifex
1178 3827 1361 3883 divino
1393 3843 1579 3884 amore
1606 3828 1798 3884 ductus
1825 3828 1953 3883 fecit
1976 3826 2170 3882 ibidem
2217 3827 2266 3881 itt
2294 3826 2407 3897 jatn
2443 3825 2668 3897 praefato
2690 3822 2848 3878 altari
2878 3830 3083 3876 vestem
3115 3818 3364 3875 similiter
3387 3818 3460 3874 de

322 3912 695 3985 cbtysoclavo,
722 3916 1006 3973 habentem
1034 3918 1315 3973 historiam
1339 3918 1574 3988 qualiter
1603 3919 1760 3975 beata
1782 3918 1877 3974 Dei
1906 3917 2151 3973 Genitrix
2176 3916 2342 3972 Maria
2369 3931 2597 3987 corpore
2618 3924 2701 3971 est
2725 3919 3021 3983 assumpta,
3051 3926 3173 3964 cunt
3204 3907 3457 3980 periclysi

319 4004 388 4059 de
410 4004 778 4076 chrysoclavo,
801 4023 894 4063 seu
918 4008 1148 4063 diversis
1183 4008 1492 4080 margaritis
1517 4018 1785 4077 comptam
1814 4017 1976 4077 atque
2006 4009 2334 4063 decoratatn.
2361 4005 2509 4060 Fecit
2538 4003 2680 4059 enim
2708 3999 3129 4070 benignissimus
3156 3995 3351 4067 praesul
3380 3995 3456 4051 ibi

320 4097 437 4167 ipse
477 4096 636 4152 aliam
667 4107 873 4155 vestem
918 4100 985 4155 de
1010 4100 1384 4172 chrysoelavo,
1430 4100 1716 4159 habentem
1758 4100 2039 4155 historiam
2078 4098 2371 4154 Dominiete
2402 4094 2736 4152 ascensionis
2769 4089 2969 4144 Christi
3012 4086 3223 4142 Domini
3259 4086 3453 4150 nostri,

323 4191 427 4245 rite
450 4191 779 4246 decoratam.
812 4190 943 4245 Item
975 4190 1061 4244 ttbi
1100 4205 1284 4260 supra,
1316 4191 1385 4245 ob
1414 4206 1653 4246 amorem
1677 4192 1913 4260 ejusdem
1942 4190 2198 4262 Virginis,
2222 4189 2527 4244 construxit
2557 4186 2716 4240 aliam
2744 4189 2949 4237 vestem
2977 4179 3042 4234 de
3075 4175 3455 4247 ehrysoclavo,

209 4277 283 4335 10
321 4277 604 4335 habentem
648 4280 930 4335 historiam
961 4279 1194 4348 qualiter
1240 4278 1477 4349 Spiritus
1524 4291 1744 4336 sanctus
1779 4280 1927 4335 venit
1973 4296 2136 4349 super
2170 4280 2459 4350 apostolos,
2503 4279 2730 4334 diversis
2768 4287 3015 4333 ornatam
3056 4272 3361 4345 margaritis
3400 4280 3460 4328 et

326 4373 654 4428 decoratum.
705 4374 817 4428 lmo
860 4362 1059 4430 ibidem
1109 4375 1270 4429 aliam
1326 4377 1557 4432 munivit
1606 4387 1815 4435 vestem
1862 4378 1930 4434 de
1975 4378 2350 4450 cltrysoclavo,
2395 4392 2517 4432 cum
2567 4375 2793 4433 historia
2840 4374 3166 4445 palmarum,
3215 4368 3460 4426 modeste

323 4473 596 4531 comptam
620 4473 780 4534 atque
805 4465 1134 4521 decoratam.

401 4550 566 4624 449
595 4551 810 4625 Necnon
838 4562 892 4606 et
919 4555 1005 4608 ubi
1035 4571 1195 4624 supra
1228 4555 1389 4610 aliam
1419 4559 1648 4627 compsit
1665 4559 1777 4628 jatn
1810 4560 2120 4615 nominatus
2150 4557 2389 4630 pontifex
2419 4568 2622 4615 vestem
2654 4558 2722 4614 de
2755 4556 3007 4619 olovero,
3032 4571 3155 4610 cum
3189 4550 3458 4625 periclysi

327 4642 391 4696 de
421 4641 662 4697 fun'lato.
692 4644 900 4700 Pariter
925 4664 1140 4718 quoque
1167 4659 1221 4704 et
1249 4666 1348 4719 pro
1378 4652 1709 4720 quotidianis
1733 4653 1923 4708 diebus
1949 4654 2145 4707 obtulit
2174 4661 2357 4706 vestes
2386 4655 2453 4706 de
2493 4652 2714 4706 fundato
2744 4651 2879 4704 duas
2900 4690 2914 4711 ,
2943 4664 3064 4701 eum
3105 4646 3354 4716 periclysi
3387 4645 3457 4699 de

323 4733 691 4801 qttadrapulo,
741 4736 1102 4805 pulcherrime
1151 4754 1467 4798 exornatas.
1499 4745 1598 4799 Hic
1647 4746 1827 4799 divina
1871 4746 2221 4814 inspiratione
2248 4744 2514 4813 pulsatus,
2550 4744 2676 4797 fecit
2704 4744 2818 4814 ipse
2845 4740 3221 4796 sanctissimus
3256 4735 3457 4809 pratsul

324 4840 422 4894 per
447 4841 606 4882 arcus
635 4826 869 4896 majores
885 4828 998 4895 jam
1028 4830 1266 4900 praefata:
1290 4834 1528 4889 basilicae
1550 4835 1667 4890 vela
1694 4836 1759 4890 de
1790 4833 2014 4889 fundato
2035 4834 2468 4904 quatuordccim,
2493 4845 2549 4889 et
2572 4834 2639 4888 de
2660 4829 2995 4904 quadrapulo
3019 4826 3454 4899 quatuordecim,

244 4914 286 4969 5
322 4916 578 4973 similiter
597 4926 653 4971 et
688 4919 757 4973 de
786 4918 990 4977 imizilo
1019 4911 1456 4991 quatuordeeim.
1483 4923 1696 4979 Domini
1731 4925 1902 4979 nostri
1944 4923 2072 4979 Jesu
2112 4923 2315 4978 Christi
2349 4922 2583 4978 famulus
2619 4922 2691 4978 ob
2735 4937 2976 4977 amorem
3014 4920 3192 4975 eidem
3222 4919 3457 4975 dominas

325 5022 526 5071 nostra:
554 5031 650 5086 per
684 5032 846 5072 arcus
874 5011 1194 5086 presbyterii
1221 5010 1332 5081 jant
1358 5013 1519 5067 dictae
1547 5013 1794 5069 ecclesia:
1818 5013 1948 5069 fecit
1968 5015 2085 5071 vela
2113 5014 2178 5069 de
2200 5013 2579 5085 chrysoclavo,
2610 5016 2901 5068 habentem
2931 5010 3217 5067 historiam
3242 5007 3458 5065 Domini

325 5108 498 5163 nostri
522 5106 651 5164 Jesu
677 5109 909 5175 Christi,
935 5116 1099 5177 atque
1120 5105 1470 5162 Nativitatem
1495 5122 1589 5162 seu
1617 5107 2057 5177 Assumptionem
2089 5105 2329 5175 ejusdem
2360 5105 2696 5160 intemerata:
2720 5103 2957 5174 Virginis
3001 5112 3230 5157 numero
3264 5099 3455 5171 viginti

325 5208 384 5252 et
406 5215 521 5255 sex.
551 5200 766 5255 Pariter
795 5210 850 5256 et
886 5216 984 5271 per
1015 5200 1157 5269 ipsos
1181 5213 1343 5254 arcus
1365 5200 1563 5254 obtulit
1593 5200 1707 5254 vela
1756 5201 1823 5255 de
1865 5198 2232 5269 quadrapulo,
2266 5197 2500 5253 diversis
2541 5197 2787 5253 historiis
2816 5197 3179 5259 circumsuta,
3227 5205 3459 5249 numero

327 5292 516 5364 viginti
563 5302 815 5363 quatuor.
859 5294 1061 5349 Christi
1099 5308 1331 5362 namque
1361 5293 1750 5363 omnipotentis
1795 5291 2028 5346 famulus
2071 5291 2269 5346 obtulit
2316 5306 2531 5346 sursum
2583 5292 2635 5345 in
2683 5296 2905 5358 aspectu
2960 5285 3163 5340 absida
3212 5294 3457 5354 pannum

213 5383 293 5441 10
325 5384 752 5439 Alexandrinum
794 5384 1026 5441 miriﬁce
1054 5386 1385 5442 decoratum.
1417 5382 1625 5439 Obtulit
1651 5383 1814 5441 etiam
1841 5382 1894 5436 in
1923 5383 2130 5435 trabem
2170 5379 2428 5448 majorem
2470 5381 2641 5451 ipsius
2674 5377 2913 5435 basilicae
2959 5376 3135 5431 velum
3177 5369 3354 5441 majus
3391 5374 3460 5427 de

326 5475 581 5539 fundato,
615 5477 821 5531 habens
863 5477 1046 5532 trabes
1071 5477 1153 5532 ’de
1184 5477 1532 5547 chrysoclavo
1561 5484 1801 5543 septem,
1843 5482 1900 5529 et
1942 5471 2234 5543 periclysiu
2277 5473 2343 5527 de
2373 5471 2601 5526 blatthin
2649 5471 2939 5543 Byzantea.
2988 5465 3140 5521 Fecit
3174 5463 3340 5519 etiam
3390 5462 3460 5518 ad

332 5578 583 5625 ornatum
614 5572 782 5641 ipsius
807 5569 1044 5625 basilicae
1076 5569 1128 5622 itt
1167 5566 1335 5638 ipsam
1370 5567 1577 5620 trabem
1609 5565 1726 5618 vela
1759 5565 1825 5618 de
1851 5563 2186 5633 qttadrapulo
2227 5576 2452 5616 numero
2496 5576 2620 5623 sex,
2655 5571 2710 5615 et
2742 5560 2809 5614 de
2845 5557 3045 5612 imizilo
3074 5556 3192 5609 vela
3230 5566 3459 5608 numero

328 5670 583 5730 quatuor.
616 5661 736 5731 Ipse.
763 5676 978 5732 quoque
998 5657 1238 5731 pontifex
1279 5657 1408 5713 fecit
1446 5656 1599 5727 juxta
1644 5654 1965 5710 vestibulum
1996 5653 2182 5707 altaris
2212 5653 2263 5705 itt
2295 5652 2536 5706 absidam
2583 5652 2700 5707 vela
2745 5653 2809 5707 de
2853 5647 3188 5721 quadrapulo
3232 5660 3460 5700 numero

328 5752 616 5808 duodecim
643 5766 659 5808 :
691 5754 888 5809 ibidem
913 5752 981 5808 de
1010 5749 1242 5807 blatthin
1267 5748 1387 5806 vela
1413 5761 1642 5803 numero
1668 5761 1783 5803 sex.
1809 5744 2145 5801 Venerabilis
2179 5756 2392 5812 quoque
2423 5741 2617 5810 praesul
2651 5739 2781 5797 fecit
2805 5743 2858 5795 in
2896 5734 3137 5810 ingressu
3168 5736 3283 5806 jam
3304 5732 3460 5790 dicta:
