4026 6326
561 343 691 397 1271

1712 343 2073 401 ΑΝΑΕΤΑὸΙΙ
2112 341 2657 400 ΒΙΒῌΟΤΙΙΕΠΑΒΠ
2745 399 2751 406 ,

3727 339 3849 395 Η.ῖὶ

595 451 666 508 15
702 453 941 508 basilica:
971 453 1235 508 cortinam
1270 439 1528 524 triajorem
1557 453 1974 510 Alexandrinam
2000 497 2014 521 ,
2045 471 2167 511 cum
2195 456 2422 510 diversis
2459 455 2737 516 historiis,
2769 462 2982 522 compte
3012 453 3343 508 decoratam.
3385 450 3577 506 Simili
3614 453 3779 506 mqu
3805 457 3852 506 et

701 561 800 615 pro
825 546 1153 616 quotidianis
1181 545 1368 600 diebus
1397 546 1558 599 aliam
1587 547 1783 602 ibidem
1811 548 2006 603 obtulit
2031 550 2296 602 cortinam
2324 547 2766 609 Alexandrinam,
2794 546 3024 600 miriﬁce
3049 554 3388 600 exornatam.
3416 544 3851 614 Benignissiams

703 647 759 692 et
785 637 1076 706 praeclarus
1117 637 1354 706 pontifex
1398 635 1594 690 obtulit
1628 637 1681 691 in
1729 639 2119 706 praenominata
2167 639 2385 694 basilica
2417 639 2532 692 vela
2578 638 2697 691 alba
2741 636 3040 692 holoserica
3072 636 3124 690 in
3155 636 3363 690 trabem
3393 635 3681 702 majorem
3701 676 3714 695 ,
3741 651 3850 688 etim

700 727 952 800 periclysi
981 729 1049 784 de
1074 727 1316 792 fundato,
1345 742 1571 783 numero
1597 743 1713 782 sex.
1749 727 1877 784 Vela
1905 729 2008 784 alia
2035 739 2265 798 quatuor
2294 731 2360 784 de
2387 729 2615 784 blatthin
2641 728 2909 799 Byzantea
2950 727 3070 782 alba
3108 728 3305 782 ibidem
3358 727 3668 781 constituit
3712 728 3850 780 miri-

702 819 823 876 ﬁce.
858 821 987 875 Item
1012 821 1064 875 in
1093 819 1276 876 absida
1311 819 1478 889 ipsius
1505 820 1742 874 basilica:
1771 821 1948 891 posuit
1977 820 2094 875 vela
2125 820 2267 885 alba,
2301 836 2422 875 eum
2454 819 2707 889 periclysi
2735 819 2801 872 de
2833 817 3077 882 fundato,
3106 835 3330 874 numero
3360 835 3488 874 sex.

768 912 934 985 450
966 914 1029 967 Et
1053 915 1177 983 quia
1217 914 1355 970 idem
1393 925 1476 970 ter
1512 917 1856 972 beatissimus
1881 927 2065 987 pastor
2091 926 2296 972 tantam
2326 933 2536 978 curam,
2576 925 2889 984 tantamque
2920 916 3244 984 vigilantiam
3267 934 3400 989 erga
3431 927 3626 972 status
3656 932 3857 974 sancta-

704 1016 824 1054 rum
853 1003 945 1057 Dei
976 1003 1326 1058 ecclesiarum
1356 1003 1669 1074 frequenter
1692 1004 2052 1075 impendebat,
2082 1008 2244 1061 etiam
2271 1005 2441 1061 altare
2466 1005 2711 1078 prmsepii
2733 1007 2844 1074 jam
2877 1007 3036 1060 dictze
3066 1006 3322 1072 basilicae,
3351 1022 3454 1062 seu
3487 1008 3852 1063 venerabilem

700 1092 1122 1160 confessionem,
1153 1095 1294 1150 ultro
1320 1096 1565 1164 citroque
1594 1111 1659 1150 ex
1687 1110 1817 1150 auro
1848 1096 2138 1166 purissimo
2162 1113 2283 1151 eum
2309 1098 2541 1153 diversis
2570 1096 2812 1152 historiis
2841 1098 3072 1151 miriﬁce
3100 1099 3329 1168 compsit
3353 1108 3534 1170 atque
3565 1101 3852 1162 decoravit,

703 1200 926 1254 pensan.
954 1185 1118 1240 libras
1149 1199 1366 1241 centum
1399 1188 1614 1258 triginta
1644 1196 1878 1256 quatuor
1909 1197 1963 1242 et
1995 1189 2184 1243 uncias
2216 1198 2469 1258 quatuor.
2503 1189 2770 1244 Similiter
2813 1205 2877 1244 ex
2929 1201 3154 1259 argento
3191 1193 3502 1257 deaurato,
3540 1207 3675 1246 cum
3703 1195 3856 1246 variis

629 1275 662 1330 5
698 1278 941 1332 historiis
971 1278 1166 1332 ibidem
1202 1280 1389 1334 uncias
1417 1279 1623 1337 decem,
1652 1293 1878 1348 pensan.
1920 1278 2090 1333 libras
2116 1278 2378 1333 ducentas
2409 1279 2801 1348 quinquaginta
2836 1287 3071 1348 quatuor
3098 1288 3150 1332 et
3181 1280 3373 1335 uncias
3422 1290 3700 1350 quatuor.
3736 1280 3850 1334 Item

700 1371 900 1428 ibidem
939 1372 1132 1428 obtulit
1165 1374 1423 1444 praefatus
1452 1371 1693 1443 pontifex
1725 1374 1994 1443 gabatbas
2023 1388 2089 1428 ex
2122 1390 2255 1429 auro
2290 1373 2583 1444 purissimo
2609 1416 2624 1439 ,
2657 1390 2777 1428 cum
2823 1373 3050 1444 gemmis
3100 1371 3365 1434 diversis,
3426 1385 3677 1423 numero
3728 1380 3850 1430 tres,

700 1479 855 1533 pens.
881 1462 1047 1520 libras
1075 1476 1200 1520 octo
1227 1477 1281 1521 et
1309 1469 1498 1523 uncias
1528 1468 1734 1522 decem.
1769 1468 1938 1523 Porro
1969 1480 2022 1524 et
2048 1469 2166 1524 vela
2191 1470 2256 1524 de
2284 1470 2525 1541 alithyno
2554 1485 2674 1522 cum
2707 1467 2957 1538 periclysi
2985 1467 3050 1521 de
3078 1465 3310 1521 blatthin
3347 1465 3645 1535 hyzantea
3672 1463 3855 1517 ibidem

698 1555 900 1626 posuit.
939 1554 1037 1610 llic
1066 1572 1223 1612 sacer
1250 1560 1476 1614 antistes
1496 1556 1567 1614 ob
1603 1559 1827 1613 nimium
1859 1560 2038 1614 cordis
2069 1576 2310 1615 amorem
2342 1560 2467 1614 fecit
2499 1561 2550 1614 iu
2587 1559 2816 1614 ecclesia
2847 1559 3019 1612 beatze
3043 1554 3270 1610 Caecilia:
3316 1563 3541 1609 vestem
3594 1555 3667 1608 de
3705 1553 3854 1624 chry-

697 1647 947 1712 soclavo,
977 1647 1264 1703 habentem
1307 1649 1587 1704 historiam
1634 1649 1927 1704 Dominicce
1959 1651 2374 1705 resurreCtionis
2404 1651 2613 1705 Domini
2668 1649 2835 1703 nostri
2877 1647 3002 1702 Jesu
3046 1644 3278 1708 Christi,
3310 1645 3562 1700 miriﬁce
3595 1645 3854 1716 depictam

593 1737 660 1794 I0
697 1748 858 1808 atque
885 1749 1226 1794 exornatam.
1258 1739 1377 1809 Ipse
1407 1756 1537 1796 vero
1583 1758 1612 1794 a
1664 1741 1772 1796 Deo
1801 1748 2080 1810 protectus
2110 1740 2442 1796 venerabilis
2491 1750 2544 1796 et
2587 1740 2882 1810 praeclarus
2930 1736 3186 1807 pontifex,
3216 1737 3683 1806 propitiatorium
3726 1739 3854 1792 sacri

699 1827 890 1882 altaris
919 1829 1062 1883 beati
1101 1828 1244 1884 Petri
1290 1831 1655 1900 apostolorum
1705 1831 2000 1902 principis,
2045 1833 2133 1887 ubi
2182 1833 2616 1887 sacratissimum
2649 1846 2846 1900 corpus
2889 1829 3008 1897 ejus
3039 1829 3302 1898 quiescit,
3341 1829 3754 1898 spanoclistum
3797 1845 3854 1884 ex

700 1934 832 1973 auro
863 1919 1030 1985 fulvo,
1063 1935 1185 1974 eum
1213 1920 1441 1976 diversis
1467 1922 1713 1977 historiis
1744 1922 2015 1991 depictum
2048 1930 2210 1992 atque
2236 1921 2463 1976 miriﬁce
2487 1922 2800 1976 decoratum
2825 1960 2839 1983 ,
2871 1933 3024 1988 pens.
3073 1916 3241 1970 libras
3282 1917 3591 1972 ducentas.
3643 1915 3771 1972 Item
3807 1920 3854 1972 in

691 2008 805 2078 jam
837 2012 981 2065 dicta
1011 2013 1237 2067 ecclesia
1267 2013 1336 2066 ob
1365 2029 1603 2069 amorem
1646 2013 1886 2082 ejusdem
1930 2014 2027 2068 Dei
2081 2015 2307 2083 apostoli
2354 2013 2584 2068 fautoris
2624 2015 2709 2068 sui
2749 2012 2945 2067 obtulit
2974 2011 3091 2064 vela
3137 2007 3507 2080 chrysoclava
3561 2022 3667 2077 per
3713 2023 3854 2063 arcas

698 2101 1044 2173 presbyterii,
1080 2102 1337 2158 habentia
1383 2102 1668 2156 historiam
1730 2102 2026 2157 Dominiem
2075 2104 2343 2173 passionis
2397 2121 2460 2158 ac
2506 2101 2918 2158 resurrectionis
2953 2097 3160 2153 Domini
3206 2096 3387 2150 nostri
3437 2093 3578 2151 Iesu
3631 2096 3852 2161 Christi,

592 2192 658 2248 I5
693 2207 918 2249 numero
940 2195 1296 2266 quadraginta
1326 2208 1441 2248 sex.
1481 2192 1692 2248 Pariter
1713 2202 1768 2247 et
1798 2193 1850 2246 in
1877 2194 2105 2249 ecclesia
2131 2196 2413 2250 beatorum
2451 2204 2752 2267 martyrum
2791 2193 2998 2249 Cosmze
3039 2200 3095 2246 et
3135 2188 3416 2252 Damiani,
3462 2189 3521 2243 in
3555 2189 3646 2243 via
3677 2189 3852 2253 Sacra,

697 2281 826 2338 fecit
856 2294 1060 2338 vestem
1088 2285 1450 2341 holosericam
1484 2286 1849 2356 pulcherrime
1883 2298 2158 2358 comptam
2195 2299 2358 2359 atque
2387 2291 2725 2344 decoratam.

774 2370 934 2444 451
965 2373 1392 2444 Benignissimus
1421 2375 1620 2430 etenim
1653 2376 1847 2446 przesul
1879 2375 2008 2432 fecit
2057 2379 2108 2432 in
2150 2378 2375 2435 basilica
2425 2381 2599 2434 beatze
2644 2377 2737 2432 Dei
2791 2376 3085 2432 Genitricis
3124 2376 3371 2446 Virginis
3420 2391 3653 2445 semper
3683 2375 3854 2430 lari:

701 2462 932 2518 dominre
966 2471 1164 2518 nostra!
1196 2465 1262 2518 ad
1290 2461 1537 2534 Praesepe
1567 2465 1832 2535 gabathas
1858 2482 1923 2522 ex
1957 2483 2112 2531 auro,
2151 2469 2380 2524 diversis
2411 2469 2640 2539 gemmis
2669 2476 2927 2531 ornatas,
2959 2481 3184 2520 numero
3213 2465 3355 2518 duas
3375 2506 3391 2525 ,
3424 2480 3664 2534 pensat).
3699 2465 3856 2519 libras

701 2567 817 2609 sex.
857 2553 988 2609 Item
1017 2553 1094 2608 ibi
1121 2554 1234 2625 ipse
1266 2555 1461 2610 obtulit
1491 2555 1784 2626 gabatham
1814 2557 2172 2628 apostolicam
2200 2574 2265 2612 ex
2299 2574 2434 2614 auro
2473 2558 2766 2629 purissimo
2786 2599 2799 2622 ,
2828 2569 3050 2626 pensan.
3082 2554 3255 2609 libras
3279 2555 3562 2624 quinque.
3608 2554 3742 2609 Item
3771 2557 3854 2609 ubi

703 2661 867 2716 supra
899 2645 1028 2700 fecit
1056 2647 1496 2716 pharacanthara
1531 2665 1595 2706 ex
1625 2661 1851 2720 argento
1892 2669 2118 2708 numero
2149 2663 2292 2716 octo,
2324 2669 2554 2724 pensan.
2590 2651 2807 2707 insimul
2838 2649 3004 2705 libras
3038 2648 3350 2717 oetnagiuta
3391 2647 3558 2702 duas.
3591 2647 3676 2702 0b
3719 2663 3858 2702 amo-

629 2737 664 2792 5
702 2751 814 2792 rem
837 2752 1053 2808 quoque
1077 2738 1320 2807 ejusdem
1347 2741 1578 2795 domina:
1605 2753 1804 2797 nostrze
1841 2743 2037 2798 obtulit
2063 2746 2116 2798 in
2147 2743 2259 2811 jam
2290 2744 2434 2799 dicta
2463 2744 2686 2798 basilica
2709 2742 2988 2798 columnas
3021 2749 3289 2808 quatuor,
3317 2748 3377 2793 et
3422 2754 3626 2793 arcum
3661 2753 3850 2798 unum,

695 2843 917 2899 pensan‘.
952 2829 1170 2884 insimul
1204 2830 1372 2888 libras
1417 2835 1719 2904 sexaginta.
1773 2835 2246 2905 Smpenominatus
2297 2836 2497 2892 etenim
2553 2835 2790 2906 pontifex
2844 2828 2972 2889 fecit
3009 2833 3059 2886 in
3106 2831 3403 2885 venerabili
3464 2829 3632 2884 altari
3694 2831 3856 2900 ipsius

699 2917 944 2972 ecclesiae
972 2928 1174 2974 vestem
1199 2919 1397 2989 albam,
1427 2923 1714 2980 habentem
1745 2925 1796 2978 in
1829 2926 2007 2980 medio
2037 2941 2253 2981 crucem
2295 2926 2360 2980 de
2395 2925 2779 2996 chrysoelavo,
2813 2923 3044 2978 diversis
3079 2923 3306 2992 gemmis
3334 2923 3743 2977 circumsuta
3762 2962 3777 2985 ,
3805 2931 3857 2974 et

700 3011 1104 3082 pulchritudine
1130 3024 1468 3078 exornatam,
1496 3014 1658 3070 aliam
1691 3031 1908 3085 quoque
1953 3016 2152 3070 ibidem
2201 3024 2496 3070 annectens
2543 3024 2746 3071 vestem
2793 3015 2860 3070 de
2908 3014 3138 3070 blatthin
3167 3013 3457 3083 byzantea,
3494 3009 3670 3063 simili
3703 3009 3857 3062 modo

702 3117 823 3157 cum
860 3118 1023 3158 cruce
1047 3105 1111 3160 de
1141 3106 1516 3175 cbrysoclavo.
1545 3107 1772 3161 diversis
1805 3104 2072 3176 lapidibus
2101 3107 2482 3162 honestissime
2509 3107 2842 3162 decoratum.
2873 3106 3023 3163 Fecit
3047 3109 3208 3163 etiam
3233 3109 3298 3164 ad
3321 3118 3579 3162 ornatum
3608 3105 3859 3178 prxfata:

596 3195 669 3248 IO‘
701 3195 943 3250 ecclesia:
969 3194 1083 3250 vela
1115 3197 1181 3251 de
1215 3196 1566 3267 ehrysoclavo
1613 3211 1709 3266 per
1759 3212 1918 3252 arcus
1969 3197 2331 3268 presbyterii,
2383 3196 2637 3251 habentia
2683 3197 2971 3252 historiam
3021 3198 3313 3252 Dctninicm
3355 3197 3631 3266 passionis
3691 3204 3860 3261 atque

702 3288 1119 3344 resurrectionis
1141 3289 1353 3344 Domini
1380 3289 1550 3343 nostri
1577 3288 1703 3343 J‘esu
1727 3289 1950 3344 Christi.
1977 3288 2197 3344 Necnon
2223 3297 2279 3342 et
2309 3288 2363 3341 in
2396 3289 2602 3342 trabem
2637 3289 2894 3357 majorem
2937 3291 3134 3359 smpius
3171 3293 3330 3346 dieue
3368 3291 3608 3346 ecclesia:
3647 3289 3859 3342 obtulit

701 3378 819 3433 vela
843 3379 968 3445 alia,
995 3397 1118 3436 cum
1144 3381 1396 3453 perielysi
1445 3383 1511 3437 de
1548 3381 1915 3452 quadrapulo,
1948 3395 2177 3436 numero
2202 3395 2319 3434 sex.
2362 3379 2494 3433 Item
2529 3380 2582 3432 in
2617 3379 2797 3434 trabes
2821 3381 2988 3450 ipsius
3020 3384 3272 3440 basilica:
3309 3384 3414 3438 fect
3442 3381 3551 3434 vela
3592 3380 3667 3432 de
3713 3377 3853 3432 fun—

704 3468 849 3533 dato,
877 3486 1104 3527 numero
1128 3483 1354 3542 septem.
1385 3472 1778 3528 Obtulitetiam
1809 3473 1922 3527 vela
1962 3472 2267 3527 holoserica
2312 3471 2364 3524 in
2407 3471 2637 3526 circuitu
2686 3471 2874 3526 altaris
2913 3473 3026 3542 jam
3071 3475 3233 3528 dictre
3272 3471 3524 3531 ecclesiae,
3563 3467 3852 3521 habentia

704 3561 990 3633 periclysin
1040 3564 1108 3619 de
1150 3565 1514 3635 quadrapulo,
1549 3579 1774 3618 numero
1819 3573 2075 3632 quatuor.
2121 3561 2459 3617 Venerabilis
2489 3575 2706 3630 quoque
2756 3563 2952 3630 prmsul
2985 3562 3112 3616 fecit
3155 3564 3207 3616 in
3257 3559 3471 3616 ecclesia
3510 3557 3700 3610 beata

596 3648 664 3703 15
699 3648 1019 3716 Genitricis,
1050 3669 1212 3724 quam
1259 3665 1453 3711 vocant
1494 3656 1862 3718 Dominicam,
1897 3669 2059 3723 rugas
2089 3669 2154 3708 ex
2184 3663 2409 3723 argento
2432 3693 2446 3715 ,
2476 3668 2629 3722 pens.
2676 3653 2842 3706 libras
2885 3654 3166 3723 sexaginta
3213 3669 3328 3708 sex.
3378 3648 3527 3704 Fecit
3571 3647 3754 3701 etiam
3799 3646 3854 3700 in

703 3742 934 3798 ecclesia
961 3745 1132 3798 beatae
1157 3744 1250 3798 Dei
1274 3747 1568 3802 Genitricis
1597 3747 1782 3802 Marize
1813 3748 2043 3802 dominae
2072 3755 2303 3810 nostrze,
2335 3747 2437 3800 sita
2464 3745 2682 3800 Savinis
2712 3746 2764 3799 in
2789 3746 3094 3815 episcopio,
3120 3754 3324 3799 vestem
3351 3743 3414 3796 de
3439 3739 3701 3802 fundato,
3729 3751 3856 3791 mm

704 3830 958 3904 perielysi
989 3835 1054 3888 de
1083 3833 1312 3890 blatthin
1342 3837 1634 3910 Byzantca.
1664 3838 1760 3894 llic
1785 3839 2022 3908 demque
2051 3838 2234 3892 divina
2267 3838 2552 3892 vocatione
2586 3836 2872 3892 defunctus
2911 3847 3012 3891 est.
3046 3837 3301 3906 Sepultus
3336 3848 3463 3886 vero
3510 3833 3561 3885 in
3609 3830 3856 3885 ecciesia

707 3927 849 3982 beati
875 3927 1014 3982 Petri
1045 3930 1292 3997 apostoli.
1320 3932 1669 3987 Fecitautem
1701 3932 2071 3985 ordinationes
2099 3931 2255 3994 duas,
2289 3947 2450 3983 unam
2483 3930 2698 3998 quidem
2748 3943 2844 3998 per
2889 3945 3132 3984 mensem
3175 3926 3555 3984 Decembrem,
3584 3930 3650 3974 et
3687 3919 3854 3974 aliam

704 4035 802 4090 per
835 4037 1076 4076 mensem
1107 4019 1382 4082 Martium,
1412 4022 1828 4090 presbyteros...
1870 4019 2131 4072 diaconos
2159 4033 2276 4078 sex,
2303 4017 2589 4086 episcopos
2618 4032 2716 4086 per
2753 4017 2965 4071 diversa
3005 4015 3123 4070 loca
3169 4028 3459 4068 numero...
3499 4009 3566 4063 Et
3613 4004 3861 4061 cessavit

598 4112 669 4166 ΞΟ
705 4112 1046 4182 episcopatus
1075 4110 1189 4178 ejus
1209 4110 1324 4165 dies
1355 4119 1585 4180 quatuor
1611 4126 1662 4162 in
1697 4124 1882 4163 mense
1907 4107 2184 4170 Januario,
2219 4107 2514 4161 indictione
2535 4106 2728 4176 prima.

1794 4223 2068 4284 VARUE
2130 4219 2597 4282 LECTIONES.

813 4350 963 4416 Apud
999 4346 1330 4413 Fabrotmm,
1369 4363 1432 4400 ex
1454 4347 1630 4400 codice
1659 4344 1898 4403 Freheri.

637 4480 784 4536 Num
812 4479 936 4544 450,
961 4479 1033 4532 lin
1063 4480 1147 4543 I0,
1181 4481 1312 4533 tanti
1357 4479 1516 4532 studii
1562 4477 1810 4546 pervigil.
1853 4486 1907 4530 et
1943 4476 2154 4546 religio-

565 4553 650 4607 nis
675 4553 918 4608 devotus.
947 4551 1022 4605 lin
1044 4551 1132 4608 15.
1156 4551 1297 4604 unde
1321 4550 1412 4619 qui
1438 4549 1671 4604 sibimet.
1700 4548 1774 4600 lin
1798 4547 1888 4612 28,
1913 4547 2156 4602 omnium

563 4637 788 4680 CIVIIIm.

639 4693 783 4749 Num
822 4689 949 4756 451,
994 4690 1070 4745 lin
1121 4691 1205 4750 15,
1253 4705 1542 4745 cameram.
1591 4688 1665 4741 lin
1707 4688 1805 4751 I9,
1848 4687 1940 4740 lib.
1993 4687 2060 4740 I2
2103 4696 2156 4740 et

564 4765 749 4820 semis.
792 4764 866 4819 lin
919 4762 1056 4826 ead,
1107 4762 1296 4816 uncias
1352 4770 1480 4814 tres.
1537 4759 1608 4813 lin
1657 4757 1766 4822 25,
1822 4757 1943 4811 libr.
1986 4756 2055 4810 15
2103 4765 2157 4810 et

566 4835 756 4889 uncias
781 4835 836 4888 2.

546 4921 554 4945 τ
641 4903 783 4958 Num
807 4904 934 4966 455,
964 4903 1041 4956 lin
1067 4902 1123 4964 6,
1154 4900 1404 4956 extinxit.
1432 4899 1505 4952 lin
1539 4899 1592 4962 7,
1630 4899 1884 4968 perstitit.

641 4973 785 5028 Num
813 4975 945 5039 455,
974 4974 1048 5027 lin
1074 4973 1130 5033 5,
1162 4971 1402 5025 vallaris.

641 5042 785 5098 Num
811 5037 940 5107 456,
970 5043 1044 5096 lin
1088 5042 1157 5107 8,
1188 5056 1370 5096 cruce.
1417 5039 1491 5093 lin
1525 5039 1624 5101 I0,
1683 5039 2017 5109 quadrapulo
2062 5037 2153 5093 20.

567 5110 642 5166 lin
673 5115 761 5179 I2,
790 5117 1080 5168 cortinam.

641 5177 784 5237 Nam
815 5185 940 5246 457,
970 5184 1043 5236 lin
1073 5183 1136 5246 5,
1160 5181 1430 5237 dicentem
1469 5178 1665 5233 multas
1699 5180 1792 5234 tibi
1829 5179 2054 5249 gratias.
2081 5177 2156 5231 lin

567 5252 602 5308 ο
618 5294 632 5318 ,
674 5253 872 5310 frustra
882 5255 1053 5308 toriis.

641 5320 784 5392 Num
813 5323 939 5386 458,
971 5322 1047 5376 lin
1079 5323 1130 5384 5,
1163 5321 1489 5392 praetextati.

639 5390 785 5447 Num
813 5393 938 5455 459,
974 5391 1046 5447 lin
1074 5395 1130 5456 8,
1163 5390 1387 5447 mensis.

640 5461 784 5518 Num
807 5463 928 5523 410.
957 5463 1028 5516 lin
1057 5463 1112 5527 2,
1138 5464 1259 5517 libr.
1289 5460 1410 5516 151.
1437 5459 1512 5513 lin
1541 5459 1624 5527 12,
1655 5457 1880 5513 exafoti.
1912 5458 1984 5511 lin
2009 5459 2152 5521 ead.,

567 5530 664 5592 III).
696 5532 732 5586 2
761 5545 816 5588 et
843 5535 1029 5588 uncias
1053 5537 1106 5588 8.

641 5602 787 5658 Num
815 5604 942 5666 412,
976 5603 1049 5656 lin
1079 5605 1134 5666 7,
1163 5603 1384 5658 mensis.

643 5671 786 5726 Num
815 5675 937 5732 417.
970 5672 1042 5726 lin
1071 5672 1128 5734 2,
1158 5680 1427 5727 cerneret.

649 5738 787 5792 Num
825 5744 945 5805 H9,
973 5741 1045 5792 lin
1078 5743 1164 5807 11,
1198 5742 1407 5797 tabulas
1429 5743 1514 5798 de.

2331 4344 2474 4397 Num
2498 4341 2623 4406 450,
2655 4341 2728 4396 lin
2757 4343 2811 4401 5,
2845 4341 3040 4394 ibidem
3066 4341 3264 4409 junxit,
3304 4354 3456 4408 pens.
3493 4340 3627 4393 libr.
3657 4338 3788 4394 254.

2338 4414 2479 4468 Num
2507 4412 2634 4475 451,
2672 4412 2745 4464 lin
2775 4412 2828 4476 5,
2859 4411 3233 4481 apostolatam.
3276 4410 3350 4462 lin
3392 4409 3492 4473 12,
3537 4409 3668 4466 vela
3716 4411 3854 4465 alba.

2262 4484 2336 4538 lin
2373 4483 2456 4547 I6,
2484 4483 2718 4537 Sabinis.

2475 4594 2559 4648 Ea:
2588 4594 2763 4648 codice
2785 4593 2962 4663 Regio,
3006 4592 3282 4646 Mazarino
3308 4596 3359 4644 et
3390 4589 3645 4644 Timauo.

2334 4686 2474 4740 Num
2503 4686 2629 4747 450,
2661 4685 2734 4738 lin
2766 4687 2814 4749 1,
2849 4697 3018 4737 mens.
3061 4681 3115 4745 5,
3145 4683 3196 4737 d.
3233 4683 3316 4736 I7.
3367 4681 3470 4747 Qui
3519 4697 3548 4734 a
3599 4682 3854 4748 primm

2259 4767 2409 4811 aetat.
2465 4771 2563 4810 suo
2602 4766 2862 4823 tempore.
2920 4754 2995 4806 Im
3054 4749 3108 4823 5,
3169 4753 3406 4822 presbyt.
3472 4752 3676 4804 honor.
3736 4767 3856 4805 coo-

2261 4843 2399 4882 secr.
2433 4826 2602 4893 Quem
2633 4822 2782 4883 dum.
2831 4833 2964 4885 ete.,
2999 4833 3055 4876 ru
3087 4822 3163 4893 lin
3203 4823 3255 4875 9.
3294 4823 3367 4874 lin
3407 4823 3501 4875 10.
3544 4837 3719 4893 quem
3768 4823 3855 4874 do-

2261 4913 2418 4951 mnus
2446 4891 2526 4951 ter
2553 4895 2899 4951 beatissimus
2925 4909 3062 4963 papa
3102 4891 3290 4962 Steph.
3321 4893 3560 4963 pnedee.
3593 4891 3717 4963 ejus
3741 4907 3854 4963 cum

2263 4968 2392 5020 tanti
2423 4967 2584 5021 studii
2630 4961 2967 5047 pervigilem.
2995 4961 3070 5015 lin
3098 4963 3158 5042 I_I
3186 4961 3214 5027 ,ί
3234 4973 3342 5043 tam
3390 4962 3465 5047 ei.
3509 4978 3596 5047 In.
3623 4962 3740 5047 ’ξίι-

2300 5030 2696 5107 rotomartyris,
2725 5030 2998 5104 quamque
3038 5033 3295 5099 majorem
3323 5032 3480 5100 juxta
3509 5030 3685 5086 basil.
3727 5030 3856 5086 beati

2258 5053 2401 5161 getri
2431 5107 2601 5161 orine.
2631 5113 2804 5161 anost.
2837 5104 3124 5158 ecclesiam
3156 5103 3222 5155 ad
3252 5119 3364 5161 reg.
3395 5103 3708 5156 commisit.
3732 5102 3855 5156 Dum

2302 5109 2401 5161 etri
2431 5102 2601 5176 princ.
2631 5102 2804 5174 apost.
2837 5103 3230 5176 ecclesiam‘ad
3250 5119 3364 5176 reg.
3395 5103 3708 5176 commisit.
3732 5102 3855 5156 Dum

2259 5193 2389 5246 ergo
2425 5172 2589 5230 tanta:
2612 5172 2768 5231 bonae
2803 5189 2956 5246 oper.
2995 5174 3074 5244 (ut
3103 5173 3178 5225 lin
3213 5172 3298 5243 I9)
3327 5172 3645 5246 prgcipue,
3677 5174 3854 5246 longe,

2260 5242 2475 5316 lateque
2505 5242 2854 5316 discurreret
2876 5242 3125 5316 fama,_et
3151 5242 3297 5296 omn.
3333 5242 3428 5296 Dei
3462 5259 3581 5316 reg.
3623 5259 3742 5316 sua!
3768 5243 3856 5311 pi:

2259 5313 2518 5372 Ecclesia:
2548 5315 2648 5370 sub
2684 5313 3088 5386 gubernationis
3115 5327 3244 5367 cura
3266 5354 3280 5374 ,
3326 5314 3585 5386 ann._lin
3615 5313 3684 5386 ξ(
3712 5355 3727 5377 ,
3762 5324 3854 5386 una

2259 5403 2415 5441 conc.
2444 5383 2745 5456 eademque
2772 5385 2877 5438 vol.
2913 5383 2988 5437 lin
3010 5384 3289 5456 j25tpont.
3323 5392 3407 5436 est
3437 5383 3585 5437 elev.
3615 5384 3853 5439 Omnium

2257 5459 2458 5512 etenim
2489 5453 2877 5518 Ecclesiarmn,
2912 5463 2969 5506 ut
3001 5453 3078 5506 lin
3103 5453 3193 5508 28.

2337 5527 2476 5580 Num
2505 5526 2632 5588 «151,
2688 5525 2762 5578 lin
2809 5525 2858 5588 I,
2915 5539 3036 5592 qua:
3087 5523 3235 5592 dilig.
3269 5521 3373 5593 [Μ.
3423 5539 3550 5592 qure
3607 5535 3667 5578 et
3698 5518 3850 5589 diligi

2261 5598 2332 5650 lin
2363 5597 2418 5663 5,
2453 5596 2752 5665 ampliavit.
2789 5594 3385 5665 Captivosubicmtque
3420 5594 3624 5665 iuven.
3662 5600 3853 5665 poterat

2266 5683 2294 5718 a
2324 5662 2558 5721 vinculis
2577 5662 2907 5720 absolvebat.
2949 5663 3249 5718 Ecclesium
3286 5662 3495 5715 etenim
3539 5664 3852 5717 beatissima?

2191 5728 2237 5787 Β
2265 5736 2465 5793 Christi
2517 5736 2776 5806 martyris
2825 5733 3124 5798 Praxedis,
3168 5747 3288 5803 quae
3343 5732 3630 5800 quondam
3681 5732 3850 5802 priscis
