4026 6326
199 330 353 385 1277
966 324 1280 383 HISTORIA
1320 325 1407 380 DE
1451 323 1625 379 VITIS
1660 320 1789 377 ROB}

1896 323 2064 381 ’ONT.
2102 352 2176 365 -—
2211 324 2648 383 VALENTINUS
2686 325 2749 381 11.
3348 323 3486 382 12ἷ8

354 440 407 495 in
441 437 689 494 manibus
727 411 975 505 gestabat
1003 438 1278 503 ardentes,
1304 435 1470 491 verbo
1496 436 1703 492 scilicet
1725 436 2024 490 luculenter
2056 436 2346 505 refulgens,
2373 450 2428 491 et
2450 448 2574 492 actu
2599 438 2855 493 doctrina:
2880 446 3085 508 pariter
3118 454 3340 497 munere
3358 458 3481 498 cunt

239 536 317 592 15
353 533 641 606 magnifico
668 535 916 604 exemplo
945 533 1230 589 laudabilis
1256 535 1453 589 indicio
1477 535 1817 590 coruscabat.

423 631 590 705 454
619 631 864 701 Superna
892 646 1106 700 quoque
1128 632 1219 686 Dei
1248 631 1549 687 auxiliante
1582 632 1805 696 virtute,
1837 647 1957 686 cum
1984 633 2094 702 jam
2124 635 2376 703 perfectae
2418 634 2629 688 initium
2659 636 2980 705 sumpsisset
3008 638 3203 700 astatis,
3234 646 3290 691 et
3319 637 3485 707 ipsius

354 723 619 778 bonitatis
657 732 823 793 atque
848 723 1159 792 sagacitatis
1190 723 1345 778 favor
1376 724 1533 794 longe
1562 724 1776 791 lateque
1809 726 1984 779 thuris
2030 726 2287 781 odoriferi
2339 728 2512 781 instar
2550 729 2841 798 fragraret,
2887 736 2941 782 et
2979 742 3138 782 aures
3185 727 3484 783 beatissimi

351 813 598 886 praesulis
623 814 724 884 piae
748 812 1021 869 memoriae
1050 812 1233 867 domni
1258 813 1536 867 Paschalis
1562 829 1626 868 ex
1659 814 1893 869 ﬁdelium
1927 816 2096 870 relatu
2144 819 2381 873 veridico
2430 820 2777 875 enucleanter
2829 819 3112 889 pulsasset,
3146 835 3397 889 eumque,
3426 825 3488 873 ut

354 904 588 975 populus
616 902 979 967 collaudabat,
1015 902 1130 958 fore
1162 903 1213 957 in
1245 904 1497 957 erunibus
1523 902 1783 957 illustrem
1806 913 1860 959 et
1897 904 2155 977 inclytum
2184 908 2451 961 veraciter
2486 908 2763 963 didicisset
2804 927 2817 962 :
2860 924 2983 963 mox
3008 909 3153 963 illum
3183 924 3280 978 per
3308 907 3484 963 eccle-

285 996 321 1050 5
356 994 612 1051 siasticos
640 994 840 1063 gradus
863 994 931 1050 ad
953 993 1370 1049 subdiaconatus
1399 993 1663 1048 honorem
1694 995 1943 1063 provexit
1970 1011 2035 1049 ex
2065 995 2415 1049 Lateraneusi
2447 995 2649 1065 palatio
2674 1006 2732 1050 et
2776 995 2877 1050 sibi
2902 998 3174 1052 deservire
3208 996 3482 1066 praecepit.

353 1091 521 1163 Cujus
543 1091 973 1147 conversationis
999 1098 1047 1145 et
1076 1090 1354 1161 patientia:
1385 1090 1550 1143 vitam
1588 1104 1651 1143 ac
1679 1104 1857 1145 mores
1904 1093 2018 1161 ipse
2052 1106 2371 1160 agnoscens,
2418 1090 2571 1144 valde
2619 1090 2765 1145 illum
2802 1104 2912 1160 prie
2960 1087 3168 1143 caeteris
3208 1085 3483 1158 diligebat.

356 1181 657 1238 Praedictus
686 1189 866 1236 autem
906 1182 1008 1247 vir,
1042 1182 1212 1253 gratia
1241 1181 1471 1251 desuper
1502 1181 1682 1235 divina
1726 1181 1939 1236 favente
1979 1183 2063 1236 cui
2107 1197 2164 1236 se
2210 1191 2319 1237 tota
2360 1182 2558 1238 mentis
2597 1182 2882 1237 devotione
2924 1182 3241 1249 integraque
3286 1179 3488 1232 virtute

357 1276 671 1341 devoverat,
710 1275 956 1330 veritatis
975 1285 1031 1330 et
1056 1275 1336 1344 sapientiae
1362 1275 1553 1346 plenus
1577 1276 1781 1331 lumine
1802 1277 2143 1332 coruscabat.
2179 1278 2309 1332 Erat
2337 1279 2480 1332 enim
2520 1293 2771 1333 sermone
2801 1276 3050 1341 affabilis,
3094 1274 3343 1329 doctrina
3373 1272 3489 1327 cia-

356 1382 468 1431 rus,
504 1367 654 1421 vultu
684 1367 1031 1437 conSpicuus,
1064 1377 1119 1421 et
1140 1367 1282 1421 inter
1310 1365 1509 1421 fratres
1538 1368 1624 1436 pia
1659 1368 1943 1423 devotione
1974 1370 2251 1425 modestus
2287 1372 2657 1442 proximisque
2693 1371 2883 1426 ﬁdelis.
2925 1370 3095 1425 Nullis
3120 1383 3249 1424 vero
3287 1381 3345 1421 se
3371 1366 3492 1435 qui?

237 1457 311 1514 10
351 1459 452 1515 bus
480 1457 675 1528 aliquis
704 1456 788 1512 vel
823 1455 1015 1512 leviter
1062 1457 1495 1523 contristaretur,
1551 1458 1728 1527 sagaci
1776 1467 1992 1527 pectore
2042 1458 2228 1524 fultus,
2262 1462 2489 1532 negotiis
2534 1461 2860 1531 implicabat.
2901 1460 3037 1516 Cum
3077 1468 3337 1530 pneterea
3366 1451 3490 1513 éum

358 1563 436 1610 tot
460 1553 617 1610 bonis
642 1554 912 1623 tantisque
939 1568 1161 1623 operum
1200 1553 1408 1608 meritis
1434 1553 1745 1622 praestantis
1767 1554 2009 1623 corporis
2036 1552 2266 1608 formam
2289 1555 2588 1625 elegantem
2607 1554 2721 1627 jam
2743 1555 2919 1610 dictus
2944 1553 3183 1625 pontifex
3204 1560 3489 1609 ornatum-

357 1666 461 1721 que
495 1649 805 1719 inspiceret,
836 1647 1054 1703 levitatn
1100 1646 1244 1702 sedis
1286 1663 1397 1702 sum
1453 1645 1760 1718 apostolicte
1806 1650 2165 1704 consecravit.
2197 1650 2293 1705 Cui
2325 1652 2395 1705 ob
2436 1666 2548 1706 suae
2593 1651 2713 1705 vita:
2755 1651 3030 1714 meritum,
3064 1666 3171 1720 quo
3214 1648 3492 1719 splendide

361 1745 649 1808 rutilabat,
674 1752 729 1799 et
758 1746 827 1799 ab
847 1744 995 1799 omni
1021 1742 1279 1799 Ecclesiae
1306 1743 1484 1812 plebe,
1510 1751 1675 1813 atque
1702 1744 1905 1816 inclyto
1932 1745 2300 1800 Romanorum
2327 1746 2523 1817 populo
2543 1757 2685 1803 cmtu
2709 1747 2910 1818 ingenti
2936 1747 3259 1818 diligebatur
3280 1759 3486 1808 amore,

355 1843 498 1898 bona
530 1848 586 1897 ct
606 1839 866 1895 beneﬁcia
895 1838 1065 1893 multa
1090 1835 1331 1904 largiﬂue
1359 1837 1609 1904 contulit,
1660 1853 1892 1907 eumque
1918 1842 2260 1910 postmodum
2292 1842 2730 1898 archidiaconum
2764 1842 2911 1898 fecit.
2941 1842 3058 1911 Quo
3104 1856 3234 1896 sane
3262 1839 3492 1911 prtesule

247 1937 325 1994 15
362 1935 821 2006 Christojubente
846 1933 1080 1989 culmina
1113 1932 1408 1988 scandente
1435 1932 1697 1999 coelestia,
1732 1933 2006 2003 Eugenius
2044 1943 2171 1990 tunc
2208 1936 2502 2005 pontiﬁcali
2547 1945 2632 1991 est
2669 1938 2737 1991 ab
2765 1938 3015 1993 omnibus
3038 1939 3280 1995 elevatus
3306 1936 3360 1990 in
3386 1935 3489 1990 ho-

358 2047 513 2098 nore,
542 2041 597 2086 ct
628 2031 838 2102 positus
868 2030 921 2084 in
952 2029 1080 2083 sede
1107 2028 1424 2097 apostolica.
1452 2027 1553 2095 Qui
1593 2044 1716 2084 eum
1745 2029 1976 2093 cunctis,
2014 2045 2134 2100 quae
2165 2030 2422 2095 diximus,
2451 2030 2608 2090 bonis
2652 2031 2966 2086 decoratum
3005 2031 3304 2088 luculenter
3328 2045 3492 2101 agnoc

358 2143 534 2195 scens,
564 2128 709 2183 omni
742 2128 866 2182 vitae
903 2141 1013 2182 suae
1040 2134 1282 2195 tempore
1303 2125 1749 2181 charissimorum
1786 2127 1904 2183 vice
1932 2129 2172 2195 retinuit,
2211 2138 2266 2183 et
2301 2129 2447 2185 velut
2480 2138 2633 2200 pater
2672 2129 2894 2199 proprio
2927 2128 3034 2183 ﬁlio
3063 2128 3225 2182 corde
3251 2141 3490 2196 congau-

358 2223 524 2281 debat
554 2223 743 2288 alacri,
776 2222 998 2293 suisque
1041 2221 1351 2292 aspectibus
1394 2221 1543 2276 illum
1576 2222 1793 2277 assidue
1829 2226 2129 2281 consistere
2168 2225 2440 2295 cupiebat.
2488 2226 2717 2281 Peracto
2766 2241 2895 2280 vero
2948 2239 3012 2279 ac
3055 2224 3310 2278 divinitus
3337 2223 3491 2277 ﬁnito

361 2321 523 2391 hujus
548 2320 791 2392 praesulis
822 2320 958 2375 lucis
994 2318 1328 2374 transeuntis
1374 2318 1625 2383 termino,
1675 2320 1741 2373 ad
1767 2334 1941 2376 sacra:
1987 2322 2131 2376 sedis
2158 2321 2396 2399 culmina
2444 2322 2621 2376 omnis
2662 2321 3030 2376 Romanorum
3072 2328 3247 2373 cretus
3287 2316 3492 2372 crebris

241 2416 324 2473 20
359 2417 643 2472 Dominum
678 2414 898 2487 jejuniis
927 2423 983 2469 et
1009 2413 1353 2493 orationibus
1384 2414 1701 2482 deprecans,
1740 2422 1797 2470 ut
1823 2416 1944 2485 quis
1987 2424 2148 2469 tanta:
2189 2416 2333 2472 sedis
2369 2417 2576 2471 honore
2605 2416 2798 2487 dignus
2830 2414 2969 2470 foret
3011 2428 3195 2470 eorum
3247 2412 3493 2468 sensibus

362 2512 602 2569 revelare
628 2513 967 2583 dignaretur.
991 2509 1098 2565 Sed
1135 2509 1318 2564 divina
1344 2508 1559 2579 placata
1592 2509 1868 2579 maiestas,
1896 2528 2057 2582 quem
2085 2528 2151 2566 ex
2182 2512 2506 2568 sacerdotali
2548 2513 2629 2567 eis
2658 2512 2906 2583 catalogo
2957 2510 3258 2581 eligendum
3289 2522 3492 2564 arcano

362 2627 474 2666 sua:
500 2611 754 2680 potentiae
783 2620 915 2667 nutu
939 2611 1268 2676 ostenderet,
1297 2614 1400 2668 nisi
1427 2629 1571 2675 eum,
1598 2626 1756 2681 quem
1787 2612 1856 2667 ab
1897 2613 2029 2684 ipsis
2064 2614 2255 2668 matris
2286 2614 2542 2668 uberibus
2584 2621 2661 2668 tot
2690 2610 3017 2681 supradictis
3040 2610 3300 2665 virtutum
3322 2608 3492 2679 copiis

358 2714 413 2762 et
436 2707 804 2778 pulcherrimo
834 2708 1206 2763 doctrinarum
1250 2706 1383 2765 flore
1427 2715 1736 2772 ornaverat,
1772 2717 1931 2776 atque
1968 2716 2309 2763 constantem
2359 2717 2415 2761 et
2462 2705 2676 2761 fidelem
2703 2706 2756 2760 in
2783 2704 3035 2762 omnibus
3079 2704 3181 2761 sibi
3214 2703 3492 2759 alumnum

360 2803 649 2869 nutrierat,
689 2804 1075 2860 sacratissimte
1099 2804 1245 2860 sedis
1270 2813 1538 2860 rectorem
1569 2803 1874 2859 tribueret?

431 2898 592 2972 455
620 2899 875 2956 Collectis
898 2900 1063 2971 igitur
1084 2901 1137 2955 in
1166 2917 1331 2956 unum
1362 2901 1763 2956 venerabilibus
1790 2900 2076 2971 episcopis,
2108 2909 2164 2955 et
2196 2900 2446 2971 gloriosis
2475 2900 2842 2954 Romanorum
2873 2896 3210 2968 proceribus,
3237 2909 3493 2965 omnique

367 2995 560 3064 amplm
593 2993 752 3049 Urbis
781 2994 978 3066 populo
1010 2994 1062 3049 in
1095 2995 1297 3065 palatio
1316 2995 1696 3060 Lateranensi,
1721 3004 1779 3049 ut
1810 2996 1951 3064 quod
1974 2994 2091 3063 jam
2122 2996 2271 3050 cordi
2295 2996 2507 3052 cuilitus
2545 2996 2838 3052 revelatum
2866 2995 3095 3064 aequiter
3120 3008 3312 3050 omnes
3339 3004 3491 3049 tene-

360 3089 493 3144 bant
522 3088 573 3142 in
602 3104 711 3143 uno
740 3088 1034 3144 multorum
1064 3089 1244 3143 sonitu
1268 3098 1568 3154 resonaret,
1596 3091 1757 3145 unius
1786 3090 2079 3146 voluntatis
2108 3107 2378 3147 consensu
2402 3091 2613 3146 fortiter
2641 3091 2997 3145 acclamatum
3019 3098 3120 3153 est,
3150 3090 3493 3145 Valentinum

359 3185 755 3240 sanctissimum
780 3186 1222 3241 archidiaconum
1255 3187 1400 3242 sedis
1427 3186 1736 3257 apostolica:
1765 3186 2020 3259 dignum!
2056 3186 2398 3243 Valentinum
2429 3187 2623 3243 summi
2652 3186 3001 3257 pontiﬁcatus
3035 3184 3200 3239 infula
3232 3186 3496 3241 decoran-

289 3282 325 3337 5
363 3282 519 3338 dum!
550 3281 645 3337 His
669 3282 851 3354 itaque
877 3282 1129 3337 mellitluc
1152 3284 1332 3350 dictis,
1359 3300 1464 3338 una
1493 3300 1617 3339 mox
1644 3299 1835 3340 omnes
1862 3286 2010 3355 pacis
2026 3283 2402 3353 conjunctione
2449 3292 2731 3339 manentes
2761 3283 2826 3336 ad
2855 3282 3142 3339 ecclesiam
3167 3289 3368 3337 saneta:
3398 3278 3493 3335 Dei

364 3375 660 3433 Genitricis
688 3392 1009 3448 semperque
1039 3379 1280 3450 Virginis
1306 3380 1487 3435 Maria:
1508 3380 1738 3436 dominae
1761 3390 1961 3436 nostra:
1989 3396 2145 3441 sacer
2167 3381 2507 3443 clericorum,
2536 3388 2591 3435 et
2625 3379 2990 3436 Romanorum
3018 3392 3273 3449 proceres
3292 3375 3496 3446 pariter

365 3486 486 3527 cum
517 3473 713 3544 populo
744 3485 1118 3546 properantes,
1150 3478 1472 3547 multiplices
1492 3493 1615 3533 eum
1646 3477 1877 3533 Domino
1906 3486 2088 3548 grates
2116 3492 2182 3533 ac
2206 3478 2393 3533 laudes
2420 3476 2733 3532 reddentem
2766 3491 2915 3531 more
2951 3475 3113 3532 solito
3140 3475 3489 3530 invenerunt.

364 3564 534 3634 Quem
565 3568 709 3623 illico
732 3571 963 3625 multum
991 3587 1055 3626 ac
1082 3572 1285 3627 diutius
1311 3572 1659 3638 renitentem,
1688 3587 1855 3642 seque
1887 3573 2022 3628 tanti
2062 3572 2342 3644 regiminis
2369 3572 2485 3627 fore
2516 3573 2870 3642 incongruum
2898 3585 3033 3627 voce
3058 3578 3275 3626 strenua
3313 3564 3494 3637 profe-

364 3672 595 3726 rentem,
629 3663 787 3722 alma:
815 3667 1012 3736 plebis,
1044 3678 1099 3723 et
1144 3668 1278 3724 lanis
1310 3671 1594 3739 utriusque
1624 3669 1830 3725 militiae
1875 3669 2246 3726 Romanorum
2279 3670 2483 3726 electus
2511 3678 2596 3725 est
2624 3670 2848 3726 vocibus
2892 3668 2945 3722 in
2978 3666 3106 3722 sede
3148 3661 3489 3734 pontiﬁcum.

249 3756 325 3814 10
360 3757 440 3813 Ac
463 3759 654 3815 deinde
684 3762 966 3834 condignis
993 3763 1176 3834 gloriae
1220 3763 1467 3820 laudibus
1521 3773 1576 3819 et
1632 3765 1855 3821 honoris
1899 3765 2254 3836 amplitudine
2300 3765 2366 3819 ad
2410 3764 2777 3821 Lateranense
2822 3760 3213 3832 patriarchium
3255 3758 3325 3813 ab
3360 3756 3494 3827 ipsis

361 3857 645 3923 deductus,
671 3866 728 3914 et
766 3860 821 3914 in
867 3860 1166 3931 pontiﬁcali
1213 3871 1297 3917 est
1346 3861 1555 3933 positus
1590 3861 1802 3917 throno.
1831 3860 1999 3930 Cujus
2044 3870 2273 3918 ovanter
2316 3863 2387 3917 ab
2424 3861 2572 3918 omni
2627 3859 2992 3915 Romanorum
3045 3863 3234 3912 senatu
3264 3853 3495 3925 pedibus

361 3955 641 4021 osculatis,
668 3961 724 4012 et
752 3957 1006 4012 omnibus
1034 3973 1154 4028 quae
1176 3958 1441 4029 explenda
1471 3967 1630 4015 erant
1657 3958 1759 4014 rite
1795 3974 1860 4015 ac
1894 3950 2221 4014 veneranter
2255 3958 2510 4028 peractis,
2541 3972 2737 4025 magna
2767 3954 3055 4019 sobrietas,
3081 3967 3273 4023 magna
3305 3950 3361 4005 in
3411 3957 3494 4004 to-

363 4049 470 4104 tius
509 4064 672 4106 sexus
704 4061 761 4107 et
790 4054 969 4109 aetatis
994 4054 1191 4125 populo
1225 4054 1416 4110 laetitia
1452 4056 1671 4111 mansit.
1707 4054 1944 4125 Ejusque
1986 4055 2417 4111 consecrationis
2456 4053 2544 4111 die
2582 4066 2775 4108 sereno
2813 4051 2925 4122 jam
2954 4049 3321 4111 illucescente,
3366 4061 3491 4100 cum

359 4143 562 4200 lumine
590 4143 706 4214 jam
736 4149 937 4204 dictum
962 4150 1263 4205 antistitem
1294 4151 1363 4205 ad
1386 4151 1526 4206 beati
1555 4150 1700 4205 Petri
1733 4150 2101 4221 apostolorum
2128 4150 2392 4220 principis
2429 4147 2718 4205 ecclesiam
2741 4159 2933 4202 omnes
2956 4145 3161 4215 pariter
3199 4141 3426 4197 Romani
3459 4157 3491 4195 a
3551 4153 3561 4162 '

246 4240 326 4297 15
357 4241 565 4312 palatio
600 4241 932 4299 deducentes
953 4259 1099 4310 eum,
1131 4242 1416 4311 majestate
1459 4244 1641 4300 divina
1667 4245 1982 4307 auxiliante,
2013 4245 2065 4299 in
2093 4245 2206 4300 alto
2230 4246 2426 4300 throno
2447 4258 2717 4300 summum
2746 4256 3133 4298 consecravere
3155 4236 3490 4311 pontiﬁcem.

434 4336 721 4410 456ρυὶ
749 4353 876 4394 mox
903 4340 1155 4395 almiﬁcm
1183 4340 1330 4396 sedis
1354 4340 1594 4396 culmina
1618 4344 1887 4397 scandens
1910 4341 2055 4397 beati
2085 4340 2230 4395 Petri
2257 4338 2487 4411 apostoli
2515 4347 2571 4392 et
2599 4337 2835 4393 ctelestis
2866 4337 3017 4407 regni
3052 4334 3328 4406 clavigeri,
3357 4331 3497 4387 divi-

358 4434 446 4490 nis
470 4436 580 4491 Deo
600 4435 852 4492 laudibus
875 4445 930 4491 et
955 4435 1240 4492 sacriﬁciis
1264 4436 1352 4507 pie
1382 4436 1604 4502 oblatis,
1631 4437 1813 4507 amplo
1841 4446 1898 4492 et
1921 4436 2211 4509 magnifico
2244 4435 2615 4491 Romanorum
2656 4441 2801 4488 coetu
2831 4431 2896 4485 ad
2926 4430 3187 4501 palatium
3239 4442 3363 4483 cum
3411 4427 3496 4480 in.

360 4533 507 4603 genti
538 4534 735 4603 gaudio
766 4536 1066 4602 remeavit;
1104 4544 1265 4606 atque
1284 4535 1602 4592 lautissimis
1622 4536 1851 4606 dapibus
1873 4535 2123 4604 sumptis,
2142 4535 2639 4588 amantissimorum
2667 4528 2849 4584 multis
2870 4535 2926 4581 et
2945 4527 3177 4581 diversis
3208 4537 3495 4578 munerum

361 4628 518 4683 donis
546 4644 757 4684 sacram
804 4632 1013 4701 plebem
1070 4642 1124 4687 et
1166 4643 1413 4688 senatum
1457 4633 1829 4702 populumque
1858 4631 2164 4685 Romanum
2217 4630 2421 4699 optime
2450 4640 2476 4668 ι
2509 4626 2717 4682 ditavit.
2767 4624 2900 4677 Erat
2945 4620 3143 4689 quippe
3183 4615 3499 4684 dapsilitate

289 4719 325 4776 5
359 4722 611 4794 inclytus,
641 4726 855 4781 actione
889 4728 1214 4796 praecipuus,
1261 4742 1513 4782 sermone
1548 4727 1875 4791 luculentus,
1922 4726 2175 4780 onmibus
2224 4723 2602 4794 compassione
2651 4718 2951 4789 proximus,
2979 4724 3033 4769 et
3060 4713 3294 4782 inopiam
3328 4710 3493 4764 susti-

360 4821 614 4877 nentibus
636 4833 1000 4894 opportunum
1033 4824 1303 4878 instanter
1342 4822 1595 4878 solatium
1645 4822 1912 4891 praebens.
1955 4818 2165 4888 Quibus
2208 4814 2601 4887 multiplicibus
2647 4814 2805 4868 bonis
2836 4817 3081 4870 ornatus,
3128 4806 3195 4859 ad
3250 4803 3496 4860 ctelestia

359 4919 578 4978 Christo
612 4934 841 4980 vocante
870 4924 1116 4995 corporis
1145 4939 1438 4995 Oppressus
1482 4922 1731 4977 molestia
1764 4921 1912 4976 exitu
1968 4919 2211 4990 pretioso
2248 4915 2526 4979 transivit,
2576 4922 2740 4984 atque
2771 4925 2893 4967 cum
2951 4900 3296 4964 desiderabili
3362 4899 3472 4954 bea

362 5017 668 5090 tissimique
691 5022 872 5090 operis
893 5020 1073 5076 fructu
1103 5022 1171 5076 ad
1212 5027 1562 5090 conspectum
1594 5030 1820 5072 summa:
1854 5013 2161 5086 majestatis
2208 5011 2363 5067 laetus
2408 5009 2675 5075 ascendit,
2702 5008 2894 5063 laetans
2939 5016 2995 5061 et
3046 5003 3323 5062 exsultans
3365 5013 3495 5055 cum

356 5113 586 5171 Domino
615 5132 851 5187 semper.

1380 5252 1606 5294 Νοτυιιε
1648 5250 1979 5292 ιιΑιιῦιΝΑιΕδ
2018 5248 2309 5290 FABROTTI.

288 5334 477 5377 I‘nni

387 5349 590 5407 opime.

1499 5418 1734 5476 VARle
1771 5414 2173 5475 LECTIONES.

487 5538 641 5613 Αραά
671 5537 981 5619 Fabmm’."
1006 5554 1072 5593 ⁸³⁵
1095 5536 1269 5592 “dice
1290 5532 1531 5590 F'ehe’i'
1828 5540 1874 5596 Α
1905 5568 2056 5610 more
2112 5550 2301 5607 nobili.
2352 5548 2428 5604 lin
2467 5546 2521 5613 8,
2579 5542 2951 5616 inspirationis
2999 5548 3239 5597 nectare.
3279 5537 3357 5596 (in
3398 5537 3488 5597 l5.

286 5630 437 5688 Num
463 5633 590 5699 453,
623 5632 699 5687 lin
748 5633 801 5698 Ι,
858 5640 1011 5700 patre
1066 5629 1314 5692 Leontio,
1374 5627 1515 5700 sedit
1560 5639 1804 5700 mensem
1912 5622 2251 5700 exempli.____
2310 5690 2341 5700 η
2398 5688 2427 5700 Α
2475 5688 2488 5700 .
2538 5698 2545 5700 _
2629 5686 2663 5700 Α

206 5683 1238 5772 unum—,wdies'lfiflin'5:rritnabatur,
1278 5683 1334 5756 et
1374 5695 1598 5771 ingenti.
1645 5695 1717 5751 (in
1745 5695 1804 5762 6,
1988 5683 2131 5749 Ναήι
2153 5692 2281 5760 454,
2303 5690 2376 5746 lin
2396 5688 2451 5757 9,
2475 5686 2773 5745 intentione
2800 5683 3095 5742 modestus.
