4026 6326
98 341 260 399 ’1231
897 340 1216 400 HISTORIA
1250 341 1343 398 DE
1380 340 1555 399 VITIS
1587 339 1688 399 ΚΟ

1798 339 1997 396 PON'I‘.
2027 369 2099 381 —
2126 340 2529 398 euacuatos
2586 342 2673 398 tv.
3032 412 3035 415 λ
3244 340 3388 401 1289

261 465 606 524 summopere
633 452 800 523 cmpit
844 455 1148 510 attendere.
1200 454 1267 509 Et
1295 454 1552 525 quoniam
1604 462 1733 509 tunc
1761 452 1945 507 divino
1975 450 2118 522 ignis
2162 464 2349 504 amore
2394 463 2690 507 succensus
2724 464 2922 521 corpus
2963 458 3110 508 beati
3146 455 3397 525 uregorii

152 544 226 599 I0
265 541 424 611 hujus
449 543 773 600 universalis
796 545 1052 602 Ecclesiae
1080 546 1344 616 prtesulis,
1375 561 1472 617 per
1499 561 1659 616 quem
1690 544 1862 617 sancti
1893 542 2131 613 Spiritus
2156 541 2334 612 gratia
2366 550 2480 596 toto
2512 542 2643 596 orbe
2666 549 2933 598 terrarum
2961 543 3399 616 inexstiuguihile

262 632 541 703 sapientia?
569 649 764 689 munus
793 635 1023 704 induxit,
1054 652 1120 692 ex
1164 637 1286 693 loco
1320 634 1565 705 sepultus
1590 649 1698 704 quo
1729 634 1880 704 prius
1907 632 2086 687 fuerat
2110 630 2252 696 tulit,
2281 637 2334 685 et
2371 643 2481 684 non
2512 627 2670 699 longe
2695 633 2764 688 ab
2797 649 2863 689 eo
2892 634 2946 688 in
2976 634 3143 690 alium
3186 636 3401 691 uoviter

260 733 639 779 constructum
668 723 808 780 infra
830 723 1115 780 ecclesiam
1138 724 1283 779 beati
1310 722 1460 779 Petri
1482 722 1712 792 apostoli
1735 737 1948 777 summo
1974 722 2180 777 honore
2203 718 2477 790 perduxit.
2504 717 2741 787 Ejusque
2764 738 2976 779 sacrum
3006 725 3180 780 altare
3204 740 3402 797 argen-

263 816 367 870 teis
389 814 586 871 tabulis
614 816 852 885 undique
880 814 1219 884 perornavit,
1250 822 1305 870 et
1335 814 1637 870 oratorium
1679 828 1778 869 suo
1803 821 1994 868 saneto
2024 812 2245 868 nomine
2275 810 2532 866 titulavit.
2563 811 2933 883 Ahsidamque
2965 813 3207 881 ejusdem
3237 831 3402 886 super

261 914 454 959 aurato
483 905 993 976 musivo-depiuxit.
1032 905 1091 961 In
1135 921 1244 976 quo
1280 906 1490 962 scilicet
1519 905 1763 960 oratorio
1799 911 2115 959 sanctorum
2161 917 2391 972 corpora
2422 903 2704 957 beatorum
2736 913 3033 975 martyrum
3065 905 3398 969 Sebastiani,

150 996 229 1053 15
266 995 523 1069 Gorgouii
552 1012 619 1053 ae
639 996 871 1053 'I‘ihurtii
895 1013 962 1053 ex
990 999 1340 1064 cmmeteriis,
1364 999 1418 1053 in
1449 999 1645 1069 quibus
1671 1006 1797 1052 ante
1810 994 2093 1064 jacehant,
2122 994 2393 1065 perduxit.
2429 994 2497 1050 Et
2524 994 2945 1064 unumquodque
2969 1008 3156 1049 eorum
3179 1009 3402 1064 separa-

273 1085 345 1141 tis
369 1086 631 1144 altarihus
665 1086 973 1152 collocavit,
1004 1101 1104 1157 pro
1128 1088 1325 1158 quibus
1353 1087 1589 1157 denique
1618 1084 1970 1158 pontificatus
1999 1088 2083 1139 sui
2110 1092 2353 1155 tempore
2377 1083 2619 1140 decrevit
2646 1092 2706 1138 ut
2744 1083 3019 1149 monachi,
3054 1084 3147 1152 qui
3185 1084 3254 1139 ad
3279 1084 3399 1138 oili-

268 1177 415 1232 cium
444 1178 856 1248 persolvendum
898 1179 952 1233 in
983 1178 1213 1234 ecclesia
1239 1180 1384 1234 beati
1413 1178 1560 1234 Petri
1589 1178 1817 1249 apostoli
1850 1186 1976 1233 sunt
2005 1177 2308 1242 constituti,
2340 1176 2593 1232 omnibus
2618 1176 2809 1231 diebus
2838 1174 3037 1241 ibidem
3066 1173 3251 1229 laudes
3278 1190 3398 1228 om-

262 1267 532 1337 nipotenti
559 1268 790 1324 Domino
820 1285 1018 1326 canere
1041 1285 1148 1326 non
1171 1272 1459 1327 desistant.
1486 1270 1694 1328 Obtulit
1718 1280 1895 1325 autem
1923 1272 1977 1325 in
2000 1270 2191 1326 eodem
2220 1272 2460 1326 oratorio
2483 1269 2604 1325 vela
2635 1271 2861 1341 majora,
2888 1268 2969 1325 vel
2996 1268 3207 1325 modica
3227 1271 3402 1326 serica

262 1359 452 1414 decem
479 1368 535 1413 et
563 1369 711 1415 octo.
741 1360 932 1417 Vestes
977 1377 1139 1431 super
1164 1362 1358 1428 altare,
1403 1364 1503 1418 sub
1530 1380 1638 1435 quo
1669 1363 2001 1419 sanctissimi
2031 1362 2278 1435 Gregorii
2324 1378 2476 1433 papae
2504 1378 2704 1434 corpus
2747 1362 2999 1431 quiescit,
3032 1370 3166 1418 tres.
3222 1361 3396 1417 Unam

147 1448 232 1504 20
266 1464 389 1505 cum
437 1449 812 1521 chrysoclavo,
866 1452 1154 1508 habentem
1191 1455 1633 1510 historiam.......
1683 1463 1741 1510 ct
1786 1469 1951 1525 super
1996 1454 2419 1524 unumquodque
2465 1454 2637 1510 altare
2667 1454 3050 1524 praedictorum
3096 1461 3401 1524 martyrum

263 1545 467 1592 vestem
491 1539 557 1592 de
585 1538 810 1594 fundato
839 1555 1021 1596 unam.
1050 1542 1318 1613 Imagines
1346 1544 1576 1614 denique
1601 1545 1834 1615 desuper
1858 1546 2258 1616 deargentatas,
2285 1560 2495 1601 necnon
2523 1560 2661 1602 auro
2690 1548 2942 1621 perfusas
2965 1556 3099 1614 tres,
3132 1548 3402 1606 habentes

271 1633 476 1688 vultum
506 1633 744 1700 Domini,
769 1645 826 1690 et
861 1652 1050 1693 eorum
1082 1640 1346 1711 depictos,
1379 1656 1609 1712 quorum
1640 1641 1896 1711 specialia
1930 1642 2128 1698 ibidem
2158 1659 2389 1715 corpora
2426 1645 2653 1701 humata
2700 1642 2976 1699 miraculis
3004 1658 3070 1699 ac
3100 1642 3396 1697 virtutibus

262 1725 353 1795 pol
362 1725 492 1780 leut.

334 1814 499 1888 560
534 1817 629 1873 llis
656 1817 820 1887 igitur
841 1819 1097 1889 perfectis
1122 1823 1396 1892 operibus,
1422 1824 1491 1878 ad
1518 1824 1622 1878 alia
1650 1823 2209 1894 repentefvenerabilis
2230 1822 2473 1895 pontifex
2504 1825 2745 1879 animum
2768 1831 2823 1878 et
2848 1830 3083 1877 mentem
3106 1820 3397 1876 convertit.

265 1905 401 1961 Nam
428 1907 715 1963 ecclesiam
749 1919 876 1967 tunc
906 1913 1049 1966 beati
1088 1912 1251 1968 Marci
1283 1913 1613 1970 confessoris
1655 1925 1821 1986 atque
1862 1915 2155 1985 pontificis,
2184 1930 2346 1984 quam
2384 1925 2628 1986 tempore
2671 1914 2959 1968 sacerdotii
2987 1911 3072 1967 sui
3107 1909 3397 1980 regendam

266 2006 601 2067 susceperat,
630 2008 688 2053 et
714 2015 995 2072 usquequo
1023 2002 1090 2057 ad
1118 2003 1468 2073 pontificatus
1509 2006 1758 2073 pervenit
1786 2004 2041 2072 gratiam,
2072 2002 2125 2057 in
2166 2017 2265 2058 suo
2283 2001 2429 2072 jure,
2464 2018 2528 2058 ac
2567 2003 2771 2059 ditione
2806 2002 3127 2074 permansit,
3169 2016 3289 2071 quas
3325 2001 3395 2054 ob

262 2088 487 2142 nimiam
526 2097 851 2146 vetustatem
882 2092 1076 2146 crebro
1104 2107 1300 2146 casura
1350 2107 1471 2147 esse
1500 2092 1807 2157 videbatur,
1849 2107 1975 2147 cum
2023 2094 2411 2161 omnipotentis
2446 2092 2543 2148 Dei
2572 2094 2927 2163 opitulatione
2974 2109 3005 2148 a
3034 2091 3402 2147 fundamentis

188 2176 228 2232 5
264 2177 419 2248 prius
440 2178 709 2245 ejecit,.et
750 2181 1089 2249 postmodum
1132 2183 1286 2237 novis
1323 2183 1548 2238 fabricis
1578 2190 1743 2236 totam
1773 2183 1841 2236 ad
1888 2182 2170 2238 meliorem
2213 2182 2418 2237 cultum
2449 2192 2612 2253 atque
2656 2186 2905 2243 decorem
2936 2184 3222 2254 perduxit,
3253 2182 3397 2236 absi-

266 2270 500 2341 damque
540 2271 708 2341 ipsius
748 2276 1157 2344 prmiiominata:
1187 2276 1427 2331 basilica:
1457 2277 1669 2331 musivo
1696 2278 1880 2331 aureis
1922 2277 2309 2346 superinduclo
2335 2276 2609 2332 coloribus
2637 2292 2759 2332 cum
2795 2289 3008 2331 summa
3039 2270 3401 2342 gratulatione

280 2361 545 2431 depinxit.
577 2360 731 2416 Fecit
758 2380 887 2422 vero
930 2375 1076 2421 sarta
1121 2374 1261 2421 tecta
1289 2364 1404 2434 ejus
1429 2366 1610 2419 omnia
1643 2380 1817 2430 nova;
1847 2374 1903 2421 et
1931 2365 2193 2435 quidquid
2229 2366 2283 2419 in
2314 2379 2379 2421 ea
2425 2374 2552 2420 aute
2583 2366 2687 2420 vile
2711 2370 3071 2434 cognoverat,
3105 2359 3404 2430 pretiosum

268 2462 453 2521 postea
482 2469 604 2510 esse
631 2456 839 2511 maluit.
2170 2504 2175 2509 η
3328 2496 3331 2499 λ

340 2543 499 2616 46],
539 2545 708 2617 Igitur
735 2532 1125 2603 consummatis
1172 2545 1424 2600 onmibus
1469 2545 1553 2600 his
1591 2560 1689 2615 pro
1723 2545 1960 2601 remedio
1990 2552 2047 2599 et
2091 2544 2272 2599 futura
2319 2543 2677 2599 retributione
2720 2541 2915 2596 animat
2950 2554 3081 2603 suae,
3125 2536 3320 2595 obtulit
3350 2538 3403 2592 in

263 2639 376 2709 jam
411 2658 553 2712 saepe
582 2644 858 2697 nominata
888 2642 1119 2698 ecclesia
1148 2640 1347 2696 futuris
1372 2641 1708 2713 temporibus
1737 2640 2101 2712 permanenda
2131 2641 2248 2695 haec
2275 2658 2287 2693 :
2319 2640 2565 2711 Regnum
2588 2651 2813 2692 aureum
2840 2650 3025 2698 unum,
3058 2634 3204 2704 quod
3230 2648 3404 2704 usque

266 2735 426 2792 hodie
470 2754 635 2809 super
667 2739 840 2795 altare
869 2738 1152 2810 dependet,
1202 2754 1329 2795 cum
1376 2740 1605 2810 gemmis
1652 2739 1804 2794 valde
1849 2740 2092 2809 optimis,
2139 2739 2345 2794 habens
2394 2738 2447 2792 in
2502 2737 2682 2793 medio
2721 2749 2940 2789 auream
2992 2746 3235 2810 crucem,
3280 2748 3402 2787 cum

267 2835 497 2902 gemmis
534 2835 740 2904 pariter
783 2835 1067 2906 pretiosis;
1116 2836 1246 2891 item
1290 2836 1555 2907 gabathas
1596 2850 1661 2889 ex
1717 2850 1853 2889 auro
1902 2835 2193 2906 purissimo
2238 2843 2380 2898 tres,
2431 2832 2729 2903 pendentes
2784 2836 2910 2882 ante
2953 2807 3402 2898 praenoniinatum

189 2924 232 2979 5
270 2925 479 2994 altare;
511 2937 564 2982 et
590 2932 853 3001 gabathas
880 2931 1218 2987 interrasiles
1246 2932 1314 2987 de
1337 2941 1593 3003 argento,
1624 2932 1910 2987 duodecim
1942 2931 2256 3001 angelorum
2291 2946 2456 3001 opere
2477 2935 2850 2990 constructas;
2880 2934 2938 2980 et
2967 2925 3106 2979 alias
3143 2924 3405 2996 gabathas

268 3019 603 3077 interrasiles
635 3026 894 3095 quinque,
926 3041 1050 3081 cum
1076 3025 1302 3097 pedibus
1326 3026 1460 3081 suis.
1484 3027 1615 3081 Item
1647 3026 1738 3081 ubi
1765 3042 1929 3097 supra
1955 3026 2150 3081 obtulit
2176 3025 2609 3097 tbymiamateria
2637 3037 2802 3077 aureo
2820 3022 3001 3077 colore
3023 3019 3241 3091 perfusa
3275 3020 3404 3085 tria,

266 3118 506 3172 canistra
539 3120 604 3174 de
638 3129 864 3190 argento
892 3120 1208 3183 duodecim;
1233 3135 1466 3175 coronas
1492 3130 1779 3191 argenteas
1811 3120 2043 3191 majores
2072 3129 2127 3176 et
2166 3121 2403 3175 minores
2447 3134 2662 3183 novem,
2708 3132 2898 3175 cruces
2923 3118 2989 3171 de
3018 3124 3243 3188 argento
3271 3123 3402 3179 tres.

266 3215 324 3262 et
346 3223 682 3281 unaquaeque
708 3211 870 3266 habet
893 3210 1063 3265 libras
1093 3225 1290 3276 uuam;
1324 3220 1626 3267 cerostatas
1651 3212 1886 3282 desuper
1915 3220 2226 3281 argentatas
2251 3222 2505 3282 quatuor.
2536 3210 2687 3266 Fecit
2708 3219 2763 3266 et
2799 3210 3065 3265 ciborium
3095 3210 3163 3263 ad
3192 3208 3405 3262 Iaudem

265 3309 428 3368 atque
453 3303 703 3358 decorem
735 3302 1063 3358 confessoris
1084 3303 1197 3374 jam
1227 3304 1425 3374 saepius
1456 3306 1585 3360 dicti
1627 3320 1693 3360 ex
1725 3314 1952 3375 argento
1991 3305 2312 3374 purissimo,
2348 3321 2503 3375 pens.
2549 3305 2713 3359 libras
2757 3304 2922 3358 mille.
2964 3304 3149 3359 Altare
3192 3316 3407 3372 quoque

150 3389 230 3444 10
262 3390 503 3458 ejusdem
534 3396 811 3465 argenteis
856 3395 1111 3449 similiter
1148 3396 1347 3451 tabulis
1396 3398 1704 3462 exornavit,
1730 3399 1954 3467 cupiens
1991 3413 2090 3467 per
2117 3413 2298 3452 rerum
2338 3397 2714 3467 temporalium
2743 3397 3001 3451 exercitia
3036 3405 3238 3450 aeterna
3265 3393 3407 3448 cmlo

265 3485 484 3551 prmmia
512 3485 757 3557 adipisci.
804 3484 1102 3541 Praedictus
1131 3487 1296 3540 etiam
1338 3486 1669 3542 venerabilis
1714 3485 1956 3556 pontifex
1990 3486 2187 3540 obtulit
2237 3486 2327 3541 ubi
2369 3501 2531 3554 supra
2581 3494 2787 3540 vestem
2835 3484 2903 3538 de
2952 3483 3174 3538 fundato
3213 3496 3401 3543 unam.

268 3575 559 3632 habentem
606 3592 893 3634 mucrones
938 3594 1037 3649 per
1066 3578 1375 3634 circuitum.
1408 3578 1559 3632 Fecit
1600 3586 1655 3630 et
1686 3576 1848 3631 aliam
1893 3584 2098 3631 vestem
2139 3574 2209 3631 de
2241 3576 2513 3630 oloveroa
2558 3591 2741 3641 unam,
2791 3575 3079 3629 habentem
3126 3572 3179 3625 in
3227 3571 3407 3626 medio

267 3681 510 3737 gemmas
535 3677 591 3723 et
616 3669 755 3723 mala
780 3684 968 3736 aurea,
1004 3677 1061 3723 et
1084 3684 1182 3739 per
1208 3668 1498 3723 circuitum
1528 3683 1721 3722 zonam
1749 3668 1817 3722 de
1843 3665 2216 3737 chrysoclavo.
2247 3668 2360 3722 lmo
2390 3683 2520 3724 vero
2548 3667 2743 3723 obtulit
2784 3666 3164 3721 sanctissimus
3203 3666 3401 3735 prmsul

270 3763 476 3809 vestem
499 3756 565 3812 de
593 3757 835 3822 olovero,
863 3772 985 3812 cum
1014 3757 1236 3827 gryphis
1260 3764 1315 3810 et
1339 3757 1710 3812 unicornibus.
1748 3755 1963 3812 Vestem
1984 3771 2201 3826 quoque
2225 3757 2409 3825 aliam,
2440 3774 2563 3815 cum
2590 3757 2944 3827 chrysoclavo
2966 3771 3065 3826 per
3090 3757 3399 3821 circuitum,

152 3843 232 3900 15
269 3843 557 3901 habentem
584 3846 635 3901 in
666 3847 843 3901 medio
870 3845 1326 3901 resurrectionem
1363 3846 1575 3901 Domini
1606 3845 1776 3900 nostri
1810 3844 1935 3901 Jesu
1960 3844 2185 3900 Christi.
2696 3874 2701 3875 ί

341 3934 504 4008 462
543 3936 696 4007 Stcpe
717 3938 829 4008 jam
872 3937 1050 3992 dictus
1085 3935 1407 3991 venerabilis
1433 3951 1569 4006 papa
1609 3937 1808 3991 obtulit
1854 3937 1908 3991 in
1953 3936 2348 4009 praenominata
2395 3936 2623 3992 ecclesia
2655 3945 2862 3991 vestem
2896 3951 3018 3991 cum
3063 3936 3321 4008 gryphis,
3352 3944 3410 3991 et

269 4023 622 4095 cltrysoclavo
651 4042 748 4097 per
770 4026 1080 4091 circuitum,
1114 4025 1402 4081 habentem
1451 4026 1507 4080 in
1554 4027 1730 4081 medio
1760 4027 2102 4082 nativitatem
2131 4027 2345 4082 Domini
2375 4028 2547 4083 nostri
2593 4026 2719 4083 Iesu
2762 4027 2965 4083 Christi
2998 4043 3013 4081 :
3046 4029 3173 4083 item
3201 4038 3406 4083 vestem

271 4116 435 4172 aliam
479 4135 601 4173 cum
633 4119 1007 4191 chrysoclavo,
1049 4120 1339 4175 habentem
1383 4135 1481 4189 per
1523 4120 1761 4175 medium
1810 4129 1959 4175 rotas
1984 4121 2052 4176 de
2080 4121 2438 4192 chrysoclavo
2465 4131 2719 4192 quatuor,
2762 4129 2815 4174 et
2859 4119 3196 4174 nativitatem
3243 4128 3408 4187 atque

271 4212 601 4284 baptismum
626 4212 836 4269 Domini
862 4214 1032 4269 nostri
1058 4213 1186 4269 Jesu
1207 4213 1431 4267 Christi.
1460 4213 1671 4268 Obtulit
1696 4228 1828 4268 vero
1849 4214 2275 4283 praenominatus
2296 4213 2540 4285 pontifex
2567 4224 2770 4270 vestem
2794 4213 2953 4267 aliam
2978 4227 3102 4268 cum
3128 4212 3396 4278 leonibus,

195 4304 234 4360 5
270 4304 561 4360 habentem
592 4304 1044 4360 resurrectionem
1086 4304 1299 4359 Domini
1347 4304 1415 4359 de
1445 4304 1822 4375 chrysoclavo.
1873 4305 2065 4362 Vestes
2115 4308 2182 4363 de
2232 4306 2454 4363 fundato
2497 4307 2737 4363 minores
2775 4315 2932 4371 octo,
2974 4322 3096 4377 qua:
3145 4306 3406 4360 altaribus

275 4400 733 4462 superponuntur,
761 4406 882 4462 qua:
907 4407 1003 4461 per
1025 4393 1313 4449 circuitum
1342 4390 1585 4461 ejusdem
1613 4395 1859 4451 ecclesias
1882 4411 2002 4453 esse
2028 4407 2345 4453 noscuntur.
2379 4396 2510 4453 Vela
2544 4400 2666 4454 alba
2694 4399 2867 4453 serica
2902 4399 2956 4464 4,
3002 4413 3170 4452 unum
3201 4398 3409 4453 habens

269 4481 509 4551 undique
523 4478 746 4553 Tyrium
773 4489 830 4535 et
861 4481 914 4535 in
947 4482 1126 4536 medio
1147 4497 1389 4548 erucem,
1419 4490 1474 4537 et
1497 4486 1836 4555 gammadias
1864 4487 1931 4541 de
1954 4487 2343 4558 chrysoclavo;
2371 4489 2516 4544 aliud
2546 4490 2612 4544 de
2637 4490 2895 4548 stauraei.
2926 4489 3133 4544 habens
3158 4489 3212 4542 in
3236 4489 3411 4543 medio

272 4588 489 4630 crucem
520 4575 586 4630 de
612 4573 833 4630 olovero
873 4587 929 4630 et
966 4576 1301 4647 gammadias
1349 4577 1417 4631 de
1464 4577 1684 4634 olovero
1712 4577 1919 4648 Tyreo;
1956 4581 2174 4634 tertium
2210 4590 2549 4649 etquartmn
2600 4582 2869 4635 similiter.
2920 4580 3049 4633 Vela
3101 4581 3167 4634 de
3215 4581 3409 4633 rodino

273 4673 526 4735 quatuor,
555 4680 675 4735 qua:
702 4680 916 4721 sacrum
943 4666 1117 4721 altare
1142 4667 1510 4730 circumdant,
1543 4683 1610 4723 ex
1635 4668 1832 4737 quibus
1860 4684 2025 4722 unum
2052 4669 2216 4723 habet
2244 4684 2463 4724 crucem
2506 4671 2573 4722 de
2600 4669 2971 4739 chrysoclavo.
3001 4667 3133 4722 Vela
3173 4668 3239 4721 de
3282 4668 3407 4722 fun-

160 4753 238 4811 l0
276 4755 404 4810 dato
430 4753 520 4819 26,
550 4762 606 4809 et
629 4754 770 4809 linea
802 4754 1075 4819 similiter,
1111 4769 1231 4824 qua:
1258 4755 1492 4824 pendent
1520 4770 1618 4825 per
1640 4770 1802 4810 arcus
1828 4755 2087 4810 ecclesiae.
2120 4754 2250 4811 Vela
2286 4757 2656 4811 Alexandrina
2682 4758 2785 4810 tria
2812 4764 2937 4811 ante
2959 4764 3143 4825 portas
3169 4758 3405 4827 majores

287 4846 576 4915 pendentia
596 4885 611 4911 ,
644 4845 901 4901 habentia
940 4846 1189 4900 homines
1223 4854 1278 4899 et
1306 4844 1563 4900 caballos.
1590 4845 1869 4901 Cortiuam
1912 4846 2335 4902 Alexandrinam
2364 4864 2549 4914 unam,
2578 4848 2660 4903 vel
2688 4848 2795 4902 alia
2835 4848 3089 4903 habentia
3119 4865 3408 4907 mucrones

271 4933 341 4988 de
369 4933 594 4989 fundato
614 4933 669 4989 4.
696 4935 888 4990 Vehun
918 4935 985 4990 de
1032 4934 1286 5005 octapulo
1316 4950 1504 4989 unum.
1537 4933 1670 4990 Vela
1709 4936 1815 4990 alia
1846 4937 1912 4992 de
1949 4936 2172 4991 fundato
2198 4946 2343 5002 octo,
2375 4937 2628 4993 habentia
2657 4954 2755 5009 per
2783 4940 3073 4993 circuitum
3118 4942 3408 5014 periclysin

277 5024 346 5080 de
372 5024 621 5080 blatthin.
650 5025 716 5080 Et
745 5024 853 5080 alia
877 5024 994 5079 vela
1021 5039 1117 5080 sex
1146 5041 1267 5080 cum
1296 5025 1510 5096 aquilis,
1554 5026 1812 5082 habentia
1858 5042 1956 5097 per
1999 5028 2287 5082 circuitum
2337 5029 2627 5101 periclysin
2668 5031 2736 5084 de
2760 5028 2943 5101 Tyrio.
2977 5031 3107 5087 Vela
3141 5034 3411 5106 simulque

274 5116 381 5172 alia
410 5118 477 5173 de
504 5117 729 5173 fundato
753 5118 1013 5188 quinque,
1042 5117 1300 5173 habentia
1344 5118 1550 5182 leones,
1601 5127 1655 5174 et
1701 5118 1992 5189 periclysin
2036 5119 2105 5175 de
2130 5119 2315 5191 Tyrio.
2362 5120 2491 5176 Vela
2539 5120 2647 5175 alia
2695 5121 3091 5186 Alexandrina,
3119 5137 3185 5177 ex
3213 5124 3412 5192 quibus

162 5207 245 5268 15
282 5222 449 5263 unum
476 5209 685 5264 habens
708 5217 880 5275 rotas,
903 5218 959 5263 et
983 5224 1137 5263 rosas
1166 5209 1219 5264 in
1250 5210 1450 5275 medio,
1473 5218 1529 5264 et
1555 5210 1700 5265 aliud
1722 5210 1970 5276 arbores,
2001 5220 2058 5266 et
2084 5219 2235 5266 rotas
2271 5212 2562 5283 pendentia
2589 5220 2716 5268 ante
2735 5213 2923 5268 valvas
2954 5214 3123 5284 ipsius
3143 5214 3407 5270 ecclesiae.

280 5298 415 5356 Item
444 5299 624 5354 velum
654 5300 925 5356 modicum
948 5299 1015 5353 de
1035 5298 1274 5363 olovero,
1307 5299 1517 5356 habens
1559 5300 1616 5354 in
1648 5302 1827 5356 medio
1867 5302 2142 5357 hominem
2169 5319 2294 5358 cum
2323 5304 2556 5359 caballo.
2588 5303 2721 5360 Vela
2746 5320 2869 5359 cum
2901 5316 3127 5375 argento
3162 5306 3413 5377 spanisro

282 5392 712 5463 quatuordeeim.
745 5390 878 5447 Vela
918 5390 1133 5446 modica
1161 5391 1250 5446 ubi
1281 5406 1441 5461 supra
1484 5391 1552 5447 de
1596 5391 1816 5449 olovero
1845 5393 2057 5460 decem,
2103 5395 2311 5452 habens
2357 5399 2781 5467 unumquodque
2821 5413 3011 5453 eorum
3059 5409 3269 5456 anates.
3316 5399 3414 5455 Hie

284 5482 466 5542 divina
488 5485 845 5556 inspiratione
871 5492 1153 5554 protectus
1181 5482 1373 5538 obtulit
1404 5484 1458 5538 in
1481 5482 1597 5553 jam
1634 5484 1780 5539 dicta
1821 5484 2047 5541 basilica
2075 5487 2435 5555 aquaemanile
2463 5488 2530 5543 de
2553 5497 2781 5559 argento
2801 5504 2990 5544 unum.

1224 5616 1493 5661 NOTULB
1534 5616 1779 5661 MARGIN
1788 5618 1952 5688 ALES‘_
1963 5629 1975 5654 ι
1988 5618 2332 5667 ΕΔΒΠΟΤΤῙ.

209 5736 241 5769 ι
271 5720 338 5790 B,
372 5722 692 5781 holoserico.
