4026 6326
628 333 771 397 {285
1777 322 2139 382 ANASTASII
2174 319 2727 380 BIBLIOTHEGARH
3788 318 3906 380 ω

837 444 1002 521 ἀω
1041 443 1239 499 Verum
1261 439 1428 497 etiam
1451 436 1582 495 fecit
1608 439 1742 494 etin
1767 438 2001 494 ecclesia
2032 436 2179 491 beati
2205 434 2419 492 Cosme
2443 445 2501 490 et
2528 433 2780 490 Damiani
2801 441 3107 505 martyrum
3135 444 3342 490 vestem
3365 435 3434 491 de
3462 434 3711 490 fundato
3731 450 3911 503 unam,

768 536 1059 594 habentem
1085 531 1138 585 in
1170 529 1348 584 medio
1387 527 1671 583 historiam
1697 525 1989 595 depictam,
2016 538 2140 578 cum
2168 523 2542 595 chrysoelavo.
2587 524 2645 577 In
2675 524 2909 579 ecclesia
2940 525 3084 579 beati
3113 526 3383 597 Abbacyri
3403 567 3421 591 ,
3454 535 3636 595 atque
3680 527 3913 583 Archa-

766 626 872 696 geli
900 624 970 678 ad
997 618 1319 679 alefantnm.
1347 618 1446 673 Hic
1475 634 1506 672 a
1533 618 1645 673 Deo
1671 617 1880 671 electus
1904 623 1960 668 et
1984 614 2278 685 praeclarus
2309 616 2563 680 antistes,
2589 614 2785 669 obtulit
2817 615 2869 668 in
2898 616 3121 671 basilica
3164 618 3310 673 beati
3345 618 3645 672 Eustachii
3668 623 3909 688 martyris

776 724 983 773 vestem
1013 714 1082 769 de
1106 711 1329 766 fundato
1356 724 1540 775 unam,
1570 708 1861 763 habentem
1894 712 1947 760 in
1972 706 2154 760 medio
2183 706 2468 761 historiam
2506 706 2574 760 de
2601 705 2975 777 chrysoclavo.
3016 707 3167 763 Fecit
3203 707 3319 775 jam
3364 710 3580 778 saepius
3614 709 3911 765 nominatus

696 810 733 866 5
768 808 962 880 praesul
992 806 1154 861 aliam
1182 810 1388 857 vestem
1419 799 1473 853 in
1499 798 1730 855 ecclesia
1771 798 2056 852 beatorum
2082 806 2385 865 martyrum
2436 794 2612 864 Sergii
2652 803 2710 847 et
2753 794 2949 849 Bacchi
2991 796 3057 849 de
3097 796 3322 850 fundato
3364 812 3564 849 unam.
3600 794 3733 848 Pari
3766 800 3908 849 unedo

764 914 895 956 vero
925 897 1056 952 fecit
1081 903 1137 950 et
1171 894 1335 948 aliam
1380 898 1584 945 vestem
1632 888 1697 942 de
1742 887 1969 941 fundato
2014 886 2067 939 iu
2111 886 2341 941 ecclesia
2388 887 2563 939 sancti
2611 884 2895 950 Silvestri,
2939 888 3115 955 posita
3164 890 3218 942 in
3265 899 3458 942 monte
3504 888 3759 941 Soracti.
3802 886 3906 942 Post

761 988 1028 1059 completa
1057 1000 1186 1041 vero
1214 985 1331 1038 haec
1363 981 1547 1037 omnia
1578 990 1635 1035 et
1655 978 1941 1049 diligenter
1964 987 2202 1048 peracta,
2248 977 2379 1033 fecit
2409 978 2463 1031 in
2492 976 2726 1032 ecclesia
2765 978 2911 1032 beati
2944 978 3091 1034 Petri
3116 980 3344 1050 apostoli
3378 980 3509 1034 vela
3547 994 3682 1034 cum
3706 981 3904 1053 chryso-

757 1083 913 1139 ciavo
946 1094 1173 1134 numero
1199 1074 1635 1148 quatuordeciin,
1687 1071 1942 1126 habentia
1993 1071 2239 1124 diversas
2271 1070 2526 1124 historias
2566 1068 3015 1137 Evangeliorum,
3059 1080 3113 1123 et
3157 1072 3446 1139 passiones
3493 1069 3651 1124 beati
3692 1069 3829 1125 Petri
3854 1089 3906 1129 ac

757 1172 940 1237 Pauli,
967 1186 1175 1225 necnon
1200 1169 1433 1222 Andreae
1460 1164 1713 1236 apostoli,
1745 1179 1866 1233 qua:
1896 1164 2203 1231 dependent
2230 1162 2372 1216 inter
2400 1163 2665 1231 imagines
2701 1178 2837 1215 auro
2867 1173 3204 1232 argentoque
3230 1164 3380 1217 fusas
3412 1165 3471 1217 in
3507 1165 3673 1218 trabe
3695 1163 3905 1234 desuper

658 1266 728 1321 10
766 1270 1078 1335 argentata,
1105 1269 1397 1327 antequam
1426 1257 1590 1310 adeas
1625 1268 1839 1308 sacram
1868 1251 2303 1316 confessionem,
2333 1252 2580 1319 speciosa
2619 1251 2774 1306 valde
2797 1252 3004 1307 visibus
3034 1254 3287 1307 humanis
3315 1263 3491 1323 atque
3525 1257 3817 1325 prmcipua.

837 1352 1005 1429 464
1037 1351 1191 1405 Fecit
1220 1358 1403 1403 autem
1426 1356 1479 1402 et
1509 1348 1562 1400 in
1590 1345 1816 1401 ecclesia
1840 1344 1983 1398 beati
2008 1342 2210 1397 Christi
2237 1342 2490 1413 martyris
2519 1342 2735 1412 Georgii
2762 1342 3080 1412 magniﬁcus
3102 1343 3297 1412 praesul
3325 1344 3459 1396 hinc
3492 1343 3633 1397 inde
3661 1344 3897 1411 porticus,

768 1460 907 1516 quas
935 1445 1100 1500 etiam
1130 1440 1199 1495 ad
1228 1440 1567 1493 decessorem
1615 1437 1784 1505 ipsius
1819 1434 2059 1489 basilica:
2087 1434 2257 1488 variis
2286 1434 2502 1487 ornavit
2542 1434 2791 1503 picturis.
2830 1433 3089 1488 Absidam
3123 1449 3252 1488 vero
3299 1434 3557 1503 ejusdem
3607 1436 3901 1488 dimouit:

754 1534 1139 1598 fundamentis,
1166 1530 1464 1586 auxiliante
1493 1526 1740 1587 Domino,
1765 1540 1887 1578 cum
1912 1537 2126 1577 summo
2155 1522 2336 1577 studio
2358 1525 2615 1593 compsit.
2648 1522 2746 1577 Hic
2767 1525 2903 1578 adeo
2924 1524 3171 1578 amabilis
3197 1524 3448 1593 pontifex
3472 1525 3613 1577 dum
3642 1525 3903 1595 diligenter

750 1635 1002 1686 cerneret
1035 1624 1178 1695 quod
1211 1622 1454 1692 ejusdem
1487 1617 1816 1674 venerabilis
1851 1614 2116 1669 diaconia:
2145 1614 2502 1669 secretarium
2528 1628 2640 1683 pra:
2674 1614 2841 1668 nimia
2884 1624 3187 1685 tempormn
3217 1625 3496 1671 vetustate
3529 1629 3900 1679 marceswet,

693 1722 728 1777 5
764 1720 975 1775 noviter
1001 1732 1099 1788 pro
1121 1715 1292 1785 ipsius
1313 1725 1499 1767 amore
1533 1709 1615 1762 vel
1656 1707 1829 1777 gratia
1866 1707 2096 1759 aliorum
2134 1704 2198 1758 ad
2232 1704 2513 1759 meliorem
2544 1706 2721 1759 erexit
2750 1704 3033 1760 honorem.
3064 1705 3271 1761 Obtulit
3301 1707 3495 1775 itaque
3540 1709 3901 1763 sanctissilus

757 1823 895 1881 papa
924 1807 1012 1862 ubi
1037 1820 1202 1875 supra
1229 1805 1349 1858 haec
1376 1802 1557 1855 dona:
1590 1797 1805 1852 Vestem
1833 1796 1901 1848 de
1920 1794 2146 1848 fundato
2170 1808 2354 1856 unam,
2384 1807 2505 1848 cum
2531 1792 2911 1863 cbrysoclavo,
2936 1794 3227 1851 habentem
3256 1798 3568 1866 imaginem
3602 1799 3897 1862 Salvator-is,

761 1910 819 1955 et
841 1898 1100 1969 martyris
1121 1893 1427 1949 Sebastiani
1454 1900 1619 1958 atque
1655 1888 1903 1957 Georgii;
1931 1887 2046 1941 vela
2087 1886 2154 1941 de
2177 1884 2402 1940 fundato
2429 1886 2638 1956 majora
2659 1886 2785 1952 duo,
2821 1888 3033 1943 minora
3065 1891 3251 1944 decem
3284 1900 3340 1945 et
3369 1906 3525 1946 octo.
3564 1893 3725 1947 Fecit
3744 1904 3898 1947 anim

763 1996 819 2050 in
842 1992 1182 2049 confessione
1212 1989 1382 2059 ipsius
1406 1986 1644 2041 basilicae
1677 1999 1840 2053 rugas
1862 1985 1931 2039 de
1958 1993 2184 2054 argento
2223 1998 2290 2038 ex
2319 1998 2458 2039 auro
2489 1983 2760 2054 perfusas.
2792 1984 2915 2039 Pari
2960 1987 3118 2039 modo
3156 1997 3288 2037 vero
3314 1990 3471 2035 sarta
3513 1993 3665 2038 tecta
3688 1984 3898 2037 basilice

760 2086 904 2143 beati
935 2082 1161 2139 Adriani
1193 2077 1469 2149 martyris,
1501 2074 1675 2144 posita
1704 2074 1760 2127 in
1786 2074 1872 2128 via
1907 2076 2096 2138 Sacra,
2124 2089 2245 2143 qua:
2282 2089 2395 2144 prae
2421 2074 2587 2129 nimia
2614 2083 2885 2129 vetustate
2909 2084 3275 2140 marcueraut,
3306 2078 3542 2131 noviter
3568 2076 3893 2129 restauravit.

833 2174 997 2249 565
1038 2172 1236 2227 Verum
1263 2169 1423 2223 etiam
1470 2165 1600 2218 fecit
1643 2164 1698 2217 in
1756 2163 2090 2232 patriarchio
2134 2163 2487 2218 Lateranensi
2551 2162 2846 2217 triclinium
2909 2164 3058 2218 mirae
3105 2170 3543 2236 magnitudinis,
3606 2170 3894 2222 decoratum

761 2280 885 2326 cum
934 2263 1120 2318 absida
1178 2260 1246 2314 de
1301 2255 1512 2311 musivo
1551 2270 1566 2306 :
1619 2253 1713 2308 sed
1769 2261 1825 2306 et
1888 2252 2021 2306 alias
2061 2253 2278 2307 absidas
2325 2253 2463 2307 duas
2507 2253 2703 2307 dextra
2751 2253 2989 2321 lazvaque
3032 2255 3235 2323 positas
3276 2256 3420 2309 infra
3476 2257 3892 2327 paracellarinm,

756 2357 925 2413 variis
964 2350 1206 2408 historiis
1232 2348 1491 2417 depictas.
1532 2345 1684 2400 Fecit
1734 2346 1899 2399 etiam
1951 2344 2329 2399 sanctissimus
2378 2360 2514 2414 papa
2570 2345 2708 2398 etin
2756 2344 2989 2399 ecclesia
3038 2347 3184 2399 beati
3233 2347 3548 2403 Clementis
3592 2348 3896 2403 confessoris

757 2456 964 2501 vestem
1017 2446 1084 2498 de
1130 2440 1355 2495 fundato
1399 2452 1524 2492 cum
1562 2436 1846 2500 leonibus,
1910 2443 1966 2489 et
2022 2435 2310 2505 periclysin
2364 2436 2430 2489 de
2475 2436 2743 2505 octapulo.
2805 2436 2978 2490 Simili
3038 2439 3197 2492 modo
3246 2451 3301 2492 et
3353 2441 3410 2493 in
3457 2441 3720 2494 diaconia
3773 2442 3895 2494 beati

686 2536 723 2592 ὕ
758 2534 1024 2590 Theodori
1073 2531 1326 2600 martyris
1378 2539 1579 2584 vestem
1625 2528 1693 2582 de
1738 2527 1980 2590 fundato,
2022 2528 2205 2581 leones
2256 2528 2571 2592 habentem,
2621 2543 2743 2582 cum
2794 2528 3045 2597 pcriclysi
3093 2529 3159 2582 de
3205 2532 3482 2601 octapnlo.
3544 2530 3703 2586 Fecit
3736 2542 3893 2583 autem

760 2627 815 2682 in
862 2625 1091 2681 ecclesia
1128 2622 1271 2677 beati
1323 2621 1525 2675 Ghristi
1567 2620 1823 2690 martyris
1856 2617 2155 2683 Laurentii,
2210 2635 2330 2688 qua:
2366 2619 2586 2687 ponitur
2632 2618 2765 2673 foris
2803 2635 3019 2682 muros,
3077 2632 3281 2675 vestem
3326 2623 3775 2693 chrysoclavaru,
3817 2622 3897 2673 ha-

755 2716 972 2772 bentem
1016 2713 1297 2769 historiam
1352 2710 1586 2765 Zachaei.
1639 2709 1792 2764 Fecit
1847 2720 1904 2764 et
1953 2709 2118 2762 aliam
2170 2719 2375 2764 vestem
2425 2708 2744 2775 fundatam,
2797 2726 2920 2763 cum
2969 2710 3231 2779 gryphis,
3287 2713 3342 2766 in
3388 2713 3665 2767 honorem
3715 2720 3897 2765 sanctae

759 2794 855 2864 Dei
901 2806 1183 2878 genitricis
1230 2804 1298 2859 ad
1346 2812 1638 2873 martyres.
1699 2800 1921 2856 Necnon
1964 2814 2021 2855 ct
2055 2802 2109 2857 in
2141 2802 2361 2857 basilica
2406 2803 2549 2857 beati
2615 2801 2874 2874 Stephani
2940 2803 3354 2874 protomartyris
3404 2804 3459 2856 in
3512 2802 3693 2858 Ctelio
3740 2812 3899 2854 monte

760 2907 966 2954 vestem
1002 2898 1070 2952 de
1104 2896 1359 2960 fundato,
1411 2910 1533 2949 cum
1572 2893 1912 2965 gammadiis.
1948 2892 2145 2947 Verum
2189 2895 2351 2948 etiam
2381 2903 2436 2948 et
2474 2895 2530 2949 in
2580 2895 2827 2949 diacouia
2863 2895 3035 2950 beata:
3071 2894 3166 2948 Dei
3204 2894 3503 2949 Genitricis
3554 2894 3637 2947 in-
3664 2896 3751 2947 via
3786 2893 3901 2947 Lata

654 2991 723 3047 10
757 2989 884 3045 fecit
931 2996 1134 3042 vestem
1184 2987 1251 3041 de
1291 2987 1549 3051 stauraci,
1598 3001 1720 3040 cum
1758 2984 2005 3055 periclysi
2048 2986 2114 3039 de
2148 2985 2403 3041 blatthin.
2464 2986 2637 3039 Simili
2691 2988 2850 3042 modo
2892 2996 2943 3041 et
3000 2987 3054 3040 in
3108 2986 3335 3040 ecclesia
3382 2986 3558 3039 beata:
3606 2985 3713 3039 Dei
3764 2986 3902 3054 geni-

764 3079 914 3134 tricis
942 3092 1266 3147 semperque
1298 3077 1536 3147 Virgiuis
1583 3076 1765 3131 Mariae
1812 3076 2046 3129 dominae
2097 3085 2294 3130 nostra:
2343 3078 2410 3131 ad
2449 3076 2698 3147 Przcsepe
2743 3079 2871 3132 fecit
2926 3086 3129 3132 vestem
3197 3092 3332 3130 auro
3372 3077 3615 3130 textilem
3648 3117 3665 3140 ,
3712 3076 3906 3129 haben-

760 3179 868 3224 tem
917 3169 1277 3232 nativitatem,
1314 3168 1659 3236 baptismum,
1710 3168 2181 3236 przescntationcm
2234 3178 2287 3221 et
2323 3170 2783 3222 resurrectionem
2816 3186 2827 3221 :
2858 3169 3147 3224 habentem
3178 3169 3231 3222 in
3284 3169 3455 3237 capite
3509 3168 3690 3236 ipsius
3743 3168 3906 3222 histo-

765 3261 856 3317 ria:
904 3274 1145 3331 gemmas
1183 3258 1333 3314 albas
1364 3268 1634 3313 trecentas
1676 3270 1731 3311 et
1781 3259 2117 3328 octnaginta,
2171 3259 2553 3329 hyacinthinus
2600 3260 3033 3330 quinquaginta,
3079 3264 3332 3331 prasinus
3387 3264 3569 3333 viginti
3608 3263 3805 3325 duas,
3859 3270 3905 3315 et

765 3350 818 3409 in
864 3352 1095 3407 circuitu
1151 3351 1419 3405 alvaviras
1467 3349 1677 3420 legente
1723 3349 1788 3402 de
1844 3350 2060 3403 nomine
2107 3350 2288 3403 donmi
2326 3348 2572 3421 Gregorii
2626 3353 2805 3420 quarti
2857 3366 3030 3422 papae.
3087 3355 3223 3409 Item
3278 3354 3399 3410 fecit
3436 3366 3486 3409 et
3532 3355 3587 3407 in
3640 3355 3907 3408 diaconi:

653 3444 722 3501 i5
760 3444 899 3500 beati
945 3443 1171 3498 Adriani
1208 3443 1464 3514 martyris
1491 3443 1542 3497 in
1576 3444 1745 3497 tribus
1794 3442 1919 3496 fatis
1954 3442 2279 3495 vestemtde
2306 3441 2550 3497 fundato.
2585 3442 2738 3497 Fecit
2782 3452 2963 3498 autem
3013 3446 3277 3513 prarfatUs
3316 3444 3487 3516 praesul
3534 3443 3588 3495 in
3647 3443 3903 3497 ecclesia

757 3536 1040 3592 beatorum
1091 3535 1457 3605 apostolorum
1493 3535 1561 3589 ad
1611 3532 1832 3589 Vincula
1894 3543 2099 3587 vestem
2156 3531 2225 3586 de
2276 3530 2543 3598 fundato,
2598 3535 2889 3589 habentem
2955 3536 3140 3593 leones
3180 3554 3307 3593 cuin
3345 3538 3573 3608 gryph'ts.
3635 3534 3811 3590 Fecit
3855 3545 3907 3588 ct

760 3631 921 3686 aliam
952 3638 1151 3685 vestem
1207 3629 1275 3684 de
1317 3627 1540 3682 fundato
1591 3625 1644 3679 in
1673 3624 1903 3681 ecclesia
1929 3624 2074 3679 beati
2128 3622 2344 3678 Martini
2370 3625 2696 3680 confessoris
2724 3636 2886 3695 atque
2921 3629 3212 3696 pontilicis,
3246 3628 3532 3684 habentem
3563 3628 3767 3682 lemne:
3790 3643 3903 3681 cuin

759 3719 1062 3776 arboribus.

1028 3810 1243 3866 Necnon
1273 3819 1327 3864 et
1347 3809 1399 3863 in
1416 3809 1638 3864 basilica
1667 3808 1811 3863 beati
1841 3808 2323 3880 EusebiimartYris
2347 3822 2547 3865 vestem
2577 3811 2645 3866 de
2665 3810 2905 3877 olovero,
2933 3813 3222 3868 habentem
3246 3813 3479 3883 aquilas.
3500 3830 3625 3868 cum
3656 3812 3902 3885 ρειῖσιβλ

756 3906 823 3962 de
869 3902 1222 3973 qnadrapulo.
1250 3901 1452 3957 Obtulit
1480 3902 1643 3956 etiam
1675 3901 1962 3969 praedictus
2002 3900 2197 3970 prmsul
2242 3902 2299 3955 in
2342 3902 2562 3956 basilica
2612 3903 2787 3958 beatas
2814 3904 2909 3957 Dei
2943 3903 3447 3959 GenitricisMaria:
3478 3901 3634 3957 trans
3668 3904 3901 3958 Tiberim

759 4006 960 4053 vestem
988 3996 1055 4050 de
1091 3994 1271 4065 Tyrio,
1303 3995 1592 4049 habentem
1646 3993 1927 4049 historiam
1957 3993 2252 4049 Ποιιιὶιιίθω
2289 3995 2588 4049 nativitatis
2637 4004 2798 4064 atque
2846 3997 3271 4051 resurrectionis
3318 3996 3534 4051 Domini
3573 3999 3761 4050 nostri
3786 3994 3900 4049 Jcsu

762 4090 986 4145 Christi.
1044 4088 1156 4142 lino
1194 4086 1326 4142 etin
1358 4086 1603 4141 diaconia
1649 4102 1770 4156 qua:
1801 4096 2027 4141 vocatur
2054 4087 2218 4157 Cyro,
2262 4086 2428 4141 simili
2481 4088 2643 4143 modo
2695 4088 2893 4143 obtulit
2939 4096 3145 4143 vestem
3184 4089 3250 4145 de
3302 4088 3548 4143 fundato.
3606 4089 3727 4143 Imo
3768 4090 3899 4141 etin

688 4176 723 4230 ὅ
761 4177 1006 4232 diacouia
1053 4176 1220 4230 beata:
1269 4173 1451 4232 Maria:
1515 4179 1570 4233 in
1646 4180 1728 4232 via
1789 4178 1921 4233 Lata
1974 4180 2164 4233 eodem
2214 4179 2376 4234 modo
2434 4187 2642 4233 vestem
2691 4179 2758 4234 de
2808 4179 3032 4234 fundato
3094 4180 3306 4234 obtulit.
3357 4179 3460 4235 Hic
3516 4180 3814 4247 praxis-rus
3853 4184 3899 4229 et

763 4267 1088 4321 venerabilis
1138 4270 1382 4336 pontifex
1434 4271 1615 4326 divina
1679 4272 2032 4341 inspiratione
2102 4270 2270 4325 fretus
2312 4270 2440 4326 fecit
2494 4272 2548 4325 in
2599 4271 2829 4326 ecclesia
2880 4271 3022 4325 beati
3073 4270 3242 4325 Marci
3311 4270 3655 4325 confessoris
3711 4270 3897 4326 Christi

763 4368 925 4424 atque
969 4359 1241 4425 pontilicis
1279 4374 1533 4431 patenum
1567 4362 1817 4431 octogoni
1870 4371 2214 4428 exauratam,
2247 4361 2535 4417 habentem
2606 4363 2659 4416 in
2708 4362 2887 4418 medio
2954 4362 3162 4415 vultum
3237 4362 3446 4416 Domini
3503 4364 3718 4425 nostri,
3773 4372 3827 4415 et
3870 4378 3896 4414 ι

762 4448 972 4504 duobus
1022 4448 1280 4508 lateribus
1341 4454 1548 4513 vultum
1620 4454 1789 4523 ipsius
1831 4453 1976 4508 beati
2045 4453 2211 4508 Marci
2264 4463 2427 4523 atque
2483 4452 2722 4522 ejusdem
2782 4454 3069 4523 praesulis,
3124 4467 3276 4522 pens.
3338 4450 3509 4503 libras
3559 4464 3687 4505 scx.
3740 4449 3894 4504 Sian

762 4543 922 4597 modo
952 4552 1007 4597 et
1055 4542 1279 4599 calicem
1330 4546 1580 4615 octogoni
1612 4543 1891 4600 fundatum
1940 4560 2062 4600 cum
2118 4544 2261 4601 foliis
2293 4554 2615 4602 exauratum
2672 4545 2870 4600 ibidem
2925 4544 3143 4607 obtulit,
3191 4559 3344 4611 pcns.
3396 4542 3573 4598 libras
3621 4558 3752 4605 sex;
3788 4556 3891 4609 Scy-

657 4636 726 4692 10
760 4636 924 4707 phum
964 4652 1177 4706 quoque
1224 4647 1537 4709 argenteum
1588 4638 1699 4692 illic
1742 4636 1922 4693 oﬂ‘erri
1975 4638 2203 4705 curavit,
2240 4653 2465 4707 pensan.
2516 4638 2687 4693 libras
2744 4652 2857 4693 sex.
2919 4636 3125 4691 Obtulit
3165 4636 3327 4689 etiam
3377 4635 3496 4703 ipse
3545 4634 3889 4703 lira-nonin

763 4737 849 4784 tus
893 4728 1137 4798 pontifex
1209 4735 1447 4787 canistra
1499 4730 1784 4787 ennafodia
1831 4732 1957 4798 duo,
2010 4746 2237 4801 pensau.
2280 4730 2497 4785 insimul
2566 4730 2734 4784 libras
2802 4727 3228 4797 quatoordecim.
3271 4725 3473 4780 Verum
3520 4727 3807 4780 enimvero
3842 4726 3889 4779 ἃ

761 4818 988 4875 ecclesia
1032 4821 1268 4877 doctoris
1308 4823 1546 4893 gentium
1582 4824 1725 4877 beati
1774 4822 1927 4877 Pauli
1957 4822 2186 4893 apostoli
2230 4822 2425 4877 obtulit
2478 4837 2620 4891 saepe
2648 4822 2825 4877 dictus
2871 4821 3112 4890 pontifex
3167 4828 3373 4873 vestem
3422 4819 3497 4873 de
3526 4818 3886 4888 chrysodaro,

763 4912 1053 4965 habentem
1109 4912 1393 4968 historiam
1452 4915 1661 4968 Domini
1707 4914 1803 4969 Dei
1853 4916 2050 4981 nostri,
2078 4923 2134 4968 et
2182 4914 2234 4969 in
2281 4914 2398 4982 ejus
2432 4914 2693 4982 obsequio
2740 4931 2771 4966 a
2827 4912 3035 4966 dextris
3103 4911 3185 4965 vel
3249 4910 3493 4963 sinistris
3545 4906 3887 4977 archangelu-

763 5017 902 5066 rum,
950 5018 1044 5057 seu
1097 5006 1484 5072 apostolorum,
1517 5005 1768 5060 laudabili
1799 5021 2048 5070 numero,
2078 5005 2230 5059 mira:
2263 5005 2650 5074 magnitudinis
2697 5015 2859 5071 atque
2901 5000 3335 5072 pulchritudinis,
3366 5000 3609 5055 diversis

659 5096 726 5153 l5
762 5097 844 5150 vel
883 5097 1194 5167 margaritis
1221 5108 1470 5153 ornatam
1517 5096 1985 5165 pulcherrimeque
2031 5106 2359 5151 contextam.

832 5186 994 5260 467
1034 5188 1133 5244 llic
1166 5190 1584 5261 benignissimus
1617 5197 1674 5242 et
1713 5188 2003 5257 prieclarus
2031 5188 2292 5258 pontifex,
2344 5190 2468 5243 dum
2521 5188 2693 5243 bonus
2728 5196 2783 5242 et
2812 5202 2973 5242 verus
3022 5200 3209 5256 pastor
3252 5205 3349 5259 pro
3397 5198 3613 5246 sancte
3666 5192 3761 5245 Dei
3808 5188 3891 5243 Ec-

766 5281 942 5337 clesia:
993 5291 1135 5336 statu
1182 5284 1471 5338 maximam
1520 5279 1755 5348 undique
1794 5294 1981 5333 curam
2017 5293 2083 5333 ac
2131 5280 2465 5351 vigilantiam
2515 5286 2749 5350 gereret,
2801 5278 3152 5333 considerans
3193 5279 3571 5335 Romanorum
3604 5283 3889 5351 penuriam,

771 5372 907 5442 quod
937 5370 1027 5425 ubi
1075 5372 1316 5427 triticum
1348 5372 1416 5427 ad
1451 5370 1717 5427 edendum
1768 5372 2036 5428 molerent
2092 5374 2239 5433 nullo
2290 5377 2448 5428 modo
2495 5374 2778 5436 haberent,
2830 5372 3012 5428 divino
3059 5375 3229 5428 fretus
3276 5372 3486 5428 auxilio
3514 5374 3754 5429 formam
3789 5390 3891 5444 qua

770 5462 1064 5517 Sabbatina
1137 5474 1516 5534 nuncupatur,
1566 5480 1686 5533 quae
1727 5462 1840 5533 jam
1899 5480 1995 5534 per
2047 5465 2307 5535 plurimos
2362 5482 2535 5522 annos
2584 5468 2864 5522 confracta
2911 5475 3076 5535 atque
3131 5466 3372 5533 disrupta
3418 5480 3544 5520 esse
3605 5467 3885 5523 videbatur.

693 5556 728 5611 5
765 5557 891 5612 dato
916 5558 1094 5626 operis
1147 5558 1346 5620 studio,
1390 5558 1529 5611 sicut
1585 5573 1614 5611 a
1650 5559 1841 5627 priscis
1888 5559 2064 5613 fuerat
2103 5559 2368 5613 aediﬁcata
2425 5560 2780 5628 temporibus,
2822 5559 2897 5612 ita
2938 5570 3154 5627 quoque
3180 5572 3298 5611 eam
3346 5571 3636 5626 praesagus
3684 5559 3887 5612 antistes

767 5655 976 5709 noviter
1026 5653 1295 5708 :edilicare
1329 5665 1488 5724 atque
1531 5665 1844 5710 construere
1899 5656 2048 5708 nisus
2101 5654 2246 5708 fuit:
2282 5656 2353 5708 ita
2420 5666 2477 5707 nt
2530 5654 2596 5707 ad
2644 5653 2930 5709 ecclesiam
2997 5652 3142 5707 beati
3188 5647 3336 5702 Petri
3409 5650 3695 5718 apostoli,
3744 5661 3883 5717 atque

769 5746 835 5797 ad
907 5744 1210 5800 laniculum
1286 5747 1425 5801 sicut
1483 5746 1673 5812 prius,
1737 5748 1811 5801 ita
1871 5755 1925 5801 et
1999 5762 2141 5801 nunc
2192 5746 2550 5801 indilllurnter
2587 5745 2860 5801 decurrat.
2914 5744 3064 5800 Fecit
3110 5742 3273 5799 etiam
3326 5741 3381 5794 in
3430 5739 3687 5794 diaconi:
3730 5742 3883 5793 beatae
