4026 6326
173 340 333 403 i285
876 330 1200 401 'msroma
1239 343 1327 400 DE
1364 341 1543 401 vms
1576 341 1753 409 non,
1779 338 1980 395 rear.
2019 370 2092 383 -
2127 339 2528 398 cessemus
2554 342 2645 397 tv.
3333 349 3472 408 Isso

326 463 543 523 semper
591 449 827 522 Virginis
876 450 1060 508 Mariae
1103 453 1158 508 in
1207 452 1497 510 Cosmedin
1548 466 1751 509 vestem
1794 453 1864 510 de
1916 451 2098 525 Tyrio,
2156 453 2442 509 habentem
2491 455 2774 511 historiam
2833 453 3127 513 Jominicaz
3170 459 3476 518 nativitatis

334 551 495 612 atque
559 545 973 603 resurrectionis
1045 547 1249 604 Christi
1318 549 1431 603 veri
1499 548 1596 602 Dei
1662 547 1854 603 nostri.
1930 547 2016 602 Ad
2088 547 2349 602 honorem
2420 557 2478 601 et
2542 546 2771 617 gloriam
2831 547 3007 604 beata:
3081 548 3179 604 Dei
3246 550 3472 622 virginis

214 633 287 690 i0
331 633 596 689 Susannm
653 635 851 691 obtulit
914 638 1289 695 sanctissimus
1353 638 1568 709 praesul,
1599 639 1676 711 din
1732 637 1976 707 ejusdem
2026 637 2256 693 ecclesia
2334 644 2541 694 vestem
2598 636 2918 705 fundatam,
2980 654 3106 695 cum
3174 642 3469 715 periclysin

329 723 396 779 de
425 723 608 796 Tyrio.
1456 746 1463 751 ·

396 813 567 887 468
603 814 756 871 Fecit
803 826 984 874 autem
1036 819 1090 874 in
1131 820 1362 876 ecclesia
1419 820 1563 877 beati
1619 818 1834 892 Cyriaci
1885 820 2142 891 martyris
2195 830 2358 889 atque
2406 820 2621 876 diaconi
2678 828 2883 877 vestem
2944 822 3011 879 de
3055 822 3317 891 fundato,
3377 825 3476 880 ha-

328 902 547 960 bentem
589 906 880 979 periclysin
926 910 994 966 de
1060 912 1316 967 staeraci.
1364 912 1489 967 Pari
1538 913 1698 967 modo
1749 919 1807 966 et
1858 910 1911 965 in
1958 911 2189 967 ecclesia
2244 911 2417 966 beata:
2470 910 2825 967 Pudentianae
2862 914 3088 984 virginis
3134 925 3339 971 vestem
3408 917 3476 972 de

330 994 577 1062 fundato,
629 1013 753 1053 cum
804 1000 1053 1072 periclysi
1105 1003 1170 1058 de
1221 1003 1577 1074 quadrapulo.
1630 1002 1837 1059 Obtulit
1886 1004 2045 1058 beato
2106 1003 2266 1059 Vitali
2317 1005 2542 1076 martyri
2593 1013 2800 1061 vestem
2847 1006 2912 1061 de
2967 1007 3220 1076 fundato,
3270 1009 3477 1065 baben-

332 1093 440 1141 tem
496 1087 745 1159 aquilas,
805 1099 860 1146 et
908 1092 1198 1165 perielysin
1248 1096 1315 1150 de
1364 1094 1721 1165 quadrapulo.
1776 1093 2041 1151 Praefatus
2086 1110 2214 1151 vero
2259 1094 2503 1166 pontifex
2555 1095 2686 1152 fecit
2731 1096 2786 1152 in
2839 1096 3069 1153 ecclesia
3099 1099 3272 1156 beatae
3322 1101 3475 1154 Ana-

257 1175 294 1230 5
333 1177 514 1233 stasiae
559 1189 817 1252 martyris
872 1192 1074 1239 vestem
1125 1187 1192 1240 de
1230 1185 1480 1250 fundato,
1521 1187 1810 1242 habentem
1862 1186 2112 1256 aquilas,
2161 1195 2217 1242 et
2260 1187 2548 1259 periclysin
2611 1189 2676 1243 de
2721 1188 2956 1244 olovero.
3030 1189 3144 1245 lmo
3188 1206 3318 1247 vero
3372 1192 3473 1247 ob-

331 1267 454 1323 tulit
493 1268 606 1340 jam
654 1271 829 1327 dictus
874 1273 1071 1342 praesul
1121 1276 1174 1330 in
1227 1275 1452 1331 basilica
1502 1277 1675 1333 beaue
1724 1277 1901 1333 Luciae
1971 1278 2268 1350 martyris,
2325 1294 2488 1348 quam
2542 1289 2745 1335 vocant
2795 1280 3049 1350 Orphea,
3122 1289 3333 1338 vestem
3407 1284 3475 1340 de

332 1357 581 1426 fundato,
637 1377 762 1417 cum
816 1364 1066 1435 periclysi
1116 1366 1183 1421 de
1236 1367 1510 1438 octapulo.
1567 1367 1959 1424 Sanctissimus
1985 1368 2218 1439 denique
2265 1370 2502 1440 pontifex
2555 1371 2683 1427 fecit
2735 1373 2788 1427 in
2842 1373 2995 1429 titulo
3049 1374 3194 1430 beati
3243 1374 3478 1446 Chryso-

327 1451 452 1523 goni
504 1453 761 1524 martyris
809 1458 1142 1513 vestem'de
1199 1457 1378 1529 Tyrio,
1442 1459 1728 1515 habentem
1775 1460 2056 1515 historiam
2119 1461 2398 1528 Danielis,
2461 1478 2582 1517 cum
2636 1462 2888 1533 periclysi
2938 1464 3006 1518 de
3060 1463 3320 1519 stauraci.
3364 1462 3476 1519 Ob-

334 1542 456 1598 tulit
502 1558 630 1599 vero
671 1544 1019 1602 beatissimus
1051 1563 1191 1619 papa
1249 1549 1303 1605 in
1360 1550 1513 1605 titulo
1558 1549 1888 1606 Pammacbii
1947 1562 2154 1607 vestem
2211 1552 2281 1609 de
2333 1554 2570 1608 stauraci
2598 1593 2614 1618 ,
2660 1569 2783 1609 cum
2836 1555 3084 1627 periclysi
3119 1555 3189 1611 de
3244 1555 3479 1626 quadra-

220 1632 295 1690 10
330 1635 480 1706 pulo.
533 1632 733 1690 Verum
783 1636 949 1692 etiam
1003 1637 1136 1694 fecit
1184 1648 1240 1695 et
1298 1640 1351 1694 in
1397 1641 1628 1696 ecclesia
1682 1641 1854 1697 heatze
1903 1643 2129 1699 Ceciliae.
2171 1645 2426 1717 martyris
2480 1652 2685 1700 vestem
2747 1645 2815 1700 de
2866 1642 3128 1709 fundato,
3187 1642 3475 1698 habentem

333 1727 545 1800 aquilas
577 1737 633 1783 et
682 1729 941 1802 gryphos,
987 1746 1108 1787 cum
1159 1731 1409 1805 periclysi
1465 1735 1532 1790 de
1571 1733 1811 1790 olovero.
1868 1735 1990 1790 Pari
2044 1737 2203 1792 modo
2248 1746 2303 1792 et
2352 1738 2405 1792 in
2464 1738 2618 1793 tttulo
2679 1734 2987 1791 IEmiliante
3031 1732 3227 1789 obtulit
3267 1742 3476 1790 vestem
3554 1724 3563 1733 ’

331 1822 398 1878 de
446 1822 669 1877 fundato
704 1861 720 1885 ,
796 1824 1088 1880 habentem
1162 1825 1413 1896 aquilas,
1472 1833 1527 1880 et
1586 1826 1879 1897 periclysin
1956 1827 2022 1882 de
2076 1827 2245 1898 platta
2297 1828 2587 1899 Byzantea.
2661 1826 2942 1896 Simulque
3017 1832 3073 1880 et
3124 1826 3177 1880 in
3243 1825 3476 1882 ecclesia

330 1912 477 1968 beati
501 1912 641 1968 Sixti
670 1913 933 1985 martyris
957 1924 1121 1985 atque
1158 1916 1431 1987 pontificis
1460 1915 1591 1972 fecit
1615 1927 1821 1972 vestem
1845 1916 1914 1972 de
1937 1916 2120 1989 Tyrio,
2146 1918 2434 1973 habentem
2461 1919 2745 1974 historiam
2777 1918 3035 1984 Danielis,
3065 1934 3190 1974 cum
3218 1919 3479 1991 periclysi

328 2003 400 2059 de
450 2003 691 2059 olovero.

395 2093 562 2167 569
604 2095 758 2152 Fecit
794 2097 847 2153 in
884 2097 1109 2154 basilica
1152 2097 1326 2153 beata:
1355 2097 1615 2168 martyris
1645 2104 1849 2152 vestem
1888 2098 1954 2152 de
1980 2096 2241 2163 fundato,
2287 2112 2409 2153 cum
2440 2097 2693 2170 periclysi
2725 2099 2790 2154 de
2819 2098 3057 2155 olovero.
3090 2098 3243 2155 Fecit
3290 2108 3474 2156 autem

334 2191 390 2248 in
433 2192 589 2248 titulo
634 2193 851 2249 Damasi
877 2203 1082 2250 vestem
1107 2194 1173 2249 de
1198 2193 1458 2259 stauraci,
1490 2192 1776 2248 habentem
1806 2192 2093 2264 periclysin
2131 2193 2198 2248 de
2240 2191 2448 2247 hlattha
2482 2192 2777 2264 Byzantea.
2804 2192 3142 2249 Fecitetiam
3168 2194 3222 2248 in
3246 2195 3475 2249 ecclesia

328 2288 695 2359 apostolorum
742 2287 931 2343 Jacobi
978 2297 1034 2342 et
1078 2288 1310 2358 Philippi
1340 2296 1545 2343 vestem
1574 2287 1642 2342 de
1671 2287 1915 2344 fundato.
1949 2287 2081 2341 ltem
2123 2287 2178 2342 in
2215 2287 2447 2342 ecclesia
2487 2288 2630 2343 beati
2671 2288 2911 2343 Marcelli
2957 2288 3285 2345 confessoris
3312 2299 3477 2359 atque

328 2383 599 2454 pontiﬁcis
641 2382 772 2439 fecit
811 2394 1017 2440 vestem
1047 2384 1114 2438 de
1158 2382 1403 2439 fundato.
1452 2383 1575 2438 Pari
1603 2382 1764 2437 modo
1807 2382 1861 2435 in
1889 2380 2111 2437 basilica
2149 2382 2291 2437 beati
2338 2381 2618 2436 Laurentii
2665 2382 2718 2437 in
2751 2382 2970 2437 Lucinae
2994 2381 3126 2439 fecit
3160 2395 3364 2440 vestem
3406 2385 3474 2440 de

257 2479 298 2535 ὅ
334 2480 587 2536 stauraci.
614 2480 745 2536 Item
777 2482 830 2535 in
855 2480 1085 2536 ecclesia
1127 2479 1301 2536 sancti
1335 2479 1607 2535 Valentini
1640 2478 1767 2534 fecit
1798 2487 2002 2533 vestem
2047 2478 2115 2533 de
2158 2477 2384 2534 fundato
2429 2487 2487 2533 et
2527 2478 2863 2549 gammadias
2891 2480 2957 2533 de
2987 2479 3258 2549 octapulo.

396 2573 563 2647 470
611 2574 854 2647 Cumque
882 2577 997 2632 haec
1034 2576 1253 2643 omnia,
1283 2589 1404 2646 qua:
1436 2574 1686 2644 superius
1713 2573 1913 2629 inserta
1964 2573 2237 2642 leguntur,
2281 2587 2310 2626 a
2343 2580 2540 2642 quarto
2579 2570 2739 2641 hujus
2766 2572 3103 2630 intemeratae
3147 2576 3290 2631 sedis
3333 2589 3472 2646 papa

329 2670 588 2743 Gregorio
628 2674 740 2727 Deo
798 2672 1008 2727 favente
1052 2671 1276 2728 liberius
1337 2679 1711 2726 consummata
1761 2667 1990 2725 fuissent
2038 2676 2201 2739 atque
2248 2666 2529 2738 perfecta,
2558 2668 2710 2740 piger
2753 2683 2875 2723 esse
2923 2670 3227 2725 nullatenus
3263 2669 3470 2736 volens,

334 2770 496 2840 etrapit
544 2767 913 2824 indifferenter
946 2777 1070 2838 post.
1109 2783 1294 2824 curam
1331 2782 1553 2839 gregum
1584 2766 1651 2822 de
1684 2764 1896 2820 cultura
1939 2765 2053 2821 sive
2101 2764 2570 2820 meliorationibus
2612 2763 3000 2819 venerabiliqu
3035 2774 3272 2821 tractare
3328 2766 3473 2822 loco-

334 2881 484 2931 rum,
539 2874 599 2920 ut
643 2865 757 2920 suis
806 2865 1140 2933 temporibus
1192 2879 1332 2920 novo
1378 2852 1605 2918 cultura:
1636 2862 1869 2917 formatu
1902 2861 2237 2916 consolidata
2268 2871 2451 2916 essent
2486 2862 2669 2930 :quod
2708 2861 3078 2916 intercedente
3108 2861 3471 2931 apostolorum

260 2956 300 3012 5
332 2957 576 3028 principe
603 2955 766 3011 Petro
801 2952 962 3024 juxta
990 2962 1178 3009 votum
1209 2954 1292 3009 sui
1321 2953 1574 3009 desiderii
1618 2951 1821 3006 factum
1853 2962 1957 3007 est.
2000 2950 2124 3005 Ideo
2154 2966 2276 3005 cum
2305 2950 2432 3005 talia
2472 2950 2794 3018 praesulatus
2839 2955 2925 3025 sui
2969 2955 3150 3008 animo
3191 2955 3429 3009 volveret
3454 3012 3469 3036 ν

332 3059 388 3108 et
422 3049 674 3105 haesitans
719 3048 1012 3118 cogitaret,
1060 3052 1284 3114 repente
1324 3044 1393 3098 ad
1443 3041 1763 3097 memoriam
1816 3041 1898 3096 sui
1957 3048 2277 3105 recurrunt,
2318 3040 2461 3109 quod
2500 3037 2706 3108 justum
2754 3056 2861 3095 non
2912 3050 3091 3107 esset,
3130 3043 3176 3098 si
3236 3044 3471 3114 amplius

328 3141 557 3197 ecclesia
607 3146 811 3195 sanctae
856 3137 950 3192 Dei
976 3135 1309 3200 Genitricis,
1360 3149 1480 3205 qua:
1509 3147 1659 3189 more
1706 3140 1947 3187 veterum
1978 3146 2120 3185 nunc
2162 3146 2333 3199 usque
2379 3130 2578 3185 Caliin
2631 3139 2783 3185 trans
2807 3130 3046 3187 Tiberim
3092 3133 3305 3199 dicitur,
3356 3136 3473 3190 sine

327 3234 719 3290 monachorum
763 3229 940 3286 officio
975 3226 1342 3291 constitisset,
1375 3225 1613 3280 maxime
1642 3238 1765 3279 cum
1795 3223 1850 3277 in
1877 3237 1939 3276 ea
1971 3222 2251 3291 signorum
2295 3237 2404 3276 non
2436 3220 2659 3276 minima
2700 3219 3017 3293 frequenter
3047 3224 3180 3280 fiant
3211 3225 3472 3282 miracula

330 3333 388 3379 et
441 3324 669 3379 virtutes
707 3321 964 3383 diversae;
1013 3331 1079 3372 ac
1120 3317 1335 3371 demum
1371 3314 1631 3371 divinitus
1684 3323 2043 3384 cumpunctus
2106 3313 2292 3378 corde,
2340 3321 2395 3368 et
2446 3312 2541 3368 Dei
2596 3314 2982 3383 omnipotentis
3057 3318 3343 3372 roboratus
3409 3332 3474 3371 ac

216 3412 294 3471 10
331 3413 504 3470 fretus
545 3412 856 3486 juvamine,
904 3408 1061 3480 juxta
1100 3410 1241 3464 latus
1287 3409 1692 3479 praenominata:
1734 3407 1970 3462 basilica:
2022 3407 2414 3461 monasterium
2446 3421 2475 3459 a
2515 3406 2881 3463 fundamentis
2929 3412 3156 3475 statuit,
3212 3420 3267 3465 et
3316 3413 3472 3467 novis

330 3502 552 3560 fabricis
580 3503 876 3560 decoravit.
930 3502 986 3557 ln
1042 3518 1150 3573 quo
1198 3502 1362 3557 etiam
1417 3500 1714 3554 monachos
1767 3499 2062 3553 canonicos
2105 3498 2422 3569 aggregavit
2453 3538 2468 3564 ,
2500 3499 2591 3568 qui
2648 3499 2776 3554 inibi
2819 3499 3050 3555 officium
3085 3501 3362 3568 facerent,
3414 3514 3469 3560 et

328 3596 686 3666 omnipotenti
730 3596 959 3651 Domino
1003 3601 1186 3663 grates
1235 3599 1291 3646 et
1338 3589 1526 3644 laudes
1570 3589 1760 3643 diebus
1805 3586 2032 3657 singulis
2076 3596 2131 3640 et
2190 3587 2441 3641 noctibus
2496 3588 2799 3656 prosecutis
2843 3588 3031 3642 intimo
3067 3591 3247 3645 cordis
3294 3592 3468 3661 spira-

332 3693 477 3747 mine
508 3693 891 3756 decantarent;
928 3688 1071 3758 quod
1096 3686 1236 3741 sicut
1268 3683 1754 3754 impraesentiarum
1784 3681 2087 3743 cernimus,
2134 3694 2331 3751 magno
2360 3679 2692 3744 certamine,
2731 3692 3035 3747 magnoque
3064 3681 3243 3735 studio
3280 3678 3469 3751 pastor

332 3776 562 3836 eximius
594 3781 699 3835 hoc
747 3795 882 3850 opus
936 3780 1092 3835 valde
1130 3777 1501 3832 firmissimum
1543 3774 1840 3844 ampliavit.
1878 3772 2012 3827 Nam
2055 3773 2144 3827 ubi
2174 3779 2301 3827 ante
2338 3771 2484 3825 nulla
2530 3779 2651 3825 erat
2696 3770 2903 3825 cultura
2957 3771 3255 3841 praecipua,
3305 3775 3468 3828 modo

221 3871 297 3928 15
335 3871 446 3927 Deo
488 3872 832 3942 dispensante
868 3871 1090 3941 pulchra
1114 3878 1243 3929 sunt
1273 3866 1579 3923 habitacula
1617 3865 2043 3929 monachorum;
2092 3873 2148 3918 et
2196 3864 2312 3917 loca
2344 3877 2464 3931 qua:
2510 3875 2682 3931 nuper
2711 3861 2779 3915 ab
2808 3861 3118 3916 hominibus
3149 3862 3468 3918 videbantur

336 3962 585 4031 vepribus
629 3963 712 4017 vel
772 3962 1129 4017 immunditiis
1157 3961 1348 4031 plena,
1398 3973 1541 4014 nunc
1594 3958 1647 4011 in
1698 3958 1776 4011 eis
1827 3956 2034 4011 cellula:
2077 3963 2403 4010 constructa:
2452 3962 2613 4020 sunt,
2664 3952 2859 4022 quibus
2910 3968 3038 4008 oves
3088 3953 3288 4009 Christi
3339 3971 3465 4011 cum

332 4054 445 4108 suis
478 4053 639 4109 simul
686 4052 1009 4108 utilitatibus
1061 4059 1182 4122 post
1221 4051 1440 4105 laudum
1489 4047 1664 4103 oﬂicia
1712 4046 2016 4118 largissime
2061 4047 2376 4102 cohabitant
2427 4054 2483 4100 et
2534 4045 2829 4099 dormiunt.
2884 4045 2961 4099 Eo
3010 4046 3173 4116 igitur
3224 4055 3467 4120 tempore

335 4144 621 4213 saepedicta
668 4142 895 4199 ecclesia
948 4143 1269 4214 quibusdam
1317 4156 1416 4210 per
1453 4141 1737 4196 circuitum
1784 4139 1918 4194 locis
1964 4138 2124 4209 longo
2180 4137 2332 4192 senio
2374 4146 2494 4191 erat
2546 4142 2846 4206 praerupta,
2903 4136 2996 4189 sed
3047 4148 3166 4190 eam
3217 4136 3468 4195 firmissi-

333 4235 438 4289 mis
469 4234 704 4304 uudique
743 4234 1134 4288 munitionibus
1165 4232 1508 4287 restauravit.
1542 4232 1607 4285 Et
1634 4232 1686 4284 in
1721 4246 1784 4285 ea
1817 4238 2065 4285 sanctum
2100 4228 2227 4283 fecit
2261 4228 2583 4297 praesepium
2642 4226 2710 4281 ad
2753 4222 3159 4279 similitudinem
3214 4230 3465 4299 prtescpii

207 4326 291 4385 30
327 4332 530 4382 sanctae
575 4324 669 4378 Dei
723 4322 1045 4386 Genitricis,
1100 4337 1220 4392 quae
1267 4320 1567 4390 appellatur
1619 4318 1869 4389 Majoris,
1917 4318 2059 4387 quod
2108 4317 2360 4372 videlicet
2407 4316 2623 4370 laminis
2666 4317 2845 4371 aureis
2894 4325 2948 4372 et
2996 4320 3267 4388 argenteis
3300 4328 3460 4376 ador-

259 4474 269 4481 ,
335 4417 505 4472 navit.
552 4416 608 4471 ln
663 4430 770 4485 quo
815 4430 913 4484 pro
965 4413 1205 4468 remedio
1256 4428 1320 4467 ac
1369 4411 1527 4468 venia
1574 4409 1892 4466 delictorum
1944 4409 2061 4464 haec
2114 4408 2311 4464 obtulit
2343 4409 2481 4462 dona
2518 4428 2529 4462 :
2561 4409 2850 4479 imaginem
2894 4424 3136 4473 auream,
3172 4411 3462 4469 habentem

333 4507 614 4564 historiam
643 4504 874 4559 dominae
901 4513 1103 4559 nostrae
1142 4518 1265 4559 cum
1305 4501 1535 4558 diversis
1566 4508 1621 4555 et
1665 4498 1918 4568 pretiosis
1947 4500 2207 4570 gemmis,
2261 4498 2583 4567 hyacinthos
2628 4499 2862 4567 majores
2913 4516 3139 4555 numero
3180 4504 3460 4571 tredecim,

330 4597 579 4671 prasinas
622 4596 840 4658 decem,
892 4594 1044 4650 albas
1095 4593 1332 4663 majores
1379 4608 1608 4648 numero
1637 4592 1825 4662 viginti
1870 4597 1925 4645 et
1978 4603 2172 4644 novem
2200 4629 2214 4651 ,
2268 4587 2644 4641 alamandinas
2675 4588 2906 4657 majores
2955 4604 3183 4644 numero
3229 4592 3460 4661 viginti,

329 4689 481 4745 albas
520 4686 759 4742 modicas
789 4683 1051 4740 habentes
1080 4687 1132 4739 in
1164 4687 1370 4740 circum
1398 4684 1592 4753 capitis
1619 4697 1878 4737 coronam
1914 4681 2127 4735 diverse
2157 4679 2487 4748 philopares.

399 4777 558 4850 471
609 4788 638 4817 ι
665 4774 892 4831 Cercelli
935 4775 1089 4845 paria
1139 4775 1245 4827 duo
1273 4775 1435 4827 habet
1471 4785 1710 4842 gemmas
1756 4771 2182 4841 pretiosissimas
2210 4769 2360 4823 albas
2411 4783 2638 4823 numero
2690 4769 2877 4824 decem
2925 4778 2980 4824 et
3023 4781 3181 4839 octo,
3210 4776 3460 4845 prasinas

331 4879 481 4936 octo,
519 4867 901 4938 hyacinthinus
935 4874 1187 4935 quatuor.
1220 4863 1353 4918 Item
1400 4863 1453 4917 in
1483 4862 1672 4916 eadem
1714 4859 1949 4929 imagine
1988 4859 2151 4912 habet
2200 4871 2456 4912 mureuas
2500 4859 2800 4927 prasinales
2834 4862 3256 4931 pretiosissimas
3286 4866 3455 4932 duas,

325 4979 391 5022 ex
423 4966 620 5035 quibus
648 4964 810 5018 habet
855 4956 1118 5033 pendulas
1158 4970 1385 5010 numero
1432 4952 1706 5008 undecim.
1757 4952 1889 5006 ltem
1943 4966 2225 5006 murenam
2266 4950 2480 5005 trifilem
2531 4968 2790 5018 auream,
2849 4970 2968 5025 qua:
3009 4956 3173 5013 habet
3217 4975 3459 5030 gemmas

324 5063 568 5119 diversas
621 5061 796 5124 albas,
833 5071 1057 5112 numero
1110 5052 1445 5123 septuaginta
1494 5059 1642 5115 tres,
1690 5057 1747 5104 et
1796 5047 2065 5102 buticulas
2121 5047 2336 5115 triginta
2392 5056 2523 5103 tres.
2582 5045 2897 5113 Murenam,
2952 5048 3005 5102 in
3062 5066 3163 5118 qua
3220 5052 3458 5121 pendent

250 5153 292 5209 5
324 5167 551 5225 gemma:
580 5148 948 5222 hyacinthime
981 5142 1258 5206 tredecim,
1312 5139 1510 5210 digitiae
1547 5152 1724 5191 aurea:
1763 5150 1957 5191 novem
2004 5136 2242 5206 pendent
2273 5138 2323 5189 in
2357 5136 2446 5191 filo
2473 5154 2658 5192 aureo.
2708 5138 2838 5194 ltem
2872 5155 3151 5195 murenam
3208 5142 3410 5198 ﬁlatam
3435 5184 3454 5209 ,

322 5258 390 5301 ex
432 5256 539 5312 qua
588 5254 813 5311 gemma:
857 5237 1093 5306 pendent
1120 5231 1485 5303 hyacinthina:
1531 5227 1961 5298 quatuordeeim.
2010 5226 2232 5294 Signum
2261 5226 2461 5281 Christi
2518 5228 2679 5282 habet
2727 5231 3016 5286 navicellas
3057 5238 3220 5294 duas,
3255 5240 3308 5285 et
3333 5248 3453 5286 mu-

326 5348 486 5388 renas
529 5340 658 5385 tres.
707 5329 907 5384 Omnes
933 5336 1221 5385 murenas,
1266 5334 1387 5375 cum
1430 5318 1709 5387 petiuaute
1750 5330 1955 5369 earum.
1988 5313 2264 5368 Gahathas
2311 5329 2506 5369 aureas
2544 5316 2862 5385 purissimas
2900 5318 3235 5373 iutcrrasiles
3273 5319 3452 5389 philo-

329 5438 504 5495 parcs.
556 5420 780 5491 Signum
807 5411 1045 5478 Christi,
1078 5410 1401 5482 pendentem
1433 5407 1489 5460 iu
1545 5404 2041 5495 cateuulis‘tribus
2070 5404 2215 5469 lilio,
2266 5413 2322 5458 et
2378 5420 2500 5459 unc.
2532 5443 2546 5458 .
2581 5445 2594 5458 .
2650 5404 2857 5476 legente
2907 5409 2974 5463 de
3018 5409 3174 5464 donis
3220 5409 3350 5474 Dei,
3400 5419 3457 5464 ει

325 5491 529 5567 sanctae
572 5506 757 5562 Mariae
784 5546 799 5571 ,
843 5503 989 5573 quod
1035 5506 1262 5556 vocatur
1306 5498 1554 5566 Praesepe
1600 5503 1753 5550 trans
1801 5491 2079 5560 Tiberim,
2140 5495 2344 5549 domini
2391 5494 2639 5565 Gregorii
2691 5512 2843 5570 papa:
2890 5502 3112 5571 quarti,
3174 5501 3264 5570 qui
3317 5504 3455 5571 puro

1284 5630 1554 5680 NOTULB
1584 5628 1983 5675 MARGINALES
2017 5627 2353 5673 FABBOTTI.

253 5737 281 5765 α
310 5720 477 5779 Locus
501 5718 948 5778 mendacissimus.
