4026 6326
112 297 266 361 1289
819 297 1141 359 HISTORIA
1181 299 1273 359 DE
1310 209 1491 357 $11118
1525 296 1695 357 ROB.
1730 293 1933 353 PONT.
1979 325 2051 338 --
2093 289 2535 355 VALENTINUS
2570 287 2634 351 Il.
2868 313 2877 319 ί
2962 314 2968 320 ο
3263 282 3402 348 1290
3510 334 3513 335 ν

260 428 385 484 quae
411 413 466 469 in
491 410 722 477 ecclesia
744 412 892 470 beati
911 412 1061 470 Petri
1082 411 1314 484 apostoli
1341 410 1480 469 foris
1518 416 1703 468 muros
1727 411 1891 482 longe
1909 423 2028 480 jam
2047 408 2205 466 senio
2233 415 2449 464 cessata
2474 405 2820 474 videbantur,
2855 402 2922 460 ad
2948 403 3241 475 pristinum
3289 414 3402 460 sta-

268 512 379 559 tum
408 503 721 573 cultumque
750 504 1024 577 perduxit.
1057 502 1194 560 Nam
1220 518 1359 575 pene
1398 511 1569 561 totam
1601 503 1872 573 porticum
1903 515 2066 573 super
2111 499 2414 556 oratorium
2450 506 2653 554 sancta
2710 495 2807 553 Dei
2858 494 3153 554 Genitrieis
3195 494 3401 562 Maria,

266 610 389 666 quae
421 582 672 651 Mediana
725 596 948 665 dicitur,
978 596 1194 652 noviter
1219 610 1284 652 ex
1323 594 1597 660 trabibus,
1627 594 1954 665 exterisque
1981 592 2146 664 lignis
2171 592 2244 649 oh
2272 590 2527 648 decorem
2592 590 2833 647 basilica:
2856 590 3153 648 decoravit.
3182 589 3299 647 lmo
3348 599 3408 648 et

193 685 230 742 5
265 686 428 743 aliam
455 685 712 742 similiter
737 685 1008 759 porticum
1033 694 1161 742 ante
1191 675 1375 741 valvas
1403 692 1696 756 argenteas
1730 699 1870 739 novo
1897 697 2065 753 opere
2093 682 2354 753 cultuque
2398 681 2673 753 prtecipuo
2702 680 2949 752 perfecit.
2983 682 3204 739 Necnon
3258 691 3316 739 et
3348 683 3407 741 in

268 779 447 837 fronte
476 777 713 849 paradisi
753 776 865 848 jam
895 775 1025 833 fatae
1047 776 1293 836 ecclesiae
1319 775 1610 847 principali
1634 774 1846 832 musivo
1878 781 2073 830 cuncta
2101 788 2224 845 quae
2249 788 2280 828 a
2303 772 2501 845 priscis
2532 774 2866 841 temporibus
2896 774 2951 830 in
2977 778 3170 831 eodem
3194 774 3411 848 pariete

268 878 427 930 erant
457 869 636 925 diruta
672 866 965 925 velocitate
1008 867 1180 923 nimia
1202 868 1431 940 pingere
1455 881 1522 922 ac
1550 876 1864 922 restaurare
1897 865 2165 922 decrevit.
2224 864 2530 921 Renovavit
2579 862 2741 920 simul
2774 865 3117 935 etportieum
3161 861 3409 939 ejusdem

266 963 506 1021 basilicae
538 978 659 1034 quae
682 978 849 1034 super
892 963 1094 1036 gradus
1120 962 1241 1033 ejus
1267 978 1390 1019 esse
1441 963 1795 1034 perspicitur,
1819 978 1916 1034 per
1938 978 2076 1033 quos
2100 961 2332 1034 populus
2382 961 2648 1018 orationis
2669 970 2795 1018 voto
2821 957 3193 1016 iudiﬁ‘erenter
3244 959 3411 1017 habet

264 1077 574 1120 ascensum.
603 1062 757 1119 Fecit
783 1062 950 1119 etiam
975 1062 1132 1134 juxta
1164 1060 1362 1133 acolytt
1394 1076 1490 1131 pro
1514 1061 1697 1132 quiete
1724 1059 2022 1130 pontiﬁcis,
2050 1059 2140 1116 ubi
2171 1067 2293 1131 post
2311 1059 2592 1116 orationes
2615 1057 2967 1115 matutinales
2990 1054 3076 1113 vel
3113 1057 3411 1113 missarum

88 1132 97 1138 .
149 1164 227 1221 10
264 1162 579 1243 oﬁieiaejus
610 1159 827 1217 valeant
857 1132 1101 1215 membra
1125 1132 1394 1227 soporari,
1427 1156 1725 1228 hospitium
1751 1172 1981 1228 parvum
2010 1144 2117 1213 sed
2146 1156 2375 1213 honeste
2401 1162 2802 1221 constructum,
2827 1164 2883 1210 et
2904 1154 3134 1226 picturis
3172 1142 3411 1211 decora-

88 5878 129 5905 ’.ιι

218 1256 225 1268 ⁸
268 1261 345 1317 vit
368 1259 603 1316 eximiis.
633 1256 805 1329 igitur
830 1255 973 1310 inter
997 1260 1190 1310 caetera
1221 1255 1377 1310 bonae
1419 1252 1756 1325 operationis
1782 1253 2030 1324 exempla
2061 1252 2193 1309 fecit
2213 1261 2270 1309 et
2305 1254 2359 1308 in
2394 1251 2730 1333 patriarchio
2759 1250 3113 1333 Lateranensi
3165 1265 3266 1321 pro
3302 1251 3413 1308 uti-

268 1354 422 1412 litate
439 1354 555 1410 sive
581 1327 683 1409 usu
702 1350 974 1422 pontiﬁcis
1004 1365 1172 1421 prope
1197 1349 1500 1406 oratorium
1528 1348 1705 1406 sancti
1734 1348 1937 1405 Christi
1968 1349 2229 1421 martyris
2253 1348 2532 1404 Laurentii
2562 1327 2932 1402 habitaculum
2969 1327 3106 1399 satis
3127 1343 3411 1411 idoneum,

268 1447 360 1504 ubi
387 1455 443 1503 et
468 1445 626 1517 quies
646 1452 731 1501 est
757 1441 983 1514 optima.
1008 1449 1210 1497 etcum
1239 1440 1455 1497 clericis
1484 1440 1597 1496 suis
1626 1439 1872 1512 pontifex
1921 1439 2048 1496 inde
2074 1440 2364 1512 egrediens
2401 1437 2765 1517 omnipotenti
2794 1436 3026 1493 Domino
3074 1436 3288 1493 debitas
3317 1453 3417 1508 po-

268 1546 378 1595 test
413 1515 602 1594 laudes
624 1532 953 1607 persolvere.
980 1532 1149 1605 Igitur
1173 1542 1298 1604 post
1326 1533 1442 1587 hate
1463 1531 1649 1588 omnia
1680 1547 1803 1602 quae
1837 1531 2089 1602 superius
2116 1532 2383 1587 aediﬁcata
2402 1515 2671 1603 leguntur
2699 1529 2767 1585 de
2798 1527 3046 1584 aediﬁciis
3071 1528 3184 1600 jam
3213 1529 3414 1587 dirutis

159 1631 236 1688 i5
271 1640 328 1688 et
350 1646 462 1703 pra:
487 1629 862 1701 magnitudine
887 1637 1190 1701 temporum
1215 1643 1355 1700 pene
1380 1628 1614 1695 casuris,
1645 1643 1765 1698 quae
1807 1628 1947 1683 infra
1978 1628 2236 1701 palatium
2268 1626 2337 1684 ab
2364 1625 2603 1697 antiquis
2645 1622 2899 1680 Patribus
2923 1622 3247 1678 videbantur
3291 1637 3417 1679 esse

272 1730 603 1789 constructa,
635 1721 984 1778 beatissimus
1006 1719 1124 1789 jam
1150 1720 1349 1791 saepius
1375 1720 1688 1777 nominatus
1711 1734 1851 1791 papa
1875 1719 2170 1793 Gregorius
2205 1736 2346 1776 novo
2369 1719 2516 1776 cultu
2542 1726 2598 1773 et
2626 1730 2790 1786 opere
2821 1729 2853 1769 a
2881 1713 3254 1769 fundamentis
3295 1730 3414 1771 ere-

270 1815 349 1871 xit
373 1825 537 1887 atque
583 1813 909 1885 composuit.
952 1811 1087 1867 Nam
1138 1812 1462 1868 descensum
1492 1811 1585 1881 qui
1615 1810 2028 1880 paracellarium
2060 1804 2305 1881 respicit,
2330 1824 2427 1880 per
2454 1823 2617 1879 quem
2661 1819 2820 1863 antea
2870 1809 3120 1864 homines
3148 1807 3314 1863 veluti
3351 1808 3407 1863 in

272 1915 433 1963 nocte
453 1903 824 1962 ascendebant
847 1903 933 1959 vel
960 1900 1383 1969 descendebant,
1411 1902 1485 1957 ita
1515 1901 1731 1957 noviter
1755 1900 2074 1957 reformavit
2118 1910 2176 1954 ut
2203 1898 2348 1954 nulla
2379 1898 2506 1954 inde
2533 1905 2879 1983 transeuntes
2910 1899 3162 1971 deinceps
3187 1913 3249 1954 ut
3287 1909 3419 1956 ante

266 1996 577 2055 obscuritas
598 1995 778 2053 valeat
802 1994 1125 2067 pmpedire,
1148 2010 1180 2049 a
1203 2008 1312 2064 quo
1334 1991 1587 2049 videlicet
1606 1991 1727 2048 loco
1752 2005 1924 2063 usque
1945 1991 2015 2048 ad
2042 1988 2345 2047 oratorium
2372 1984 2547 2046 sancti
2576 1988 2883 2057 Laurentii,
2904 2001 3098 2047 cuncta
3123 2007 3244 2063 quae
3260 1999 3421 2048 erant

155 2090 236 2146 10
273 2096 463 2146 vetera
507 2084 855 2143 restauravit.
883 2084 951 2140 Et
978 2083 1086 2139 alia
1105 2097 1247 2139 nova
1279 2081 1497 2152 adjecit,
1524 2081 1579 2136 in
1610 2080 1808 2152 quibus
1837 2090 1948 2138 tres
1973 2081 2281 2137 caminatas
2327 2080 2445 2135 ﬁeri
2486 2078 2672 2148 jussit.
2716 2080 3020 2136 Renovavit
3051 2081 3159 2136 imo
3214 2089 3270 2138 et
3295 2081 3415 2138 bal-

272 2198 435 2240 neum
465 2181 610 2253 quod
630 2178 789 2249 juxta
822 2174 1245 2250 paraeellarium
1273 2174 1439 2230 situm
1462 2183 1550 2231 est
1577 2189 1611 2229 a
1639 2173 2012 2231 fundamentis
2036 2189 2133 2246 per
2164 2180 2359 2238 totum,
2388 2182 2444 2229 et
2472 2174 2840 2229 marmoribus
2868 2172 3194 2244 ueterisque
3222 2175 3417 2245 placa-

273 2272 474 2330 bilibns
494 2269 755 2343 operibus
803 2266 1104 2325 decoravit.
1135 2263 1274 2322 Nam
1302 2265 1457 2337 prius
1510 2264 1802 2321 vetustatis
1832 2263 2170 2337 longitudine
2196 2279 2453 2321 casurum
2483 2278 2607 2319 esse
2633 2263 2943 2327 videbatur,
2974 2261 3080 2318 nisi
3143 2278 3298 2323 mens
3332 2264 3418 2321 vel

273 2365 539 2438 optimum
591 2362 729 2419 tanti
755 2360 1027 2434 pontiﬁcis
1053 2357 1294 2415 studium
1323 2355 1454 2413 illud
1473 2355 1542 2412 ad
1567 2355 1806 2429 priorem
1834 2364 2040 2414 statum
2063 2356 2327 2413 reducere
2356 2356 2710 2413 decrevisset.
2742 2354 2871 2413 Pari
2897 2355 3060 2412 modo
3086 2366 3143 2411 et
3166 2356 3221 2412 in
3243 2358 3420 2415 eccle-

274 2459 357 2518 sia
382 2457 705 2525 Salvatoris,
734 2471 857 2528 qua:
886 2454 1193 2528 appellatur
1217 2450 1694 2518 Constantiniana,
1722 2450 1857 2508 fecit
1880 2458 2092 2509 vestem
2106 2451 2228 2508 auri
2256 2449 2525 2519 textilem,
2548 2449 2842 2508 habentem
2875 2451 3166 2510 historiam
3204 2455 3417 2526 palma-

162 2548 241 2607 25
278 2564 397 2606 rum
431 2556 487 2604 et
510 2562 726 2605 coenam
757 2545 992 2603 Domini.

342 2638 677 2716 5765mm
726 2637 782 2695 in
826 2635 1123 2694 venerabili
1170 2635 1503 2694 monasterio
1545 2645 1750 2694 sanctae
1788 2636 1884 2694 Dei
1913 2634 2209 2694 Genitricis
2235 2651 2560 2709 semperque
2602 2637 2840 2709 Virginis
2882 2637 3099 2705 Maria,
3141 2648 3199 2696 et
3240 2642 3418 2699 sancti

278 2736 514 2796 Cornelii
543 2745 611 2794 et
631 2735 850 2803 Calixti,
876 2750 1040 2808 quam
1060 2742 1260 2791 vocant
1285 2734 1463 2791 Trans
1487 2733 1750 2801 Tiberim,
1792 2734 1926 2791 fecit
1944 2734 2186 2790 canistra
2215 2749 2443 2792 numero
2469 2749 2586 2800 sex,
2620 2749 2742 2806 quae
2781 2749 2935 2805 pens.
2986 2737 3204 2794 insimul
3250 2737 3420 2796 libras

278 2832 466 2891 decem
493 2841 551 2890 et
574 2841 701 2890 octo
733 2850 750 2901 ;
780 2834 1040 2907 scyphum
1077 2849 1269 2900 unum,
1315 2847 1468 2906 pens.
1499 2832 1668 2890 libras
1693 2841 1819 2890 octo
1843 2841 1899 2889 et
1940 2833 2128 2890 uncias
2157 2843 2389 2905 quatuor
2419 2850 2436 2903 ;
2488 2832 2749 2891 canthara
2801 2849 2924 2891 cum
2959 2837 3420 2910 thymiamaterio,

277 2946 432 3004 pens.
457 2930 627 2988 libras
657 2939 813 3000 tres;
843 2931 1105 2989 sielonem
1141 2946 1330 2999 unum,
1356 2946 1514 3002 pens.
1538 2930 1706 2988 libras
1731 2939 1861 2989 tres.
1904 2929 2170 2989 Perfectis
2218 2940 2400 2988 autem
2448 2932 2536 2988 his
2577 2934 2831 2992 omnibus
2876 2945 3041 3007 atque
3086 2937 3423 2994 examussim

200 3029 243 3087 5
274 3007 531 3102 patratis,
554 3025 813 3101 quoniam
842 3027 979 3098 jam,
1008 3027 1150 3083 sicut
1171 3026 1518 3098 smpedictum
1544 3035 1647 3092 est,
1674 3025 1790 3097 ejus
1816 3036 2006 3084 saneta
2031 3027 2341 3084 veneranda
2384 3044 2450 3086 ac
2474 3030 2760 3087 rwolenda
2792 3031 3134 3103 simplicitas,
3166 3040 3334 3104 utque
3366 3034 3423 3090 in

274 3125 371 3184 Dei
391 3132 513 3183 erat
534 3123 924 3195 omnipotentis
948 3137 1167 3195 semper
1198 3123 1404 3179 intenta
1431 3124 1676 3191 servitio,
1720 3124 1799 3180 ita
1827 3136 2044 3198 quoque
2070 3124 2137 3180 de
2160 3126 2343 3197 populi
2382 3125 2565 3199 futura
2602 3128 2777 3185 salute
2803 3138 2858 3185 et
2885 3128 3204 3186 liberatione
3233 3133 3425 3201 patria

282 3203 658 3280 indifferenter
676 3226 797 3275 erat
819 3216 1074 3284 sollicita,
1105 3231 1175 3273 ne
1198 3216 1268 3273 ab
1300 3218 1550 3276 hostibus
1588 3220 1700 3276 Deo
1739 3235 1847 3277 non
1876 3221 2226 3292 permittente
2261 3237 2481 3295 quoquo
2499 3225 2661 3282 modo
2688 3235 3059 3297 caperentur:
3086 3235 3142 3284 et
3165 3228 3426 3298 quoniam

278 3320 440 3393 hujus
465 3314 821 3377 sacratissimi
848 3314 1029 3371 Patris
1052 3329 1118 3371 ae
1145 3329 1300 3387 papa
1321 3316 1658 3388 temporibus
1681 3315 1849 3387 impia
1893 3325 2059 3388 atque
2096 3316 2326 3385 nefaria,
2357 3330 2414 3375 et
2439 3320 2553 3377 Deo
2579 3321 2796 3379 odibilis
2830 3324 3207 3396 Agarenorum
3238 3339 3373 3394 gens
3391 3340 3425 3380 a

275 3416 476 3474 ﬁnibus
521 3414 636 3472 suis
661 3426 996 3483 consurgens
1025 3426 1165 3483 pene
1189 3426 1383 3468 omnes
1429 3411 1639 3468 insulas
1683 3420 1739 3468 et
1778 3412 2019 3468 omnium
2063 3413 2311 3486 regiones
2340 3423 2610 3481 terrarum
2650 3417 2943 3484 circuiens,
2995 3417 3427 3488 depraedationes

167 3514 240 3572 lo
277 3513 563 3571 hominum
589 3519 648 3568 et
686 3510 929 3567 locorum
955 3509 1321 3566 desolationes
1350 3509 1612 3565 atrociter
1650 3507 1904 3576 faciebat,
1954 3524 2156 3579 easque
2201 3511 2464 3567 hactenus
2510 3512 2709 3599 facere
2735 3512 3042 3599 nullatenus
3088 3522 3300 3581 cessat;
3356 3513 3428 3570 de

277 3608 475 3680 quibus
505 3622 723 3682 quoque
747 3609 979 3667 insolitis
1018 3618 1181 3682 atque
1221 3610 1477 3669 cavendis
1518 3610 1799 3685 periculis,
1838 3609 2379 3668 misericordissimus
2406 3594 2904 3684 praesul'm'agnum
2932 3610 3141 3667 habens
3171 3611 3426 3670 timorem

276 3720 351 3762 ne
377 3706 606 3779 populus
647 3722 679 3762 a
705 3706 817 3764 Deo
859 3707 961 3764 sibi
1010 3714 1065 3775 et
1101 3707 1264 3764 beato
1302 3706 1466 3765 Petro
1504 3707 1830 3764 commissus
1860 3690 2123 3777 apostolo,
2154 3705 2246 3777 qui
2292 3706 2348 3762 in
2385 3706 2676 3763 Portuensi
2706 3707 2791 3764 vel
2819 3707 3057 3767 Ostiensi
3110 3711 3429 3769 civitatibus

275 3800 582 3868 habitabat,
616 3819 647 3859 a
677 3801 970 3861 Saracenis
997 3802 1403 3860 nefandissimis
1426 3802 1792 3860 tribulationis
1835 3818 1901 3859 ac
1939 3801 2360 3875 depraedationis
2386 3801 2617 3858 sentiret
2632 3801 2929 3875 jacturam,
2958 3803 3148 3862 intimo
3198 3807 3424 3863 trahens
3462 3876 3475 3889 ο

277 3911 353 3953 ex
392 3896 557 3954 corde
584 3897 835 3968 suspiria,
868 3898 1033 3970 erepit
1070 3898 1366 3970 prudenter
1416 3898 1695 3969 inquirere
1748 3898 2019 3970 quomodo
2068 3897 2351 3955 civitatem
2394 3897 2696 3956 Ostiensem
2746 3894 3029 3969 adjuvaret
3073 3916 3140 3957 ac
3187 3901 3426 3958 liberare

157 3991 242 4051 15
277 3992 559 4066 potuisset.
594 3992 653 4049 ln
678 3994 796 4067 ejus
819 3997 1004 4052 statim
1032 3997 1377 4067 omnipotens
1402 3995 1548 4052 Deus
1580 3997 1687 4052 hoc
1710 3994 1863 4050 dedit
1894 3995 2058 4051 corde
2079 3993 2388 4062 consilium,
2416 4001 2478 4049 ut
2502 3993 2777 4050 civitatem
2801 3994 3003 4051 ibidem
3029 4010 3138 4065 qua
3165 3995 3422 4067 populum

205 4093 210 4097 ’
274 4087 491 4146 salvere
513 4088 673 4146 vellet
710 4107 741 4145 a
767 4091 1136 4149 fundamentis
1163 4093 1377 4150 novitcr
1408 4101 1726 4149 construere
1770 4090 2065 4157 debuisset,
2096 4090 2355 4160 quoniam
2393 4105 2457 4146 ea
2504 4105 2625 4161 quae
2663 4090 2832 4163 priori
2871 4099 3116 4164 tempore
3154 4092 3424 4150 aediﬁcata

275 4186 458 4242 fuerat
494 4186 652 4260 longo
694 4196 953 4258 quassata
982 4187 1133 4244 senio
1169 4202 1321 4254 ,nunc
1341 4186 1620 4244 videretur
1647 4201 1768 4244 esse
1793 4185 1993 4242 diruta.
2021 4185 2177 4243 Fecit
2202 4196 2402 4255 autem
2445 4186 2602 4258 juxta
2651 4188 2797 4258 quod
2847 4190 2898 4246 ei
2955 4172 3136 4246 fuerat
3163 4190 3426 4249 divinitus

275 4280 640 4352 inspiratum:
672 4283 727 4338 in
754 4284 1010 4355 przedicta
1033 4282 1179 4339 enim
1204 4282 1426 4339 civitate
1445 4283 1682 4340 Ostiensi
1704 4283 1981 4339 civitatem
2014 4282 2174 4338 aliam
2204 4299 2235 4340 a
2265 4284 2389 4352 solo
2412 4284 2569 4341 valde
2595 4283 2966 4351 fortissimam,
2998 4288 3170 4344 muris
3207 4303 3427 4361 quoque

278 4377 584 4446 altioribus,
622 4378 794 4451 portis
825 4376 988 4433 simul
1026 4392 1091 4434 ac
1118 4378 1256 4435 seris
1287 4386 1342 4434 et
1379 4378 1717 4437 catharactis
1758 4395 1878 4436 eam
1925 4379 2167 4452 undique
2209 4383 2563 4454 permunivit,
2600 4390 2659 4438 et
2686 4383 2917 4455 desuper
2950 4385 3021 4441 ad
3066 4386 3337 4454 inimicos,
3376 4389 3427 4445 si

149 4475 241 4535 30
276 4477 549 4545 venerint,
590 4476 983 4547 expugnandos
1016 4476 1286 4547 petrarias
1313 4474 1480 4533 nobili
1505 4486 1626 4533 arte
1656 4477 1984 4549 composuit,
2014 4485 2071 4533 et
2110 4493 2143 4532 a
2185 4476 2322 4534 foris
2349 4492 2457 4535 non
2493 4478 2652 4550 longe
2679 4479 2748 4535 ab
2790 4479 2998 4546 eisdem
3041 4482 3215 4538 muris
3246 4482 3425 4552 ipsam

277 4571 553 4627 civitatem
577 4571 758 4629 altiori
789 4570 996 4629 fossato
1019 4573 1324 4645 praecinxit,
1353 4588 1423 4630 ne
1452 4572 1667 4630 facilius
1696 4588 1883 4630 muros
1919 4573 2236 4644 contingere
2264 4574 2354 4628 isti
2378 4573 2640 4629 valerent.

351 4665 515 4741 477
553 4667 780 4737 Quando
808 4678 991 4726 autem
1018 4669 1309 4740 saepedieta
1333 4670 1529 4726 civitas
1559 4672 1714 4725 novae
1736 4669 1957 4725 fabrica:
1985 4669 2200 4724 initium
2226 4671 2447 4736 meruit,
2477 4671 2593 4741 ipse
2634 4669 2831 4741 ibidem
2858 4670 3240 4729 sanctissimus
3278 4687 3425 4745 papa

276 4781 378 4838 per
401 4781 460 4822 se
487 4766 672 4823 multis
697 4766 943 4824 residens
969 4765 1159 4822 diebus
1187 4773 1402 4837 partem
1439 4766 1728 4836 quamdam
1765 4781 2042 4821 murorum
2080 4782 2187 4822 non
2214 4766 2486 4822 modicam
2526 4781 2651 4822 cum
2679 4766 2794 4822 suis
2822 4766 3134 4824 hominibus
3179 4768 3335 4838 quasi
3365 4767 3424 4824 in

276 4869 481 4918 sortem
521 4862 826 4933 percipiens
852 4878 884 4918 a
911 4861 1281 4919 fundamentis
1303 4861 1498 4919 erexit.
1537 4862 1616 4918 De
1640 4877 1747 4934 qua
1786 4861 1983 4929 donec,
2009 4863 2120 4919 Deo
2152 4871 2530 4936 prosperante,
2555 4863 2753 4945 crebro
2777 4863 2919 4921 dicta
2956 4864 3150 4922 civitas
3185 4867 3254 4922 ad
3291 4842 3425 4939 legi:

280 4957 470 5014 timam
502 4959 666 5015 totius
704 4958 927 5016 fabricae.
955 4958 1116 5016 ﬁnem
1145 4958 1408 5030 perducta
1441 4967 1549 5027 est,
1575 4959 1777 5017 multos
1803 4960 2002 5018 exinde
2029 4961 2246 5019 labores
2274 4963 2329 5017 in
2373 4978 2473 5019 suo
2500 4972 2692 5020 saneto
2736 4972 2960 5036 pectore
3007 4965 3093 5021 vel
3122 4966 3424 5038 certamirja

192 5055 235 5112 5
271 5055 642 5114 indesinenter
694 5057 974 5113 sustinuit.
1026 5055 1127 5114 Cui
1178 5057 1342 5114 etiam
1392 5059 1607 5116 noviter
1657 5059 1868 5117 civitati
1909 5069 2237 5118 constructae
2290 5063 2396 5118 hoc
2445 5078 2641 5118 nomen
2684 5064 2738 5119 in
2788 5064 3178 5135 sempiternum
3230 5064 3429 5121 statuit

275 5155 725 5226 permanendum,
752 5154 962 5211 scilicet
981 5163 1040 5209 ut
1064 5155 1134 5210 ab
1157 5155 1410 5211 omnibus
1434 5156 1550 5213 sive
1572 5156 1835 5213 Romanis
1864 5157 1981 5214 sive
2001 5155 2122 5213 aliis
2147 5157 2527 5226 nationibus,a
2547 5157 2768 5231 proprio
2784 5161 2929 5230 quod
2952 5160 3004 5217 ei
3032 5170 3153 5218 erat
3177 5161 3421 5231 nomine,

164 5285 175 5296 ρ
279 5249 339 5306 id
363 5260 444 5307 est
481 5250 903 5326 Gregoriopolis,
930 5260 1249 5310 vocaretur.
1301 5252 1372 5309 Et
1400 5269 1592 5311 revera
1631 5255 1828 5312 merito
1872 5256 1977 5311 hoc
2018 5255 2377 5313 a‘conditoris
2420 5258 2503 5313 sui
2549 5258 2767 5314 nomine
2807 5257 3134 5313 vocabulum
3167 5260 3422 5330 sumpsit,

275 5362 409 5418 quia
433 5349 578 5419 quod
602 5350 809 5407 nullum
835 5350 1065 5422 legimus
1089 5348 1290 5405 fecisse
1314 5349 1648 5421 pontiﬁcem,
1678 5352 1800 5417 iste,
1829 5350 1924 5406 Dei
1947 5351 2332 5421 omnipotentis
2363 5352 2565 5407 auxilio
2603 5352 2874 5424 simulque
2912 5354 3115 5411 virtute
3158 5355 3422 5423 munitus,

280 5460 382 5516 pro
422 5448 620 5517 pepnlo
654 5464 718 5502 ac
746 5447 1063 5504 liberatione
1090 5445 1279 5517 patrie
1321 5450 1447 5503 ante
1486 5445 1600 5516 jam
1644 5449 1983 5505 nominatum
2007 5463 2144 5518 opus
2173 5447 2405 5503 mirabili
2433 5448 2628 5505 decore
2654 5448 2877 5505 fabricae
2922 5450 3224 5506 construxit
3262 5459 3425 5519 atque

158 5540 256 5615 £0.
278 5543 608 5611 composuit.
862 5604 865 5607 ,
1278 5524 1281 5529 ’
1498 5590 1507 5595 .

349 5638 518 5711 478
555 5639 649 5694 llis
689 5640 875 5709 itaque
913 5640 967 5695 in
998 5642 1112 5694 suis
1146 5639 1280 5696 locis
1312 5641 1657 5697 manentibus
1687 5640 1813 5696 fecit
1844 5641 1984 5695 idem
2017 5640 2354 5712 coangelicus
2391 5649 2553 5710 atque
2593 5641 2825 5697 eximius
2868 5640 3065 5712 praesul
3108 5639 3158 5693 in
3199 5638 3425 5721 basilica
3494 5710 3499 5715 _

281 5735 582 5798 Salvatoris
630 5735 847 5791 Domini
900 5737 1069 5790 nostri
1116 5735 1243 5792 Iesu
1297 5734 1524 5806 Christi,
1569 5737 1724 5811 juxta
1772 5739 2160 5813 patriarchium
2214 5738 2598 5807 Lateranense,
2651 5747 2851 5795 vestem
2896 5755 3022 5793 cum
3077 5726 3430 5811 cln'y'soclavo

535 5829 816 5899 Panos.
850 5828 1197 5894 CXXVIII.
2911 5829 2986 5893 1ι1
