4004 6324
486 387 644 460 ms
1145 356 1149 359 ’
1397 367 1400 370 ’
1672 379 2036 440 ANASTASII
2072 371 2622 436 nrauornscsnn
3651 369 3790 431 ig.

637 513 866 573 cratur;
909 503 1066 576 cujus
1094 510 1216 574 post
1239 516 1447 568 casum,
1479 499 1739 558 Ecclesiae
1767 498 1976 570 apicem
2007 494 2248 566 suscepit
2275 491 2591 564 Gregorius.
2623 495 2668 546 A
2708 499 2819 560 quo
2855 499 2980 546 cum
3021 485 3332 562 diligentius
3367 484 3674 558 pradictus
3707 487 3796 546 vir

635 606 931 660 amaretur,
959 593 1489 664 archipresbyterum
1521 606 1644 647 eum
1677 590 1731 645 in
1755 597 1945 644 sancta
1972 583 2242 641 ordinavit
2271 580 2536 638 Ecclesia.

703 689 865 762 ᾔει
905 687 1006 754 Qui
1033 701 1162 742 vero
1188 699 1310 741 cum
1337 699 1434 755 per
1457 683 1730 741 sexdecim
1759 677 2116 737 solertissime
2137 675 2495 749 gubernasset
2515 670 2814 728 Ecclesiam
2833 684 3010 725 annos
3033 669 3102 724 ad
3127 677 3374 762 exuere:
3391 667 3796 762 Wo”

631 753 950 835 buii."l‘_tinc
967 791 1100 832 vero
1129 770 1258 830 cum‘
1277 753 1534 844 proceres
1566 779 1621 827 et
1648 769 1916 826 Rom
1935 766 2092 824 urbis
2113 766 2424 836 optimates,
2457 763 2858 831 universusque

630 869 887 940 pontiﬁce
913 869 966 923 in
997 883 1163 922 unmn
1193 835 1448 930 coissent,
1479 871 1644 934 atque
1671 861 1811 917 alius
1836 860 1904 916 de
1927 857 2128 915 dicit
2455 851 3162 916 immanissima,
3191 849 3372 906 subito
3405 835 3508 921 per
3533 849 3640 905 [)6
3669 865 3792 920 pre-

631 939 928 1013 videntiam
959 957 1142 1013 divino
1165 962 1298 1010 nutu
1328 952 1660 1023 compnucti,
1697 951 1765 1005 de
1802 943 2027 1005 anfel‘ati
2071 945 2254 1017 Sergﬁ
2292 943 2760 1015 archipresbyteri
2800 941 3062 1012 religione
3095 939 3410 1010 diligentius
3447 940 3794 1000 confabulari

520 1048 556 1105 5
629 1059 936 1129 cor-perunt,
965 1056 1024 1100 ut
1051 1059 1242 1101 omnes
1266 1043 1691 1107 conclamarent,
1722 1040 1849 1110 quia
1878 1039 2078 1110 dignus
2103 1047 2188 1092 est
2209 1035 2557 1108 pontiﬁcatus
2589 1032 2815 1104 adipisci
2843 1031 3107 1102 regimen.
3135 1029 3494 1101 Firmatoque
3535 1031 3599 1086 in
3641 1047 3795 1088 enn-

629 1122 752 1197 dem
779 1141 957 1195 virum
982 1139 1210 1194 consilio
1239 1139 1610 1210 unusquisque
1641 1138 1695 1193 in
1727 1153 1823 1192 sua
1859 1149 2110 1191 reversus
2154 1143 2258 1187 est.
2307 1131 2460 1187 Tunc
2507 1137 2729 1199 repente
2757 1126 3022 1182 diaconus
3059 1123 3280 1195 quidam
3317 1122 3498 1194 ipsius
3537 1124 3794 1181 Eodesi:

626 1229 866 1288 Joannes
897 1229 950 1284 in
979 1237 1189 1284 tantum
1222 1230 1475 1284 amentia:
1508 1228 1688 1298 erupit
1719 1237 1882 1298 atque
1908 1225 2156 1289 insaniae,
2185 1232 2245 1278 ut
2268 1235 2535 1293 persuaso
2561 1219 2798 1289 quodam
2827 1215 2964 1274 satis
2987 1215 3240 1287 imperito
3261 1226 3323 1274 et
3345 1217 3566 1287 agresti
3596 1218 3793 1288 pendo

631 1322 858 1376 collecta
902 1319 1332 1378 turbulentorum
1363 1332 1418 1378 et
1460 1322 1846 1379 seditiosorum
1892 1333 2054 1374 manu
2095 1317 2150 1372 in
2189 1312 2581 1384 patriarchium
2613 1308 2982 1368 Lateranense
3021 1321 3122 1379 per
3162 1305 3310 1372 vim,
3353 1307 3561 1364 {radis
3585 1310 3794 1378 λακὶς,

629 1412 835 1468 bellicis
865 1412 984 1468 telis
1019 1411 1424 1483 ingrederetur,
1457 1413 1592 1486 legis
1634 1423 1690 1469 et
1726 1411 1934 1468 ordinis
1963 1407 2310 1465 traditionem
2350 1414 2762 1473 transgressus:
2798 1416 2911 1471 que
2948 1414 3016 1455 ex
3063 1397 3210 1456 facto
3255 1413 3454 1454 omnes
3497 1399 3610 1470 qui
3651 1401 3794 1456 intra

519 1501 589 1559 £0
625 1503 938 1574 patriarchii
971 1501 1172 1558 muenia
1204 1503 1434 1562 aderant
1459 1517 1683 1578 stupore
1707 1514 1763 1562 et
1791 1513 1934 1560 metu
1970 1501 2159 1573 repleti
2187 1508 2334 1556 sunt.
2363 1499 2535 1569 Igitur
2557 1509 2810 1565 cum.per
2830 1493 2995 1549 unius
3015 1494 3165 1549 hora:
3189 1503 3704 1566 memerita-pum
3732 1511 3796 1551 es

627 1591 716 1680 illa
761 1591 1135 1662 perdurasset,
1167 1591 1418 1663 ignobilis
1448 1595 1632 1666 populi
1670 1594 1861 1652 concio
1889 1594 2084 1649 timore
2109 1599 2382 1660 correpta,
2423 1603 2492 1644 eo
2529 1587 2720 1644 relicto
2763 1601 3036 1657 nusquam
3082 1585 3414 1657 comparuit.
3458 1585 3686 1652 Quibus
3721 1589 3794 1644 ita

625 1679 792 1758 gestis
818 1702 1006 1742 omnes
1033 1687 1306 1754 Quiritum
1337 1689 1612 1760 principes
1640 1687 1905 1758 indignati
1945 1695 2105 1751 sunt,
2133 1692 2189 1740 et
2216 1683 2491 1738 communi
2531 1683 2763 1739 consilio
2788 1679 3031 1737 umversi
3058 1679 3269 1749 pariter
3297 1679 3352 1734 in
3379 1680 3625 1737 basilica
3650 1681 3795 1738 beati

626 1778 840 1834 Martini
863 1777 1188 1833 confessoris
1220 1789 1381 1850 atque
1405 1779 1677 1849 pontiﬁcis
1697 1777 1862 1833 celeri
1885 1791 2049 1833 cursu
2086 1789 2394 1845 magnoque
2417 1774 2664 1844 equitatu
2700 1783 2829 1830 sunt
2866 1775 3202 1847 congregati.
3227 1775 3300 1830 Et
3323 1776 3594 1833 eumdem
3615 1779 3797 1834 archi.

587 1889 590 1895 '
624 1875 1000 1944 presbyterum
1027 1865 1278 1942 Sergium
1311 1870 1365 1925 in
1387 1871 1640 1925 omnibus
1667 1868 2112 1940 probatissimum
2144 1866 2439 1922 virtutibus
2461 1867 2664 1934 virum,
2687 1866 2755 1923 de
2775 1881 2886 1938 quo
2908 1867 3162 1937 superius
3184 1869 3514 1923 memoriam
3539 1869 3791 1933 fecimus.

530 1965 598 2056 i5
635 1965 985 2021 extrahentes
1010 1961 1078 2018 de
1106 1961 1338 2018 ecclesia
1367 1976 1563 2032 magno
1590 1976 1712 2016 cum
1745 1961 1985 2024 honore,
2017 1972 2322 2030 magnaque
2354 1957 2540 2030 populi
2565 1958 2868 2014 comitante
2897 1967 3148 2027 caterva,
3186 1961 3499 2032 amplisque
3531 1977 3794 2019 resonan-

555 2049 560 2146 :
630 2060 774 2117 tibus
797 2058 1069 2145 laudibus,
1099 2072 1220 2113 cum
1251 2053 1468 2126 hymnis
1494 2061 1551 2109 et
1577 2052 1805 2108 canticis
1831 2049 2171 2122 spiritalibus
2200 2066 2254 2104 In
2282 2051 2676 2121 patriarchium
2713 2050 3088 2108 Lateranense
3122 2052 3352 2117 electus,
3388 2062 3569 2124 atque
3598 2057 3790 2126 per-duo

623 2169 744 2216 ctus
771 2166 872 2214 est.
906 2155 1107 2214 Eodem
1130 2170 1262 2211 vero
1297 2153 1383 2208 die
1425 2161 1572 2207 tanta
1615 2150 1707 2206 nix
1749 2149 1802 2205 in
1843 2150 1975 2205 urbe
2003 2146 2172 2205 effusa
2204 2157 2324 2216 est,
2357 2157 2418 2205 ut
2441 2149 2693 2205 omnibus
2727 2149 3017 2206 candidata
3043 2156 3385 2204 cerneretur.
3429 2145 3596 2214 Quod
3631 2146 3788 2209 mula

623 2248 803 2320 gaudii
834 2248 1110 2311 dicebant,
1134 2252 1191 2301 et
1219 2241 1484 2299 claritatis
1507 2255 1628 2296 esse
1651 2239 1940 2295 indicium.

555 2415 558 2418 ν
707 2337 874 2411 482
911 2335 1237 2392 Praedictum
1279 2347 1409 2388 vero
1447 2330 1708 2387 Joannem
1741 2329 2022 2386 diaconem
2065 2329 2132 2386 de
2171 2329 2500 2401 patriarcbio
2529 2346 2726 2404 magna
2769 2347 2892 2388 cum
2927 2330 3260 2402 turpitudine
3303 2328 3476 2400 hujus
3523 2329 3786 2388 Romam:

621 2431 771 2488 urbis
803 2429 1077 2501 principes
1120 2425 1462 2498 expulerunt,
1494 2431 1548 2479 et
1579 2423 1782 2478 arctius
1828 2421 1884 2477 in
1928 2421 2164 2477 claustra
2213 2421 2314 2477 sub
2358 2421 2571 2478 cautela
2619 2422 2759 2478 trudi
2804 2430 3177 2494 praeceperunt
3219 2435 3320 2492 pro
3367 2422 3573 2478 eadem
3621 2432 3786 2478 tanta

621 2521 948 2579 temeritatis
974 2518 1138 2590 impia
1167 2527 1225 2572 et
1252 2517 1370 2572 dira
1399 2515 1841 2588 praesumptione,
1871 2527 2037 2584 quam
2069 2511 2367 2582 saepeiatus‘
2384 2510 2622 2568 Joannes
2642 2513 2904 2568 diaconus
2928 2527 3092 2568 ausus
3113 2519 3199 2568 est
3222 2522 3575 2582 perpetrare.
3608 2511 3781 2578 Quem

622 2616 787 2673 etiam
817 2610 1047 2671 concilio
1074 2609 1378 2664 antistitum
1411 2607 1683 2679 principes
1711 2605 1990 2670 damnare,
2037 2618 2245 2674 suoque
2275 2603 2562 2660 voluerunt
2604 2604 2808 2674 privari
2836 2605 3059 2660 honore.
3089 2600 3307 2658 Necnon
3335 2609 3394 2657 et
3422 2601 3526 2658 alii
3560 2603 3784 2658 ensibus

551 2713 586 2771 5
623 2710 964 2769 membratim
1007 2721 1132 2764 eum
1177 2700 1461 2764 dilaniare,
1493 2713 1558 2753 ac
1605 2696 1916 2751 interimere
1942 2693 2247 2750 voluerunt.
2282 2695 2390 2751 Sed
2427 2695 2530 2750 hoc
2575 2693 2698 2750 ﬁeri
2741 2694 3004 2766 benignus
3037 2702 3094 2749 et
3129 2691 3529 2749 solertissimus
3557 2692 3784 2766 Sergius

628 2803 826 2877 prtesul
871 2797 1183 2874 prohibuit,
1212 2792 1405 2850 nolens
1441 2787 1639 2844 malum
1685 2803 1784 2858 pro
1816 2785 1959 2842 malo
2004 2787 2303 2842 secundum
2339 2785 2706 2858 evangelicam
2749 2787 3001 2856 cuiquam
3034 2784 3263 2840 reddere
3307 2799 3504 2840 vocem
3537 2799 3591 2841 ι.
3629 2785 3783 2842 Tum

624 2875 843 2950 demum
871 2884 1267 2947 exsultantibus
1305 2883 1557 2941 omnibus
1601 2877 1995 2945 sacerdotibus,
2027 2879 2345 2948 proceribus
2374 2888 2430 2934 et
2465 2878 2842 2949 optimatibus,
2868 2877 3230 2948 omnibusque
3254 2875 3519 2933 Ecclesiae
3539 2877 3780 2948 popinis,

621 2982 765 3038 idem
813 2977 1190 3037 sanctissimus
1240 2976 1327 3031 vir
1371 2977 1428 3031 in
1487 2971 1780 3046 apostolica
1831 2972 1976 3028 beati
2028 2970 2177 3028 Petri
2235 2971 2606 3029 sacratissima
2652 2971 2781 3027 sede
2832 2970 3116 3028 ordinatus
3167 2982 3644 3043 consecutusque
3697 2982 3785 3029 est

623 3073 891 3146 pontifex.

685 3162 849 3237 ‘83
889 3160 1020 3216 Erat
1045 3158 1190 3215 enim
1218 3158 1429 3231 origine
1456 3154 1702 3229 insignis,
1733 3156 1838 3211 ﬁde
1865 3170 2054 3226 purus,
2089 3154 2475 3224 praedicatione
2517 3153 2761 3219 liberior,
2809 3152 2918 3209 Deo
2945 3154 3166 3214 humilis
3185 3197 3201 3226 ,
3231 3159 3545 3217 hominibus
3564 3160 3780 3228 clarus,

619 3253 769 3309 vultu
805 3251 1023 3318 alacris,
1072 3258 1253 3305 mente
1299 3246 1549 3313 alacrior,
1579 3244 1944 3302 Ecclesiarum
1991 3243 2344 3314 gubernator,
2391 3242 2627 3312 plebium
2674 3241 2870 3309 cultor,
2907 3258 3203 3316 pauperum
3250 3248 3449 3318 fautor,
3481 3253 3777 3308 viduarum

625 3357 841 3423 tegmen
903 3355 960 3403 et
1006 3345 1316 3402 consolator
1363 3344 1753 3417 indigentium,
1805 3340 2034 3412 largitor
2083 3339 2493 3410 dispersorum,
2547 3349 2994 3412 congregatorum
3050 3352 3406 3399 conservator
3453 3362 3470 3398 :
3512 3345 3772 3399 inanium

624 3440 1075 3510 saeculariumque
1119 3452 1300 3493 rerum
1347 3442 1711 3504 contemptor,
1744 3429 1873 3512 solis
1908 3430 1963 3487 in
1999 3429 2278 3500 sapientia:
2315 3428 2517 3484 divitiis
2565 3431 2754 3486 avidus
2798 3439 2848 3486 et
2898 3441 3128 3488 amator.
3172 3430 3345 3502 Hujus
3382 3433 3770 3489 sacratissima:

550 3535 586 3592 5
623 3531 1049 3592 consecrationis
1080 3544 1203 3586 cum
1235 3529 1303 3584 ad
1331 3543 1492 3583 aures
1521 3524 1863 3582 invictissimi
1893 3521 2124 3594 Augusti
2162 3519 2399 3577 Lotharii
2448 3537 2637 3578 rumor
2674 3524 3010 3593 pervenisset
3054 3526 3424 3598 imperatoris,
3449 3525 3776 3598 Drogonem

625 3625 874 3681 videlicet
921 3621 1176 3678 Metensis
1223 3619 1479 3677 Ecclesia:
1527 3616 2029 3687 archiepiscopum,
2079 3627 2200 3668 cum
2253 3609 2709 3667 excellentissimo
2750 3611 3023 3671 Ludovico
3046 3614 3168 3670 ﬁlio
3217 3631 3349 3682 suo,
3397 3629 3594 3687 magno
3643 3631 3781 3672 cum

623 3717 956 3773 Francorum
1003 3711 1243 3768 exercitu
1275 3711 1501 3768 nontam
1537 3709 1780 3765 direxit:
1811 3722 1934 3764 cum
1980 3705 2177 3776 quibus
2212 3703 2375 3758 etiam
2411 3704 2844 3776 archiepiscopos
2874 3706 3165 3778 pluresque
3191 3709 3506 3780 episcopos,
3541 3710 3783 3767 abbate:

623 3816 680 3864 et
709 3806 934 3862 comites
960 3801 1227 3873 proﬁcisci
1257 3800 1531 3873 praecepit.
1559 3799 1664 3872 Ipsi
1695 3815 1847 3865 vero,
1874 3813 1906 3852 a
1937 3811 2045 3868 quo
2076 3796 2128 3850 in
2159 3809 2285 3851 oras
2311 3794 2563 3850 Bononiae
2584 3795 2822 3851 civitatis
2846 3811 2970 3852 cum
2997 3797 3270 3869 belligeris
3291 3798 3406 3853 suis
3433 3800 3782 3857 exercitilms

621 3907 749 3956 sunt
791 3894 1044 3968 ingressi,
1078 3903 1255 3950 tantas
1283 3894 1459 3951 credes
1507 3900 1792 3962 tantasque
1821 3898 2030 3960 strages
2059 3887 2113 3942 in
2143 3885 2338 3958 populo
2364 3895 2693 3958 peregerunt
2735 3895 2796 3941 ut
2839 3886 2935 3958 qui
2977 3901 3076 3957 per
3102 3887 3267 3943 urbes
3308 3896 3366 3944 et
3395 3902 3560 3958 agros
3614 3901 3784 3944 erant

520 3991 588 4048 ιο
625 3988 904 4064 tyrannica
939 3983 1259 4042 crudelitate
1297 3984 1591 4057 perterriti,
1631 3981 1833 4039 relictis
1879 3979 2114 4052 propriis
2139 3978 2307 4043 locis,
2334 3991 2433 4047 per
2469 3977 2584 4034 loca
2625 3977 2805 4034 abdita
2850 3986 2907 4034 et
2955 3978 3192 4034 latebras
3239 3993 3298 4033 se
3344 3979 3782 4039 abscondere-nt.

626 4083 760 4140 Cum
811 4094 943 4137 vero
994 4079 1111 4134 haec
1158 4093 1257 4150 per
1303 4093 1517 4136 onmem
1564 4076 1742 4132 locum
1786 4072 2136 4145 singulasque
2163 4086 2262 4141 per
2303 4071 2468 4126 urbes
2513 4079 2678 4140 atque
2719 4069 2870 4126 vicos
2913 4079 2970 4126 et
3015 4085 3178 4142 agros
3220 4086 3360 4127 saeva
3406 4085 3784 4142 operarentur

625 4178 894 4251 nequitia,
925 4176 994 4232 ad
1039 4184 1257 4245 pontem
1301 4177 1664 4244 pervenerunt
1710 4165 1960 4238 Capella.
1997 4163 2281 4231 Tantaque
2327 4168 2445 4215 erat
2490 4168 2631 4216 tunc
2663 4157 2785 4217 coeli
2820 4162 3087 4218 serenitas
3115 4171 3176 4217 ut
3205 4171 3317 4218 toto
3350 4163 3406 4217 in
3433 4177 3568 4219 aere
3607 4168 3784 4222 nubes

623 4275 714 4320 aut
742 4264 934 4335 pluviae
963 4263 1174 4332 signum
1203 4261 1488 4331 quisquam
1515 4258 1698 4312 videre
1723 4272 1829 4311 non
1860 4254 2164 4326 potuisset:
2195 4251 2372 4306 subito
2417 4265 2545 4307 vero
2589 4261 2832 4308 atrarum
2869 4267 2977 4309 non
3005 4254 3216 4310 modica
3263 4253 3508 4311 densitas
3545 4258 3780 4312 nubium

624 4354 764 4410 facta
811 4358 925 4416 est,
977 4349 1348 4418 nimbosisque
1401 4346 1652 4416 procellis
1696 4353 1753 4400 et
1799 4342 2268 4400 coruscationibus
2315 4341 2676 4411 circumdati,
2728 4343 2946 4414 quidam
3001 4345 3070 4402 de
3122 4346 3446 4417 primatibus
3508 4347 3782 4419 Drogonis

518 4448 588 4506 15
625 4450 924 4505 consiliarii
955 4447 1198 4503 fulminis
1229 4447 1334 4502 ictu
1366 4442 1609 4515 percussi
1643 4456 1708 4495 ac
1743 4437 2052 4506 interempti
2083 4446 2229 4492 sunt.

696 4545 864 4621 484
898 4544 1012 4602 Hoc
1041 4543 1287 4600 videntes
1327 4533 1586 4593 horribile
1630 4533 1845 4604 signum
1893 4529 2060 4586 nimio
2106 4544 2298 4586 omnes
2336 4530 2534 4586 timore
2579 4528 2774 4588 Franci
2821 4534 3056 4604 correpti
3102 4543 3250 4589 sunt.
3302 4533 3414 4591 Sed
3460 4535 3779 4593 ntdlatenus

625 4620 824 4692 mentis
870 4635 1206 4691 ferocitatem
1253 4632 1579 4702 deponentes
1623 4623 1794 4680 atroci
1841 4622 2116 4678 voluntate
2145 4622 2212 4678 ad
2249 4620 2450 4680 Urbem
2498 4621 2755 4680 velociter
2784 4625 3165 4696 properabant.
3195 4625 3441 4693 Quorum
3475 4630 3780 4684 adventum

622 4726 923 4783 antedictus
965 4725 1308 4781 beatissimus
1353 4734 1489 4790 papa
1537 4715 1759 4788 Sergius
1805 4711 1920 4768 ﬁeri
1966 4711 2191 4782 propius
2233 4727 2357 4766 cum
2384 4715 2746 4784 cognovisset,
2787 4715 2842 4770 in
2887 4717 3004 4787 ejus
3032 4717 3478 4775 excellentissimi
3509 4719 3777 4776 Ludovici

621 4815 775 4886 regis
811 4831 1094 4871 occursum
1143 4812 1424 4868 universos
1450 4807 1661 4879 judices
1706 4803 1773 4858 ad
1820 4802 1937 4858 fere
1987 4817 2182 4858 novem
2213 4802 2463 4858 milliaria
2500 4804 2570 4860 ah
2613 4806 2718 4861 hac
2760 4805 3005 4863 Romana
3033 4811 3166 4866 urbe
3189 4812 3405 4867 direxit.
3443 4811 3626 4880 Quem
3651 4827 3777 4867 ca-

626 4907 794 4976 signis
823 4915 880 4961 et
923 4903 1132 4976 magnis
1183 4896 1557 4956 resonantibus
1599 4894 1848 4948 laudibus
1892 4899 2267 4962 susceperunt.
2303 4892 2370 4946 Et
2399 4894 2525 4948 dum
2567 4894 2700 4952 Urbi
2733 4914 2869 4968 pene
2897 4901 3056 4956 unius
3097 4902 3335 4958 milliarii
3371 4905 3554 4974 spatio
3577 4919 3780 4977 appro-

625 4999 963 5070 pinquasset,
994 4997 1274 5051 universas
1305 4990 1510 5046 militia:
1535 4986 1748 5044 scholas
1776 5001 1881 5039 una
1916 4999 2038 5040 cum
2083 4984 2329 5055 patronis
2357 4984 2580 5041 direxit.
2612 4987 2812 5060 Dignas
2854 4991 3189 5048 nobilissimo
3220 4995 3332 5066 regi
3360 4993 3554 5050 laudes
3581 5007 3781 5050 omna

625 5101 913 5156 canentes,
967 5089 1206 5159 aliosque
1256 5087 1461 5142 militiae
1519 5081 1863 5139 doctissimos
1917 5078 2136 5139 Graecos
2183 5079 2566 5150 imperatorias
2618 5082 2806 5139 laudes
2856 5083 3239 5152 decantantes,
3291 5102 3417 5141 cmn
3471 5085 3780 5143 dulcisonil

626 5184 938 5244 earumdem
987 5183 1204 5238 laudum
1249 5182 1473 5238 vocibus
1518 5179 1694 5252 ipsum
1741 5191 1924 5247 regem
1973 5175 2205 5245 gloriose
2255 5183 2631 5244 susceperunt.
2675 5174 2903 5231 Obviam
2951 5175 3025 5232 illi
3052 5175 3173 5245 ejus
3214 5176 3482 5232 sanctitas
3527 5177 3780 5247 dirigens

623 5278 964 5335 venerandas
990 5292 1200 5341 cruces,
1239 5274 1368 5329 item
1397 5273 1574 5343 signa,
1607 5269 1750 5325 sicut
1777 5280 1894 5321 mos
1921 5275 2007 5321 est
2055 5265 2437 5334 imperatorem
2463 5272 2558 5319 aut
2603 5278 2786 5333 regem
2814 5262 3109 5334 suscipere,
3138 5265 3211 5319 ita
3251 5280 3377 5320 eum
3403 5277 3536 5320 cum
3567 5264 3775 5335 ingent-

517 5371 588 5432 ιθ
623 5373 830 5430 honore
875 5368 1077 5440 suscipi
1125 5367 1273 5424 fecit.
1319 5366 1438 5437 ipse
1463 5378 1595 5420 vero
1628 5360 1933 5416 Ludovicus
1977 5373 2095 5424 rex,
2120 5373 2226 5428 qua
2260 5356 2392 5412 hora
2437 5356 2539 5411 sibi
2567 5357 2967 5413 sacratissimas
3005 5371 3196 5413 cruces
3241 5373 3306 5414 ac
3347 5358 3506 5428 signa
3554 5357 3774 5414 obvia

627 5464 910 5521 advenisse
956 5460 1266 5532 conspexit,
1336 5457 1531 5514 alacris
1576 5453 1751 5510 factus
1794 5450 1950 5505 valde
1996 5449 2204 5503 luctatus
2249 5454 2354 5502 est.
2407 5445 2561 5501 Tunc
2609 5461 2708 5532 suo
2763 5447 3015 5502 universo
3061 5462 3184 5502 cum
3238 5447 3466 5518 p0pulo,
3518 5449 3774 5503 omnii-ns

625 5552 885 5608 Romanis
915 5527 1192 5620 iudicibus
1233 5555 1285 5601 et
1330 5545 1527 5602 scholis
1553 5539 2017 5603 antecedentibus,
2061 5539 2129 5591 ad
2158 5538 2376 5592 beatum
2405 5527 2872 5594 Petrum'studuit
2915 5554 3227 5610 properare.
3261 5538 3437 5605 Quem
3463 5541 3772 5598 anteibunt

1575 5693 1838 5738 NOTL‘LJE
1881 5689 1928 5732 Μ
1940 5684 2165 5728 ARGINA
2177 5683 2283 5728 LE8
2329 5683 2667 5730 FABROTTI.

557 5815 586 5842 ι
623 5800 770 5856 Rom.
817 5817 913 5854 xu.
1019 5809 1029 5814 ’

2477 5856 2518 5886 ,ξε

2423 5917 2436 5924 ο
2454 5910 2575 5923 ι-“ϋ‹..--
