4004 6324
1117 341 1164 362 μ

225 457 365 520 “97
1025 454 1344 518 HISTORIA
1385 453 1475 513 DE
1513 451 1689 514 VITIS
1729 451 1806 512 ΒΕ

1936 450 2140 512 pom.
2176 436 2246 494 -"—
2278 449 2576 509 ssnetus
2611 449 2675 509 ll.
3205 452 3208 455 ·
3379 451 3515 511 ms

368 573 634 630 almiﬁcus
680 569 924 642 pontifex
971 570 1026 626 in
1076 572 1335 640 gradibus
1390 571 1558 643 ipsius
1609 571 1919 643 apostolica
1964 570 2101 627 aula
2142 571 2393 627 eumdem
2443 583 2640 651 regem.
2672 569 2724 624 in
2795 583 2893 639 pso
2935 566 3023 625 die
3070 569 3352 628 Dominico
3397 581 3517 641 post

273 672 276 674 ⁷
367 667 744 722 Pentecostem
795 678 894 719 suo
939 678 1064 718 cum
1091 663 1236 720 clero
1283 663 1636 734 exspectavit.
1671 661 2046 733 Coniungente
2073 677 2202 718 vero
2233 660 2422 718 eodem
2467 677 2610 734 rege,
2641 654 3002 742 universeque
3033 663 3232 742 gradus
3274 661 3512 742 ejusdem

257 757 334 815 15
372 757 756 814 sacratissima
801 755 943 811 beati
990 755 1136 810 Petri
1183 755 1430 811 ecclesia
1472 755 1836 819 ascendente,
1887 753 1954 809 ad
1996 753 2448 824 pranominatum
2497 753 2892 834 proiiinquavit
2927 750 3260 834 pcntiticem,
3317 741 3424 809 ubi.
3458 754 3512 808 in

370 847 513 904 atrio
537 860 699 916 super
724 845 925 915 gradus
946 844 1102 914 iuxta
1129 845 1274 902 fores
1300 846 1545 902 ecclesia
1580 861 1702 902 cum
1739 846 1994 901 universo
2029 845 2174 900 clero
2201 854 2257 900 et
2285 844 2480 916 populo
2509 844 2754 898 Romano
2783 830 3099 901 assistebat;
3135 830 3514 900 'Tunc’mutuo

356 961 416 1002 se
448 945 840 1017 amplectentes
867 941 1046 1000 tenuit
1071 939 1212 996 idem
1239 939 1541 996 Ludovicus
1567 955 1664 996 rex
1694 939 1973 995 dexteram
2003 939 2263 995 antedicti
2298 938 2590 1008 pontiﬁcis,
2623 947 2677 992 et
2713 938 2766 993 in
2796 937 3019 994 interius
3053 931 3278 1012 ingressa
3298 919 3511 994 'atrium

365 1038 434 1092 ad
463 1045 650 1109 portas
675 1041 1045 1108 pervenerunt
1069 1041 1378 1104 argenteas.
1408 1031 1466 1086 In
1503 1047 1614 1104 quo
1659 1032 1803 1088 atrio
1833 1048 1974 1088 unus
2010 1031 2078 1087 de
2123 1031 2450 1088 exercitibus
2493 1047 2525 1086 a
2563 1032 2830 1112 damonio
2859 1017 3110 1106 arreptus
3135 1017 3190 1090 in
3218 1018 3510 1107 conspectu

364 1126 700 1183 Francorum
733 1126 979 1182 omnium
1028 1124 1188 1182 valde
1233 1134 1462 1181 vexatus
1503 1134 1611 1181 est.
1660 1124 1814 1180 Tunc
1863 1125 2128 1180 almiﬁcus
2171 1124 2369 1196 pracsul
2419 1123 2598 1180 claudi
2644 1124 2859 1204 faciens
2892 1141 3081 1186 omnes
3122 1125 3319 1196 ianuas
3366 1129 3510 1184 beati

251 1217 330 1273 30
369 1219 548 1284 Petri,
598 1228 762 1290 atque
805 1217 978 1275 serari
1009 1217 1286 1289 pracepit,
1329 1226 1387 1273 et
1427 1217 1540 1289 regi
1587 1226 1778 1274 sancto
1807 1215 2016 1287 Spiritu
2047 1217 2372 1272 admonente
2416 1216 2496 1271 sic
2532 1215 2708 1271 dixit:
2739 1203 2957 1293 Sipura
2998 1203 3178 1296 mente
3219 1229 3272 1275 et
3300 1219 3510 1274 sincera

363 1310 662 1377 voluntate,
691 1319 744 1365 et
769 1325 870 1382 pro
895 1309 1071 1366 salute
1098 1309 1406 1379 reipublicae
1431 1323 1497 1365 ac
1520 1309 1686 1365 totius
1707 1308 1877 1374 orbis,
1904 1307 2174 1378 huiusque
2209 1305 2456 1362 ecclesia
2483 1307 2588 1360 huc
2609 1307 2906 1374 advenisti,
2933 1311 3034 1365 has
3070 1324 3190 1365 mea
3229 1308 3513 1380 ingredere

358 1397 556 1470 ianuas
576 1399 818 1470 iussione
846 1415 862 1456 :
887 1398 971 1454 sin
996 1398 1156 1454 aliter
1181 1414 1281 1454 nec
1306 1413 1405 1471 per
1429 1414 1540 1464 me,
1567 1413 1669 1455 nec
1695 1413 1792 1470 per
1816 1412 1996 1454 meam
2024 1397 2431 1454 concessionem
2462 1397 2578 1452 ista
2605 1396 2699 1451 tibi
2731 1386 2900 1466 porta
2927 1387 3255 1470 aperientur.

432 1489 596 1563 485
637 1489 832 1546 Statim
857 1503 955 1546 rex
985 1489 1076 1546 ille
1105 1491 1438 1562 respondens
1463 1490 1622 1556 dixit,
1652 1491 1796 1560 quod
1833 1489 1978 1546 nullo
2008 1489 2245 1558 maligno
2291 1488 2476 1544 animo
2505 1499 2599 1543 aut
2628 1488 2808 1560 aliqua
2853 1477 3121 1561 pravitate
3148 1490 3232 1547 vel
3261 1489 3403 1546 malo
3429 1482 3512 1545 in-

361 1583 520 1652 genio
543 1582 873 1639 advenisset.
900 1580 1053 1639 Tunc
1089 1581 1282 1640 eodem
1322 1581 1553 1652 prasule
1581 1582 1930 1654 praecipiente
1973 1581 2233 1652 appositis
2263 1581 2515 1636 manibus
2555 1581 2844 1651 praedictas
2873 1583 3070 1654 ianuas
3115 1582 3508 1654 patefecerunt.

358 1673 428 1729 Et
454 1675 528 1730 ita
554 1675 607 1731 in
636 1675 881 1730 eamdem
906 1675 1271 1731 venerandam
1293 1675 1476 1730 aulam
1505 1675 1652 1731 beati
1681 1673 1827 1730 Petri
1859 1673 2086 1746 ingressi
2116 1681 2264 1739 sunt;
2294 1672 2506 1729 laudem
2553 1674 2666 1730 Deo
2704 1683 2761 1732 et
2783 1677 3023 1747 ejusdem
3060 1662 3395 1734 excellentia
3417 1675 3512 1730 de-

358 1774 644 1823 cantantes
666 1767 952 1823 universus
972 1765 1152 1824 clerus
1170 1776 1228 1824 et
1253 1767 1433 1824 cuncti
1460 1768 1693 1839 religiosi
1723 1767 1818 1826 Dei
1858 1767 2065 1832 famuli,
2097 1776 2432 1838 cxtensaque
2462 1779 2594 1824 voce
2634 1768 3038 1825 acclamantes:
3077 1764 3391 1822 Benedictus
3417 1762 3510 1836 qui

284 1855 318 1910 ὕ
353 1858 488 1912 venit
514 1859 570 1912 in
597 1859 810 1913 nomine
835 1857 1068 1925 Domini,
1097 1869 1205 1916 etc.
1231 1859 1430 1930 Sicque
1455 1876 1580 1916 cum
1606 1861 1797 1917 eodem
1826 1859 2088 1932 pontiﬁce
2116 1860 2231 1931 ipse
2255 1874 2348 1915 rex
2380 1859 2650 1930 simulque
2679 1858 2870 1916 omnes
2881 1907 2889 1932 τ
2902 1858 3168 1930 episcopi,
3201 1858 3426 1913 ahbatcs
3453 1866 3510 1911 et

347 1948 580 2020 iudices,
610 1959 665 2007 et
685 1947 923 2008 universi
952 1950 1149 2008 Franci
1171 1952 1262 2024 qui
1284 1968 1408 2009 cum
1426 1967 1493 2010 eo
1510 1953 1868 2019 advenerant,
1890 1951 1960 2008 ad
1981 1950 2380 2008 confessionem
2404 1950 2548 2006 beati
2568 1951 2713 2007 Petri
2741 1938 3260 2023 appmpinquantcs,
3283 1963 3511 2020 seseque

347 2056 552 2105 pronos
583 2041 780 2097 ibidem
809 2052 1214 2113 prosternentes
1242 2047 1354 2102 Deo
1376 2053 1567 2103 nostro
1596 2044 1954 2116 omnipotenti
1979 2055 2035 2100 et
2054 2043 2232 2101 eidem
2255 2041 2621 2113 apostolorum
2645 2041 2884 2114 Principi
2905 2041 3112 2113 gratias
3134 2039 3508 2104 reddiderunt.

358 2130 420 2189 Et
446 2135 571 2188 data
598 2148 627 2187 a
651 2132 910 2205 praedicto
938 2137 1083 2196 almo
1113 2138 1369 2210 pontiﬁce
1401 2152 1567 2210 super
1609 2137 1868 2210 populum
1897 2137 2148 2193 oratione
2171 2175 2187 2202 ,
2235 2136 2305 2190 ab
2343 2135 2576 2192 ecclesia
2614 2134 2822 2207 pariter
2857 2149 3050 2190 omnes
3091 2133 3322 2205 regressi
3359 2140 3504 2188 sunt.

341 2223 546 2281 iPostea
593 2242 720 2284 vero
753 2228 1028 2284 continuis
1065 2226 1258 2284 diebus
1301 2227 1660 2298 sequentibus
1707 2225 1888 2282 omnia
1934 2225 2252 2282 suburbana
2296 2225 2556 2296 pestifera
2608 2225 2984 2280 devastatione
3029 2233 3505 2296 compresserunt,

241 2313 316 2371 10
351 2330 617 2388 agrosque
643 2323 699 2372 et
727 2329 962 2390 segetes,
991 2326 1156 2389 atque
1179 2325 1336 2388 prata
1363 2317 1520 2389 quasi
1541 2316 1836 2373 fulmineus
1867 2316 2100 2386 impetus
2120 2315 2522 2385 decerpserunt.
2556 2312 2693 2368 Dum
2719 2314 2836 2371 hac
2855 2316 3203 2382 gerebantur,
3231 2315 3345 2386 ipse
3373 2329 3504 2370 vero

351 2421 384 2461 a
405 2406 518 2463 Deo
541 2415 817 2478 protectus
851 2411 1096 2482 pontifex
1133 2427 1162 2468 a
1188 2411 1512 2481 quibusdam
1543 2410 1788 2466 audierat
1817 2409 1963 2480 quod
1986 2409 2039 2464 in
2072 2410 2214 2469 hanc
2243 2407 2666 2464 famosissimam
2691 2406 2893 2465 Urbem
2924 2407 3314 2481 hospitalitatis
3331 2422 3500 2465 causa

351 2498 578 2556 introire
603 2501 924 2572 voluissent,
955 2505 1051 2562 sed
1082 2504 1306 2562 munitis
1331 2504 1637 2575 clausisque
1660 2502 1833 2574 portis
1859 2511 1920 2558 ut
1948 2503 2105 2560 ﬁeret
2142 2501 2366 2558 minime
2389 2502 2678 2558 concessit.

416 2591 584 2666 488
617 2593 902 2652 Dominieo
927 2613 1058 2654 vero
1087 2597 1176 2652 die
1203 2607 1465 2668 sequente
1503 2597 1558 2653 in
1594 2596 1784 2653 eadem
1829 2596 2093 2667 principis
2140 2594 2511 2667 apostolorum
2547 2594 2774 2651 basilica
2805 2609 2996 2651 omnes
3029 2592 3422 2666 archiepiscopi
3447 2599 3506 2648 et

351 2685 524 2740 sancti
549 2685 794 2754 abbatcs,
823 2697 880 2744 et
905 2703 1096 2746 omnes
1117 2688 1211 2760 qui
1241 2704 1364 2744 cum
1385 2704 1451 2745 eo
1477 2697 1739 2744 venerant
1767 2687 1963 2744 Franci
2009 2696 2139 2743 sunt
2181 2687 2525 2760 congregati,
2565 2701 2864 2757 omnesque
2895 2686 3099 2756 pariter
3133 2685 3502 2741 Romanorum

352 2777 561 2833 nobiles
579 2787 635 2833 et
665 2779 935 2850 praeclari.
956 2779 1112 2837 Tunc
1138 2780 1406 2837 almiﬁcus
1427 2780 1669 2852 pontifex
1694 2779 1946 2836 manibus
1975 2779 2091 2836 suis
2114 2779 2288 2849 ipsum
2303 2778 2655 2844 Ludovicum,
2675 2774 2916 2833 Lotharii
2939 2771 3282 2845 imperatoris
3304 2772 3496 2838 ﬁlium,

351 2866 475 2924 oleo
509 2879 698 2925 sancto
726 2886 1055 2944 pertingens,
1081 2873 1250 2945 regali
1278 2888 1342 2928 ac
1363 2873 1754 2944 pretiosissima
1785 2873 2066 2928 coronavit
2091 2887 2293 2928 corona
2314 2911 2328 2936 ,
2359 2885 2651 2942 regemque
2681 2866 3055 2936 Longobardis
3092 2864 3336 2938 praefecit
3363 2883 3378 2932 ;
3410 2867 3498 2922 cui

280 2953 316 3011 5
353 2958 592 3029 regalem
624 2961 868 3019 tribuens
897 2963 1155 3035 gladium,
1190 2962 1339 3019 illum
1369 2963 1694 3033 subcingere
1726 2959 1910 3029 jussit.
1954 2960 2159 3016 Deinde
2198 2959 2486 3015 missarum
2532 2956 2902 3014 celebratione
2940 2953 3128 3020 finita,
3160 2955 3228 3010 ab
3268 2953 3497 3010 ecclesia

352 3064 542 3107 omnes
561 3067 684 3108 cum
718 3069 844 3126 rege
873 3053 1118 3110 laetantes
1141 3053 1376 3126 regressi
1419 3061 1566 3108 sunt.
1598 3053 1864 3122 Deinceps
1891 3065 2022 3106 vero
2049 3065 2148 3120 per
2170 3049 2289 3105 dies
2325 3047 2568 3120 singulos
2597 3045 2910 3104 conflictum
2949 3045 3144 3100 summi
3185 3045 3504 3102 certaminis

352 3155 476 3197 cum
500 3142 848 3200 sanctissimo
894 3142 1126 3215 prasule
1162 3142 1524 3212 omnibusque
1559 3141 1830 3211 episcopis
1873 3148 1929 3195 et
1968 3139 2323 3210 optimatibus
2363 3139 2568 3195 nostris
2611 3146 2778 3210 atque
2823 3135 3142 3207 proceribus
3177 3135 3292 3206 ipse
3322 3135 3502 3209 Drogo

352 3230 793 3303 archiepiscopus
821 3232 1080 3288 Metensis
1109 3230 1386 3296 Ecclesia,
1422 3229 1490 3285 de
1513 3245 1621 3299 quo
1667 3228 1918 3298 superius
1965 3225 2286 3282 memoriam
2327 3224 2588 3296 fecimus,
2621 3226 3005 3284 commovebat
3043 3238 3152 3282 tam
3187 3226 3304 3298 ipse
3334 3243 3499 3300 quam

348 3323 962 3396 omnes'archiepiscopi
986 3333 1042 3382 et
1060 3322 1299 3396 episcopi
1328 3321 1420 3392 qui
1450 3336 1572 3376 cum
1599 3335 1666 3375 eo
1688 3328 1880 3375 contra
1912 3319 2053 3375 hanc
2095 3317 2460 3373 universalem
2488 3326 2546 3373 et
2584 3326 2746 3388 caput
2784 3326 3104 3374 cunctarum
3133 3317 3500 3374 Ecclesiarum

240 3409 316 3466 {0
353 3409 450 3468 Dei
491 3413 610 3470 sine
650 3414 1055 3487 metropolitani
1097 3412 1451 3470 concessione
1491 3418 1654 3481 atque
1693 3409 1982 3464 vocatione
2029 3415 2447 3473 convenerant;
2492 3407 2545 3462 id
2586 3415 2670 3464 est
2707 3408 3002 3478 Gregorius
3053 3408 3501 3479 archiepiscopus

349 3501 608 3561 Ecclesia
632 3505 1031 3572 Raveunensis,
1057 3513 1113 3562 et
1131 3501 1496 3574 Angelbertus
1524 3499 1968 3570 archiepiscopus
1991 3496 2250 3552 Ecclesia:
2278 3493 2720 3562 Mediolanensis,
2755 3495 2954 3569 Joseph
2987 3499 3273 3570 episcopus
3307 3499 3496 3558 Eccle-

348 3597 447 3652 sia
474 3597 906 3668 Eporecliensis,
937 3597 1148 3666 Asinus
1185 3595 1472 3664 episcopus
1513 3590 1770 3647 Ecclesia
1815 3587 2180 3654 Veronensis,
2222 3585 2530 3644 Almaricus
2563 3586 2819 3644 Ecclesia
2857 3590 3140 3648 Camensis
3179 3593 3496 3664 episcopus,

351 3685 729 3746 Hortchaudus
759 3690 1017 3746 Ecclesia
1042 3683 1423 3749 Vercellensis,
1476 3681 1767 3755 Sigifridus
1815 3680 2104 3752 episcopus
2148 3677 2407 3736 Ecclesia:
2457 3677 2773 3751 Regiensis,
2821 3679 3174 3754 Toringarius
3212 3684 3499 3755 episcopus

349 3783 605 3844 Ecclesia
625 3786 1062 3851 Coucordiensis,
1088 3782 1411 3840 Odelvertus
1441 3780 1730 3853 episcopus
1752 3779 2014 3836 Ecclesia
2031 3777 2669 3852 Aquensls,Ambrosius
2697 3778 2983 3852 episcopus
3003 3775 3259 3832 Ecclesiae
3286 3773 3498 3830 Lucen-

237 3875 332 3932 15⁷
351 3877 450 3945 sis,
475 3877 714 3936 Joannes
733 3880 1019 3952 episcopus
1043 3877 1302 3934 Ecclesia
1327 3877 1586 3943 Pisensis,
1616 3875 1811 3933 Petrus
1831 3875 2119 3946 episcOpus
2140 3872 2400 3930 Ecclesia
2423 3871 3262 3942 Vollaterrensis,Gausprandus
3283 3874 3497 3945 cpisco-

347 3983 450 4039 pus
473 3970 730 4026 Ecclesia
778 3969 1151 4033 Pistoriensis,
1198 3967 1395 4025 Cautio
1423 3966 1710 4038 episcopus
1750 3963 2012 4021 Ecclesia
2046 3962 2340 4028 Senensis,
2375 3961 2560 4034 Lupus
2596 3963 2883 4036 episcopus
2919 3964 3176 4022 Ecclesia
3213 3965 3491 4033 Textina,

341 4059 726 4119 I'Sisismundus
756 4063 1044 4134 episcopus
1069 4059 1330 4117 Ecclesia
1351 4057 1718 4130 A'prutiensis,
1749 4055 1880 4113 Pico
1903 4055 2193 4127 episcopus
2218 4054 2478 4111 Ecclesia
2509 4054 2878 4123 Scolanensis,
2916 4057 3186 4116 Fratellus
3207 4059 3494 4132 episcopus

343 4148 606 4207 Ecclesia
626 4150 1057 4216 Cameri-nensis,
1087 4148 1254 4206 Gisus
1278 4163 1572 4221 episcopus
1604 4145 1864 4204 Ecclesia
1892 4143 2184 4212 Firmana,
2211 4145 2538 4218 Racipertus
2561 4147 2850 4219 episcopus
2878 4148 3135 4206 Ecclesia
3160 4148 3496 4207 Nucerinen-

345 4243 442 4308 sis,
465 4244 740 4300 Amadeus
763 4243 1050 4315 episcopus
1075 4240 1386 4307 Pinnensis,
1417 4240 1658 4297 Donatus
1677 4239 1966 4310 episcopus
2001 4236 2257 4293 Ecclesia
2280 4236 2581 4305 Fesolana,
2599 4248 2655 4295 et
2683 4242 2887 4297 cateri.
2915 4242 3050 4300 Cum
3073 4242 3271 4314 quibus
3317 4243 3487 4301 etiam

228 4331 313 4388 20
348 4333 488 4390 Boso
512 4349 720 4398 comes.
745 4335 1038 4407 Adalgisus
1060 4352 1271 4404 comes,
1301 4336 1544 4394 Joannes
1575 4350 1778 4400 comes,
1807 4335 1982 4392 Vuldo
2009 4349 2211 4401 comes,
2227 4335 2544 4392 Vernardus
2572 4352 2778 4406 comes,
2804 4338 3071 4399 Wifridus
3099 4357 3308 4412 comes,
3329 4353 3494 4417 atque

347 4420 622 4481 Maurinus
639 4441 846 4493 comes,
865 4434 922 4481 et
949 4430 1130 4484 caeteri
1153 4427 1362 4500 pariter
1385 4426 1801 4484 contendebant.

420 4514 588 4588 487
628 4518 736 4574 Sed
759 4519 941 4575 divina
969 4519 1145 4592 gratia
1171 4520 1494 4592 inspirante,
1525 4533 1628 4575 nec
1656 4532 1943 4576 sermones
1967 4518 2142 4590 ipsius
2173 4517 2301 4574 almi
2326 4518 2623 4590 pontiﬁcis,
2655 4535 2834 4590 neque
2854 4521 3200 4593 prudentiam
3229 4540 3492 4596 superare

346 4606 652 4665 valuerunt.
687 4611 970 4682 Tantaque
993 4615 1043 4668 ei
1067 4626 1304 4682 superna
1331 4612 1522 4668 aderat
1546 4610 1744 4675 virtus,
1772 4619 1832 4664 ut
1861 4609 2041 4671 nullus
2068 4623 2321 4665 sermone
2343 4624 2468 4664 eum
2510 4610 2837 4668 concludere
2875 4611 2959 4666 vel
2990 4614 3366 4684 constringere
3394 4630 3492 4684 po-

345 4699 557 4756 tuisset.
596 4702 665 4758 Et
693 4705 850 4776 abeo
872 4713 1111 4783 superati
1136 4713 1343 4782 pudore
1365 4720 1421 4766 et
1445 4711 1622 4780 operti
1647 4708 1970 4764 confusione
1989 4709 2383 4764 discesserunt.
2417 4707 2574 4776 Quod
2603 4707 2874 4773 videntes,
2915 4722 3133 4764 omnem
3165 4706 3492 4782 manetque

343 4789 684 4850 ferocitatem
720 4813 884 4868 quam
912 4801 966 4856 in
997 4802 1271 4858 mentibus
1295 4801 1686 4866 observabant,
1715 4800 1866 4856 omni
1919 4799 2080 4854 modo
2105 4799 2489 4868 deposuerunt.
2534 4797 2630 4854 His
2673 4797 2843 4869 igitur
2877 4799 3489 4873 peractis‘a'pradicto

273 4881 310 4940 5
345 4886 759 4956 postulaverunt
779 4892 1059 4962 pontiﬁce,
1093 4900 1156 4948 ut
1181 4905 1370 4948 omnes
1407 4891 1670 4962 primates
1713 4890 1948 4946 Romani
1992 4889 2310 4947 ﬁdelitatem
2351 4888 2454 4962 ipsi
2483 4888 2758 4946 Ludovico
2793 4891 2903 4963 regi
2945 4906 3043 4964 per
3083 4903 3488 4952 sacramentum

339 4983 740 5053 promitterent.
773 4985 928 5055 Quod
951 4986 1682 5060 prudentissimuspontifex
1705 4988 1823 5044 ﬁeri
1851 5001 2192 5059 nequaquam
2232 4989 2535 5054 concessit,
2566 4988 2662 5044 sed
2700 4987 2781 5042 sic
2819 4999 2980 5042 orsus
3017 4993 3102 5042 est
3125 4984 3234 5042 illis
3266 4999 3283 5040 :
3311 4985 3448 5056 Quia
3470 5027 3487 5054 ,

349 5075 399 5132 si
420 5077 584 5133 vultis
607 5078 840 5138 Domino
864 5082 1122 5140 Lothario
1147 5099 1344 5156 magno
1370 5085 1691 5154 imperatori
1714 5086 1821 5142 hoc
1849 5092 2253 5142 sacramentum
2291 5097 2354 5141 ut
2396 5083 2601 5142 faciant
2625 5080 2994 5146 solummodo,
3023 5079 3304 5137 consentio
3323 5088 3490 5152 atque

349 5168 622 5241 permitto.
653 5169 789 5226 Nam
818 5171 1089 5231 Ludovico
1115 5174 1234 5245 eius
1259 5171 1370 5228 ﬁlio
1393 5182 1454 5228 ut
1473 5174 1578 5230 hoc
1603 5182 1919 5247 peragatur,
1941 5191 2046 5232 nec
2067 5189 2170 5246 ego
2193 5191 2296 5232 nec
2317 5175 2497 5231 omnis
2517 5174 2887 5232 Romanorum
2915 5175 3171 5234 nobilitas
3191 5177 3483 5233 consentit.

413 5258 585 5332 ᾆδε
622 5260 774 5318 Tunc
803 5263 1022 5319 demum
1049 5264 1102 5318 in
1137 5262 1328 5318 eadem
1375 5263 1610 5319 ecclesia
1646 5263 1900 5320 sedentes
1945 5265 2152 5336 pariter
2182 5275 2295 5321 tam
2334 5266 2686 5324 beatissimus
2733 5267 2976 5339 pontifex
2998 5309 3014 5334 ,
3053 5285 3216 5340 quam
3254 5285 3486 5340 magnus

341 5364 461 5417 rex,
491 5363 549 5408 ct
572 5369 766 5410 omnes
791 5353 1182 5426 archiepiscopi
1205 5360 1370 5423 atque
1387 5354 1651 5426 episcopi,
1688 5354 1962 5412 stantibus
1989 5357 2213 5428 reliquis
2240 5359 2620 5415 sacerdotibus
2643 5369 2699 5414 et
2725 5359 3096 5417 Romanorum
3127 5377 3194 5417 ac
3239 5362 3482 5419 Franco-

344 5457 465 5499 rum
494 5446 870 5516 Optimatibus,
899 5447 1218 5503 ﬁdelitatem
1242 5446 1504 5502 Lothario
1534 5461 1731 5518 magno
1760 5446 2079 5517 imperatori
2102 5461 2320 5518 semper
2342 5447 2592 5523 Augusto
2618 5450 3006 5521 promiserunt.
3057 5449 3181 5506 Post
3210 5450 3327 5506 hac
3355 5464 3485 5507 vero

344 5535 495 5595 Ebho
519 5541 738 5610 quidam
761 5551 817 5599 et
837 5541 1269 5600 Bartholomaus
1299 5542 1718 5614 archiepiscopi,
1750 5541 1841 5614 qui
1866 5557 1966 5613 pro
2003 5539 2328 5598 criminibus
2363 5540 2478 5595 suis
2503 5541 2701 5611 privati
2751 5541 2958 5599 honore
2995 5541 3064 5608 ab
3090 5541 3330 5597 Ecclesia
3359 5540 3479 5596 fue-

270 5628 308 5686 5
345 5641 469 5688 rant
494 5637 725 5705 expulsi,
752 5654 782 5693 a
812 5639 1162 5694 sanctissimo
1188 5639 1446 5711 pontiﬁce
1473 5635 1824 5708 postulabant
1848 5646 1907 5693 ut
1935 5651 2032 5692 eos
2055 5635 2414 5691 reconciliare
2437 5650 2502 5691 ac
2529 5636 2748 5710 pallium
2770 5634 2852 5688 eis
2878 5634 3116 5688 tribucre
3139 5634 3479 5701 dignaretur.

341 5722 490 5792 Quos
514 5727 678 5782 etiam
712 5729 853 5785 .dem
881 5730 1077 5802 praesul
1109 5747 1208 5787 nec
1239 5732 1678 5787 communionem
1705 5732 1851 5786 inter
1877 5730 2085 5786 clerum
2112 5728 2303 5797 dignos
2329 5743 2453 5785 esse
2476 5731 2754 5800 suscipere
2778 5729 3008 5795 dicebat,
3043 5733 3136 5787 sed
3166 5732 3309 5786 inter
3334 5745 3482 5784 com-

345 5831 565 5874 munem
621 5821 875 5891 populum
931 5825 1367 5882 communicandi
1405 5825 1681 5882 licentiam
1727 5824 2106 5881 tantummodo
2153 5823 2438 5878 haberent.
2483 5821 2586 5879 Per
2622 5824 2764 5880 idem
2802 5831 3014 5895 tempus
3051 5839 3172 5878 cum
3214 5836 3306 5877 rex
3361 5821 3478 5887 ipse

345 5906 652 5968 Ludovicus
703 5913 884 5969 Romae
914 5915 1152 5986 degeret,
1201 5915 1516 5988 Siginolfus,
1563 5915 2072 5972 Beneventanorum
2110 5913 2387 5984 princeps,
2425 5927 2622 5984 magno
2668 5928 2792 5969 cum
2833 5915 3078 5971 exercitu
3123 5911 3352 5970 Romam
3379 5923 3485 5965 ve-
