4004 6324
553 511 695 571 1299
1697 507 2064 575 ANASTAS"

2253 505 2644 567 [OTHECARII
3714 497 3831 563 ’πω

686 625 769 684 nit
799 636 847 682 ι.
880 622 1056 696 Quem
1096 638 1221 685 cum
1245 625 1535 699 praedictus
1556 639 1656 683 rex
1680 625 1981 685 honorifice
2002 625 2348 698 suscepisset,
2370 624 2550 683 omnia
2573 639 2672 697 pro
2701 622 2901 696 quibus
2930 624 3157 678 venerat
3182 618 3283 691 ipsi
3305 616 3597 676 indicavit.
3617 617 3719 677 Cui
3742 637 3831 678 rex

581 721 655 780 10
684 720 922 792 gratanti
950 721 1130 779 animo
1155 720 1413 791 quidquid
1435 721 1720 792 quaesierat
1750 719 1939 777 tribuit
1964 729 2125 789 atque
2142 719 2428 784 concessit.
2443 718 2511 774 Et
2529 732 2651 772 cum
2674 715 2835 773 simul
2853 712 3071 779 Franci,
3090 710 3437 783 Longobardi
3462 726 3531 767 ac
3552 711 3836 769 Beneven-

685 813 800 869 tani
827 815 1137 887 congregati
1166 813 1414 885 fuissent,
1438 817 1584 875 facta
1607 826 1690 875 est
1715 818 1908 889 ingens
1936 818 2120 890 populi
2149 817 2457 884 multitudo,
2486 817 2563 872 ita
2596 824 2656 872 ut
2683 831 2753 873 ex
2796 815 2943 872 omni
2978 818 3135 887 parte
3169 808 3340 865 Roma
3368 811 3729 867 circumdata
3759 814 3830 868 vi.

684 904 942 961 deretur:
976 919 1207 976 quorum
1234 907 1579 964 multitudine
1612 909 1793 965 omnia
1825 917 1946 965 sata
1973 908 2150 965 deleta
2178 916 2322 964 sunt.
2346 906 2463 980 Ipse
2490 921 2619 963 vero
2650 904 2947 979 Siginolfus
2975 904 3191 962 ardenti
3228 917 3455 981 pectore
3490 908 3827 985 prtecipuum

684 1001 1028 1059 desiderabat
1058 1003 1239 1061 videre
1263 1005 1684 1084 pontificemhet
1707 1006 1775 1061 ab
1802 1020 1867 1061 eo
1897 1005 2336 1061 benedictionem
2383 1005 2650 1079 recipere.
2689 1002 2860 1072 Quem
2889 1001 3091 1075 praesul
3134 1020 3257 1059 cum
3298 1006 3685 1079 suscepisset,
3724 1008 3830 1064 solo

681 1105 989 1166 prostratus
1031 1096 1299 1168 pretiosos
1343 1096 1511 1167 ipsius
1549 1096 1717 1167 pedes
1760 1094 2038 1152 humiliter
2083 1094 2362 1153 osculatus
2404 1102 2519 1165 est,
2564 1101 2620 1152 et
2661 1092 2730 1151 ab
2773 1108 2838 1149 eo
2872 1092 3254 1150 benedictione
3297 1106 3568 1171 suscepta
3613 1094 3685 1155 ab
3724 1100 3830 1169 ejus

576 1186 648 1248 ιδ
679 1198 973 1259 conspectu
1001 1187 1258 1244 alacriter
1286 1188 1397 1243 Deo
1416 1188 1625 1260 gratias
1651 1186 1897 1243 referens
1928 1200 2210 1258 regressus
2249 1193 2353 1243 est.

752 1276 921 1350 489
956 1277 1055 1335 His
1075 1277 1327 1335 omnibus
1356 1277 1524 1334 finitis
1546 1319 1561 1344 ,
1611 1278 1725 1348 ipse
1760 1276 2246 1334 excellentissimus
2286 1292 2382 1334 res
2414 1272 2720 1332 Ludovicus
2744 1272 2920 1347 ampla
2949 1288 3072 1330 cum
3104 1270 3293 1328 laetitia
3314 1271 3555 1345 Papiam
3589 1292 3827 1337 reversus

686 1384 786 1437 est,
819 1375 908 1431 ubi
930 1375 998 1430 ab
1024 1375 1248 1431 exordio
1280 1372 1617 1441 principatus
1646 1370 1726 1425 sui
1762 1369 1977 1426 culmen
2006 1370 2246 1435 regebat.
2290 1368 2442 1427 Tunc
2472 1384 2600 1425 vero
2642 1368 2748 1425 lacti
2779 1383 2971 1423 omnes
3006 1381 3129 1422 cum
3166 1364 3494 1437 coniugibus
3529 1386 3602 1426 ac
3629 1373 3827 1440 liberis,

682 1473 902 1525 scnatus
944 1466 1275 1537 p0pulusqne
1318 1463 1595 1519 Romanus
1650 1470 1757 1517 tam
1811 1460 2013 1534 ingenti
2042 1468 2194 1532 pele
2234 1459 2472 1524 liberati,
2516 1467 2573 1512 et
2608 1474 2637 1512 a
2667 1456 3117 1531 jugotyrannicac
3148 1454 3519 1518 immanitatis
3544 1465 3829 1535 redempti,

683 1555 1085 1613 sanctissimum
1127 1553 1378 1623 Sergium
1425 1553 1710 1624 praesulem
1756 1551 1907 1608 velut
1952 1552 2146 1611 salutis
2174 1559 2448 1608 auctorem
2474 1566 2537 1607 ac
2570 1551 2940 1606 restitutorem
2974 1552 3124 1622 pacis
3152 1552 3596 1610 venerabantur.
3639 1557 3735 1613 ille
3756 1571 3831 1613 ta-

613 1647 649 1702 5
684 1663 805 1701 men
831 1661 935 1701 non
959 1659 1070 1703 sure
1096 1646 1284 1701 virtuti
1314 1660 1428 1702 rem
1452 1654 1681 1715 gestam,
1710 1643 1807 1699 sed
1837 1643 2022 1700 divino
2051 1643 2260 1699 muneri
2292 1642 2602 1717 deputabat.
2647 1640 2766 1701 Jam
2797 1641 2923 1712 quia
2956 1641 3136 1711 lingua
3158 1653 3354 1700 cuncta
3390 1662 3519 1717 qttze
3546 1651 3718 1721 gms“
3743 1667 3832 1721 per

682 1740 924 1799 ordinem
970 1738 1241 1810 explicare
1280 1752 1389 1793 non
1429 1737 1708 1808 praevalet,
1752 1744 2095 1792 transeamus
2141 1734 2209 1789 ad
2245 1749 2306 1789 ea
2336 1749 2455 1805 qua:
2500 1733 2551 1789 in
2584 1733 2789 1789 sanctis
2820 1732 2952 1790 locis
2972 1733 3185 1799 obtulit,
3216 1744 3273 1789 et
3297 1735 3556 1792 breviter
3581 1755 3832 1797 enarrare

678 1829 1015 1887 iuchoemus.
1057 1828 1113 1884 lu
1153 1829 1329 1900 primo
1364 1826 1581 1897 quidem
1621 1825 1971 1896 pontificatus
1998 1824 2082 1881 sui
2121 1823 2346 1883 exordio
2377 1839 2610 1898 superno
2640 1839 2823 1883 amore
2846 1824 3210 1887 exardescens
3239 1831 3295 1887 in
3317 1832 3561 1890 basilica
3595 1835 3831 1892 Salvato-

680 1922 778 1989 ris,
825 1937 943 1992 qua
986 1921 1435 1978 Constantiniana
1465 1929 1708 1986 vocatur,
1759 1919 1911 1975 mirae
1934 1916 2355 1992 pulchritudinis
2386 1932 2522 1989 opus
2552 1915 2803 1991 explevit.
2848 1914 2983 1972 Nam
3021 1910 3284 1979 ambitum
3311 1925 3459 1981 sacri
3491 1926 3713 1995 altaris,
3742 1931 3826 2000 qui

506 2066 513 2078 ,
679 2013 912 2092 strictim
947 2012 1000 2066 in
1022 2026 1086 2065 ea
1115 2011 1294 2066 fuerat
1316 2010 1444 2067 olim
1475 2018 1844 2077 constructus,
1872 2010 2160 2081 largiorem
2186 2010 2408 2082 proprio
2438 2008 2605 2082 digito
2637 2008 2928 2082 designans
2964 2026 2993 2066 a
3032 2004 3405 2072 fundamentis
3439 2016 3683 2087 perfecit
3724 2023 3830 2092 pul-

489 2100 513 2165 ’,
570 2098 641 2162 l0
675 2085 927 2175 clirtsque
953 2117 1219 2161 cntnntms
1246 2120 1369 2161 cum
1399 2102 1759 2161 marmoribus
1780 2104 2009 2175 desuper
2036 2103 2091 2161 in
2123 2117 2255 2177 gyro
2285 2101 2507 2172 sculptis
2532 2099 2809 2173 splendide
2833 2100 3130 2160 decoravit.
3171 2102 3274 2163 Ubi
3305 2085 3455 2164 nuch
3489 2125 3659 2171 sacra
3688 2085 3829 2182 plebs

681 2196 738 2254 in
773 2196 1297 2252 administrationem
1349 2198 1490 2252 sacri
1532 2196 1756 2268 largiter
1798 2196 2051 2252 consistit
2087 2194 2269 2251 cilicii.
2327 2190 2447 2267 Qun
2490 2192 2728 2266 expleto,
2778 2195 2896 2267 ipse
2941 2193 3200 2251 almilicus
3222 2198 3477 2268 pontifex
3510 2216 3617 2272 pro
3642 2203 3827 2259 decore

680 2301 838 2360 atque
862 2299 1059 2355 ornatu
1090 2289 1253 2359 hujus
1279 2288 1529 2358 praeclari
1550 2287 1733 2359 operis
1762 2286 1818 2343 in
1840 2286 2030 2343 eadem
2057 2287 2283 2344 basilica
2308 2286 2505 2361 obtulit
2545 2286 2662 2345 vela
2690 2287 2809 2343 alba
2834 2285 3138 2343 holoserica
3174 2289 3370 2360 viginti
3413 2278 3621 2351 ornata
3647 2295 3700 2349 in
3730 2297 3829 2350 cir-

674 2383 820 2440 cuitu
850 2383 915 2437 de
938 2380 1181 2438 fundato.
1224 2379 1488 2437 Similiter
1511 2387 1568 2436 et
1603 2379 1706 2434 alia
1747 2380 1814 2434 de
1861 2377 2085 2435 fundato
2111 2378 2266 2436 valde
2297 2380 2498 2452 optima
2537 2378 2726 2452 viginti
2758 2388 2948 2435 ornata
2969 2378 3035 2445 'in
3062 2380 3291 2440 circuitu
3324 2385 3396 2445 de
3418 2385 3687 2449 blattbin.
3732 2390 3828 2447 Ubi

676 2477 837 2531 etiam
888 2474 1284 2531 confessionem
1334 2471 1616 2527 mirificam
1657 2469 1877 2527 Christo
1919 2477 2247 2543 c00pcrante
2295 2470 2635 2539 construxit,
2684 2478 2740 2527 et
2780 2471 3054 2544 argenteis
3088 2456 3283 2532 tabulis
3307 2493 3565 2552 auroque
3599 2482 3829 2553 perfusis

569 2578 638 2635 45
677 2575 879 2646 fulgida
923 2576 1194 2643 compsit,
1245 2586 1405 2643 quam
1442 2570 1679 2641 propriis
1726 2570 1978 2627 manibus
2027 2585 2375 2635 consecrans,
2431 2571 2482 2629 in
2523 2586 2586 2629 ea
2623 2571 2880 2642 reliquias
2908 2572 3109 2643 posuit.
3151 2570 3220 2626 Et
3259 2572 3409 2628 aliud
3438 2575 3669 2649 quidem
3700 2592 3829 2648 opus

676 2677 799 2725 ante
831 2667 975 2725 ibres
997 2668 1161 2738 hujus
1186 2665 1507 2724 venerandae
1534 2664 1772 2723 basilicae
1794 2664 1951 2723 Valde
1975 2666 2239 2735 optimum
2267 2667 2478 2741 peregit
2510 2685 2524 2723 :
2559 2667 2686 2739 quia
2717 2682 2876 2725 sacra
2900 2667 3112 2743 pridem
3130 2708 3146 2735 ,
3176 2682 3298 2737 qua:
3322 2666 3578 2725 latebant
3599 2673 3827 2745 pqpuiis,

678 2762 863 2817 limina
894 2772 1107 2817 summo
1129 2756 1312 2817 studio
1337 2755 1591 2815 omnibus
1615 2754 1905 2813 manifesta
1948 2759 2244 2824 constituit,
2277 2774 2403 2817 eum
2443 2758 2669 2835 pulchre
2705 2759 2934 2829 decoros
2967 2760 3166 2821 ibidem
3211 2775 3426 2817 arcusa
3456 2761 3828 2823 fundamentis

675 2861 1042 2918 construeret,
1075 2866 1212 2922 quos
1236 2849 1402 2911 etiam
1428 2847 1597 2904 variis
1622 2848 1853 2919 picturis
1882 2849 2053 2905 nitide
2075 2849 2373 2907 decoravit.
3408 2845 3415 2851 ’

745 2946 913 3019 490
949 2945 1067 3017 Ipse
1103 2934 1236 3001 vero
1264 2959 1295 3000 a
1328 2942 1440 2999 Deo
1465 2949 1744 3011 protectus
1768 2950 1823 2997 et
1847 2940 2143 3013 praeclarus
2162 2941 2406 3015 pontifex
2428 2958 2528 3016 pro
2549 2957 2790 3005 remedio
2811 2953 2866 2999 et
2887 2940 3291 3012 xuturafanimae
3316 2958 3430 3005 sua:
3457 2946 3828 3003 retributione

675 3052 946 3095 cameram
976 3035 1222 3107 prmsepii
1255 3035 1468 3093 Domini
1499 3035 1669 3093 nostri
1702 3033 1828 3095 Jesu
1859 3036 2099 3104 Christi,
2157 3038 2297 3113 quod
2348 3038 2586 3097 basilica
2641 3041 2812 3097 beata:
2864 3038 2961 3097 Dei
3011 3037 3300 3097 Genitricis
3347 3040 3586 3099 dominae
3623 3053 3830 3098 nostra

674 3131 1036 3194 connectitur,
1065 3143 1186 3198 qua:
1215 3126 1384 3199 Major
1406 3128 1473 3183 ab
1497 3126 1750 3183 omnibus
1773 3134 2133 3196 nuncupatur,
2168 3129 2442 3203 argenteis
2471 3127 2671 3185 tabulis
2696 3145 2763 3189 ac
2792 3129 3067 3187 deauratis
3087 3169 3102 3199 ,
3150 3128 3481 3189 habentibus
3530 3133 3827 3191 historiam

660 3212 845 3279 beata:
876 3222 970 3277 Dei
1000 3221 1291 3277 Genilricis
1315 3218 1521 3284 Maria,
1547 3220 1834 3288 magnifice
1862 3228 2026 3290 atque
2048 3221 2323 3291 pratcipue
2362 3221 2679 3291 perornavit
2704 3243 2720 3277 ;
2748 3220 2893 3296 quod
2928 3220 3107 3279 nullus
3126 3222 3442 3295 pontificum
3472 3240 3572 3296 per
3600 3234 3688 3283 tot
3731 3244 3830 3281 an-

601 3315 636 3371 5
672 3330 867 3370 norum
897 3312 1171 3370 curricula
1197 3311 1264 3366 ad
1288 3309 1423 3367 tanti
1452 3309 1664 3365 decoris
1691 3310 1925 3380 speciem
1952 3311 2252 3380 perducere
2284 3311 2581 3371 arbitratus
2602 3319 2707 3369 est.
2765 3295 2865 3369 Hic
2894 3326 3022 3369 vero
3056 3317 3286 3389 pnesul,
3319 3335 3440 3377 eum
3549 3323 3829 3379 munibus

673 3405 921 3462 ecclesiis
950 3404 1179 3462 sollicite
1208 3419 1397 3460 curam
1427 3413 1665 3473 gereret,
1687 3405 1852 3458 etiam
1883 3403 2165 3459 basilicam
2194 3403 2369 3460 sancti
2394 3400 2756 3474 Archangeli,
2784 3417 2904 3473 quae
2943 3404 2997 3463 in
3022 3409 3309 3469 cacumine
3347 3410 3517 3481 Fajani
3543 3412 3567 3455 δ
3594 3415 3819 3473 mgnus

673 3508 759 3556 est
785 3499 1103 3565 constituta,
1131 3497 1422 3570 largiorem
1450 3512 1611 3568 quam
1639 3496 1849 3567 pridem
1875 3496 2052 3550 fuerat
2078 3510 2108 3550 a
2135 3493 2505 3553 fundamentis
2532 3492 2790 3564 perfecit,
2825 3508 2893 3552 ac
2924 3496 3265 3556 radiantibus
3294 3501 3512 3571 picturis
3526 3501 3823 3560 incidente

670 3592 815 3664 pingi
834 3590 1017 3661 jussit,
1041 3605 1105 3647 ac
1144 3601 1325 3648 sarcta
1355 3588 1493 3647 tecta
1514 3589 1632 3660 ejus
1653 3591 1866 3646 novitcr
1886 3589 2229 3644 restauravit.
2274 3587 2376 3644 Ubi
2402 3595 2457 3646 et
2479 3586 2671 3647 obtulit
2694 3595 2874 3645 vestes
2896 3586 2965 3644 de
2984 3588 3185 3648 imizilo
3207 3602 3463 3671 quatuor,
3483 3594 3752 3651 similiter
3773 3606 3827 3651 et

671 3682 789 3737 vela
811 3692 1063 3753 quatuor.
1087 3683 1206 3755 Ipse
1230 3697 1362 3740 vero
1386 3680 1652 3739 almllicus
1671 3688 1727 3735 et
1754 3680 2102 3736 beatissimus
2134 3695 2273 3752 papa
2303 3678 2543 3736 scholam
2573 3687 3014 3751 cantomm,quat
3038 3678 3247 3753 pridem
3275 3679 3823 3755 Orphanotrophium

561 3774 636 3831 ιο
670 3774 982 3841 vocabatur,
1001 3790 1123 3835 eum
1144 3790 1257 3845 prae
1285 3775 1449 3831 nimia
1474 3782 1745 3833 vetustate
1772 3791 1910 3847 pene
1934 3777 1988 3831 in
2009 3776 2219 3833 ruinam
2249 3776 2425 3846 posita
2457 3784 2621 3847 atque
2649 3774 2926 3838 confracta
2949 3778 3247 3845 videretur,
3271 3775 3368 3832 Dei
3399 3786 3690 3837 annuente
3718 3778 3825 3833 cle-

672 3868 897 3933 mentia,
929 3882 961 3923 a
986 3866 1354 3923 fundamentis
1374 3867 1429 3923 in
1459 3866 1739 3923 meliorem
1762 3874 1824 3924 ut
1846 3867 1976 3924 olim
2002 3867 2181 3925 fuerat
2206 3875 2407 3929 statum
2454 3868 2668 3931 noviter
2692 3867 3040 3931 restauravit.
3097 3866 3234 3927 Nam
3260 3876 3316 3922 et
3346 3866 3643 3925 basilicam
3677 3869 3823 3927 beati

661 3938 895 4014 ἰῗιῖιηαιιί
923 3959 1202 4030 martyris,
1231 3974 1353 4029 quae
1373 3974 1480 4015 non
1507 3959 1665 4031 longe
1690 3957 1760 4015 ab
1811 3958 1961 4016 Urbe
2010 3958 2147 4017 foris
2200 3966 2358 4030 porta
2393 3957 2603 4019 Salaria
2642 3960 2747 4017 sita
2775 3967 2884 4027 est,
2911 3974 2943 4019 a
2968 3958 3337 4019 fundamentis
3360 3960 3623 4031 perfecit,
3656 3977 3823 4031 quam

665 4051 831 4107 etiam
863 4051 1017 4108 titulo
1041 4062 1353 4109 sanctorum
1374 4050 1618 4109 Silvestri
1648 4060 1705 4108 et
1735 4050 1953 4109 Martini
1993 4050 2307 4122 parochiam
2335 4065 2458 4111 esse
2514 4051 2776 4117 decrevit.
2830 4050 2986 4113 Fecit
3011 4061 3193 4113 autem
3235 4060 3291 4108 et
3314 4052 3610 4111 basilicam
3642 4056 3819 4109 sancti

670 4140 941 4199 Theodori
964 4144 1239 4215 martyris,
1257 4160 1380 4215 quae
1402 4145 1459 4199 in
1482 4144 1717 4201 Coi-anis
1733 4144 1951 4201 videtur
1971 4144 2170 4201 ﬁnibus
2195 4144 2374 4214 posita
2402 4140 2656 4205 milliaria
2678 4145 2750 4205 ab
2771 4146 2905 4207 urbe
2934 4143 3105 4210 Boius
3135 4145 3435 4218 trigesimo.
3456 4161 3633 4218 uitam
3652 4149 3818 4204 etiam

559 4234 630 4290 ιδ
668 4235 948 4305 splendide
974 4235 1200 4305 picturis
1226 4235 1558 4308 fulgentibus
1576 4237 1876 4293 decoravit.
2606 4294 2611 4297 ,
2742 4276 2747 4281 ρ

743 4325 903 4397 49],
931 4325 1084 4382 Fecit
1104 4335 1288 4387 autem
1314 4327 1370 4383 in
1394 4328 1622 4386 basilica
1648 4328 1792 4385 beati
1818 4326 1969 4388 Petri
1997 4328 2231 4399 apostoli
2256 4336 2465 4389 vestem
2486 4329 2558 4391 tie
2583 4331 2963 4404 chrysoclavo.
2987 4330 3280 4391 habentem
3318 4330 3378 4387 in
3404 4331 3603 4389 medio
3621 4333 3817 4395 Salu-

667 4419 803 4474 toris
825 4418 1074 4487 efﬁgiem,
1105 4428 1157 4472 et
1185 4420 1378 4474 dextra
1423 4420 1661 4489 laevaque
1690 4418 1807 4487 ejus
1845 4421 2085 4475 omnium
2115 4428 2433 4481 sanctorum
2458 4423 2826 4492 apostolorum
2861 4423 3151 4485 rutilantes
3182 4426 3408 4497 figuras.
3438 4444 3620 4498 quam
3652 4432 3815 4486 etiam

663 4509 1073 4582 pretiosissimis
1111 4513 1340 4582 gemmis
1366 4511 1603 4582 prasinis
1628 4522 1683 4571 et
1708 4512 2080 4584 hyaeinthinis
2102 4514 2439 4583 perornavit.
2470 4515 2641 4585 Igitur
2662 4530 3012 4587 autumare
3033 4527 3452 4579 causam
3474 4521 3605 4593 ipe
3632 4538 3665 4576 a
3706 4522 3816 4577 Deo

663 4608 942 4672 protectus
970 4610 1027 4658 et
1053 4602 1402 4659 beatissimus
1427 4617 1587 4673 papa,
1632 4604 1721 4675 pia
1751 4605 2039 4680 devotione
2067 4604 2333 4665 sollicitus
2368 4622 2470 4678 pro
2494 4608 2845 4669 desiderabili
2866 4610 3160 4671 dilectione
3196 4623 3523 4675 sanctorum
3563 4614 3812 4674 Sihestn‘

591 4693 629 4752 ὅ
663 4700 721 4751 et
771 4694 989 4753 Martini
1036 4695 1345 4762 ecclesiam,
1398 4710 1521 4766 quas
1544 4706 1733 4755 saneto
1754 4713 1947 4763 eorum
1996 4696 2176 4759 fuerat
2216 4700 2423 4765 nomini
2469 4712 2807 4771 camerata,
2833 4718 3001 4776 quam
3026 4704 3099 4763 ab
3143 4706 3374 4767 exordio
3392 4708 3695 4765 sareukstii
3730 4710 3811 4764 sui

665 4803 947 4860 usquequo
975 4791 1045 4845 ad
1084 4787 1431 4861 pontificatus
1458 4788 1671 4847 culmen
1711 4791 1977 4849 deductus
2021 4802 2107 4848 est
2135 4800 2357 4857 strenue
2387 4795 2736 4864 gubernavit,
2761 4804 2817 4857 et
2838 4812 2939 4867 per
2962 4798 3165 4861 olitana
3194 4811 3444 4874 tenipora
3471 4804 3694 4863 defecta
3722 4824 3812 4862 re-

664 4893 868 4941 tustate
920 4894 1232 4943 macuerat
1260 4884 1538 4953 ruinisque
1567 4882 1847 4941 confracta
1883 4885 1973 4941 diu
2020 4884 2327 4955 antiquitus
2348 4884 2587 4947 lacerata
2632 4890 2909 4956 manebat,
2955 4891 3051 4951 Dei
3098 4905 3374 4953 annuente
3396 4896 3726 4962 clementia.
3755 4902 3807 4954 in

641 4977 949 5036 .meliorem
976 4977 1447 5048 pulchriorcmque
1467 4982 1666 5033 statqu
1698 4990 1730 5032 a
1775 4972 2138 5035 fundamentis
2167 4973 2417 5046 perfecit.
2449 4975 2709 5039 Absidam
2743 4993 2959 5051 quoque
2996 4981 3173 5055 ipsius
3223 4984 3409 5047 augis
3437 4987 3663 5049 may.
3689 5002 3812 5057 ρετ-

666 5076 783 5135 fuso
815 5075 1093 5135 coloribus
1136 5071 1340 5144 ingenti
1365 5084 1551 5131 amore
1587 5069 1851 5138 depinxit.
1884 5068 1950 5129 Et
1979 5070 2047 5127 ad
2086 5070 2351 5129 honorem
2379 5071 2768 5143 omnipotentis
2800 5073 2917 5143 Dei,
2952 5073 3306 5147 eiusdemque
3347 5076 3661 5137 beatissimi
3706 5079 3811 5133 Sil-

555 5173 625 5230 io
657 5172 823 5228 vestri
850 5167 1119 5240 praesulis,
1148 5181 1345 5237 corpus
1367 5176 1491 5221 cum
1532 5161 1854 5223 beatissimo
1884 5162 2129 5229 Fabiano
2158 5171 2323 5235 atque
2345 5162 2651 5235 Stephano.
2672 5175 2729 5227 et
2754 5165 2948 5227 Sotere
2966 5168 3303 5239 martyribus
3330 5182 3394 5224 ac
3421 5168 3804 5238 pontiﬁcibus,

663 5264 931 5334 simulque
955 5260 1170 5321 Asterie
1196 5269 1434 5328 martyre
1447 5271 1572 5314 cum
1594 5255 1963 5315 summissim
1994 5253 2257 5325 filiacjus.
2284 5265 2582 5327 sanctoque
2600 5255 2835 5330 Cyriaeo
2854 5268 2908 5319 et
2936 5259 3149 5327 Mauro,
3176 5261 3355 5333 Largo
3377 5271 3437 5319 et
3470 5261 3802 5334 suamgdo.

662 5367 826 5427 atque
870 5352 1160 5410 Anastasio
1198 5357 1254 5407 et
1294 5349 1612 5408 lamentis»
1637 5346 2006 5418 pontificibus,
2037 5363 2144 5407 una
2184 5364 2305 5410 om
2332 5360 2531 5411 sancto
2554 5349 2786 5417 Quirino
2805 5367 2881 5414 ae
2904 5351 3087 5413 Leone
3106 5355 3405 5425 episcopis,
3450 5356 3673 5426 parita-
3702 5356 3803 5409 Ar-

657 5445 882 5507 themio,
914 5435 1619 5505 Nicandro,Cresoeutiano
1646 5437 1998 5510 martyribus,
2029 5454 2157 5505 eum
2191 5440 2391 5509 quibus
2430 5440 2587 5503 beata
2635 5439 2831 5505 sonere
2856 5452 3024 5515 “quo
3068 5444 3321 5511 puum,
3352 5460 3573 5506 ηεαιοι,
3632 5446 3801 5507 μευ.-

658 5538 788 5603 mia,
827 5534 1042 5591 Iuliana
1079 5541 1135 5589 et
1176 5530 1427 5597 Quirilla,
1458 5528 1775 5600 Tlteopiste,
1808 5527 2008 5599 Sophia
2039 5529 2342 5600 virginibus
2385 5540 2551 5607 atque
2602 5532 2957 5605 martyribus,
2985 5545 3045 5593 et
3084 5535 3246 5595 beata
3298 5536 3559 5605 Quiriaca
3618 5538 3798 5600 vidua,

552 5633 622 5688 lit
658 5645 779 5687 cum
803 5629 926 5684 aliis
951 5627 1133 5683 multis
1155 5638 1389 5696 quorum
1420 5622 1637 5679 nomina
1665 5621 1779 5679 Deo
1800 5620 1903 5682 soli
1949 5629 2079 5679 sunt
2100 5623 2335 5694 cognita,
2362 5632 2627 5697 utrosque
2652 5625 2753 5687 sub
2790 5641 2949 5687 sacro
2978 5628 3139 5693 altari
3177 5629 3443 5693 dedicans
3484 5630 3793 5693 collocavit.

725 5719 890 5789 ωε
920 5717 1017 5773 His
1057 5717 1225 5786 igitur
1266 5702 1555 5784 magnifice
1588 5712 1846 5783 peractis,
1889 5712 2128 5783 gratanti
2158 5715 2342 5779 animo
2380 5724 2668 5789 menteque
2707 5717 2943 5778 sollicita
2977 5720 3176 5779 obtulit
3213 5722 3266 5778 in
3316 5721 3515 5785 eadem
3559 5721 3792 5779 ecclesia

663 5814 973 5883 perenniter
999 5814 1116 5869 haec
1146 5811 1512 5881 permanentia
1545 5828 1561 5869 :
1603 5808 1851 5880 Regnum
1900 5825 2122 5871 aureum
2161 5809 2322 5872 valde
2363 5809 2818 5882 pretiosissimum
2857 5827 2985 5877 cum
3011 5811 3243 5885 gemmis
3268 5811 3537 5889 prasiuis,
3570 5810 3792 5886 hyacin-

1591 5938 1858 5983 ποτ-σιμ
1901 5939 2097 5983 MAN!
2110 5939 2309 5985 RALES
2362 5938 2703 5985 ΡΑΠΙΟἸἽΊ.

591 6028 615 6055 ι
644 6013 864 6068 Plotina
893 6014 948 6067 in
986 6014 1187 6085 Sergio.
1262 6018 1292 6057 Β
1331 6016 1490 6071 Forte
1511 6018 1765 6089 Gargani.
