4004 6324
180 415 318 478 ἲωό
962 417 1284 480 HISTORIA
1323 421 1414 480 DE
1453 423 1634 482 VITIS
1673 425 1761 482 ΒΟ

1881 425 2089 484 ΡΟΝΤ.
2123 459 2194 470 -
2230 426 2290 484 S.
2339 426 2474 485 LEO
2511 427 2597 484 IV.
3234 486 3235 489 η
3269 433 3287 439 ’“
3325 426 3455 486 1306

323 541 429 589 test
443 544 491 598 ο,
509 533 587 588 sic
604 546 778 604 neque
789 532 947 601 hujus
961 549 1144 591 rumor
1156 539 1481 596 sanctissimi
1498 541 1596 594 viri
1613 541 1701 596 diu
1718 541 1964 598 occultus
1976 542 2212 598 existere
2229 543 2424 613 potuit.
2443 542 2608 597 Fama
2626 543 2908 609 illius,sive
2927 546 3236 601 sanctitatis
3247 547 3456 618 Opinio,

217 629 288 685 {5
322 630 428 685 huc
457 628 586 683 illuc
607 627 726 683 luce
754 628 957 687 clarius
992 632 1262 706 divulgata
1306 645 1409 702 est,
1459 646 1623 706 atque
1654 638 1943 694 nmltorum
1977 640 2238 698 relatione
2283 641 2520 698 fidelium
2547 641 2613 696 ad
2641 656 2801 696 aures
2828 640 3160 710 pontificalis
3187 641 3458 710 (utendam

322 721 625 779 beatissimi
653 721 832 780 Patris
859 732 912 780 et
943 738 1094 794 papze
1122 723 1369 796 Gregorii
1403 742 1527 781 mox
1557 726 1752 783 festino
1785 729 1956 786 relatu
1985 733 2246 799 occurrit,
2278 734 2363 788 cui
2391 749 2516 788 cum
2542 741 2704 788 tanta:
2732 732 2923 787 fuisset
2953 733 3228 788 castitatis
3259 734 3464 804 digna:-

323 832 436 887 que
457 815 890 872 conversationis
920 817 1290 887 magisterium
1323 827 1657 884 enarratum,
1683 821 1824 876 illico
1859 837 1982 879 eum
2006 839 2070 880 ex
2105 827 2433 882 monasterio
2463 841 2571 896 quo
2605 825 2693 896 pie
2721 821 2949 894 degebat
2974 823 3124 881 exire
3155 821 3352 893 iubens
3395 824 3462 877 ad

323 918 528 964 Sanctae
555 908 746 964 matris
774 906 1029 964 Ecclesia:
1060 907 1322 978 gremium
1361 909 1637 978 perduxit,
1667 921 1831 982 atque
1859 921 1919 967 ut
1945 914 1997 969 in
2027 929 2126 971 suo
2151 931 2366 988 semper
2395 916 2620 973 servitio
2652 912 2988 970 familiariter
3011 923 3376 985 permaneret,
3407 915 3460 970 in

319 1000 678 1056 Lateranensi
703 1000 1041 1072 patriarchio
1065 1013 1186 1057 esse
1211 1001 1486 1072 prmcepit.

392 1092 556 1166 595
591 1092 993 1148 Subdiaconum
1022 1107 1240 1163 quoque
1265 1107 1389 1147 eum
1420 1093 1491 1149 ob
1529 1109 1642 1148 sure
1681 1093 1882 1152 famam
1924 1096 2050 1152 vitae
2097 1096 2382 1154 laudabilis
2424 1097 2576 1154 fecit.
2617 1096 2720 1164 Qui
2765 1105 2946 1152 tamen
2989 1097 3238 1167 quamvis
3283 1096 3461 1153 locutn

319 1191 579 1247 mutaret,
607 1183 692 1237 vel
718 1183 988 1249 ordinem,
1029 1191 1209 1239 tamen
1245 1185 1413 1239 vitam
1447 1199 1735 1255 moresque
1762 1202 1889 1243 suos
1918 1187 2040 1259 plus
2061 1206 2226 1259 quam
2251 1191 2402 1260 prius
2429 1191 2482 1246 in
2502 1189 2701 1247 summi
2729 1187 3009 1245 Creatoris
3038 1188 3209 1244 nostri
3239 1188 3464 1244 servitio

324 1279 652 1351 regulariter
673 1276 1023 1343 constrinxit,
1044 1277 1311 1347 bonisque
1337 1277 1720 1349 multiplicavit
1743 1281 2022 1350 operibus.
2054 1280 2318 1338 Defuncto
2347 1293 2528 1339 autem
2559 1282 2719 1352 hujus
2747 1279 3132 1335 sacratissima:
3161 1279 3306 1334 sedis
3331 1293 3464 1349 papa

324 1367 608 1443 Gregorio,
644 1379 773 1426 tunc
799 1367 1023 1440 Sergius
1051 1368 1486 1440 archipresbyter
1513 1380 1712 1425 sanctae
1745 1370 2005 1427 Romanze
2030 1372 2288 1430 Ecclesia:
2316 1373 2510 1444 praesul
2533 1373 2775 1440 effectus,
2797 1375 2963 1441 hunc,
2996 1375 3063 1430 de
3087 1390 3195 1445 quo
3217 1373 3468 1445 superius

252 1463 289 1521 ll
319 1463 577 1524 Iunnnlla
629 1463 934 1528 retulimus,
974 1461 1212 1517 Leonem
1257 1460 1510 1517 videlicet
1559 1463 1935 1539 beatissimum
1985 1459 2200 1532 pa'pam,
2251 1465 2624 1537 presbyterum
2657 1465 3020 1531 consecravit,
3062 1464 3223 1535 eique
3252 1463 3465 1518 titulum

315 1563 623 1612 sanctorum
655 1561 887 1624 quatuor
917 1549 1315 1606 Coronatorum
1344 1552 1572 1624 largitus
1601 1564 1708 1634 est;
1741 1552 1798 1608 ln
1830 1567 1938 1625 quo
1965 1554 2094 1609 dum
2136 1554 2293 1610 bonis
2317 1555 2546 1626 polleret
2583 1557 2844 1620 moribus,
2880 1556 3063 1628 ibique
3098 1555 3469 1627 indigentibus

327 1645 632 1701 necessaria
663 1645 1022 1711 ministraret,
1055 1645 1370 1716 peregrinos
1392 1661 1458 1700 ac
1483 1660 1773 1717 pauperes,
1806 1647 2097 1717 minusque
2120 1647 2382 1704 habentes
2412 1665 2518 1704 non
2564 1648 2740 1705 solum
2772 1650 2961 1713 verbo,
3005 1649 3114 1703 imo
3147 1648 3311 1703 etiam
3337 1663 3464 1702 cor-

323 1737 600 1808 poralibus
625 1737 899 1794 alintoniis
928 1737 1220 1801 refoveret,
1268 1740 1315 1794 is
1355 1740 1445 1810 qui
1475 1747 1605 1796 tunc
1646 1750 1875 1810 praeerat
1922 1741 2144 1813 Sergius
2191 1741 2452 1797 Romanae
2491 1743 2636 1799 sedis
2671 1743 2899 1799 antistes
2943 1758 3010 1798 ex
3056 1742 3310 1814 praesenti
3357 1743 3468 1797 vita

325 1827 635 1888 subtractus
663 1841 773 1898 est,
797 1833 898 1887 sub
920 1828 1071 1899 cujus
1096 1830 1259 1885 etiam
1290 1839 1533 1902 tempore
1573 1830 1818 1886 ecclesiae
1849 1832 2288 1889 beatissimorum
2315 1835 2622 1906 principum
2664 1833 2808 1892 Petri
2839 1843 2895 1890 et
2927 1833 3076 1891 Pauli
3106 1851 3137 1890 a
3179 1830 3472 1890 Saracenis

207 1909 286 1988 Ν
322 1917 561 1979 funditus
586 1923 908 1994 deprzedatm
929 1929 1077 1976 sunt.

391 2009 561 2086 ωε
596 2013 731 2082 Quia
762 2013 925 2086 igitur
947 2012 1257 2069 calamitate
1281 2012 1395 2067 sive
1416 2011 1635 2068 miseria
1664 2014 1844 2068 otnnis
1875 2013 2242 2070 Romanorum
2272 2015 2428 2084 vigor
2451 2015 2726 2088 elanguit,
2758 2027 2922 2091 atque
2946 2020 3216 2076 contritus
3251 2026 3334 2074 est
3359 2018 3465 2074 hoc

304 2105 493 2170 facto,
525 2107 780 2162 universa
810 2107 1001 2162 concio
1030 2105 1401 2160 Romanorum
1427 2117 1492 2158 ex
1524 2103 1736 2158 duobus
1759 2105 1982 2160 casibus
2011 2105 2094 2160 vel
2128 2104 2404 2175 periculis,
2434 2105 2685 2163 videlicet
2714 2109 2780 2166 de
2814 2113 3097 2183 repentina
3134 2120 3312 2167 morte
3338 2125 3474 2181 pou-

329 2193 508 2258 tificis,
534 2204 589 2249 et
613 2195 985 2252 devastatione
1011 2210 1132 2266 qua:
1163 2192 1306 2248 facta
1351 2190 1530 2248 fuerat
1569 2193 1622 2248 in
1665 2193 1910 2250 ccclesiis
1945 2197 2181 2262 sanctis,
2209 2206 2642 2267 cuuctorumque
2686 2198 2886 2258 finibus
2909 2203 3299 2266 Romanorum,
3331 2202 3471 2255 fate-

322 2287 482 2346 batur
535 2303 595 2345 se
642 2288 954 2346 nullatenus
997 2289 1227 2346 evadere
1271 2291 1464 2347 mortis
1493 2291 1794 2363 periculum
1823 2309 2004 2365 posse.
2045 2291 2293 2364 Cumque
2327 2294 2442 2364 pari
2486 2292 2778 2350 devotione
2815 2295 3199 2363 communique
3246 2292 3474 2348 consilio

256 2375 291 2431 5
326 2377 566 2433 universi
597 2377 828 2433 Romani
860 2392 1115 2448 proceres
1138 2381 1205 2434 de
1229 2380 1412 2435 futuro
1435 2381 1739 2452 cogitarent
1763 2382 2043 2453 pontifice,
2074 2391 2134 2437 nt
2154 2383 2281 2454 quis
2311 2392 2456 2438 esset
2483 2384 2575 2454 qui
2617 2393 2724 2440 tam
2754 2393 3001 2439 sanctum
3026 2394 3080 2440 et
3109 2383 3472 2440 inviolabilem

320 2465 497 2524 locum
523 2483 649 2524 cum
688 2469 1081 2541 omnipotentis
1122 2470 1217 2528 Dei
1250 2472 1446 2529 timore
1475 2487 1666 2547 regere
1695 2474 1774 2530 vel
1803 2475 2110 2546 gubernare
2143 2476 2442 2548 potuisset,
2472 2475 2765 2532 confestim
2804 2473 2951 2531 fama
2990 2474 3292 2531 beatissimi
3329 2491 3472 2546 pra:-

323 2560 477 2624 sulis.
511 2561 672 2618 simul
695 2569 752 2618 et
780 2561 1059 2628 meritum,
1090 2561 1159 2616 ab
1188 2563 1442 2618 omnibus
1472 2565 1742 2635 patefacta
1768 2577 1850 2624 est
1869 2610 1884 2634 ,
1911 2577 2190 2640 totamque
2221 2584 2318 2641 per
2345 2568 2537 2626 urbem
2566 2567 2759 2626 diffusa
2790 2584 2805 2623 :
2848 2567 3079 2624 necdum
3119 2569 3265 2625 enim
3295 2567 3342 2624 is
3378 2568 3473 2638 qui

323 2654 532 2710 obierat
560 2656 806 2727 pontifex
827 2655 895 2711 ad
920 2652 1258 2724 sepulturam
1286 2654 1524 2711 debitam
1555 2657 1735 2713 fuerat
1766 2658 2104 2728 deportatus.
2405 2677 2408 2680 '
2695 2735 2697 2737 ι

394 2740 558 2814 49⁵1
598 2743 666 2798 Et
699 2758 828 2801 ecce
859 2761 1053 2803 omnes
1089 2762 1120 2802 a
1150 2748 1446 2804 novissimo
1474 2765 1646 2822 usque
1683 2754 1750 2807 ad
1789 2753 2023 2823 prinmm
2062 2769 2167 2809 una
2217 2769 2372 2819 voce,
2417 2770 2525 2811 una
2575 2752 2843 2824 simulque
2891 2753 3183 2809 concordia
3237 2753 3472 2809 Leonem

324 2835 691 2896 venerabilem
715 2838 1094 2909 presbyterum
1121 2839 1225 2895 sibi
1265 2839 1506 2896 futurum
1535 2843 1845 2912 pontificem
1889 2842 2224 2914 flagitabant.
2262 2845 2330 2900 Et
2357 2845 2498 2916 quod
2533 2843 2742 2900 nullum
2772 2859 2939 2916 super
2971 2860 3029 2900 se
3066 2845 3230 2901 alium
3267 2845 3476 2902 habere

327 2925 528 2982 vellent
552 2928 863 3000 praesulem,
895 2931 999 2986 nisi
1027 2930 1172 2988 hunc
1201 2932 1268 2987 de
1298 2947 1406 3004 quo
1443 2935 1637 2990 crebro
1663 2935 1867 2992 dictum
1904 2945 2023 2994 est.
2066 2937 2252 2992 multis
2288 2935 2757 3008 coniurationibus
2795 2951 2859 2991 ac
2891 2934 3117 2992 vocibus
3143 2935 3471 2992 fatebantur.

325 3015 567 3085 Quorum
606 3021 989 3076 incunctanter
1015 3023 1260 3105 omnium
1301 3027 1574 3084 credimus
1613 3029 1780 3084 corda
1820 3030 1888 3085 ad
1930 3031 2075 3086 hunc
2108 3032 2470 3101 expetendum
2496 3045 2604 3086 non
2632 3028 2804 3092 aliud,
2841 3027 2944 3082 nisi
2974 3041 3128 3081 amor
3147 3024 3386 3091 divinus,
3420 3035 3477 3080 et

256 3109 291 3165 5
325 3111 520 3168 divinae
549 3113 767 3170 virtutis
800 3115 1161 3175 inflammavit
1191 3128 1248 3174 et
1275 3121 1451 3176 univit
1491 3122 1805 3180 clementia.
1844 3124 2000 3183 Tunc
2039 3140 2253 3189 omnes,
2296 3132 2356 3179 ut
2395 3123 2645 3201 superius
2684 3123 2999 3178 adnotatum
3041 3128 3147 3184 est,
3188 3127 3476 3191 pergentes

325 3218 451 3259 cunt
477 3206 674 3276 gaudio
712 3207 1006 3280 multasque
1033 3211 1311 3290 aviditatis
1343 3213 1527 3270 laetitia
1556 3215 1621 3269 ad
1647 3216 1957 3282 ecclesiam.
1989 3218 2041 3273 in
2067 3234 2174 3289 qua
2200 3219 2450 3290 degebat,
2479 3219 2764 3274 beatorum
2795 3226 3031 3286 quatuor
3057 3215 3477 3282 Coronatorum,

327 3309 449 3351 eum
480 3305 729 3353 coactum
776 3299 1118 3374 invitumque
1144 3305 1341 3362 exinde
1384 3308 1766 3365 abstrahenies
1809 3325 1934 3367 cum
1982 3311 2203 3382 hymnis
2253 3311 2612 3382 laudibusque
2659 3311 2950 3381 praecipuis
2993 3311 3061 3366 ad
3106 3310 3477 3366 Lateranense

323 3387 718 3459 patriarchium
760 3392 1175 3462 perduxerunt:
1213 3398 1308 3470 qui
1341 3414 1553 3456 morem
1595 3410 1984 3457 conservantes
2026 3401 2335 3472 antiquum,
2380 3416 2573 3456 omnes
2601 3401 2834 3456 osculati
2873 3410 3001 3456 sunt
3041 3401 3226 3471 pedes.
3261 3399 3476 3468 Quanta

331 3491 514 3542 autem
563 3483 618 3539 in
647 3485 766 3556 ejus
787 3489 1083 3558 pontificali
1106 3492 1374 3548 electione
1402 3494 1689 3549 concordia
1719 3493 1804 3550 vel
1837 3494 2171 3550 unanimitas
2201 3492 2389 3558 fuerit,
2420 3492 2601 3550 nullus
2633 3491 2874 3548 breviter
2911 3503 3170 3547 enarrare
3196 3489 3477 3546 hominum

220 3572 293 3630 10
326 3584 524 3648 potest.
553 3573 692 3643 Quid
738 3588 918 3635 autem
948 3579 1232 3636 electionis
1259 3596 1371 3636 sua:
1405 3590 1648 3652 tempore
1695 3582 2068 3654 apostolorum
2115 3581 2417 3655 suffragiis,
2465 3583 2690 3653 suisque
2736 3582 2946 3638 sanctis
2993 3580 3481 3637 intervenientibus

328 3665 586 3738 precibus
609 3669 675 3725 de
700 3665 1000 3727 Saracenis
1033 3671 1164 3738 illis,
1198 3672 1296 3744 qui
1331 3680 1444 3730 tam
1484 3673 1760 3732 nefarium
1786 3675 1966 3732 scelus
1993 3677 2410 3743 commiserunt,
2435 3677 2619 3734 divina
2645 3676 2820 3732 virtus
2843 3676 3138 3749 peregerit,
3163 3677 3266 3732 hoc
3291 3677 3482 3731 iocon~

327 3761 550 3818 veniens
572 3770 667 3818 aut
695 3764 1122 3834 reprehensibile
1149 3779 1258 3821 non
1292 3773 1378 3821 est
1403 3767 1522 3822 sive
1560 3767 1632 3822 ob
1665 3764 1969 3823 futurorum
2012 3767 2128 3823 sive
2159 3767 2414 3825 timorem
2455 3769 2570 3823 sive
2598 3767 2944 3831 memoriam,
2993 3765 3352 3837 praesentibus
3393 3765 3480 3819 lit-

329 3854 460 3910 teris
493 3856 776 3912 adnotare.
805 3857 1009 3914 Omnes
1032 3858 1178 3914 enim
1199 3873 1324 3914 cum
1350 3857 1570 3925 vellent,
1596 3859 1901 3930 iniquitatis
1926 3867 1998 3925 ac
2025 3858 2446 3930 depraedationis
2473 3858 2682 3913 scelere
2705 3863 3041 3928 perpetrato,
3076 3854 3141 3908 ad
3163 3851 3480 3908 Africanam

330 3961 439 4016 qua
472 3956 736 4004 venerant
771 3951 1050 4022 regionem
1080 3959 1358 4008 revertere
1373 3951 1429 4018 δ,
1451 3960 1609 4008 vasto
1637 3952 1806 4009 maris
1839 3951 2032 4024 pelago
2063 3953 2115 4008 vi
2140 3959 2427 4008 ventorum
2458 3948 2951 4022 procellarumque,
2982 3945 3122 4000 sicut
3147 3951 3300 3998 certa
3338 3941 3481 3997 rela-

221 4037 292 4093 15
328 4038 474 4094 tione
499 4040 873 4111 cognovimus,
902 4041 1016 4097 Deo
1059 4037 1434 4112 permittente,
1479 4041 1718 4097 demersi
1765 4050 1916 4108 sunt,
1948 4041 2342 4112 antiquumque
2389 4038 2520 4094 illud
2565 4037 2946 4111 Egyptiorum
2990 4033 3310 4091 miraculum
3354 4047 3482 4090 ecce

326 4113 543 4186 noviter
570 4131 938 4203 apostolorum
989 4135 1192 4190 meruit
1228 4135 1410 4191 oratio
1454 4133 1726 4191 obtinere.
1773 4132 2010 4189 Romani
2048 4146 2285 4203 quoque,
2322 4139 2383 4186 ut
2431 4129 2694 4194 diximus,
2741 4127 2865 4183 novi
2901 4125 3169 4182 electione
3209 4121 3484 4196 pontificis

329 4222 752 4290 congatulentes,
776 4232 1060 4294 coeperunt
1093 4225 1293 4280 iterum
1325 4240 1434 4282 non
1467 4225 1821 4282 mediocriter
1864 4224 2182 4280 constritari
2207 4264 2222 4290 ,
2275 4240 2341 4280 eo
2386 4222 2530 4294 quod
2572 4221 2693 4276 sine
2735 4215 3006 4290 imperiali
3051 4232 3158 4272 non
3212 4213 3486 4270 audebant

332 4314 661 4369 auctoritate
708 4313 951 4370 futurum
1001 4327 1328 4374 consecrare
1388 4316 1726 4388 pontificem,
1773 4315 2184 4388 periculumque
2228 4306 2502 4372 Romana!
2537 4313 2692 4370 urbis
2748 4310 2986 4366 maxime
3029 4308 3364 4372 metuebant,
3416 4321 3485 4360 ne

331 4400 529 4457 iterum
561 4410 622 4458 ut
650 4404 782 4460 olim
814 4404 937 4460 aliis
970 4403 1038 4459 ab
1078 4404 1328 4462 hostibus
1371 4405 1568 4463 fuisset
1604 4408 1852 4466 obsessa.
1882 4407 1995 4464 Hoc
2028 4409 2226 4465 timore
2256 4417 2316 4464 et
2349 4406 2536 4464 futuro
2567 4419 2702 4464 casu
2727 4399 3032 4476 perterriti,
3065 4413 3191 4454 eum
3224 4398 3344 4453 sine
3369 4413 3485 4468 per-

215 4490 297 4547 20
333 4491 498 4548 missu
525 4494 790 4565 principis
813 4492 1098 4565 praesulem
1126 4509 1626 4568 consecraverunt,
1653 4501 1815 4558 fidem
1846 4516 2062 4573 quoque
2098 4501 2243 4556 illius
2273 4501 2391 4557 sive
2420 4500 2681 4556 honorem
2711 4503 2837 4568 post
2872 4492 3042 4548 Deum
3077 4504 3176 4561 per
3205 4487 3388 4544 omnia
3429 4493 3487 4542 et

336 4581 390 4638 in
419 4585 676 4641 omnibus
704 4600 1113 4648 conservantes.

399 4675 570 4750 5.98
604 4677 723 4734 Jam
748 4683 875 4752 quia
912 4682 1181 4740 humanus
1218 4685 1538 4740 existimare
1567 4699 1672 4739 non
1703 4677 1900 4739 sufﬁcit
1933 4683 2162 4750 arbiter,
2200 4697 2302 4738 nec
2342 4697 2406 4738 os
2433 4681 2640 4739 referre
2667 4689 2945 4752 praevalet,
2975 4677 3208 4749 quantc'
3222 4675 3486 4734 bonitatis

336 4783 401 4824 ac
430 4769 648 4838 pietatis
676 4771 764 4827 bic
797 4773 1144 4830 beatissimus
1163 4775 1374 4830 exstitit
1401 4774 1664 4846 pontifex,
1693 4774 1979 4830 redeamus
2007 4772 2076 4828 ad
2105 4787 2170 4828 ea
2199 4786 2320 4842 quae
2351 4771 2523 4827 fretus
2551 4771 2647 4827 Dei
2675 4787 2863 4827 amore
2893 4779 3212 4827 sanctorum
3237 4767 3486 4824 ecclesiis

333 4867 553 4933 obtulit,
578 4875 636 4923 et
665 4883 708 4936 ai
725 4869 901 4939 primo
928 4865 1275 4938 pontificatus
1302 4868 1386 4923 sui
1413 4866 1639 4922 exordio
1659 4880 2002 4922 enarremus.
2036 4862 2136 4920 Hic
2164 4878 2294 4919 vero
2325 4861 2553 4935 insignis
2578 4871 2632 4919 et
2661 4863 2956 4934 praeclarus
2984 4859 3214 4917 antistes
3241 4873 3477 4930 superno

335 4972 521 5012 amore
546 4959 904 5014 exardescens
929 4956 1123 5014 obtulit
1143 4959 1198 5014 in
1216 4958 1450 5034 basilica
1479 4958 1624 5014 beati
1655 4955 1801 5013 Petri
1829 4956 2058 5028 apostoli
2089 4969 2347 5012 coronam
2373 4970 2443 5011 ex
2467 4963 2694 5027 argento
2715 4953 3010 5027 purissimo
3037 4967 3223 5017 unam,
3252 4965 3487 5023 pensan-

260 5050 302 5106 15
338 5059 446 5108 tem
467 5053 633 5110 libras
656 5053 846 5125 viginti
873 5062 929 5109 et
967 5058 1238 5121 quatuor;
1270 5049 1536 5122 gabatbas
1580 5048 1918 5108 interrasiles
1962 5049 2120 5114 duas,
2147 5062 2375 5118 pensan.
2420 5047 2587 5105 libras
2615 5047 2788 5113 duas;
2819 5045 2936 5101 vela
2965 5054 3220 5116 septem.,
3241 5042 3348 5097 duo
3367 5041 3487 5110 qui-

337 5144 461 5200 detn
511 5145 580 5200 de
625 5143 868 5208 fundato,
911 5153 966 5201 et
1010 5144 1116 5198 alia
1168 5143 1274 5198 duo
1311 5142 1389 5206 de,
1426 5142 1685 5208 stauraci,
1721 5149 1777 5198 et
1818 5141 1922 5197 tria
1967 5140 2034 5196 de
2069 5138 2341 5210 spanisco.
2391 5138 2598 5196 Obtulit
2634 5154 2765 5195 vero
2800 5136 3001 5192 ibidem
3031 5135 3102 5190 ad
3139 5132 3482 5205 splendorem

337 5243 396 5290 et
435 5234 665 5306 gloriam
707 5235 877 5308 ipsius
901 5233 1224 5290 venerandae
1250 5233 1490 5290 basilica:
1529 5232 1797 5290 cortintlm
1845 5232 2271 5289 Alexandrinam
2302 5232 2453 5288 mine
2504 5229 2924 5304 pulchritudinis
2965 5242 3148 5292 unam,
3191 5225 3484 5282 habentem

340 5328 622 5385 historiam
646 5343 914 5400 pavonum
954 5327 1284 5400 portantium
1311 5327 1542 5399 desuper
1571 5327 1841 5392 homines,
1871 5334 1927 5381 et
1945 5323 2107 5380 aliam
2135 5324 2423 5381 historiam
2464 5324 2772 5396 aquilarum
2807 5335 3182 5392 rotarumque,
3207 5328 3265 5375 et
3302 5319 3485 5374 avium

341 5433 468 5476 eum
492 5421 798 5477 arboribus.
819 5419 938 5492 Ipse
973 5435 1106 5475 vero
1124 5417 1376 5492 egregius
1400 5427 1457 5472 et
1486 5418 1940 5488 prudentissimus
1971 5433 2108 5489 papa
2130 5416 2328 5473 obtulit
2367 5416 2421 5472 in
2451 5415 2679 5474 basilica
2701 5425 3018 5472 sanctorum
3050 5420 3286 5499 quatuor
3310 5408 3488 5467 Coro-

229 5508 307 5567 10
342 5518 616 5574 natorum,
650 5510 704 5566 in
735 5525 841 5581 qua
883 5511 1173 5568 sacerdotii
1214 5510 1298 5567 sui
1342 5509 1700 5566 solertissime
1729 5509 1946 5566 functus
1969 5516 2056 5564 est
2093 5506 2351 5575 ndicium,
2386 5507 2627 5564 canistra
2663 5507 2730 5564 de
2760 5513 2986 5575 argento
3020 5502 3314 5576 purissimo
3357 5499 3486 5568 tria,

240 5652 246 5658 .
339 5604 550 5674 pensari
596 5600 880 5658 libras.....
907 5601 1266 5674 Aquamanile
1298 5600 1549 5657 similiter
1589 5601 1656 5657 de
1685 5610 1912 5671 argento
1931 5599 2292 5658 mundissimo
2317 5616 2418 5673 par
2438 5617 2626 5667 unum,
2655 5598 2919 5657 canthara
2947 5611 3069 5652 cum
3105 5593 3485 5668 thymiamate-

342 5694 448 5763 rio,
486 5693 553 5750 id.
587 5701 691 5756 est.
740 5707 967 5765 pensan.
999 5692 1282 5752 libras.....
1334 5691 1464 5749 Vela
1511 5693 1579 5749 de
1616 5691 1862 5760 fundato,
1911 5707 2033 5764 quae
2074 5693 2141 5748 ad
2180 5693 2413 5750 nitorem
2453 5693 2621 5764 ipsius
2665 5692 2722 5749 in
2768 5703 2899 5745 arcu
2944 5688 3197 5744 videntur
3242 5681 3488 5742 ecclesia

1060 5849 1145 5865 ,ω
1199 5848 1227 5862 θ
1283 5800 1551 5847 κοτυω
1595 5801 2000 5848 κιιιθιηλιιςε
2043 5799 2382 5844 ινΑιιιιοττι.

174 5955 204 5983 Γ
276 5896 306 5925 ι
337 5881 535 5942 παίω.
565 5897 622 5941 v.
649 5881 682 5925 δ
709 5879 955 5948 Reverti.
985 5945 997 5960 _
