4004 6324
149 560 308 627 4509
948 574 1276 645 ωετοωΑ
1310 584 1403 645 ac
1440 586 1623 646 vrus
1660 589 1730 648 at

1867 591 2075 651 MNT.
2110 618 2188 639 -
2216 594 2280 654 Β.
2318 590 2459 656 ιω
2486 596 2581 656 Π.
3300 597 3442 661 1310

308 693 589 795 gaudio
610 693 781 752 nimia
800 696 1164 795 delectatione
1183 705 1366 761 omnia
1395 719 1741 778 ornamenta,
1774 712 1888 769 sive
1912 710 2189 783 alimenta,
2221 732 2342 791 quae
2364 715 2489 773 inde
2510 715 2683 775 deleta
2716 716 2954 789 fuerant,
2985 721 3199 779 noviter
3224 739 3441 795 repara-

307 793 407 851 nt.
437 794 495 845 et
520 787 587 845 ad
617 803 777 888 Itst
800 792 1093 888 pristinum
1138 797 1425 868 magnifice
1476 804 1777 860 revocavit.
1838 803 2059 862 Necnon
2093 815 2147 864 et
2185 787 2402 864 crucem
2428 823 2495 864 ex
2522 824 2653 865 auro
2692 787 3004 885 purissimo,
3032 817 3258 888 gemmis
3281 787 3442 874 orna-

196 877 272 935 15
309 886 441 944 ιλιι»
465 895 631 949 quam
660 880 1016 955 Caroluspias
1056 890 1337 945 memoria
1376 890 1675 963 imperator
1703 894 2037 954 Francorum
2081 906 2137 955 et
2168 897 2537 956 Romanorum
2567 901 2621 956 in
2649 877 2876 964 basilica
2904 877 3202 964 Salvatoris
3228 908 3441 967 Domini

305 973 482 1028 Histri
499 970 627 1029 Jesu
652 973 857 1035 Christi
883 1017 899 1043 ,
928 991 1052 1049 qua
1083 979 1533 1040 Constantiniana
1584 997 1950 1061 nuncupatur,
2000 992 2336 1063 temporibus
2376 990 2558 1048 domui
2586 989 2784 1049 Leonis
2816 1005 3016 1053 sanctae
3049 999 3442 1059 recordationis

308 1067 453 1162 tertii
486 1083 637 1138 papm
659 1070 969 1162 obtulerat,
1012 1086 1133 1143 quas
1164 1088 1282 1130 mos
1322 1085 1440 1133 erat
1469 1085 1528 1133 ut
1572 1079 1626 1135 in
1655 1080 1858 1139 litaniis
1887 1088 2013 1138 ante
2039 1084 2470 1141 sacratissimum
2493 1079 2831 1159 'pontiflcem
2864 1088 2979 1161 ipsa
3010 1093 3359 1162 praecederet.
3385 1104 3444 1152 et

188 1196 221 1213 ,.
254 1210 261 1215 ,
304 1158 385 1261 sic
406 1160 711 1261 permansit
721 1176 903 1261 .usque
931 1163 999 1219 ad
1023 1172 1235 1261 tempus
1259 1177 1466 1225 sanetae
1489 1172 1883 1231 recordationis
1915 1174 2099 1231 domui
2121 1174 2400 1234 Paschalis
2424 1158 2595 1249 papae,
2630 1181 2774 1238 unde
2802 1158 3065 1247 diabolica
3096 1158 3443 1261 suggestione

303 1254 465 1316 atque
493 1248 845 1355 instigationis
872 1266 903 1307 a
936 1253 1097 1311 malis
1119 1264 1331 1355 extorta
1354 1266 1469 1355 est1
1503 1268 1558 1317 et
1610 1263 1976 1355 alatrouibus
2005 1275 2163 1322 nocte
2194 1266 2380 1323 furtim
2415 1248 2627 1337 ablata;
2672 1280 2726 1329 et
2752 1273 2931 1333 nullus
2959 1248 3442 1355 tleiucep-sprtede-

183 1338 267 1397 20
296 1355 602 1439 cessorum_
616 1343 935 1439 pontificum
962 1384 977 1411 ,
1027 1354 1137 1403 tam
1166 1350 1396 1407 domnus
1439 1351 1720 1411 Paschalis
1749 1370 1911 1427 quam
1941 1357 2172 1413 domnus
2198 1357 2472 1430 Eugenius
2496 1400 2510 1427 ,
2543 1360 2657 1417 sive
2698 1361 2928 1429 domnus
2956 1338 3297 1439 Valentinus,
3328 1374 3442 1430 sive

304 1433 536 1491 domnus
562 1434 879 1506 Gregorius,
907 1453 1121 1497 necnon
1165 1448 1227 1498 et‘
1270 1444 1503 1502 domnus
1538 1445 1762 1519 Sergius
1790 1450 2108 1506 recordatus
2151 1449 2252 1505 fuit
2281 1458 2340 1505 ut
2367 1464 2485 1506 eam
2521 1460 2855 1515 restauraret
2876 1470 2932 1517 et
2960 1462 3027 1518 ad
3056 1479 3212 1523 “sum
3238 1433 3443 1521 uincta,

306 1530 401 1584 Dei
433 1529 689 1634 iiomana:
998 1548 1282 1635 repararet
1306 1552 1335 1583 ι
1368 1556 1382 1597 :
1411 1542 1508 1600 sed
1535 1542 1707 1601 isdem
1736 1545 1997 1619 prxfatus
2022 1557 2077 1603 et
2109 1547 2433 1620 magniﬁcus
2460 1548 2653 1620 praesul
2684 1549 2811 1608 fecit
2853 1569 2922 1614 ex
2968 1574 3105 1619 auro
3128 1561 3440 1635 purissimo,

302 1623 538 1726 etmirm
563 1624 955 1726 magnitudinis
994 1632 1310 1726 margaritis
1355 1644 1412 1691 et
1451 1636 1681 1708 gemmis
1730 1637 2099 1711 hyacinthinis
2140 1639 2455 1717 ctprasinis
2482 1639 2685 1702 utiliter
2710 1650 2945 1719 ornavit,
2967 1660 3023 1713 et
3050 1623 3304 1715 aii-usum
3330 1623 3446 1726 pri;

215 1730 221 1759 ι
298 1719 502 1773 stinum
537 1729 742 1776 saniem
776 1722 871 1778 Dei
904 1722 1202 1783 Geultricis
1233 1728 1491 1787 Romana:
1510 1732 1772 1789 Ecclesiae
1801 1734 2029 1792 mirifice
2053 1738 2350 1794 decoravit.

238 1828 243 1843 ι
303 1900 317 1905 ἢ
574 1808 673 1867 llic
699 1827 832 1869 vero
854 1816 1162 1889 praecipuus
1188 1828 1243 1875 et
1273 1821 1500 1894 insignis
1524 1822 1721 1895 praesul
1753 1824 2055 1881 divinarum
2100 1825 2507 1898 Scripturarum
2553 1826 2604 1885 in
2631 1824 2858 1891 scientia
2901 1840 2957 1892 et
2986 1834 3288 1893 eruditione
3316 1849 3443 1905 pro-

302 1900 616 1999 laetissimus
647 1907 873 1999 exstitit
913 1909 1255 1978 praedicator,
1291 1913 1383 1983 qui
1426 1912 1570 1969 fama
1600 1924 1763 1972 tanta:
1810 1915 2163 1973 beatitudinis
2207 1927 2368 1991 atque
2395 1919 2703 1977 sanctitatis
2732 1922 2956 1990 claruit,
2988 1924 3126 1983 utin
3149 1900 3440 1999 conspectu

300 1995 543 2049 universi
570 1994 728 2052 istius
758 1997 813 2051 in
841 1996 1061 2056 Christo
1085 2000 1319 2060 fundata!
1343 2004 1599 2062 Ecclesia:
1633 2005 1813 2077 populi
1841 2007 2102 2063 miracula
2129 2016 2464 2082 operaretur.
2524 2008 2587 2065 in
2608 2000 2613 2007 ’
2632 2012 2809 2087 primo
2840 2015 3058 2089 quidem
3095 1994 3446 2086 pontificatus

300 2090 387 2145 sui
414 2105 558 2145 anno
575 2089 729 2160 juxta
761 2092 1042 2156 basilicam
1066 2096 1241 2155 beata;
1269 2099 1451 2158 Lucia:
1478 2102 1754 2173 martyris,
1786 2118 1908 2174 qua:
1935 2103 1987 2161 in
2012 2100 2228 2176 Orphea
2256 2104 2283 2145 ι)
2316 2104 2418 2160 sita
2442 2115 2556 2172 est,
2609 2105 2663 2161 in
2690 2105 3014 2182 quibusdam
3044 2109 3200 2165 tetris
3229 2108 3448 2167 abditis-

158 2176 163 2183 “
222 2183 267 2239 5
301 2197 405 2254 que
428 2184 688 2279 cavernis
704 2185 810 2241 diri
838 2193 1053 2259 generis
1081 2209 1327 2268 serpens,
1356 2198 1449 2270 qui
1477 2198 1765 2256 basiliscos
1794 2197 2001 2266 Graece,
2024 2197 2218 2255 Latine
2242 2199 2460 2275 regulus
2490 2176 2723 2265 dicitur;
2747 2212 2902 2261 ortus
2931 2209 3037 2264 est.
3069 2202 3160 2279 qui
3189 2200 3315 2269 flatu
3341 2217 3444 2261 suo

305 2277 594 2332 acvisione
614 2291 804 2335 omnes
834 2285 927 2350 qui
959 2285 1027 2342 ad
1049 2288 1268 2345 easdem
1295 2291 1663 2364 properabant
1690 2305 1953 2357 cavernas
1982 2290 2235 2348 celeriter
2267 2293 2522 2363 necabat,
2548 2294 2847 2372 mortisque
2878 2277 3127 2357 tradebat
3145 2294 3428 2368 periculo:

305 2374 377 2430 ita
406 2382 463 2428 ut
490 2390 679 2432 omnes
705 2386 896 2448 stupor
916 2393 981 2435 ac
1005 2374 1170 2436 timor
1200 2380 1499 2448 invaderet,
1537 2383 1808 2456 serpentis
1842 2385 2071 2445 virtutes
2098 2385 2360 2447 mirantes
2390 2394 2445 2445 et
2476 2384 2708 2445 cladem.
2751 2372 2754 2378 λ

378 2464 539 2540 504
575 2466 693 2541 ipse
741 2481 873 2525 vero
914 2468 1262 2530 beatissimus
1302 2484 1358 2531 et
1404 2477 1698 2547 praeclarus
1743 2476 1989 2554 pontifex
2032 2477 2183 2539 hanc
2209 2476 2389 2555 populi
2422 2492 2610 2539 necem
2660 2479 2884 2541 audiens
2912 2486 3076 2555 atque
3121 2478 3443 2551 perniciem,

300 2557 369 2612 ad
406 2558 682 2617 orationes
726 2572 786 2616 se
831 2563 1119 2633 convertit,
1168 2581 1289 2623 cum
1324 2564 1549 2637 jejuniis
1595 2568 1883 2625 Dominum
1929 2566 2205 2643 deprecari
2253 2584 2359 2626 non
2390 2584 2635 2640 cessans.
2675 2577 2737 2631 ut
2785 2569 2853 2631 ab
2902 2566 3209 2643 hujusumdi
3254 2583 3449 2627 omnes

302 2656 507 2709 interm
566 2654 840 2713 liberaret.
891 2659 1027 2714 Dum
1080 2658 1198 2715 hazc
1228 2669 1538 2731 agerentur,
1590 2658 1881 2737 praeclarus
1932 2668 1989 2717 et
2036 2660 2425 2721 celeberrimus
2452 2660 2567 2718 dies
2595 2660 2837 2727 advenit,
2890 2659 2945 2717 in
2992 2674 3101 2733 quo
3146 2659 3325 2717 beata:
3348 2659 3446 2717 Dei

302 2746 592 2806 Geuitricis
642 2764 963 2824 semperque
1035 2749 1276 2823 Virginis
1324 2750 1507 2807 Mariae
1568 2752 1867 2824 assumptio
1917 2750 2242 2809 celebratur.
2310 2750 2462 2810 Tunc
2510 2752 2770 2827 praefatus
2822 2756 2877 2811 et
2927 2747 3253 2811 universalis
3306 2765 3440 2820 papa

232 2838 266 2894 5
302 2855 332 2894 a
393 2843 727 2912 patriarchio
780 2859 902 2899 cum
954 2842 1175 2916 hymnis
1223 2851 1281 2901 et
1329 2843 1557 2900 canticis
1607 2843 1964 2915 spiritalibus,
2016 2852 2202 2904 sancta
2247 2845 2591 2923 praecedente
2632 2846 2808 2913 icoua.
2843 2843 2909 2899 ad
2940 2842 3221 2901 basilicam
3267 2842 3444 2912 sancti

300 2933 523 2990 Adriani
596 2938 852 3011 martyris
906 2937 1046 2993 sicut
1107 2952 1226 2993 mos
1274 2946 1358 2993 est
1405 2936 1643 3010 propriis
1696 2936 1925 3010 pedibus
1984 2954 2107 2995 cum
2161 2937 2309 2997 omni
2367 2937 2519 2997 clero
2568 2936 2829 3015 perrexit.
2885 2935 2962 3001 De
3014 2949 3121 3009 qua
3166 2949 3451 3011 regressus

301 3041 423 3081 cum
465 3029 608 3083 omni
656 3028 894 3084 ﬁdelium
951 3039 1096 3086 coetu
1147 3029 1215 3085 ad
1262 3027 1546 3086 basilicam
1590 3029 1765 3085 beata:
1819 3028 2112 3087 Genitricis
2161 3026 2258 3085 Dei
2305 3037 2360 3090 ct
2405 3026 2617 3087 Domini
2662 3028 2832 3091 nostri
2879 3027 3003 3087 Jesu
3038 3026 3281 3101 Christi,
3328 3043 3450 3099 quae

307 3121 374 3173 ad
424 3117 675 3192 Praesepe
708 3119 933 3190 dicitur,
983 3137 1105 3179 cum
1176 3121 1272 3179 Dei
1350 3121 1599 3177 laudibus
1664 3137 1861 3195 magna
1918 3120 2216 3179 comitante
2264 3128 2484 3181 caterva
2540 3119 2723 3199 populi
2753 3118 3100 3195 properabat.
3158 3118 3265 3197 Qui
3322 3134 3446 3203 cum

303 3211 639 3279 pervenisset
668 3213 735 3267 ad
785 3211 966 3268 locum
1028 3211 1082 3266 in
1130 3224 1237 3280 quo
1285 3211 1401 3282 ipse
1445 3211 1778 3267 saevissimus
1829 3210 2118 3267 basiliscus
2168 3211 2367 3284 tetris,
2422 3220 2483 3273 ut
2526 3208 2643 3283 jam
2700 3211 2951 3287 superius
2999 3210 3253 3277 diximus.
3295 3210 3449 3281 jace-

190 3303 264 3360 10
306 3306 398 3360 bat
444 3306 714 3371 cavernis,
762 3319 978 3361 omnem
1033 3304 1241 3360 clerum
1304 3313 1361 3360 et
1408 3304 1665 3377 populum
1716 3313 1863 3361 stare
1900 3298 2216 3379 praecepit,'
2245 3312 2408 3383 atque
2458 3302 2613 3377 juxta
2665 3298 2879 3358 easdem
2931 3314 3192 3361 cavernas
3257 3315 3452 3371 prope-

306 3412 433 3455 rans
486 3408 650 3469 super
704 3397 949 3454 foramen
1001 3396 1175 3469 ipsius
1227 3394 1318 3451 ubi
1349 3394 1594 3469 pestiferi
1638 3393 1798 3449 flatus
1849 3394 2235 3465 egrediebatur
2282 3394 2552 3473 serpentis
2600 3391 2900 3468 intrepidus
2948 3391 3119 3459 stetit,
3176 3398 3232 3447 et
3264 3391 3451 3448 oculos

305 3491 369 3547 ad
417 3489 616 3546 omium
661 3489 872 3561 pariter
920 3487 1151 3544 tetendit
1208 3495 1263 3542 et
1312 3485 1542 3556 palmas,
1580 3485 1967 3555 Christumque
2022 3485 2115 3561 qui
2160 3484 2253 3540 est
2288 3499 2454 3561 super
2494 3484 2673 3543 omnia
2726 3480 2870 3537 Deus
2913 3479 3150 3553 profusis
3198 3478 3452 3554 iacrymis

304 3588 623 3657 deprecatus
673 3593 778 3657 est,
830 3592 889 3641 ut
938 3581 1006 3637 ab
1051 3580 1239 3636 eodem
1288 3578 1408 3634 loco
1452 3578 1554 3633 diri
1594 3576 1862 3647 serpentis
1910 3592 2079 3647 genus
2128 3591 2226 3632 sua
2258 3577 2497 3648 potentia
2551 3572 2831 3651 eii‘ugarct.
2869 3572 2937 3629 Et
2967 3570 3091 3633 data
3135 3589 3298 3646 super
3343 3591 3446 3646 po-

303 3656 489 3747 pulum
525 3656 794 3741 oratione,
820 3671 915 3729 Dei
939 3670 1123 3727 laudes
1147 3669 1216 3724 ad
1262 3667 1539 3724 basilicam
1571 3682 1734 3738 quam
1765 3667 2015 3745 superius
2060 3668 2483 3731 memoravimus
2531 3664 2808 3745 profectus
2839 3671 2921 3719 est
2942 3664 3215 3723 exhibere.
3246 3664 3335 3726 Ab
3360 3681 3455 3723 eo-

192 3766 268 3822 is
302 3766 424 3822 dem
481 3778 611 3823 vero
637 3766 725 3821 die
756 3764 870 3836 ipse
899 3761 1129 3837 pestifer
1160 3761 1446 3817 basiilscus
1493 3761 1568 3815 ita
1597 3758 1868 3831 effngatus
1898 3766 2063 3831 atque
2114 3760 2183 3815 ab
2217 3759 2349 3830 ipsis
2403 3759 2677 3833 projectus
2703 3760 2787 3811 est
2824 3754 3022 3822 antris,
3068 3763 3129 3810 ut
3198 3750 3339 3815 ultra
3395 3756 3451 3811 in

308 3858 416 3914 illis
441 3856 578 3914 locis
608 3857 754 3913 nulla
781 3855 1016 3913 laesiouis
1042 3853 1161 3924 eius
1189 3850 1401 3909 macula
1431 3838 1735 3923 appareret.
1767 3848 1836 3905 Et
1860 3847 2009 3905 aliud
2033 3848 2351 3907 miraculum
2398 3850 2511 3923 ipse
2550 3847 2818 3913 aimiflcus
2840 3864 2979 3931 papa
3003 3842 3253 3927 perfecit,
3307 3850 3452 3921 quod

305 3966 569 4009 enarrare
590 3951 830 4008 breviter
856 3947 1194 4004 inchoemns.

288 4070 295 4079 -
373 4040 627 4116 505111
670 4044 785 4113 ipso
832 4039 975 4112 quod
1018 4037 1269 4109 superius
1320 4033 1775 4105 memoravimus)
1798 4031 2060 4107 pontificii
2107 4034 2189 4091 sui
2243 4034 2465 4097 exordio
2521 4030 3019 4099 Saxonum’vicutn
3064 4036 3275 4099 validus
3314 4036 3454 4110 ignis

308 4136 531 4200 invasit,
592 4136 682 4204 qui
719 4131 1061 4187 flammarum
1091 4129 1315 4207 virtute
1367 4132 1573 4182 cuncta-
1619 4126 1941 4180 comburere
1985 4124 2150 4196 cmpit
2191 4122 2436 4189 validius,
2486 4125 2576 4181 ubi
2631 4127 2949 4205 populorum
2998 4128 3169 4191 multa
3222 4128 3451 4202 cengre-

252 4240 257 4247 ·
305 4234 427 4295 gata
493 4230 620 4279 sunt
693 4222 907 4294 agmina
937 4261 953 4287 ,
1026 4232 1149 4291 quin
1191 4217 1352 4287 huius
1409 4215 1644 4271 incendii
1719 4213 1966 4270 ﬂammas
2020 4212 2273 4272 volebant
2316 4216 2666 4293 etstinguere
2707 4240 2720 4278 :
2759 4222 2855 4278 sed
2904 4230 3186 4281 ventorum
3236 4220 3455 4283 ﬂatibus

304 4314 471 4371 altius
515 4313 908 4371 exleudebatur
959 4309 1101 4382 ignis
1168 4308 1222 4364 in
1279 4321 1406 4363 aere
1460 4312 1655 4362 cuncta
1727 4306 2055 4361 comburens
2123 4315 2284 4378 atque
2342 4309 2740 4383 comminuens,
2790 4314 2866 4372 ita
2913 4321 2973 4371 ut
3021 4313 3244 4391 propius
3311 4314 3455 4391 beati

231 4404 275 4460 Β
310 4402 454 4460 Petri
504 4402 766 4483 principis
812 4399 1181 4472 apostolorum
1239 4396 1478 4454 basilicae
1531 4397 1860 4467 proveniret,
1919 4396 2219 4467 Saxonum,
2271 4396 2750 4480 Longubardorum
2802 4388 3035 4479 domos,
3069 4421 3134 4465 ac
3181 4388 3451 4483 porticum

304 4511 660 4553 ooncremans
699 4478 873 4565 atque
912 4493 1196 4565 diripiens.
1241 4489 1361 4560 Quo
1409 4488 1593 4545 audito
1645 4489 1763 4561 ipse
1814 4488 2161 4547 beatissimus
2210 4478 2448 4562 pontifex
2500 4496 2694 4552 anxius
2746 4496 2873 4552 illuc
2919 4478 3080 4553 celeri
3126 4478 3289 4557 cursu
3322 4513 3455 4575 pro-

310 4589 482 4647 fectus
526 4599 632 4653 est,
680 4595 736 4644 et
778 4586 969 4643 obvius
1024 4591 1153 4639 ante
1193 4582 1334 4654 ignis
1379 4581 1641 4652 impetum
1695 4594 1757 4635 se
1810 4579 2160 4650 preparavit,
2206 4594 2271 4636 ac
2321 4578 2608 4637 Dominum
2664 4583 2941 4659 deprecari
2975 4583 3157 4659 coepit,
3191 4591 3249 4638 ut
3288 4585 3455 4655 ipsius

311 4682 549 4739 incendii
600 4678 849 4736 ﬂammas
880 4677 1274 4748 exstingueret,
1322 4681 1378 4728 et
1408 4672 1589 4728 crucis
1634 4670 1868 4741 propriis
1917 4669 2122 4726 faciens
2170 4670 2505 4741 signaculum
2552 4673 2750 4749 digitis,
2801 4673 3030 4751 amplius
3081 4674 3220 4753 ignis
3266 4681 3470 4731 exten-'

307 4776 436 4832 dere
504 4775 751 4830 flammas
802 4785 909 4826 non
954 4768 1161 4839 potuit,
1219 4763 1316 4820 sed
1369 4763 1516 4819 beati
1568 4762 1826 4816 virtutem
1873 4760 2017 4815 ferre
2064 4773 2170 4815 non
2226 4761 2413 4818 valens
2466 4762 2779 4835 pontificis,
2837 4764 3136 4826 exstinctas
3208 4762 3458 4822 flammas

196 4871 273 4927 90
308 4869 519 4941 redegit
584 4869 638 4924 in
708 4869 968 4926 cinerem.
1040 4870 1162 4939 ipse
1201 4878 1413 4922 veroa
1460 4856 1573 4919 Deo
1624 4858 1874 4917 amabilis
1923 4871 1979 4915 et
2025 4859 2483 4931 prudentissimus
2545 4875 2681 4939 papa
2725 4859 2853 4918 fecit
2904 4860 2957 4917 in
3028 4860 3249 4923 basilica
3313 4861 3458 4916 beati

290 4962 453 5019 .Petri
507 4962 735 5034 apostoli
780 4961 901 5018 vela
937 4962 1004 5019 de
1051 4961 1275 5018 fundato
1306 4958 1361 5015 in
1405 4957 1635 5015 circuitu
1693 4964 1906 5029 compta
1957 4954 2023 5018 de
2065 4955 2296 5012 biatthin
2343 4971 2571 5018 numero
2625 4954 2980 5033 quadraginta
3013 4954 3270 5031 quinque.
3304 4952 3455 5009 Fecit

308 5063 485 5111 autem
535 5055 705 5112 isdem
741 5056 994 5131 egregius
1039 5050 1281 5125 pontifex
1336 5051 1393 5107 in
1446 5048 1780 5106 monasterio
1843 5037 2019 5111 sancti
2065 5046 2328 5115 Martini,
2382 5045 2526 5126 quod
2578 5046 2725 5103 beati
2793 5044 2938 5105 Petri
2997 5047 3234 5113 basilica:
3283 5047 3460 5103 coita:-

310 5148 415 5217 ret,
459 5154 527 5208 ad
579 5153 791 5210 laudem
841 5162 897 5210 et
951 5151 1177 5227 gloriam
1226 5150 1396 5229 ipsius
1448 5132 1616 5207 beati.
1660 5148 1875 5207 Martini
1932 5146 2138 5205 oraculi
2187 5143 2341 5200 mirae
2403 5138 2824 5220 pulchritudinis
2877 5147 3117 5204 vestem,
3167 5138 3457 5229 habentem

312 5243 593 5299 historiam
643 5244 894 5316 superius
939 5244 1224 5303 memorati
1258 5228 1449 5307 sancti
1494 5242 1728 5313 jacentis
1781 5241 1835 5303 in
1881 5238 2096 5302 lectulo,
2147 5254 2270 5295 cum
2301 5235 2481 5323 effigie
2523 5230 2823 5299 Salvatoris
2870 5230 3081 5293 Domini
3133 5231 3300 5292 nostri
3330 5228 3457 5285 Jcsn
3518 5246 3541 5253 '-

197 5332 273 5392 15
312 5334 512 5393 CbriStl
550 5355 563 5393 :
604 5338 763 5402 simul
818 5337 1050 5415 efﬁgiem
1097 5348 1299 5396 sancta:
1350 5339 1607 5414 martyris
1664 5337 1887 5415 Agatba:
1935 5324 2187 5402 habentis
2236 5334 2302 5390 ad
2351 5332 2514 5409 pedes
2566 5329 2800 5402 efﬁgiem
2851 5324 3018 5403 ipsius
3090 5324 3217 5387 ulmi
3272 5324 3454 5394 PONi‘

313 5425 449 5492 ficis,
480 5416 768 5484 habentem
800 5444 1042 5499 gemmas
1071 5429 1451 5504 hyacinthinus
1479 5430 1667 5487 decem
1696 5440 1751 5489 et
1775 5440 2001 5509 septem.
2028 5429 2165 5494 Item
2190 5426 2242 5491 iu
2271 5425 2462 5491 eodem
2509 5420 2749 5487 oratorio
2802 5418 2932 5476 ῖθοῖῑ
2957 5416 3075 5473 νθιίι
3102 5423 3357 5495 quatuor.
3407 5420 3463 5468 θί

313 5539 478 5578 unum
511 5525 731 5607 quidem
755 5527 962 5583 habens
985 5538 1134 5591 rotas
1168 5530 1232 5586 de
1260 5529 1611 5605 cbrysociavo
1643 5538 1775 5589 tres.
2383 5597 2389 5603 ,

382 5606 546 5696 506
582 5606 732 5676 Fecit
778 5620 921 5679 idem
964 5621 1017 5676 in
1064 5620 1290 5687 basilica
1340 5630 1647 5685 sanctorum
1680 5627 1916 5697 quatuor
1966 5618 2199 5683 fratrum
2254 5626 2461 5679 vestem
2521 5611 2589 5677 de
2645 5608 2870 5674 fundato
2925 5612 3110 5673 unam,
3167 5607 3462 5697 canentem

308 5692 597 5767 historiam
635 5711 873 5789 ipsorum
924 5723 1234 5779 sanctorum
1286 5718 1587 5787 martyrum
1641 5692 1713 5775 cli
1748 5709 1983 5783 efﬁgiem
2036 5710 2205 5788 ipsius
2261 5707 2389 5773 aimi
2432 5703 2681 5786 praesulis
2741 5702 3029 5765 habentem
3059 5692 3465 5789 gemmasduo-

312 5802 513 5872 decim,
558 5781 807 5860 similiter
841 5813 896 5867 et
939 5803 1058 5860 vela
1086 5803 1154 5860 de
1192 5802 1413 5885 fundato
1434 5781 1704 5881 quatuor.
1758 5781 1865 5867 Hie
1907 5815 2037 5867 vero
2056 5781 2529 5865 Venerabilisei
2574 5793 2874 5879 pmciarus
2927 5786 3172 5871 pontifex
3227 5785 3355 5849 fecit
3406 5781 3464 5838 in

1272 5934 1543 5992 ηοπυιιιι
1582 5932 1991 5989 lasanum
2033 5929 2371 5983 FABIO“!-

237 6053 270 6085 ι
309 6041 330 6066 ⁹
368 6045 611 6112 pararet.
643 6036 673 6082 ι
698 6035 917 6096 Plurim
942 6037 1165 6097 Ortbea.

1477 6139 1581 6150 νο-..-η
