4004 6324
725 436 854 496 ιδῃ
1897 433 2267 492 ANASTASII
2302 433 2844 492 BlBLlO'l‘HECARlI
3307 412 3331 420 “
3469 429 3496 434 "
3718 456 3788 513 tm

865 553 1086 608 basilica
1129 552 1272 608 beati
1313 551 1454 608 Petri
1497 550 1722 622 apostoli
1771 551 2055 607 nutritoris
2083 550 2168 605 sui
2208 549 2506 605 canistrum
2536 548 2842 604 interrasile
2887 549 2956 605 de
3005 557 3218 620 argento
3247 551 3524 620 purissimo,
3553 575 3663 630 pens.
3690 565 3789 622 lin.“

730 722 738 730 ι
789 645 826 700 5
863 644 965 701 Ubi
996 659 1158 715 supra
1203 644 1398 699 obtulit
1431 657 1659 698 coronas
1705 643 1770 698 de
1817 649 2042 713 argento
2076 640 2453 701 mundissimo,
2487 653 2713 708 pensan.
2761 638 2949 696 libras.
2984 679 2999 694 .
3027 679 3042 692 .
3074 638 3171 695 Hic
3195 657 3314 697 vero
3357 645 3630 707 beatissimus
3659 667 3694 709 et
3723 675 3794 726 νη.

865 736 1046 792 clarus
1077 751 1213 806 papa
1257 749 1492 805 superno
1537 732 1706 789 fretus
1752 749 1937 788 amore
1993 733 2190 788 obtulit
2244 734 2402 787 beato
2453 731 2616 786 Petro
2665 731 2906 802 apostolo
2955 733 3024 787 ad
3060 732 3378 802 splendorem
3418 743 3668 813 et,gloriam
3708 751 3794 819 ipsius

862 834 1222 890 sanctissimae
1274 833 1510 888 basilicae
1570 831 1844 887 lucernam
1897 831 2140 903 bimixyn
2194 825 2260 886 de
2315 835 2544 900 argento
2612 827 2945 897 purissimo,
3019 837 3321 899 pensantem
3397 829 3534 884 libras
3584 837 3794 907 quadraginta

859 924 1119 994 quinque.
1174 922 1348 978 Isdem
1397 923 1745 980 beatissimus
1805 923 2002 996 praesul
2059 922 2189 978 fecit
2244 921 2300 977 in
2345 921 2577 979 ecclesia
2631 921 2774 977 beati
2824 919 3076 976 Silvestri
3117 921 3420 977 confessoris
3457 919 3584 994 atque
3614 929 3793 998 pontiﬁcis,

861 1015 953 1086 qui
1020 1015 1237 1086 ponitur
1262 1015 1315 1070 in
1354 1024 1537 1072 monte
1569 1015 1817 1078 Soracte.
1853 1025 2055 1072 vestem
2095 1014 2162 1069 de
2209 1013 2433 1069 fundato
2469 1028 2630 1067 unam
2680 1012 2973 1068 habentem
3027 1011 3248 1082 angulos
3297 1022 3524 1083 quatuor,
3555 1017 3651 1073 duos
3676 1025 3794 1090 quich

756 1104 827 1161 lO
865 1105 1070 1175 tyrios,
1116 1113 1172 1158 et
1223 1106 1359 1159 duos
1425 1106 1698 1160 fundatos.
1757 1106 1908 1161 Fecit
1970 1105 2136 1161 etiam
2187 1104 2358 1161 isdem
2410 1104 2794 1160 sanctissimus
2853 1112 2908 1158 et
2979 1102 3317 1158 beatissimus
3381 1105 3543 1172 pnesul
3590 1106 3627 1160 in
3669 1111 3792 1166 ecclesia

864 1199 1007 1252 beati
1060 1197 1204 1252 Petri
1232 1197 1494 1269 principis
1521 1197 1885 1268 apostolorum
1933 1197 2053 1252 vela
2105 1213 2225 1266 quae
2259 1195 2497 1267 pendent
2553 1196 2608 1251 in
2663 1211 2792 1252 arcu
2833 1194 3162 1268 presbyterii
3213 1210 3276 1250 ex
3319 1209 3437 1250 auro
3469 1206 3611 1260 texta.
3652 1201 3792 1258 habentia

862 1287 1144 1343 historiam
1204 1288 1346 1342 beati
1400 1286 1550 1343 Petri
1606 1287 1833 1359 apostoli
1871 1303 2101 1343 numero
2126 1288 2314 1343 decem
2354 1296 2410 1341 et
2436 1295 2580 1342 octo.
2631 1286 2849 1344 Necnon
2883 1287 2939 1342 in
2986 1286 3226 1341 oratorio
3261 1285 3389 1340 beati
3418 1285 3573 1341 Leonis
3605 1289 3792 1349 confessoris

864 1386 1028 1447 atque
1076 1378 1375 1448 pontiﬁcis,
1437 1379 1579 1451 quod
1632 1387 1715 1434 est
1750 1379 1913 1434 situm
1968 1377 2112 1434 infra
2162 1378 2476 1450 praedictam
2516 1377 2840 1443 ecclesiam,
2881 1387 3089 1434 vestem
3142 1376 3209 1432 de
3259 1375 3601 1433 l'umlatounam
3636 1381 3794 1455 lubnter:

864 1471 1148 1527 historiam
1195 1473 1521 1544 aquilarum.
1548 1473 1756 1529 Obtulit
1809 1489 2024 1545 quoque
2080 1473 2170 1529 ubi
2221 1490 2384 1545 supra
2433 1490 2690 1530 coronam
2735 1475 2802 1531 de
2846 1481 3075 1545 argento
3124 1487 3302 1535 unam,
3348 1482 3601 1542 pensantem
3631 1472 3794 1529 libras...

940 1561 1099 1634 507
1139 1563 1258 1618 Jam
1307 1564 1471 1620 etiam
1519 1562 1649 1618 fecit
1693 1563 1766 1618 ibi
1797 1563 1915 1618 vela
1961 1563 2029 1619 de
2071 1564 2293 1620 fundato
2332 1573 2522 1619 ornata
2566 1579 2632 1620 ex
2679 1573 2910 1634 utraque
2954 1572 3109 1632 parte
3155 1561 3219 1616 de
3257 1560 3459 1617 blatthin
3498 1579 3658 1619 numero
3685 1567 3793 1634 viginti.

862 1648 1070 1705 Obtulit
1113 1652 1276 1707 etiam
1319 1652 1480 1708 beato
1526 1650 1690 1707 Petro
1724 1652 1969 1721 apostolo
2019 1653 2220 1709 calices
2264 1653 2332 1709 de
2381 1663 2638 1726 argento,
2683 1653 2777 1724 qni
2827 1653 3022 1708 sedent
3064 1665 3227 1722 super
3270 1651 3473 1706 circuitu
3513 1651 3646 1707 altaris
3676 1669 3794 1709 unum

863 1747 1161 1813 sexdecim,
1194 1765 1422 1820 peusan.
1466 1747 1700 1803 libras...
1727 1747 1929 1804 Verum
1954 1750 2116 1805 etiam
2145 1759 2200 1808 et
2242 1751 2467 1806 calicem
2516 1750 2880 1822 pendenlilem
2925 1764 3052 1805 cum
3085 1745 3339 1803 cateuulis
3362 1751 3410 1797 et
3434 1731 3647 1812 delphinis,
3675 1760 3791 1813 pensat.

859 1834 1092 1892 libras...
1136 1839 1269 1894 Item
1308 1842 1682 1898 sanctissimus
1723 1851 1779 1898 et
1825 1844 2170 1915 coangelicus
2216 1844 2477 1915 praefatus
2514 1844 2711 1914 praesul
2760 1852 2884 1912 post
2929 1837 3373 1912 depmdationem
3397 1834 3691 1889 Saracenorum
3716 1836 3793 1891 istius

792 1925 827 1979 5
859 1927 1102 1984 ecclesia
1130 1929 1259 1986 fecit
1300 1947 1462 2003 super
1503 1949 1705 2004 corpus
1747 1934 1892 1989 beati
1923 1934 2067 1990 Petri
2114 1936 2344 2006 apostoli
2390 1936 2654 2007 imagines
2683 1944 2994 2006 argenteas,
3042 1943 3288 2004 totasque
3315 1942 3509 1984 numero
3529 1935 3631 1990 tres;
3657 1936 3691 1980 εί
3710 1944 3790 1981 tum

862 2019 1079 2086 quidem
1111 2021 1161 2074 in
1194 2023 1372 2077 medio
1402 2023 1694 2079 habentem
1721 2023 1950 2095 elligiem
1977 2025 2280 2082 Salvatoris
2305 2027 2519 2083 Domini
2553 2028 2725 2083 nostri
2766 2025 2892 2083 Jesu
2924 2026 3130 2082 Christi
3173 2039 3290 2081 cum
3327 2019 3520 2092 gemmis
3548 2019 3587 2073 in
3618 2019 3723 2087 capite
3744 2034 3791 2087 per

863 2123 1083 2164 crucem
1105 2121 1354 2166 ornatam
1378 2112 1750 2184 byacinthinis
1773 2122 1828 2167 et
1853 2114 2110 2184 prasinis.
2137 2113 2268 2170 item
2311 2115 2473 2170 aliam
2501 2115 2792 2185 quamdam
2826 2115 3064 2186 positam
3095 2113 3160 2168 ad
3183 2114 3407 2168 dextram
3443 2123 3602 2182 partem
3631 2108 3790 2164 Salutius

771 2249 777 2256 .
864 2207 920 2255 et
965 2201 1252 2258 habentem
1285 2203 1491 2258 vultum
1536 2203 1682 2258 beati
1717 2203 1863 2259 Petri
1897 2205 2124 2276 apostoli
2158 2214 2214 2261 et
2261 2207 2434 2262 beata:
2481 2206 2789 2262 Petronillae
2819 2224 2836 2264 :
2871 2206 3038 2262 aliam
3080 2204 3358 2276 quamdam
3398 2203 3581 2274 positam
3612 2201 3656 2255 ad
3682 2210 3789 2270 parieti

864 2292 1055 2350 laevam
1090 2296 1382 2366 depictam,
1430 2295 1639 2352 vultum
1684 2298 1974 2356 habentem
2003 2301 2147 2356 beati
2177 2301 2407 2357 Andreae
2435 2301 2685 2372 apostoli,
2719 2298 2877 2355 simul
2909 2309 2966 2354 et
3006 2298 3210 2353 vultum
3240 2295 3454 2369 pnedicti
3473 2291 3618 2348 summi
3645 2290 3786 2361 pusulis.

757 2381 827 2438 10
862 2397 1088 2454 pensan.
1137 2385 1306 2441 libras
1343 2395 1560 2444 centum
1609 2398 1666 2445 et
1701 2400 1953 2462 quatuor.
1996 2393 2149 2449 Fecit
2191 2393 2283 2449 ubi
2319 2409 2479 2464 supra
2531 2394 2700 2464 phara
2726 2408 2891 2457 aerea,
2920 2408 3043 2463 quae
3086 2391 3274 2448 sedent
3307 2403 3449 2460 super
3473 2384 3696 2440 vestibulum
3718 2382 3788 2435 satu

862 2473 1071 2540 altaris,
1104 2493 1333 2534 numero
1360 2481 1662 2537 duodecim.
1693 2482 1849 2555 Smpe
1888 2501 2018 2542 vero
2060 2487 2150 2542 hic
2191 2487 2539 2566 beatissimus
2583 2501 2719 2558 papa
2751 2486 2934 2540 omnia
2973 2493 3285 2540 sanctorum
3324 2494 3431 2550 qua:
3468 2469 3789 2566 destnteta

865 2564 982 2622 loca
1013 2569 1346 2626 reaadilicare
1386 2588 1715 2646 magnopere
1745 2577 2015 2648 cupiebat.
2046 2577 2181 2634 Nam
2214 2561 2602 2635 monasterium
2633 2577 2950 2642 Corsarum,
2983 2576 3128 2647 quod
3172 2574 3317 2646 juxta
3351 2567 3576 2625 basilicam
3609 2561 3697 2618 beati
3719 2558 3786 2611 Sitti

864 2658 1124 2728 martyris
1152 2669 1316 2730 atque
1354 2663 1630 2734 pontiﬁcis
1659 2667 1821 2722 situm
1852 2677 1966 2734 est,
2007 2670 2150 2740 quod
2183 2670 2540 2741 quorumdam
2571 2669 2840 2724 malorum
2886 2668 3170 2724 hominum
3213 2664 3378 2719 fuerat
3415 2650 3788 2730 Operibusdesolttuu

863 2757 920 2803 et
964 2749 1031 2804 ad
1077 2753 1392 2809 saecularem
1438 2757 1830 2817 habitationem
1877 2764 2219 2834 perductum,
2248 2781 2348 2837 pro
2392 2767 2567 2822 salute
2609 2782 2673 2822 ac
2719 2764 2906 2821 futura
2949 2763 3301 2820 retributione
3339 2757 3503 2811 anima:
3526 2766 3606 2806 sua:
3631 2745 3790 2838 perlectus

756 2836 826 2892 ιδ
862 2843 1207 2898 restauravit.
1240 2843 1296 2899 In
1325 2860 1434 2915 quo
1472 2849 1639 2905 etiam
1665 2853 1982 2908 ancillarum
2009 2854 2105 2911 Dei
2147 2836 2622 2928 congregationem
2662 2855 2892 2910 munivit
2935 2855 3006 2908 ad
3051 2849 3438 2924 persolvendum
3467 2842 3539 2896 Dei
3569 2836 3790 2928 animi?”

865 2932 1107 3022 quotidie
1152 2933 1338 2992 laudes
1359 2978 1374 3002 ,
1413 2941 1730 2999 muneribus
1769 2946 1941 3010 auxit,
1979 2947 2184 3001 divitiis
2231 2920 2568 3016 p‘ero'rnavit,
2597 2954 2652 3001 et
2695 2945 2878 3000 omnia
2907 2920 3082 2999 sacris
3111 2936 3402 3012 praeeepliS.
3432 2947 3527 3003 qm?
3556 2920 3790 3022 θξί¹¹ί¹ίῗ³ξω³

865 3019 1103 3090 fuerant,
1151 3033 1485 3094 restaurans,
1532 3032 1645 3086 suis
1689 3035 1893 3090 sanctis
1929 3035 2111 3107 digitis
2143 3015 2353 3108 plenius
2394 3051 2460 3090 ea
2507 3034 2868 3090 continuavit.
2903 3034 2952 3087 ls
2980 3031 3178 3102 saepius
3211 3036 3504 3084 memoratus
3529 3030 3566 3076 et
3593 3015 3791 3108 mussi?"

837 3127 1004 3184 .papa
1048 3115 1446 3184 praedicationis
1489 3136 1600 3176 suae
1647 3124 1884 3196 alloquio
1928 3101 2230 3183 multos—ad
2278 3127 2644 3198 cognitionem
2684 3125 2936 3181 veritatis
2975 3101 3262 3195 perduxit,
3310 3127 3358 3174 et
3394 3111 3626 3171 salutiferas
3654 3101 3790 3159 omnim

873 3204 1222 3274 operationes
1248 3208 1490 3276 quotidie
1516 3213 1930 3272 demonstravit.

873 3333 878 3340 ·
907 3405 916 3408 Α
1147 3313 1283 3372 Nam
1311 3330 1559 3375 octavam
1589 3321 1987 3396 Assumptionis
2033 3329 2203 3384 beattr
2243 3329 2338 3385 Dei
2379 3329 2676 3387 Genitricls
2721 3328 2888 3394 diem,
2919 3343 3042 3397 quae
3071 3325 3286 3382 minime
3309 3324 3469 3378 Roma:
3495 3309 3787 3408 antea

868 3405 1066 3478 vigiliis
1101 3409 1270 3463 sacris
1310 3412 1700 3485 matutinisque
1747 3433 1871 3473 cum
1917 3421 2064 3475 omni
2095 3421 2242 3478 clero
2272 3431 2599 3493 peruoctans
2627 3420 2876 3476 laudibus
2913 3420 2967 3474 in
3000 3418 3225 3476 basilica
3257 3414 3471 3484 ejusdem
3493 3419 3643 3476 semper
3661 3401 3788 3494 ῑὶνπίιξίε

869 3497 1101 3591 domina:
1125 3508 1346 3567 nostrae,
1374 3517 1495 3573 quae
1521 3503 1653 3561 foris
1681 3523 1867 3565 muros
1885 3509 2039 3579 juxta
2079 3512 2362 3568 basilicam
2407 3513 2550 3568 beati
2593 3511 2873 3568 Laurentii
2905 3510 3165 3583 martyris
3193 3507 3292 3563 sita
3314 3515 3407 3570 est,
3432 3495 3789 3591 celebrari

869 3585 926 3642 In
956 3603 1119 3658 quam
1146 3591 1306 3645 etiam
1331 3606 1523 3664 magna
1561 3597 1742 3667 populi
1784 3600 2076 3658 multitudo
2105 3612 2454 3669 convenerat,
2485 3619 2638 3659 novae
2665 3603 2979 3658 festivitatis
3020 3603 3245 3674 cupiens
3287 3596 3524 3653 celebrare
3541 3585 3789 3642 ωιειιωίιιιαιο

797 3678 834 3734 5
870 3679 985 3737 Hoc
1029 3682 1144 3753 ipse
1172 3685 1566 3755 .magnanimus
1595 3703 1718 3744 cum
1756 3690 1959 3747 videret
2004 3694 2254 3760 antistes,
2297 3695 2351 3750 in
2381 3711 2573 3753 omnes
2598 3696 2691 3766 qui
2723 3697 2952 3751 aderant
2993 3695 3123 3752 huic
3161 3686 3436 3749 celebritati
3473 3682 3605 3753 plures
3633 3676 3791 3766 mil“?

866 3775 1131 3844 erogavit.
1177 3775 1332 3832 Fecit
1377 3792 1505 3832 vero
1534 3778 1703 3835 isdem
1750 3781 2096 3841 beatissimus
2131 3787 2186 3842 in
2230 3786 2470 3856 ejusdem
2510 3759 2930 3844 Dei-Genitrieis
2970 3800 3286 3858 semperque
3316 3776 3517 3850 Virﬂll'ls
3536 3759 3791 3862 MF“???

868 3870 1075 3918 vestem
1107 3863 1174 3919 de
1216 3863 1440 3921 fundato
1466 3883 1648 3923 unam.
1675 3870 1893 3928 Necnon
1925 3873 2054 3930 fecit
2097 3877 2296 3932 ibidem
2342 3877 2458 3933 vela
2499 3895 2729 3935 numero
2769 3880 3130 3953 quadraginta
3169 3877 3404 3947 quinque.
3439 3867 3494 3922 Et
3515 3861 3618 3953 inira
3645 3857 3680 3910 ίιι

878 3955 1123 4011 ecclesia:
1158 3959 1492 4024 oratorium,
1524 3961 1666 4029 quod
1716 3964 1987 4020 vocitatur
2032 3967 2205 4024 beatae
2242 3968 2531 4034 Barbarae,
2563 3968 2760 4025 obtulit
2787 3939 3012 4025 uvesten‘t'
3048 3970 3114 4023 de
3169 3939 3376 4022 {initiata
3417 3971 3559 4014 unam.
3593 3951 3711 4020 llis“
3737 3939 3792 3993 Μ

871 4048 1177 4119 praecipuus
1203 4051 1432 4107 antistes
1460 4061 1520 4136 et
1540 4051 1594 4106 in
1623 4054 1863 4110 oratorio
1889 4065 2088 4113 sancta:
2117 4059 2370 4129 Eugeniae
2397 4061 2526 4115 fecit
2553 4070 2758 4116 vestem
2787 4060 2853 4116 de
2892 4061 3116 4116 fundato
3139 4073 3311 4114 uuam.

940 4138 1107 4210 509
1144 4139 1210 4194 Et
1251 4141 1342 4195 hic
1368 4139 1789 4210 solertissimus,
1835 4143 1946 4200 Deo
1987 4147 2321 4216 opitulante,
2351 4149 2840 4220 sanetissimusque
2869 4159 2923 4205 et
2958 4151 3013 4204 in
3053 4149 3294 4206 omnibus
3327 4141 3569 4218 pmclams
3589 4135 3790 4220 alii“?

871 4234 1063 4304 cipuus
1102 4235 1344 4305 pontifex
1394 4251 1588 4308 magno
1634 4237 1815 4292 animo
1855 4240 2075 4308 et‘pura
2119 4239 2400 4294 voluntate
2438 4238 2662 4295 donavit
2699 4216 2769 4295 in—
2801 4240 3031 4296 ecclesia
3079 4239 3217 4297 beati
3263 4216 3603 4310 protomartyris

873 4339 994 4393 quae
1037 4326 1257 4394 ponitur
1305 4325 1438 4383 foris
1495 4343 1680 4383 muros
1721 4338 1878 4395 Juxta
1917 4329 2201 4388 ecclesiam
2243 4332 2385 4387 beati
2421 4331 2700 4387 Laurentii
2753 4332 3043 4403 martyris,
3081 4298 3278 4387 vestem
3316 4329 3374 4385 de
3413 4323 3589 4381 fundato
3622 4298 3791 4403 lim-El

874 4388 1229 4485 infra-hujus
1268 4418 1470 4473 mmnia
1509 4388 1752 4473 ecclesiae
1796 4419 1852 4473 in
1899 4421 2139 4474 oratorio
2186 4421 2331 4477 beati
2379 4421 2580 4479 Leonis
2619 4423 2878 4495 martyris
2898 4388 3050 4478 'feci't
3097 4430 3294 4478 vestem
3335 4419 3393 4476 de
3430 4413 3601 4470 fundato

803 4509 838 4567 5
875 4510 990 4582 ipse
1037 4511 1356 4570 mitissimus
1401 4514 1648 4588 pontifex
1685 4525 1850 4588 atque
1899 4525 2093 4574 acutus
2137 4518 2192 4574 in
2239 4520 2493 4576 omnibus
2541 4520 2699 4576 bonis
2744 4489 2941 4577 obtulit
2993 4521 3046 4575 in
3090 4508 3316 4576 ecclesia
3348 4509 3492 4564 beam
3525 4497 3598 4555 Dei

876 4577 1199 4674 semperque
1232 4577 1471 4677 Virginis
1498 4605 1681 4662 Maria:
1707 4577 1938 4664 ddminze
1977 4616 2196 4676 nostrae,
2229 4624 2350 4679 quae
2381 4611 2600 4680 ponitur
2642 4608 2781 4665 infra
2819 4610 3138 4682 praedictum
3174 4577 3808 4682 monasteriumﬂlllf‘mf’f.’

871 4670 1184 4762 Corsarum,
1208 4670 1414 4753 vestem
1434 4700 1500 4755 de
1517 4697 1742 4754 fundato
1764 4715 1947 4755 unam.
1977 4698 2078 4755 Ubi
2109 4670 2273 4772 supra
2291 4670 2488 4756 obtulit
2509 4701 2560 4757 in
2577 4670 3018 4758 oratoridsancti
3038 4698 3250 4756 Caesarii
3276 4700 3455 4749 vestem
3467 4686 3521 4740 de
3535 4670 3786 4776 illudilli”:

946 4786 1109 4858 510
1145 4787 1299 4846 Fecit
1330 4789 1518 4849 .isdem
1568 4794 1986 4865 benignissimus
2030 4757 2247 4851 crucem
2295 4810 2516 4851 auream
2569 4796 2804 4864 noviter,
2847 4804 2903 4852 et
2945 4796 3062 4867 ipsa
3107 4810 3258 4858 crux,
3298 4797 3353 4843 ut
3388 4797 3486 4839 mos
3518 4757 3786 4867 autiquiftsﬂ

875 4879 1195 4935 subdiaconi
1242 4883 1493 4938 manibus
1542 4848 1822 4940 ferebatur
1871 4896 1996 4940 ante
2033 4901 2231 4958 equum
2281 4887 2742 4956 praedecessorum
2780 4848 3118 4956 pontilircum,
3153 4895 3305 4956 quam
3347 4875 3441 4930 Deo
3469 4848 3786 4966 illifnwjtag

875 4980 933 5026 et
963 4980 1193 5042 argento
1227 4989 1292 5029 ac
1335 4975 1566 5043 gemmis
1613 4977 1808 5032 melius
1834 4938 2132 5034 renovavit.
2163 4938 2371 5034 Olli-Illi!
2399 4992 2530 5034 vero
2561 4977 2614 5032 in
2641 4938 2871 5033 ecclcrsia
2901 4978 3074 5034 beatae
3102 4938 3344 5071 Ny‘mph?
3381 4938 3787 5074 ξηθξίῖτξξηνηίξςξτῖ

874 5063 1091 5118 videtur
1129 5064 1181 5118 in
1223 5065 1444 5121 civitate
1477 5065 1785 5132 Portuensi,
1816 5078 2022 5125 vestem
2053 5070 2120 5125 de
2149 5068 2373 5125 fundato
2403 5084 2587 5125 unam.
2629 5067 2893 5124 Similiter
2923 5067 3052 5124 fecit
3077 5069 3128 5122 in
3149 5034 3356 5122 ecclesia
3381 5057 3598 5158 lic-ulmum
3617 5034 3786 5158 ﬁnis:

807 5153 842 5209 5
875 5155 1082 5256 Gesmae
1110 5165 1166 5212 et
1195 5155 1468 5224 Damiani,
1496 5173 1616 5228 qua:
1645 5160 1699 5214 in
1729 5158 1874 5215 Silva
1905 5161 2133 5218 candida
2161 5177 2282 5218 esse
2329 5161 2563 5226 videtur,
2599 5170 2803 5216 vestem
2852 5161 2918 5216 de
2967 5158 3200 5256 fundato.
3229 5166 3390 5209 unam.
3417 5124 3783 5256 Negtglﬂnm

879 5245 1076 5302 obtulit
1103 5247 1221 5302 vela
1253 5248 1319 5304 de
1351 5220 1573 5304 fundato
1603 5251 1726 5316 tria,
1753 5260 1948 5306 ornata
1982 5253 2034 5307 in
2067 5246 2295 5331 circuitu
2322 5251 2390 5307 de
2419 5251 2672 5307 blattltin.
2709 5247 2807 5306 Hic
2835 5264 2962 5304 vero
2987 5245 3313 5304 beatissimus
3341 5248 3454 5341 papa

880 5345 1180 5410 martyrum
1207 5341 1457 5411 sepulcra
1485 5341 1676 5398 devota
1707 5307 1886 5398 mente
1915 5344 2237 5414 ardentique
2257 5317 2497 5399 ‘assidue
2543 5349 2762 5413 pectore
2804 5339 3079 5394 visitabat.
3113 5335 3250 5404 Quos
3277 5307 3443 5401 vigiliis
3462 5312 3660 5376 sacrisque
3680 5307 3718 5350 θ’

881 5433 1048 5533 linit-li
1070 5445 1297 5533 cun—ctos
1331 5451 1431 5506 pro
1466 5434 1785 5533 orthodoxa:
1815 5431 1938 5487 fidei
1967 5431 2162 5533 populo
2188 5432 2467 5533 exorabat.
2539 5525 2552 5533 -
2595 5522 2619 5533 -
3047 5531 3053 5533 ‘
3128 5522 3141 5533 I
3251 5532 3256 5533 γ
3296 5509 3487 5533 ῌηεω.
3527 5502 3567 5533 M
3588 5483 3690 5533 mmo
3706 5473 3782 5525 non

955 5527 1114 5599 5n
1160 5527 1258 5583 Die
1285 5483 1467 5584 alitem
1518 5527 1751 5598 quadam
1783 5541 1906 5582 cum
1955 5525 2020 5578 ad
2070 5525 2376 5596 sepulcrum
2407 5525 2554 5581 beati
2595 5522 2876 5583 Laurentii
2918 5522 3170 5596 martyris
3205 5483 3779 5616 perffﬂimllftiﬂooﬂ

879 5574 1182 5675 οηῒίζιῐξηι
1212 5621 1475 5692 expleret,
1505 5574 1818 5690 diligentius
1845 5617 2119 5688 inquirere
2133 5574 2328 5687 rerepit
2355 5632 2420 5671 ac
2454 5616 2677 5671 dicere:
2711 5612 2910 5683 Quanti
2941 5574 3270 5685 quotidianas
3294 5603 3370 5659 hic
3394 5574 3778 5696 ntonuflll

882 5710 1092 5777 potenti
1125 5667 1364 5765 refertlnt
1391 5667 1579 5765 latides
1601 5667 1632 5764 ξ
1651 5709 1804 5765 Tunc
1831 5667 2020 5763 omjnes
2049 5708 2139 5778 qui
2171 5667 2396 5761 aderant
2418 5706 2581 5761 beato
2612 5667 2856 5776 pontiﬁci
2893 5667 3225 5776 protulerunt
3251 5696 3374 5773 quod
3398 5667 3776 5803 a'quibumg;

821 5803 854 5902 '_
885 5755 1082 5852 licibus
1122 5801 1227 5854 duo
1269 5803 1602 5857 monasteria
1632 5802 1835 5856 ibidem
1871 5755 2101 5856 fuissenlt
2136 5808 2470 5866 constructa,
2503 5799 2596 5854 sed
2624 5814 2724 5869 pro
2753 5814 2950 5869 magna
2993 5795 3306 5872 paupertatis
3333 5777 3543 5902 ἰηθρίῆ

818 5883 858 5941 5
896 5886 1120 5943 reducta
1148 5889 1274 5944 sint.
1306 5890 1427 5946 Mox
1455 5893 1781 5961 autem‘ipse
1829 5891 2095 5949 almilicus
2135 5890 2380 5962 pontifex
2421 5868 2657 5959 superno
2698 5899 2834 5946 nutu
2855 5868 3207 5963 compunctus
3233 5871 3559 5966 monasterium,
3588 5868 3722 5952 lim".
