4004 6324
58 475 203 538 ista
879 431 1998 538 mommmsmlsl
2033 475 2212 532 -s.
2247 474 2512 536 uerv.
3202 472 3346 534 13H»

201 590 385 648 saeui
406 600 632 650 κακι-
659 591 926 666 Stephani
947 601 1012 650 et
1028 589 1306 658 ωιέ.
1324 601 1665 659 ωδε-ιδ,
1703 607 1782 649 mu

1758 592 2021 649 .uneribus
2048 605 2118 646 ac
2143 588 2348 648 divitiis
2365 585 2890 658 malum
2915 589 3248 660 peramavit.
3281 589 3339 646 In

199 692 314 749 quo
334 679 502 735 etiam
538 690 742 738 sancta
763 683 1192 739 conversationis
1219 683 1406 754 plures
1429 681 1650 740 Gracos
1677 697 1880 756 genere
1910 681 2146 738 instituit
2173 681 2494 746 monachos,
2515 678 2614 750 qi
2631 678 3034 752 θήρη-ιε,
3051 681 3342 752 eidemque

200 772 428 844 martyri
474 773 562 828 die
605 783 876 844 noctuque
905 774 1092 838 laudes
1135 775 1526 846 persolverent.
1575 775 1694 844 Ipse
1728 774 1944 844 quidem
1976 790 2006 828 a
2044 775 2157 828 Deo
2203 780 2479 844 protectus
2517 779 2573 825 et
2616 772 2938 829 venerabilis
2979 774 3172 844 prasul
3203 774 3353 829 intra

197 861 482 918 basilicam
513 861 658 918 beati
701 862 846 921 Petri
877 865 1106 938 apostoli
1153 867 1431 923 oraculum
1463 867 1613 922 mira
1639 865 2056 938 pulchritudinis
2082 865 2387 935 summique
2429 863 2642 920 decoris
2681 866 2999 930 construxit,
3047 866 3190 936 quod
3226 865 3348 936 pul-

89 955 159 1011 lo
199 957 350 1012 chris
397 959 760 1016 marmoribus
805 962 1149 1018 circumdans
1191 963 1471 1033 splendide
1513 963 1768 1032 compsit,
1819 960 2174 1030 absidamque
2220 957 2338 1027 ejus
2380 972 2448 1012 ex
2501 954 2713 1012 musivo
2749 970 2915 1012 aureo
2961 957 3345 1026 superinducto

197 1047 383 1103 colore
422 1049 662 1120 glorifice
707 1051 1004 1108 decoravit.
1039 1053 1096 1108 ln
1145 1069 1254 1123 quo
1299 1054 1463 1110 etiam
1493 1053 1802 1110 venerabile
1851 1066 2048 1122 corpus
2085 1049 2228 1108 beati
2274 1047 2475 1105 Leonis
2511 1047 2842 1104 confessoris
2887 1057 3048 1116 atque
3074 1047 3345 1118 pontificis

199 1137 525 1202 recondens,
549 1155 764 1195 sacrum
795 1142 1028 1214 desuper
1055 1144 1364 1200 construxit
1404 1144 1599 1211 altare,
1629 1153 1684 1201 et
1711 1143 1978 1200 ciborium
2023 1157 2147 1198 cum
2179 1156 2340 1198 cruce
2367 1148 2652 1206 exaurata,
2689 1139 2755 1194 ad
2784 1138 2999 1196 laudem
3037 1150 3092 1222 et
3117 1139 3344 1211 gloriam

195 1221 405 1286 Christi
433 1232 667 1288 nominis
694 1234 795 1289 hoc
820 1233 990 1291 fretus
1015 1251 1200 1292 amore
1218 1235 1471 1309 perfecit,
1500 1243 1560 1291 ut
1585 1235 1688 1291 sibi
1708 1236 1926 1306 dignum
1959 1235 2013 1288 in
2043 1233 2248 1289 aethere
2267 1231 2613 1304 conquireret
2638 1229 2834 1286 locum.
3072 1291 3078 1296 _

272 1318 436 1393 512
471 1322 708 1380 Patratis
745 1324 928 1395 itaque
969 1327 1223 1384 omnibus
1267 1336 1431 1402 atque
1474 1326 1734 1397 perfectis
1779 1324 2054 1396 operibus,
2104 1337 2334 1393 quorum
2366 1322 2480 1393 jam
2509 1320 2785 1391 sigillatim
2834 1323 3084 1394 superius
3125 1321 3344 1380 nomina

108 1406 117 1412 ’
197 1412 405 1483 scripta
452 1412 533 1467 vel
583 1425 877 1470 memorata
923 1426 1071 1484 sunt,
1112 1418 1401 1476 confestim
1434 1418 1606 1475 isdem
1634 1426 1822 1488 pastor
1846 1425 1904 1473 et
1943 1415 2106 1471 Pater
2152 1414 2422 1488 egregius,
2463 1430 2712 1484 quamvis
2756 1415 3131 1472 universarum
3179 1417 3342 1488 proti-

197 1520 360 1572 cuam
387 1505 743 1562 ecclesiarum
777 1508 870 1563 Dei
900 1525 1088 1565 curam
1113 1510 1443 1584 dignamque
1478 1509 1898 1566 sollicitudinem
1929 1515 2163 1580 gereret,
2190 1515 2246 1564 et
2265 1507 2332 1561 ad
2353 1521 2516 1562 omne
2547 1521 2684 1576 opus
2708 1505 2924 1562 bonum
2946 1523 3056 1578 pra
3097 1501 3349 1567 omnibus

198 1595 446 1670 intentus
487 1596 770 1662 existeret,
795 1615 863 1654 ex
893 1599 1089 1656 intimo
1113 1600 1294 1658 cordis
1320 1600 1406 1658 sui
1452 1600 1607 1673 longa
1643 1600 1868 1655 trahens
1897 1597 2156 1668 suspiria,
2186 1611 2309 1652 cum
2352 1595 2592 1666 quotidie
2634 1596 2933 1653 beatissimi
2979 1597 3345 1675 apostolorum

117 1683 167 1739 5³
195 1677 461 1758 principis
487 1685 634 1742 Petri
660 1690 1091 1748 sacratissimum
1124 1691 1298 1748 altare
1329 1699 1584 1749 cerneret
1621 1691 1898 1756 violatum,
1949 1696 2004 1746 et
2035 1689 2104 1745 ad
2145 1696 2350 1743 tantam
2381 1687 2780 1744 inhonestatem
2824 1702 2854 1741 a
2890 1685 3178 1742 Saracenis
3223 1703 3347 1756 pcr-

195 1775 326 1836 lidis
354 1777 568 1849 Deoque
606 1779 898 1836 contrariis
938 1789 995 1836 et
1022 1781 1286 1838 vilitatem
1326 1783 1670 1852 perductum,
1702 1781 1867 1837 etiam
1911 1789 1968 1836 et
2011 1779 2181 1853 (quod
2216 1779 2465 1837 dolentes
2500 1788 2906 1850 mmrentesque
2934 1777 3188 1848 dicimus)
3231 1778 3346 1850 ipse

197 1871 442 1941 undique
476 1869 846 1928 Christianum
875 1872 1129 1944 populum
1157 1875 1226 1928 ad
1265 1873 1376 1942 iam
1419 1874 1515 1931 fati
1553 1875 1814 1946 principis
1845 1871 2247 1938 sacratissima,
2287 1871 2551 1928 orationis
2583 1887 2748 1930 causa
2792 1869 2874 1926 vel
2927 1870 3125 1941 gratia,
3157 1870 3345 1926 limina

196 1961 459 2018 destinari
506 1972 776 2029 cerneret,
820 1970 879 2018 et
919 1964 988 2018 ob
1015 1963 1117 2019 hoc
1145 1973 1269 2020 vota
1316 1979 1414 2020 sua
1459 1974 1518 2021 ut
1558 1965 1689 2020 olim
1723 1963 1988 2034 perlicere
2029 1976 2137 2017 non
2173 1960 2406 2032 pleniter
2440 1962 2761 2031 satagebat;
2797 1959 2918 2013 ideo
2959 1958 3347 2028 omnipotentis

197 2051 421 2108 Domini
452 2051 623 2110 fretus
653 2053 877 2120 auxilio,
917 2064 1081 2126 atque
1125 2056 1352 2112 consilio
1387 2064 1442 2112 et
1487 2056 1688 2112 virtute
1714 2056 1980 2120 munitus,
2010 2055 2194 2110 aureis
2223 2053 2496 2126 simulque
2525 2049 2796 2124 argenteis
2832 2047 3032 2106 tabulis
3072 2051 3190 2105 non
3227 2059 3348 2104 tan-

89 2145 157 2204 lo
202 2155 318 2204 tum
343 2146 738 2204 confessionem
789 2163 1026 2215 sacram,
1055 2163 1242 2206 verum
1274 2150 1438 2206 etiam
1468 2149 1701 2206 frontem
1739 2148 2014 2219 sapedicti
2061 2146 2251 2204 altaris
2292 2147 2427 2204 satis
2455 2146 2709 2201 decenter
2737 2150 2792 2197 et
2819 2140 3117 2198 honorifice
3161 2154 3348 2212 peror—

198 2237 370 2302 navit,
405 2246 466 2292 ut
505 2253 748 2308 prasens
773 2253 873 2310 per
895 2241 1077 2296 omnia
1101 2256 1240 2313 opus
1285 2241 1487 2297 ibidem
1531 2240 1839 2298 dedicatum
1869 2240 1991 2295 luce
2022 2239 2224 2294 clarius
2273 2237 2603 2294 manifestat.
2650 2234 3015 2302 Quamobrem
3050 2229 3346 2312 venerandi

198 2325 393 2383 altaris
417 2326 651 2384 frontem
696 2332 1023 2404 pracipuam
1069 2333 1268 2390 tabulis
1308 2347 1444 2389 auro
1487 2333 1697 2404 optimo
1735 2333 1950 2390 noviter
1990 2329 2281 2396 dedicavit,
2331 2343 2437 2384 una
2481 2344 2603 2384 cum
2654 2323 2882 2396 gemmis
2927 2321 3344 2393 quamplurirhis

201 2413 362 2471 valde
382 2415 603 2486 optimis
626 2433 690 2474 ac
717 2420 972 2494 pretiosis
998 2430 1164 2477 totam
1193 2421 1570 2487 circumdedit,
1611 2429 1666 2477 et
1695 2421 1748 2478 in
1792 2421 2072 2477 meliorem
2105 2429 2164 2475 ut
2187 2419 2338 2490 prius
2365 2426 2568 2474 statum
2592 2415 2954 2485 decoremque
2981 2413 3254 2489 perduxit.
3285 2412 3345 2468 In

203 2507 404 2577 quibus
430 2507 637 2564 scilicet
660 2511 863 2579 aureis,
896 2520 956 2566 ut
999 2512 1202 2569 dictum
1233 2521 1337 2580 est,
1365 2512 1564 2570 tabulis
1591 2527 1700 2570 non
1727 2511 1902 2568 solum
1948 2508 2332 2580 Redemptoris
2375 2505 2546 2565 nostri
2573 2505 2748 2574 forma
2790 2503 3003 2576 depicta
3040 2502 3345 2575 prafulget,

89 2601 158 2659 15
202 2616 390 2657 verum
417 2609 473 2657 et
497 2601 617 2671 ejus
641 2607 970 2662 resurrectio
1003 2606 1330 2673 veneranda,
1361 2615 1527 2677 atque
1552 2605 1814 2664 indicium
1842 2619 2016 2661 sacra
2043 2620 2109 2658 ac
2137 2598 2429 2671 salutifera
2453 2597 2656 2655 crucis.
3339 2592 3356 2603 ’

284 2691 444 2766 513
480 2692 629 2750 Petri
657 2710 872 2768 quoque
913 2698 1175 2770 Paulique
1203 2699 1412 2772 pariter
1454 2698 1637 2754 vultus
1665 2705 1829 2769 atque
1856 2696 2089 2752 Andreae
2131 2694 2186 2749 in
2224 2689 2633 2764 pranominatis
2659 2687 2854 2744 tabulis
2883 2687 3134 2744 similiter
3161 2701 3344 2758 spien-

211 2787 336 2844 dent
363 2798 528 2859 atque
555 2795 882 2846 coruscant:
910 2788 1053 2844 inter
1076 2803 1214 2858 quos
1242 2787 1577 2846 sanctissimi
1606 2788 1784 2860 quarti
1812 2785 2010 2843 Leonis
2040 2783 2310 2857 prasulis,
2334 2796 2543 2838 necnon
2565 2787 2626 2837 et
2645 2779 2898 2850 specialis
2933 2778 3027 2835 filii
3049 2778 3134 2835 sui
3163 2775 3347 2834 domui

206 2876 551 2948 imperatoris
589 2875 858 2943 Lotharii,
907 2885 1130 2949 propter
1173 2877 1416 2934 futuram
1447 2877 1769 2934 memoriam
1810 2878 1925 2934 sive
1957 2875 2287 2944 mercedem,
2329 2887 2580 2946 persona
2619 2869 2731 2925 Deo
2765 2868 2968 2934 chara,
3010 2882 3110 2939 per
3151 2873 3348 2923 cuncta

207 2968 401 3024 sacula
425 2969 748 3025 veneranda
772 2968 998 3040 depicta
1025 2979 1170 3024 sunt.
1199 2967 1352 3026 Fecit
1382 2969 1614 3038 denique
1643 2967 1878 3028 tabulam
1906 2969 1974 3025 de
2001 2967 2220 3032 smalto,‘
2261 2979 2398 3036 opus
2420 2963 2685 3020 ducentas
2719 2960 2994 3018 sexdecim
3025 2959 3145 3015 auri
3174 2957 3348 3014 obrui

124 3061 162 3118 5
209 3076 410 3134 pensan
439 3061 626 3118 libras.
655 3059 1068 3118 Confessionem
1096 3073 1226 3116 vero
1253 3061 1446 3115 crebro
1469 3058 1602 3115 dicti
1626 3058 1815 3114 altaris
1845 3057 2044 3114 tabulis
2069 3071 2138 3114 ex
2165 3063 2392 3128 argento
2417 3050 2622 3125 paratis
2646 3049 2961 3122 purissimo,
2990 3047 3152 3108 simili
3187 3047 3350 3104 modo
3377 3049 3386 3061 ‘

213 3159 321 3205 tota
363 3150 529 3206 animi
567 3149 855 3208 devotione
881 3149 950 3204 ad
985 3148 1270 3220 antiquum
1298 3149 1465 3205 decus
1504 3159 1560 3204 et
1589 3157 1789 3205 statum
1821 3148 2094 3220 perduxit.
2139 3145 2200 3203 In
2241 3145 2440 3216 quibus
2472 3141 2812 3200 Salvatorem
2849 3141 2904 3195 in
2936 3141 3130 3196 throno
3157 3137 3352 3196 seden-

207 3249 315 3298 tem
344 3243 712 3315 conspicimus
740 3243 1008 3314 pretiosas
1053 3245 1109 3300 in
1154 3245 1336 3315 capite
1377 3259 1622 3318 gemmas
1645 3245 1960 3310 habentem,
1989 3253 2045 3300 et
2071 3260 2101 3298 a
2151 3243 2360 3302 dextris
2387 3242 2536 3299 illius
2567 3238 2856 3304 cherubin,
2886 3253 2918 3293 a
2959 3236 3094 3292 lava
3131 3251 3349 3308 quoque

209 3334 328 3405 ejus
355 3334 536 3391 vultus
579 3335 952 3406 apostolon
990 3344 1425 3407 caterorumque
1463 3335 1728 3408 depictos.
1773 3335 1886 3392 lmo
1923 3344 1978 3392 et
2018 3351 2179 3405 rugas
2223 3335 2354 3390 fecit
2400 3348 2576 3390 sacra
2621 3335 2979 3392 confessionis
3015 3349 3097 3408 ex
3122 3344 3350 3406 argento

135 3450 140 3454 -
209 3430 569 3486 constructas,
596 3423 779 3478 vultus
805 3425 1071 3483 habentes
1103 3426 1406 3484 beatissimi
1433 3429 1578 3484 Petri
1609 3439 1661 3484 et
1692 3427 1865 3492 Pauli,
1889 3442 2115 3497 pensan.
2147 3426 2316 3482 libras
2337 3426 2602 3484 ducentas
2623 3437 2679 3484 et
2704 3437 2845 3484 octo.
2877 3427 2997 3497 Ipse
3025 3440 3155 3482 vero
3181 3442 3210 3481 a
3238 3427 3350 3483 Deo

95 3517 168 3572 10
210 3513 460 3570 amabilis
484 3522 541 3570 et
581 3517 1033 3586 prudentissimus
1059 3518 1302 3591 pontifex
1327 3519 1458 3575 fecit
1487 3520 1540 3575 in
1583 3519 1806 3578 basilica
1837 3519 1981 3574 beati
2014 3517 2162 3573 Pctri
2194 3518 2424 3588 apostoli
2455 3518 2574 3578 vela
2599 3534 2665 3574 ex
2711 3534 2845 3574 auro
2875 3526 3022 3573 texta
3054 3516 3346 3586 pendentia

130 3641 134 3644 -
211 3604 268 3661 in
299 3605 534 3661 arcubus
558 3615 774 3676 compte
801 3606 857 3663 in
884 3607 1114 3666 circuitu
1142 3607 1210 3666 de
1252 3607 1482 3664 blatthin
1527 3623 1758 3663 numero
1786 3607 2062 3662 undecim.
2105 3605 2322 3662 Necnon
2351 3616 2407 3662 et
2433 3608 2488 3662 in
2518 3609 2759 3666 oratorio
2789 3607 2966 3664 sancti
2995 3607 3192 3664 Leonis
3215 3622 3349 3679 pon-

215 3695 378 3752 tilicis
416 3696 558 3751 intra
607 3697 897 3756 ecclesiam
939 3699 1085 3756 beati
1111 3699 1260 3755 Petri
1303 3699 1532 3770 apostoli
1561 3701 1694 3756 fecit
1717 3709 1924 3755 vestem
1967 3699 2197 3756 sericam
2236 3699 2415 3754 albam
2462 3700 2748 3772 sigillatam
2782 3713 2906 3755 cum
2951 3700 3269 3770 gammadiis
3294 3709 3350 3756 et

207 3788 460 3860 periclysi
505 3789 572 3845 de
610 3789 842 3847 blatthin
873 3805 1060 3859 unam,
1105 3800 1164 3848 et
1207 3791 1325 3846 vela
1355 3791 1608 3848 similiter
1633 3791 1754 3848 alba
1787 3792 1996 3862 majora
2023 3793 2148 3857 duo,
2193 3792 2405 3849 minora
2447 3802 2593 3849 octo.
2621 3793 2691 3850 Et
2731 3792 3146 3859 inmonasterio
3173 3791 3348 3848 sancti

209 3878 453 3946 Casarii,
488 3879 630 3950 quod
658 3883 874 3952 ponitur
899 3881 952 3940 in
979 3881 1204 3954 palatio,
1230 3883 1360 3940 fecit
1386 3891 1590 3940 vestem
1615 3885 1683 3938 de
1707 3883 1932 3940 fundato
1961 3900 2144 3951 unam,
2175 3894 2230 3940 et
2255 3884 2371 3940 vela
2405 3894 2551 3940 octo.
2846 3867 2856 3874 ’

291 3971 453 4045 514
489 3971 608 4042 Ipse
634 3989 761 4029 vero
789 3990 821 4030 a
849 3975 960 4034 Deo
989 3985 1263 4048 protectus
1285 3984 1341 4034 et
1377 3977 1706 4034 venerabilis
1738 3977 1982 4048 pontifex
2025 3989 2248 4050 propter
2278 3979 2689 4035 retributionem
2718 3988 2775 4036 et
2810 3977 3115 4036 mercedem
3152 3979 3347 4035 anima

213 4078 325 4119 sua
351 4063 477 4120 fecit
518 4064 573 4119 in
616 4067 932 4124 cameterio
960 4067 1132 4125 beata
1171 4068 1396 4140 Agatba
1424 4069 1706 4140 martyris,
1737 4071 1882 4140 quod
1911 4072 2131 4141 ponitur
2163 4071 2295 4126 foris
2323 4079 2532 4142 portam
2577 4071 2718 4128 beati
2763 4073 3037 4130 Pancratii
3070 4072 3343 4144 martyris,

213 4165 422 4212 vestem
462 4157 531 4212 de
557 4156 784 4215 fundato
811 4174 996 4226 unam,
1043 4170 1099 4215 et
1139 4159 1259 4215 vela
1299 4169 1444 4216 octo.
1475 4159 1737 4228 Quisnam
1769 4161 1950 4217 dicere
1995 4161 2189 4228 valeat,
2237 4161 2322 4217 vel
2365 4176 2594 4218 narrare
2632 4163 2882 4222 sufﬁcere
2925 4166 3116 4236 possit,
3143 4173 3345 4236 quanta

210 4249 330 4322 ipse
371 4265 401 4304 a
433 4251 544 4307 Deo
571 4259 845 4322 protectus
885 4261 940 4309 et
967 4252 1357 4310 solertissimus
1383 4268 1524 4323 papa
1553 4253 1759 4310 sanctis
1789 4253 1922 4310 locis
1949 4255 2144 4310 devota
2174 4251 2372 4310 obtulit
2399 4265 2580 4311 mente
2609 4253 2794 4312 dona?
2835 4251 2968 4308 Nam
2999 4254 3053 4310 in
3085 4254 3347 4320 oratorio,

133 4340 174 4399 ὅ
210 4340 360 4412 quod
389 4338 538 4395 Pauli
582 4341 780 4400 dicitur
826 4360 1002 4416 papa,
1049 4344 1202 4401 mira
1238 4345 1660 4418 pulchritudinis
1688 4345 1887 4403 obtulit
1929 4355 2140 4403 vestem
2185 4345 2514 4416 aquilarum,
2563 4345 2856 4402 habentem
2903 4345 3183 4402 historiam
3223 4359 3349 4401 cum

211 4447 380 4492 cruce
407 4435 471 4490 de
499 4435 852 4506 chrysoclavo
875 4445 931 4492 et
968 4435 1292 4507 gammadiis
1316 4451 1500 4493 unam.
1537 4435 1692 4494 Fecit
1731 4445 1913 4494 autem
1941 4437 1995 4492 in
2040 4438 2282 4494 oratorio
2306 4447 2622 4495 sanctorum
2661 4436 2909 4496 Processi
2936 4447 2990 4495 et
3037 4437 3347 4494 Martiniani

211 4522 519 4594 splendoris
553 4539 659 4577 non
685 4525 882 4582 modici
909 4535 1112 4584 vestem
1156 4544 1279 4584 cum
1306 4529 1442 4586 rotis
1465 4539 1521 4586 et
1565 4529 1900 4596 hominibus,
1952 4540 2010 4586 et
2041 4530 2328 4588 historiam
2353 4547 2479 4587 cum
2510 4544 2693 4595 cruce,
2735 4531 2987 4588 similiter
3027 4533 3094 4587 de
3125 4534 3348 4601 chryso-

212 4611 390 4679 clavo,
417 4621 470 4669 et
493 4614 855 4686 gammadiam
881 4633 1065 4673 unam.
1114 4617 1290 4675 Aliam
1320 4636 1450 4680 vero
1476 4629 1684 4676 vestem
1717 4619 1932 4692 fulgida
1957 4619 2181 4676 visionis
2208 4621 2262 4674 in
2288 4621 2515 4676 basilica
2543 4629 2746 4676 sancta:
2769 4620 3072 4677 Petronilla
3098 4621 3344 4691 perfecit,

155 4773 158 4775 λ
213 4707 504 4762 habentem
532 4716 704 4764 rotam
731 4709 1075 4780 aquilamque
1100 4723 1223 4766 cum
1250 4727 1413 4768 cruce
1435 4711 1501 4767 de
1530 4709 1887 4781 chrysoclavo
1919 4718 1976 4766 et
1996 4709 2321 4779 gammadiis
2352 4726 2536 4765 unam.

295 4794 454 4866 515
484 4795 690 4853 Obtulit
718 4814 848 4858 vero
873 4801 928 4855 in
956 4803 1200 4856 oratorio
1229 4811 1432 4859 sancta
1467 4801 1564 4857 Dei
1608 4802 1898 4859 Genitricis
1925 4816 2142 4872 semper
2170 4800 2409 4872 Virginis
2438 4801 2672 4857 domina
2699 4811 2901 4860 nostra
2939 4799 3149 4870 Marias,
3201 4807 3346 4876 quod

217 4893 276 4949 in
306 4893 556 4948 mediana
584 4894 850 4959 consistit,
886 4903 1092 4949 vestem
1131 4891 1384 4950 similiter
1417 4908 1541 4950 cum
1573 4893 1707 4949 rotis
1737 4892 2043 4965 aquilisque
2075 4902 2132 4949 et
2157 4907 2318 4948 cruce
2363 4893 2431 4948 de
2466 4893 2822 4964 chrysoclavo
2863 4911 2987 4951 cum
3017 4901 3345 4968 gammadiis

213 4998 402 5040 unam.
429 4982 583 5041 Fecit
607 4986 822 5057 quidem
867 4987 921 5043 in
967 4986 1211 5042 oratorio
1253 4987 1429 5042 sancti
1465 4985 1691 5041 Adriani
1717 4994 1924 5043 vestem
1966 5000 2088 5042 cum
2122 4985 2256 5042 rotis
2297 4984 2685 5060 hominumque
2721 4990 3002 5062 eﬂigiebus
3031 5011 3152 5050 cum
3181 5012 3346 5054 cruce

163 5111 170 5118 -
217 5076 469 5134 similiter
495 5078 563 5134 de
589 5076 942 5149 chrysoclavo
965 5086 1021 5132 et
1046 5075 1368 5146 gammadiis
1394 5090 1579 5132 uuam.
1605 5075 1725 5145 Ipse
1753 5089 1884 5130 vero
1911 5074 2110 5145 sapius
2148 5086 2480 5134 memoratus
2516 5086 2573 5134 et
2608 5079 2953 5139 beatissimus
2983 5100 3124 5156 papa
3153 5087 3353 5144 obtulit

139 5170 180 5227 5
216 5169 276 5226 iu
301 5169 526 5226 basilica
555 5171 730 5227 sancti
755 5170 1064 5227 Sebastiani
1094 5171 1373 5242 martyris,
1405 5184 1527 5242 qua
1549 5169 1603 5224 in
1631 5167 1895 5226 Frascata
1923 5167 2205 5236 consistit,
2235 5179 2440 5226 vestem
2474 5173 2889 5242 pretiosissima
2921 5177 3190 5234 claritatis
3219 5193 3344 5235 cum

220 5275 388 5318 cruce
410 5261 478 5318 de
503 5262 856 5334 chrysoclavo
883 5270 938 5316 et
971 5259 1294 5330 gammadiis
1326 5275 1509 5316 unam.
1549 5258 1653 5326 Qui
1695 5272 1942 5314 summus
1983 5266 2038 5314 et
2067 5256 2370 5330 pnecipuus
2404 5261 2603 5332 praesul
2650 5260 2782 5318 fecit
2830 5264 2882 5319 in
2932 5264 3152 5322 basilica
3202 5268 3347 5323 beati

218 5353 371 5410 Petri
406 5353 632 5426 apostoli
659 5353 926 5408 cortinam
965 5351 1326 5408 holosericam
1359 5366 1481 5407 cum
1514 5350 1759 5407 historiis
1787 5348 1971 5406 multis
1999 5348 2269 5407 claritatis
2297 5352 2575 5410 immensa
2613 5352 2682 5408 ad
2723 5353 2976 5410 decorem
3019 5365 3075 5411 et
3118 5356 3349 5414 vloriam

217 5448 395 5518 ipsius
422 5447 805 5504 sacratissima:
837 5443 1076 5500 basilica
1104 5458 1286 5498 unam.
1317 5443 1451 5498 Cum
1485 5457 1612 5497 vero
1643 5445 1776 5507 hac,
1805 5450 1861 5497 et
1883 5457 2002 5512 qua
2026 5442 2227 5512 scripta
2269 5454 2420 5509 sunt,
2451 5443 2560 5501 Leo
2585 5446 2668 5499 vir
2697 5444 3046 5502 beatissimus
3087 5459 3349 5517 quartus-

223 5554 334 5609 que
357 5540 553 5610 przesul
581 5539 808 5594 Domino
837 5535 1126 5592 solatiaute
1157 5534 1360 5589 amoris
1389 5549 1454 5588 ac
1475 5533 1728 5589 desiderii
1751 5533 1928 5604 gratia
1952 5549 2050 5603 per
2075 5533 2290 5588 diversa
2316 5533 2530 5602 piorum
2557 5535 2678 5593 loca
2710 5547 3024 5595 sanctorum
3053 5541 3349 5610 perfectius

77 5627 184 5701 310
224 5628 563 5694 contulisset,
595 5619 817 5683 tunc—de
847 5628 1103 5682 Romanae
1130 5627 1281 5682 urbis
1310 5635 1454 5680 statu
1487 5641 1547 5678 ac
1572 5626 1968 5681 rcstauratione
1994 5618 2297 5688 murorum,
2324 5625 2417 5693 qui
2444 5625 2603 5698 longo
2640 5625 2755 5692 jam
2796 5632 2946 5683 senio
2990 5640 3152 5701 atque
3197 5641 3349 5685 vetu-

225 5726 370 5773 state
399 5718 563 5773 nimia
594 5717 749 5772 fracti
778 5717 1051 5786 dirutiqne
1084 5716 1327 5770 funditus
1359 5718 1702 5781 videbantur,
1731 5719 1896 5785 C(Ppil.
1920 5733 2041 5769 cum
2063 5715 2189 5768 Jesu
2213 5717 2415 5770 Christi
2451 5717 2663 5772 Domini
2703 5728 2936 5775 tractare
2963 5723 3231 5786 coiisultu,
3259 5739 3346 5788 ne,

228 5811 274 5865 si
301 5810 391 5864 diu
419 5810 517 5865 sub
545 5813 643 5865 hac
668 5811 990 5880 negligentia
1024 5811 1134 5864 sive
1163 5809 1432 5865 oblivione
1460 5810 1839 5876 consisterent,
1872 5822 1962 5863 aut.
1989 5810 2216 5863 Domino
2252 5810 2598 5880 permittente
2638 5810 2852 5866 facilius
2882 5813 2950 5866 ab
2981 5814 3227 5868 hostibus
3256 5828 3350 5868 aut

224 5903 346 5978 capi
375 5913 467 5960 aut
493 5905 676 5962 forsan
714 5905 1008 5977 expugnari
1049 5906 1394 5977 potuissent:
1427 5905 1570 5977 ideo,
1602 5922 1670 5964 ne
1717 5907 1818 5964 hoc
1869 5904 1923 5964 in
1967 5904 2209 5966 futurum
2250 5903 2454 5967 malum
2494 5905 2678 5984 fieret.
2716 5919 2906 5966 omnes
2948 5907 3350 5972 prauominata
