4004 6324
89 469 250 530 £325
287 480 300 495 ’
816 468 819 471 ’
923 476 1249 537 ΠΙΞΤΟΜΑ
1289 481 1382 537 DE
1418 481 1597 539 VITIS
1638 477 1799 537 πολι.
1843 478 2044 535 PONT.
2083 512 2151 522 —
2191 480 2249 535 S.
2293 479 2426 535 LEO
2466 477 2551 535 iV.
3229 482 3371 537 1326

248 596 461 659 pariter
480 599 547 643 ac
562 586 874 648 sacerdotes
898 593 1087 649 incola:
1121 597 1288 662 urbis,
1325 606 1382 653 et
1422 597 1659 652 universi
1686 595 1906 652 ordines
1933 595 2256 650 clericorum
2286 602 2490 648 saneta:
2517 590 2800 647 catholicae
2843 601 2898 646 et
2926 593 3237 663 apostolietc
3266 595 3375 649 Ro-

248 696 425 739 manae
448 678 729 745 Ecclesiae.
754 693 877 754 pOSt
897 683 1131 751 litanias,
1156 697 1211 742 et
1233 687 1549 758 psalterium
1576 686 1945 748 deeantatum,
1969 698 2093 739 enm
2121 685 2337 755 hymnis
2375 693 2431 737 et
2458 682 2687 737 canticis
2725 684 3059 752 spiritalibus
3086 701 3183 755 per
3203 695 3372 742 totqu

140 774 145 781 '
248 786 529 828 murorum
553 772 813 828 ambitum
844 775 1003 831 nudis
1028 777 1251 843 pedibus
1276 777 1515 833 cinerem
1546 786 1826 847 portantes
1854 778 1905 830 in
1943 776 2119 845 capite
2144 775 2457 835 circnirent,
2487 783 2539 827 et
2590 775 2733 828 inter
2763 782 2960 828 caetera
2989 776 3057 828 ah
3098 776 3374 845 episcopis

121 858 213 913 20
247 858 614 917 cardinalibus
637 877 832 932 aquam
879 862 997 917 ﬁeri
1030 863 1369 920 benedictum
1394 865 1668 934 pmcepit,
1696 872 1759 920 ut
1802 865 1948 919 inter
1973 867 2281 919 orationum
2341 863 2537 928 ollleia,
2564 878 2758 931 aquam
2806 863 2974 931 ipsam
3028 874 3373 922 transeuntes

248 967 347 1021 per
374 968 586 1007 murum
621 953 1066 1011 sanctiﬁcationis
1098 957 1273 1028 gratia
1297 957 1505 1028 jactare
1532 956 1860 1013 omnimodis
1881 956 2217 1011 studuissent
2245 975 2259 1011 :
2292 958 2405 1026 qui,
2437 966 2493 1011 ut
2517 956 2588 1010 ab
2630 955 2925 1024 eojussuni
2961 955 3159 1021 fuerat,
3195 960 3374 1016 humi-

248 1038 377 1093 liter
403 1050 751 1112 peregerunt.
1058 1060 1063 1065 ο
3012 1063 3017 1070 ·

320 1128 483 1202 536
515 1131 634 1202 ipse
664 1141 843 1189 autem
890 1137 1220 1193 venerabilis
1262 1137 1507 1208 pontifex
1535 1152 1630 1194 ore
1658 1153 1759 1194 suo
1786 1148 1898 1194 tres
1923 1152 2087 1209 super
2136 1138 2385 1194 emndem
2435 1154 2648 1193 murum
2677 1140 2957 1195 orationes
3012 1143 3194 1196 inultis
3245 1144 3370 1199 cum

251 1220 510 1294 laerymts
538 1239 604 1279 ac
652 1226 902 1297 suspiriis
929 1228 1101 1293 dedit,
1134 1245 1333 1301 rogans
1355 1245 1421 1285 ac
1444 1240 1633 1299 petens
1657 1239 1715 1284 ut
1744 1231 2034 1301 smpedicta
2064 1230 2277 1292 civitas,
2303 1237 2359 1283 et
2405 1228 2608 1283 Christi
2637 1239 3058 1285 conservaretur
3089 1231 3141 1287 in
3194 1249 3368 1287 ayvnm

248 1313 475 1381 auxilio,
498 1326 555 1372 et
591 1327 904 1375 sanctorum
931 1322 1169 1376 omnium
1201 1322 1621 1391 angelorumque
1647 1322 1897 1391 prtesidio
1926 1322 1996 1376 ab
2018 1321 2270 1375 universo
2302 1319 2644 1375 inimicorum
2678 1335 2869 1375 secura
2901 1330 2969 1377 et
3006 1320 3372 1393 imperterrita

250 1412 566 1480 perduraret
612 1408 853 1467 incursu.
882 1411 1122 1467 Primam
1152 1413 1384 1482 denique
1412 1414 1713 1470 orationem
1760 1414 1882 1467 fecit
1917 1427 2081 1481 super
2110 1421 2319 1482 portam
2363 1426 2483 1479 qua:
2523 1412 2740 1480 respicit
2792 1412 2861 1465 ad
2913 1421 3165 1467 sanctum
3212 1412 3376 1468 Pere-

174 1497 215 1551 5
254 1499 489 1568 grinum,
525 1498 679 1566 cujus
711 1498 834 1555 linis
858 1508 915 1555 et
961 1500 1288 1570 principium
1316 1500 1427 1556 tale
1465 1507 1549 1557 est
1590 1518 1605 1554 :
1641 1506 1701 1565 >14
1742 1507 1799 1565 Ψ
1835 1506 1894 1563 ›Ῑ‹
1929 1501 2087 1562 Deus,
2134 1502 2225 1569 qui
2267 1500 2504 1570 apostolo
2550 1511 2640 1553 tuo
2675 1501 2836 1559 Petro
2878 1504 3086 1559 collatis
3132 1506 3367 1560 claribus

249 1587 393 1656 regni
414 1586 630 1641 caelestis
654 1585 855 1658 ligandi
878 1598 1032 1660 atque
1055 1589 1286 1643 solvendi
1309 1590 1635 1660 ponti/icium
1671 1590 1957 1653 tradidisti,
1983 1593 2227 1655 concede,
2259 1602 2315 1644 ut
2339 1592 2721 1646 intercessionis
2748 1592 2863 1661 ejus
2888 1591 3088 1646 auxilio
3128 1610 3161 1646 α
3183 1610 3368 1663 pecca-

244 1686 421 1728 torum
445 1688 743 1731 nostrorum
778 1680 995 1734 nexibus
1016 1680 1315 1745 liberemur,
1347 1682 1556 1736 ethunc
1585 1682 1866 1744 ciuitatem,
1887 1699 2045 1752 quam
2069 1683 2272 1737 nouiter
2296 1695 2344 1736 te
2365 1684 2650 1754 udjucante
2690 1683 3049 1748 fundavimus,
3079 1684 3167 1753 {ac
3201 1691 3265 1738 ab
3289 1687 3372 1740 ira

245 1775 336 1819 tua
359 1767 414 1820 in
438 1777 741 1837 perpetuum
767 1784 978 1824 manere
1000 1786 1261 1835 securam,
1287 1778 1334 1824 et
1356 1771 1421 1824 de
1447 1769 1702 1832 hostibus,
1729 1786 1950 1839 quorum
1989 1786 2150 1823 causa
2198 1782 2496 1826 constructa
2517 1784 2615 1838 est,
2648 1792 2805 1829 novos
2831 1793 2894 1831 ac
2940 1777 3251 1847 multiplices
3274 1778 3374 1833 Ita-

246 1859 364 1915 bere
392 1860 700 1931 triumphos.
757 1861 1061 1919 Secundam
1090 1875 1304 1930 quoque
1333 1861 1503 1916 isdem
1523 1861 1644 1932 pius
1672 1876 1808 1932 papa
1835 1861 1982 1915 dedit
2028 1863 2331 1916 orationem
2365 1878 2524 1933 super
2552 1866 2902 1933 posterulam,
2929 1867 3019 1920 ubi
3064 1867 3260 1921 mirum
3312 1868 3368 1923 in

132 1948 211 2007 {0
247 1953 464 2008 modum
490 1953 772 2008 castellum
802 1952 1135 2025 praeeminet,
1160 1967 1280 2021 qum
1308 1951 1580 2006 vocitatur
1606 1951 1792 2006 Sancti
1821 1953 2031 2022 Angeli.
2061 1952 2225 2021 Cujus
2254 1954 2517 2008 orationis
2550 1955 2672 2009 talis
2697 1967 2782 2010 est
2822 1965 3001 2010 textus
3032 1974 3047 2010 :
3082 1956 3247 2021 Deus,
3277 1959 3371 2028 qui

243 2045 309 2100 ab
330 2046 442 2116 ipso
468 2044 650 2102 mundi
687 2047 848 2117 hujus
872 2046 1086 2102 exordio
1106 2046 1242 2099 hanc
1263 2054 1499 2098 sanctam
1522 2043 1834 2098 catholicam
1859 2053 1910 2097 et
1940 2043 2280 2112 apostolicam
2316 2043 2608 2099 Romanam
2631 2045 2923 2104 Ecclesium
2938 2050 3002 2103 ob
3027 2050 3260 2105 hostibus
3276 2068 3369 2106 cu-

244 2137 441 2191 stodire
460 2147 509 2191 et
533 2154 837 2194 conservare
862 2139 1109 2209 dignatus
1139 2154 1213 2202 es,
1254 2137 1544 2209 iniquitatis
1565 2146 1761 2190 nostris
1782 2136 2185 2206 chirographum
2222 2137 2533 2205 propitiatus
2554 2139 2805 2204 emundu,
2830 2150 2878 2194 et
2923 2140 3184 2195 civitatem
3207 2141 3366 2205 hanc,

238 2242 397 2298 quam
424 2239 512 2283 tuo
539 2241 721 2285 sancto
748 2231 946 2285 nomini
978 2246 1070 2299 per
1090 2228 1448 2301 apostolorum
1474 2238 1683 2282 tuorum
1712 2225 1858 2282 Petri
1889 2236 1936 2281 et
1982 2223 2144 2280 Pauli
2186 2227 2444 2297 sttﬂ'mgt'a
2466 2228 2667 2281 nouiter
2707 2228 3087 2296 dedicauintus,
3113 2229 3181 2282 ab
3203 2232 3374 2284 omni-

240 2319 335 2374 bus
357 2321 687 2376 inimicorum
708 2323 915 2377 insidiis
935 2338 1171 2376 securam
1193 2336 1396 2391 semper
1409 2330 1564 2390 atque
1583 2319 1983 2387 imperterritum
2012 2333 2222 2371 manere
2244 2318 2501 2387 permitte.
2532 2317 2635 2370 Per
2658 2315 2939 2370 Dominum
2975 2325 3231 2378 nostrum,
3259 2324 3368 2388 etc.

133 2406 207 2464 I5
243 2405 482 2465 Tertiam
518 2426 648 2466 vero
686 2411 985 2466 orationem
1016 2410 1216 2465 cecinit
1236 2423 1399 2479 super
1420 2406 1751 2478 posterulam
1781 2405 1941 2459 aliam
1970 2418 2089 2473 qme
2136 2403 2358 2473 respicit
2405 2403 2474 2458 ad
2501 2402 2743 2459 scholam
2792 2402 3101 2468 Saxonum,
3130 2416 3253 2473 qua:
3297 2417 3370 2458 ex

238 2510 424 2552 eorum
451 2501 715 2556 vocabulo
743 2500 1018 2556 Saxonum
1048 2499 1321 2571 posterula
1351 2497 1674 2569 appellatur,
1703 2505 1760 2550 et
1788 2495 1903 2566 ipsa
1931 2495 2105 2550 oratio
2129 2496 2285 2549 tertia
2318 2494 2463 2550 hunc
2488 2494 2800 2566 specialiter
2822 2488 3068 2550 continet
3100 2496 3320 2553 modum
3347 2517 3363 2550 :

243 2588 471 2660 Praesta,
498 2613 819 2667 quwsumus,
847 2599 1171 2665 omnipotens
1201 2605 1251 2650 et
1282 2595 1579 2649 misericors
1624 2593 1786 2658 Deus,
1819 2603 1876 2647 ut
1928 2593 1998 2647 ad
2044 2602 2092 2648 te
2116 2602 2225 2647 toto
2273 2593 2428 2647 corde
2474 2593 2787 2656 clamantes,
2820 2592 3172 2649 intercedente
3218 2594 3369 2649 beate

241 2680 400 2766 Petro
422 2688 656 2757 apostolo
685 2700 795 2754 tuo,
822 2697 928 2742 tua:
951 2687 1162 2757 pietatis
1204 2686 1583 2755 indulgentium
1613 2702 2013 2756 consequamur,
2038 2695 2085 2738 et
2113 2685 2440 2766 pro-civitate
2467 2687 2585 2747 hac,
2610 2703 2770 2757 quam
2801 2705 2896 2759 ego
2941 2686 3181 2758 famulus
3234 2697 3363 2743 tuus

240 2773 345 2829 Leo
361 2765 583 2849 quartus
605 2780 896 2851 episcopus,
922 2793 972 2836 te
997 2781 1309 2844 auxiliante,
1358 2797 1492 2835 novo
1519 2797 1671 2847 opere
1690 2779 1944 2845 dedicaui,
1971 2794 2185 2850 meoque
2212 2765 2294 2834 es:
2319 2779 2527 2834 nomine
2548 2779 2784 2836 Leonina
2810 2790 3047 2845 vocatur,
3070 2782 3263 2852 jubeus
3308 2792 3368 2837 ut

125 2863 207 2920 20
240 2882 442 2935 semper
466 2869 636 2926 illaesa
670 2882 880 2927 maneat
909 2890 971 2927 ac
1006 2889 1191 2927 secura
1229 2871 1371 2942 apud
1404 2870 1731 2926 clementiam
1760 2870 2050 2940 majestatis
2078 2880 2185 2924 tute
2227 2869 2429 2941 jugiter
2450 2884 2763 2927 exoramus.
2789 2869 2892 2927 Per
2936 2872 3214 2928 Dominum
3268 2890 3367 2928 no-

238 2966 424 3020 struat,
457 2967 565 3015 etc.

313 3044 475 3119 535
526 3047 582 3103 In
619 3064 727 3119 qua
757 3048 966 3105 scilicet
995 3049 1239 3112 civitate,
1264 3049 1420 3119 juxta
1452 3048 1777 3118 promissum
1807 3048 1888 3103 sui
1920 3046 2171 3102 desiderii
2199 3049 2341 3118 quod
2372 3049 2484 3107 Deo
2517 3061 2770 3116 voverat,
2821 3069 3070 3127 magnam
3111 3053 3225 3110 sive
3263 3054 3366 3109 Ro-

240 3142 440 3207 manis,
462 3144 574 3199 sive
594 3145 826 3202 diversis
855 3147 1182 3209 nationibus,
1220 3146 1272 3201 in
1306 3162 1532 3200 summa:
1560 3145 1918 3201 solemnitatis
1952 3145 2039 3199 die
2080 3161 2265 3218 regam
2301 3148 2598 3205 distribuit.
2656 3151 2861 3207 Deinde
2894 3165 3017 3206 cum
3045 3152 3275 3214 caeteris.
3308 3165 3367 3206 ut

242 3237 524 3307 praefatum
557 3247 659 3302 est,
706 3240 1079 3295 sacerdotibus
1101 3250 1155 3293 et
1178 3239 1431 3293 omnibus
1458 3239 1823 3294 Romanorum
1852 3242 2169 3310 proceribus
2195 3243 2262 3297 ad
2287 3244 2572 3300 ecclesiam
2596 3224 2749 3313 beati,
2789 3245 2936 3301 Petri
2970 3246 3199 3316 apostoli
3243 3262 3368 3302 cum

241 3334 576 3391 orationibus
605 3336 913 3406 divinisque
939 3336 1185 3390 laudibus
1215 3334 1462 3397 tendens,
1487 3335 1705 3388 missam
1731 3351 1828 3406 pro
1856 3336 2028 3388 salute
2059 3336 2238 3406 populi
2267 3345 2322 3391 et
2351 3338 2593 3394 civitatis
2626 3339 3023 3406 incolumitate,
3059 3358 3124 3398 ac
3153 3328 3367 3399 stabili-

162 3427 206 3485 5
242 3439 352 3487 tate
369 3441 649 3503 perpetua,
677 3430 974 3485 honoriﬁce
1001 3430 1325 3485 decantavit.
1357 3427 1409 3482 Is
1430 3430 1611 3499 itaque
1632 3430 1805 3484 sacris
1829 3430 2060 3497 peractis
2089 3430 2305 3495 ciliciis,
2332 3443 2563 3487 cunctos
2596 3435 2805 3491 nobiies
2838 3436 3026 3492 Romae
3062 3437 3367 3507 multiplici-

236 3527 339 3584 bus
363 3528 517 3583 donis
546 3542 653 3583 non
682 3535 888 3581 tantum
931 3526 984 3582 in
1015 3540 1167 3589 auro,
1218 3536 1535 3596 argenlove,
1572 3525 1665 3579 sed
1703 3533 1758 3579 et
1786 3525 1975 3578 sericis
2018 3524 2194 3595 palliis
2246 3526 2532 3583 honoravit
2573 3536 2736 3599 atque
2771 3527 2979 3586 ditavit.
3011 3532 3243 3603 Fuitquc
3279 3534 3368 3591 die

237 3623 331 3681 ilo
358 3639 551 3696 magna
576 3624 786 3681 cunctis
826 3622 1035 3686 laetitia,
1069 3621 1320 3676 videlicet
1345 3622 1431 3676 die
1470 3621 1698 3690 septimo
1727 3629 1781 3675 et
1817 3621 2073 3698 vicesimo
2101 3622 2302 3677 mensis
2323 3621 2490 3686 Junii,
2541 3625 2716 3695 pridie
2754 3636 2880 3682 ante
2922 3628 3362 3687 beatissimorum

239 3720 605 3791 apostolon
634 3720 783 3776 Petri
807 3727 863 3775 et
889 3719 1040 3774 Pauli
1074 3718 1304 3791 vigilias.
1328 3719 1420 3773 sed
1439 3728 1495 3773 et
1523 3733 1618 3786 per
1647 3726 1814 3773 totam
1842 3717 2137 3772 Romanam
2161 3720 2350 3775 urbem
2381 3721 2591 3776 inﬁnita
2625 3722 2844 3793 gaudia,
2879 3733 2936 3780 et
2974 3725 3367 3788 exsultationes

235 3818 532 3874 innumerae
553 3816 841 3872 celebratae
868 3824 1014 3870 sunt.
1042 3814 1172 3869 lude
1202 3814 1375 3885 magis
1403 3815 1620 3885 dignum
1650 3822 1736 3869 est
1765 3824 1927 3881 atque
1941 3816 2267 3872 conveniens
2291 3827 2352 3874 ut
2371 3833 2470 3887 pro
2499 3827 2652 3874 tanto
2691 3819 2923 3890 praesule
2960 3829 3227 3890 tantoque
3270 3837 3367 3892 pa-

121 3913 204 3974 “)
237 3923 388 3970 stare
411 3912 866 3983 cuuctipotentem
895 3910 1180 3966 Dominum
1203 3919 1314 3964 toto
1339 3912 1505 3965 corde
1530 3925 1771 3979 puroque
1793 3911 1975 3964 animo
1995 3911 2197 3979 iugiter
2219 3913 2569 3983 imploremus
2582 3916 2701 3985 (per
2719 3931 2880 3987 quem
2913 3926 3020 3973 tam
3047 3918 3367 3975 admirabile

218 4008 729 4080 (perhonestumque
749 4021 902 4078 opus,
935 4006 1138 4063 Christi
1164 4006 1453 4061 solatiante
1478 4007 1738 4075 potentia,
1768 4006 1927 4061 celeri
1967 4008 2356 4065 exercitatione
2376 4010 2646 4080 expletum
2672 4013 2745 4068 ob
2771 4013 2998 4071 salutem
3028 4014 3367 4070 Christiano-

165 4128 173 4133 ι
237 4114 360 4156 rum
389 4098 631 4155 omnium
670 4106 1215 4169 consummatumth
1249 4096 1666 4170 cognoscimus)
1706 4097 1760 4152 in
1795 4098 1995 4153 nostris
2033 4099 2390 4163 orationibus.
2424 4109 2695 4172 quatenus
2722 4113 2781 4159 et
2825 4104 2915 4159 hic
2943 4105 3252 4163 diutissime
3283 4106 3367 4161 vi-

232 4207 381 4272 geat,
405 4206 460 4253 et
482 4196 593 4252 illic
620 4210 744 4250 cum
768 4196 974 4252 sanctis
1006 4196 1257 4250 omnibus
1285 4210 1385 4264 pro
1412 4195 1524 4251 suis
1555 4194 1861 4250 innumeris
1883 4195 2279 4252 certaminibus
2308 4212 2380 4253 ac
2426 4197 2705 4255 laboribus
2736 4199 3123 4270 perpetualiter
3161 4208 3366 4259 aeterna

232 4294 509 4346 mereatur
532 4286 754 4357 praemia
791 4286 1091 4356 possidere.
1934 4298 1937 4303 ·
2847 4318 2853 4323 .

164 4410 173 4427 ς
250 4385 267 4395 ·
311 4383 480 4456 533
504 4381 623 4453 Ipse
647 4394 781 4435 vero
810 4379 1161 4434 beatissimus
1190 4393 1327 4449 papa
1359 4377 1489 4435 fecit
1515 4381 1571 4435 in
1597 4381 1826 4438 ecclesia
1865 4385 2040 4439 sancti
2085 4385 2333 4457 Sinzigii,
2361 4400 2487 4456 qum
2522 4386 2745 4457 ponitur
2771 4387 2828 4442 in
2851 4387 3072 4444 civitate
3105 4385 3364 4448 Blerana.

230 4487 439 4535 vestem
467 4478 535 4532 de
561 4475 785 4531 fundato
814 4490 999 4538 unam,
1040 4474 1326 4529 habentem
1362 4477 1414 4531 in
1441 4479 1616 4533 medio
1658 4481 1873 4534 tabulas
1905 4481 1971 4535 de
1992 4481 2365 4553 chrysoclavo,
2401 4497 2525 4537 cum
2553 4480 2735 4553 elligie
2773 4481 3096 4545 Salvatoris.
3132 4481 3370 4539 habente

230 4572 493 4643 in'capite
520 4585 763 4643 gemmas
788 4572 1037 4640 prasinas
1077 4579 1208 4634 tres,
1238 4581 1293 4627 et
1315 4574 1491 4629 sancti
1522 4573 1773 4646 Sinzigii.
1809 4584 1867 4631 et
1888 4577 2205 4633 ‘Matissimi-
2227 4572 2496 4646 praesulis,
2518 4584 2577 4632 et
2605 4577 2721 4631 vela
2748 4577 2819 4630 de
2858 4574 3095 4630 fundato
3109 4583 3363 4643 quatuor.

166 4698 171 4705 -
228 4670 373 4725 Etin
395 4669 625 4725 ecclesia
651 4675 963 4725 sanctorum
992 4677 1226 4739 quatuor
1249 4671 1641 4727 Coronatorum
1682 4672 1811 4727 fecit
1831 4682 2097 4727 cerostntn
2130 4690 2145 4728 :
2186 4686 2257 4727 ex
2302 4682 2539 4742 urgentia
2561 4672 2909 4744 purissimo!
2927 4710 2944 4737 ,
2971 4684 3206 4742 pensari.
3230 4670 3363 4727 libr.

150 4762 195 4820 ὅ
230 4765 468 4835 quinque
488 4772 545 4820 et
569 4765 759 4819 uncias
783 4774 898 4827 sex,
928 4772 984 4818 et
1014 4762 1277 4835 gabathas
1298 4766 1365 4819 de
1389 4775 1614 4836 argento
1644 4781 1795 4821 num.
1833 4765 1889 4829 4,
1913 4770 2137 4835 pensari.
2168 4765 2338 4822 libr...
2364 4764 2518 4821 Fecit
2546 4766 2601 4820 in
2641 4765 2871 4821 ecclesia
2899 4773 3100 4820 sancta
3125 4761 3367 4819 Deiﬁe-

230 4855 445 4912 ultricis
468 4852 675 4918 Marias,
698 4868 821 4927 qua:
853 4857 1074 4928 ponitur
1112 4856 1178 4911 ad
1201 4857 1421 4911 beatum
1446 4855 1799 4913 Laurentium
1838 4857 1970 4911 foris
1998 4871 2206 4920 muros,
2259 4855 2381 4911 vela
2404 4855 2473 4910 de
2501 4855 2728 4913 fundato
2766 4866 2992 4911 munero
3035 4853 3229 4926 viginti
3275 4868 3363 4911 se-

226 4942 400 5019 pteni.
424 4946 555 5004 Item
590 4948 718 5004 fecit
763 4945 1052 5020 praedictus
1080 4944 1277 5016 przesul
1309 4946 1361 4999 in
1384 4945 1615 5001 ecclesia
1646 4947 1786 5002 beati
1811 4945 2108 5002 Clementis
2136 4946 2393 5017 martyris
2415 4954 2578 5016 atque
2604 4946 2887 5016 pontiﬁcis
2920 4960 3178 5017 regulum
3210 4944 3362 5016 quod

229 5040 428 5110 pendet
451 5053 616 5109 super
642 5040 814 5095 altare
838 5038 1017 5107 majus
1042 5052 1108 5093 ex
1143 5052 1275 5092 auro
1302 5037 1592 5109 purissimo
1614 5037 1862 5109 sculptile
1882 5039 2002 5093 sine
2027 5038 2285 5110 gemmis,
2324 5037 2529 5093 habens
2556 5037 2610 5091 in
2642 5037 2821 5091 medio
2840 5046 3057 5092 crucem
3096 5036 3167 5093 de
3201 5049 3357 5095 auro.

227 5143 353 5187 cum
395 5131 622 5203 gemntis
652 5128 775 5185 ﬁxis
802 5127 1069 5182 incudem
1098 5140 1281 5190 cruce,
1332 5126 1536 5181 vitreas
1575 5127 1834 5195 quinque,
1872 5136 2071 5196 etqme
2108 5127 2347 5196 pendent
2403 5128 2532 5183 item
2577 5127 3056 5183 vitreas-munero
3104 5136 3362 5197 quantum

107 5220 188 5281 19
229 5237 456 5292 pensari.
503 5222 672 5278 libras
696 5216 1119 5290 rmin'qttaginu.
1148 5216 1358 5274 Obtulit
1397 5226 1454 5272 et
1493 5218 1549 5272 in
1582 5217 1817 5273 ecclesia
1846 5218 1987 5272 beati
2020 5218 2290 5290 Hippolyti
2319 5217 2781 5291 martyris,qu
2806 5217 3030 5288 ponitur
3074 5218 3134 5275 in
3184 5215 3363 5273 insula

225 5303 534 5374 Parmensi.
563 5328 691 5386 qnze
728 5318 1070 5382 nuncupatur
1088 5309 1266 5373 Arsis,
1293 5317 1502 5365 vestem
1527 5309 1595 5365 de
1618 5308 1861 5367 fundato.
1890 5309 2179 5364 habuissem
2210 5311 2551 5376 gammadias
2574 5316 2893 5380 ex'argeuto
2927 5316 3128 5365 Atestas
3172 5323 3362 5372 unam,

224 5404 349 5460 vela
383 5403 450 5459 de
477 5402 722 5465 fundato,
753 5414 993 5456 numero-
1012 5409 1268 5470 quatuor.
1300 5398 1519 5453 Necnon
1576 5409 1634 5454 et
1667 5400 1720 5455 in
1751 5401 1979 5457 ecclesia
2009 5402 2185 5457 beatae
2212 5401 2306 5457 Dei
2334 5401 2631 5457 Genitrieis
2667 5401 2854 5457 Harite
2868 5401 3111 5457 domina:
3132 5412 3363 5465 uastae,

162 5528 167 5533 -
217 5506 353 5570 qua:
370 5496 753 5567 ponitnrinl'ra
778 5491 1076 5557 civitatem,
1125 5505 1247 5560 quae
1275 5499 1509 5546 vocatur
1528 5491 1797 5562 Anagnia,
1825 5491 2021 5549 obtulit
2046 5502 2254 5548 vestem
2298 5491 2368 5546 de
2416 5491 2663 5557 fundato,
2692 5507 2817 5547 eum
2855 5486 3180 5564 gammadiis
3224 5504 3399 5560 θυι-οι

223 5590 388 5648 textis
407 5604 592 5654 unam,
620 5598 678 5644 et
701 5587 817 5642 vela
842 5586 909 5642 de
934 5584 1161 5640 fundato
1196 5592 1430 5654 quatuor
2282 5612 2285 5615 ι
2998 5606 3007 5616 .
3400 5574 3401 5577 ‘

293 5680 459 5759 537‘
494 5686 789 5741 Vernm‘ne
810 5687 938 5750 post
973 5679 1238 5748 htec'qute
1276 5679 1526 5748 superius
1562 5678 1740 5735 veraci
1795 5680 2105 5735 testimonio
2137 5680 2410 5749 certisque
2451 5678 2818 5735 schematibus
2860 5679 3158 5734 dilucidata
3195 5688 3389 5750 atque

221 5776 529 5845 conscripta
577 5780 704 5827 sunt
735 5770 972 5833 silentio,
1000 5769 1143 5837 quod
1175 5769 1399 5823 minime
1433 5776 1703 5831 convenit,
1736 5780 1933 5823 czntera
1962 5781 2319 5832 transeamus,
2357 5772 2483 5825 libet
2520 5771 2631 5824 alia'
2655 5770 2952 5825 beatissimi
2991 5788 3142 5842 papa!
3167 5788 3361 5842 opera,

217 5870 425 5939 potenti
455 5868 581 5923 Jesu
610 5866 809 5923 Christi
842 5865 1139 5937 opitulante
1173 5866 1461 5920 clementia
1486 5908 1499 5927 ,
1562 5867 1700 5919 facta
1745 5867 1990 5935 quamvis
2025 5867 2250 5939 plurium
2308 5879 2488 5924 tamen
2538 5867 2655 5923 luce
2681 5867 2883 5923 clarius
2913 5867 3172 5923 indicare.
3206 5867 3343 5924 Nam
