4004 6324
735 444 871 499 tm
1879 441 2238 516 auasrasn
2281 443 2838 520 ntutaontecantt
3035 487 3040 490 .
3722 453 3800 510 ita

875 569 996 607 cum
1023 552 1074 605 itt
1099 551 1256 606 bonis
1286 551 1503 620 Deoque
1542 551 1717 623 dignis
1736 554 1990 623 operibus
2021 570 2171 608 mens
2201 555 2357 608 simul
2398 566 2450 626 et
2485 558 2696 612 animus
2744 574 2938 610 Sttmtlll
2993 557 3245 612 antistitis
3292 557 3562 628 indeﬁciens
3597 562 3797 627 desudaret.

803 648 836 700 5
873 645 1038 714 cmpit
1064 647 1129 698 de
1158 646 1379 699 civitate
1413 645 1690 704 Portuensi
1721 645 2119 712 permaximum
2152 644 2351 701 habere
2384 657 2681 710 certamen,
2741 658 2801 702 ttt
2830 629 2946 717 quo.
2973 650 3129 704 modo
3158 648 3238 702 vel
3282 647 3452 725 ordine
3484 633 3573 706 tam
3593 657 3676 709 suis
3692 674 3802 726 quam.

875 752 981 804 que
1004 737 1168 789 etiam
1201 734 1396 789 fntnrls
1426 735 1758 804 temporibus
1777 735 1844 788 ab
1870 736 2114 791 hostibus
2145 752 2209 790 ac
2238 735 2454 792 Satanae
2493 738 2617 792 ﬁliis
2647 753 2837 792 secura
2870 747 2924 791 et
2956 737 3121 792 libera
3152 719 3364 793 manere
3407 744 3635 810 potuisset.
3662 719 3806 819 eis...

866 828 955 880 diu
987 827 1089 880 hoc
1132 826 1326 880 tacitus
1355 825 1407 880 in
1435 828 1597 882 corde
1627 843 1724 883 suo
1745 829 2037 898 pontiﬁcali
2076 831 2301 886 haberet
2319 832 2626 895 consilium,
2659 840 2787 884 tunc
2812 830 2974 886 Pater
2991 832 3324 902 omnipotens
3346 840 3396 886 et
3419 835 3710 909 execlsus,qui
3729 856 3807 898 seui-

871 933 968 988 per
991 917 1043 970 in
1071 916 1232 985 jnstis
1264 917 1474 987 piisque
1513 919 1929 991 cogitationibus
1960 919 2144 975 ﬁdeles
2183 935 2311 974 suos
2339 919 2596 990 adjuvare
2626 935 2730 973 non
2760 919 2980 984 desinit,
3009 920 3295 1002 Corsorum
3323 924 3510 979 animos
3529 930 3728 994 excitavit,
3757 939 3806 1002 qni

870 1011 1065 1063 timore
1095 1008 1489 1064 Saracenorum
1523 1011 1794 1080 perterriti
1817 1001 1855 1064 ia
1886 1010 2119 1080 propriis
2151 1010 2348 1064 ﬁnibus
2380 1008 2596 1064 exsules
2623 1010 2947 1071 existebant,
2991 992 3175 1063 ethue
3197 1012 3305 1066 sive
3331 1013 3442 1069 illuc
3463 1016 3560 1070 sine
3587 1019 3670 1074 solo

766 1102 834 1157 10
876 1111 1128 1172 vagantes
1158 1102 1501 1165 incedebant,
1529 1112 1588 1155 ιιι
1614 1101 1678 1154 ad
1716 1103 1898 1155 sedem
1925 1101 2222 1155 Romanam
2264 1117 2426 1155 causa
2460 1101 2652 1170 refugii
2677 1117 2740 1155 ac
2769 1101 2958 1155 salutis
2988 1103 3169 1156 venire
3185 1107 3481 1170 quantocius
3499 1109 3750 1165 debuissent:
3769 1116 3808 1166 si-

866 1192 973 1246 cuti
1006 1201 1060 1246 et
1090 1192 1290 1245 factum
1331 1204 1432 1248 est.
1460 1191 1748 1248 Venientes
1779 1208 1907 1245 vero
1938 1192 2010 1245 illi
2059 1193 2126 1246 ad
2174 1193 2541 1248 sacratissima
2599 1193 2961 1260 apostolorum
3013 1193 3272 1263 principis
3312 1194 3480 1249 limina
3526 1207 3590 1253 ter
3621 1200 3811 1259 beatiss'no

870 1279 1089 1334 domino
1116 1289 1301 1346 nostro
1324 1278 1485 1332 Leoni
1510 1291 1704 1349 quarto
1731 1297 1882 1350 papa:
1913 1281 2056 1334 illico
2079 1282 2380 1350 prtesentati
2411 1290 2553 1334 sunt.

938 1369 1103 1440 538
1139 1369 1240 1436 Qui
1270 1385 1392 1443 cum
1424 1369 1490 1422 ab
1521 1367 1601 1422 eis
1628 1369 1846 1437 suisque
1873 1369 2187 1438 proceribus
2223 1370 2517 1438 prudenter
2554 1371 2686 1424 satis
2734 1371 3037 1426 sciscitatus
3092 1371 3282 1427 fuisset
3311 1373 3471 1442 qualis
3505 1383 3606 1430 tunc
3637 1378 3692 1432 eis
3713 1378 3796 1433 imui

873 1459 1032 1514 nebat
1056 1458 1354 1513 necessitas
1387 1474 1484 1526 pro
1511 1473 1614 1525 qua
1642 1467 1922 1520 venerant,
1955 1457 2054 1528 ipsi
2083 1468 2264 1510 autem
2298 1457 2651 1511 necessitates
2682 1473 2831 1518 suas.
2855 1458 3223 1522 calamitates,
3257 1470 3410 1534 atque
3441 1469 3659 1536 angustias
3687 1486 3811 1539 pem.

875 1552 1054 1606 dinem
1081 1549 1233 1620 quasi
1267 1564 1374 1603 uno
1402 1565 1497 1602 ore
1519 1564 1701 1603 coram
1726 1548 1952 1618 praefato
1985 1551 2387 1619 exposuissent,
2423 1564 2481 1604 se
2504 1549 2844 1604 hahitaturos
2862 1551 3071 1605 cunctis
3090 1553 3278 1608 diebus
3299 1555 3350 1609 in
3381 1571 3470 1611 suo
3494 1573 3814 1631 successurumque

870 1640 1180 1711 pontiﬁcum
1209 1643 1473 1710 obsequio
1503 1657 1566 1695 ac
1596 1641 1817 1694 servitio
1845 1641 2206 1695 declararunt.
2240 1640 2354 1695 Hoc
2383 1655 2514 1695 sane
2542 1641 2822 1696 benivolus
2851 1642 3044 1710 prtesnl
3076 1659 3370 1713 agnoscens
3403 1647 3451 1704 in
3476 1663 3668 1718 magnam
3687 1662 3814 1704 estur

802 1734 834 1786 5
876 1733 970 1786 tim
1007 1732 1422 1787 exsultationem
1454 1747 1517 1786 ac
1548 1732 1787 1786 laetitiam
1818 1731 2081 1796 elevatus,
2107 1731 2309 1802 gratias
2336 1729 2445 1784 Deo
2473 1730 2734 1796 referens,
2760 1733 2849 1800 qui
2881 1731 3016 1810 tales
3041 1732 3117 1786 illi
3151 1735 3439 1789 transmisit
3463 1736 3685 1802 homines,
3708 1742 3762 1810 qui
3787 1744 3814 1795 in

869 1824 1255 1892 prtenominata
1287 1823 1507 1878 civitate
1539 1824 1593 1876 in
1631 1831 1948 1894 perpetuum
1993 1824 2240 1878 habitare
2266 1823 2588 1894 potuissent.
2639 1797 2852 1878 Auditis
2880 1797 3063 1895 itaque
3097 1841 3287 1880 eorum
3323 1829 3488 1883 multis
3505 1797 3814 1898 promissionum.

863 1929 1002 1985 papa
1048 1914 1353 1986 przecipuns
1382 1929 1487 1968 una
1533 1930 1656 1969 cum
1701 1915 1813 1969 suis
1853 1915 2201 1984 optimatibus
2230 1916 2308 1968 eis
2349 1909 2496 1968 clara
2537 1930 2666 1968 voce
2708 1907 3024 1984 respondité
3080 1915 3138 1970 Si
3178 1918 3318 1986 quod
3366 1919 3521 1974 verbis
3553 1921 3669 1974 nobis
3699 1921 3817 1974 dixistis

871 2021 1035 2076 opere
1061 2005 1380 2060 curaveritis
1405 2007 1686 2076 perﬁcere,
1719 2008 1854 2060 satis
1883 2005 2000 2060 loca
2039 2005 2300 2060 habemus
2338 2007 2541 2077 optima
2588 2007 2639 2058 in
2671 2007 2864 2075 quibus
2889 2006 3140 2062 habitare
3167 2009 3434 2073 valebitis,
3475 2011 3513 2064 si
3549 2021 3702 2065 tantum
3733 2013 3817 2065 nobis

872 2103 1181 2171 nostrisque
1227 2099 1576 2170 pontiﬁcibus
1625 2097 2032 2154 successoribus
2083 2098 2209 2152 boni
2258 2097 2443 2152 ﬁdeles
2491 2097 2718 2152 fueritis.
2773 2095 2906 2151 Nam
2955 2099 3151 2154 civitas
3202 2114 3362 2169 quam
3388 2100 3523 2154 vobis
3553 2099 3817 2152 daturierimu

768 2196 838 2250 1.0
879 2194 1032 2248 valde
1053 2194 1263 2248 ﬁrmata
1295 2201 1379 2248 est
1399 2201 1560 2261 atque
1585 2192 1815 2258 munita,
1835 2207 1996 2260 quam
2025 2206 2142 2258 nos,
2171 2190 2548 2260 Redemptoris
2573 2175 2742 2244 nostri
2768 2173 3083 2262 protegente
3111 2172 3332 2257 auxilio,
3361 2194 3499 2248 novis
3522 2192 3816 2264 portisacfabri-

871 2287 953 2342 cis
981 2286 1035 2344 in
1060 2285 1192 2346 locis
1214 2285 1635 2354 pernecessariis
1663 2286 1729 2338 ad
1753 2283 1956 2340 cultum
1989 2283 2271 2353 pristinum
2306 2287 2695 2357 revocavimns.
2725 2282 2778 2337 In
2811 2299 2914 2353 qua
2945 2284 3012 2348 si,
3052 2294 3112 2337 ut
3139 2276 3391 2350 diximus,
3413 2299 3600 2339 manere
3623 2282 3819 2351 capitisu-

885 2393 1018 2452 neas
1045 2376 1197 2432 vobis
1225 2391 1291 2432 ac
1335 2384 1510 2436 terras
1535 2383 1794 2444 prataque
1834 2374 2218 2437 concedemus,
2250 2384 2313 2432 ut.
2339 2374 2538 2440 nullam
2571 2379 2792 2445 possitis
2835 2380 3037 2434 habere
3092 2377 3350 2449 inopiam.
3393 2376 3566 2431 Damus
3600 2376 3711 2429 etiam
3738 2373 3819 2427 vobis

878 2483 1159 2540 quousque
1197 2482 1264 2524 ex
1297 2467 1478 2527 labore
1506 2475 1689 2521 vestro
1728 2465 1995 2529 habeatis,
2043 2481 2140 2520 vos
2170 2475 2223 2520 et
2253 2467 2508 2523 mulieres
2532 2480 2727 2524 vestra:
2755 2486 2817 2525 ac
2861 2471 2976 2534 ﬁlii,
3006 2473 3154 2525 unde
3181 2471 3358 2524 vivere
3396 2469 3651 2538 plenissime
3670 2466 3819 2519 valeatis:

787 2619 793 2625 ,
874 2563 1044 2624 boves
1065 2561 1228 2616 etiam
1258 2569 1314 2625 et
1337 2559 1597 2624 caballos,
1635 2566 1690 2613 et
1732 2557 1984 2612 animalia
2017 2565 2235 2621 etetera,
2271 2558 2408 2613 sicut
2438 2560 2804 2629 pnetlixintns,
2837 2562 2878 2615 si
2919 2571 3116 2615 cuncta
3158 2562 3300 2616 bono
3344 2561 3506 2616 animo
3531 2559 3717 2614 feceritis
3737 2556 3820 2612 “In:

770 2656 840 2710 15
878 2655 1169 2712 Corsorum
1198 2652 1376 2725 populi
1418 2649 1544 2706 talia
1573 2648 1852 2720 audientes
1887 2647 2151 2717 promissa
2191 2646 2422 2702 laetiores
2451 2651 2625 2704 etl‘ecti
2659 2659 2783 2704 sunt
2807 2691 2822 2712 ,
2852 2651 3158 2719 missosque
3187 2652 3274 2719 pio
3302 2649 3519 2719 pontiﬁci
3546 2648 3721 2718 protinus
3741 2657 3820 2712 qua-

879 2747 1150 2810 siverunt,
1171 2745 1260 2814 qui
1287 2743 1575 2814 civitatem
1593 2748 1648 2794 et
1672 2739 1790 2813 loca
1817 2737 2121 2808 specialiter
2148 2739 2583 2793 demonstrarent
2626 2753 2642 2792 :
2682 2750 2737 2794 et
2765 2741 2837 2794 ita
2862 2740 3065 2795 factum
3093 2749 3200 2793 est.
3237 2739 3534 2793 Plaenernnt
3556 2735 3740 2806 siquidem
3757 2747 3821 2786 ou-

887 2833 996 2897 nia,
1029 2839 1084 2886 et
1121 2830 1524 2900 spoponderunt
1553 2830 1928 2901 aequanimiter
1952 2842 2158 2890 omnes,
2206 2829 2346 2896 quod
2381 2828 2424 2882 si
2457 2837 2639 2882 noster
2683 2845 2819 2900 papa
2849 2838 2902 2884 et
2945 2815 3204 2884 dominus
3233 2829 3471 2882 universa
3496 2843 3592 2895 qua:
3612 2823 3825 2895 cirutiviua

892 2920 1053 2976 fuerit
1077 2922 1326 2992 dignatus
1361 2920 1628 2983 conferre,
1661 2935 1784 2975 cum
1811 2919 1957 2974 omni
1986 2917 2187 2972 fau'tilia
2216 2926 2270 2972 et
2299 2918 2611 2988 supellectili
2640 2929 2824 2974 nostra
2872 2920 2925 2974 in
2973 2919 3263 2974 servitium
3295 2918 3457 2973 sancti
3491 2916 3626 2982 Petri,
3657 2925 3697 2968 ut
3723 2926 3825 2980 suae.

859 3063 862 3068 .
892 3027 1374 3082 successornmque
1397 3027 1520 3068 cum
1539 3011 1684 3065 omni
1715 3010 1969 3064 aviditate
1995 3010 2422 3080 properabimus.

947 3101 1110 3172 539
1147 3103 1397 3156 Lnstrata
1434 3102 1667 3170 denique
1687 3100 1905 3154 civitate
1923 3139 1938 3163 ,
1967 3107 2022 3152 et
2048 3098 2479 3168 possessionibus
2508 3100 2796 3164 universis,
2827 3101 2892 3153 ad
2917 3100 3284 3156 venerabilem
3309 3100 3584 3171 pontiﬁcem
3609 3089 3690 3152 cum
3706 3092 3828 3168 eisdem

875 3192 1056 3246 missis
1085 3191 1288 3246 reversi
1319 3199 1460 3245 sunt.
1496 3189 1786 3244 Venientes
1816 3188 1996 3256 igitur,
2030 3197 2091 3242 ut
2115 3188 2452 3257 praemissum
2478 3198 2578 3246 est.
2612 3189 2793 3257 illique
2834 3189 2955 3242 lzeta
2999 3205 3064 3242 ac
3095 3205 3354 3259 prospera
3400 3181 3828 3255 nuntiantes.etthd

879 3283 1169 3340 Corsorum
1199 3299 1331 3354 gens
1363 3283 1550 3336 vivere
1595 3296 1653 3334 se
1700 3295 1764 3334 ac
1807 3281 1940 3333 tnori
1973 3280 2025 3333 in
2069 3279 2272 3334 eisdem
2312 3280 2444 3334 locis
2479 3283 2698 3334 omnino
2744 3280 2970 3335 fuissent
2998 3279 3263 3351 professi,
3297 3285 3490 3338 vocatis
3513 3283 3712 3340 omnibus,
3729 3284 3763 3328 nt
3777 3272 3828 3341 ipsi

879 3376 1129 3431 similiter
1157 3375 1450 3430 secundum
1485 3367 1772 3430 missorum
1797 3375 2125 3429 assertiones
2147 3374 2428 3429 unanimes
2459 3385 2807 3436 testarentur,
2838 3375 3148 3444 pontiﬁcale
3180 3377 3260 3431 eis
3287 3375 3553 3430 secundum
3589 3369 3690 3441 quod
3719 3365 3829 3435 pnitui-

803 3476 836 3528 5
876 3483 1021 3530 serat
1059 3474 1151 3545 (ob
1181 3471 1652 3528 serenissimorum
1683 3465 1918 3522 Lotharii
1941 3476 1995 3520 et
2025 3465 2278 3521 Ludovici
2307 3466 2567 3535 majorum
2614 3467 3020 3536 imperatorum,
3055 3482 3320 3536 suamque
3349 3465 3493 3520 simul
3534 3460 3828 3525 mercedempet-

880 3573 1202 3635 petuamqne
1245 3561 1583 3630 memoriam)
1611 3565 1940 3630 praeceptum
1983 3555 2184 3616 emisit.
2213 3555 2314 3610 hoc
2360 3555 2562 3609 scilicet
2595 3565 2779 3608 tenore
2813 3565 2864 3607 et
2897 3555 3094 3624 placito
3127 3555 3446 3625 anteposito,
3476 3563 3524 3607 nt
3549 3552 3684 3606 tandin
3712 3549 3829 3600 ﬁrm

883 3667 1124 3713 maneret
1154 3672 1216 3712 ac
1247 3655 1471 3716 stabile,
1518 3664 1796 3720 quousque
1837 3655 2038 3702 saneta:
2087 3646 2230 3700 scdis
2265 3644 2581 3714 pr:esnlihus
2612 3645 2911 3714 populoque
2951 3647 3194 3699 Romano
3244 3646 3295 3699 in
3341 3646 3530 3700 cunctis
3567 3640 3830 3698 obedientem

883 3746 1066 3801 ﬁdeles
1085 3746 1402 3800 existerent.
1434 3741 1501 3796 Et
1527 3741 1595 3804 si,
1621 3740 1763 3809 quod
1792 3737 1953 3801 absit,
1978 3750 2192 3790 omnem
2221 3733 2470 3804 pnecepti
2514 3735 2706 3789 seriem
2734 3734 3180 3806 irrefragabiliter
3209 3751 3314 3790 non
3351 3733 3652 3792 custodirent,
3675 3725 3832 3782 sancitum

878 3840 960 3888 est
989 3835 1042 3888 in
1071 3835 1259 3889 eodem
1308 3843 1368 3887 ut
1396 3846 1623 3886 vacuum
1649 3839 1706 3883 et
1747 3829 1908 3882 inane
1938 3827 2280 3882 consisteret.
2313 3824 2453 3878 Loca
2502 3840 2630 3877 vero
2658 3839 2778 3894 qua:
2821 3827 2901 3879 eis
2928 3827 3052 3880 data
3083 3836 3234 3889 sunt,
3271 3836 3322 3880 et
3349 3841 3377 3878 a
3406 3825 3562 3878 missis
3585 3813 3833 3890 pontiﬁcalibus

779 3924 845 3978 l0
879 3924 1217 3996 consignata,
1245 3932 1354 3978 tam
1386 3938 1455 3976 ex
1483 3920 1702 3991 proprio
1729 3918 1847 3988 jure
1884 3915 2272 3976 ecclesiastico,
2302 3929 2572 3983 quamque
2609 3915 2995 3967 venerabilinm
3027 3917 3492 3977 monasteriorum,
3518 3915 3606 3968 into
3628 3919 3668 3964 et
3695 3902 3833 3972 singulti-

883 4029 1004 4069 rnm
1029 3993 1328 4076 hominum,
1361 4013 1452 4080 qui
1485 4011 1699 4066 ﬁnitimi
1726 4008 2051 4070 existebant,
2080 4007 2132 4059 in
2161 4019 2420 4059 concesso
2447 4004 2526 4058 eis
2555 4003 2850 4073 pontiﬁcali
2883 4004 3166 4074 privilegio
3200 4004 3496 4075 specialiter
3517 3999 3698 4066 ascripta
3727 3993 3833 4059 Ιςππ·

879 4115 984 4160 tur.
1014 4105 1157 4159 Ecce
1187 4103 1329 4158 enim
1356 4114 1556 4172 quanta
1583 4101 1778 4156 crebro
1816 4099 1942 4154 dicti
1989 4095 2236 4168 praesulis
2280 4101 2398 4148 erat
2443 4108 2508 4146 ac
2540 4092 2893 4162 praefulgebat
2937 4094 3335 4155 misericordia,
3363 4093 3448 4163 qui
3489 4106 3578 4145 non
3617 4089 3834 4145 tant-mi”

874 4197 1190 4251 defensione
1217 4195 1369 4247 nrhis
1391 4194 1826 4247 sttosRomanos
1854 4205 2112 4262 proceres
2136 4187 2414 4260 diligebat,
2441 4188 2534 4242 sed
2557 4187 2914 4256 undecunque
2939 4187 3153 4243 valebat
3179 4189 3428 4258 colligere
3447 4183 3649 4238 homines
3671 4177 3833 4230 adeam"

887 4284 1146 4339 auxilium
1173 4291 1228 4336 et
1253 4282 1502 4337 solatium
1533 4283 1818 4340 invitabat.
1850 4281 1969 4352 plus
1993 4280 2357 4335 defensionem
2385 4278 2612 4347 diligens
2637 4277 2826 4346 patriae
2849 4285 2902 4331 et
2928 4277 3098 4346 plebis
3121 4280 3462 4334 securitatem
3487 4273 3732 4331 commissa.
3744 4274 3835 4352 φη

783 4375 852 4430 15
891 4375 1041 4428 lucra
1069 4373 1384 4442 temporalia
1427 4382 1482 4426 et
1507 4373 1734 4432 caduca,
1759 4347 1866 4440 pro
1885 4369 2083 4441 quibus
2117 4368 2317 4424 multos
2349 4368 2460 4438 jam
2503 4365 2792 4422 recolimns
2840 4365 3006 4421 vitam
3052 4369 3260 4437 pariter
3304 4375 3358 4421 et
3399 4361 3701 4436 maeniana
3726 4347 3836 4419 (ιαὶδιέ

881 4464 1313 4528 delectabantur,
1337 4463 1538 4535 jngiter
1563 4460 1835 4516 amisisse.
3193 4511 3197 4514 ,

953 4549 1118 4624 546
1155 4551 1282 4607 Post
1302 4523 1430 4605 tim;
1456 4552 1690 4620 denique
1713 4550 1896 4606 omnia
1914 4589 1928 4615 ,
1970 4563 2090 4618 qua:
2123 4549 2375 4619 superius
2404 4549 2556 4605 brevi
2583 4548 2720 4620 stylo
2744 4555 2996 4604 contexta
3040 4557 3200 4614 sunt,
3221 4549 3330 4604 alia
3354 4565 3452 4604 non
3478 4541 3700 4602 dissimilia

877 4622 1102 4700 sanctus
1124 4659 1188 4698 ac
1212 4643 1534 4703 venerabilis
1561 4644 1694 4699 satis
1720 4658 1892 4699 ovans
1931 4641 2141 4713 peregit
2165 4642 2441 4712 opuscula.
2475 4641 2608 4696 Nam
2640 4641 2892 4696 Hortante
2915 4653 2971 4695 et
2996 4641 3268 4704 Amerina;
3313 4641 3458 4696 valde
3494 4637 3752 4703 antiquarttltt
3768 4622 3835 4713 fi"

883 4751 1076 4805 tatnm,
1103 4755 1332 4810 quarum
1365 4735 1504 4796 muri
1534 4750 1598 4787 ae
1626 4742 1794 4803 portat
1822 4711 1948 4801 pm:—
1977 4711 2143 4786 nimia
2169 4711 2436 4786 vetustate
2485 4741 2786 4800 temporum
2819 4746 2988 4799 usque
3029 4731 3096 4784 ad
3127 4731 3299 4803 solum
3325 4731 3601 4784 ceciderant
3622 4732 3664 4777 et
3696 4711 3835 4810 fundite.s

884 4797 1158 4887 destituta:
1187 4830 1500 4890 manebant.
1533 4841 1669 4895 quas
1699 4825 1856 4879 modo
1881 4823 2050 4890 fures,
2083 4824 2242 4877 modo
2272 4823 2508 4877 latrones
2540 4797 2743 4891 ingredi
2775 4797 3082 4892 patentibus
3103 4801 3266 4876 aditis
3295 4822 3435 4875 nullo
3459 4819 3690 4873 resistente
3709 4797 3834 4860 ειιειοδθ

819 4923 852 4976 5
893 4923 1105 4978 {nemus
1130 4921 1592 4991 ingrediebantur,
1625 4918 1738 4986 ipse
1761 4917 1895 4971 adeo
1924 4915 2312 4980 solertissimus
2355 4914 2550 4985 praesul
2596 4923 2801 4967 tantam
2830 4914 3108 4968 civitatum
3140 4915 3504 4984 praedictarum
3531 4905 3696 4962 urbium

885 5025 1042 5066 scens
1069 5011 1354 5074 incurram,
1371 5023 1474 5070 eas,
1493 4993 1630 5076 Quas
1659 5005 2108 5075 praetitnlavimns
2131 5005 2378 5060 civitates
2402 5004 2617 5058 hortatu
2649 5018 2747 5058 suo
2770 5019 2833 5056 ac
2853 5005 3032 5058 studio
3061 5006 3230 5058 nutris
3257 5004 3406 5077 novis
3431 4999 3658 5071 portisque
3676 4977 3836 5077 Ρτίθτξξπέ

761 5135 770 5164 l
880 5101 1103 5175 minime
1133 5099 1489 5158 dissimilibus
1533 5098 1602 5152 ad
1647 5097 1934 5167 pristinum
1981 5097 2158 5152 locum
2205 5105 2516 5165 statumque
2563 5095 2741 5165 gratia
2785 5096 3166 5150 corroboratas
3203 5074 3378 5149 divina
3423 5067 3618 5146 reduxit.
3654 5079 3694 5175 [tl

885 5169 1045 5250 modo
1067 5191 1381 5248 civi-tatibus
1403 5163 1812 5246 exaratisveives
1835 5197 1891 5242 et
1913 5188 1981 5242 ab
2008 5189 2351 5244 inimicorum
2379 5163 2588 5242 insidiis
2613 5186 2802 5256 melius
2831 5187 3007 5240 securi
3041 5187 3346 5241 inhabitant
3363 5223 3380 5246 ,
3398 5190 3450 5237 et
3474 5176 3594 5229 fures
3614 5163 3836 5262 θείειΨῇ

882 5289 943 5333 ut
964 5281 1168 5338 dictum
1202 5288 1307 5343 est,
1336 5279 1540 5334 clausis
1570 5280 1739 5334 muris
1766 5294 1830 5334 ac
1857 5281 2032 5349 portis
2080 5279 2286 5342 nullum
2333 5279 2590 5334 damnum
2619 5253 2676 5333 et
2707 5277 2910 5332 furtttm
2959 5287 3066 5331 tant
3111 5277 3355 5332 not-tibus
3399 5275 3626 5340 τιυπιηίιυε

775 5368 844 5432 10
883 5379 1082 5426 cmtero
1109 5367 1363 5424 valebunt
1387 5370 1606 5422 inferre.
1636 5368 1732 5423 His
1761 5339 1966 5432 autem,
1995 5375 2053 5420 ut
2081 5339 2396 5436 praedictum
2429 5377 2536 5432 est,
2563 5368 2856 5439 diligenter
2885 5367 3136 5439 expletis,
3168 5366 3291 5420 fecit
3331 5365 3380 5418 in
3419 5339 3611 5413 ecclesia
3643 5339 3834 5439 mihi“:

890 5417 1078 5426 ..η-η
1123 5417 1362 5424 mn"---
1388 5417 1606 5422 ---η-η-
1636 5417 1730 5423 __--
1763 5417 1966 5432 παρ,
1999 5417 2053 5420 --
2081 5417 2396 5436 ,τη-η---
2433 5417 2536 5432 ---,
2570 5417 2844 5439 -ρτνη-η-
2890 5417 2952 5422 ---
2997 5417 3136 5431 ηπ-.
3813 5417 3818 5420 .

879 5464 1132 5525 quatuor
1153 5455 1550 5525 Coronatorum
1598 5473 1822 5528 regnum
1861 5472 1930 5511 ex
1971 5472 2104 5513 auro
2141 5458 2435 5528 purissimo
2469 5473 2659 5520 unum,
2693 5458 2933 5527 pendens
2957 5417 3124 5526 super
3151 5456 3316 5510 altare
3348 5449 3518 5518 majus.
3561 5417 3834 5528 “ﬁlim”?

883 5549 1134 5603 similiter
1162 5549 1362 5612 aureis,
1411 5551 1712 5620 sculptilent
1755 5551 1965 5607 habens
1996 5553 2049 5606 in
2098 5552 2274 5604 medio
2319 5541 2536 5604 crucem
2571 5566 2822 5612 auream,
2848 5549 3133 5604 habentem
3183 5558 3412 5620 gemmas
3449 5516 3832 5637 qnatuonlctfltm‘v:

841 5630 846 5634 ’
877 5640 1078 5709 quibus
1121 5640 1358 5707 quinque
1386 5641 1441 5694 in
1470 5643 1662 5718 eadem
1695 5659 1856 5698 cruce
1903 5644 2060 5706 ﬁxas,
2095 5651 2149 5696 et
2193 5643 2329 5698 alias
2373 5658 2494 5710 qua:
2544 5643 2741 5696 ibidem
2795 5643 3029 5710 pendent
3074 5618 3301 5694 ument:
3330 5649 3414 5688 sex
3452 5625 3630 5697 αυί⁴¹ί¹¹¹¹

1139 5691 1186 5707 ,κ
1337 5691 1352 5696 -
1478 5691 1662 5700 -------ς
1700 5691 1854 5698 ww-—
1903 5691 2060 5706 --———.
2098 5691 2147 5696 -ν
2193 5691 2328 5698 ππ-
2545 5691 2652 5696 μη-
2796 5691 3028 5710 τ---π-νσ
3075 5691 3140 5694 -ν-
3469 5691 3482 5697 -
3709 5700 3718 5712 ,

885 5727 1264 5794 hyacinthinus
1295 5737 1425 5789 tres,
1450 5746 1673 5798 pensan.
1705 5732 1864 5786 simul
1895 5732 2088 5786 libram
2112 5748 2271 5816 unam
2294 5741 2350 5786 et
2378 5733 2543 5786 sentis
2568 5732 2776 5784 uncias.
2809 5731 3026 5785 Necnon
3058 5741 3112 5783 et
3141 5732 3194 5783 in
3227 5726 3436 5782 basilica
3468 5691 3828 5817 sancttclnt’tnffi‘;

781 5814 849 5866 15
885 5817 1034 5869 tricis
1073 5816 1252 5872 Mariae
1301 5819 1527 5874 tlntuinzr
1568 5829 1800 5886 uostrw,
1833 5836 1952 5889 qum
1978 5805 2197 5888 ponitur
2235 5823 2284 5875 itt
2318 5821 2433 5874 vico
2479 5820 2802 5882 Sardonutn,
2838 5820 3030 5872 obtulit
3059 5819 3278 5894 calicem
3306 5822 3356 5867 et
3384 5816 3592 5875 patellam
3625 5794 3675 5846 δε
3702 5789 3798 5884 πῃ
