4004 6324
189 283 357 340 1329
1043 291 1364 351 utsronnt
1397 297 1484 353 os
1523 293 1701 355 vms
1743 301 1904 355 non.
1945 302 2143 358 PONT.
2177 336 2240 346 -
2271 306 2326 361 s.
2364 309 2496 364 LEO
2534 311 2620 365 IV.
3338 289 3478 378 ιδέο

351 412 666 461 excursus
697 416 790 476 Fat
820 423 1012 474 unum,
1041 411 1255 482 legente
1279 415 1347 470 de
1390 417 1608 470 nomine
1652 417 1836 473 domni
1879 419 2073 475 Leonis
2111 423 2286 490 quarti
2325 439 2494 494 papae,
2543 443 2768 494 pensan.
2803 431 2960 484 simul
3008 433 3058 486 in
3100 449 3263 487 unmn
3308 434 3480 490 libras

349 505 589 566 quatuor
616 505 667 552 et
697 500 884 553 uncias
907 515 1166 570 qumque.
1193 503 1309 574 Ipse
1332 503 1555 576 insignis
1581 509 1885 577 przesulque
1910 511 2214 580 praecipuus
2235 528 2357 566 cum
2397 513 2677 568 innumera
2720 519 2915 572 summi
2965 520 3176 576 decoris
3219 537 3381 592 opera
3427 524 3495 588 in,

355 588 584 644 basilica
617 590 760 644 beati
801 590 950 646 Petri
977 595 1099 649 coeli
1128 595 1383 665 clavigeri
1409 597 1743 666 perfecisset,
1776 610 1984 670 portas,
2015 617 2149 670 quas
2175 602 2519 658 destruxerat
2544 605 2812 660 Saracena
2837 610 3120 677 progenies
3150 588 3496 681 argentoqne'

319 695 324 702 ν
356 678 614 743 nudarat,
641 683 834 745 erexit,
870 682 1163 754 multisque
1195 688 1692 759 argenteisjahulis
1723 690 1950 745 luciﬂuis
1981 691 2384 763 salutiferisque
2431 695 2674 749 historiis
2699 698 2941 767 sculptis
2986 678 3295 765 decoravit,
3341 678 3482 757 etin

185 787 190 794 ’
229 768 322 823 '20
358 770 636 826 meliorem
666 773 901 842 speciem
930 790 1093 844 quam
1120 777 1326 848 pridem
1365 778 1582 835 fuerant
1615 784 1911 850 reparavit,
1952 792 2013 838 ut
2051 799 2241 840 omnes
2266 786 2354 855 qui
2385 777 2437 841 in
2477 782 2721 842 eamdem
2753 785 3029 844 basilicam
3059 793 3262 859 ingredi
3295 795 3487 850 volunt

358 861 548 918 laudes
573 865 682 919 Deo
704 867 1064 937 omnipotenti
1093 879 1386 939 sanctoque
1415 885 1513 924 suo
1555 872 1862 941 prmsulatui
1911 872 2168 938 referant,
2212 887 2268 930 et
2304 889 2602 948 exposcunt
2647 891 2707 935 ut
2742 879 2906 933 nmlta
2934 897 3196 935 annorum
3221 898 3333 937 suae
3359 886 3484 939 vita:

357 951 628 1006 curricula
651 955 1029 1022 extendantur,
1069 959 1161 1026 qui
1197 959 1330 1013 tanti
1363 957 1587 1030 fulgoris
1611 977 1797 1031 opere,
1835 974 2094 1034 tantoque
2131 967 2552 1035 pulchritudinis
2594 959 2828 1038 pottdere
2860 969 3039 1024 aulam
3091 971 3184 1025 Dei
3231 983 3481 1050 argento,

356 1055 582 1110 pensari.
617 1045 783 1102 libras
815 1041 1158 1120 septuaginta
1195 1052 1426 1106 ornavit.
1465 1053 1568 1130 Qui
1610 1069 1854 1111 smnmus
1894 1055 2112 1127 Deoque
2154 1057 2400 1112 amabilis
2430 1073 2565 1128 papa
2606 1051 2912 1112 in‘exordio
2953 1059 3036 1112 sui
3067 1041 3326 1128 pontilicii
3357 1041 3483 1116 cum

357 1144 598 1212 porticus
637 1146 811 1216 partis
850 1147 998 1205 lava:
1035 1150 1327 1207 beatiora:
1371 1153 1536 1208 nimia
1583 1163 1855 1211 vetustate
1905 1155 2052 1211 Petri
2101 1156 2340 1212 basilicze
2374 1146 2679 1220 cecidisset,
2731 1153 2894 1209 celeri
2943 1154 3123 1209 studio
3171 1157 3485 1226 przeclarius

242 1237 325 1292 25
362 1237 657 1293 renovavit.
684 1256 687 1258 ·
1389 1231 1392 1234 ’

1389 1231 1392 1234 .
1959 1233 1965 1240 ,
2867 1231 2870 1236 -
2965 1233 2967 1238 .

432 1328 588 1403 54],
627 1329 760 1386 Nam
799 1337 856 1387 et
882 1332 1050 1402 ipsius
1095 1334 1376 1405 praecipua:
1420 1345 1567 1393 sarta
1614 1345 1752 1392 tecta
1795 1329 2041 1393 ecclesiae
2075 1338 2285 1408 magnis
2328 1338 2572 1394 trabibus
2611 1339 2936 1410 procacique
2978 1341 3484 1418 artifi‘cio'clevatis

351 1420 570 1476 lucillue
601 1424 897 1478 renOvavit.
921 1423 1026 1490 Qui
1056 1424 1218 1478 etiam
1251 1425 1536 1496 porticum,
1565 1443 1687 1498 qua!
1709 1429 1880 1483 sancti
1907 1429 2138 1484 Andreze
2173 1431 2411 1484 colizeret
2452 1431 2716 1496 ecclesiaz,
2751 1448 2872 1487 cum
2919 1439 3237 1488 cerneretur
3258 1448 3482 1496 casura,

364 1511 436 1576 in,
468 1512 661 1568 melius
705 1515 920 1570 noviter
949 1517 1310 1580 ,restauravit.
1343 1516 1449 1571 Sed
1477 1526 1532 1573 et
1563 1522 1876 1584 cameram,
1918 1513 2042 1588 qua:
2085 1527 2211 1573 ante
2265 1529 2447 1589 portas
2497 1529 2782 1591 argenteas
2818 1521 2932 1590 jam
2978 1524 3138 1578 dictze
3181 1523 3318 1578 aula:
3365 1538 3488 1579 esse

347 1605 714 1673 conspicitur,
749 1607 968 1662 intinito
1013 1605 1186 1663 fretus
1227 1617 1743 1675 amore‘renovans,
1769 1609 2065 1664 decoravit.
2114 1610 2182 1664 Et
2232 1611 2428 1666 multas
2478 1613 2578 1683 piae
2627 1615 2958 1684 operationis
3004 1615 3054 1668 in
3085 1616 3273 1670 eadem
3304 1615 3490 1684 specie

285 1697 324 1753 ὃ
359 1697 618 1754 ecclesias
643 1697 808 1759 fecit.
833 1713 970 1769 quas
995 1697 1048 1753 si
1074 1698 1357 1768 scriptura!
1380 1699 1594 1754 tradere
1619 1700 1980 1765 voluerimus,
2017 1701 2198 1770 lingua
2235 1717 2460 1757 narrare
2494 1719 2598 1758 non
2638 1705 2867 1762 sufficiet
2903 1714 2957 1761 et
2997 1723 3094 1762 nec
3126 1708 3491 1762 scribentium

291 1823 296 1826 -
359 1788 852 1844 vaiebuntarticnli
874 1787 1169 1844 sustinere.
1203 1789 1340 1845 cum
1375 1803 1505 1860 ergo
1539 1805 1634 1860 per
1663 1790 1908 1846 diversas
1936 1784 2029 1846 Dei
2074 1793 2338 1848 ecclesias
2380 1793 2546 1848 nuilta
2577 1795 2863 1864 perliceret
2892 1797 3122 1869 insignia
3160 1813 3327 1867 Opera
3372 1799 3488 1866 ipse

355 1881 701 1936 beatissimus
727 1881 964 1950 pontifex
995 1879 1286 1951 porticum,
1309 1895 1428 1950 qua:
1452 1891 1578 1935 ante
1599 1881 1879 1938 basilicam
1918 1892 2120 1938 sanctae
2155 1884 2244 1938 Dei
2277 1884 2566 1941 Genitricis
2587 1888 2860 1954 consistit,
2887 1907 3007 1961 quae
3026 1891 3175 1960 juxta
3206 1891 3488 1948 basiﬁcaan

359 1975 530 2030 sancti
563 1975 838 2030 Laurentii
879 1976 989 2029 sita
1034 1983 1115 2029 est
1163 1971 1297 2030 foris
1340 1977 1557 2041 muros,
1596 1977 1798 2032 clarius
1845 1993 1908 2032 ac
1939 1977 2149 2033 firmius
2189 1981 2488 2035 renovavit.
2535 1981 2594 2035 In
2643 1983 2873 2039 ecclesia
2921 1995 3100 2040 autem
3138 1997 3341 2043 sancta:
3385 1969 3490 2043 Dei

358 2067 672 2132 Genitricis,
707 2082 830 2136 qum
876 2067 1094 2137 portitor
1124 2067 1178 2123 in
1221 2068 1341 2123 vico
1379 2067 1730 2134 Sardonum,‘
1776 2069 2032 2124 milliario
2076 2071 2145 2126 ab
2190 2072 2323 2127 urbe
2357 2071 2524 2126 Roma
2558 2073 2854 2144 trigesimo,
2899 2079 2933 2132 4
2977 2079 3276 2136 catholicos
3317 2079 3488 2136 ὥρας

251 2157 323 2213 10
358 2159 570 2224 obtulit,
599 2173 764 2213 unum
795 2155 1233 2230 Evangeliorum,
1261 2159 1425 2214 alimn
1450 2155 1778 2231 Regnorum,
1800 2160 2162 2224 Psalmorum,
2188 2171 2351 2231 atque
2378 2162 2722 2218 Sermonum.
2749 2170 2804 2224 In
2836 2171 3064 2225 ecclesia
3092 2170 3234 2226 beati
3259 2170 3476 2244 Martia;

352 2250 684 2306 confessoris
710 2261 872 2322 atque
903 2254 1192 2322 pontificis,
1243 2249 1377 2309 foris
1410 2265 1622 2324 portam
1671 2255 1816 2310 beati
1863 2256 2008 2310 Petri
2038 2256 2288 2326 ap05toli,
2334 2257 2460 2311 fecit
2508 2257 2734 2312 calicem
2783 2258 2848 2310 de
2887 2266 3116 2326 argento
3150 2271 3316 2309 unum
3363 2271 3489 2310 cum

283 2365 290 2380 ι
357 2343 643 2409 catenulis,
669 2359 894 2414 pensan.
923 2345 1088 2400 libras
1115 2345 1151 2399 6
1177 2355 1233 2402 et
1255 2346 1447 2401 uncias
1466 2346 1521 2399 2.
1544 2346 1610 2400 Et
1633 2347 1684 2400 in
1714 2347 1943 2402 ecclesia
1972 2356 2289 2402 sanctorum
2320 2357 2562 2417 quatuor
2586 2347 2982 2402 Coronatorum
3015 2349 3142 2402 fecit
3165 2347 3488 2418 thymiama-

362 2433 499 2486 teria
521 2432 628 2486 duo
655 2451 727 2489 ex
753 2445 976 2504 argento
1007 2437 1382 2503 mundissimo,
1413 2453 1639 2507 pensan.
1670 2437 1793 2492 libr.
1821 2439 1857 2492 2
1891 2447 1946 2492 et
1990 2439 2206 2493 unciam
2238 2454 2421 2492 unam.
2469 2437 2646 2494 Simili
2694 2437 2854 2492 modo
2880 2448 2936 2492 et
2973 2438 3024 2491 in
3055 2437 3284 2492 ecclesia
3316 2437 3490 2492 beata:

365 2521 668 2578 Petronittar
693 2523 832 2580 fecit
853 2535 1032 2580 vestes
1056 2525 1123 2580 de
1151 2523 1377 2580 fundato
1407 2535 1517 2581 tres
1543 2535 1596 2580 et
1625 2525 1741 2580 vela
1769 2525 2074 2590 duodecim,
2107 2537 2344 2597 quatuor
2375 2527 2596 2598 quidem
2626 2529 2692 2583 de
2726 2526 2972 2593 fundato,
3002 2538 3056 2584 et
3085 2536 3196 2583 tres
3217 2529 3284 2582 de
3311 2528 3491 2598 spani-
3575 2603 3580 2608 _

248 2617 322 2671 l5
357 2633 469 2682 sco,
499 2627 556 2672 et
584 2618 726 2674 linea
747 2621 1006 2692 quinque.
1039 2621 1173 2676 Nam
1200 2631 1256 2676 et
1281 2619 1333 2675 in
1363 2621 1594 2676 ecclesia
1623 2632 1826 2678 sanctze
1856 2623 1947 2678 Dei
1974 2623 2268 2679 Genitricis
2298 2624 2500 2689 Mariae,
2543 2640 2706 2693 quam
2735 2623 2850 2694 ipse
2874 2619 3222 2675 beatissimus
3250 2618 3492 2689 pontifex

363 2726 394 2764 a
429 2709 795 2765 fundamentis
824 2729 985 2782 supra
1016 2712 1256 2768 scholam
1297 2713 1574 2770 Saxonum
1617 2717 1828 2770 noviter
1855 2716 2166 2772 construxit
2190 2757 2204 2783 ,
2237 2715 2436 2770 obtulit
2468 2712 2652 2770 vestes
2697 2714 2764 2769 de
2812 2711 3038 2767 fundato
3084 2719 3224 2774 tres,
3269 2719 3324 2764 ct
3372 2709 3492 2786 vela

365 2805 618 2859 similiter
657 2806 722 2860 de
751 2806 975 2861 fundato
1008 2815 1269 2877 quatuor.
1418 2799 1421 2802 ’
1639 2796 1642 2799 ’
2633 2805 2636 2812 ’

430 2919 588 2991 542
629 2917 757 2973 Item
781 2921 1130 2985 beatissimus
1172 2921 1412 2992 pontifex
1462 2922 1588 2979 fecit
1626 2926 1679 2978 in
1712 2923 1930 2980 basilica
1962 2923 2105 2978 beati
2139 2923 2282 2978 Petri
2312 2922 2539 2993 apostoli
2579 2937 2766 2996 cereos
2795 2921 3190 2990 deargentatos,
3218 2917 3309 2986 qui
3344 2924 3493 2970 stant

364 3012 417 3066 in
464 3014 801 3084 presbyterio
851 3027 1079 3067 numero
1128 3011 1316 3082 viginti
1361 3022 1417 3068 et
1464 3025 1706 3084 septem,
1754 3030 1977 3083 pensant.
2026 3013 2243 3068 insimul
2292 3013 2458 3067 libras
2503 3012 2879 3084 quadraginta.
2907 3008 3064 3064 Nam
3110 3019 3165 3077 et
3218 3007 3397 3062 trabes
3439 3007 3495 3061 in

364 3102 607 3175 ingressu
637 3113 691 3166 et
736 3105 788 3159 in
818 3103 993 3159 medio
1021 3104 1344 3176 presbyterii
1379 3104 1653 3160 investivit
1695 3121 1758 3159 ex
1789 3113 2013 3176 argento
2044 3104 2352 3174 purissimo,
2396 3120 2621 3174 pensan.
2655 3103 2823 3158 libras
2869 3100 3148 3172 sexaginta
3191 3109 3246 3153 et
3284 3107 3497 3167 septem

360 3203 415 3250 et
439 3196 626 3251 uncias
654 3208 784 3252 tres.
810 3196 943 3253 Cum
967 3204 1147 3250 autem
1180 3211 1427 3266 superna:
1455 3195 1569 3251 zelo
1599 3197 1787 3266 patria:
1818 3197 2070 3251 incensus
2096 3196 2357 3265 speciosis
2388 3195 2586 3262 Christi
2626 3211 2723 3266 per
2747 3193 2993 3248 ordinem
3023 3199 3245 3245 ornaret
3267 3189 3496 3266 metallis

287 3289 322 3343 5
357 3306 420 3344 ac
445 3273 783 3346 ornamentis
809 3277 1098 3353 Ecclesias,
1125 3297 1245 3357 post
1279 3289 1406 3345 fecit
1431 3290 1534 3344 alia
1567 3289 1730 3343 multa
1761 3290 1812 3342 in
1841 3290 1959 3342 aula
1999 3289 2141 3344 beati
2184 3289 2326 3343 Petri
2356 3287 2583 3357 apostoli
2613 3285 2872 3357 principis
2897 3298 3154 3338 coronam
3177 3299 3243 3336 ex
3273 3290 3497 3351 argento

361 3377 651 3448 purissimo
681 3393 865 3442 uuam,
907 3394 1030 3434 cum
1072 3377 1337 3432 catenulis
1365 3378 1636 3447 argenteis
1662 3388 1917 3448 quatuor,
1959 3379 2248 3432 habentem
2281 3377 2560 3448 delphinos
2586 3375 2942 3444 quadraginta
2983 3381 3038 3427 et
3076 3372 3234 3436 duos,
3267 3387 3494 3442 pensan.

362 3465 520 3518 simm
545 3465 713 3521 libras
741 3458 925 3538 viginti
963 3475 1019 3522 et
1047 3460 1177 3522 tres.
1210 3465 1311 3520 ilic
1337 3481 1548 3536 quoque
1575 3467 1838 3536 pontifex,
1865 3467 2067 3522 Christi
2107 3482 2326 3535 semper
2347 3467 2547 3521 auxilio
2582 3467 2752 3518 fretus
2788 3479 2851 3518 ac
2895 3462 3152 3517 divinitus
3181 3461 3494 3530 inspiratus.

362 3553 489 3608 fecit
517 3555 569 3609 in
599 3556 829 3613 circuitu
855 3561 1042 3616 altaris
1066 3562 1211 3617 beati
1242 3561 1380 3617 Petri
1409 3563 1637 3632 apostoli
1669 3562 1782 3617 vela
1813 3564 1986 3617 serica
2023 3565 2088 3617 de
2113 3564 2331 3633 prasino
2359 3571 2612 3631 quatuor,
2644 3556 2895 3611 habentia
2931 3555 3140 3609 tabulas
3170 3565 3236 3608 (te
3272 3553 3502 3624 chryso-

362 3641 534 3708 clavo,
565 3663 688 3702 cum
716 3647 893 3719 effigie
919 3647 1220 3706 Salvatoris
1245 3659 1299 3706 et
1329 3653 1696 3721 apostolorum
1730 3653 1870 3708 Petri
1902 3662 1956 3709 et
1981 3654 2152 3716 Pauli,
2185 3663 2238 3707 et
2266 3653 2347 3706 sui
2385 3651 2552 3721 ipsius
2578 3647 2796 3702 almilici
2827 3644 3090 3716 praesulis,
3129 3653 3185 3697 et
3231 3645 3282 3697 in
3321 3643 3498 3704 medio

258 3735 328 3793 ὀ
363 3755 552 3796 cruces
581 3752 636 3797 et
654 3741 999 3814 gammadias
1019 3746 1084 3800 de
1110 3746 1465 3819 chrysoclavo
1487 3762 1610 3803 cum
1633 3749 1915 3811 orbiculis,
1942 3749 1994 3802 in
2019 3749 2218 3820 quibus
2245 3755 2371 3803 sunt
2395 3745 2655 3816 imagines
2681 3740 3053 3813 apostolorum
3078 3739 3227 3792 mira:
3257 3737 3498 3808 pulchri-

363 3829 564 3885 tudinis
591 3823 894 3896 decoratas,
919 3850 1040 3904 qua:
1063 3835 1114 3890 in
1134 3835 1325 3894 diebus
1355 3836 1505 3892 festis
1531 3839 1600 3893 ad
1624 3839 1875 3894 decorem
1909 3840 2105 3894 ibidem
2135 3838 2557 3908 suspenduntur.

432 3935 590 4012 543
628 3941 749 3998 Pari
780 3943 936 4002 modo
970 3944 1098 4003 fecit
1142 3949 1232 4004 ubi
1273 3966 1438 4021 supra
1475 3952 1581 4008 alia
1612 3953 1729 4010 vela
1769 3952 1892 4008 alba
1919 3952 2223 4008 holoserica
2264 3959 2444 4007 rosata
2490 3966 2614 4005 cum
2656 3949 3199 4005 cancellisdecorata
3244 3947 3494 4011 mirifice,

364 4027 584 4086 Pascha:
619 4032 998 4092 obumbrantia
1025 4054 1202 4094 sacra.
1231 4040 1452 4096 Necnon
1483 4051 1539 4104 et
1566 4041 1728 4106 aliam
1762 4057 2023 4098 coronam
2055 4041 2321 4096 minorem
2353 4040 2550 4094 ibidem
2575 4038 2772 4094 obtulit
2801 4056 2925 4094 cum
2949 4040 3219 4094 catenulis
3239 4049 3495 4107 quatuor,

363 4130 419 4176 et
440 4121 702 4192 oelphinis
726 4125 935 4181 decem.
963 4126 1251 4184 habentem
1275 4128 1448 4184 lilium
1469 4137 1524 4184 et
1547 4130 1823 4191 uncinata,
1850 4145 2076 4200 pensan.
2103 4130 2270 4185 libras
2293 4131 2447 4184 duas.
2477 4128 2646 4197 llujus
2666 4144 2898 4199 namque
2933 4129 3230 4184 beatissimi
3253 4129 3500 4199 przesulis

364 4213 573 4269 animus
594 4231 807 4286 semper
832 4219 940 4272 Deo
969 4219 1193 4274 devotus
1220 4219 1461 4275 existens
1489 4221 1753 4289 pretiosis.
1772 4219 1901 4277 Jesu
1927 4222 2128 4278 Christi
2153 4221 2422 4278 ecclesias
2436 4220 2778 4276 ornamentis
2805 4219 3005 4290 ingenti
3036 4218 3106 4273 ob
3135 4228 3353 4273 acterna:
3379 4218 3503 4271 vita:

294 4303 329 4358 5
365 4304 588 4370 salutem
617 4307 875 4363 decorare
906 4309 1156 4363 studebat
1185 4324 1372 4364 amore
1402 4324 1416 4363 :
1441 4318 1515 4374 et,
1550 4313 1692 4381 quod
1725 4312 1904 4368 nulius
1944 4328 2343 4382 praecessorum
2368 4313 2486 4381 ejus
2514 4313 2828 4383 pontificum
2859 4315 3038 4370 facere
3071 4313 3365 4368 arbitratus
3393 4319 3500 4373 est,

362 4398 449 4453 hic
473 4410 663 4453 sancto
687 4402 872 4468 procul
899 4401 1061 4456 dubio
1091 4399 1299 4471 Spiritu
1327 4400 1564 4466 fervens,
1590 4411 1754 4472 atque
1785 4405 2118 4474 compulsus,
2147 4419 2384 4460 coronas
2409 4420 2473 4459 ex
2505 4419 2640 4458 auro
2674 4403 3031 4470 mundissimo
3057 4403 3270 4473 inclytis
3299 4399 3510 4454 Christi-

363 4491 611 4550 videlicet
642 4503 697 4547 et
728 4479 1039 4548 sanctorum
1070 4491 1309 4548 vultibus
1341 4491 1691 4564 refulgentes,
1730 4494 1845 4550 ﬁeri
1887 4495 1939 4568 in
1971 4493 2337 4563 apostolorum
2374 4492 2638 4561 principis
2673 4491 2817 4548 Petri
2858 4493 3088 4548 ecclesia
3114 4493 3267 4562 lima
3306 4490 3506 4560 altare.

323 4574 466 4636 "sub
499 4581 608 4654 quo
635 4584 751 4654 ejus
792 4583 1219 4640 sacratissimum
1258 4599 1457 4654 corpus
1495 4585 1802 4654 requiescit,
1845 4585 2037 4660 dextra
2085 4585 2322 4654 hevaque
2361 4585 2658 4651 pendentes
2701 4583 2836 4637 duas
2865 4598 2986 4635 cum
3018 4579 3282 4636 catenulis
3323 4578 3505 4632 aureis

364 4663 523 4725 bullis
553 4687 886 4742 gemmisque
928 4673 1167 4744 prasinis
1199 4675 1485 4743 decoratas
1527 4673 1787 4739 decrevit,
1838 4674 2102 4728 habentes
2132 4673 2347 4727 insimul
2391 4674 2678 4742 delphinos
2723 4672 3030 4740 sexaginta,
3075 4686 3298 4739 pcnsan.
3335 4669 3502 4721 libras

263 4760 333 4814 ω
370 4759 590 4831 viginti.‘
619 4763 768 4818 Fecit
807 4772 862 4818 et
899 4764 1220 4818 cruciﬁxum
1263 4773 1574 4836 argenteum
1608 4765 1747 4819 miro
1774 4781 1939 4835 opere
1980 4766 2253 4834 depictum
2287 4764 2338 4817 in
2363 4764 2552 4820 eadem
2585 4760 2835 4821 ecclesia,
2867 4760 2956 4829 qui
2995 4760 3045 4811 in
3087 4759 3216 4829 laeva
3251 4759 3506 4812 introitus

364 4865 518 4924 parte
550 4855 692 4910 inter
729 4857 1006 4913 columnas
1042 4874 1267 4928 magnas
1305 4845 1514 4928 positus
1556 4858 1757 4928 ingenti
1800 4858 2048 4927 splendet
2085 4857 2302 4920 decore,
2344 4855 2630 4909 habentem
2672 4853 2840 4907 libras
2881 4850 3162 4919 sexaginta
3199 4857 3254 4902 et
3287 4847 3421 4902 duas
3448 4859 3507 4902 et

367 4945 666 5002 dimidiam.
697 4948 815 5019 ipse
840 4966 1055 5020 quoque
1083 4947 1433 5006 beatissimus
1464 4949 1707 5020 pontifex
1734 4949 1860 5004 fecit
1891 4949 1944 5003 in
1975 4947 2222 5002 oratorio
2254 4947 2659 5002 beatiAmh-ezc
2697 4941 2947 5012 apostoli,
2977 4940 3123 5010 quod;
3151 4939 3323 4994 sancti
3359 4940 3506 4994 Petrt

366 5041 601 5094 cohaeret
642 5041 907 5107 ecclesias,
939 5050 1144 5096 vestem
1196 5041 1426 5096 sericam
1473 5056 1633 5094 unam
1684 5041 1970 5094 habentem
2004 5039 2285 5094 historiam
2317 5037 2620 5108 aquilarum
2653 5043 2747 5098 ;et
2776 5033 2828 5086 iu
2877 5032 3074 5097 medio,
3113 5030 3348 5086 tabulam
3379 5047 3506 5086 cum

365 5130 740 5201 cltrysoclavo,
777 5131 829 5185 in
870 5147 974 5200 qua
1015 5132 1242 5201 depicta:
1274 5130 1476 5185 Christi
1521 5136 1574 5184 et
1603 5127 1988 5198 discipulorum
2026 5127 2144 5196 ejus
2189 5125 2381 5180 dextra
2421 5126 2663 5194 hevaque
2692 5125 2958 5194 imagines
2999 5125 3226 5194 fulgent,
3257 5132 3311 5176 et
3342 5123 3510 5193 ipsius

263 5225 334 5282 i5
369 5225 587 5282 almiiici
641 5226 909 5295 pnesulis.
961 5224 1039 5279 Ae
1085 5223 1318 5278 similem
1367 5229 1491 5292 post
1536 5219 1700 5275 totius
1747 5220 1928 5289 operis
1981 5211 2394 5288 perfectionem,
2437 5227 2491 5271 et
2532 5206 2869 5272 ornamentis
2908 5217 3122 5272 decoris
3172 5217 3225 5302 in
3273 5216 3506 5270 ecclesia

369 5327 682 5374 sanctorum
713 5301 946 5389 quatuor
989 5317 1385 5374 Coronatorum
1415 5323 1620 5369 vestem
1659 5313 1875 5368 fecit-de
1903 5314 2091 5366 eodem
2116 5313 2312 5374 serico,
2345 5327 2467 5363 eum
2491 5307 2676 5362 tabula
2709 5311 2775 5364 de
2807 5309 3184 5379 rhrysoclavo,
3220 5309 3509 5361 habentem

373 5410 674 5474 historiam,
705 5426 798 5465 seu
843 5410 1162 5465 miraculum
1205 5407 1349 5477 quod
1381 5406 1638 5460 Dominus
1664 5403 1913 5457 Christus
1943 5404 2016 5456 de
2051 5402 2294 5471 quinque
2331 5397 2526 5471 panum
2575 5411 2632 5456 et
2674 5400 2902 5470 piscium
2945 5400 3219 5454 alimentis
3255 5399 3509 5462 duorum,

376 5502 616 5572 quinque
642 5503 807 5556 millia
837 5502 1114 5557 hominum
1141 5499 1482 5555 abundanter
1509 5495 1737 5559 satiatis,
1761 5504 1844 5548 est
1865 5503 2139 5562 Oper-atus.

453 5614 615 5687 544
652 5614 796 5668 Inter
838 5613 955 5668 haec
989 5625 1116 5668 vero
1144 5626 1265 5682 qua:
1296 5609 1544 5680 superius
1581 5608 1781 5676 scripta
1833 5615 1959 5661 sunt
1999 5606 2162 5673 cmpit
2199 5605 2392 5658 crebro
2436 5605 2745 5658 nominatus
2786 5604 3162 5659 sanctissimus
3203 5599 3395 5671 praesul
3442 5599 3508 5653 de

375 5715 602 5784 singulis
629 5713 984 5768 ecclesiarum
1012 5709 1332 5772 rectoribus,
1367 5705 1614 5762 Videlicet
1642 5704 1929 5774 episcopis,
1957 5703 2309 5770 pt'esi-ylm'is,
2336 5691 2668 5761 «liacnnilttts,
2703 5707 2863 5767 atque
2892 5688 3506 5750 omni'Christimnormu
