  <div class='ocr_page' id='page_1' title='image "/cluster/home/n/w/nwhite01/storage/ocr_20150623/128/hvd.32044015471691/671.png"; bbox 0 0 4004 6324; ppageno 0'>
   <div class='ocr_carea' id='block_1_1' title="bbox 724 278 3734 353">
    <p class='ocr_par' dir='ltr' id='par_1_1' title="bbox 724 278 3734 353">
     <span class='ocr_line' id='line_1_1' title="bbox 724 278 3734 353; baseline -0.001 -13"><span class='ocrx_word' id='word_1_1' title='bbox 724 289 822 343; x_wconf 68' lang='grc'><strong>551</strong></span> <span class='ocrx_word' id='word_1_2' title='bbox 1905 283 2266 341; x_wconf 77' lang='lat' dir='ltr'><strong>ANASTASII</strong></span> <span class='ocrx_word' id='word_1_3' title='bbox 2304 278 2852 338; x_wconf 74' lang='lat' dir='ltr'><strong>BIBLIOTUECABII</strong></span> <span class='ocrx_word' id='word_1_4' title='bbox 3661 295 3734 353; x_wconf 59' lang='lat' dir='ltr'><strong>tm</strong></span> 
     </span>
    </p>
   </div>
   <div class='ocr_carea' id='block_1_2' title="bbox 825 388 3736 470">
    <p class='ocr_par' dir='ltr' id='par_1_2' title="bbox 825 388 3736 470">
     <span class='ocr_line' id='line_1_2' title="bbox 825 388 3736 470; baseline -0.003 -16"><span class='ocrx_word' id='word_1_5' title='bbox 825 397 1046 460; x_wconf 69' lang='lat' dir='ltr'><strong>militia.</strong></span> <span class='ocrx_word' id='word_1_6' title='bbox 1080 412 1266 451; x_wconf 84' lang='lat' dir='ltr'><strong>curant</strong></span> <span class='ocrx_word' id='word_1_7' title='bbox 1305 397 1831 470; x_wconf 75' lang='lat' dir='ltr'><strong>sollicitudinemmte</strong></span> <span class='ocrx_word' id='word_1_8' title='bbox 1864 400 2071 454; x_wconf 88' lang='lat' dir='ltr'><strong>habere</strong></span> <span class='ocrx_word' id='word_1_9' title='bbox 2112 397 2461 469; x_wconf 63' lang='lat' dir='ltr'><strong>pratcipuam.</strong></span> <span class='ocrx_word' id='word_1_10' title='bbox 2513 394 2708 448; x_wconf 82' lang='lat' dir='ltr'><strong>Volens</strong></span> <span class='ocrx_word' id='word_1_11' title='bbox 2747 394 2950 461; x_wconf 97' lang='lat' dir='ltr'><strong>itaque,</strong></span> <span class='ocrx_word' id='word_1_12' title='bbox 2997 388 3155 443; x_wconf 83' lang='lat' dir='ltr'><strong>sicuti</strong></span> <span class='ocrx_word' id='word_1_13' title='bbox 3183 398 3236 442; x_wconf 87' lang='lat' dir='ltr'><strong>et</strong></span> <span class='ocrx_word' id='word_1_14' title='bbox 3275 388 3530 446; x_wconf 80' lang='lat' dir='ltr'><strong>factumest</strong></span> <span class='ocrx_word' id='word_1_15' title='bbox 3557 410 3603 448; x_wconf 74' lang='lat' dir='ltr'><strong>ex</strong></span> <span class='ocrx_word' id='word_1_16' title='bbox 3626 405 3736 467; x_wconf 56' lang='grc' dir='ltr'><strong>βίω,</strong></span> 
     </span>
    </p>
   </div>
   <div class='ocr_carea' id='block_1_3' title="bbox 828 479 3740 560">
    <p class='ocr_par' dir='ltr' id='par_1_3' title="bbox 828 479 3740 560">
     <span class='ocr_line' id='line_1_3' title="bbox 828 479 3740 560; baseline -0.004 -16"><span class='ocrx_word' id='word_1_17' title='bbox 828 490 1262 554; x_wconf 83' lang='lat' dir='ltr'><strong>auctoritatibus,</strong></span> <span class='ocrx_word' id='word_1_18' title='bbox 1293 507 1484 544; x_wconf 90' lang='lat' dir='ltr'><strong>novant</strong></span> <span class='ocrx_word' id='word_1_19' title='bbox 1519 491 1738 546; x_wconf 81' lang='lat' dir='ltr'><strong>Christo</strong></span> <span class='ocrx_word' id='word_1_20' title='bbox 1759 490 1982 560; x_wconf 89' lang='lat' dir='ltr'><strong>juvante</strong></span> <span class='ocrx_word' id='word_1_21' title='bbox 2014 505 2258 546; x_wconf 81' lang='lat' dir='ltr'><strong>normam</strong></span> <span class='ocrx_word' id='word_1_22' title='bbox 2288 501 2622 558; x_wconf 67' lang='lat' dir='ltr'><strong>ptmpnttt&#39;re,</strong></span> <span class='ocrx_word' id='word_1_23' title='bbox 2653 483 2893 554; x_wconf 77' lang='lat' dir='ltr'><strong>qualiter</strong></span> <span class='ocrx_word' id='word_1_24' title='bbox 2931 479 3282 548; x_wconf 84' lang='lat' dir='ltr'><strong>unusquisque</strong></span> <span class='ocrx_word' id='word_1_25' title='bbox 3306 495 3462 534; x_wconf 80' lang='lat' dir='ltr'><strong>comm</strong></span> <span class='ocrx_word' id='word_1_26' title='bbox 3486 494 3603 538; x_wconf 78' lang='lat' dir='ltr'><strong>vitam</strong></span> <span class='ocrx_word' id='word_1_27' title='bbox 3623 505 3740 548; x_wconf 46' lang='lat' dir='ltr'><strong>cum</strong></span> 
     </span>
    </p>
   </div>
   <div class='ocr_carea' id='block_1_4' title="bbox 666 569 3742 648">
    <p class='ocr_par' dir='ltr' id='par_1_4' title="bbox 666 569 3742 648">
     <span class='ocr_line' id='line_1_4' title="bbox 666 569 3742 648; baseline 0.001 -18"><span class='ocrx_word' id='word_1_28' title='bbox 666 613 670 630; x_wconf 64' lang='grc' dir='ltr'>π</span> <span class='ocrx_word' id='word_1_29' title='bbox 765 577 799 630; x_wconf 82' lang='lat'><strong>5</strong></span> <span class='ocrx_word' id='word_1_30' title='bbox 835 587 884 632; x_wconf 92' lang='lat' dir='ltr'><strong>ct</strong></span> <span class='ocrx_word' id='word_1_31' title='bbox 916 577 1151 632; x_wconf 90' lang='lat' dir='ltr'><strong>sobriam</strong></span> <span class='ocrx_word' id='word_1_32' title='bbox 1180 577 1422 642; x_wconf 81' lang='lat' dir='ltr'><strong>duceret,</strong></span> <span class='ocrx_word' id='word_1_33' title='bbox 1447 586 1504 633; x_wconf 90' lang='lat' dir='ltr'><strong>et</strong></span> <span class='ocrx_word' id='word_1_34' title='bbox 1526 579 1659 642; x_wconf 87' lang='lat' dir='ltr'><strong>Deo,</strong></span> <span class='ocrx_word' id='word_1_35' title='bbox 1693 595 1779 633; x_wconf 89' lang='lat' dir='ltr'><strong>cut</strong></span> <span class='ocrx_word' id='word_1_36' title='bbox 1822 594 2035 648; x_wconf 81' lang='lat' dir='ltr'><strong>semper</strong></span> <span class='ocrx_word' id='word_1_37' title='bbox 2057 575 2600 648; x_wconf 83' lang='lat' dir='ltr'><strong>irrcprehensibiliter</strong></span> <span class='ocrx_word' id='word_1_38' title='bbox 2622 571 2935 626; x_wconf 82' lang='lat' dir='ltr'><strong>famulatum</strong></span> <span class='ocrx_word' id='word_1_39' title='bbox 2964 569 3212 622; x_wconf 78' lang='lat' dir='ltr'><strong>debemus</strong></span> <span class='ocrx_word' id='word_1_40' title='bbox 3235 570 3510 639; x_wconf 70' lang='lat' dir='ltr'><strong>impeudcte,</strong></span> <span class='ocrx_word' id='word_1_41' title='bbox 3535 576 3572 630; x_wconf 88' lang='lat' dir='ltr'><strong>iu</strong></span> <span class='ocrx_word' id='word_1_42' title='bbox 3597 585 3742 642; x_wconf 58' lang='lat' dir='ltr'><strong>omnim</strong></span> 
     </span>
    </p>
   </div>
   <div class='ocr_carea' id='block_1_5' title="bbox 829 660 3744 738">
    <p class='ocr_par' dir='ltr' id='par_1_5' title="bbox 829 660 3744 738">
     <span class='ocr_line' id='line_1_5' title="bbox 829 660 3744 738; baseline -0.001 -14"><span class='ocrx_word' id='word_1_43' title='bbox 829 669 1224 738; x_wconf 75' lang='lat' dir='ltr'><strong>wittplacerct;</strong></span> <span class='ocrx_word' id='word_1_44' title='bbox 1275 677 1404 724; x_wconf 91' lang='lat' dir='ltr'><strong>tunc</strong></span> <span class='ocrx_word' id='word_1_45' title='bbox 1445 668 1680 731; x_wconf 87' lang='lat' dir='ltr'><strong>demmn,</strong></span> <span class='ocrx_word' id='word_1_46' title='bbox 1706 669 1880 722; x_wconf 80' lang='lat' dir='ltr'><strong>sancti</strong></span> <span class='ocrx_word' id='word_1_47' title='bbox 1928 668 2047 735; x_wconf 89' lang='lat' dir='ltr'><strong>ejus</strong></span> <span class='ocrx_word' id='word_1_48' title='bbox 2079 666 2313 736; x_wconf 79' lang='lat' dir='ltr'><strong>Spiritus</strong></span> <span class='ocrx_word' id='word_1_49' title='bbox 2363 665 2536 735; x_wconf 83' lang='lat' dir='ltr'><strong>gratia</strong></span> <span class='ocrx_word' id='word_1_50' title='bbox 2587 661 2883 726; x_wconf 88' lang='lat' dir='ltr'><strong>revelantc,</strong></span> <span class='ocrx_word' id='word_1_51' title='bbox 2922 673 3025 714; x_wconf 88' lang='lat' dir='ltr'><strong>una</strong></span> <span class='ocrx_word' id='word_1_52' title='bbox 3067 673 3186 712; x_wconf 77' lang='lat' dir='ltr'><strong>culti</strong></span> <span class='ocrx_word' id='word_1_53' title='bbox 3212 660 3412 715; x_wconf 82' lang='lat' dir='ltr'><strong>consilio</strong></span> <span class='ocrx_word' id='word_1_54' title='bbox 3441 669 3744 731; x_wconf 61' lang='lat' dir='ltr'><strong>semiuiuam</strong></span> 
     </span>
    </p>
   </div>
   <div class='ocr_carea' id='block_1_6' title="bbox 828 752 3746 830">
    <p class='ocr_par' dir='ltr' id='par_1_6' title="bbox 828 752 3746 830">
     <span class='ocr_line' id='line_1_6' title="bbox 828 752 3746 830; baseline -0.003 -14"><span class='ocrx_word' id='word_1_55' title='bbox 828 759 1071 816; x_wconf 89' lang='lat' dir='ltr'><strong>Lotharii</strong></span> <span class='ocrx_word' id='word_1_56' title='bbox 1112 777 1175 816; x_wconf 88' lang='lat' dir='ltr'><strong>ac</strong></span> <span class='ocrx_word' id='word_1_57' title='bbox 1205 760 1459 816; x_wconf 84' lang='lat' dir='ltr'><strong>Ludovici</strong></span> <span class='ocrx_word' id='word_1_58' title='bbox 1497 760 1903 829; x_wconf 89' lang='lat' dir='ltr'><strong>imperatorum,</strong></span> <span class='ocrx_word' id='word_1_59' title='bbox 1947 774 2091 813; x_wconf 85' lang='lat' dir='ltr'><strong>anno</strong></span> <span class='ocrx_word' id='word_1_60' title='bbox 2133 757 2342 828; x_wconf 88' lang='lat' dir='ltr'><strong>imperii</strong></span> <span class='ocrx_word' id='word_1_61' title='bbox 2374 770 2560 812; x_wconf 89' lang='lat' dir='ltr'><strong>eorum</strong></span> <span class='ocrx_word' id='word_1_62' title='bbox 2598 755 2790 824; x_wconf 80' lang='lat' dir='ltr'><strong>qdinto</strong></span> <span class='ocrx_word' id='word_1_63' title='bbox 2833 761 2888 810; x_wconf 81' lang='lat' dir='ltr'><strong>et</strong></span> <span class='ocrx_word' id='word_1_64' title='bbox 2937 752 3226 822; x_wconf 85' lang='lat' dir='ltr'><strong>trigesimo,</strong></span> <span class='ocrx_word' id='word_1_65' title='bbox 3256 761 3402 822; x_wconf 81' lang='lat' dir='ltr'><strong>atque</strong></span> <span class='ocrx_word' id='word_1_66' title='bbox 3429 758 3746 830; x_wconf 62' lang='lat' dir='ltr'><strong>pontiﬁcatus].</strong></span> 
     </span>
    </p>
   </div>
   <div class='ocr_carea' id='block_1_7' title="bbox 829 844 3748 922">
    <p class='ocr_par' dir='ltr' id='par_1_7' title="bbox 829 844 3748 922">
     <span class='ocr_line' id='line_1_7' title="bbox 829 844 3748 922; baseline -0.003 -16"><span class='ocrx_word' id='word_1_67' title='bbox 829 853 958 907; x_wconf 84' lang='lat' dir='ltr'><strong>dicti</strong></span> <span class='ocrx_word' id='word_1_68' title='bbox 987 852 1230 922; x_wconf 69' lang='lat' dir='ltr'><strong>praesulis</strong></span> <span class='ocrx_word' id='word_1_69' title='bbox 1273 852 1523 920; x_wconf 90' lang='lat' dir='ltr'><strong>septimo,</strong></span> <span class='ocrx_word' id='word_1_70' title='bbox 1569 865 1753 904; x_wconf 90' lang='lat' dir='ltr'><strong>mense</strong></span> <span class='ocrx_word' id='word_1_71' title='bbox 1795 849 2098 912; x_wconf 90' lang='lat' dir='ltr'><strong>Decembri,</strong></span> <span class='ocrx_word' id='word_1_72' title='bbox 2130 849 2216 904; x_wconf 89' lang='lat' dir='ltr'><strong>die</strong></span> <span class='ocrx_word' id='word_1_73' title='bbox 2241 857 2450 911; x_wconf 88' lang='lat' dir='ltr'><strong>octava,</strong></span> <span class='ocrx_word' id='word_1_74' title='bbox 2485 846 2777 901; x_wconf 86' lang='lat' dir='ltr'><strong>indictione</strong></span> <span class='ocrx_word' id='word_1_75' title='bbox 2821 844 3080 906; x_wconf 83' lang='lat' dir='ltr'><strong>secunda,</strong></span> <span class='ocrx_word' id='word_1_76' title='bbox 3127 851 3351 898; x_wconf 85' lang='lat' dir='ltr'><strong>sanctam</strong></span> <span class='ocrx_word' id='word_1_77' title='bbox 3375 861 3428 900; x_wconf 85' lang='lat' dir='ltr'><strong>ac</strong></span> <span class='ocrx_word' id='word_1_78' title='bbox 3459 855 3748 912; x_wconf 63' lang='lat' dir='ltr'><strong>verum“</strong></span> 
     </span>
    </p>
   </div>
   <div class='ocr_carea' id='block_1_8' title="bbox 827 937 3821 1018">
    <p class='ocr_par' dir='ltr' id='par_1_8' title="bbox 827 937 3821 1018">
     <span class='ocr_line' id='line_1_8' title="bbox 827 937 3821 1018; baseline 0.004 -24"><span class='ocrx_word' id='word_1_79' title='bbox 827 939 1055 996; x_wconf 77' lang='lat' dir='ltr'><strong>ecclesia</strong></span> <span class='ocrx_word' id='word_1_80' title='bbox 1101 941 1244 996; x_wconf 83' lang='lat' dir='ltr'><strong>beati</strong></span> <span class='ocrx_word' id='word_1_81' title='bbox 1292 939 1438 995; x_wconf 83' lang='lat' dir='ltr'><strong>Petri</strong></span> <span class='ocrx_word' id='word_1_82' title='bbox 1497 939 1723 1010; x_wconf 79' lang='lat' dir='ltr'><strong>apostoli</strong></span> <span class='ocrx_word' id='word_1_83' title='bbox 1773 939 2033 1012; x_wconf 78' lang='lat' dir='ltr'><strong>synodum</strong></span> <span class='ocrx_word' id='word_1_84' title='bbox 2085 939 2452 1009; x_wconf 75' lang='lat' dir='ltr'><strong>congregavit.</strong></span> <span class='ocrx_word' id='word_1_85' title='bbox 2499 937 2554 993; x_wconf 90' lang='lat' dir='ltr'><strong>In</strong></span> <span class='ocrx_word' id='word_1_86' title='bbox 2596 953 2702 1006; x_wconf 89' lang='lat' dir='ltr'><strong>qua</strong></span> <span class='ocrx_word' id='word_1_87' title='bbox 2732 947 2839 992; x_wconf 86' lang='lat' dir='ltr'><strong>tam</strong></span> <span class='ocrx_word' id='word_1_88' title='bbox 2887 937 3004 1006; x_wconf 86' lang='lat' dir='ltr'><strong>ipse</strong></span> <span class='ocrx_word' id='word_1_89' title='bbox 3051 937 3333 994; x_wconf 82' lang='lat' dir='ltr'><strong>catholicus</strong></span> <span class='ocrx_word' id='word_1_90' title='bbox 3367 950 3416 995; x_wconf 90' lang='lat' dir='ltr'><strong>et</strong></span> <span class='ocrx_word' id='word_1_91' title='bbox 3445 946 3674 1012; x_wconf 70' lang='lat' dir='ltr'><strong>spondius</strong></span> <span class='ocrx_word' id='word_1_92' title='bbox 3695 953 3749 1018; x_wconf 77' lang='lat' dir='ltr'><strong>tit,</strong></span> <span class='ocrx_word' id='word_1_93' title='bbox 3819 962 3821 968; x_wconf 93' lang='lat'>&#39;</span> 
     </span>
    </p>
   </div>
   <div class='ocr_carea' id='block_1_9' title="bbox 727 1027 3752 1106">
    <p class='ocr_par' dir='ltr' id='par_1_9' title="bbox 727 1027 3752 1106">
     <span class='ocr_line' id='line_1_9' title="bbox 727 1027 3752 1106; baseline 0.002 -23"><span class='ocrx_word' id='word_1_94' title='bbox 727 1028 798 1086; x_wconf 73' lang='grc'><strong>10</strong></span> <span class='ocrx_word' id='word_1_95' title='bbox 831 1046 1103 1100; x_wconf 86' lang='lat' dir='ltr'><strong>quamque</strong></span> <span class='ocrx_word' id='word_1_96' title='bbox 1144 1040 1200 1085; x_wconf 86' lang='lat' dir='ltr'><strong>et</strong></span> <span class='ocrx_word' id='word_1_97' title='bbox 1245 1030 1335 1086; x_wconf 86' lang='lat' dir='ltr'><strong>alii</strong></span> <span class='ocrx_word' id='word_1_98' title='bbox 1363 1047 1484 1087; x_wconf 91' lang='lat' dir='ltr'><strong>cum</strong></span> <span class='ocrx_word' id='word_1_99' title='bbox 1533 1047 1599 1086; x_wconf 91' lang='lat' dir='ltr'><strong>eo</strong></span> <span class='ocrx_word' id='word_1_100' title='bbox 1650 1031 1928 1102; x_wconf 78' lang='lat' dir='ltr'><strong>sexaginta</strong></span> <span class='ocrx_word' id='word_1_101' title='bbox 1969 1038 2023 1082; x_wconf 92' lang='lat' dir='ltr'><strong>et</strong></span> <span class='ocrx_word' id='word_1_102' title='bbox 2067 1038 2274 1100; x_wconf 85' lang='lat' dir='ltr'><strong>septem</strong></span> <span class='ocrx_word' id='word_1_103' title='bbox 2319 1028 2557 1098; x_wconf 83' lang='lat' dir='ltr'><strong>episcopi</strong></span> <span class='ocrx_word' id='word_1_104' title='bbox 2604 1027 2942 1084; x_wconf 84' lang='lat' dir='ltr'><strong>resederunt.</strong></span> <span class='ocrx_word' id='word_1_105' title='bbox 2983 1027 3060 1082; x_wconf 76' lang='lat' dir='ltr'><strong>Ex</strong></span> <span class='ocrx_word' id='word_1_106' title='bbox 3101 1029 3288 1098; x_wconf 86' lang='lat' dir='ltr'><strong>quibus</strong></span> <span class='ocrx_word' id='word_1_107' title='bbox 3315 1041 3509 1099; x_wconf 79' lang='lat' dir='ltr'><strong>quatuor</strong></span> <span class='ocrx_word' id='word_1_108' title='bbox 3541 1037 3692 1106; x_wconf 62' lang='lat' dir='ltr'><strong>cpiam</strong></span> <span class='ocrx_word' id='word_1_109' title='bbox 3718 1047 3752 1096; x_wconf 64' lang='lat' dir='ltr'><strong>ab</strong></span> 
     </span>
    </p>
   </div>
   <div class='ocr_carea' id='block_1_10' title="bbox 836 1113 3756 1192">
    <p class='ocr_par' dir='ltr' id='par_1_10' title="bbox 836 1113 3756 1192">
     <span class='ocr_line' id='line_1_10' title="bbox 836 1113 3756 1192; baseline 0.003 -17"><span class='ocrx_word' id='word_1_110' title='bbox 836 1121 1251 1190; x_wconf 84' lang='lat' dir='ltr'><strong>imperatoribus</strong></span> <span class='ocrx_word' id='word_1_111' title='bbox 1283 1122 1557 1186; x_wconf 85' lang='lat' dir='ltr'><strong>destinati,</strong></span> <span class='ocrx_word' id='word_1_112' title='bbox 1595 1121 1795 1191; x_wconf 81' lang='lat' dir='ltr'><strong>Joseph</strong></span> <span class='ocrx_word' id='word_1_113' title='bbox 1835 1120 2230 1192; x_wconf 80' lang='lat' dir='ltr'><strong>Eporegicnsis,</strong></span> <span class='ocrx_word' id='word_1_114' title='bbox 2272 1116 2560 1188; x_wconf 83' lang='lat' dir='ltr'><strong>Nottiugus</strong></span> <span class='ocrx_word' id='word_1_115' title='bbox 2590 1116 2904 1178; x_wconf 77' lang='lat' dir='ltr'><strong>Brixiensis,</strong></span> <span class='ocrx_word' id='word_1_116' title='bbox 2927 1113 3120 1171; x_wconf 87' lang='lat' dir='ltr'><strong>Petrus</strong></span> <span class='ocrx_word' id='word_1_117' title='bbox 3155 1115 3450 1187; x_wconf 87' lang='lat' dir='ltr'><strong>Spoletinus,</strong></span> <span class='ocrx_word' id='word_1_118' title='bbox 3473 1134 3516 1177; x_wconf 86' lang='lat' dir='ltr'><strong>et</strong></span> <span class='ocrx_word' id='word_1_119' title='bbox 3541 1126 3635 1180; x_wconf 81' lang='lat' dir='ltr'><strong>alius</strong></span> <span class='ocrx_word' id='word_1_120' title='bbox 3652 1129 3756 1186; x_wconf 74' lang='lat' dir='ltr'><strong>Petrus</strong></span> 
     </span>
    </p>
   </div>
   <div class='ocr_carea' id='block_1_11' title="bbox 832 1207 3753 1282">
    <p class='ocr_par' dir='ltr' id='par_1_11' title="bbox 832 1207 3753 1282">
     <span class='ocr_line' id='line_1_11' title="bbox 832 1207 3753 1282; baseline 0.003 -18"><span class='ocrx_word' id='word_1_121' title='bbox 832 1212 1086 1268; x_wconf 79' lang='lat' dir='ltr'><strong>Aretinus</strong></span> <span class='ocrx_word' id='word_1_122' title='bbox 1113 1231 1127 1266; x_wconf 89' lang='lat'><strong>:</strong></span> <span class='ocrx_word' id='word_1_123' title='bbox 1155 1213 1301 1268; x_wconf 90' lang='lat' dir='ltr'><strong>inter</strong></span> <span class='ocrx_word' id='word_1_124' title='bbox 1323 1228 1460 1282; x_wconf 82' lang='lat' dir='ltr'><strong>ques</strong></span> <span class='ocrx_word' id='word_1_125' title='bbox 1473 1215 1635 1268; x_wconf 90' lang='lat' dir='ltr'><strong>etiam</strong></span> <span class='ocrx_word' id='word_1_126' title='bbox 1659 1213 1854 1268; x_wconf 88' lang='lat' dir='ltr'><strong>Paulus</strong></span> <span class='ocrx_word' id='word_1_127' title='bbox 1876 1213 2146 1268; x_wconf 81' lang='lat' dir='ltr'><strong>Diaconos</strong></span> <span class='ocrx_word' id='word_1_128' title='bbox 2168 1220 2368 1266; x_wconf 76' lang='lat' dir='ltr'><strong>sancta:</strong></span> <span class='ocrx_word' id='word_1_129' title='bbox 2395 1208 2727 1263; x_wconf 79' lang='lat' dir='ltr'><strong>Ravennatis</strong></span> <span class='ocrx_word' id='word_1_130' title='bbox 2751 1207 3006 1261; x_wconf 66' lang='lat' dir='ltr'><strong>Ecclesiae</strong></span> <span class='ocrx_word' id='word_1_131' title='bbox 3030 1208 3283 1271; x_wconf 89' lang='lat' dir='ltr'><strong>residens,</strong></span> <span class='ocrx_word' id='word_1_132' title='bbox 3304 1212 3454 1267; x_wconf 89' lang='lat' dir='ltr'><strong>vicem</strong></span> <span class='ocrx_word' id='word_1_133' title='bbox 3475 1224 3613 1269; x_wconf 67' lang='lat' dir='ltr'><strong>tenenti</strong></span> <span class='ocrx_word' id='word_1_134' title='bbox 3629 1217 3753 1276; x_wconf 75' lang='lat' dir='ltr'><strong>Joannis</strong></span> 
     </span>
    </p>
   </div>
   <div class='ocr_carea' id='block_1_12' title="bbox 834 1297 3340 1375">
    <p class='ocr_par' dir='ltr' id='par_1_12' title="bbox 834 1297 3340 1375">
     <span class='ocr_line' id='line_1_12' title="bbox 834 1297 3340 1375; baseline -0 -21"><span class='ocrx_word' id='word_1_135' title='bbox 834 1301 1223 1374; x_wconf 83' lang='lat' dir='ltr'><strong>archiepiscopi</strong></span> <span class='ocrx_word' id='word_1_136' title='bbox 1255 1303 1339 1357; x_wconf 91' lang='lat' dir='ltr'><strong>sui</strong></span> <span class='ocrx_word' id='word_1_137' title='bbox 1363 1301 1564 1373; x_wconf 84' lang='lat' dir='ltr'><strong>absque</strong></span> <span class='ocrx_word' id='word_1_138' title='bbox 1586 1304 1920 1375; x_wconf 78' lang='lat' dir='ltr'><strong>presbyteris</strong></span> <span class='ocrx_word' id='word_1_139' title='bbox 1949 1312 2004 1358; x_wconf 85' lang='lat' dir='ltr'><strong>et</strong></span> <span class='ocrx_word' id='word_1_140' title='bbox 2033 1301 2350 1358; x_wconf 82' lang='lat' dir='ltr'><strong>diaeouibus</strong></span> <span class='ocrx_word' id='word_1_141' title='bbox 2385 1309 2441 1354; x_wconf 90' lang='lat' dir='ltr'><strong>et</strong></span> <span class='ocrx_word' id='word_1_142' title='bbox 2466 1300 2613 1356; x_wconf 85' lang='lat' dir='ltr'><strong>clero</strong></span> <span class='ocrx_word' id='word_1_143' title='bbox 2638 1308 2838 1354; x_wconf 79' lang='lat' dir='ltr'><strong>sancta:</strong></span> <span class='ocrx_word' id='word_1_144' title='bbox 2861 1299 3052 1352; x_wconf 83' lang='lat' dir='ltr'><strong>matris</strong></span> <span class='ocrx_word' id='word_1_145' title='bbox 3080 1297 3340 1357; x_wconf 64' lang='lat' dir='ltr'><strong>Ecclesiae.</strong></span> 
     </span>
    </p>
   </div>
   <div class='ocr_carea' id='block_1_13' title="bbox 904 1407 3760 1482">
    <p class='ocr_par' dir='ltr' id='par_1_13' title="bbox 904 1407 3760 1482">
     <span class='ocr_line' id='line_1_13' title="bbox 904 1407 3760 1482; baseline 0.001 -18"><span class='ocrx_word' id='word_1_146' title='bbox 904 1407 1067 1482; x_wconf 55' lang='lat'><strong>5‘5</strong></span> <span class='ocrx_word' id='word_1_147' title='bbox 1105 1410 1172 1465; x_wconf 83' lang='lat' dir='ltr'><strong>Et</strong></span> <span class='ocrx_word' id='word_1_148' title='bbox 1208 1422 1335 1466; x_wconf 93' lang='lat' dir='ltr'><strong>tunc</strong></span> <span class='ocrx_word' id='word_1_149' title='bbox 1369 1426 1553 1466; x_wconf 89' lang='lat' dir='ltr'><strong>coram</strong></span> <span class='ocrx_word' id='word_1_150' title='bbox 1601 1413 1852 1467; x_wconf 88' lang='lat' dir='ltr'><strong>omnibus</strong></span> <span class='ocrx_word' id='word_1_151' title='bbox 1895 1411 2254 1482; x_wconf 75' lang='lat' dir='ltr'><strong>quadraginta</strong></span> <span class='ocrx_word' id='word_1_152' title='bbox 2295 1419 2351 1466; x_wconf 89' lang='lat' dir='ltr'><strong>et</strong></span> <span class='ocrx_word' id='word_1_153' title='bbox 2392 1409 2498 1464; x_wconf 87' lang='lat' dir='ltr'><strong>duo</strong></span> <span class='ocrx_word' id='word_1_154' title='bbox 2545 1407 2802 1479; x_wconf 88' lang='lat' dir='ltr'><strong>capitula,</strong></span> <span class='ocrx_word' id='word_1_155' title='bbox 2843 1424 2965 1478; x_wconf 67' lang='lat' dir='ltr'><strong>qum</strong></span> <span class='ocrx_word' id='word_1_156' title='bbox 2997 1407 3240 1477; x_wconf 78' lang='lat' dir='ltr'><strong>profecto</strong></span> <span class='ocrx_word' id='word_1_157' title='bbox 3262 1409 3325 1464; x_wconf 87' lang='lat' dir='ltr'><strong>ad</strong></span> <span class='ocrx_word' id='word_1_158' title='bbox 3365 1410 3548 1464; x_wconf 84' lang='lat' dir='ltr'><strong>salutent</strong></span> <span class='ocrx_word' id='word_1_159' title='bbox 3581 1424 3621 1467; x_wconf 83' lang='lat' dir='ltr'><strong>et</strong></span> <span class='ocrx_word' id='word_1_160' title='bbox 3644 1415 3760 1468; x_wconf 74' lang='lat' dir='ltr'><strong>lucrm</strong></span> 
     </span>
    </p>
   </div>
   <div class='ocr_carea' id='block_1_14' title="bbox 835 1501 3763 1574">
    <p class='ocr_par' dir='ltr' id='par_1_14' title="bbox 835 1501 3763 1574">
     <span class='ocr_line' id='line_1_14' title="bbox 835 1501 3763 1574; baseline 0.001 -20"><span class='ocrx_word' id='word_1_161' title='bbox 835 1503 1076 1558; x_wconf 83' lang='lat' dir='ltr'><strong>omnium</strong></span> <span class='ocrx_word' id='word_1_162' title='bbox 1115 1502 1544 1558; x_wconf 89' lang='lat' dir='ltr'><strong>Christianorum</strong></span> <span class='ocrx_word' id='word_1_163' title='bbox 1591 1504 1870 1558; x_wconf 82' lang='lat' dir='ltr'><strong>hominum</strong></span> <span class='ocrx_word' id='word_1_164' title='bbox 1916 1505 2204 1574; x_wconf 82' lang='lat' dir='ltr'><strong>pertinere</strong></span> <span class='ocrx_word' id='word_1_165' title='bbox 2227 1509 2542 1566; x_wconf 87' lang='lat' dir='ltr'><strong>noscuntur,</strong></span> <span class='ocrx_word' id='word_1_166' title='bbox 2576 1516 2674 1570; x_wconf 89' lang='lat' dir='ltr'><strong>per</strong></span> <span class='ocrx_word' id='word_1_167' title='bbox 2708 1501 2971 1555; x_wconf 81' lang='lat' dir='ltr'><strong>diaconos</strong></span> <span class='ocrx_word' id='word_1_168' title='bbox 3006 1508 3206 1562; x_wconf 66' lang='lat' dir='ltr'><strong>sanetae</strong></span> <span class='ocrx_word' id='word_1_169' title='bbox 3244 1507 3296 1553; x_wconf 92' lang='lat' dir='ltr'><strong>et</strong></span> <span class='ocrx_word' id='word_1_170' title='bbox 3337 1501 3594 1555; x_wconf 71' lang='lat' dir='ltr'><strong>universalis</strong></span> <span class='ocrx_word' id='word_1_171' title='bbox 3622 1503 3763 1558; x_wconf 62' lang='lat' dir='ltr'><strong>Bthe</strong></span> 
     </span>
    </p>
   </div>
   <div class='ocr_carea' id='block_1_15' title="bbox 835 1592 3765 1665">
    <p class='ocr_par' dir='ltr' id='par_1_15' title="bbox 835 1592 3765 1665">
     <span class='ocr_line' id='line_1_15' title="bbox 835 1592 3765 1665; baseline 0.001 -20"><span class='ocrx_word' id='word_1_172' title='bbox 835 1593 980 1646; x_wconf 66' lang='lat' dir='ltr'><strong>sedis</strong></span> <span class='ocrx_word' id='word_1_173' title='bbox 1010 1593 1110 1665; x_wconf 85' lang='lat' dir='ltr'><strong>legi</strong></span> <span class='ocrx_word' id='word_1_174' title='bbox 1132 1595 1404 1665; x_wconf 78' lang='lat' dir='ltr'><strong>praecepit.</strong></span> <span class='ocrx_word' id='word_1_175' title='bbox 1431 1596 1560 1663; x_wconf 72' lang='lat' dir='ltr'><strong>Qua:</strong></span> <span class='ocrx_word' id='word_1_176' title='bbox 1579 1598 1741 1653; x_wconf 90' lang='lat' dir='ltr'><strong>etiam</strong></span> <span class='ocrx_word' id='word_1_177' title='bbox 1765 1597 2018 1665; x_wconf 84' lang='lat' dir='ltr'><strong>capitula,</strong></span> <span class='ocrx_word' id='word_1_178' title='bbox 2045 1605 2101 1650; x_wconf 92' lang='lat' dir='ltr'><strong>ut</strong></span> <span class='ocrx_word' id='word_1_179' title='bbox 2125 1599 2176 1650; x_wconf 90' lang='lat' dir='ltr'><strong>in</strong></span> <span class='ocrx_word' id='word_1_180' title='bbox 2201 1596 2439 1650; x_wconf 69' lang='lat' dir='ltr'><strong>tutorum</strong></span> <span class='ocrx_word' id='word_1_181' title='bbox 2463 1595 2531 1650; x_wconf 89' lang='lat' dir='ltr'><strong>ab</strong></span> <span class='ocrx_word' id='word_1_182' title='bbox 2556 1593 2806 1648; x_wconf 87' lang='lat' dir='ltr'><strong>omnibus</strong></span> <span class='ocrx_word' id='word_1_183' title='bbox 2829 1592 3031 1647; x_wconf 86' lang='lat' dir='ltr'><strong>illibata</strong></span> <span class='ocrx_word' id='word_1_184' title='bbox 3064 1599 3356 1656; x_wconf 81' lang='lat' dir='ltr'><strong>serventur,</strong></span> <span class='ocrx_word' id='word_1_185' title='bbox 3376 1602 3478 1661; x_wconf 85' lang='lat' dir='ltr'><strong>post</strong></span> <span class='ocrx_word' id='word_1_186' title='bbox 3491 1605 3630 1647; x_wconf 57' lang='lat' dir='ltr'><strong>cetera</strong></span> <span class='ocrx_word' id='word_1_187' title='bbox 3644 1598 3765 1649; x_wconf 67' lang='lat' dir='ltr'><strong>dum</strong></span> 
     </span>
    </p>
   </div>
   <div class='ocr_carea' id='block_1_16' title="bbox 835 1680 3766 1755">
    <p class='ocr_par' dir='ltr' id='par_1_16' title="bbox 835 1680 3766 1755">
     <span class='ocr_line' id='line_1_16' title="bbox 835 1680 3766 1755; baseline 0.003 -26"><span class='ocrx_word' id='word_1_188' title='bbox 835 1681 1146 1748; x_wconf 54' lang='lat' dir='ltr'><strong>lmntilicum</strong></span> <span class='ocrx_word' id='word_1_189' title='bbox 1177 1682 1230 1736; x_wconf 88' lang='lat' dir='ltr'><strong>itt</strong></span> <span class='ocrx_word' id='word_1_190' title='bbox 1262 1687 1464 1740; x_wconf 84' lang='lat' dir='ltr'><strong>sanctis</strong></span> <span class='ocrx_word' id='word_1_191' title='bbox 1492 1687 1786 1740; x_wconf 86' lang='lat' dir='ltr'><strong>cauonibus</strong></span> <span class='ocrx_word' id='word_1_192' title='bbox 1823 1685 1987 1754; x_wconf 86' lang='lat' dir='ltr'><strong>jussit</strong></span> <span class='ocrx_word' id='word_1_193' title='bbox 2031 1687 2227 1742; x_wconf 87' lang='lat' dir='ltr'><strong>ascribi</strong></span> <span class='ocrx_word' id='word_1_194' title='bbox 2263 1703 2277 1738; x_wconf 87' lang='lat'><strong>:</strong></span> <span class='ocrx_word' id='word_1_195' title='bbox 2308 1694 2576 1755; x_wconf 85' lang='lat' dir='ltr'><strong>quatenus</strong></span> <span class='ocrx_word' id='word_1_196' title='bbox 2609 1699 2798 1738; x_wconf 86' lang='lat' dir='ltr'><strong>omnes</strong></span> <span class='ocrx_word' id='word_1_197' title='bbox 2823 1682 3060 1750; x_wconf 88' lang='lat' dir='ltr'><strong>episcopi</strong></span> <span class='ocrx_word' id='word_1_198' title='bbox 3101 1680 3256 1747; x_wconf 82' lang='lat' dir='ltr'><strong>hujus</strong></span> <span class='ocrx_word' id='word_1_199' title='bbox 3284 1685 3566 1737; x_wconf 82' lang='lat' dir='ltr'><strong>auctoritatis</strong></span> <span class='ocrx_word' id='word_1_200' title='bbox 3589 1687 3766 1753; x_wconf 67' lang='lat' dir='ltr'><strong>exemplum</strong></span> 
     </span>
    </p>
   </div>
   <div class='ocr_carea' id='block_1_17' title="bbox 764 1763 3768 1846">
    <p class='ocr_par' dir='ltr' id='par_1_17' title="bbox 764 1763 3768 1846">
     <span class='ocr_line' id='line_1_17' title="bbox 764 1763 3768 1846; baseline 0.002 -21"><span class='ocrx_word' id='word_1_201' title='bbox 764 1774 799 1826; x_wconf 83' lang='grc'><strong>5</strong></span> <span class='ocrx_word' id='word_1_202' title='bbox 837 1786 960 1829; x_wconf 88' lang='lat' dir='ltr'><strong>ante</strong></span> <span class='ocrx_word' id='word_1_203' title='bbox 995 1776 1184 1831; x_wconf 90' lang='lat' dir='ltr'><strong>oculos</strong></span> <span class='ocrx_word' id='word_1_204' title='bbox 1212 1778 1466 1842; x_wconf 86' lang='lat' dir='ltr'><strong>habeant,</strong></span> <span class='ocrx_word' id='word_1_205' title='bbox 1495 1786 1552 1832; x_wconf 85' lang='lat' dir='ltr'><strong>et</strong></span> <span class='ocrx_word' id='word_1_206' title='bbox 1578 1793 1707 1831; x_wconf 87' lang='lat' dir='ltr'><strong>suos</strong></span> <span class='ocrx_word' id='word_1_207' title='bbox 1731 1776 1938 1846; x_wconf 87' lang='lat' dir='ltr'><strong>possint</strong></span> <span class='ocrx_word' id='word_1_208' title='bbox 1964 1775 2154 1839; x_wconf 80' lang='lat' dir='ltr'><strong>melius</strong></span> <span class='ocrx_word' id='word_1_209' title='bbox 2184 1775 2452 1830; x_wconf 89' lang='lat' dir='ltr'><strong>instruere</strong></span> <span class='ocrx_word' id='word_1_210' title='bbox 2478 1781 2533 1827; x_wconf 92' lang='lat' dir='ltr'><strong>et</strong></span> <span class='ocrx_word' id='word_1_211' title='bbox 2571 1763 2788 1828; x_wconf 84' lang='lat' dir='ltr'><strong>erudire</strong></span> <span class='ocrx_word' id='word_1_212' title='bbox 2816 1773 3108 1842; x_wconf 80' lang='lat' dir='ltr'><strong>subjectos.</strong></span> <span class='ocrx_word' id='word_1_213' title='bbox 3139 1769 3194 1825; x_wconf 88' lang='lat' dir='ltr'><strong>In</strong></span> <span class='ocrx_word' id='word_1_214' title='bbox 3219 1772 3316 1828; x_wconf 92' lang='lat' dir='ltr'><strong>hac</strong></span> <span class='ocrx_word' id='word_1_215' title='bbox 3343 1771 3536 1843; x_wconf 82' lang='lat' dir='ltr'><strong>denique</strong></span> <span class='ocrx_word' id='word_1_216' title='bbox 3564 1787 3768 1842; x_wconf 63' lang='lat' dir='ltr'><strong>postulet:</strong></span> 
     </span>
    </p>
   </div>
   <div class='ocr_carea' id='block_1_18' title="bbox 841 1863 3770 1940">
    <p class='ocr_par' dir='ltr' id='par_1_18' title="bbox 841 1863 3770 1940">
     <span class='ocr_line' id='line_1_18' title="bbox 841 1863 3770 1940; baseline -0 -23"><span class='ocrx_word' id='word_1_217' title='bbox 841 1869 1045 1936; x_wconf 77' lang='lat' dir='ltr'><strong>synodo</strong></span> <span class='ocrx_word' id='word_1_218' title='bbox 1089 1869 1414 1924; x_wconf 84' lang='lat' dir='ltr'><strong>Anastasius</strong></span> <span class='ocrx_word' id='word_1_219' title='bbox 1446 1871 1730 1940; x_wconf 78' lang='lat' dir='ltr'><strong>presbyter</strong></span> <span class='ocrx_word' id='word_1_220' title='bbox 1778 1867 2070 1922; x_wconf 83' lang='lat' dir='ltr'><strong>cardinalis</strong></span> <span class='ocrx_word' id='word_1_221' title='bbox 2117 1866 2256 1920; x_wconf 89' lang='lat' dir='ltr'><strong>tituli</strong></span> <span class='ocrx_word' id='word_1_222' title='bbox 2300 1867 2440 1922; x_wconf 86' lang='lat' dir='ltr'><strong>beati</strong></span> <span class='ocrx_word' id='word_1_223' title='bbox 2493 1864 2724 1920; x_wconf 76' lang='lat' dir='ltr'><strong>Marcelli</strong></span> <span class='ocrx_word' id='word_1_224' title='bbox 2763 1865 2832 1919; x_wconf 89' lang='lat' dir='ltr'><strong>ab</strong></span> <span class='ocrx_word' id='word_1_225' title='bbox 2868 1865 3124 1919; x_wconf 83' lang='lat' dir='ltr'><strong>omnibus</strong></span> <span class='ocrx_word' id='word_1_226' title='bbox 3161 1863 3401 1918; x_wconf 85' lang='lat' dir='ltr'><strong>canonice</strong></span> <span class='ocrx_word' id='word_1_227' title='bbox 3432 1873 3502 1917; x_wconf 88' lang='lat' dir='ltr'><strong>est</strong></span> <span class='ocrx_word' id='word_1_228' title='bbox 3530 1863 3770 1931; x_wconf 56' lang='lat' dir='ltr'><strong>depositum</strong></span> 
     </span>
    </p>
   </div>
   <div class='ocr_carea' id='block_1_19' title="bbox 839 1949 3769 2030">
    <p class='ocr_par' dir='ltr' id='par_1_19' title="bbox 839 1949 3769 2030">
     <span class='ocr_line' id='line_1_19' title="bbox 839 1949 3769 2030; baseline -0 -24"><span class='ocrx_word' id='word_1_229' title='bbox 839 1959 979 2024; x_wconf 77' lang='lat' dir='ltr'><strong>quod</strong></span> <span class='ocrx_word' id='word_1_230' title='bbox 1008 1959 1317 2028; x_wconf 85' lang='lat' dir='ltr'><strong>parochiam</strong></span> <span class='ocrx_word' id='word_1_231' title='bbox 1349 1976 1500 2015; x_wconf 88' lang='lat' dir='ltr'><strong>suam</strong></span> <span class='ocrx_word' id='word_1_232' title='bbox 1548 1975 1642 2030; x_wconf 91' lang='lat' dir='ltr'><strong>per</strong></span> <span class='ocrx_word' id='word_1_233' title='bbox 1668 1975 1838 2012; x_wconf 89' lang='lat' dir='ltr'><strong>annos</strong></span> <span class='ocrx_word' id='word_1_234' title='bbox 1879 1958 2117 2026; x_wconf 84' lang='lat' dir='ltr'><strong>quinque</strong></span> <span class='ocrx_word' id='word_1_235' title='bbox 2147 1965 2332 2010; x_wconf 88' lang='lat' dir='ltr'><strong>contra</strong></span> <span class='ocrx_word' id='word_1_236' title='bbox 2363 1971 2630 2010; x_wconf 89' lang='lat' dir='ltr'><strong>canonum</strong></span> <span class='ocrx_word' id='word_1_237' title='bbox 2663 1954 2905 2009; x_wconf 88' lang='lat' dir='ltr'><strong>instituta</strong></span> <span class='ocrx_word' id='word_1_238' title='bbox 2942 1953 3207 2017; x_wconf 88' lang='lat' dir='ltr'><strong>deseruit,</strong></span> <span class='ocrx_word' id='word_1_239' title='bbox 3233 1960 3285 2007; x_wconf 89' lang='lat' dir='ltr'><strong>ct</strong></span> <span class='ocrx_word' id='word_1_240' title='bbox 3313 1951 3362 2006; x_wconf 91' lang='lat' dir='ltr'><strong>in</strong></span> <span class='ocrx_word' id='word_1_241' title='bbox 3386 1949 3534 2006; x_wconf 82' lang='lat' dir='ltr'><strong>aliena</strong></span> <span class='ocrx_word' id='word_1_242' title='bbox 3551 1968 3668 2021; x_wconf 79' lang='lat' dir='ltr'><strong>usque</strong></span> <span class='ocrx_word' id='word_1_243' title='bbox 3688 1954 3769 2005; x_wconf 67' lang='lat' dir='ltr'><strong>hdie</strong></span> 
     </span>
    </p>
   </div>
   <div class='ocr_carea' id='block_1_20' title="bbox 839 2046 3772 2125">
    <p class='ocr_par' dir='ltr' id='par_1_20' title="bbox 839 2046 3772 2125">
     <span class='ocr_line' id='line_1_20' title="bbox 839 2046 3772 2125; baseline -0.002 -22"><span class='ocrx_word' id='word_1_244' title='bbox 839 2055 1172 2110; x_wconf 73' lang='lat' dir='ltr'><strong>deunoratur.</strong></span> <span class='ocrx_word' id='word_1_245' title='bbox 1221 2057 1321 2123; x_wconf 80' lang='lat' dir='ltr'><strong>Qui</strong></span> <span class='ocrx_word' id='word_1_246' title='bbox 1364 2073 1487 2111; x_wconf 88' lang='lat' dir='ltr'><strong>cum</strong></span> <span class='ocrx_word' id='word_1_247' title='bbox 1536 2072 1710 2124; x_wconf 84' lang='lat' dir='ltr'><strong>neque</strong></span> <span class='ocrx_word' id='word_1_248' title='bbox 1736 2055 1800 2108; x_wconf 91' lang='lat' dir='ltr'><strong>ad</strong></span> <span class='ocrx_word' id='word_1_249' title='bbox 1830 2057 1935 2108; x_wconf 90' lang='lat' dir='ltr'><strong>duo</strong></span> <span class='ocrx_word' id='word_1_250' title='bbox 1966 2070 2064 2125; x_wconf 91' lang='lat' dir='ltr'><strong>pro</strong></span> <span class='ocrx_word' id='word_1_251' title='bbox 2107 2069 2172 2108; x_wconf 89' lang='lat' dir='ltr'><strong>eo</strong></span> <span class='ocrx_word' id='word_1_252' title='bbox 2217 2063 2545 2125; x_wconf 83' lang='lat' dir='ltr'><strong>congregata</strong></span> <span class='ocrx_word' id='word_1_253' title='bbox 2585 2052 2810 2108; x_wconf 89' lang='lat' dir='ltr'><strong>concilia</strong></span> <span class='ocrx_word' id='word_1_254' title='bbox 2852 2051 3038 2107; x_wconf 87' lang='lat' dir='ltr'><strong>venire</strong></span> <span class='ocrx_word' id='word_1_255' title='bbox 3076 2050 3248 2112; x_wconf 89' lang='lat' dir='ltr'><strong>vellet,</strong></span> <span class='ocrx_word' id='word_1_256' title='bbox 3293 2064 3447 2118; x_wconf 83' lang='lat' dir='ltr'><strong>neque</strong></span> <span class='ocrx_word' id='word_1_257' title='bbox 3479 2063 3555 2117; x_wconf 84' lang='lat' dir='ltr'><strong>per</strong></span> <span class='ocrx_word' id='word_1_258' title='bbox 3584 2046 3772 2114; x_wconf 70' lang='lat' dir='ltr'><strong>apostolica</strong></span> 
     </span>
    </p>
   </div>
   <div class='ocr_carea' id='block_1_21' title="bbox 842 2137 3774 2218">
    <p class='ocr_par' dir='ltr' id='par_1_21' title="bbox 842 2137 3774 2218">
     <span class='ocr_line' id='line_1_21' title="bbox 842 2137 3774 2218; baseline -0.003 -20"><span class='ocrx_word' id='word_1_259' title='bbox 842 2147 1120 2216; x_wconf 78' lang='lat' dir='ltr'><strong>epistolas,</strong></span> <span class='ocrx_word' id='word_1_260' title='bbox 1151 2163 1323 2218; x_wconf 85' lang='lat' dir='ltr'><strong>neque</strong></span> <span class='ocrx_word' id='word_1_261' title='bbox 1360 2164 1459 2218; x_wconf 85' lang='lat' dir='ltr'><strong>per</strong></span> <span class='ocrx_word' id='word_1_262' title='bbox 1487 2157 1596 2203; x_wconf 89' lang='lat' dir='ltr'><strong>tres</strong></span> <span class='ocrx_word' id='word_1_263' title='bbox 1625 2157 1849 2202; x_wconf 85' lang='lat' dir='ltr'><strong>vocatus</strong></span> <span class='ocrx_word' id='word_1_264' title='bbox 1879 2150 2181 2215; x_wconf 86' lang='lat' dir='ltr'><strong>episcopos,</strong></span> <span class='ocrx_word' id='word_1_265' title='bbox 2212 2145 2490 2200; x_wconf 78' lang='lat' dir='ltr'><strong>Nicolaum</strong></span> <span class='ocrx_word' id='word_1_266' title='bbox 2521 2144 2790 2208; x_wconf 80' lang='lat' dir='ltr'><strong>videlicet,</strong></span> <span class='ocrx_word' id='word_1_267' title='bbox 2823 2143 3202 2198; x_wconf 84' lang='lat' dir='ltr'><strong>Petronacittm</strong></span> <span class='ocrx_word' id='word_1_268' title='bbox 3227 2151 3279 2196; x_wconf 91' lang='lat' dir='ltr'><strong>et</strong></span> <span class='ocrx_word' id='word_1_269' title='bbox 3302 2137 3546 2200; x_wconf 72' lang='lat' dir='ltr'><strong>Joannem,</strong></span> <span class='ocrx_word' id='word_1_270' title='bbox 3571 2138 3654 2190; x_wconf 80' lang='lat' dir='ltr'><strong>ideo</strong></span> <span class='ocrx_word' id='word_1_271' title='bbox 3669 2138 3774 2190; x_wconf 65' lang='lat' dir='ltr'><strong>ratio</strong></span> 
     </span>
    </p>
   </div>
   <div class='ocr_carea' id='block_1_22' title="bbox 739 2226 3773 2307">
    <p class='ocr_par' dir='ltr' id='par_1_22' title="bbox 739 2226 3773 2307">
     <span class='ocr_line' id='line_1_22' title="bbox 739 2226 3773 2307; baseline -0.003 -15"><span class='ocrx_word' id='word_1_272' title='bbox 739 2236 806 2292; x_wconf 71' lang='grc'><strong>10</strong></span> <span class='ocrx_word' id='word_1_273' title='bbox 845 2254 950 2307; x_wconf 87' lang='lat' dir='ltr'><strong>uno</strong></span> <span class='ocrx_word' id='word_1_274' title='bbox 978 2253 1265 2302; x_wconf 83' lang='lat' dir='ltr'><strong>consensu,</strong></span> <span class='ocrx_word' id='word_1_275' title='bbox 1293 2232 1585 2293; x_wconf 80' lang='lat' dir='ltr'><strong>sccundnm</strong></span> <span class='ocrx_word' id='word_1_276' title='bbox 1615 2239 1754 2307; x_wconf 88' lang='lat' dir='ltr'><strong>quod</strong></span> <span class='ocrx_word' id='word_1_277' title='bbox 1791 2239 1857 2291; x_wconf 92' lang='lat' dir='ltr'><strong>dc</strong></span> <span class='ocrx_word' id='word_1_278' title='bbox 1889 2237 2081 2291; x_wconf 87' lang='lat' dir='ltr'><strong>talibus</strong></span> <span class='ocrx_word' id='word_1_279' title='bbox 2111 2237 2284 2292; x_wconf 85' lang='lat' dir='ltr'><strong>sacris</strong></span> <span class='ocrx_word' id='word_1_280' title='bbox 2313 2240 2621 2292; x_wconf 85' lang='lat' dir='ltr'><strong>continetur</strong></span> <span class='ocrx_word' id='word_1_281' title='bbox 2646 2235 2961 2300; x_wconf 84' lang='lat' dir='ltr'><strong>cauonibtts,</strong></span> <span class='ocrx_word' id='word_1_282' title='bbox 2977 2248 3104 2288; x_wconf 88' lang='lat' dir='ltr'><strong>eum</strong></span> <span class='ocrx_word' id='word_1_283' title='bbox 3133 2243 3313 2286; x_wconf 86' lang='lat' dir='ltr'><strong>sancta</strong></span> <span class='ocrx_word' id='word_1_284' title='bbox 3340 2228 3542 2299; x_wconf 81' lang='lat' dir='ltr'><strong>synodus</strong></span> <span class='ocrx_word' id='word_1_285' title='bbox 3562 2226 3773 2292; x_wconf 61' lang='lat' dir='ltr'><strong>clamitet</strong></span> 
     </span>
    </p>
   </div>
   <div class='ocr_carea' id='block_1_23' title="bbox 844 2329 3188 2398">
    <p class='ocr_par' dir='ltr' id='par_1_23' title="bbox 844 2329 3188 2398">
     <span class='ocr_line' id='line_1_23' title="bbox 844 2329 3188 2398; baseline -0.001 -16"><span class='ocrx_word' id='word_1_286' title='bbox 844 2329 1160 2382; x_wconf 80' lang='lat' dir='ltr'><strong>sacerdotali</strong></span> <span class='ocrx_word' id='word_1_287' title='bbox 1194 2331 1393 2384; x_wconf 76' lang='lat' dir='ltr'><strong>hortere</strong></span> <span class='ocrx_word' id='word_1_288' title='bbox 1415 2331 1646 2398; x_wconf 83' lang='lat' dir='ltr'><strong>privavit</strong></span> <span class='ocrx_word' id='word_1_289' title='bbox 1668 2347 1834 2394; x_wconf 91' lang='lat' dir='ltr'><strong>anno,</strong></span> <span class='ocrx_word' id='word_1_290' title='bbox 1865 2346 2074 2392; x_wconf 87' lang='lat' dir='ltr'><strong>mense,</strong></span> <span class='ocrx_word' id='word_1_291' title='bbox 2104 2330 2210 2389; x_wconf 84' lang='lat' dir='ltr'><strong>die,</strong></span> <span class='ocrx_word' id='word_1_292' title='bbox 2240 2339 2294 2383; x_wconf 91' lang='lat' dir='ltr'><strong>ct</strong></span> <span class='ocrx_word' id='word_1_293' title='bbox 2324 2329 2612 2383; x_wconf 82' lang='lat' dir='ltr'><strong>indictione</strong></span> <span class='ocrx_word' id='word_1_294' title='bbox 2639 2330 2890 2398; x_wconf 63' lang='lat' dir='ltr'><strong>superius</strong></span> <span class='ocrx_word' id='word_1_295' title='bbox 2911 2329 3188 2382; x_wconf 89' lang='lat' dir='ltr'><strong>adnotata.</strong></span> 
     </span>
    </p>
   </div>
   <div class='ocr_carea' id='block_1_24' title="bbox 911 2410 3775 2490">
    <p class='ocr_par' dir='ltr' id='par_1_24' title="bbox 911 2410 3775 2490">
     <span class='ocr_line' id='line_1_24' title="bbox 911 2410 3775 2490; baseline -0.004 -18"><span class='ocrx_word' id='word_1_296' title='bbox 911 2417 1078 2490; x_wconf 60' lang='lat'><strong>55.6</strong></span> <span class='ocrx_word' id='word_1_297' title='bbox 1107 2417 1235 2472; x_wconf 87' lang='lat' dir='ltr'><strong>Post</strong></span> <span class='ocrx_word' id='word_1_298' title='bbox 1283 2421 1608 2490; x_wconf 63' lang='lat' dir='ltr'><strong>pratcipuam</strong></span> <span class='ocrx_word' id='word_1_299' title='bbox 1653 2435 1784 2474; x_wconf 87' lang='lat' dir='ltr'><strong>vero</strong></span> <span class='ocrx_word' id='word_1_300' title='bbox 1835 2420 1993 2490; x_wconf 87' lang='lat' dir='ltr'><strong>hujus</strong></span> <span class='ocrx_word' id='word_1_301' title='bbox 2043 2421 2256 2475; x_wconf 86' lang='lat' dir='ltr'><strong>concilii</strong></span> <span class='ocrx_word' id='word_1_302' title='bbox 2309 2421 2704 2484; x_wconf 87' lang='lat' dir='ltr'><strong>dilliuitionem,</strong></span> <span class='ocrx_word' id='word_1_303' title='bbox 2741 2420 3092 2474; x_wconf 89' lang='lat' dir='ltr'><strong>beatissimus</strong></span> <span class='ocrx_word' id='word_1_304' title='bbox 3140 2415 3368 2487; x_wconf 84' lang='lat' dir='ltr'><strong>ejusdem</strong></span> <span class='ocrx_word' id='word_1_305' title='bbox 3411 2411 3608 2482; x_wconf 68' lang='lat' dir='ltr'><strong>prasulis</strong></span> <span class='ocrx_word' id='word_1_306' title='bbox 3639 2410 3775 2466; x_wconf 75' lang='lat' dir='ltr'><strong>animus.</strong></span> 
     </span>
    </p>
   </div>
   <div class='ocr_carea' id='block_1_25' title="bbox 851 2505 3777 2581">
    <p class='ocr_par' dir='ltr' id='par_1_25' title="bbox 851 2505 3777 2581">
     <span class='ocr_line' id='line_1_25' title="bbox 851 2505 3777 2581; baseline 0 -21"><span class='ocrx_word' id='word_1_307' title='bbox 851 2511 1088 2565; x_wconf 66' lang='lat' dir='ltr'><strong>(mli-stis</strong></span> <span class='ocrx_word' id='word_1_308' title='bbox 1111 2526 1327 2581; x_wconf 85' lang='lat' dir='ltr'><strong>semper</strong></span> <span class='ocrx_word' id='word_1_309' title='bbox 1351 2505 1553 2566; x_wconf 88' lang='lat' dir='ltr'><strong>amoris</strong></span> <span class='ocrx_word' id='word_1_310' title='bbox 1583 2513 1704 2581; x_wconf 89' lang='lat' dir='ltr'><strong>igne</strong></span> <span class='ocrx_word' id='word_1_311' title='bbox 1732 2529 2016 2576; x_wconf 83' lang='lat' dir='ltr'><strong>accensus,</strong></span> <span class='ocrx_word' id='word_1_312' title='bbox 2045 2514 2111 2565; x_wconf 86' lang='lat' dir='ltr'><strong>ad</strong></span> <span class='ocrx_word' id='word_1_313' title='bbox 2145 2514 2496 2566; x_wconf 85' lang='lat' dir='ltr'><strong>restaurauda</strong></span> <span class='ocrx_word' id='word_1_314' title='bbox 2521 2512 2872 2568; x_wconf 79' lang='lat' dir='ltr'><strong>ecclesiarum</strong></span> <span class='ocrx_word' id='word_1_315' title='bbox 2905 2511 2996 2566; x_wconf 88' lang='lat' dir='ltr'><strong>Dei</strong></span> <span class='ocrx_word' id='word_1_316' title='bbox 3025 2521 3340 2566; x_wconf 89' lang='lat' dir='ltr'><strong>cunctorum</strong></span> <span class='ocrx_word' id='word_1_317' title='bbox 3363 2511 3620 2558; x_wconf 70' lang='lat' dir='ltr'><strong>ornamenta</strong></span> <span class='ocrx_word' id='word_1_318' title='bbox 3639 2516 3777 2552; x_wconf 64' lang='lat' dir='ltr'><strong>tm!</strong></span> 
     </span>
    </p>
   </div>
   <div class='ocr_carea' id='block_1_26' title="bbox 848 2594 3780 2672">
    <p class='ocr_par' dir='ltr' id='par_1_26' title="bbox 848 2594 3780 2672">
     <span class='ocr_line' id='line_1_26' title="bbox 848 2594 3780 2672; baseline -0.001 -20"><span class='ocrx_word' id='word_1_319' title='bbox 848 2603 1082 2654; x_wconf 80' lang='lat' dir='ltr'><strong>studium</strong></span> <span class='ocrx_word' id='word_1_320' title='bbox 1126 2618 1314 2656; x_wconf 88' lang='lat' dir='ltr'><strong>rursus</strong></span> <span class='ocrx_word' id='word_1_321' title='bbox 1353 2604 1518 2672; x_wconf 71' lang='lat' dir='ltr'><strong>cwpit</strong></span> <span class='ocrx_word' id='word_1_322' title='bbox 1555 2604 1746 2672; x_wconf 86' lang='lat' dir='ltr'><strong>ingens</strong></span> <span class='ocrx_word' id='word_1_323' title='bbox 1795 2605 2013 2658; x_wconf 87' lang='lat' dir='ltr'><strong>habere.</strong></span> <span class='ocrx_word' id='word_1_324' title='bbox 2058 2604 2193 2657; x_wconf 80' lang='lat' dir='ltr'><strong>Nam</strong></span> <span class='ocrx_word' id='word_1_325' title='bbox 2234 2613 2290 2658; x_wconf 85' lang='lat' dir='ltr'><strong>et</strong></span> <span class='ocrx_word' id='word_1_326' title='bbox 2333 2605 2382 2657; x_wconf 76' lang='lat' dir='ltr'><strong>in</strong></span> <span class='ocrx_word' id='word_1_327' title='bbox 2416 2604 2644 2658; x_wconf 86' lang='lat' dir='ltr'><strong>ecclesia</strong></span> <span class='ocrx_word' id='word_1_328' title='bbox 2678 2605 2818 2658; x_wconf 89' lang='lat' dir='ltr'><strong>beati</strong></span> <span class='ocrx_word' id='word_1_329' title='bbox 2864 2602 3004 2658; x_wconf 84' lang='lat' dir='ltr'><strong>Petri</strong></span> <span class='ocrx_word' id='word_1_330' title='bbox 3058 2602 3208 2671; x_wconf 80' lang='lat' dir='ltr'><strong>regni</strong></span> <span class='ocrx_word' id='word_1_331' title='bbox 3249 2602 3483 2656; x_wconf 59' lang='lat' dir='ltr'><strong>calorum</strong></span> <span class='ocrx_word' id='word_1_332' title='bbox 3515 2598 3692 2666; x_wconf 71' lang='lat' dir='ltr'><strong>clavigeri</strong></span> <span class='ocrx_word' id='word_1_333' title='bbox 3716 2594 3780 2648; x_wconf 70' lang='lat' dir='ltr'><strong>facit</strong></span> 
     </span>
    </p>
   </div>
   <div class='ocr_carea' id='block_1_27' title="bbox 847 2687 3779 2764">
    <p class='ocr_par' dir='ltr' id='par_1_27' title="bbox 847 2687 3779 2764">
     <span class='ocr_line' id='line_1_27' title="bbox 847 2687 3779 2764; baseline -0.002 -20"><span class='ocrx_word' id='word_1_334' title='bbox 847 2693 1123 2746; x_wconf 86' lang='lat' dir='ltr'><strong>lucernam</strong></span> <span class='ocrx_word' id='word_1_335' title='bbox 1152 2708 1216 2748; x_wconf 72' lang='lat' dir='ltr'><strong>ex</strong></span> <span class='ocrx_word' id='word_1_336' title='bbox 1251 2704 1476 2764; x_wconf 89' lang='lat' dir='ltr'><strong>argento</strong></span> <span class='ocrx_word' id='word_1_337' title='bbox 1502 2694 1794 2764; x_wconf 89' lang='lat' dir='ltr'><strong>purissimo</strong></span> <span class='ocrx_word' id='word_1_338' title='bbox 1817 2711 1978 2748; x_wconf 89' lang='lat' dir='ltr'><strong>unam</strong></span> <span class='ocrx_word' id='word_1_339' title='bbox 2013 2695 2294 2758; x_wconf 67' lang='lat' dir='ltr'><strong>bitnixam,</strong></span> <span class='ocrx_word' id='word_1_340' title='bbox 2327 2710 2478 2762; x_wconf 86' lang='lat' dir='ltr'><strong>pcns.</strong></span> <span class='ocrx_word' id='word_1_341' title='bbox 2508 2694 2675 2750; x_wconf 89' lang='lat' dir='ltr'><strong>libras</strong></span> <span class='ocrx_word' id='word_1_342' title='bbox 2704 2695 2994 2748; x_wconf 74' lang='lat' dir='ltr'><strong>sexdecim.</strong></span> <span class='ocrx_word' id='word_1_343' title='bbox 3025 2691 3247 2746; x_wconf 68' lang='lat' dir='ltr'><strong>Net-neu</strong></span> <span class='ocrx_word' id='word_1_344' title='bbox 3275 2702 3328 2745; x_wconf 89' lang='lat' dir='ltr'><strong>et</strong></span> <span class='ocrx_word' id='word_1_345' title='bbox 3355 2691 3402 2744; x_wconf 88' lang='lat' dir='ltr'><strong>itt</strong></span> <span class='ocrx_word' id='word_1_346' title='bbox 3431 2689 3676 2743; x_wconf 76' lang='lat' dir='ltr'><strong>monasterio</strong></span> <span class='ocrx_word' id='word_1_347' title='bbox 3690 2687 3779 2739; x_wconf 67' lang='lat' dir='ltr'><strong>Stati</strong></span> 
     </span>
    </p>
   </div>
   <div class='ocr_carea' id='block_1_28' title="bbox 773 2777 3782 2857">
    <p class='ocr_par' dir='ltr' id='par_1_28' title="bbox 773 2777 3782 2857">
     <span class='ocr_line' id='line_1_28' title="bbox 773 2777 3782 2857; baseline -0.003 -21"><span class='ocrx_word' id='word_1_348' title='bbox 773 2783 808 2836; x_wconf 77' lang='lat'><strong>5</strong></span> <span class='ocrx_word' id='word_1_349' title='bbox 844 2784 1084 2848; x_wconf 77' lang='lat' dir='ltr'><strong>Martini,</strong></span> <span class='ocrx_word' id='word_1_350' title='bbox 1114 2788 1257 2856; x_wconf 86' lang='lat' dir='ltr'><strong>quod</strong></span> <span class='ocrx_word' id='word_1_351' title='bbox 1291 2787 1458 2856; x_wconf 83' lang='lat' dir='ltr'><strong>ipsius</strong></span> <span class='ocrx_word' id='word_1_352' title='bbox 1485 2786 1847 2857; x_wconf 83' lang='lat' dir='ltr'><strong>apostolorum</strong></span> <span class='ocrx_word' id='word_1_353' title='bbox 1882 2787 2139 2856; x_wconf 80' lang='lat' dir='ltr'><strong>principis</strong></span> <span class='ocrx_word' id='word_1_354' title='bbox 2169 2786 2412 2840; x_wconf 71' lang='lat' dir='ltr'><strong>ecclesia:</strong></span> <span class='ocrx_word' id='word_1_355' title='bbox 2446 2785 2700 2847; x_wconf 68' lang='lat' dir='ltr'><strong>cohazret,</strong></span> <span class='ocrx_word' id='word_1_356' title='bbox 2733 2783 2860 2839; x_wconf 80' lang='lat' dir='ltr'><strong>fecit</strong></span> <span class='ocrx_word' id='word_1_357' title='bbox 2893 2784 3055 2838; x_wconf 83' lang='lat' dir='ltr'><strong>aliam</strong></span> <span class='ocrx_word' id='word_1_358' title='bbox 3091 2783 3360 2837; x_wconf 86' lang='lat' dir='ltr'><strong>lucernam</strong></span> <span class='ocrx_word' id='word_1_359' title='bbox 3403 2796 3461 2835; x_wconf 75' lang='lat' dir='ltr'><strong>ex</strong></span> <span class='ocrx_word' id='word_1_360' title='bbox 3484 2790 3651 2846; x_wconf 75' lang='lat' dir='ltr'><strong>argento</strong></span> <span class='ocrx_word' id='word_1_361' title='bbox 3667 2777 3782 2829; x_wconf 61' lang='lat' dir='ltr'><strong>fusilis</strong></span> 
     </span>
    </p>
   </div>
   <div class='ocr_carea' id='block_1_29' title="bbox 844 2865 3786 2949">
    <p class='ocr_par' dir='ltr' id='par_1_29' title="bbox 844 2865 3786 2949">
     <span class='ocr_line' id='line_1_29' title="bbox 844 2865 3786 2949; baseline -0.004 -21"><span class='ocrx_word' id='word_1_362' title='bbox 844 2894 906 2930; x_wconf 89' lang='lat' dir='ltr'><strong>..e</strong></span> <span class='ocrx_word' id='word_1_363' title='bbox 938 2877 1220 2940; x_wconf 74' lang='lat' dir='ltr'><strong>bitnixam,</strong></span> <span class='ocrx_word' id='word_1_364' title='bbox 1250 2893 1404 2947; x_wconf 87' lang='lat' dir='ltr'><strong>pens.</strong></span> <span class='ocrx_word' id='word_1_365' title='bbox 1434 2879 1602 2933; x_wconf 81' lang='lat' dir='ltr'><strong>libras</strong></span> <span class='ocrx_word' id='word_1_366' title='bbox 1635 2879 1823 2949; x_wconf 80' lang='lat' dir='ltr'><strong>viginti</strong></span> <span class='ocrx_word' id='word_1_367' title='bbox 1849 2890 1904 2933; x_wconf 91' lang='lat' dir='ltr'><strong>et</strong></span> <span class='ocrx_word' id='word_1_368' title='bbox 1931 2888 2134 2946; x_wconf 85' lang='lat' dir='ltr'><strong>septem</strong></span> <span class='ocrx_word' id='word_1_369' title='bbox 2171 2889 2224 2931; x_wconf 92' lang='lat' dir='ltr'><strong>et</strong></span> <span class='ocrx_word' id='word_1_370' title='bbox 2255 2877 2550 2931; x_wconf 89' lang='lat' dir='ltr'><strong>dimidiam.</strong></span> <span class='ocrx_word' id='word_1_371' title='bbox 2589 2875 2852 2930; x_wconf 79' lang='lat' dir='ltr'><strong>Similiter</strong></span> <span class='ocrx_word' id='word_1_372' title='bbox 2877 2885 2931 2929; x_wconf 86' lang='lat' dir='ltr'><strong>et</strong></span> <span class='ocrx_word' id='word_1_373' title='bbox 2968 2875 3020 2929; x_wconf 87' lang='lat' dir='ltr'><strong>itt</strong></span> <span class='ocrx_word' id='word_1_374' title='bbox 3057 2874 3379 2928; x_wconf 87' lang='lat' dir='ltr'><strong>monasterio</strong></span> <span class='ocrx_word' id='word_1_375' title='bbox 3409 2880 3646 2926; x_wconf 76' lang='lat' dir='ltr'><strong>sancwruut</strong></span> <span class='ocrx_word' id='word_1_376' title='bbox 3662 2865 3786 2919; x_wconf 65' lang='lat' dir='ltr'><strong>hauris</strong></span> 
     </span>
    </p>
   </div>
   <div class='ocr_carea' id='block_1_30' title="bbox 847 2961 3787 3039">
    <p class='ocr_par' dir='ltr' id='par_1_30' title="bbox 847 2961 3787 3039">
     <span class='ocr_line' id='line_1_30' title="bbox 847 2961 3787 3039; baseline -0.003 -22"><span class='ocrx_word' id='word_1_377' title='bbox 847 2975 902 3018; x_wconf 86' lang='lat' dir='ltr'><strong>et</strong></span> <span class='ocrx_word' id='word_1_378' title='bbox 929 2965 1075 3020; x_wconf 82' lang='lat' dir='ltr'><strong>Pauli</strong></span> <span class='ocrx_word' id='word_1_379' title='bbox 1108 2967 1236 3021; x_wconf 86' lang='lat' dir='ltr'><strong>fecit</strong></span> <span class='ocrx_word' id='word_1_380' title='bbox 1275 2969 1435 3024; x_wconf 83' lang='lat' dir='ltr'><strong>aliam</strong></span> <span class='ocrx_word' id='word_1_381' title='bbox 1471 2969 1748 3024; x_wconf 86' lang='lat' dir='ltr'><strong>lucernam</strong></span> <span class='ocrx_word' id='word_1_382' title='bbox 1777 2979 2087 3039; x_wconf 83' lang='lat' dir='ltr'><strong>argenteam</strong></span> <span class='ocrx_word' id='word_1_383' title='bbox 2118 2969 2367 3022; x_wconf 84' lang='lat' dir='ltr'><strong>similiter</strong></span> <span class='ocrx_word' id='word_1_384' title='bbox 2408 2969 2753 3037; x_wconf 88' lang='lat' dir='ltr'><strong>supradictis,</strong></span> <span class='ocrx_word' id='word_1_385' title='bbox 2801 2984 2952 3038; x_wconf 80' lang='lat' dir='ltr'><strong>petis.</strong></span> <span class='ocrx_word' id='word_1_386' title='bbox 2983 2967 3154 3021; x_wconf 84' lang='lat' dir='ltr'><strong>libras</strong></span> <span class='ocrx_word' id='word_1_387' title='bbox 3191 2966 3382 3035; x_wconf 83' lang='lat' dir='ltr'><strong>vigenti</strong></span> <span class='ocrx_word' id='word_1_388' title='bbox 3408 2965 3520 3019; x_wconf 86' lang='lat' dir='ltr'><strong>duas</strong></span> <span class='ocrx_word' id='word_1_389' title='bbox 3538 2973 3578 3017; x_wconf 85' lang='lat' dir='ltr'><strong>et</strong></span> <span class='ocrx_word' id='word_1_390' title='bbox 3605 2961 3787 3014; x_wconf 74' lang='lat' dir='ltr'><strong>dimidiam;</strong></span> 
     </span>
    </p>
   </div>
   <div class='ocr_carea' id='block_1_31' title="bbox 848 3054 3790 3128">
    <p class='ocr_par' dir='ltr' id='par_1_31' title="bbox 848 3054 3790 3128">
     <span class='ocr_line' id='line_1_31' title="bbox 848 3054 3790 3128; baseline -0.002 -21"><span class='ocrx_word' id='word_1_391' title='bbox 848 3072 969 3127; x_wconf 75' lang='lat' dir='ltr'><strong>qua:</strong></span> <span class='ocrx_word' id='word_1_392' title='bbox 999 3057 1293 3112; x_wconf 85' lang='lat' dir='ltr'><strong>Dominicis</strong></span> <span class='ocrx_word' id='word_1_393' title='bbox 1323 3060 1402 3114; x_wconf 89' lang='lat' dir='ltr'><strong>vel</strong></span> <span class='ocrx_word' id='word_1_394' title='bbox 1440 3059 1593 3114; x_wconf 79' lang='lat' dir='ltr'><strong>feStis</strong></span> <span class='ocrx_word' id='word_1_395' title='bbox 1630 3061 1818 3114; x_wconf 88' lang='lat' dir='ltr'><strong>diebus</strong></span> <span class='ocrx_word' id='word_1_396' title='bbox 1850 3059 2002 3128; x_wconf 69' lang='lat' dir='ltr'><strong>juxta</strong></span> <span class='ocrx_word' id='word_1_397' title='bbox 2051 3060 2331 3114; x_wconf 79' lang='lat' dir='ltr'><strong>Letorium</strong></span> <span class='ocrx_word' id='word_1_398' title='bbox 2378 3059 2805 3113; x_wconf 82' lang='lat' dir='ltr'><strong>consistentibus</strong></span> <span class='ocrx_word' id='word_1_399' title='bbox 2832 3061 2898 3112; x_wconf 86' lang='lat' dir='ltr'><strong>ad</strong></span> <span class='ocrx_word' id='word_1_400' title='bbox 2936 3059 3225 3128; x_wconf 81' lang='lat' dir='ltr'><strong>legendum</strong></span> <span class='ocrx_word' id='word_1_401' title='bbox 3259 3072 3432 3113; x_wconf 82' lang='lat' dir='ltr'><strong>sacras</strong></span> <span class='ocrx_word' id='word_1_402' title='bbox 3467 3054 3655 3109; x_wconf 65' lang='lat' dir='ltr'><strong>lectionis</strong></span> <span class='ocrx_word' id='word_1_403' title='bbox 3679 3062 3790 3116; x_wconf 69' lang='lat' dir='ltr'><strong>magno</strong></span> 
     </span>
    </p>
   </div>
   <div class='ocr_carea' id='block_1_32' title="bbox 849 3138 3791 3221">
    <p class='ocr_par' dir='ltr' id='par_1_32' title="bbox 849 3138 3791 3221">
     <span class='ocr_line' id='line_1_32' title="bbox 849 3138 3791 3221; baseline -0.003 -22"><span class='ocrx_word' id='word_1_404' title='bbox 849 3145 1065 3200; x_wconf 89' lang='lat' dir='ltr'><strong>lutninis</strong></span> <span class='ocrx_word' id='word_1_405' title='bbox 1092 3148 1377 3218; x_wconf 83' lang='lat' dir='ltr'><strong>splendore</strong></span> <span class='ocrx_word' id='word_1_406' title='bbox 1402 3150 1660 3205; x_wconf 82' lang='lat' dir='ltr'><strong>lucescat.</strong></span> <span class='ocrx_word' id='word_1_407' title='bbox 1690 3150 1862 3205; x_wconf 81' lang='lat' dir='ltr'><strong>isdem</strong></span> <span class='ocrx_word' id='word_1_408' title='bbox 1892 3167 2020 3202; x_wconf 83' lang='lat' dir='ltr'><strong>vero</strong></span> <span class='ocrx_word' id='word_1_409' title='bbox 2049 3151 2420 3204; x_wconf 80' lang='lat' dir='ltr'><strong>sanctissimus</strong></span> <span class='ocrx_word' id='word_1_410' title='bbox 2449 3167 2583 3220; x_wconf 89' lang='lat' dir='ltr'><strong>papa</strong></span> <span class='ocrx_word' id='word_1_411' title='bbox 2617 3151 2742 3206; x_wconf 89' lang='lat' dir='ltr'><strong>fecit</strong></span> <span class='ocrx_word' id='word_1_412' title='bbox 2771 3151 2982 3220; x_wconf 84' lang='lat' dir='ltr'><strong>regulas</strong></span> <span class='ocrx_word' id='word_1_413' title='bbox 3009 3152 3079 3205; x_wconf 92' lang='lat' dir='ltr'><strong>de</strong></span> <span class='ocrx_word' id='word_1_414' title='bbox 3108 3157 3328 3221; x_wconf 86' lang='lat' dir='ltr'><strong>argento</strong></span> <span class='ocrx_word' id='word_1_415' title='bbox 3355 3145 3518 3201; x_wconf 83' lang='lat' dir='ltr'><strong>fusiles</strong></span> <span class='ocrx_word' id='word_1_416' title='bbox 3538 3161 3622 3195; x_wconf 80' lang='lat' dir='ltr'><strong>Clllll</strong></span> <span class='ocrx_word' id='word_1_417' title='bbox 3643 3138 3791 3192; x_wconf 64' lang='lat' dir='ltr'><strong>ancella</strong></span> 
     </span>
    </p>
   </div>
   <div class='ocr_carea' id='block_1_33' title="bbox 741 3232 2322 3310">
    <p class='ocr_par' dir='ltr' id='par_1_33' title="bbox 741 3236 2322 3310">
     <span class='ocr_line' id='line_1_33' title="bbox 741 3236 2322 3310; baseline 0 -17"><span class='ocrx_word' id='word_1_418' title='bbox 741 3236 813 3293; x_wconf 75' lang='grc'><strong>10</strong></span> <span class='ocrx_word' id='word_1_419' title='bbox 848 3237 902 3292; x_wconf 88' lang='lat' dir='ltr'><strong>itt</strong></span> <span class='ocrx_word' id='word_1_420' title='bbox 945 3238 1187 3308; x_wconf 89' lang='lat' dir='ltr'><strong>ingressu</strong></span> <span class='ocrx_word' id='word_1_421' title='bbox 1223 3239 1567 3310; x_wconf 77' lang='lat' dir='ltr'><strong>presbyterii,</strong></span> <span class='ocrx_word' id='word_1_422' title='bbox 1591 3250 1645 3293; x_wconf 90' lang='lat' dir='ltr'><strong>et</strong></span> <span class='ocrx_word' id='word_1_423' title='bbox 1676 3249 1802 3293; x_wconf 86' lang='lat' dir='ltr'><strong>ante</strong></span> <span class='ocrx_word' id='word_1_424' title='bbox 1844 3239 2235 3294; x_wconf 57' lang='lat' dir='ltr'><strong>Ct&#39;tttft‘s&#39;sinttettt</strong></span> <span class='ocrx_word' id='word_1_425' title='bbox 2275 3243 2322 3294; x_wconf 76' lang='lat' dir='ltr'><strong>lit</strong></span> 
     </span>
    </p>
   </div>
   <div class='ocr_carea' id='block_1_34' title="bbox 2209 3232 3790 3310">
    <p class='ocr_par' dir='ltr' id='par_1_34' title="bbox 2209 3232 3790 3310">
     <span class='ocr_line' id='line_1_34' title="bbox 2209 3232 3790 3310; baseline -0.006 -17"><span class='ocrx_word' id='word_1_426' title='bbox 2209 3259 2235 3293; x_wconf 92' lang='lat' dir='ltr'><strong>u</strong></span> <span class='ocrx_word' id='word_1_427' title='bbox 2275 3241 2413 3294; x_wconf 87' lang='lat' dir='ltr'><strong>beati</strong></span> <span class='ocrx_word' id='word_1_428' title='bbox 2454 3241 2593 3295; x_wconf 84' lang='lat' dir='ltr'><strong>l’ctri</strong></span> <span class='ocrx_word' id='word_1_429' title='bbox 2653 3241 2883 3310; x_wconf 87' lang='lat' dir='ltr'><strong>apostoli</strong></span> <span class='ocrx_word' id='word_1_430' title='bbox 2915 3242 3182 3295; x_wconf 87' lang='lat' dir='ltr'><strong>amatoris</strong></span> <span class='ocrx_word' id='word_1_431' title='bbox 3205 3239 3442 3308; x_wconf 79' lang='lat' dir='ltr'><strong>sui,qu:c</strong></span> <span class='ocrx_word' id='word_1_432' title='bbox 3465 3235 3630 3307; x_wconf 82' lang='lat' dir='ltr'><strong>pulchro</strong></span> <span class='ocrx_word' id='word_1_433' title='bbox 3652 3232 3790 3283; x_wconf 71' lang='lat' dir='ltr'><strong>lucentes</strong></span> 
     </span>
    </p>
   </div>
   <div class='ocr_carea' id='block_1_35' title="bbox 850 3325 3788 3402">
    <p class='ocr_par' dir='ltr' id='par_1_35' title="bbox 850 3325 3788 3402">
     <span class='ocr_line' id='line_1_35' title="bbox 850 3325 3788 3402; baseline 0.002 -22"><span class='ocrx_word' id='word_1_434' title='bbox 850 3328 1044 3384; x_wconf 86' lang='lat' dir='ltr'><strong>decore</strong></span> <span class='ocrx_word' id='word_1_435' title='bbox 1075 3329 1352 3384; x_wconf 88' lang='lat' dir='ltr'><strong>hominum</strong></span> <span class='ocrx_word' id='word_1_436' title='bbox 1387 3331 1627 3401; x_wconf 76' lang='lat' dir='ltr'><strong>przcbent</strong></span> <span class='ocrx_word' id='word_1_437' title='bbox 1667 3331 1939 3385; x_wconf 89' lang='lat' dir='ltr'><strong>mentibus</strong></span> <span class='ocrx_word' id='word_1_438' title='bbox 1969 3331 2378 3386; x_wconf 84' lang='lat' dir='ltr'><strong>admirationem</strong></span> <span class='ocrx_word' id='word_1_439' title='bbox 2423 3351 2434 3386; x_wconf 78' lang='grc' dir='ltr'>ε</span> <span class='ocrx_word' id='word_1_440' title='bbox 2470 3349 2698 3402; x_wconf 88' lang='lat' dir='ltr'><strong>quarum</strong></span> <span class='ocrx_word' id='word_1_441' title='bbox 2728 3334 2846 3388; x_wconf 73' lang='lat' dir='ltr'><strong>dua:</strong></span> <span class='ocrx_word' id='word_1_442' title='bbox 2888 3349 3041 3402; x_wconf 90' lang='lat' dir='ltr'><strong>peus.</strong></span> <span class='ocrx_word' id='word_1_443' title='bbox 3077 3333 3249 3388; x_wconf 84' lang='lat' dir='ltr'><strong>libras</strong></span> <span class='ocrx_word' id='word_1_444' title='bbox 3274 3341 3550 3390; x_wconf 72' lang='lat' dir='ltr'><strong>sescentum</strong></span> <span class='ocrx_word' id='word_1_445' title='bbox 3577 3325 3788 3396; x_wconf 61' lang='lat' dir='ltr'><strong>manu</strong></span> 
     </span>
    </p>
   </div>
   <div class='ocr_carea' id='block_1_36' title="bbox 848 3410 3789 3495">
    <p class='ocr_par' dir='ltr' id='par_1_36' title="bbox 848 3410 3789 3495">
     <span class='ocr_line' id='line_1_36' title="bbox 848 3410 3789 3495; baseline 0.001 -21"><span class='ocrx_word' id='word_1_446' title='bbox 848 3430 905 3475; x_wconf 86' lang='lat' dir='ltr'><strong>et</strong></span> <span class='ocrx_word' id='word_1_447' title='bbox 924 3422 1078 3486; x_wconf 89' lang='lat' dir='ltr'><strong>duas,</strong></span> <span class='ocrx_word' id='word_1_448' title='bbox 1109 3421 1233 3478; x_wconf 74' lang='lat' dir='ltr'><strong>alia:</strong></span> <span class='ocrx_word' id='word_1_449' title='bbox 1261 3439 1392 3475; x_wconf 88' lang='lat' dir='ltr'><strong>vero</strong></span> <span class='ocrx_word' id='word_1_450' title='bbox 1417 3423 1536 3479; x_wconf 64' lang='lat' dir='ltr'><strong>duae</strong></span> <span class='ocrx_word' id='word_1_451' title='bbox 1578 3423 1745 3478; x_wconf 86' lang='lat' dir='ltr'><strong>libras</strong></span> <span class='ocrx_word' id='word_1_452' title='bbox 1770 3425 2092 3495; x_wconf 87' lang='lat' dir='ltr'><strong>quingentas</strong></span> <span class='ocrx_word' id='word_1_453' title='bbox 2118 3434 2172 3479; x_wconf 89' lang='lat' dir='ltr'><strong>et</strong></span> <span class='ocrx_word' id='word_1_454' title='bbox 2195 3425 2524 3494; x_wconf 81' lang='lat' dir='ltr'><strong>octnaginta.</strong></span> <span class='ocrx_word' id='word_1_455' title='bbox 2554 3425 2620 3478; x_wconf 85' lang='lat' dir='ltr'><strong>Et</strong></span> <span class='ocrx_word' id='word_1_456' title='bbox 2650 3425 2703 3480; x_wconf 87' lang='lat' dir='ltr'><strong>itt</strong></span> <span class='ocrx_word' id='word_1_457' title='bbox 2738 3426 2966 3482; x_wconf 86' lang='lat' dir='ltr'><strong>ecclesia</strong></span> <span class='ocrx_word' id='word_1_458' title='bbox 3007 3429 3182 3482; x_wconf 83' lang='lat' dir='ltr'><strong>sancti</strong></span> <span class='ocrx_word' id='word_1_459' title='bbox 3216 3423 3488 3487; x_wconf 77' lang='lat' dir='ltr'><strong>Vittcentii,</strong></span> <span class='ocrx_word' id='word_1_460' title='bbox 3509 3436 3597 3489; x_wconf 68' lang='lat' dir='ltr'><strong>(pta:</strong></span> <span class='ocrx_word' id='word_1_461' title='bbox 3613 3410 3789 3486; x_wconf 69' lang='grc' dir='ltr'><strong>ρωὶιιτίη</strong></span> 
     </span>
    </p>
   </div>
   <div class='ocr_carea' id='block_1_37' title="bbox 849 3507 3797 3592">
    <p class='ocr_par' dir='ltr' id='par_1_37' title="bbox 849 3507 3797 3592">
     <span class='ocr_line' id='line_1_37' title="bbox 849 3507 3797 3592; baseline -0.001 -26"><span class='ocrx_word' id='word_1_462' title='bbox 849 3513 1130 3580; x_wconf 84' lang='lat' dir='ltr'><strong>Frascata,</strong></span> <span class='ocrx_word' id='word_1_463' title='bbox 1174 3516 1369 3569; x_wconf 90' lang='lat' dir='ltr'><strong>obtulit</strong></span> <span class='ocrx_word' id='word_1_464' title='bbox 1412 3525 1616 3571; x_wconf 89' lang='lat' dir='ltr'><strong>vestem</strong></span> <span class='ocrx_word' id='word_1_465' title='bbox 1651 3516 1719 3570; x_wconf 94' lang='lat' dir='ltr'><strong>de</strong></span> <span class='ocrx_word' id='word_1_466' title='bbox 1762 3516 1982 3569; x_wconf 84' lang='lat' dir='ltr'><strong>fuiulato</strong></span> <span class='ocrx_word' id='word_1_467' title='bbox 2023 3534 2203 3571; x_wconf 83' lang='lat' dir='ltr'><strong>unam.</strong></span> <span class='ocrx_word' id='word_1_468' title='bbox 2255 3517 2536 3592; x_wconf 81' lang='lat' dir='ltr'><strong>Sed_quia.</strong></span> <span class='ocrx_word' id='word_1_469' title='bbox 2589 3525 2650 3571; x_wconf 90' lang='lat' dir='ltr'><strong>ut</strong></span> <span class='ocrx_word' id='word_1_470' title='bbox 2675 3534 2818 3588; x_wconf 70' lang='lat' dir='ltr'><strong>smpe</strong></span> <span class='ocrx_word' id='word_1_471' title='bbox 2859 3519 3115 3583; x_wconf 74' lang='lat' dir='ltr'><strong>diximus,</strong></span> <span class='ocrx_word' id='word_1_472' title='bbox 3164 3521 3318 3591; x_wconf 87' lang='lat' dir='ltr'><strong>ltujus</strong></span> <span class='ocrx_word' id='word_1_473' title='bbox 3357 3515 3625 3574; x_wconf 76' lang='lat' dir='ltr'><strong>serenissimi</strong></span> <span class='ocrx_word' id='word_1_474' title='bbox 3650 3507 3797 3580; x_wconf 49' lang='lat' dir='ltr'><strong>pretiis</strong></span> 
     </span>
    </p>
   </div>
   <div class='ocr_carea' id='block_1_38' title="bbox 850 3604 3797 3679">
    <p class='ocr_par' dir='ltr' id='par_1_38' title="bbox 850 3604 3797 3679">
     <span class='ocr_line' id='line_1_38' title="bbox 850 3604 3797 3679; baseline -0.001 -21"><span class='ocrx_word' id='word_1_475' title='bbox 850 3606 1062 3660; x_wconf 89' lang='lat' dir='ltr'><strong>animus</strong></span> <span class='ocrx_word' id='word_1_476' title='bbox 1093 3607 1324 3661; x_wconf 78' lang='lat' dir='ltr'><strong>maxime</strong></span> <span class='ocrx_word' id='word_1_477' title='bbox 1352 3607 1646 3662; x_wconf 86' lang='lat' dir='ltr'><strong>beatissimi</strong></span> <span class='ocrx_word' id='word_1_478' title='bbox 1669 3607 1912 3676; x_wconf 68' lang='lat' dir='ltr'><strong>praesulis</strong></span> <span class='ocrx_word' id='word_1_479' title='bbox 1937 3606 2160 3673; x_wconf 78' lang='lat' dir='ltr'><strong>apostoli</strong></span> <span class='ocrx_word' id='word_1_480' title='bbox 2187 3606 2330 3660; x_wconf 87' lang='lat' dir='ltr'><strong>Petri</strong></span> <span class='ocrx_word' id='word_1_481' title='bbox 2353 3606 2722 3676; x_wconf 89' lang='lat' dir='ltr'><strong>apostolorum</strong></span> <span class='ocrx_word' id='word_1_482' title='bbox 2751 3609 3026 3679; x_wconf 86' lang='lat' dir='ltr'><strong>principis.</strong></span> <span class='ocrx_word' id='word_1_483' title='bbox 3060 3611 3303 3678; x_wconf 86' lang='lat' dir='ltr'><strong>repletus</strong></span> <span class='ocrx_word' id='word_1_484' title='bbox 3324 3625 3514 3673; x_wconf 85' lang='lat' dir='ltr'><strong>amore,</strong></span> <span class='ocrx_word' id='word_1_485' title='bbox 3532 3604 3652 3676; x_wconf 79' lang='lat' dir='ltr'><strong>ipsius</strong></span> <span class='ocrx_word' id='word_1_486' title='bbox 3666 3609 3797 3653; x_wconf 75' lang='lat' dir='ltr'><strong>sume</strong></span> 
     </span>
    </p>
   </div>
   <div class='ocr_carea' id='block_1_39' title="bbox 745 3691 3799 3776">
    <p class='ocr_par' dir='ltr' id='par_1_39' title="bbox 745 3691 3799 3776">
     <span class='ocr_line' id='line_1_39' title="bbox 745 3691 3799 3776; baseline 0.004 -28"><span class='ocrx_word' id='word_1_487' title='bbox 745 3691 813 3750; x_wconf 71' lang='grc'><strong>15</strong></span> <span class='ocrx_word' id='word_1_488' title='bbox 848 3694 1110 3776; x_wconf 75' lang='lat' dir='ltr'><strong>ecclesizc,</strong></span> <span class='ocrx_word' id='word_1_489' title='bbox 1138 3694 1289 3762; x_wconf 89' lang='lat' dir='ltr'><strong>cujus</strong></span> <span class='ocrx_word' id='word_1_490' title='bbox 1328 3695 1507 3748; x_wconf 84' lang='lat' dir='ltr'><strong>divina</strong></span> <span class='ocrx_word' id='word_1_491' title='bbox 1548 3695 1894 3765; x_wconf 88' lang='lat' dir='ltr'><strong>dispensante</strong></span> <span class='ocrx_word' id='word_1_492' title='bbox 1941 3695 2175 3763; x_wconf 87' lang='lat' dir='ltr'><strong>potentia</strong></span> <span class='ocrx_word' id='word_1_493' title='bbox 2224 3696 2474 3749; x_wconf 90' lang='lat' dir='ltr'><strong>thronum</strong></span> <span class='ocrx_word' id='word_1_494' title='bbox 2525 3698 2764 3766; x_wconf 85' lang='lat' dir='ltr'><strong>regebat,</strong></span> <span class='ocrx_word' id='word_1_495' title='bbox 2811 3700 2979 3754; x_wconf 90' lang='lat' dir='ltr'><strong>ntulta</strong></span> <span class='ocrx_word' id='word_1_496' title='bbox 3018 3701 3362 3760; x_wconf 87' lang='lat' dir='ltr'><strong>desiderabat</strong></span> <span class='ocrx_word' id='word_1_497' title='bbox 3399 3715 3576 3772; x_wconf 76' lang='lat' dir='ltr'><strong>semper</strong></span> <span class='ocrx_word' id='word_1_498' title='bbox 3606 3699 3799 3753; x_wconf 61' lang='lat' dir='ltr'><strong>0mm&quot;</strong></span> 
     </span>
    </p>
   </div>
   <div class='ocr_carea' id='block_1_40' title="bbox 675 3777 3802 3858">
    <p class='ocr_par' dir='ltr' id='par_1_40' title="bbox 675 3777 3802 3858">
     <span class='ocr_line' id='line_1_40' title="bbox 675 3777 3802 3858; baseline -0.002 -17"><span class='ocrx_word' id='word_1_499' title='bbox 675 3777 678 3780; x_wconf 59' lang='grc'><em>’</em></span> <span class='ocrx_word' id='word_1_500' title='bbox 855 3784 1136 3854; x_wconf 69' lang='lat' dir='ltr'><strong>,crlicere,</strong></span> <span class='ocrx_word' id='word_1_501' title='bbox 1171 3785 1298 3840; x_wconf 88' lang='lat' dir='ltr'><strong>fecit</strong></span> <span class='ocrx_word' id='word_1_502' title='bbox 1335 3802 1498 3856; x_wconf 87' lang='lat' dir='ltr'><strong>super</strong></span> <span class='ocrx_word' id='word_1_503' title='bbox 1536 3785 1652 3854; x_wconf 90' lang='lat' dir='ltr'><strong>ejus</strong></span> <span class='ocrx_word' id='word_1_504' title='bbox 1689 3785 2127 3858; x_wconf 31' lang='lat' dir='ltr'><strong>sanctum‘altm&#39;c</strong></span> <span class='ocrx_word' id='word_1_505' title='bbox 2153 3796 2355 3839; x_wconf 84' lang='lat' dir='ltr'><strong>vestem</strong></span> <span class='ocrx_word' id='word_1_506' title='bbox 2387 3785 2451 3839; x_wconf 90' lang='lat' dir='ltr'><strong>de</strong></span> <span class='ocrx_word' id='word_1_507' title='bbox 2475 3786 2849 3857; x_wconf 83' lang='lat' dir='ltr'><strong>chrysoclavo,</strong></span> <span class='ocrx_word' id='word_1_508' title='bbox 2879 3789 3168 3847; x_wconf 85' lang='lat' dir='ltr'><strong>habentem</strong></span> <span class='ocrx_word' id='word_1_509' title='bbox 3198 3793 3458 3848; x_wconf 78' lang='lat' dir='ltr'><strong>historiam</strong></span> <span class='ocrx_word' id='word_1_510' title='bbox 3483 3789 3527 3842; x_wconf 87' lang='lat' dir='ltr'><strong>in</strong></span> <span class='ocrx_word' id='word_1_511' title='bbox 3553 3777 3802 3839; x_wconf 70' lang='lat' dir='ltr'><strong>luciliuSaltI-</strong></span> 
     </span>
    </p>
   </div>
   <div class='ocr_carea' id='block_1_41' title="bbox 755 3865 3795 3953">
    <p class='ocr_par' dir='ltr' id='par_1_41' title="bbox 755 3865 3795 3953">
     <span class='ocr_line' id='line_1_41' title="bbox 755 3865 3795 3953; baseline 0.003 -25"><span class='ocrx_word' id='word_1_512' title='bbox 755 3865 760 3868; x_wconf 66' lang='grc'><em>’</em></span> <span class='ocrx_word' id='word_1_513' title='bbox 853 3877 987 3930; x_wconf 92' lang='lat' dir='ltr'><strong>toris</strong></span> <span class='ocrx_word' id='word_1_514' title='bbox 1026 3877 1166 3932; x_wconf 89' lang='lat' dir='ltr'><strong>inter</strong></span> <span class='ocrx_word' id='word_1_515' title='bbox 1193 3878 1467 3948; x_wconf 78' lang='lat' dir='ltr'><strong>angelicas</strong></span> <span class='ocrx_word' id='word_1_516' title='bbox 1500 3877 1677 3930; x_wconf 90' lang='lat' dir='ltr'><strong>vultus</strong></span> <span class='ocrx_word' id='word_1_517' title='bbox 1708 3876 1984 3946; x_wconf 78' lang='lat' dir='ltr'><strong>fulgentis,</strong></span> <span class='ocrx_word' id='word_1_518' title='bbox 2019 3875 2282 3946; x_wconf 72' lang='lat' dir='ltr'><strong>I’etroque</strong></span> <span class='ocrx_word' id='word_1_519' title='bbox 2331 3879 2577 3947; x_wconf 88' lang='lat' dir='ltr'><strong>apostolo</strong></span> <span class='ocrx_word' id='word_1_520' title='bbox 2621 3880 2802 3936; x_wconf 88' lang='lat' dir='ltr'><strong>claves</strong></span> <span class='ocrx_word' id='word_1_521' title='bbox 2839 3884 2987 3953; x_wconf 87' lang='lat' dir='ltr'><strong>regni</strong></span> <span class='ocrx_word' id='word_1_522' title='bbox 3013 3885 3276 3942; x_wconf 64' lang='lat' dir='ltr'><strong>caelorum</strong></span> <span class='ocrx_word' id='word_1_523' title='bbox 3313 3874 3795 3944; x_wconf 62' lang='lat' dir='ltr'><strong>tradentis,etiuileitrl</strong></span> 
     </span>
    </p>
   </div>
   <div class='ocr_carea' id='block_1_42' title="bbox 853 3967 3804 4048">
    <p class='ocr_par' dir='ltr' id='par_1_42' title="bbox 853 3967 3804 4048">
     <span class='ocr_line' id='line_1_42' title="bbox 853 3967 3804 4048; baseline -0.002 -26"><span class='ocrx_word' id='word_1_524' title='bbox 853 3970 1090 4040; x_wconf 78' lang='lat' dir='ltr'><strong>ltevaqne</strong></span> <span class='ocrx_word' id='word_1_525' title='bbox 1118 3971 1405 4037; x_wconf 77' lang='lat' dir='ltr'><strong>gloriosam</strong></span> <span class='ocrx_word' id='word_1_526' title='bbox 1450 3971 1591 4024; x_wconf 79' lang='lat' dir='ltr'><strong>Petri</strong></span> <span class='ocrx_word' id='word_1_527' title='bbox 1625 3980 1679 4025; x_wconf 92' lang='lat' dir='ltr'><strong>et</strong></span> <span class='ocrx_word' id='word_1_528' title='bbox 1703 3970 1852 4024; x_wconf 87' lang='lat' dir='ltr'><strong>Pauli</strong></span> <span class='ocrx_word' id='word_1_529' title='bbox 1881 3971 2182 4040; x_wconf 90' lang='lat' dir='ltr'><strong>passionem</strong></span> <span class='ocrx_word' id='word_1_530' title='bbox 2211 3969 2525 4042; x_wconf 83' lang='lat' dir='ltr'><strong>fulgentem.</strong></span> <span class='ocrx_word' id='word_1_531' title='bbox 2567 3971 2711 4028; x_wconf 90' lang='lat' dir='ltr'><strong>Inter</strong></span> <span class='ocrx_word' id='word_1_532' title='bbox 2741 3988 2876 4044; x_wconf 86' lang='lat' dir='ltr'><strong>quos</strong></span> <span class='ocrx_word' id='word_1_533' title='bbox 2927 3977 3039 4045; x_wconf 85' lang='lat' dir='ltr'><strong>ipse</strong></span> <span class='ocrx_word' id='word_1_534' title='bbox 3095 3982 3293 4048; x_wconf 75' lang='lat' dir='ltr'><strong>pnnsul</strong></span> <span class='ocrx_word' id='word_1_535' title='bbox 3325 3980 3581 4036; x_wconf 80' lang='lat' dir='ltr'><strong>civitatem,</strong></span> <span class='ocrx_word' id='word_1_536' title='bbox 3607 3985 3716 4040; x_wconf 82' lang='lat' dir='ltr'><strong>quam</strong></span> <span class='ocrx_word' id='word_1_537' title='bbox 3740 3967 3804 4011; x_wconf 70' lang='lat' dir='ltr'><strong>I‘t&#39;n</strong></span> 
     </span>
    </p>
   </div>
   <div class='ocr_carea' id='block_1_43' title="bbox 845 4052 3805 4136">
    <p class='ocr_par' dir='ltr' id='par_1_43' title="bbox 845 4052 3805 4136">
     <span class='ocr_line' id='line_1_43' title="bbox 845 4052 3805 4136; baseline 0.001 -22"><span class='ocrx_word' id='word_1_538' title='bbox 845 4059 1078 4130; x_wconf 80' lang='lat' dir='ltr'><strong>jusserat</strong></span> <span class='ocrx_word' id='word_1_539' title='bbox 1117 4062 1203 4116; x_wconf 90' lang='lat' dir='ltr'><strong>Pet</strong></span> <span class='ocrx_word' id='word_1_540' title='bbox 1216 4079 1277 4116; x_wconf 89' lang='lat' dir='ltr'><strong>ro</strong></span> <span class='ocrx_word' id='word_1_541' title='bbox 1301 4063 1711 4124; x_wconf 83' lang='lat' dir='ltr'><strong>interveniente,</strong></span> <span class='ocrx_word' id='word_1_542' title='bbox 1739 4061 1897 4116; x_wconf 81' lang='lat' dir='ltr'><strong>offert</strong></span> <span class='ocrx_word' id='word_1_543' title='bbox 1922 4061 2208 4130; x_wconf 88' lang='lat' dir='ltr'><strong>depictam,</strong></span> <span class='ocrx_word' id='word_1_544' title='bbox 2255 4068 2311 4114; x_wconf 88' lang='lat' dir='ltr'><strong>et</strong></span> <span class='ocrx_word' id='word_1_545' title='bbox 2330 4075 2547 4116; x_wconf 76' lang='lat' dir='ltr'><strong>crucem</strong></span> <span class='ocrx_word' id='word_1_546' title='bbox 2576 4077 2710 4117; x_wconf 87' lang='lat' dir='ltr'><strong>auro</strong></span> <span class='ocrx_word' id='word_1_547' title='bbox 2731 4065 3066 4136; x_wconf 85' lang='lat' dir='ltr'><strong>gemmisque</strong></span> <span class='ocrx_word' id='word_1_548' title='bbox 3097 4070 3355 4126; x_wconf 84' lang='lat' dir='ltr'><strong>nitentem</strong></span> <span class='ocrx_word' id='word_1_549' title='bbox 3382 4089 3394 4123; x_wconf 93' lang='lat'>:</span> <span class='ocrx_word' id='word_1_550' title='bbox 3421 4078 3469 4124; x_wconf 92' lang='lat' dir='ltr'><strong>ct</strong></span> <span class='ocrx_word' id='word_1_551' title='bbox 3491 4068 3534 4121; x_wconf 91' lang='lat' dir='ltr'><strong>in</strong></span> <span class='ocrx_word' id='word_1_552' title='bbox 3553 4052 3805 4119; x_wconf 47' lang='lat' dir='ltr'><strong>circuiuit&quot;?</strong></span> 
     </span>
    </p>
   </div>
   <div class='ocr_carea' id='block_1_44' title="bbox 752 4148 3804 4226">
    <p class='ocr_par' dir='ltr' id='par_1_44' title="bbox 752 4148 3804 4226">
     <span class='ocr_line' id='line_1_44' title="bbox 752 4148 3804 4226; baseline -0.001 -19"><span class='ocrx_word' id='word_1_553' title='bbox 752 4148 831 4207; x_wconf 64' lang='lat'><strong>30</strong></span> <span class='ocrx_word' id='word_1_554' title='bbox 864 4151 938 4205; x_wconf 87' lang='lat' dir='ltr'><strong>ris</strong></span> <span class='ocrx_word' id='word_1_555' title='bbox 964 4151 1015 4204; x_wconf 86' lang='lat' dir='ltr'><strong>et</strong></span> <span class='ocrx_word' id='word_1_556' title='bbox 1035 4153 1260 4220; x_wconf 73' lang='lat' dir='ltr'><strong>desuper</strong></span> <span class='ocrx_word' id='word_1_557' title='bbox 1279 4151 1563 4206; x_wconf 84' lang='lat' dir='ltr'><strong>habentem</strong></span> <span class='ocrx_word' id='word_1_558' title='bbox 1591 4167 1795 4221; x_wconf 83' lang='lat' dir='ltr'><strong>pannos</strong></span> <span class='ocrx_word' id='word_1_559' title='bbox 1823 4151 2024 4206; x_wconf 89' lang='lat' dir='ltr'><strong>sericos</strong></span> <span class='ocrx_word' id='word_1_560' title='bbox 2040 4151 2275 4221; x_wconf 87' lang='lat' dir='ltr'><strong>pretiosa</strong></span> <span class='ocrx_word' id='word_1_561' title='bbox 2298 4149 2598 4219; x_wconf 89' lang='lat' dir='ltr'><strong>aquilarum</strong></span> <span class='ocrx_word' id='word_1_562' title='bbox 2624 4151 2844 4206; x_wconf 82' lang='lat' dir='ltr'><strong>historia</strong></span> <span class='ocrx_word' id='word_1_563' title='bbox 2879 4162 3319 4226; x_wconf 76' lang='lat' dir='ltr'><strong>lexl05,quorum</strong></span> <span class='ocrx_word' id='word_1_564' title='bbox 3339 4159 3435 4212; x_wconf 85' lang='lat' dir='ltr'><strong>duo</strong></span> <span class='ocrx_word' id='word_1_565' title='bbox 3451 4152 3592 4209; x_wconf 81' lang='lat' dir='ltr'><strong>aurati</strong></span> <span class='ocrx_word' id='word_1_566' title='bbox 3609 4151 3804 4200; x_wconf 59' lang='grc' dir='ltr'><strong>(ἰξτιιιιιιίυη</strong></span> 
     </span>
    </p>
   </div>
   <div class='ocr_carea' id='block_1_45' title="bbox 925 4230 3805 4320">
    <p class='ocr_par' dir='ltr' id='par_1_45' title="bbox 925 4230 3805 4320">
     <span class='ocr_line' id='line_1_45' title="bbox 925 4230 3805 4320; baseline -0.005 -24"><span class='ocrx_word' id='word_1_567' title='bbox 925 4239 1086 4312; x_wconf 69' lang='grc'><strong>547</strong></span> <span class='ocrx_word' id='word_1_568' title='bbox 1113 4242 1319 4296; x_wconf 87' lang='lat' dir='ltr'><strong>Obtulit</strong></span> <span class='ocrx_word' id='word_1_569' title='bbox 1341 4253 1544 4305; x_wconf 84' lang='lat' dir='ltr'><strong>autent,</strong></span> <span class='ocrx_word' id='word_1_570' title='bbox 1574 4243 1663 4296; x_wconf 90' lang='lat' dir='ltr'><strong>ubi</strong></span> <span class='ocrx_word' id='word_1_571' title='bbox 1697 4257 1878 4310; x_wconf 77' lang='lat' dir='ltr'><strong>supra,</strong></span> <span class='ocrx_word' id='word_1_572' title='bbox 1915 4241 2028 4295; x_wconf 83' lang='lat' dir='ltr'><strong>vela</strong></span> <span class='ocrx_word' id='word_1_573' title='bbox 2059 4251 2293 4311; x_wconf 85' lang='lat' dir='ltr'><strong>quatuor</strong></span> <span class='ocrx_word' id='word_1_574' title='bbox 2321 4257 2442 4297; x_wconf 90' lang='lat' dir='ltr'><strong>cum</strong></span> <span class='ocrx_word' id='word_1_575' title='bbox 2473 4241 2856 4313; x_wconf 79' lang='lat' dir='ltr'><strong>chrysoclavo,</strong></span> <span class='ocrx_word' id='word_1_576' title='bbox 2904 4245 3176 4316; x_wconf 88' lang='lat' dir='ltr'><strong>inquibus</strong></span> <span class='ocrx_word' id='word_1_577' title='bbox 3207 4250 3319 4320; x_wconf 88' lang='lat' dir='ltr'><strong>ipse</strong></span> <span class='ocrx_word' id='word_1_578' title='bbox 3345 4244 3516 4318; x_wconf 60' lang='lat' dir='ltr'><strong>pracsul</strong></span> <span class='ocrx_word' id='word_1_579' title='bbox 3537 4238 3713 4308; x_wconf 81' lang='lat' dir='ltr'><strong>dcpicltts</strong></span> <span class='ocrx_word' id='word_1_580' title='bbox 3732 4230 3805 4282; x_wconf 68' lang='lat' dir='ltr'><strong>ian-</strong></span> 
     </span>
    </p>
   </div>
   <div class='ocr_carea' id='block_1_46' title="bbox 855 4322 3809 4424">
    <p class='ocr_par' dir='ltr' id='par_1_46' title="bbox 855 4322 3809 4424">
     <span class='ocr_line' id='line_1_46' title="bbox 855 4322 3809 4424; baseline -0.004 -36"><span class='ocrx_word' id='word_1_581' title='bbox 855 4337 965 4405; x_wconf 83' lang='lat' dir='ltr'><strong>gini</strong></span> <span class='ocrx_word' id='word_1_582' title='bbox 993 4336 1315 4401; x_wconf 87' lang='lat' dir='ltr'><strong>Salvatoris,</strong></span> <span class='ocrx_word' id='word_1_583' title='bbox 1350 4339 1491 4393; x_wconf 87' lang='lat' dir='ltr'><strong>inter</strong></span> <span class='ocrx_word' id='word_1_584' title='bbox 1519 4339 1792 4404; x_wconf 82' lang='lat' dir='ltr'><strong>angelicos</strong></span> <span class='ocrx_word' id='word_1_585' title='bbox 1818 4339 1995 4392; x_wconf 90' lang='lat' dir='ltr'><strong>vultus</strong></span> <span class='ocrx_word' id='word_1_586' title='bbox 2028 4339 2302 4408; x_wconf 80' lang='lat' dir='ltr'><strong>fulgentis,</strong></span> <span class='ocrx_word' id='word_1_587' title='bbox 2344 4339 2618 4394; x_wconf 83' lang='lat' dir='ltr'><strong>civitatem</strong></span> <span class='ocrx_word' id='word_1_588' title='bbox 2650 4357 2814 4411; x_wconf 86' lang='lat' dir='ltr'><strong>quam</strong></span> <span class='ocrx_word' id='word_1_589' title='bbox 2862 4340 3105 4399; x_wconf 87' lang='lat' dir='ltr'><strong>funditus</strong></span> <span class='ocrx_word' id='word_1_590' title='bbox 3133 4353 3412 4424; x_wconf 77' lang='lat' dir='ltr'><strong>paraverat</strong></span> <span class='ocrx_word' id='word_1_591' title='bbox 3445 4338 3592 4395; x_wconf 66' lang='lat' dir='ltr'><strong>oﬂ‘ert.</strong></span> <span class='ocrx_word' id='word_1_592' title='bbox 3614 4322 3809 4421; x_wconf 44' lang='lat' dir='ltr'><strong>lgittttqlii</strong></span> 
     </span>
    </p>
   </div>
   <div class='ocr_carea' id='block_1_47' title="bbox 852 4415 3809 4506">
    <p class='ocr_par' dir='ltr' id='par_1_47' title="bbox 852 4415 3809 4506">
     <span class='ocr_line' id='line_1_47' title="bbox 852 4415 3809 4506; baseline -0.001 -23"><span class='ocrx_word' id='word_1_593' title='bbox 852 4430 964 4501; x_wconf 85' lang='lat' dir='ltr'><strong>jam</strong></span> <span class='ocrx_word' id='word_1_594' title='bbox 1000 4429 1226 4499; x_wconf 90' lang='lat' dir='ltr'><strong>plcnitcr</strong></span> <span class='ocrx_word' id='word_1_595' title='bbox 1246 4447 1311 4484; x_wconf 87' lang='lat' dir='ltr'><strong>ea</strong></span> <span class='ocrx_word' id='word_1_596' title='bbox 1340 4449 1462 4502; x_wconf 67' lang='lat' dir='ltr'><strong>quae</strong></span> <span class='ocrx_word' id='word_1_597' title='bbox 1486 4433 1629 4487; x_wconf 90' lang='lat' dir='ltr'><strong>beati</strong></span> <span class='ocrx_word' id='word_1_598' title='bbox 1667 4433 1812 4486; x_wconf 87' lang='lat' dir='ltr'><strong>Petri</strong></span> <span class='ocrx_word' id='word_1_599' title='bbox 1846 4433 2087 4487; x_wconf 79' lang='lat' dir='ltr'><strong>ecclesia:</strong></span> <span class='ocrx_word' id='word_1_600' title='bbox 2112 4435 2403 4504; x_wconf 67' lang='lat' dir='ltr'><strong>prtedictus</strong></span> <span class='ocrx_word' id='word_1_601' title='bbox 2441 4436 2682 4506; x_wconf 68' lang='lat' dir='ltr'><strong>[torttifex</strong></span> <span class='ocrx_word' id='word_1_602' title='bbox 2731 4439 2926 4492; x_wconf 88' lang='lat' dir='ltr'><strong>obtulit</strong></span> <span class='ocrx_word' id='word_1_603' title='bbox 2954 4415 3298 4505; x_wconf 80' lang='lat' dir='ltr'><strong>ornamenta,</strong></span> <span class='ocrx_word' id='word_1_604' title='bbox 3332 4437 3542 4495; x_wconf 87' lang='lat' dir='ltr'><strong>breviter</strong></span> <span class='ocrx_word' id='word_1_605' title='bbox 3577 4430 3682 4487; x_wconf 84' lang='lat' dir='ltr'><strong>licet,</strong></span> <span class='ocrx_word' id='word_1_606' title='bbox 3698 4415 3809 4474; x_wconf 55' lang='grc' dir='ltr'><strong>ἀϋτή·</strong></span> 
     </span>
    </p>
   </div>
   <div class='ocr_carea' id='block_1_48' title="bbox 857 4525 3809 4606">
    <p class='ocr_par' dir='ltr' id='par_1_48' title="bbox 857 4525 3809 4606">
     <span class='ocr_line' id='line_1_48' title="bbox 857 4525 3809 4606; baseline -0.003 -26"><span class='ocrx_word' id='word_1_607' title='bbox 857 4527 1092 4597; x_wconf 86' lang='lat' dir='ltr'><strong>psimus;</strong></span> <span class='ocrx_word' id='word_1_608' title='bbox 1126 4542 1269 4581; x_wconf 90' lang='lat' dir='ltr'><strong>nunc</strong></span> <span class='ocrx_word' id='word_1_609' title='bbox 1294 4542 1356 4581; x_wconf 89' lang='lat' dir='ltr'><strong>ca</strong></span> <span class='ocrx_word' id='word_1_610' title='bbox 1388 4543 1507 4598; x_wconf 76' lang='lat' dir='ltr'><strong>qua:</strong></span> <span class='ocrx_word' id='word_1_611' title='bbox 1535 4528 1586 4581; x_wconf 92' lang='lat' dir='ltr'><strong>iu</strong></span> <span class='ocrx_word' id='word_1_612' title='bbox 1623 4527 1849 4582; x_wconf 85' lang='lat' dir='ltr'><strong>ecclesia</strong></span> <span class='ocrx_word' id='word_1_613' title='bbox 1880 4527 2176 4583; x_wconf 80' lang='lat' dir='ltr'><strong>beatissimi</strong></span> <span class='ocrx_word' id='word_1_614' title='bbox 2209 4529 2357 4584; x_wconf 90' lang='lat' dir='ltr'><strong>Pauli</strong></span> <span class='ocrx_word' id='word_1_615' title='bbox 2390 4533 2618 4601; x_wconf 86' lang='lat' dir='ltr'><strong>apostoli</strong></span> <span class='ocrx_word' id='word_1_616' title='bbox 2651 4533 2888 4589; x_wconf 89' lang='lat' dir='ltr'><strong>doctoris</strong></span> <span class='ocrx_word' id='word_1_617' title='bbox 2925 4536 3168 4604; x_wconf 90' lang='lat' dir='ltr'><strong>gentium</strong></span> <span class='ocrx_word' id='word_1_618' title='bbox 3198 4545 3314 4606; x_wconf 92' lang='lat' dir='ltr'><strong>post</strong></span> <span class='ocrx_word' id='word_1_619' title='bbox 3345 4533 3537 4602; x_wconf 87' lang='lat' dir='ltr'><strong>impiam</strong></span> <span class='ocrx_word' id='word_1_620' title='bbox 3561 4525 3809 4594; x_wconf 71' lang='lat' dir='ltr'><strong>Agamuontm</strong></span> 
     </span>
    </p>
   </div>
   <div class='ocr_carea' id='block_1_49' title="bbox 770 4621 3811 4704">
    <p class='ocr_par' dir='ltr' id='par_1_49' title="bbox 770 4621 3811 4704">
     <span class='ocr_line' id='line_1_49' title="bbox 770 4621 3811 4704; baseline -0.006 -26"><span class='ocrx_word' id='word_1_621' title='bbox 770 4621 820 4704; x_wconf 27' lang='lat'><strong>&#39;5</strong></span> <span class='ocrx_word' id='word_1_622' title='bbox 858 4624 1279 4679; x_wconf 86' lang='lat' dir='ltr'><strong>dcvastationem</strong></span> <span class='ocrx_word' id='word_1_623' title='bbox 1306 4633 1388 4680; x_wconf 84' lang='lat' dir='ltr'><strong>est</strong></span> <span class='ocrx_word' id='word_1_624' title='bbox 1412 4635 1696 4696; x_wconf 86' lang='lat' dir='ltr'><strong>operatus,</strong></span> <span class='ocrx_word' id='word_1_625' title='bbox 1731 4625 1799 4679; x_wconf 91' lang='lat' dir='ltr'><strong>ob</strong></span> <span class='ocrx_word' id='word_1_626' title='bbox 1825 4635 2085 4679; x_wconf 66' lang='lat' dir='ltr'><strong>aeternam</strong></span> <span class='ocrx_word' id='word_1_627' title='bbox 2114 4627 2430 4681; x_wconf 88' lang='lat' dir='ltr'><strong>memoriam</strong></span> <span class='ocrx_word' id='word_1_628' title='bbox 2456 4629 2768 4682; x_wconf 87' lang='lat' dir='ltr'><strong>summatim</strong></span> <span class='ocrx_word' id='word_1_629' title='bbox 2802 4629 3145 4686; x_wconf 84' lang='lat' dir='ltr'><strong>innotescere</strong></span> <span class='ocrx_word' id='word_1_630' title='bbox 3181 4632 3461 4686; x_wconf 89' lang='lat' dir='ltr'><strong>studemus.</strong></span> <span class='ocrx_word' id='word_1_631' title='bbox 3485 4622 3608 4680; x_wconf 83' lang='lat' dir='ltr'><strong>Fecit</strong></span> <span class='ocrx_word' id='word_1_632' title='bbox 3630 4623 3750 4670; x_wconf 75' lang='lat' dir='ltr'><strong>autem</strong></span> <span class='ocrx_word' id='word_1_633' title='bbox 3765 4622 3811 4704; x_wconf 60' lang='lat' dir='ltr'><strong>slt-</strong></span> 
     </span>
    </p>
   </div>
   <div class='ocr_carea' id='block_1_50' title="bbox 859 4708 3814 4798">
    <p class='ocr_par' dir='ltr' id='par_1_50' title="bbox 859 4708 3814 4798">
     <span class='ocr_line' id='line_1_50' title="bbox 859 4708 3814 4798; baseline -0.006 -27"><span class='ocrx_word' id='word_1_634' title='bbox 859 4735 958 4790; x_wconf 77' lang='lat' dir='ltr'><strong>per</strong></span> <span class='ocrx_word' id='word_1_635' title='bbox 984 4717 1100 4786; x_wconf 87' lang='lat' dir='ltr'><strong>ejus</strong></span> <span class='ocrx_word' id='word_1_636' title='bbox 1125 4721 1550 4776; x_wconf 87' lang='lat' dir='ltr'><strong>sacratissimum</strong></span> <span class='ocrx_word' id='word_1_637' title='bbox 1579 4737 1776 4791; x_wconf 74' lang='lat' dir='ltr'><strong>corpus</strong></span> <span class='ocrx_word' id='word_1_638' title='bbox 1812 4722 2092 4792; x_wconf 79' lang='lat' dir='ltr'><strong>cyborium</strong></span> <span class='ocrx_word' id='word_1_639' title='bbox 2126 4723 2275 4776; x_wconf 77' lang='lat' dir='ltr'><strong>mira:</strong></span> <span class='ocrx_word' id='word_1_640' title='bbox 2310 4723 2732 4793; x_wconf 74' lang='lat' dir='ltr'><strong>pulchritudinis</strong></span> <span class='ocrx_word' id='word_1_641' title='bbox 2769 4725 2972 4794; x_wconf 87' lang='lat' dir='ltr'><strong>ingenti</strong></span> <span class='ocrx_word' id='word_1_642' title='bbox 3012 4728 3223 4798; x_wconf 78' lang='lat' dir='ltr'><strong>argenti</strong></span> <span class='ocrx_word' id='word_1_643' title='bbox 3263 4725 3480 4796; x_wconf 83' lang='lat' dir='ltr'><strong>pondere</strong></span> <span class='ocrx_word' id='word_1_644' title='bbox 3515 4731 3614 4773; x_wconf 87' lang='lat' dir='ltr'><strong>cum</strong></span> <span class='ocrx_word' id='word_1_645' title='bbox 3654 4708 3814 4798; x_wconf 60' lang='lat' dir='ltr'><strong>colonia!</strong></span> 
     </span>
    </p>
   </div>
   <div class='ocr_carea' id='block_1_51' title="bbox 857 4795 3814 4890">
    <p class='ocr_par' dir='ltr' id='par_1_51' title="bbox 857 4795 3814 4890">
     <span class='ocr_line' id='line_1_51' title="bbox 857 4795 3814 4890; baseline -0.007 -26"><span class='ocrx_word' id='word_1_646' title='bbox 857 4813 1125 4886; x_wconf 86' lang='lat' dir='ltr'><strong>argenteis</strong></span> <span class='ocrx_word' id='word_1_647' title='bbox 1152 4823 1449 4886; x_wconf 89' lang='lat' dir='ltr'><strong>comptum,</strong></span> <span class='ocrx_word' id='word_1_648' title='bbox 1481 4830 1709 4886; x_wconf 88' lang='lat' dir='ltr'><strong>pensan.</strong></span> <span class='ocrx_word' id='word_1_649' title='bbox 1743 4815 1912 4870; x_wconf 76' lang='lat' dir='ltr'><strong>libras</strong></span> <span class='ocrx_word' id='word_1_650' title='bbox 1941 4818 2301 4886; x_wconf 86' lang='lat' dir='ltr'><strong>noningentas</strong></span> <span class='ocrx_word' id='word_1_651' title='bbox 2327 4819 2686 4889; x_wconf 73' lang='lat' dir='ltr'><strong>quadraginta</strong></span> <span class='ocrx_word' id='word_1_652' title='bbox 2725 4830 2782 4875; x_wconf 92' lang='lat' dir='ltr'><strong>et</strong></span> <span class='ocrx_word' id='word_1_653' title='bbox 2807 4836 2922 4874; x_wconf 77' lang='lat' dir='ltr'><strong>sex.</strong></span> <span class='ocrx_word' id='word_1_654' title='bbox 2954 4821 3060 4876; x_wconf 83' lang='lat' dir='ltr'><strong>Sed</strong></span> <span class='ocrx_word' id='word_1_655' title='bbox 3086 4795 3214 4878; x_wconf 79' lang='lat' dir='ltr'><strong>cum</strong></span> <span class='ocrx_word' id='word_1_656' title='bbox 3247 4795 3460 4890; x_wconf 81' lang='lat' dir='ltr'><strong>hcttigna</strong></span> <span class='ocrx_word' id='word_1_657' title='bbox 3489 4813 3624 4885; x_wconf 78' lang='lat' dir='ltr'><strong>ipsius</strong></span> <span class='ocrx_word' id='word_1_658' title='bbox 3651 4795 3814 4876; x_wconf 53' lang='lat' dir='ltr'><strong>patiaris</strong></span> 
     </span>
    </p>
   </div>
   <div class='ocr_carea' id='block_1_52' title="bbox 857 4895 3814 4990">
    <p class='ocr_par' dir='ltr' id='par_1_52' title="bbox 857 4895 3814 4990">
     <span class='ocr_line' id='line_1_52' title="bbox 857 4895 3814 4990; baseline -0.001 -26"><span class='ocrx_word' id='word_1_659' title='bbox 857 4925 1009 4965; x_wconf 89' lang='lat' dir='ltr'><strong>tuens</strong></span> <span class='ocrx_word' id='word_1_660' title='bbox 1037 4920 1164 4966; x_wconf 91' lang='lat' dir='ltr'><strong>ante</strong></span> <span class='ocrx_word' id='word_1_661' title='bbox 1185 4919 1239 4964; x_wconf 91' lang='lat' dir='ltr'><strong>et</strong></span> <span class='ocrx_word' id='word_1_662' title='bbox 1267 4919 1388 4980; x_wconf 88' lang='lat' dir='ltr'><strong>post</strong></span> <span class='ocrx_word' id='word_1_663' title='bbox 1415 4910 1686 4981; x_wconf 87' lang='lat' dir='ltr'><strong>generalia</strong></span> <span class='ocrx_word' id='word_1_664' title='bbox 1713 4912 1952 4965; x_wconf 87' lang='lat' dir='ltr'><strong>omnium</strong></span> <span class='ocrx_word' id='word_1_665' title='bbox 1979 4912 2330 4967; x_wconf 85' lang='lat' dir='ltr'><strong>ecclesiarum</strong></span> <span class='ocrx_word' id='word_1_666' title='bbox 2362 4912 2574 4968; x_wconf 86' lang='lat' dir='ltr'><strong>diversa</strong></span> <span class='ocrx_word' id='word_1_667' title='bbox 2599 4925 2938 4979; x_wconf 86' lang='lat' dir='ltr'><strong>ornamenta,</strong></span> <span class='ocrx_word' id='word_1_668' title='bbox 2976 4932 3098 4988; x_wconf 75' lang='lat' dir='ltr'><strong>qua:</strong></span> <span class='ocrx_word' id='word_1_669' title='bbox 3146 4916 3343 4987; x_wconf 87' lang='lat' dir='ltr'><strong>ingenti</strong></span> <span class='ocrx_word' id='word_1_670' title='bbox 3373 4909 3602 4968; x_wconf 86' lang='lat' dir='ltr'><strong>desiderio</strong></span> <span class='ocrx_word' id='word_1_671' title='bbox 3629 4895 3814 4990; x_wconf 54' lang='grc' dir='ltr'><strong>ρπνιιθωξν</strong></span> 
     </span>
    </p>
   </div>
   <div class='ocr_carea' id='block_1_53' title="bbox 861 4990 3815 5082">
    <p class='ocr_par' dir='ltr' id='par_1_53' title="bbox 861 4990 3815 5082">
     <span class='ocr_line' id='line_1_53' title="bbox 861 4990 3815 5082; baseline 0 -20"><span class='ocrx_word' id='word_1_672' title='bbox 861 5008 1018 5062; x_wconf 90' lang='lat' dir='ltr'><strong>beato</strong></span> <span class='ocrx_word' id='word_1_673' title='bbox 1043 5005 1205 5062; x_wconf 86' lang='lat' dir='ltr'><strong>Petro</strong></span> <span class='ocrx_word' id='word_1_674' title='bbox 1228 5022 1440 5077; x_wconf 88' lang='lat' dir='ltr'><strong>semper</strong></span> <span class='ocrx_word' id='word_1_675' title='bbox 1467 5007 1669 5076; x_wconf 88' lang='lat' dir='ltr'><strong>aliqttid</strong></span> <span class='ocrx_word' id='word_1_676' title='bbox 1697 5007 1959 5076; x_wconf 87' lang='lat' dir='ltr'><strong>optimum</strong></span> <span class='ocrx_word' id='word_1_677' title='bbox 1989 5017 2044 5060; x_wconf 90' lang='lat' dir='ltr'><strong>et</strong></span> <span class='ocrx_word' id='word_1_678' title='bbox 2073 5009 2364 5078; x_wconf 86' lang='lat' dir='ltr'><strong>pretiosius</strong></span> <span class='ocrx_word' id='word_1_679' title='bbox 2392 5007 2590 5065; x_wconf 77' lang='lat' dir='ltr'><strong>oﬂ&#39;erre</strong></span> <span class='ocrx_word' id='word_1_680' title='bbox 2619 5011 2866 5075; x_wconf 83' lang='lat' dir='ltr'><strong>curabat,</strong></span> <span class='ocrx_word' id='word_1_681' title='bbox 2890 5012 3085 5068; x_wconf 89' lang='lat' dir='ltr'><strong>obtulit</strong></span> <span class='ocrx_word' id='word_1_682' title='bbox 3107 5015 3156 5069; x_wconf 92' lang='lat' dir='ltr'><strong>ei</strong></span> <span class='ocrx_word' id='word_1_683' title='bbox 3187 5024 3294 5068; x_wconf 86' lang='lat' dir='ltr'><strong>tres</strong></span> <span class='ocrx_word' id='word_1_684' title='bbox 3317 5011 3454 5064; x_wconf 89' lang='lat' dir='ltr'><strong>oleas</strong></span> <span class='ocrx_word' id='word_1_685' title='bbox 3473 5001 3700 5061; x_wconf 61' lang='lat' dir='ltr'><strong>tttaattl&#39;it&#39;as</strong></span> <span class='ocrx_word' id='word_1_686' title='bbox 3717 4990 3815 5082; x_wconf 63' lang='lat'><strong>&quot;&quot;&quot;_&quot;</strong></span> 
     </span>
    </p>
   </div>
   <div class='ocr_carea' id='block_1_54' title="bbox 750 5082 3816 5177">
    <p class='ocr_par' dir='ltr' id='par_1_54' title="bbox 750 5082 3816 5177">
     <span class='ocr_line' id='line_1_54' title="bbox 750 5082 3816 5177; baseline -0.007 -15"><span class='ocrx_word' id='word_1_687' title='bbox 750 5102 823 5162; x_wconf 74' lang='grc'><strong>10</strong></span> <span class='ocrx_word' id='word_1_688' title='bbox 863 5104 1048 5160; x_wconf 84' lang='lat' dir='ltr'><strong>rabilis</strong></span> <span class='ocrx_word' id='word_1_689' title='bbox 1075 5103 1491 5173; x_wconf 86' lang='lat' dir='ltr'><strong>pulchritudinis</strong></span> <span class='ocrx_word' id='word_1_690' title='bbox 1519 5105 1694 5162; x_wconf 88' lang='lat' dir='ltr'><strong>serico</strong></span> <span class='ocrx_word' id='word_1_691' title='bbox 1726 5115 1902 5160; x_wconf 82' lang='lat' dir='ltr'><strong>textas</strong></span> <span class='ocrx_word' id='word_1_692' title='bbox 1941 5105 2230 5174; x_wconf 68' lang='lat' dir='ltr'><strong>coloreqm</strong></span> <span class='ocrx_word' id='word_1_693' title='bbox 2274 5106 2534 5176; x_wconf 85' lang='lat' dir='ltr'><strong>depictas,</strong></span> <span class='ocrx_word' id='word_1_694' title='bbox 2566 5124 2686 5177; x_wconf 64' lang='lat' dir='ltr'><strong>qute</strong></span> <span class='ocrx_word' id='word_1_695' title='bbox 2716 5109 2966 5164; x_wconf 77' lang='lat' dir='ltr'><strong>videlicet</strong></span> <span class='ocrx_word' id='word_1_696' title='bbox 3001 5111 3155 5166; x_wconf 78' lang='lat' dir='ltr'><strong>festis</strong></span> <span class='ocrx_word' id='word_1_697' title='bbox 3193 5111 3378 5165; x_wconf 62' lang='lat' dir='ltr'><strong>diebus</strong></span> <span class='ocrx_word' id='word_1_698' title='bbox 3419 5107 3466 5161; x_wconf 65' lang='lat' dir='ltr'><strong>in</strong></span> <span class='ocrx_word' id='word_1_699' title='bbox 3499 5093 3674 5154; x_wconf 74' lang='lat' dir='ltr'><strong>circuitu</strong></span> <span class='ocrx_word' id='word_1_700' title='bbox 3706 5082 3816 5135; x_wconf 54' lang='lat' dir='ltr'><strong>alii“</strong></span> 
     </span>
    </p>
   </div>
   <div class='ocr_carea' id='block_1_55' title="bbox 860 5188 3815 5276">
    <p class='ocr_par' dir='ltr' id='par_1_55' title="bbox 860 5188 3815 5276">
     <span class='ocr_line' id='line_1_55' title="bbox 860 5188 3815 5276; baseline -0.007 -20"><span class='ocrx_word' id='word_1_701' title='bbox 860 5201 1084 5272; x_wconf 87' lang='lat' dir='ltr'><strong>majoris</strong></span> <span class='ocrx_word' id='word_1_702' title='bbox 1107 5200 1489 5271; x_wconf 81' lang='lat' dir='ltr'><strong>tlependcrent.</strong></span> <span class='ocrx_word' id='word_1_703' title='bbox 1524 5202 1673 5258; x_wconf 89' lang='lat' dir='ltr'><strong>Fecit</strong></span> <span class='ocrx_word' id='word_1_704' title='bbox 1701 5213 1884 5257; x_wconf 88' lang='lat' dir='ltr'><strong>autem</strong></span> <span class='ocrx_word' id='word_1_705' title='bbox 1909 5213 1963 5258; x_wconf 91' lang='lat' dir='ltr'><strong>et</strong></span> <span class='ocrx_word' id='word_1_706' title='bbox 1989 5204 2040 5258; x_wconf 91' lang='lat' dir='ltr'><strong>in</strong></span> <span class='ocrx_word' id='word_1_707' title='bbox 2070 5205 2300 5260; x_wconf 88' lang='lat' dir='ltr'><strong>ecclesia</strong></span> <span class='ocrx_word' id='word_1_708' title='bbox 2329 5207 2504 5260; x_wconf 89' lang='lat' dir='ltr'><strong>sancti</strong></span> <span class='ocrx_word' id='word_1_709' title='bbox 2535 5205 2814 5271; x_wconf 83' lang='lat' dir='ltr'><strong>Marciani,</strong></span> <span class='ocrx_word' id='word_1_710' title='bbox 2841 5223 2964 5276; x_wconf 57' lang='lat' dir='ltr'><strong>quae</strong></span> <span class='ocrx_word' id='word_1_711' title='bbox 2987 5209 3089 5264; x_wconf 76' lang='lat' dir='ltr'><strong>sita</strong></span> <span class='ocrx_word' id='word_1_712' title='bbox 3118 5219 3201 5265; x_wconf 77' lang='lat' dir='ltr'><strong>est</strong></span> <span class='ocrx_word' id='word_1_713' title='bbox 3243 5211 3296 5263; x_wconf 77' lang='lat' dir='ltr'><strong>in</strong></span> <span class='ocrx_word' id='word_1_714' title='bbox 3327 5197 3604 5263; x_wconf 76' lang='lat' dir='ltr'><strong>Dotnucella,</strong></span> <span class='ocrx_word' id='word_1_715' title='bbox 3625 5188 3815 5257; x_wconf 54' lang='lat' dir='ltr'><strong>quam?</strong></span> 
     </span>
    </p>
   </div>
   <div class='ocr_carea' id='block_1_56' title="bbox 808 5283 3814 5371">
    <p class='ocr_par' dir='ltr' id='par_1_56' title="bbox 808 5283 3814 5371">
     <span class='ocr_line' id='line_1_56' title="bbox 808 5283 3814 5371; baseline 0.001 -20"><span class='ocrx_word' id='word_1_716' title='bbox 808 5338 810 5340; x_wconf 88' lang='grc'><strong>-</strong></span> <span class='ocrx_word' id='word_1_717' title='bbox 863 5309 953 5351; x_wconf 88' lang='lat' dir='ltr'><strong>tur</strong></span> <span class='ocrx_word' id='word_1_718' title='bbox 982 5297 1314 5364; x_wconf 86' lang='lat' dir='ltr'><strong>Balnearola,</strong></span> <span class='ocrx_word' id='word_1_719' title='bbox 1343 5309 1546 5354; x_wconf 83' lang='lat' dir='ltr'><strong>vestem</strong></span> <span class='ocrx_word' id='word_1_720' title='bbox 1579 5299 1647 5354; x_wconf 82' lang='lat' dir='ltr'><strong>de</strong></span> <span class='ocrx_word' id='word_1_721' title='bbox 1676 5299 1896 5354; x_wconf 87' lang='lat' dir='ltr'><strong>fundato</strong></span> <span class='ocrx_word' id='word_1_722' title='bbox 1921 5315 2105 5364; x_wconf 87' lang='lat' dir='ltr'><strong>unam,</strong></span> <span class='ocrx_word' id='word_1_723' title='bbox 2129 5311 2184 5356; x_wconf 89' lang='lat' dir='ltr'><strong>et</strong></span> <span class='ocrx_word' id='word_1_724' title='bbox 2207 5302 2321 5358; x_wconf 89' lang='lat' dir='ltr'><strong>vela</strong></span> <span class='ocrx_word' id='word_1_725' title='bbox 2351 5303 2594 5371; x_wconf 86' lang='lat' dir='ltr'><strong>spanisca</strong></span> <span class='ocrx_word' id='word_1_726' title='bbox 2619 5303 2746 5357; x_wconf 89' lang='lat' dir='ltr'><strong>duo.</strong></span> <span class='ocrx_word' id='word_1_727' title='bbox 2777 5302 2949 5358; x_wconf 82' lang='lat' dir='ltr'><strong>Simili</strong></span> <span class='ocrx_word' id='word_1_728' title='bbox 2979 5304 3139 5359; x_wconf 84' lang='lat' dir='ltr'><strong>modo</strong></span> <span class='ocrx_word' id='word_1_729' title='bbox 3157 5313 3210 5359; x_wconf 84' lang='lat' dir='ltr'><strong>et</strong></span> <span class='ocrx_word' id='word_1_730' title='bbox 3237 5304 3288 5357; x_wconf 88' lang='lat' dir='ltr'><strong>in</strong></span> <span class='ocrx_word' id='word_1_731' title='bbox 3313 5297 3514 5357; x_wconf 81' lang='lat' dir='ltr'><strong>ecclesia</strong></span> <span class='ocrx_word' id='word_1_732' title='bbox 3537 5287 3648 5346; x_wconf 60' lang='lat' dir='ltr'><strong>belli</strong></span> <span class='ocrx_word' id='word_1_733' title='bbox 3669 5283 3814 5371; x_wconf 49' lang='grc' dir='ltr'><strong>¹δ²¹¹¹ῗ¹ν</strong></span> 
     </span>
    </p>
   </div>
   <div class='ocr_carea' id='block_1_57' title="bbox 863 5364 3815 5470">
    <p class='ocr_par' dir='ltr' id='par_1_57' title="bbox 863 5364 3815 5470">
     <span class='ocr_line' id='line_1_57' title="bbox 863 5364 3815 5470; baseline -0.009 -22"><span class='ocrx_word' id='word_1_734' title='bbox 863 5396 918 5448; x_wconf 87' lang='lat' dir='ltr'><strong>tii</strong></span> <span class='ocrx_word' id='word_1_735' title='bbox 948 5394 1202 5464; x_wconf 86' lang='lat' dir='ltr'><strong>martyris</strong></span> <span class='ocrx_word' id='word_1_736' title='bbox 1225 5393 1428 5448; x_wconf 83' lang='lat' dir='ltr'><strong>Christi</strong></span> <span class='ocrx_word' id='word_1_737' title='bbox 1461 5404 1623 5462; x_wconf 88' lang='lat' dir='ltr'><strong>atque</strong></span> <span class='ocrx_word' id='word_1_738' title='bbox 1658 5392 1858 5448; x_wconf 74' lang='lat' dir='ltr'><strong>Levita:</strong></span> <span class='ocrx_word' id='word_1_739' title='bbox 1880 5394 2074 5449; x_wconf 90' lang='lat' dir='ltr'><strong>obtulit</strong></span> <span class='ocrx_word' id='word_1_740' title='bbox 2103 5399 2220 5449; x_wconf 85' lang='lat' dir='ltr'><strong>vela</strong></span> <span class='ocrx_word' id='word_1_741' title='bbox 2251 5396 2317 5451; x_wconf 90' lang='lat' dir='ltr'><strong>de</strong></span> <span class='ocrx_word' id='word_1_742' title='bbox 2357 5364 2597 5461; x_wconf 80' lang='lat' dir='ltr'><strong>fundato,</strong></span> <span class='ocrx_word' id='word_1_743' title='bbox 2627 5413 2748 5466; x_wconf 63' lang='lat' dir='ltr'><strong>qum</strong></span> <span class='ocrx_word' id='word_1_744' title='bbox 2789 5399 3027 5467; x_wconf 85' lang='lat' dir='ltr'><strong>pendent</strong></span> <span class='ocrx_word' id='word_1_745' title='bbox 3079 5400 3131 5454; x_wconf 90' lang='lat' dir='ltr'><strong>itt</strong></span> <span class='ocrx_word' id='word_1_746' title='bbox 3174 5399 3396 5452; x_wconf 87' lang='lat' dir='ltr'><strong>arcubus</strong></span> <span class='ocrx_word' id='word_1_747' title='bbox 3435 5388 3549 5446; x_wconf 83' lang='lat' dir='ltr'><strong>infra</strong></span> <span class='ocrx_word' id='word_1_748' title='bbox 3587 5364 3815 5470; x_wconf 44' lang='lat' dir='ltr'><strong>columellis</strong></span> 
     </span>
    </p>
   </div>
   <div class='ocr_carea' id='block_1_58' title="bbox 863 5465 3816 5566">
    <p class='ocr_par' dir='ltr' id='par_1_58' title="bbox 863 5465 3816 5566">
     <span class='ocr_line' id='line_1_58' title="bbox 863 5465 3816 5566; baseline -0.001 -23"><span class='ocrx_word' id='word_1_749' title='bbox 863 5490 1115 5558; x_wconf 86' lang='lat' dir='ltr'><strong>majores,</strong></span> <span class='ocrx_word' id='word_1_750' title='bbox 1145 5505 1369 5544; x_wconf 90' lang='lat' dir='ltr'><strong>numero</strong></span> <span class='ocrx_word' id='word_1_751' title='bbox 1397 5489 1585 5560; x_wconf 86' lang='lat' dir='ltr'><strong>viginti</strong></span> <span class='ocrx_word' id='word_1_752' title='bbox 1625 5499 1873 5559; x_wconf 90' lang='lat' dir='ltr'><strong>quatuor.</strong></span> <span class='ocrx_word' id='word_1_753' title='bbox 1927 5489 2078 5544; x_wconf 86' lang='lat' dir='ltr'><strong>Fecit</strong></span> <span class='ocrx_word' id='word_1_754' title='bbox 2105 5490 2267 5544; x_wconf 89' lang='lat' dir='ltr'><strong>etiam</strong></span> <span class='ocrx_word' id='word_1_755' title='bbox 2315 5491 2366 5545; x_wconf 94' lang='lat' dir='ltr'><strong>iu</strong></span> <span class='ocrx_word' id='word_1_756' title='bbox 2411 5491 2639 5546; x_wconf 86' lang='lat' dir='ltr'><strong>ecclesia</strong></span> <span class='ocrx_word' id='word_1_757' title='bbox 2687 5493 2826 5547; x_wconf 88' lang='lat' dir='ltr'><strong>beati</strong></span> <span class='ocrx_word' id='word_1_758' title='bbox 2878 5493 3170 5548; x_wconf 88' lang='lat' dir='ltr'><strong>Clementis</strong></span> <span class='ocrx_word' id='word_1_759' title='bbox 3214 5488 3448 5559; x_wconf 85' lang='lat' dir='ltr'><strong>martyris</strong></span> <span class='ocrx_word' id='word_1_760' title='bbox 3484 5493 3612 5548; x_wconf 79' lang='lat' dir='ltr'><strong>atque</strong></span> <span class='ocrx_word' id='word_1_761' title='bbox 3646 5465 3816 5566; x_wconf 52' lang='grc' dir='ltr'><strong>Ρ⁰¹ξίίί³⁶ῗ</strong></span> 
     </span>
    </p>
   </div>
   <div class='ocr_carea' id='block_1_59' title="bbox 757 5555 3815 5656">
    <p class='ocr_par' dir='ltr' id='par_1_59' title="bbox 757 5555 3815 5656">
     <span class='ocr_line' id='line_1_59' title="bbox 757 5555 3815 5656; baseline -0.006 -16"><span class='ocrx_word' id='word_1_762' title='bbox 757 5584 823 5640; x_wconf 83' lang='lat' dir='ltr'><strong>l5</strong></span> <span class='ocrx_word' id='word_1_763' title='bbox 861 5584 1215 5656; x_wconf 70' lang='lat' dir='ltr'><strong>aqttzcmanilc</strong></span> <span class='ocrx_word' id='word_1_764' title='bbox 1240 5585 1306 5640; x_wconf 88' lang='lat' dir='ltr'><strong>de</strong></span> <span class='ocrx_word' id='word_1_765' title='bbox 1329 5595 1553 5655; x_wconf 86' lang='lat' dir='ltr'><strong>argento</strong></span> <span class='ocrx_word' id='word_1_766' title='bbox 1582 5599 1680 5653; x_wconf 87' lang='lat' dir='ltr'><strong>par</strong></span> <span class='ocrx_word' id='word_1_767' title='bbox 1703 5601 1886 5651; x_wconf 90' lang='lat' dir='ltr'><strong>unum,</strong></span> <span class='ocrx_word' id='word_1_768' title='bbox 1931 5585 2137 5640; x_wconf 87' lang='lat' dir='ltr'><strong>habens</strong></span> <span class='ocrx_word' id='word_1_769' title='bbox 2183 5587 2235 5640; x_wconf 92' lang='lat' dir='ltr'><strong>in</strong></span> <span class='ocrx_word' id='word_1_770' title='bbox 2280 5602 2338 5641; x_wconf 90' lang='lat' dir='ltr'><strong>se</strong></span> <span class='ocrx_word' id='word_1_771' title='bbox 2375 5587 2640 5655; x_wconf 89' lang='lat' dir='ltr'><strong>sculptam</strong></span> <span class='ocrx_word' id='word_1_772' title='bbox 2691 5588 3102 5642; x_wconf 83' lang='lat' dir='ltr'><strong>similitudinem</strong></span> <span class='ocrx_word' id='word_1_773' title='bbox 3145 5586 3331 5655; x_wconf 79' lang='lat' dir='ltr'><strong>capitis</strong></span> <span class='ocrx_word' id='word_1_774' title='bbox 3358 5578 3555 5637; x_wconf 72' lang='lat' dir='ltr'><strong>llOlllllllS</strong></span> <span class='ocrx_word' id='word_1_775' title='bbox 3575 5581 3665 5625; x_wconf 83' lang='lat' dir='ltr'><strong>cum</strong></span> 
     </span>
    </p>
   </div>
   <div class='ocr_carea' id='block_1_60' title="bbox 863 5649 3814 5753">
    <p class='ocr_par' dir='ltr' id='par_1_60' title="bbox 863 5649 3814 5753">
     <span class='ocr_line' id='line_1_60' title="bbox 863 5649 3814 5753; baseline -0.005 -20"><span class='ocrx_word' id='word_1_776' title='bbox 863 5681 963 5733; x_wconf 84' lang='lat' dir='ltr'><strong>alia</strong></span> <span class='ocrx_word' id='word_1_777' title='bbox 998 5680 1240 5747; x_wconf 89' lang='lat' dir='ltr'><strong>historia,</strong></span> <span class='ocrx_word' id='word_1_778' title='bbox 1269 5697 1491 5752; x_wconf 86' lang='lat' dir='ltr'><strong>pcnsan.</strong></span> <span class='ocrx_word' id='word_1_779' title='bbox 1524 5682 1688 5736; x_wconf 86' lang='lat' dir='ltr'><strong>libras</strong></span> <span class='ocrx_word' id='word_1_780' title='bbox 1717 5690 1845 5737; x_wconf 82' lang='lat' dir='ltr'><strong>tres.</strong></span> <span class='ocrx_word' id='word_1_781' title='bbox 1872 5681 2002 5737; x_wconf 84' lang='lat' dir='ltr'><strong>Item</strong></span> <span class='ocrx_word' id='word_1_782' title='bbox 2032 5683 2224 5738; x_wconf 88' lang='lat' dir='ltr'><strong>obtulit</strong></span> <span class='ocrx_word' id='word_1_783' title='bbox 2256 5683 2366 5752; x_wconf 84' lang='lat' dir='ltr'><strong>ipse</strong></span> <span class='ocrx_word' id='word_1_784' title='bbox 2401 5685 2618 5753; x_wconf 85' lang='lat' dir='ltr'><strong>quidem</strong></span> <span class='ocrx_word' id='word_1_785' title='bbox 2645 5683 2989 5740; x_wconf 83' lang='lat' dir='ltr'><strong>beatissimus</strong></span> <span class='ocrx_word' id='word_1_786' title='bbox 3018 5696 3072 5739; x_wconf 83' lang='lat' dir='ltr'><strong>et</strong></span> <span class='ocrx_word' id='word_1_787' title='bbox 3109 5683 3362 5739; x_wconf 75' lang='lat' dir='ltr'><strong>almilicus</strong></span> <span class='ocrx_word' id='word_1_788' title='bbox 3406 5671 3566 5748; x_wconf 66' lang='lat' dir='ltr'><strong>pra-sul</strong></span> <span class='ocrx_word' id='word_1_789' title='bbox 3604 5666 3642 5718; x_wconf 81' lang='lat' dir='ltr'><strong>in</strong></span> <span class='ocrx_word' id='word_1_790' title='bbox 3678 5649 3814 5712; x_wconf 37' lang='lat' dir='ltr'><strong>ulla“</strong></span> 
     </span>
    </p>
   </div>
  </div>
