4004 6324
249 358 385 414 ιῗῖόὅ
1063 364 1381 421 HISTORIA
1422 365 1510 419 DE
1560 363 1739 420 VITlS
1778 363 1830 416 Rt

1927 400 1943 415 .
1983 360 2186 417 PONT.
2225 385 2297 405 -ι-
2335 360 2392 415 S.
2435 361 2569 418 LEO
2602 361 2690 417 IV.
3208 412 3221 419 -
3366 364 3505 423 ιδδι

385 484 590 534 sancta:
614 477 708 533 Dei
732 475 1032 534 Genitricis
1056 478 1238 534 Mariae
1264 480 1318 534 in
1349 479 1590 545 Emilia,
1623 494 1744 548 quae
1779 479 1866 532 via
1892 476 2109 532 Aurelia
2142 485 2510 547 ntttturpatur,
2537 487 2741 532 vestem
2770 478 2839 535 de
2877 477 3101 540 fundato
3135 495 3319 537 uuam.
3347 480 3507 538 Simi-

385 574 510 628 liter
531 584 586 628 et
626 573 677 628 in
714 570 955 630 Ecclesia
983 576 1155 630 sancti
1179 574 1471 645 Stephani,
1493 575 1588 628 ubi
1620 588 1806 644 supra,
1827 573 2023 627 obtulit
2055 571 2220 625 aliam
2244 579 2450 626 vestem
2484 571 2552 625 de
2579 569 2802 627 fundato
2830 586 3013 627 unam.
3042 574 3187 630 hiem
3215 590 3347 632 vero
3377 592 3513 646 pra:-

383 670 561 723 clarus
583 678 639 725 et
672 669 936 725 almiiicus
960 670 1184 739 przesul,
1211 685 1445 740 superna
1474 679 1755 739 protectus
1786 668 2000 730 dextra,
2031 680 2206 734 nstjue
2231 665 2285 719 in
2315 664 2411 719 Dei
2436 679 2651 734 semper
2675 665 2899 720 servitio
2919 666 3136 723 sincero
3158 683 3515 738 perseverans

274 766 348 820 20
385 766 589 830 animo,
630 776 753 834 post
782 766 981 822 multas
1010 767 1185 822 bonas
1208 766 1469 830 actiones,
1503 765 1643 820 beati
1670 763 1916 819 Silvestri
1946 773 2001 818 et
2028 762 2245 817 Martini
2282 761 2591 824 ecclesiam,
2619 777 2783 830 quam
2811 763 3043 819 domnus
3065 763 3288 834 Sergius
3306 765 3514 835 praade-
3540 784 3545 791 ’

252 863 257 869 ”
385 876 571 915 cessor
599 840 714 929 ejus
742 861 957 914 noviter
983 860 1053 914 ab
1078 858 1202 914 imis
1247 858 1632 922 aediﬁcaverat,
1661 857 1845 912 multis
1875 857 2093 927 quidem
2123 856 2473 927 pulchrisque
2513 856 2793 911 decoravit
2820 871 2885 911 ac
2907 858 3152 925 depinxit
3191 859 3465 915 colmibus
3496 878 3511 914 :

384 952 538 1021 cujus
562 954 725 1007 ctiam
750 953 1090 1024 pulchritudo
1113 968 1362 1023 magnam
1393 968 1563 1022 usque
1590 952 1746 1007 hodie
1768 952 2022 1007 humanis
2036 953 2213 1008 oculis
2226 953 2641 1008 admirationem
2656 958 2899 1023 praestat.
2923 952 3054 1007 Nam
3074 962 3129 1008 et
3152 954 3395 1023 ejusdem
3422 970 3514 1010 vc—
3542 1020 3551 1035 .

383 1051 622 1104 neralile
635 1065 961 1118 sacrumque
982 1049 1153 1103 altare
1169 1066 1232 1104 ex
1256 1057 1478 1120 argento
1500 1049 1774 1103 investivit
1794 1062 1860 1103 ac
1880 1049 2157 1103 decoravit
2171 1049 2476 1119 purissimo,
2493 1064 2716 1118 pensan.
2732 1046 2899 1103 ﬁbras
2920 1060 3135 1104 centum
3150 1058 3204 1105 et
3219 1052 3511 1106 sexdecim.

455 1145 622 1220 548
655 1145 1017 1214 Quamobrem
1046 1156 1170 1216 post
1192 1146 1418 1217 pulchra
1446 1161 1512 1200 ac
1550 1144 1836 1200 laudabilia
1862 1146 2196 1200 diversarum
2232 1145 2585 1200 ecclesiarum
2608 1146 2703 1200 Dei
2737 1146 2994 1215 σιηιεριιιει
3026 1160 3146 1216 quae
3167 1147 3361 1215 praesul
3392 1162 3513 1201 ma-
3556 1140 3562 1157 ⁷

381 1245 612 1312 gniiicus
635 1252 745 1297 tota
772 1244 939 1298 animi
970 1245 1252 1300 devotione
1276 1244 1505 1316 peregit,
1530 1259 1597 1299 ne
1625 1243 1966 1298 Christianus
1993 1242 2220 1315 populus
2260 1244 2489 1313 amplius
2507 1244 2572 1297 -in
2607 1242 3063 1298 Centumcellrnsi
3103 1248 3282 1297 castro
3308 1243 3378 1297 ab
3412 1246 3513 1297 ho-
3550 1290 3561 1295 -

386 1341 563 1394 suibus
592 1338 886 1411 deperiret,
912 1337 1072 1392 sicuti
1101 1354 1242 1408 saepe
1279 1338 1396 1392 ﬁeri
1419 1338 1651 1402 solebat,
1680 1321 1877 1392 effecit.
1902 1335 2035 1391 Nam
2066 1354 2164 1408 per
2187 1338 2542 1409 quadraginta
2570 1341 2743 1393 annos
2778 1340 2892 1409 ipSa
2920 1339 3111 1393 civitas
3136 1336 3307 1390 muris
3330 1336 3514 1391 diruta

376 1444 441 1487 rt
473 1434 780 1489 habitatore
800 1434 1022 1504 proprio
1044 1433 1302 1488 destituta
1341 1435 1618 1499 manebat,
1650 1450 1905 1503 moreque
1935 1434 2250 1500 bestiarum,
2281 1435 2486 1490 relictis
2524 1435 2742 1489 sedibus
2778 1436 3012 1505 propriis
3038 1434 3108 1489 ob
3137 1433 3387 1488 timorem
3411 1434 3516 1487 Sa-
3561 1425 3573 1482 ἱ

309 1532 346 1585 5
386 1546 739 1595 mcenorum,
761 1539 822 1585 nt
844 1544 1016 1599 usque
1038 1529 1151 1597 jam
1189 1530 1390 1586 factum
1418 1529 1619 1596 fuerat,
1648 1546 1747 1601 per
1769 1547 1939 1603 opaca
1963 1531 2220 1587 silvarum
2250 1542 2569 1601 montesque
2598 1532 2902 1602 incognitas
2922 1547 3016 1586 sua
3045 1527 3314 1585 domiciiia
3339 1533 3524 1598 popula

384 1626 485 1684 lus.
521 1625 613 1695 qui
647 1623 867 1681 relictus
898 1625 968 1678 ab
1001 1624 1087 1680 eis
1113 1622 1314 1689 fuerat,
1344 1624 1637 1681 aberrabat
1666 1644 1679 1679 :
1706 1626 1760 1681 in
1789 1627 1986 1696 quibus
2011 1628 2176 1681 etiam
2202 1644 2312 1698 pne
2338 1628 2530 1683 timore
2557 1628 2900 1683 inimicorum
2933 1624 3125 1682 diebus
3165 1636 3231 1679 ac
3268 1624 3522 1678 noctibus

382 1734 483 1773 nec
511 1734 766 1789 soporem
793 1723 986 1787 oculis,
1031 1737 1130 1777 nec
1152 1723 1315 1777 ullam
1343 1724 1499 1794 juxta
1552 1725 1844 1780 humanam
1884 1727 2328 1783 consuetudinem
2356 1728 2591 1796 quietem
2618 1726 2702 1783 vel
2730 1727 2997 1781 modicam
3042 1723 3244 1780 habere
3281 1729 3516 1795 poterat.

379 1813 628 1882 (lituique
656 1822 765 1868 tam
789 1815 911 1885 pius
932 1826 988 1872 et
1012 1816 1300 1873 laudabilis
1326 1818 1523 1888 prtesul
1547 1818 1615 1874 de
1644 1819 1856 1876 illorum
1884 1823 2220 1891 gravantine,
2261 1832 2426 1893 atque
2462 1823 2791 1878 intolerabili
2815 1821 3039 1876 nimium
3067 1820 3342 1893 angustia,
3372 1818 3517 1874 ultra

382 1907 597 1961 mulum
633 1918 693 1963 et
728 1910 1012 1980 piusqutnn
1040 1912 1193 1967 credi
1241 1921 1442 1983 potest,
1469 1915 1711 1983 quotidie
1738 1916 2081 1979 cumloleret,
2106 1916 2291 1972 nudtis
2329 1935 2451 1972 cum
2490 1919 2745 1989 lacrymis
2797 1916 3131 1988 inﬁnitisque
3181 1914 3531 1973 orationibus

276 2001 343 2055 50
382 2001 668 2056 Dendnnm
692 2017 874 2058 rerum
897 2006 1142 2060 omnium
1166 2008 1502 2063 conditorem
1527 2009 1926 2079 deprecabatur
1942 2013 2184 2075 assidue,
2213 2021 2269 2065 nt
2297 2012 2346 2066 ei
2374 2015 2518 2066 dono
2540 2015 2731 2083 gratiae
2757 2028 2868 2068 sua:
2894 2013 3209 2084 dignaretur
3228 2011 3519 2068 ostendere

379 2111 487 2163 quo
508 2097 561 2150 in
591 2096 711 2152 loco
736 2113 841 2168 pro
855 2100 1037 2156 salute
1071 2111 1130 2156 et
1164 2100 1488 2157 liberatione
1516 2107 1713 2160 crebro
1741 2106 1869 2160 dicti
1902 2106 2198 2163 Christiani
2228 2108 2409 2177 populi
2443 2109 2931 2164 Centumrellensis
2967 2109 3160 2165 civitas
3192 2109 3388 2163 tnutari
3416 2124 3516 2178 po-

380 2194 605 2247 tuisset.
629 2193 713 2248 Ad
734 2210 900 2264 quam
929 2198 1045 2267 ipse
1070 2196 1348 2266 profectus
1383 2199 1524 2264 loca,
1555 2216 1676 2269 quae
1699 2201 1750 2255 ei
1781 2200 2040 2257 atliuitate
2072 2216 2229 2258 erant
2266 2202 2579 2287 conjuncta,
2616 2205 2859 2277 diligenti
2903 2222 3032 2260 cura
3074 2222 3140 2261 ac
3185 2205 3366 2260 stmlio
3394 2219 3538 2273 perm

383 2295 706 2364 vidit'atqne
734 2298 1038 2367 conspexit.
1070 2298 1177 2352 Sed
1209 2300 1300 2354 ubi
1333 2298 1487 2354 locus
1508 2300 1791 2355 videbatur
1817 2302 2044 2357 idoneus
2078 2303 2148 2357 ad
2189 2284 2381 2359 urbem
2406 2304 2803 2369 a-diticandam,
2834 2319 2990 2373 aqua:
3021 2304 3309 2374 gestabant
3341 2315 3537 2371 penn-.

380 2391 539 2451 riam,
569 2407 691 2461 qua:
719 2391 1031 2447 hominibus
1059 2410 1275 2464 semper
1297 2397 1434 2449 satis
1461 2405 1543 2449 est
1571 2397 1898 2451 necessaria.

457 2486 620 2561 549
652 2488 959 2560 Peragratis
981 2492 1145 2561 igitur
1175 2492 1534 2557 omnilms,nt
1564 2493 1943 2562 praediximus,
1964 2492 2119 2559 locis,
2149 2495 2396 2565 pervenit
2437 2495 2654 2549 tandem
2683 2493 2866 2548 divina
2895 2491 3527 2547 favente-misericordia-

387 2585 455 2637 ad
488 2585 661 2637 locum
685 2585 950 2653 optimum
968 2584 1233 2656 valdeque
1257 2586 1544 2653 munitum,
1572 2601 1739 2657 super
1770 2602 1879 2658 quo
1904 2603 2037 2642 suus
2068 2589 2304 2644 maxime
2330 2596 2415 2643 est
2446 2588 2667 2643 animus
2683 2586 2961 2652 dilatatus,
2990 2587 3119 2657 quia
3148 2594 3206 2641 et
3243 2600 3525 2655 aquam

380 2678 591 2747 cupiam
626 2679 693 2733 ad
738 2678 995 2749 populum
1042 2678 1486 2744 confortandam,
1535 2688 1591 2736 et
1631 2691 1860 2736 caeteras
1887 2681 2155 2738 utilitates
2201 2684 2488 2747 humanas,
2526 2683 2934 2753 aquimoiasque
2977 2682 3244 2738 audentes
3280 2681 3518 2752 pleniter

386 2774 857 2829 sulnninistrabat.
889 2773 1098 2830 Tamen
1122 2791 1231 2845 quo
1257 2776 1418 2831 modo
1449 2776 1532 2832 vel
1562 2777 1753 2832 ordine
1775 2779 1878 2833 hoc
1903 2778 1951 2833 ei
1981 2780 2160 2834 divina
2187 2780 2488 2835 ostenderit
2525 2780 2834 2845 clementia,
2867 2780 3087 2850 dignum
3108 2786 3196 2832 est
3218 2786 3280 2831 ut
3307 2777 3375 2832 ad
3403 2792 3518 2832 me-

311 2868 344 2923 5
388 2871 614 2924 inuriam
645 2877 701 2925 et
732 2868 943 2924 laudem
976 2872 1266 2926 venerandi
1300 2872 1571 2941 pontiﬁcis
1596 2875 1773 2928 omnis
1798 2875 2029 2945 populus
2057 2875 2246 2931 credat
2284 2877 2554 2931 veraciter
2579 2886 2636 2931 et
2656 2884 2970 2946 eognoscat,
2999 2874 3145 2944 quod
3164 2872 3351 2928 divine
3381 2887 3519 2928 con-

381 2964 503 3017 siliu
524 2973 577 3018 et
598 2962 845 3018 consultu
875 2977 1016 3033 opus
1037 2964 1125 3018 diu
1168 2966 1497 3036 exquisitum
1527 2967 1778 3023 effectum
1813 2979 1917 3025 est.
1949 2969 2117 3025 Nocte
2145 2971 2379 3040 denique
2425 2970 2657 3041 quadam
2685 2972 2811 3025 dum
2856 2970 3054 3026 lectulo
3092 2950 3323 3040 proprio
3356 2967 3513 3037 juxta

382 3074 586 3112 morem
603 3059 899 3128 praeclarus
918 3060 1126 3130 jaceret
1148 3062 1395 3127 antistes,
1422 3071 1478 3118 et
1504 3064 1572 3119 de
1597 3065 1823 3131 divinis,
1838 3074 1898 3120 ut
1925 3067 2085 3134 solet,
2105 3067 2382 3137 opusculis
2408 3067 2694 3138 cogitaret,
2717 3067 2785 3121 ad
2812 3064 3187 3136 prmvisumet
3209 3063 3519 3118 ordinatum

370 3152 484 3220 jam
514 3153 714 3219 locum,
741 3154 831 3223 qui
863 3154 1181 3210 duodecimo
1214 3172 1244 3210 a
1271 3155 1721 3214 Centmncellensi
1751 3160 1884 3216 urbe
1910 3161 2162 3217 milliario
2182 3162 2371 3226 distat,
2412 3163 2463 3216 in
2499 3162 2707 3217 somnis
2748 3161 3047 3232 perductus
3064 3168 3174 3222 est,
3198 3166 3260 3213 et
3298 3156 3517 3228 singula

385 3249 497 3302 loca
526 3248 740 3304 cuidam
765 3248 926 3304 Petro
952 3250 1210 3322 magistro
1237 3251 1467 3306 militum
1492 3256 1645 3324 quasi
1676 3270 1775 3326 per
1820 3258 2158 3326 corporalem
2192 3259 2538 3328 praesentiam
2569 3258 2622 3312 in
2655 3259 2769 3328 ipsa
2798 3256 3131 3312 eerelatione
3153 3253 3527 3326 perat-dinem

276 3346 341 3398 to
382 3344 795 3410 demonstravit,
825 3345 915 3400 ubi
945 3346 1204 3402 ecclesias
1226 3356 1282 3401 et
1310 3347 1399 3402 ubi
1431 3357 1616 3417 portas
1656 3366 1722 3405 ex
1766 3351 2062 3420 pontiﬁcali
2106 3351 2376 3421 adiutorio
2404 3351 2635 3406 fundare
2678 3361 2735 3407 et
2777 3360 3097 3408 construere
3124 3351 3417 3407 debuisset.
3449 3350 3521 3405 Et

378 3442 506 3509 quia
537 3457 649 3512 pra:
672 3442 774 3499 loci
800 3443 1048 3514 angustia
1084 3460 1191 3498 non
1227 3444 1427 3500 ibidem
1458 3446 1561 3500 nisi
1590 3446 1711 3501 duae
1737 3460 1908 3517 porta:
1930 3448 2306 3502 construendae
2334 3458 2517 3513 erant»;
2543 3449 2595 3503 in
2625 3449 2736 3518 ipsa
2764 3463 2962 3502 arcana
2984 3446 3314 3503 res-elatione
3337 3445 3522 3516 digitis

380 3539 618 3608 [tinpriis
646 3540 948 3595 adnotavit.
982 3538 1138 3593 Mane
1167 3549 1347 3594 autem
1375 3538 1538 3607 facto,
1565 3557 1665 3612 pro
1690 3542 1901 3596 somnio
1921 3543 2063 3612 quod
2091 3542 2303 3596 viderat
2327 3558 2518 3612 inagna
2543 3542 2707 3610 erepit
2731 3541 2931 3596 habere
2949 3543 3275 3607 certamina,
3304 3550 3360 3597 et
3376 3555 3519 3611 pne-

382 3635 716 3691 nominatum
745 3634 968 3689 Petrum
996 3634 1064 3689 ad
1094 3650 1245 3689 suam
1274 3634 1419 3690 illico
1455 3634 1619 3704 jussit
1659 3636 1847 3692 venire
1887 3637 2256 3706 prmsenliant,
2302 3636 2388 3690 cui
2429 3636 2690 3706 quidquid
2720 3635 2772 3689 in
2812 3634 3016 3690 somnis
3059 3635 3268 3690 viderat
3308 3634 3517 3697 retulit.

382 3736 687 3804 multosque
714 3734 765 3790 ei
796 3734 850 3789 in
886 3742 1115 3805 argento
1154 3748 1442 3789 mancosos
1467 3735 1719 3804 pra:bnit,
1746 3743 1805 3788 ut
1831 3736 2098 3790 conducto
2121 3734 2315 3806 populo
2343 3732 2827 3789 Centumcellensis
2850 3731 3022 3795 urbis,
3063 3746 3186 3786 cum
3219 3730 3301 3787 eis
3324 3730 3516 3785 urbem

274 3829 343 3887 i5
382 3829 725 3884 festinantius
755 3830 1017 3898 perlicere
1045 3828 1341 3884 debuisset.
1363 3828 1443 3883 Ac
1478 3830 1588 3884 Deo
1614 3830 1832 3900 quidem
1878 3830 2099 3901 auspice
2147 3831 2218 3884 ita
2248 3846 2394 3884 nunc
2433 3828 2614 3882 omnia
2645 3826 2911 3881 :editicata
2937 3825 3231 3889 nitescunt,
3267 3824 3413 3880 sicut
3461 3823 3521 3878 iu

377 3939 572 3976 somno
592 3937 732 3993 papa
756 3921 1044 3976 laudabilis
1073 3938 1235 3976 inanu
1271 3923 1489 3994 propria
1522 3924 1829 3995 designavit
1855 3943 1868 3979 :
1895 3925 1979 3980 cui
2009 3942 2075 3979 ex
2103 3925 2320 3980 nomine
2345 3923 2575 3995 proprio
2596 3921 2871 3992 Leopolim
2902 3936 3100 3978 nomen
3123 3919 3414 3991 imposuit;
3444 3920 3516 3973 ad

383 4032 574 4084 quain,
599 4027 887 4087 postquam
916 4015 1173 4073 aediﬁcari
1210 4029 1473 4087 eruperat,
1503 4021 1571 4074 ad
1609 4020 1894 4074 videndam
1942 4030 1999 4073 et
2037 4019 2486 4075 considerandam
2534 4014 2795 4071 fabricam
2836 4033 2961 4072 cum
3005 4029 3226 4071 suorum
3275 4012 3517 4068 lidelium

385 4114 730 4170 innititudine
751 4121 1003 4167 amanter
1022 4113 1273 4167 accessit.
1298 4114 1443 4169 Visis
1469 4113 1702 4182 denique
1724 4115 1897 4184 portis
1923 4123 1978 4169 et
2019 4114 2287 4178 ecclesiis,
2317 4113 2371 4167 iu
2400 4112 2530 4182 ipsis
2560 4109 2866 4180 specialiter
2895 4109 3028 4167 locis
3069 4110 3210 4165 sicut
3227 4119 3511 4167 monstra-

381 4218 556 4274 verat,
589 4218 652 4264 et
668 4225 838 4264 suum
857 4211 1089 4266 Christo
1110 4220 1429 4281 protegente
1453 4212 1786 4269 desiderium
1830 4213 2209 4284 adimpletum,
2238 4212 2593 4285 omnipotenti
2626 4210 2855 4266 Domino
2884 4210 3101 4283 gratias.
3122 4208 3307 4264 rctuiit
3334 4207 3518 4264 infini-

266 4306 344 4360 20
384 4315 484 4369 tas,
515 4306 605 4376 qui
628 4306 683 4361 ei
709 4306 872 4360 talem
895 4307 1186 4362 ostendere
1210 4308 1387 4363 locum
1416 4308 1670 4377 dignatus
1692 4317 1801 4376 est,
1830 4309 1886 4364 in
1920 4326 2028 4380 quo
2065 4320 2120 4366 et
2150 4309 2380 4382 populus
2411 4307 2599 4364 salvus
2637 4305 2917 4368 existeret,
2950 4314 3007 4361 et
3027 4306 3094 4361 ad
3128 4305 3519 4361 abundantiam

386 4399 514 4452 inihi
547 4398 882 4452 ministraret
902 4397 1068 4452 etiam
1097 4397 1305 4466 lapides
1333 4407 1391 4453 et
1416 4414 1664 4465 arenam,
1686 4410 1955 4470 quatenus
1972 4402 2090 4459 siue
2114 4401 2301 4459 labore
2328 4399 2703 4474 operariorum
2733 4395 2949 4453 noviter
2976 4405 3286 4453 constructa
3311 4396 3544 4455 fabrica.

378 4498 727 4556 augmentum
757 4486 1036 4555 percipere
1060 4487 1344 4555 potuisset.

347 4589 355 4601 '
454 4578 617 4650 550
650 4577 973 4632 Gavisusex
998 4578 1084 4633 his
1102 4579 1353 4634 omnibus
1383 4580 1573 4637 urbem
1611 4580 1885 4651 Leopolitn
1934 4583 2254 4652 smpedictus
2295 4584 2531 4651 pontifex
2567 4581 2770 4635 litaniis
2808 4590 2863 4633 et
2911 4579 3245 4633 orationibus
3290 4579 3519 4648 pedibus

385 4670 617 4739 propriis
646 4666 918 4728 circuivit,
946 4667 1224 4734 tribusque
1248 4669 1595 4723 mulionibus
1617 4670 1669 4723 in
1712 4671 1930 4724 modutn
1961 4670 2240 4725 Trinitatis
2269 4670 2653 4740 perpetualiter
2678 4668 3048 4733 consecravit;
3094 4667 3403 4732 missarum,
3459 4681 3527 4721 ut

384 4760 573 4815 solitus
618 4768 763 4823 erat,
809 4756 1047 4815 oﬂicinm
1087 4755 1190 4811 rite
1227 4758 1562 4825 persolvens,
1613 4767 1669 4813 et
1716 4774 1913 4829 aquam
1966 4760 2305 4817 benedictmn
2339 4776 2439 4830 per
2468 4774 2650 4813 muros
2671 4758 2867 4828 jactari
2904 4757 3241 4828 praecipio“.
3292 4756 3366 4810 Et
3407 4771 3515 4812 non

383 4853 645 4908 modicam
670 4850 917 4906 manibus
947 4847 1179 4917 propriis
1200 4862 1311 4916 pra:
1355 4846 1560 4902 amoris
1610 4848 1980 4917 magnitudine
2016 4850 2267 4903 universo
2315 4851 2510 4921 popqu
2561 4864 2746 4920 regam
2786 4846 3095 4905 distribuit:
3128 4847 3516 4900 commendans

312 4943 347 4998 5
381 4939 735 5011 omnipotenti
762 4937 993 4995 Domino
1025 4937 1298 5008 populum,
1321 4947 1377 4991 et
1409 4938 1686 4993 civitatem
1713 4938 1977 4994 divinitus
2003 4939 2450 5007 demonstratam,
2490 4958 2559 4997 ne
2594 4955 2833 5011 unquam
2882 4936 2952 4992 ab
2979 4936 3226 4992 hostibus
3269 4937 3521 5006 capiatur

390 5034 471 5087 vel
501 5035 803 5087 invadatnr.
854 5028 951 5083 His
999 5030 1250 5083 omnibus
1290 5028 1635 5099 perpetratis,
1663 5028 1731 5083 ad
1778 5029 1959 5084 sedem
2019 5046 2167 5083 stutut
2199 5046 2322 5084 cum
2372 5031 2570 5101 ingenti
2614 5029 2794 5084 laetitia
2844 5038 2900 5084 et
2942 5027 3246 5091 alacritate,
3295 5026 3517 5081 Christo

383 5124 694 5189 auxiliante,
729 5135 974 5176 reversus
995 5130 1099 5185 est,
1132 5121 1325 5190 dieque
1379 5120 1734 5190 superaddite
1771 5120 1981 5175 decimo
2010 5122 2198 5189 quinto
2223 5124 2398 5177 omnis
2427 5136 2717 5177 murorum.
2743 5119 2979 5175 ambitus
3019 5116 3320 5187 completus
3349 5123 3512 5185 atque

382 5214 655 5286 perfectus
682 5221 785 5278 est,
815 5228 958 5265 anim
978 5212 1302 5280 pnesulatus
1330 5213 1410 5265 sui
1440 5221 1653 5276 octavo,
1689 5211 1979 5266 indictione
2007 5213 2265 5268 secunda.

460 5308 618 5380 551
661 5307 769 5361 Sed
793 5316 851 5360 et
872 5305 926 5359 in
953 5302 1198 5359 ecclesiis
1218 5318 1354 5371 quas
1381 5302 1579 5359 ibidem
1600 5301 1729 5358 fecit
1746 5302 1911 5359 multa
1941 5304 2082 5359 dona
2111 5305 2335 5362 obtulit:
2363 5305 2419 5360 ln
2440 5305 2671 5362 ecclesia
2696 5301 2946 5360 videlicet
2966 5300 3142 5357 sancti
3172 5298 3322 5356 Petri
3343 5296 3513 5369 gaba-
3610 5364 3626 5375 ο

383 5401 507 5456 thas
539 5416 608 5457 ex
636 5407 859 5469 argento
888 5393 1078 5449 fusiies
1102 5391 1360 5460 majores,
1381 5392 1726 5463 minoresque
1753 5403 1981 5462 septem,
2012 5410 2239 5466 pensan.
2272 5394 2475 5466 pariter
2497 5394 2662 5449 libras
2685 5391 2955 5450 sexdecim
2985 5400 3042 5445 et
3064 5388 3279 5445 unciam
3305 5402 3468 5441 uuam
3492 5401 3519 5453 ;

316 5546 320 5551 .
383 5492 718 5547 cmnharam.
746 5495 1064 5548 exauratam
1086 5500 1268 5551 unam,
1300 5486 1502 5541 baucas
1531 5493 1818 5542 exauratas
1847 5496 1998 5554 tres;
2052 5488 2356 5543 ﬁbulatoria
2384 5487 2609 5558 majora,
2639 5494 2695 5541 et
2738 5483 2948 5541 minora
2979 5483 3256 5553 quinque;
3293 5492 3517 5535 crucem

382 5598 447 5636 ex
478 5590 701 5653 argento
742 5579 1055 5635 deauratam
1079 5591 1265 5641 unam,
1294 5590 1416 5630 cum
1437 5589 1648 5646 gemma
1676 5589 1801 5628 una.
1832 5572 1962 5630 item
1991 5576 2151 5630 aliam
2190 5590 2406 5630 crucem
2434 5575 2500 5628 de
2527 5589 2660 5629 auro
2690 5589 2873 5638 unam,
2899 5573 3189 5628 habentem
3234 5569 3286 5624 in
3337 5567 3517 5623 taedio

312 5670 348 5726 5
387 5668 777 5733 utnnocossim;
822 5676 877 5722 et
918 5667 1078 5722 aliam
1106 5683 1327 5723 crucem
1376 5684 1443 5723 ex
1489 5677 1732 5738 argento,
1782 5668 2127 5735 numeratim,
2180 5670 2467 5722 habentem
2491 5683 2732 5739 gennnas
2754 5665 3146 5736 quadraginta;
3181 5659 3515 5718 tburibulum

383 5775 605 5817 aureum
628 5768 941 5817 exauratum
976 5775 1164 5828 unum,
1196 5760 1441 5815 dextram
1470 5759 1736 5815 saxiscam
1779 5774 1963 5822 unam,
1998 5775 2224 5814 coronas
2273 5775 2468 5813 aureas
2517 5758 2823 5825 duodecim,
2870 5757 3162 5829 gabatham
3212 5771 3399 5822 uuam,
3458 5765 3517 5813 et
