4004 6324
195 372 333 430 l3“
455 470 458 474 1
885 381 1202 448 HISTORIA
1241 384 1328 438 DE
1367 385 1545 440 VITIS
1582 383 1745 441 “OM.
1789 383 1990 439 PONT.
2027 415 2096 424 --
2133 349 2559 470 BENEOICTUS
2591 384 2678 440 Ill.
2982 459 2984 465 ί
3298 363 3437 441 1540

263 524 3431 554 mm

1255 590 1452 704 cvi.
1517 587 2160 702 BENEDICTUS
2207 583 2364 701 ιιι.

1004 773 1140 814 ΑκΝο
1176 775 1386 814 cnmsn
1427 759 1554 824 855,
1593 775 1847 832 ιοτιιᾼιιιι
1889 775 2000 815 me.
2042 759 2131 824 16,
2163 773 2448 814 ιιιοιιλειιε
2481 771 2542 812 ιιι
2577 756 2664 824 14.

411 929 573 999 556
604 928 924 983 Benedictus
967 927 1180 997 tertius,
1225 927 1445 981 natione
1470 925 1765 985 Romanus.
1795 943 1859 981 ex
1891 936 2046 996 patre
2091 935 2270 990 Retro,
2323 926 2462 980 sedit
2503 907 2679 979 annos~
2722 922 2876 988 duos,
2920 939 3134 980 menses
3168 941 3284 987 sex,
3325 909 3444 983 dies

337 1019 546 1072 decem.
598 1017 790 1071 Beatus
839 1019 922 1070 vir
959 1018 1062 1070 iste
1101 1016 1470 1072 dilectissimis
1516 1017 1812 1072 visceribus
1857 1017 2066 1081 editus,
2110 1015 2323 1071 sidereo
2369 1015 2576 1084 pollens
2621 1027 2763 1076 rore,
2814 1029 3168 1083 crescensque
3213 1015 3444 1077 celerius

336 1107 654 1171 divinorum.
691 1106 867 1162 studio
893 1107 1103 1175 apicum
1136 1107 1305 1175 patris
1333 1108 1401 1160 ad
1427 1107 1781 1161 erudiendum
1814 1106 2038 1161 arbitrio
2081 1107 2329 1160 traditur.
2364 1106 2484 1172 Qui.
2527 1103 2690 1159 veluti
2731 1101 2950 1171 spongia
2999 1103 3255 1158 citissime
3297 1103 3440 1174 lym-

338 1195 500 1264 pham
529 1195 692 1263 capit,
723 1211 999 1249 sacrorum
1054 1197 1126 1250 ita
1174 1196 1506 1250 voluminum
1551 1195 1740 1250 didicit
1779 1195 2058 1260 lectiones,
2105 1197 2517 1260 rudimentaque
2555 1192 2825 1262 cognovit,
2866 1192 3096 1259 accepit,
3140 1193 3442 1260 mentisque

269 1284 304 1342 5
340 1301 450 1340 suze
487 1285 796 1340 fundatione
824 1286 1023 1354 posuit,
1051 1295 1105 1340 et
1140 1285 1494 1340 invisibilibus
1533 1285 1806 1340 radicibus
1827 1287 2162 1356 propagavit.
2189 1284 2550 1340 Celeberrima
2577 1281 2793 1350 quidem
2822 1295 2942 1334 cum
2969 1281 3037 1335 de
3063 1295 3128 1335 eo
3154 1281 3294 1335 fama
3325 1297 3445 1352 per-

338 1373 663 1446 vulgaretur,
713 1375 764 1428 in
807 1375 1172 1429 Lateranense
1216 1375 1606 1444 patriarchium
1653 1377 1984 1445 perducitur,
2029 1376 2282 1447 cleroque
2325 1376 2556 1431 locatur.
2603 1375 2731 1429 Erat
2775 1383 2955 1426 autem
3003 1374 3217 1443 sapiens
3253 1376 3445 1440 verbo,

337 1467 580 1520 doctrina
630 1464 939 1533 praeclarus,
986 1464 1200 1518 sobrius
1235 1465 1666 1526 conversatione,
1713 1463 1924 1532 loquela
1954 1464 2234 1532 paciﬁcus,
2277 1465 2488 1518 cunctis
2536 1463 2892 1532 compatiens,
2934 1466 3289 1535 omnibusque
3319 1466 3448 1520 obe-

338 1555 512 1617 diens,
543 1553 775 1639 denique
803 1555 1239 1625 benignissimus.
1271 1559 1404 1612 Cum
1432 1573 1553 1612 eum
1588 1560 1894 1612 intueretur
1935 1574 2070 1628 papa
2109 1556 2407 1629 Gregorius
2431 1558 2696 1614 almiiicus
2717 1559 2948 1626 peritum
2993 1554 3255 1612 doctrinis
3281 1556 3447 1625 atque

338 1644 658 1712 proﬁcuum,
685 1653 887 1714 sancta:
919 1643 1065 1698 illum
1095 1645 1376 1700 constituit
1405 1645 1661 1700 Romanae
1681 1645 1937 1701 Ecclesia:
1965 1646 2385 1711 subdiaconum;
2421 1647 2472 1700 in
2504 1663 2610 1714 quo
2633 1650 2822 1705 ordine
2854 1651 3003 1720 plura
3031 1666 3196 1705 sacrae
3222 1665 3451 1704 conver-

233 1736 304 1790 iO
334 1733 560 1789 sationis
583 1733 879 1788 certamina
910 1734 1116 1799 habuit,
1148 1751 1270 1790 nam
1301 1751 1520 1790 carnem
1546 1735 1676 1789 vicit
1705 1751 1770 1788 ac
1800 1734 1988 1808 mundi
2033 1735 2352 1804 principem,
2383 1744 2437 1788 et
2471 1734 2651 1787 omnia
2691 1737 2807 1806 ejus
2838 1746 3151 1808 argumenta
3181 1736 3453 1805 nequissi-

343 1843 450 1881 ma.
482 1825 628 1881 Obiit
671 1826 866 1880 deinde
909 1827 1202 1898 Gregorius
1225 1830 1444 1898 praesul,
1473 1829 1924 1898 migravitque‘ad
1963 1829 2268 1884 Dominum.
2313 1829 2534 1900 Sergius
2573 1839 2750 1883 autem
2791 1825 3148 1896 gubernacula
3187 1825 3447 1880 Romana:

333 1918 570 1987 suscepit
594 1920 822 1973 antistes
864 1917 1140 1983 Ecclesize,
1185 1936 1357 1990 eoque
1385 1918 1640 1973 defuncto
1669 1917 2020 1996 apostolicam
2050 1915 2160 1973 Leo
2203 1934 2338 1988 papa
2383 1919 2564 1982 sedem
2609 1916 2866 1985 suscepit.
2914 1913 3142 1983 Oppido,
3175 1913 3266 1981 qui
3296 1912 3445 1966 illum

334 2023 433 2078 pro
479 2007 802 2062 felicissimis
835 2008 1046 2064 actibus
1093 2007 1319 2080 diligens
1368 2023 1602 2076 superno
1643 2015 2008 2076 compunctus.
2043 2016 2173 2060 nutu
2219 2003 2424 2060 caelesti
2464 2021 2585 2058 cum
2619 2005 2773 2058 titulo
2821 2004 3022 2072 ingenti
3070 2005 3447 2072 presbyterum

338 2096 677 2154 consecravit
719 2097 942 2151 honore.
975 2097 1140 2168 Cujus
1189 2098 1464 2153 beatitudo
1507 2099 1562 2152 in
1604 2106 1811 2152 tantum
1851 2096 2008 2168 longe
2048 2095 2261 2166 lateque
2299 2095 2510 2152 refulsit
2555 2104 2716 2166 atque
2761 2095 3078 2168 przeﬁoruit,
3109 2103 3168 2147 ut
3196 2094 3453 2150 omnibus

236 2187 304 2242 15
341 2189 682 2243 beatissimus
707 2188 865 2242 dictis
884 2193 939 2240 et
965 2203 1128 2258 opere
1157 2188 1447 2242 diceretur.
1485 2188 1772 2242 Evidenter
1808 2195 1986 2240 autem
2032 2187 2084 2239 in
2118 2202 2184 2241 eo
2225 2186 2401 2240 divina
2433 2199 2753 2254 permanere
2788 2184 3050 2252 sapientia
3081 2184 3449 2252 cognosceba-

313 2333 315 2336 ι
343 2289 450 2346 tur,
489 2280 614 2349 quia
645 2277 904 2349 largiﬁuis
933 2279 1190 2348 purisqne
1235 2277 1350 2348 ejus
1392 2290 1582 2330 omnes
1631 2276 1846 2328 fovebat
1890 2273 2191 2337 affectibus,
2221 2283 2275 2328 et
2303 2271 2419 2326 luce.
2449 2271 2650 2326 clarius
2678 2271 3028 2340 perornabat,
3057 2270 3353 2336 caducique
3381 2284 3448 2323 ac

342 2375 617 2428 transituri
652 2373 836 2427 mundi
863 2368 1193 2426 delectabilia
1223 2367 1529 2436 respuebat,
1559 2374 1614 2418 et
1652 2364 1912 2433 quidquid
1948 2365 2201 2416 utebatur
2229 2363 2410 2430 egenis
2439 2369 2600 2430 atque
2635 2359 2960 2430 pauperibus
2991 2359 3265 2428 erogabat.
3297 2358 3446 2427 Jeju-

343 2464 448 2522 niis
478 2479 611 2518 vero
632 2461 860 2523 validus,
895 2461 1142 2516 oratione
1166 2458 1414 2512 assiduus
1448 2450 1769 2526 pet-sistebat
1797 2453 2124 2523 pervigilque
2152 2453 2204 2506 in
2232 2452 2323 2507 Dei
2351 2450 2591 2521 quotidie
2613 2449 2862 2502 laudibus
2892 2447 3352 2502 commorabatur.

419 2554 577 2625 557
615 2553 724 2607 Leo
748 2550 962 2616 quidem
995 2547 1082 2602 ubi
1110 2548 1212 2601 hac
1237 2546 1354 2601 luce
1395 2545 1703 2598 subtractus
1744 2542 1938 2612 pnesul
1982 2540 2256 2622 occubuit,
2288 2555 2411 2593 mox
2456 2537 2632 2593 omnis
2657 2535 2834 2590 clerus
2869 2534 3026 2589 istius
3046 2535 3301 2588 Romana'
3324 2549 3452 2604 pro-

345 2656 499 2702 tectae
541 2646 686 2700 sedis
708 2684 724 2706 ,
757 2642 1100 2711 universique
1143 2633 1430 2712 proceres,
1463 2645 1797 2704 cunctosque
1827 2643 2049 2690 senatus
2082 2649 2145 2688 ac
2188 2632 2416 2703 populus
2444 2627 2756 2702 congregati
2799 2635 2925 2680 sunt
2963 2626 3171 2680 Domini
3215 2626 3450 2680 elemen-

348 2737 476 2791 tiam
502 2742 810 2796 exorantes,
833 2740 892 2785 ut
915 2731 1222 2786 beatiﬁcum
1253 2730 1358 2783 illis
1383 2727 1634 2782 omnibus
1660 2726 2036 2780 demonstrare
2066 2723 2380 2792 dignaretur
2409 2729 2682 2790 pastorem
2703 2756 2719 2783 ,
2751 2714 2842 2784 qui
2871 2713 3083 2767 culmen
3119 2712 3450 2784 apostolatus

348 2839 533 2896 regere
560 2824 814 2878 valuisset
846 2823 1154 2892 tranquille.
1193 2820 1460 2875 Divinitus
1500 2816 1664 2885 igitur
1689 2815 1925 2868 aethereo
1960 2820 2086 2866 tmte
2117 2811 2318 2866 lumine
2359 2808 2716 2871 inﬂammati,
2770 2819 2879 2858 uno
2924 2819 3188 2858 consensu
3231 2819 3448 2873 unoque

274 2918 312 2973 ἒ»
345 2893 468 2972 enin
518 2914 802 2972 conamine
855 2911 1202 2968 Benedictum
1249 2922 1349 2978 pro
1381 2905 1545 2961 tantis
1583 2904 1780 2974 quibus
1827 2902 2062 2973 pollebat
2105 2901 2277 2956 sacris
2319 2901 2574 2971 operibus
2619 2895 2929 2968 pontificem
2972 2893 3454 2963 promulgaverunt

351 3008 567 3076 eligere.
596 3004 744 3058 Illico
770 3018 901 3058 vero
926 3000 1092 3056 alacri
1140 2998 1390 3053 universa
1417 2993 1595 3048 studio
1617 2991 1766 3061 plebs
1791 2999 1846 3044 et
1893 2988 2074 3059 populi
2125 2997 2302 3044 castus
2337 2987 2543 3044 caelesti
2573 2986 2731 3042 titulo
2761 2997 3131 3060 properantes,
3165 2988 3274 3044 Deo
3303 2987 3451 3041 illum

347 3095 699 3166 omnipotenti
746 3102 806 3148 ut
857 3092 1048 3146 solitus
1089 3087 1264 3154 fuerat
1298 3085 1619 3138 invenerunt
1656 3081 1970 3134 fundentem
2005 3078 2327 3134 orationem.
2371 3078 2613 3150 Surgens
2669 3089 2848 3136 autem
2912 3089 2970 3133 et
3018 3078 3196 3148 populi
3247 3079 3457 3132 densis-

349 3188 485 3242 sima
531 3199 760 3240 cernens
802 3181 1016 3250 agmina
1063 3193 1176 3232 rem
1213 3173 1500 3244 cognovit,
1545 3180 1600 3226 et
1653 3177 1834 3224 mente
1877 3171 2146 3240 cancepit.
2193 3169 2403 3224 Interea
2449 3171 2632 3224 multis
2677 3185 2797 3225 cum
2843 3171 3095 3240 lacrytnis
3145 3183 3318 3238 genua
3366 3170 3461 3220 lle-

353 3288 508 3332 ctens
557 3275 716 3330 flebili
747 3287 875 3327 voce
902 3283 1090 3324 omnes
1116 3263 1525 3334 deprecabatur,
1566 3256 1748 3314 taliter
1774 3257 1965 3312 dicens
1989 3276 2002 3330 ς
2028 3257 2142 3313 Non
2177 3275 2262 3314 me
2291 3275 2320 3312 a
2355 3276 2470 3314 mea
2499 3259 2780 3314 deducatis
2826 3257 3052 3314 ecclesia
3101 3272 3234 3327 rogo
3263 3297 3278 3318 ,
3334 3255 3460 3324 quia

239 3375 313 3428 to
351 3369 484 3426 tanti
520 3365 771 3421 culminis
797 3379 903 3417 non
933 3358 1136 3415 sullicio
1174 3356 1442 3411 sustinere
1485 3367 1586 3406 nec
1629 3349 1870 3418 bajulare
1907 3363 2222 3418 gravamen.
3363 3359 3366 3403 ί

339 3496 343 3500 ‹
421 3456 677 3530 55811ιί
700 3469 828 3508 vero
856 3451 1160 3506 nullatenus
1185 3446 1587 3530 acquieverunt,
1625 3441 1718 3494 sed
1740 3439 2178 3530 virtutibnseum
2203 3434 2483 3530 ex-eodem
2518 3435 2670 3490 titulo
2695 3435 3072 3489 abstrahentes
3091 3450 3210 3488 cum
3245 3431 3468 3502 hymnis

351 3561 407 3604 et
428 3525 674 3605 'can‘ticis
719 3541 1076 3612 spiritalibus,
1117 3535 1292 3604 ampla
1324 3529 1684 3588 exsultatione
1729 3536 1784 3582 et
1842 3525 2095 3580 inetl'abili
2139 3525 2336 3596 gaudio
2386 3527 2438 3579 in
2488 3527 2875 3602 patriarchium
2923 3525 3285 3579 Lateraneuse
3336 3539 3458 3593 per-

354 3642 643 3700 dncentes,
690 3630 982 3705 pontiﬁcali
1030 3627 1196 3687 solio,
1249 3631 1308 3676 ut
1351 3635 1467 3674 mos
1505 3626 1588 3674 est
1633 3615 1968 3688 pontiﬁcum,
1998 3629 2242 3682 canaque
2286 3615 2617 3668 consuetudo
2667 3617 3020 3676 demoostrat,
3059 3621 3353 3682 posuerunt
3404 3624 3454 3665 α.

326 3729 591 3784 Laetatur
622 3700 901 3796 propterea
944 3717 1102 3779 Urbs,
1142 3712 1374 3769 exsultat
1420 3708 1683 3770 Ecclesia,
1735 3707 2074 3776 congaudent
2118 3719 2297 3766 senes,
2329 3715 2662 3778 ovantesque
2709 3705 2920 3758 divinas
2971 3703 3314 3756 modulantur
3349 3700 3447 3754 vir-

283 3820 318 3874 5
358 3819 507 3889 gines
553 3790 758 3868 laudes.
791 3812 1026 3866 ditantur
1056 3819 1337 3878 pauperes,
1377 3799 1773 3871 locupletantur
1815 3799 2024 3866 inopes,
2070 3796 2422 3851 consolantur
2449 3796 2672 3867 captivi,
2702 3804 3036 3864 consurgunt
3084 3792 3286 3862 debiles
3313 3832 3328 3856 ,
3377 3790 3461 3844 in-

359 3884 496 3964 ﬁrmi
541 3915 801 3962 sanantur
825 3902 1096 3968 celerique
1122 3897 1255 3967 pede
1283 3901 1635 3952 concurrunt,
1685 3888 1809 3958 quia
1849 3897 2071 3942 extensa
2108 3887 2163 3942 in
2200 3889 2280 3942 eis
2309 3888 2528 3942 tristitia
2574 3885 2774 3950 fuerat,
2802 3884 3302 3955 contemplabantur
3327 3897 3459 3937 con-

358 3999 504 4060 fusa,
548 4005 604 4052 et
647 3991 1004 4063 tranquillitas
1031 3990 1280 4058 florigera
1316 3985 1602 4040 videbatur
1647 3987 1850 4034 erecta.
1907 3977 2000 4032 llis
2030 3978 2210 4046 itaque
2243 3978 2509 4045 peractis,
2538 3975 2716 4030 clerus
2743 3983 2798 4027 et
2844 3972 3024 4026 cuncti
3074 3986 3330 4040 proceres
3363 3969 3465 4023 de—

357 4058 564 4145 cretum
615 4058 1000 4155 componentes
1037 4078 1271 4150 propriis
1320 4072 1568 4129 manibus
1614 4072 2043 4130 roboraverunt,
2072 4074 2127 4120 et
2163 4065 2496 4120 consuetudo
2543 4065 2723 4134 prisca
2767 4072 2826 4118 ut
2871 4065 3046 4132 poscit
3091 4058 3465 4155 invictissimis

357 4142 704 4235 Lotliarioac
731 4142 1002 4230 Ludovico
1041 4142 1459 4226 destinaverunt
1489 4159 1765 4231 Augustis.
1793 4158 1971 4227 Ipsum
2016 4164 2196 4210 autem
2232 4155 2322 4225 qui
2370 4155 2710 4210 deducebant
2738 4153 2899 4225 legati
2931 4143 3208 4208 decretum
3244 4142 3463 4206 fuerunt

253 4271 324 4326 10
360 4269 412 4324 1ιί
441 4287 455 4322 :
482 4267 736 4322 Nicolaus
758 4261 1009 4317 videlicet
1033 4257 1330 4325 Anagniuze
1359 4252 1587 4308 antistes
1617 4248 1901 4311 Ecclesiae,
1941 4256 1997 4300 et
2024 4245 2323 4300 Mercurius
2359 4246 2616 4315 magister
2643 4245 2894 4302 militum.
2925 4244 3156 4299 Arsenio
3184 4241 3467 4313 Eugubino

355 4361 608 4429 episcopo
631 4355 912 4410 obviantes
940 4347 1239 4403 adinvirem
1271 4338 1603 4429 confabulari
1625 4344 1914 4429 coeperunt
1943 4349 1959 4389 :
1985 4335 2074 4406 qui
2105 4335 2316 4429 callidis
2338 4351 2433 4429 eos
2461 4336 2802 4429 sermonibus
2848 4334 3044 4429 liniens
3086 4334 3249 4429 corda
3277 4345 3466 4385 eorum

343 4416 571 4500 'u'iollire
611 4442 776 4512 cmpit
797 4480 814 4504 ,
848 4437 1098 4504 beatique
1126 4430 1434 4486 ﬁdelitatem
1470 4423 1584 4492 iam
1618 4423 1712 4479 fati
1762 4416 2170 4478 declinaverunt
2213 4422 2369 4478 electi
2391 4463 2407 4488 ,
2435 4435 2560 4478 cum
2608 4424 2805 4492 quibus
2837 4423 3000 4478 etiam
3029 4421 3312 4479 consilium
3353 4429 3473 4474 stu-

363 4537 480 4591 duit
526 4509 880 4594 conﬁrmare,
924 4534 986 4583 ut
1024 4522 1320 4594 depositum
1363 4515 1989 4582 anathematizatumqne
2023 4513 2390 4574 Anastasium,
2436 4512 2578 4580 quod
2617 4513 2794 4566 divina
2845 4513 3151 4566 nullatenus
3193 4509 3472 4583 permitte-

363 4627 453 4680 bat
499 4622 781 4680 clementia
809 4662 824 4687 ,
868 4591 1224 4690 pontiﬁcatus.
1266 4607 1430 4663 infula
1495 4612 1868 4675 perornarent.
1927 4602 2130 4656 Euntes
2184 4601 2363 4668 itaque
2425 4599 2696 4679 Ludovico
2751 4599 3027 4651 decretum
3082 4591 3471 4690 benignissimo

260 4717 328 4770 '5
361 4677 1038 4780 ésaiﬁrdamcs;dhpnci
1065 4719 1226 4775 quam
1267 4699 1537 4753 mentibus
1562 4699 1820 4767 gerebant
1846 4696 2142 4751 intentione
2177 4693 2402 4746 Romam
2433 4677 2636 4744 reversi
2664 4695 2822 4745 sunt,
2860 4686 3258 4770 adventumque
3282 4677 3474 4732 misso-

368 4824 486 4860 rum
538 4806 847 4861 nuntiantes
887 4776 1223 4869 imperalium
1255 4797 1512 4867 epistolas
1559 4798 1733 4851 eidem
1775 4794 1971 4864 insigni
1997 4792 2308 4849 obtulerunt
2331 4789 2526 4850 electo,
2564 4785 2759 4855 quibus
2804 4780 3028 4852 Augusti
3059 4776 3474 4869 contine—bantur

369 4909 646 4964 responsa.
699 4891 800 4958 Qui
853 4862 999 4944 omni
1042 4888 1191 4942 clero
1249 4862 1315 4942 ac
1358 4885 1587 4956 reipubl.
1634 4883 1865 4938 coetibus
1889 4862 2043 4937 vdiris
2094 4877 2611 4937 machinationibus,
2669 4871 2993 4964 consilium,
3037 4868 3181 4964 quod
3250 4862 3477 4964 Eugubii

284 5036 328 5056 ._
370 4996 428 5040 ut
460 4953 817 5054 .przntnliinns
859 4996 980 5036 cum
1027 4979 1256 5034 Arsenio
1304 4953 1636 5038 statuerunt,
1685 4970 1982 5043 adimplere
2039 4970 2316 5040 cupientes
2353 4965 2646 5021 dicebant:
2679 4960 2880 5016 Omnes
2936 4959 2988 5012 in
3014 4955 3254 5056 “obviam
3303 4953 3476 5056 impc-

373 5041 590 5128 rialilbus
623 5073 782 5128 simul
825 5071 1104 5126 nobiscum
1153 5069 1307 5126 exire
1356 5067 1571 5124 studete
1629 5064 1819 5136 legatis
1836 5041 1860 5128 ﬁ,
1915 5072 2184 5142 quatenus
2231 5057 2457 5131 Augusti
2501 5051 2859 5140 jussionibns:
2891 5047 3206 5137 obedientes
3246 5041 3479 5128 existere

255 5164 330 5220 20
368 5165 613 5219 valeatis.
2574 5211 2580 5216 .

440 5256 602 5326 559
645 5255 776 5308 Post
825 5253 1028 5322 aliquot
1080 5265 1292 5320 quoque
1323 5223 1460 5304 dies
1504 5247 1605 5318 ipsi
1655 5261 1792 5316 quos
1835 5242 2334 5313 prmnuntiaverunt
2385 5236 2535 5292 missi
2588 5233 2850 5326 “ortam,
2888 5244 3022 5326 ‘qna:
3067 5219 3482 5326 quadragesimo

375 5309 624 5402 ιιιίῇέἔο
675 5361 704 5398 a
752 5309 1138 5404 Roma-distat,
1170 5309 1615 5410 properavertint.
1667 5309 1742 5389 lix
1770 5309 1966 5403 quibus
2005 5333 2056 5385 in
2103 5346 2225 5384 eam
2269 5327 2620 5388 Adelbertus,
2664 5317 3079 5385 Bernardusque
3111 5309 3481 5410 ingressimo-

373 5440 535 5492 mites
563 5437 775 5491 cuidam
815 5435 942 5491 olim
991 5425 1281 5496 damnato,
1327 5422 1570 5487 Arse'nio’
1594 5426 1818 5499 cogente
1855 5426 2152 5495 episeopo;
2204 5429 2262 5477 se
2285 5421 2685 5490 ’cOnjunxerunt
2715 5413 3044 5499 presbytero
3080 5405 3303 5460 nomine
3339 5403 3492 5457 Ana-

375 5529 577 5594 stasio,
619 5527 711 5596 qui
766 5527 818 5582 in
869 5535 1054 5582 sancta
1102 5524 1307 5596 synodo
1345 5522 1516 5577 beata:
1544 5497 1853 5588 presidente
1897 5515 2077 5570 Leone
2117 5510 2390 5566 memoria:
2430 5505 2661 5577 praesule
2701 5504 2801 5557 rite
2847 5497 3140 5556 secundum
3195 5506 3476 5548 sacrorum
3530 5567 3536 5578 λ

1333 5628 1600 5672 NOTULE
1639 5623 2038 5680 M‘ARGINALES
2085 5616 2420 5662 FABROTTI.

311 5737 333 5763 ι
371 5721 508 5776 Ηιιιι·
538 5723 677 5776 clare
698 5721 854 5790 liquet
884 5718 1043 5773 Leoni
1077 5715 1156 5770 IV
1188 5732 1289 5769 non
1321 5713 1577 5769 Joannem
1606 5707 1751 5763 VIII
1776 5707 2046 5798 feminam,
2075 5703 2164 5756 sed
2196 5700 2530 5754 Benedictum
2559 5707 2884 5750 successisse.
