  <div class='ocr_page' id='page_1' title='image "/cluster/home/n/w/nwhite01/storage/ocr_20150623/128/hvd.32044015471691/679.png"; bbox 0 0 4004 6324; ppageno 0'>
   <div class='ocr_carea' id='block_1_1' title="bbox 587 529 3685 645">
    <p class='ocr_par' dir='ltr' id='par_1_1' title="bbox 587 529 3685 645">
     <span class='ocr_line' id='line_1_1' title="bbox 587 529 3685 645; baseline -0.007 0"><span class='ocrx_word' id='word_1_1' title='bbox 587 579 723 634; x_wconf 62' lang='grc'><strong>1³47</strong></span> <span class='ocrx_word' id='word_1_2' title='bbox 1716 529 2073 635; x_wconf 77' lang='lat' dir='ltr'><strong>ANASTASll</strong></span> <span class='ocrx_word' id='word_1_3' title='bbox 2114 578 2657 633; x_wconf 77' lang='lat' dir='ltr'><strong>BIBLIOTIIECARII</strong></span> <span class='ocrx_word' id='word_1_4' title='bbox 3597 589 3685 645; x_wconf 60' lang='lat' dir='ltr'><strong>mg</strong></span> 
     </span>
    </p>
   </div>
   <div class='ocr_carea' id='block_1_2' title="bbox 655 686 3690 762">
    <p class='ocr_par' dir='ltr' id='par_1_2' title="bbox 655 686 3690 762">
     <span class='ocr_line' id='line_1_2' title="bbox 655 686 3690 762; baseline 0.002 -16"><span class='ocrx_word' id='word_1_5' title='bbox 655 693 690 746; x_wconf 87' lang='lat'><strong>5</strong></span> <span class='ocrx_word' id='word_1_6' title='bbox 727 691 1185 761; x_wconf 86' lang='lat' dir='ltr'><strong>promulgatiooes</strong></span> <span class='ocrx_word' id='word_1_7' title='bbox 1232 705 1498 746; x_wconf 86' lang='lat' dir='ltr'><strong>canonum</strong></span> <span class='ocrx_word' id='word_1_8' title='bbox 1553 686 2071 750; x_wconf 79' lang='lat' dir='ltr'><strong>excotunumicatus.</strong></span> <span class='ocrx_word' id='word_1_9' title='bbox 2134 693 2408 762; x_wconf 89' lang='lat' dir='ltr'><strong>depositus</strong></span> <span class='ocrx_word' id='word_1_10' title='bbox 2450 700 2506 746; x_wconf 90' lang='lat' dir='ltr'><strong>et</strong></span> <span class='ocrx_word' id='word_1_11' title='bbox 2551 691 2898 745; x_wconf 87' lang='lat' dir='ltr'><strong>anathemate</strong></span> <span class='ocrx_word' id='word_1_12' title='bbox 2942 691 3149 745; x_wconf 88' lang='lat' dir='ltr'><strong>vinctus</strong></span> <span class='ocrx_word' id='word_1_13' title='bbox 3193 689 3488 747; x_wconf 79' lang='lat' dir='ltr'><strong>fuerattnon</strong></span> <span class='ocrx_word' id='word_1_14' title='bbox 3513 696 3690 753; x_wconf 80' lang='lat' dir='ltr'><strong>habentes</strong></span> 
     </span>
    </p>
   </div>
   <div class='ocr_carea' id='block_1_3' title="bbox 719 777 3692 852">
    <p class='ocr_par' dir='ltr' id='par_1_3' title="bbox 719 777 3692 852">
     <span class='ocr_line' id='line_1_3' title="bbox 719 777 3692 852; baseline 0.001 -16"><span class='ocrx_word' id='word_1_15' title='bbox 719 777 897 836; x_wconf 85' lang='lat' dir='ltr'><strong>Deum</strong></span> <span class='ocrx_word' id='word_1_16' title='bbox 944 799 1054 852; x_wconf 72' lang='lat' dir='ltr'><strong>pra:</strong></span> <span class='ocrx_word' id='word_1_17' title='bbox 1103 783 1305 848; x_wconf 85' lang='lat' dir='ltr'><strong>oeulis,</strong></span> <span class='ocrx_word' id='word_1_18' title='bbox 1368 782 1642 850; x_wconf 85' lang='lat' dir='ltr'><strong>ipsiusque</strong></span> <span class='ocrx_word' id='word_1_19' title='bbox 1688 790 1952 851; x_wconf 74' lang='lat' dir='ltr'><strong>prtecepta</strong></span> <span class='ocrx_word' id='word_1_20' title='bbox 2013 781 2345 837; x_wconf 81' lang='lat' dir='ltr'><strong>confundere</strong></span> <span class='ocrx_word' id='word_1_21' title='bbox 2395 790 2453 835; x_wconf 91' lang='lat' dir='ltr'><strong>nt</strong></span> <span class='ocrx_word' id='word_1_22' title='bbox 2508 782 2721 851; x_wconf 84' lang='lat' dir='ltr'><strong>tyranni</strong></span> <span class='ocrx_word' id='word_1_23' title='bbox 2765 782 3074 849; x_wconf 76' lang='lat' dir='ltr'><strong>cupientes.</strong></span> <span class='ocrx_word' id='word_1_24' title='bbox 3115 781 3369 836; x_wconf 86' lang='lat' dir='ltr'><strong>evidenter</strong></span> <span class='ocrx_word' id='word_1_25' title='bbox 3409 786 3692 844; x_wconf 72' lang='lat' dir='ltr'><strong>meditabantur</strong></span> 
     </span>
    </p>
   </div>
   <div class='ocr_carea' id='block_1_4' title="bbox 728 871 3694 941">
    <p class='ocr_par' dir='ltr' id='par_1_4' title="bbox 728 871 3694 941">
     <span class='ocr_line' id='line_1_4' title="bbox 728 871 3694 941; baseline 0.003 -17"><span class='ocrx_word' id='word_1_26' title='bbox 728 874 960 941; x_wconf 88' lang='lat' dir='ltr'><strong>qualiter</strong></span> <span class='ocrx_word' id='word_1_27' title='bbox 1008 875 1256 928; x_wconf 90' lang='lat' dir='ltr'><strong>eumdem</strong></span> <span class='ocrx_word' id='word_1_28' title='bbox 1302 871 1534 940; x_wconf 83' lang='lat' dir='ltr'><strong>ejectum</strong></span> <span class='ocrx_word' id='word_1_29' title='bbox 1579 873 2208 940; x_wconf 75' lang='lat' dir='ltr'><strong>auatbematizatumque</strong></span> <span class='ocrx_word' id='word_1_30' title='bbox 2253 871 2598 924; x_wconf 84' lang='lat' dir='ltr'><strong>Anastasinm</strong></span> <span class='ocrx_word' id='word_1_31' title='bbox 2647 871 2943 940; x_wconf 87' lang='lat' dir='ltr'><strong>apostolico</strong></span> <span class='ocrx_word' id='word_1_32' title='bbox 2984 871 3210 925; x_wconf 84' lang='lat' dir='ltr'><strong>culmine</strong></span> <span class='ocrx_word' id='word_1_33' title='bbox 3253 873 3540 928; x_wconf 76' lang='lat' dir='ltr'><strong>sublevareut</strong></span> <span class='ocrx_word' id='word_1_34' title='bbox 3573 893 3694 933; x_wconf 77' lang='lat' dir='ltr'><strong>contra</strong></span> 
     </span>
    </p>
   </div>
   <div class='ocr_carea' id='block_1_5' title="bbox 559 951 3697 1038">
    <p class='ocr_par' dir='ltr' id='par_1_5' title="bbox 559 951 3697 1038">
     <span class='ocr_line' id='line_1_5' title="bbox 559 951 3697 1038; baseline 0.002 -22"><span class='ocrx_word' id='word_1_35' title='bbox 651 973 654 976; x_wconf 86' lang='lat'>&#39;</span> <span class='ocrx_word' id='word_1_36' title='bbox 732 965 1075 1018; x_wconf 81' lang='lat' dir='ltr'><strong>traditionem</strong></span> <span class='ocrx_word' id='word_1_37' title='bbox 1134 964 1484 1032; x_wconf 89' lang='lat' dir='ltr'><strong>omniumque</strong></span> <span class='ocrx_word' id='word_1_38' title='bbox 1531 963 1840 1016; x_wconf 76' lang='lat' dir='ltr'><strong>sanctiones</strong></span> <span class='ocrx_word' id='word_1_39' title='bbox 1891 962 2236 1030; x_wconf 83' lang='lat' dir='ltr'><strong>pontificum,</strong></span> <span class='ocrx_word' id='word_1_40' title='bbox 2289 962 2639 1028; x_wconf 90' lang='lat' dir='ltr'><strong>virorumque</strong></span> <span class='ocrx_word' id='word_1_41' title='bbox 2696 961 2982 1013; x_wconf 89' lang='lat' dir='ltr'><strong>almornm.</strong></span> <span class='ocrx_word' id='word_1_42' title='bbox 3039 961 3180 1015; x_wconf 83' lang='lat' dir='ltr'><strong>Missi</strong></span> <span class='ocrx_word' id='word_1_43' title='bbox 3229 979 3453 1034; x_wconf 88' lang='lat' dir='ltr'><strong>quoque,</strong></span> <span class='ocrx_word' id='word_1_44' title='bbox 3493 984 3594 1035; x_wconf 89' lang='lat' dir='ltr'><strong>quos</strong></span> <span class='ocrx_word' id='word_1_45' title='bbox 3630 972 3697 1038; x_wconf 72' lang='lat' dir='ltr'><strong>iam</strong></span> 
     </span>
    </p>
   </div>
   <div class='ocr_carea' id='block_1_6' title="bbox 731 1050 3701 1124">
    <p class='ocr_par' dir='ltr' id='par_1_6' title="bbox 731 1050 3701 1124">
     <span class='ocr_line' id='line_1_6' title="bbox 731 1050 3701 1124; baseline 0.002 -18"><span class='ocrx_word' id='word_1_46' title='bbox 731 1068 891 1121; x_wconf 82' lang='lat' dir='ltr'><strong>supra</strong></span> <span class='ocrx_word' id='word_1_47' title='bbox 939 1055 1298 1117; x_wconf 84' lang='lat' dir='ltr'><strong>meminimus,</strong></span> <span class='ocrx_word' id='word_1_48' title='bbox 1327 1055 1418 1123; x_wconf 93' lang='lat' dir='ltr'><strong>qui</strong></span> <span class='ocrx_word' id='word_1_49' title='bbox 1470 1053 1780 1120; x_wconf 84' lang='lat' dir='ltr'><strong>imperatori</strong></span> <span class='ocrx_word' id='word_1_50' title='bbox 1824 1061 2066 1105; x_wconf 88' lang='lat' dir='ltr'><strong>nostrmu</strong></span> <span class='ocrx_word' id='word_1_51' title='bbox 2114 1053 2390 1105; x_wconf 89' lang='lat' dir='ltr'><strong>decretum</strong></span> <span class='ocrx_word' id='word_1_52' title='bbox 2438 1050 2814 1122; x_wconf 88' lang='lat' dir='ltr'><strong>benignissimi</strong></span> <span class='ocrx_word' id='word_1_53' title='bbox 2861 1051 2927 1102; x_wconf 90' lang='lat' dir='ltr'><strong>de</strong></span> <span class='ocrx_word' id='word_1_54' title='bbox 2977 1051 3237 1106; x_wconf 84' lang='lat' dir='ltr'><strong>electione</strong></span> <span class='ocrx_word' id='word_1_55' title='bbox 3277 1053 3510 1108; x_wconf 83' lang='lat' dir='ltr'><strong>Benedicti</strong></span> <span class='ocrx_word' id='word_1_56' title='bbox 3533 1074 3701 1124; x_wconf 72' lang='lat' dir='ltr'><strong>porrexe-</strong></span> 
     </span>
    </p>
   </div>
   <div class='ocr_carea' id='block_1_7' title="bbox 629 1143 3703 1223">
    <p class='ocr_par' dir='ltr' id='par_1_7' title="bbox 629 1143 3703 1223">
     <span class='ocr_line' id='line_1_7' title="bbox 629 1143 3703 1223; baseline 0 -22"><span class='ocrx_word' id='word_1_57' title='bbox 629 1149 697 1201; x_wconf 68' lang='lat'><strong>10</strong></span> <span class='ocrx_word' id='word_1_58' title='bbox 732 1156 889 1212; x_wconf 88' lang='lat' dir='ltr'><strong>rant,</strong></span> <span class='ocrx_word' id='word_1_59' title='bbox 923 1149 973 1200; x_wconf 93' lang='lat' dir='ltr'><strong>id</strong></span> <span class='ocrx_word' id='word_1_60' title='bbox 1016 1148 1364 1202; x_wconf 83' lang='lat' dir='ltr'><strong>cstNicolaus</strong></span> <span class='ocrx_word' id='word_1_61' title='bbox 1386 1149 1703 1216; x_wconf 80' lang='lat' dir='ltr'><strong>episcOpus,</strong></span> <span class='ocrx_word' id='word_1_62' title='bbox 1736 1157 1792 1200; x_wconf 83' lang='lat' dir='ltr'><strong>et</strong></span> <span class='ocrx_word' id='word_1_63' title='bbox 1821 1145 2118 1200; x_wconf 82' lang='lat' dir='ltr'><strong>Mercurius</strong></span> <span class='ocrx_word' id='word_1_64' title='bbox 2167 1145 2426 1214; x_wconf 80' lang='lat' dir='ltr'><strong>magister</strong></span> <span class='ocrx_word' id='word_1_65' title='bbox 2475 1144 2702 1197; x_wconf 89' lang='lat' dir='ltr'><strong>militum</strong></span> <span class='ocrx_word' id='word_1_66' title='bbox 2723 1185 2738 1204; x_wconf 85' lang='lat'><strong>.</strong></span> <span class='ocrx_word' id='word_1_67' title='bbox 2774 1143 3043 1196; x_wconf 91' lang='lat' dir='ltr'><strong>mentibus</strong></span> <span class='ocrx_word' id='word_1_68' title='bbox 3073 1143 3343 1223; x_wconf 46' lang='lat' dir='ltr'><strong>cognitum.</strong></span> <span class='ocrx_word' id='word_1_69' title='bbox 3374 1156 3622 1214; x_wconf 83' lang='lat' dir='ltr'><strong>conceptum</strong></span> <span class='ocrx_word' id='word_1_70' title='bbox 3646 1149 3703 1202; x_wconf 79' lang='lat' dir='ltr'><strong>ln-</strong></span> 
     </span>
    </p>
   </div>
   <div class='ocr_carea' id='block_1_8' title="bbox 732 1235 3705 1308">
    <p class='ocr_par' dir='ltr' id='par_1_8' title="bbox 732 1235 3705 1308">
     <span class='ocr_line' id='line_1_8' title="bbox 732 1235 3705 1308; baseline 0 -18"><span class='ocrx_word' id='word_1_71' title='bbox 732 1239 919 1291; x_wconf 88' lang='lat' dir='ltr'><strong>bentes</strong></span> <span class='ocrx_word' id='word_1_72' title='bbox 963 1239 1246 1293; x_wconf 89' lang='lat' dir='ltr'><strong>consilium</strong></span> <span class='ocrx_word' id='word_1_73' title='bbox 1278 1255 1397 1294; x_wconf 90' lang='lat' dir='ltr'><strong>cum</strong></span> <span class='ocrx_word' id='word_1_74' title='bbox 1431 1239 1552 1292; x_wconf 89' lang='lat' dir='ltr'><strong>aliis</strong></span> <span class='ocrx_word' id='word_1_75' title='bbox 1581 1239 1904 1306; x_wconf 88' lang='lat' dir='ltr'><strong>quibusdam</strong></span> <span class='ocrx_word' id='word_1_76' title='bbox 1953 1237 2178 1290; x_wconf 71' lang='lat' dir='ltr'><strong>“(unam</strong></span> <span class='ocrx_word' id='word_1_77' title='bbox 2209 1237 2411 1308; x_wconf 85' lang='lat' dir='ltr'><strong>egressi</strong></span> <span class='ocrx_word' id='word_1_78' title='bbox 2461 1236 2756 1300; x_wconf 88' lang='lat' dir='ltr'><strong>nobilium,</strong></span> <span class='ocrx_word' id='word_1_79' title='bbox 2805 1237 2856 1291; x_wconf 93' lang='lat' dir='ltr'><strong>id</strong></span> <span class='ocrx_word' id='word_1_80' title='bbox 2901 1245 2985 1290; x_wconf 90' lang='lat' dir='ltr'><strong>est</strong></span> <span class='ocrx_word' id='word_1_81' title='bbox 3039 1235 3294 1304; x_wconf 76' lang='lat' dir='ltr'><strong>Gregorio</strong></span> <span class='ocrx_word' id='word_1_82' title='bbox 3335 1235 3705 1308; x_wconf 79' lang='lat' dir='ltr'><strong>Cbristophoroqne</strong></span> 
     </span>
    </p>
   </div>
   <div class='ocr_carea' id='block_1_9' title="bbox 734 1327 3708 1399">
    <p class='ocr_par' dir='ltr' id='par_1_9' title="bbox 734 1327 3708 1399">
     <span class='ocr_line' id='line_1_9' title="bbox 734 1327 3708 1399; baseline 0.003 -19"><span class='ocrx_word' id='word_1_83' title='bbox 734 1330 1007 1397; x_wconf 74' lang='lat' dir='ltr'><strong>magistris</strong></span> <span class='ocrx_word' id='word_1_84' title='bbox 1055 1333 1326 1394; x_wconf 90' lang='lat' dir='ltr'><strong>militum,</strong></span> <span class='ocrx_word' id='word_1_85' title='bbox 1377 1331 1592 1384; x_wconf 87' lang='lat' dir='ltr'><strong>obviam</strong></span> <span class='ocrx_word' id='word_1_86' title='bbox 1638 1330 1790 1399; x_wconf 91' lang='lat' dir='ltr'><strong>quasi</strong></span> <span class='ocrx_word' id='word_1_87' title='bbox 1837 1329 2182 1397; x_wconf 83' lang='lat' dir='ltr'><strong>imperatoris</strong></span> <span class='ocrx_word' id='word_1_88' title='bbox 2213 1327 2403 1398; x_wconf 82' lang='lat' dir='ltr'><strong>legatis</strong></span> <span class='ocrx_word' id='word_1_89' title='bbox 2450 1327 2677 1395; x_wconf 87' lang='lat' dir='ltr'><strong>profecti</strong></span> <span class='ocrx_word' id='word_1_90' title='bbox 2724 1337 2883 1391; x_wconf 88' lang='lat' dir='ltr'><strong>sunt,</strong></span> <span class='ocrx_word' id='word_1_91' title='bbox 2915 1327 3241 1398; x_wconf 86' lang='lat' dir='ltr'><strong>Hortamqne</strong></span> <span class='ocrx_word' id='word_1_92' title='bbox 3292 1333 3626 1399; x_wconf 84' lang='lat' dir='ltr'><strong>properantibus</strong></span> <span class='ocrx_word' id='word_1_93' title='bbox 3654 1352 3708 1389; x_wconf 80' lang='lat' dir='ltr'><strong>ur-</strong></span> 
     </span>
    </p>
   </div>
   <div class='ocr_carea' id='block_1_10' title="bbox 735 1417 3709 1494">
    <p class='ocr_par' dir='ltr' id='par_1_10' title="bbox 735 1417 3709 1494">
     <span class='ocr_line' id='line_1_10' title="bbox 735 1417 3709 1494; baseline 0.004 -27"><span class='ocrx_word' id='word_1_94' title='bbox 735 1417 879 1477; x_wconf 89' lang='lat' dir='ltr'><strong>bem.</strong></span> <span class='ocrx_word' id='word_1_95' title='bbox 932 1417 1204 1472; x_wconf 85' lang='lat' dir='ltr'><strong>lidelitatis</strong></span> <span class='ocrx_word' id='word_1_96' title='bbox 1250 1431 1651 1476; x_wconf 79' lang='lat' dir='ltr'><strong>sacramentum</strong></span> <span class='ocrx_word' id='word_1_97' title='bbox 1701 1422 1844 1491; x_wconf 87' lang='lat' dir='ltr'><strong>quod</strong></span> <span class='ocrx_word' id='word_1_98' title='bbox 1896 1420 2138 1474; x_wconf 80' lang='lat' dir='ltr'><strong>fecerant</strong></span> <span class='ocrx_word' id='word_1_99' title='bbox 2185 1419 2418 1474; x_wconf 80' lang='lat' dir='ltr'><strong>almil‘ico</strong></span> <span class='ocrx_word' id='word_1_100' title='bbox 2466 1419 2758 1472; x_wconf 86' lang='lat' dir='ltr'><strong>Benedicto</strong></span> <span class='ocrx_word' id='word_1_101' title='bbox 2813 1421 3260 1490; x_wconf 85' lang='lat' dir='ltr'><strong>parvipendentes</strong></span> <span class='ocrx_word' id='word_1_102' title='bbox 3312 1422 3709 1494; x_wconf 71' lang='lat' dir='ltr'><strong>obliviscentesqur.</strong></span> 
     </span>
    </p>
   </div>
   <div class='ocr_carea' id='block_1_11' title="bbox 732 1507 3712 1582">
    <p class='ocr_par' dir='ltr' id='par_1_11' title="bbox 732 1507 3712 1582">
     <span class='ocr_line' id='line_1_11' title="bbox 732 1507 3712 1582; baseline 0.003 -23"><span class='ocrx_word' id='word_1_103' title='bbox 732 1507 908 1561; x_wconf 90' lang='lat' dir='ltr'><strong>electo</strong></span> <span class='ocrx_word' id='word_1_104' title='bbox 956 1510 1212 1564; x_wconf 90' lang='lat' dir='ltr'><strong>danmato</strong></span> <span class='ocrx_word' id='word_1_105' title='bbox 1247 1528 1304 1565; x_wconf 85' lang='lat' dir='ltr'><strong>se</strong></span> <span class='ocrx_word' id='word_1_106' title='bbox 1339 1514 1763 1582; x_wconf 78' lang='lat' dir='ltr'><strong>coujnnxeruut,</strong></span> <span class='ocrx_word' id='word_1_107' title='bbox 1807 1511 2159 1580; x_wconf 76' lang='lat' dir='ltr'><strong>depositoque</strong></span> <span class='ocrx_word' id='word_1_108' title='bbox 2190 1512 2507 1578; x_wconf 80' lang='lat' dir='ltr'><strong>presbytero</strong></span> <span class='ocrx_word' id='word_1_109' title='bbox 2549 1511 2650 1563; x_wconf 88' lang='lat' dir='ltr'><strong>hac</strong></span> <span class='ocrx_word' id='word_1_110' title='bbox 2689 1510 2788 1563; x_wconf 90' lang='lat' dir='ltr'><strong>sub</strong></span> <span class='ocrx_word' id='word_1_111' title='bbox 2835 1511 3123 1564; x_wconf 85' lang='lat' dir='ltr'><strong>occasione</strong></span> <span class='ocrx_word' id='word_1_112' title='bbox 3175 1513 3318 1567; x_wconf 91' lang='lat' dir='ltr'><strong>multi</strong></span> <span class='ocrx_word' id='word_1_113' title='bbox 3365 1516 3642 1569; x_wconf 66' lang='lat' dir='ltr'><strong>conculcatus</strong></span> <span class='ocrx_word' id='word_1_114' title='bbox 3672 1521 3712 1568; x_wconf 64' lang='lat' dir='ltr'><strong>at»</strong></span> 
     </span>
    </p>
   </div>
   <div class='ocr_carea' id='block_1_12' title="bbox 633 1595 3715 1672">
    <p class='ocr_par' dir='ltr' id='par_1_12' title="bbox 633 1595 3715 1672">
     <span class='ocr_line' id='line_1_12' title="bbox 633 1595 3715 1672; baseline 0.002 -25"><span class='ocrx_word' id='word_1_115' title='bbox 633 1595 700 1648; x_wconf 78' lang='lat' dir='ltr'><strong>l‘5</strong></span> <span class='ocrx_word' id='word_1_116' title='bbox 735 1597 866 1650; x_wconf 88' lang='lat' dir='ltr'><strong>urbe</strong></span> <span class='ocrx_word' id='word_1_117' title='bbox 908 1598 1157 1653; x_wconf 86' lang='lat' dir='ltr'><strong>similiter</strong></span> <span class='ocrx_word' id='word_1_118' title='bbox 1207 1613 1551 1672; x_wconf 78' lang='lat' dir='ltr'><strong>peregerunt.</strong></span> <span class='ocrx_word' id='word_1_119' title='bbox 1583 1603 1885 1672; x_wconf 82' lang='lat' dir='ltr'><strong>cogitantes</strong></span> <span class='ocrx_word' id='word_1_120' title='bbox 1915 1601 2242 1663; x_wconf 88' lang='lat' dir='ltr'><strong>concilium,</strong></span> <span class='ocrx_word' id='word_1_121' title='bbox 2290 1597 2444 1664; x_wconf 74' lang='lat' dir='ltr'><strong>juxta</strong></span> <span class='ocrx_word' id='word_1_122' title='bbox 2493 1599 2622 1650; x_wconf 92' lang='lat' dir='ltr'><strong>illud</strong></span> <span class='ocrx_word' id='word_1_123' title='bbox 2653 1599 2928 1667; x_wconf 61' lang='lat' dir='ltr'><strong>propheta:</strong></span> <span class='ocrx_word' id='word_1_124' title='bbox 2976 1598 3209 1661; x_wconf 65' lang='lat' dir='ltr'><strong>elogium</strong></span> <span class='ocrx_word' id='word_1_125' title='bbox 3232 1613 3288 1662; x_wconf 79' lang='grc' dir='ltr'>ι,</span> <span class='ocrx_word' id='word_1_126' title='bbox 3316 1601 3443 1669; x_wconf 89' lang='lat' dir='ltr'><strong>quod</strong></span> <span class='ocrx_word' id='word_1_127' title='bbox 3480 1617 3561 1654; x_wconf 89' lang='lat' dir='ltr'><strong>non</strong></span> <span class='ocrx_word' id='word_1_128' title='bbox 3597 1612 3715 1667; x_wconf 67' lang='lat' dir='ltr'><strong>potte-</strong></span> 
     </span>
    </p>
   </div>
   <div class='ocr_carea' id='block_1_13' title="bbox 737 1686 3717 1759">
    <p class='ocr_par' dir='ltr' id='par_1_13' title="bbox 737 1686 3717 1759">
     <span class='ocr_line' id='line_1_13' title="bbox 737 1686 3717 1759; baseline 0.001 -23"><span class='ocrx_word' id='word_1_129' title='bbox 737 1695 864 1739; x_wconf 89' lang='lat' dir='ltr'><strong>runt</strong></span> <span class='ocrx_word' id='word_1_130' title='bbox 911 1689 1175 1743; x_wconf 82' lang='lat' dir='ltr'><strong>stabilire.</strong></span> <span class='ocrx_word' id='word_1_131' title='bbox 1229 1691 1371 1747; x_wconf 90' lang='lat' dir='ltr'><strong>Urbe</strong></span> <span class='ocrx_word' id='word_1_132' title='bbox 1407 1693 1601 1746; x_wconf 88' lang='lat' dir='ltr'><strong>deinde</strong></span> <span class='ocrx_word' id='word_1_133' title='bbox 1632 1701 1894 1745; x_wconf 77' lang='lat' dir='ltr'><strong>exeuntes</strong></span> <span class='ocrx_word' id='word_1_134' title='bbox 1949 1691 2015 1743; x_wconf 91' lang='lat' dir='ltr'><strong>ab</strong></span> <span class='ocrx_word' id='word_1_135' title='bbox 2066 1688 2230 1742; x_wconf 88' lang='lat' dir='ltr'><strong>llorta</strong></span> <span class='ocrx_word' id='word_1_136' title='bbox 2267 1686 2420 1754; x_wconf 78' lang='lat' dir='ltr'><strong>juxta</strong></span> <span class='ocrx_word' id='word_1_137' title='bbox 2456 1688 2734 1742; x_wconf 77' lang='lat' dir='ltr'><strong>basilicam</strong></span> <span class='ocrx_word' id='word_1_138' title='bbox 2763 1688 2903 1740; x_wconf 78' lang='lat' dir='ltr'><strong>beati</strong></span> <span class='ocrx_word' id='word_1_139' title='bbox 2938 1686 3120 1741; x_wconf 72' lang='lat' dir='ltr'><strong>Leni-ii</strong></span> <span class='ocrx_word' id='word_1_140' title='bbox 3167 1688 3406 1759; x_wconf 85' lang='lat' dir='ltr'><strong>martyris</strong></span> <span class='ocrx_word' id='word_1_141' title='bbox 3446 1700 3717 1757; x_wconf 80' lang='lat' dir='ltr'><strong>pervenerunt.</strong></span> 
     </span>
    </p>
   </div>
   <div class='ocr_carea' id='block_1_14' title="bbox 734 1773 3720 1848">
    <p class='ocr_par' dir='ltr' id='par_1_14' title="bbox 734 1773 3720 1848">
     <span class='ocr_line' id='line_1_14' title="bbox 734 1773 3720 1848; baseline 0.002 -22"><span class='ocrx_word' id='word_1_142' title='bbox 734 1773 1057 1831; x_wconf 82' lang='lat' dir='ltr'><strong>insultantes</strong></span> <span class='ocrx_word' id='word_1_143' title='bbox 1103 1789 1157 1833; x_wconf 89' lang='lat' dir='ltr'><strong>et</strong></span> <span class='ocrx_word' id='word_1_144' title='bbox 1197 1781 1492 1848; x_wconf 83' lang='lat' dir='ltr'><strong>gloriantes</strong></span> <span class='ocrx_word' id='word_1_145' title='bbox 1540 1785 1590 1835; x_wconf 93' lang='lat' dir='ltr'><strong>in</strong></span> <span class='ocrx_word' id='word_1_146' title='bbox 1638 1800 1734 1836; x_wconf 87' lang='lat' dir='ltr'><strong>sua</strong></span> <span class='ocrx_word' id='word_1_147' title='bbox 1784 1785 2002 1843; x_wconf 90' lang='lat' dir='ltr'><strong>virtute,</strong></span> <span class='ocrx_word' id='word_1_148' title='bbox 2042 1797 2163 1834; x_wconf 88' lang='lat' dir='ltr'><strong>cum</strong></span> <span class='ocrx_word' id='word_1_149' title='bbox 2214 1781 2412 1848; x_wconf 82' lang='lat' dir='ltr'><strong>quibus</strong></span> <span class='ocrx_word' id='word_1_150' title='bbox 2465 1780 2771 1832; x_wconf 79' lang='lat' dir='ltr'><strong>lladualdus</strong></span> <span class='ocrx_word' id='word_1_151' title='bbox 2808 1778 3124 1832; x_wconf 84' lang='lat' dir='ltr'><strong>Portueusis</strong></span> <span class='ocrx_word' id='word_1_152' title='bbox 3171 1779 3720 1847; x_wconf 76' lang='lat' dir='ltr'><strong>episcopus,&#39;l&#39;udertiiu--</strong></span> 
     </span>
    </p>
   </div>
   <div class='ocr_carea' id='block_1_15' title="bbox 736 1867 3722 1938">
    <p class='ocr_par' dir='ltr' id='par_1_15' title="bbox 736 1867 3722 1938">
     <span class='ocr_line' id='line_1_15' title="bbox 736 1867 3722 1938; baseline 0.002 -22"><span class='ocrx_word' id='word_1_153' title='bbox 736 1879 842 1932; x_wconf 88' lang='lat' dir='ltr'><strong>que</strong></span> <span class='ocrx_word' id='word_1_154' title='bbox 874 1867 1024 1919; x_wconf 85' lang='lat' dir='ltr'><strong>urbis</strong></span> <span class='ocrx_word' id='word_1_155' title='bbox 1072 1869 1281 1938; x_wconf 85' lang='lat' dir='ltr'><strong>Agatho</strong></span> <span class='ocrx_word' id='word_1_156' title='bbox 1327 1874 1554 1925; x_wconf 80' lang='lat' dir='ltr'><strong>antistes</strong></span> <span class='ocrx_word' id='word_1_157' title='bbox 1606 1872 1850 1931; x_wconf 82' lang='lat' dir='ltr'><strong>aderant,</strong></span> <span class='ocrx_word' id='word_1_158' title='bbox 1901 1869 1991 1936; x_wconf 88' lang='lat' dir='ltr'><strong>qui</strong></span> <span class='ocrx_word' id='word_1_159' title='bbox 2029 1868 2166 1920; x_wconf 82' lang='lat' dir='ltr'><strong>clam</strong></span> <span class='ocrx_word' id='word_1_160' title='bbox 2228 1868 2392 1919; x_wconf 81' lang='lat' dir='ltr'><strong>llotna</strong></span> <span class='ocrx_word' id='word_1_161' title='bbox 2441 1867 2804 1921; x_wconf 84' lang='lat' dir='ltr'><strong>discesserant</strong></span> <span class='ocrx_word' id='word_1_162' title='bbox 2856 1869 3008 1920; x_wconf 85' lang='lat' dir='ltr'><strong>urbe.</strong></span> <span class='ocrx_word' id='word_1_163' title='bbox 3069 1868 3133 1921; x_wconf 82' lang='lat' dir='ltr'><strong>Et</strong></span> <span class='ocrx_word' id='word_1_164' title='bbox 3186 1869 3351 1922; x_wconf 88' lang='lat' dir='ltr'><strong>eidem</strong></span> <span class='ocrx_word' id='word_1_165' title='bbox 3389 1869 3722 1922; x_wconf 82' lang='lat' dir='ltr'><strong>anathematizato</strong></span> 
     </span>
    </p>
   </div>
   <div class='ocr_carea' id='block_1_16' title="bbox 740 1959 2972 2031">
    <p class='ocr_par' dir='ltr' id='par_1_16' title="bbox 740 1959 2972 2031">
     <span class='ocr_line' id='line_1_16' title="bbox 740 1959 2972 2031; baseline -0.003 -15"><span class='ocrx_word' id='word_1_166' title='bbox 740 1971 887 2017; x_wconf 87' lang='lat' dir='ltr'><strong>terra</strong></span> <span class='ocrx_word' id='word_1_167' title='bbox 943 1965 1138 2017; x_wconf 90' lang='lat' dir='ltr'><strong>irretiti</strong></span> <span class='ocrx_word' id='word_1_168' title='bbox 1171 1962 1399 2031; x_wconf 90' lang='lat' dir='ltr'><strong>caligine</strong></span> <span class='ocrx_word' id='word_1_169' title='bbox 1426 1978 1482 2014; x_wconf 89' lang='lat' dir='ltr'><strong>se</strong></span> <span class='ocrx_word' id='word_1_170' title='bbox 1509 1961 1805 2030; x_wconf 72' lang='lat' dir='ltr'><strong>iunxerant</strong></span> <span class='ocrx_word' id='word_1_171' title='bbox 1830 2001 1842 2021; x_wconf 90' lang='lat'><strong>,</strong></span> <span class='ocrx_word' id='word_1_172' title='bbox 1885 1959 2156 2011; x_wconf 61' lang='lat' dir='ltr'><strong>obs-curati</strong></span> <span class='ocrx_word' id='word_1_173' title='bbox 2193 1973 2388 2018; x_wconf 86' lang='lat' dir='ltr'><strong>sensu,</strong></span> <span class='ocrx_word' id='word_1_174' title='bbox 2444 1968 2624 2009; x_wconf 85' lang='lat' dir='ltr'><strong>mente.</strong></span> <span class='ocrx_word' id='word_1_175' title='bbox 2673 1967 2729 2009; x_wconf 90' lang='lat' dir='ltr'><strong>et</strong></span> <span class='ocrx_word' id='word_1_176' title='bbox 2770 1959 2972 2010; x_wconf 89' lang='lat' dir='ltr'><strong>anima.</strong></span> 
     </span>
    </p>
   </div>
   <div class='ocr_carea' id='block_1_17' title="bbox 815 2046 3725 2124">
    <p class='ocr_par' dir='ltr' id='par_1_17' title="bbox 815 2046 3725 2124">
     <span class='ocr_line' id='line_1_17' title="bbox 815 2046 3725 2124; baseline -0.002 -17"><span class='ocrx_word' id='word_1_177' title='bbox 815 2052 978 2124; x_wconf 78' lang='lat'><strong>560</strong></span> <span class='ocrx_word' id='word_1_178' title='bbox 1017 2053 1127 2108; x_wconf 85' lang='lat' dir='ltr'><strong>Hoc</strong></span> <span class='ocrx_word' id='word_1_179' title='bbox 1153 2055 1264 2122; x_wconf 89' lang='lat' dir='ltr'><strong>ipse</strong></span> <span class='ocrx_word' id='word_1_180' title='bbox 1293 2052 1383 2106; x_wconf 90' lang='lat' dir='ltr'><strong>Dei</strong></span> <span class='ocrx_word' id='word_1_181' title='bbox 1417 2052 1647 2104; x_wconf 92' lang='lat' dir='ltr'><strong>famulus</strong></span> <span class='ocrx_word' id='word_1_182' title='bbox 1675 2050 1900 2102; x_wconf 82' lang='lat' dir='ltr'><strong>audiens</strong></span> <span class='ocrx_word' id='word_1_183' title='bbox 1928 2047 2246 2100; x_wconf 80' lang='lat' dir='ltr'><strong>Benedictus</strong></span> <span class='ocrx_word' id='word_1_184' title='bbox 2261 2048 2487 2110; x_wconf 77' lang='lat' dir='ltr'><strong>electus,</strong></span> <span class='ocrx_word' id='word_1_185' title='bbox 2510 2046 2573 2101; x_wconf 65' lang='grc' dir='ltr'><strong>εἰ.</strong></span> <span class='ocrx_word' id='word_1_186' title='bbox 2599 2047 2664 2102; x_wconf 84' lang='lat' dir='ltr'><strong>G.</strong></span> <span class='ocrx_word' id='word_1_187' title='bbox 2688 2047 3060 2120; x_wconf 83' lang='lat' dir='ltr'><strong>Majoucmque</strong></span> <span class='ocrx_word' id='word_1_188' title='bbox 3081 2051 3401 2105; x_wconf 82' lang='lat' dir='ltr'><strong>venerabiles</strong></span> <span class='ocrx_word' id='word_1_189' title='bbox 3425 2053 3725 2120; x_wconf 74' lang='lat' dir='ltr'><strong>prudentesque,</strong></span> 
     </span>
    </p>
   </div>
   <div class='ocr_carea' id='block_1_18' title="bbox 741 2142 3727 2216">
    <p class='ocr_par' dir='ltr' id='par_1_18' title="bbox 741 2142 3727 2216">
     <span class='ocr_line' id='line_1_18' title="bbox 741 2142 3727 2216; baseline 0 -17"><span class='ocrx_word' id='word_1_190' title='bbox 741 2152 797 2199; x_wconf 89' lang='lat' dir='ltr'><strong>et</strong></span> <span class='ocrx_word' id='word_1_191' title='bbox 824 2147 971 2200; x_wconf 89' lang='lat' dir='ltr'><strong>omni</strong></span> <span class='ocrx_word' id='word_1_192' title='bbox 1008 2148 1234 2202; x_wconf 87' lang='lat' dir='ltr'><strong>scientia</strong></span> <span class='ocrx_word' id='word_1_193' title='bbox 1277 2146 1462 2216; x_wconf 91' lang='lat' dir='ltr'><strong>plenos</strong></span> <span class='ocrx_word' id='word_1_194' title='bbox 1488 2147 1792 2214; x_wconf 89' lang='lat' dir='ltr'><strong>episcopos,</strong></span> <span class='ocrx_word' id='word_1_195' title='bbox 1823 2144 1950 2214; x_wconf 83' lang='lat' dir='ltr'><strong>ipsis</strong></span> <span class='ocrx_word' id='word_1_196' title='bbox 1995 2142 2364 2211; x_wconf 88' lang='lat' dir='ltr'><strong>imperialibus</strong></span> <span class='ocrx_word' id='word_1_197' title='bbox 2407 2143 2586 2197; x_wconf 77' lang='lat' dir='ltr'><strong>missis</strong></span> <span class='ocrx_word' id='word_1_198' title='bbox 2627 2161 2748 2198; x_wconf 87' lang='lat' dir='ltr'><strong>cum</strong></span> <span class='ocrx_word' id='word_1_199' title='bbox 2797 2146 3068 2214; x_wconf 77' lang='lat' dir='ltr'><strong>aliquibus</strong></span> <span class='ocrx_word' id='word_1_200' title='bbox 3113 2147 3302 2201; x_wconf 87' lang='lat' dir='ltr'><strong>litteris</strong></span> <span class='ocrx_word' id='word_1_201' title='bbox 3329 2148 3507 2201; x_wconf 88' lang='lat' dir='ltr'><strong>studuit</strong></span> <span class='ocrx_word' id='word_1_202' title='bbox 3528 2147 3727 2206; x_wconf 76' lang='lat' dir='ltr'><strong>destitute.</strong></span> 
     </span>
    </p>
   </div>
   <div class='ocr_carea' id='block_1_19' title="bbox 743 2240 3727 2312">
    <p class='ocr_par' dir='ltr' id='par_1_19' title="bbox 743 2240 3727 2312">
     <span class='ocr_line' id='line_1_19' title="bbox 743 2240 3727 2312; baseline 0 -19"><span class='ocrx_word' id='word_1_203' title='bbox 743 2258 881 2310; x_wconf 90' lang='lat' dir='ltr'><strong>quos</strong></span> <span class='ocrx_word' id='word_1_204' title='bbox 915 2244 1377 2312; x_wconf 82' lang='lat' dir='ltr'><strong>apprehendentes</strong></span> <span class='ocrx_word' id='word_1_205' title='bbox 1416 2243 1569 2296; x_wconf 87' lang='lat' dir='ltr'><strong>Artio</strong></span> <span class='ocrx_word' id='word_1_206' title='bbox 1613 2240 2068 2294; x_wconf 81' lang='lat' dir='ltr'><strong>anathematizato</strong></span> <span class='ocrx_word' id='word_1_207' title='bbox 2100 2248 2353 2293; x_wconf 89' lang='lat' dir='ltr'><strong>moneutc</strong></span> <span class='ocrx_word' id='word_1_208' title='bbox 2398 2240 2712 2310; x_wconf 87' lang='lat' dir='ltr'><strong>presbytero</strong></span> <span class='ocrx_word' id='word_1_209' title='bbox 2743 2241 3034 2296; x_wconf 80' lang='lat' dir='ltr'><strong>vinxerunt</strong></span> <span class='ocrx_word' id='word_1_210' title='bbox 3073 2254 3129 2296; x_wconf 92' lang='lat' dir='ltr'><strong>et</strong></span> <span class='ocrx_word' id='word_1_211' title='bbox 3165 2243 3453 2296; x_wconf 88' lang='lat' dir='ltr'><strong>custodibus</strong></span> <span class='ocrx_word' id='word_1_212' title='bbox 3478 2242 3727 2294; x_wconf 78' lang='lat' dir='ltr'><strong>tradiderunt.</strong></span> 
     </span>
    </p>
   </div>
   <div class='ocr_carea' id='block_1_20' title="bbox 741 2336 3729 2408">
    <p class='ocr_par' dir='ltr' id='par_1_20' title="bbox 741 2336 3729 2408">
     <span class='ocr_line' id='line_1_20' title="bbox 741 2336 3729 2408; baseline -0.001 -18"><span class='ocrx_word' id='word_1_213' title='bbox 741 2339 885 2407; x_wconf 92' lang='lat' dir='ltr'><strong>quod</strong></span> <span class='ocrx_word' id='word_1_214' title='bbox 919 2355 1018 2393; x_wconf 87' lang='lat' dir='ltr'><strong>nec</strong></span> <span class='ocrx_word' id='word_1_215' title='bbox 1049 2339 1261 2392; x_wconf 91' lang='lat' dir='ltr'><strong>barbari</strong></span> <span class='ocrx_word' id='word_1_216' title='bbox 1307 2339 1534 2408; x_wconf 83' lang='lat' dir='ltr'><strong>gentiles</strong></span> <span class='ocrx_word' id='word_1_217' title='bbox 1578 2338 1630 2391; x_wconf 92' lang='lat' dir='ltr'><strong>in</strong></span> <span class='ocrx_word' id='word_1_218' title='bbox 1672 2337 1863 2405; x_wconf 84' lang='lat' dir='ltr'><strong>legatis</strong></span> <span class='ocrx_word' id='word_1_219' title='bbox 1908 2336 2202 2404; x_wconf 80' lang='lat' dir='ltr'><strong>perfecisse</strong></span> <span class='ocrx_word' id='word_1_220' title='bbox 2227 2337 2536 2390; x_wconf 90' lang='lat' dir='ltr'><strong>audiuntur.</strong></span> <span class='ocrx_word' id='word_1_221' title='bbox 2589 2336 2935 2392; x_wconf 85' lang='lat' dir='ltr'><strong>Postmodqu</strong></span> <span class='ocrx_word' id='word_1_222' title='bbox 2986 2349 3170 2393; x_wconf 86' lang='lat' dir='ltr'><strong>autem</strong></span> <span class='ocrx_word' id='word_1_223' title='bbox 3219 2339 3402 2408; x_wconf 68' lang='lat' dir='ltr'><strong>saepius</strong></span> <span class='ocrx_word' id='word_1_224' title='bbox 3441 2339 3584 2392; x_wconf 85' lang='lat' dir='ltr'><strong>dictus</strong></span> <span class='ocrx_word' id='word_1_225' title='bbox 3603 2336 3729 2391; x_wconf 82' lang='lat' dir='ltr'><strong>Christi</strong></span> 
     </span>
    </p>
   </div>
   <div class='ocr_carea' id='block_1_21' title="bbox 671 2433 3731 2504">
    <p class='ocr_par' dir='ltr' id='par_1_21' title="bbox 671 2433 3731 2504">
     <span class='ocr_line' id='line_1_21' title="bbox 671 2433 3731 2504; baseline -0.001 -18"><span class='ocrx_word' id='word_1_226' title='bbox 671 2433 706 2486; x_wconf 85' lang='lat'><strong>5</strong></span> <span class='ocrx_word' id='word_1_227' title='bbox 745 2433 991 2489; x_wconf 88' lang='lat' dir='ltr'><strong>minister</strong></span> <span class='ocrx_word' id='word_1_228' title='bbox 1023 2436 1343 2491; x_wconf 87' lang='lat' dir='ltr'><strong>Benedictus</strong></span> <span class='ocrx_word' id='word_1_229' title='bbox 1367 2435 1571 2488; x_wconf 87' lang='lat' dir='ltr'><strong>electus</strong></span> <span class='ocrx_word' id='word_1_230' title='bbox 1607 2433 1899 2488; x_wconf 84' lang='lat' dir='ltr'><strong>Adrianum</strong></span> <span class='ocrx_word' id='word_1_231' title='bbox 1939 2434 2204 2504; x_wconf 80' lang='lat' dir='ltr'><strong>insignem</strong></span> <span class='ocrx_word' id='word_1_232' title='bbox 2244 2433 2674 2488; x_wconf 89' lang='lat' dir='ltr'><strong>secundicerium</strong></span> <span class='ocrx_word' id='word_1_233' title='bbox 2724 2443 2925 2488; x_wconf 63' lang='lat' dir='ltr'><strong>sanctae</strong></span> <span class='ocrx_word' id='word_1_234' title='bbox 2966 2435 3114 2490; x_wconf 88' lang='lat' dir='ltr'><strong>sedis</strong></span> <span class='ocrx_word' id='word_1_235' title='bbox 3158 2434 3448 2504; x_wconf 62' lang='lat' dir='ltr'><strong>apostolicae</strong></span> <span class='ocrx_word' id='word_1_236' title='bbox 3479 2433 3591 2494; x_wconf 83' lang='lat' dir='ltr'><strong>illis,</strong></span> <span class='ocrx_word' id='word_1_237' title='bbox 3632 2441 3731 2500; x_wconf 83' lang='lat' dir='ltr'><strong>atque</strong></span> 
     </span>
    </p>
   </div>
   <div class='ocr_carea' id='block_1_22' title="bbox 745 2527 1765 2598">
    <p class='ocr_par' dir='ltr' id='par_1_22' title="bbox 745 2527 1765 2598">
     <span class='ocr_line' id='line_1_22' title="bbox 745 2527 1765 2598; baseline 0 -16"><span class='ocrx_word' id='word_1_238' title='bbox 745 2527 1063 2598; x_wconf 79' lang='lat' dir='ltr'><strong>Gregorium</strong></span> <span class='ocrx_word' id='word_1_239' title='bbox 1093 2531 1281 2586; x_wconf 90' lang='lat' dir='ltr'><strong>ducem</strong></span> <span class='ocrx_word' id='word_1_240' title='bbox 1305 2531 1522 2584; x_wconf 86' lang='lat' dir='ltr'><strong>obviam</strong></span> <span class='ocrx_word' id='word_1_241' title='bbox 1548 2530 1765 2584; x_wconf 79' lang='lat' dir='ltr'><strong>direxit.</strong></span> 
     </span>
    </p>
   </div>
   <div class='ocr_carea' id='block_1_23' title="bbox 817 2619 3737 2694">
    <p class='ocr_par' dir='ltr' id='par_1_23' title="bbox 817 2619 3737 2694">
     <span class='ocr_line' id='line_1_23' title="bbox 817 2619 3737 2694; baseline -0.003 -16"><span class='ocrx_word' id='word_1_242' title='bbox 817 2623 974 2694; x_wconf 78' lang='lat'><strong>561</strong></span> <span class='ocrx_word' id='word_1_243' title='bbox 1018 2625 1200 2680; x_wconf 82' lang='lat' dir='ltr'><strong>Altera</strong></span> <span class='ocrx_word' id='word_1_244' title='bbox 1244 2633 1426 2679; x_wconf 89' lang='lat' dir='ltr'><strong>autem</strong></span> <span class='ocrx_word' id='word_1_245' title='bbox 1475 2624 1582 2688; x_wconf 90' lang='lat' dir='ltr'><strong>die,</strong></span> <span class='ocrx_word' id='word_1_246' title='bbox 1638 2623 1895 2678; x_wconf 87' lang='lat' dir='ltr'><strong>missione</strong></span> <span class='ocrx_word' id='word_1_247' title='bbox 1925 2622 2229 2694; x_wconf 85' lang='lat' dir='ltr'><strong>fungentes,</strong></span> <span class='ocrx_word' id='word_1_248' title='bbox 2285 2622 2431 2676; x_wconf 88' lang='lat' dir='ltr'><strong>omni</strong></span> <span class='ocrx_word' id='word_1_249' title='bbox 2479 2621 2626 2677; x_wconf 89' lang='lat' dir='ltr'><strong>clero</strong></span> <span class='ocrx_word' id='word_1_250' title='bbox 2666 2631 2968 2691; x_wconf 90' lang='lat' dir='ltr'><strong>cunctoque</strong></span> <span class='ocrx_word' id='word_1_251' title='bbox 3016 2621 3230 2676; x_wconf 88' lang='lat' dir='ltr'><strong>senatui</strong></span> <span class='ocrx_word' id='word_1_252' title='bbox 3275 2631 3330 2676; x_wconf 90' lang='lat' dir='ltr'><strong>et</strong></span> <span class='ocrx_word' id='word_1_253' title='bbox 3372 2622 3582 2676; x_wconf 84' lang='lat' dir='ltr'><strong>universo</strong></span> <span class='ocrx_word' id='word_1_254' title='bbox 3615 2619 3737 2689; x_wconf 77' lang='lat' dir='ltr'><strong>populo</strong></span> 
     </span>
    </p>
   </div>
   <div class='ocr_carea' id='block_1_24' title="bbox 749 2711 3737 2787">
    <p class='ocr_par' dir='ltr' id='par_1_24' title="bbox 749 2711 3737 2787">
     <span class='ocr_line' id='line_1_24' title="bbox 749 2711 3737 2787; baseline -0.003 -15"><span class='ocrx_word' id='word_1_255' title='bbox 749 2721 1139 2774; x_wconf 89' lang='lat' dir='ltr'><strong>mandaverunt</strong></span> <span class='ocrx_word' id='word_1_256' title='bbox 1178 2728 1239 2774; x_wconf 85' lang='lat' dir='ltr'><strong>ut</strong></span> <span class='ocrx_word' id='word_1_257' title='bbox 1261 2720 1476 2775; x_wconf 89' lang='lat' dir='ltr'><strong>obviam</strong></span> <span class='ocrx_word' id='word_1_258' title='bbox 1524 2719 1628 2774; x_wconf 89' lang='lat' dir='ltr'><strong>illis</strong></span> <span class='ocrx_word' id='word_1_259' title='bbox 1659 2727 1809 2774; x_wconf 91' lang='lat' dir='ltr'><strong>trans</strong></span> <span class='ocrx_word' id='word_1_260' title='bbox 1838 2718 2069 2772; x_wconf 81' lang='lat' dir='ltr'><strong>Milvinm</strong></span> <span class='ocrx_word' id='word_1_261' title='bbox 2101 2727 2316 2787; x_wconf 89' lang='lat' dir='ltr'><strong>pontem</strong></span> <span class='ocrx_word' id='word_1_262' title='bbox 2348 2716 3040 2786; x_wconf 87' lang='lat' dir='ltr'><strong>imperatorisjussionibus</strong></span> <span class='ocrx_word' id='word_1_263' title='bbox 3068 2717 3234 2771; x_wconf 90' lang='lat' dir='ltr'><strong>irent.</strong></span> <span class='ocrx_word' id='word_1_264' title='bbox 3271 2713 3411 2770; x_wconf 88' lang='lat' dir='ltr'><strong>Tunc</strong></span> <span class='ocrx_word' id='word_1_265' title='bbox 3440 2729 3592 2768; x_wconf 85' lang='lat' dir='ltr'><strong>omnes</strong></span> <span class='ocrx_word' id='word_1_266' title='bbox 3623 2711 3737 2765; x_wconf 84' lang='lat' dir='ltr'><strong>dolum</strong></span> 
     </span>
    </p>
   </div>
   <div class='ocr_carea' id='block_1_25' title="bbox 749 2797 3742 2883">
    <p class='ocr_par' dir='ltr' id='par_1_25' title="bbox 749 2797 3742 2883">
     <span class='ocr_line' id='line_1_25' title="bbox 749 2797 3742 2883; baseline -0.003 -19"><span class='ocrx_word' id='word_1_267' title='bbox 749 2813 1051 2868; x_wconf 82' lang='lat' dir='ltr'><strong>nescientes</strong></span> <span class='ocrx_word' id='word_1_268' title='bbox 1069 2813 1296 2869; x_wconf 80' lang='lat' dir='ltr'><strong>Romani</strong></span> <span class='ocrx_word' id='word_1_269' title='bbox 1327 2829 1500 2883; x_wconf 91' lang='lat' dir='ltr'><strong>neque</strong></span> <span class='ocrx_word' id='word_1_270' title='bbox 1527 2813 1794 2868; x_wconf 76' lang='lat' dir='ltr'><strong>fallaciam</strong></span> <span class='ocrx_word' id='word_1_271' title='bbox 1827 2813 2235 2882; x_wconf 86' lang='lat' dir='ltr'><strong>acquieveruut,</strong></span> <span class='ocrx_word' id='word_1_272' title='bbox 2260 2811 2604 2881; x_wconf 80' lang='lat' dir='ltr'><strong>Milviumque</strong></span> <span class='ocrx_word' id='word_1_273' title='bbox 2627 2823 2776 2866; x_wconf 82' lang='lat' dir='ltr'><strong>trans</strong></span> <span class='ocrx_word' id='word_1_274' title='bbox 2815 2797 3044 2883; x_wconf 19' lang='lat' dir='ltr'><strong>pontem.</strong></span> <span class='ocrx_word' id='word_1_275' title='bbox 3071 2811 3271 2867; x_wconf 88' lang='lat' dir='ltr'><strong>Urbem</strong></span> <span class='ocrx_word' id='word_1_276' title='bbox 3298 2810 3479 2881; x_wconf 75' lang='lat' dir='ltr'><strong>egressi</strong></span> <span class='ocrx_word' id='word_1_277' title='bbox 3517 2805 3742 2860; x_wconf 71' lang='lat' dir='ltr'><strong>unanimiter</strong></span> 
     </span>
    </p>
   </div>
   <div class='ocr_carea' id='block_1_26' title="bbox 751 2900 3743 2976">
    <p class='ocr_par' dir='ltr' id='par_1_26' title="bbox 751 2900 3743 2976">
     <span class='ocr_line' id='line_1_26' title="bbox 751 2900 3743 2976; baseline -0.003 -19"><span class='ocrx_word' id='word_1_278' title='bbox 751 2917 1126 2974; x_wconf 76' lang='lat' dir='ltr'><strong>perrexerunt.</strong></span> <span class='ocrx_word' id='word_1_279' title='bbox 1157 2904 1577 2974; x_wconf 86' lang='lat' dir='ltr'><strong>Properantibus</strong></span> <span class='ocrx_word' id='word_1_280' title='bbox 1601 2907 1818 2976; x_wconf 85' lang='lat' dir='ltr'><strong>quidem</strong></span> <span class='ocrx_word' id='word_1_281' title='bbox 1845 2908 1912 2960; x_wconf 88' lang='lat' dir='ltr'><strong>ad</strong></span> <span class='ocrx_word' id='word_1_282' title='bbox 1957 2907 2208 2976; x_wconf 88' lang='lat' dir='ltr'><strong>martyris</strong></span> <span class='ocrx_word' id='word_1_283' title='bbox 2231 2906 2342 2975; x_wconf 89' lang='lat' dir='ltr'><strong>jam</strong></span> <span class='ocrx_word' id='word_1_284' title='bbox 2386 2905 2480 2959; x_wconf 87' lang='lat' dir='ltr'><strong>fati</strong></span> <span class='ocrx_word' id='word_1_285' title='bbox 2512 2907 2817 2971; x_wconf 75' lang='lat' dir='ltr'><strong>basilicam,</strong></span> <span class='ocrx_word' id='word_1_286' title='bbox 2867 2907 2966 2976; x_wconf 89' lang='lat' dir='ltr'><strong>ipsi</strong></span> <span class='ocrx_word' id='word_1_287' title='bbox 3014 2908 3083 2960; x_wconf 89' lang='lat' dir='ltr'><strong>dc</strong></span> <span class='ocrx_word' id='word_1_288' title='bbox 3113 2906 3306 2976; x_wconf 86' lang='lat' dir='ltr'><strong>quibus</strong></span> <span class='ocrx_word' id='word_1_289' title='bbox 3344 2903 3445 2972; x_wconf 87' lang='lat' dir='ltr'><strong>jam</strong></span> <span class='ocrx_word' id='word_1_290' title='bbox 3481 2918 3606 2973; x_wconf 84' lang='lat' dir='ltr'><strong>supra</strong></span> <span class='ocrx_word' id='word_1_291' title='bbox 3643 2900 3743 2967; x_wconf 74' lang='lat' dir='ltr'><strong>legati</strong></span> 
     </span>
    </p>
   </div>
   <div class='ocr_carea' id='block_1_27' title="bbox 680 2999 3746 3072">
    <p class='ocr_par' dir='ltr' id='par_1_27' title="bbox 680 2999 3746 3072">
     <span class='ocr_line' id='line_1_27' title="bbox 680 2999 3746 3072; baseline -0.001 -20"><span class='ocrx_word' id='word_1_292' title='bbox 680 2999 716 3052; x_wconf 85' lang='grc'><strong>5</strong></span> <span class='ocrx_word' id='word_1_293' title='bbox 753 3001 1118 3066; x_wconf 87' lang='lat' dir='ltr'><strong>meminimus,</strong></span> <span class='ocrx_word' id='word_1_294' title='bbox 1147 3001 1320 3056; x_wconf 89' lang='lat' dir='ltr'><strong>eidem</strong></span> <span class='ocrx_word' id='word_1_295' title='bbox 1347 3002 1589 3071; x_wconf 89' lang='lat' dir='ltr'><strong>deposito</strong></span> <span class='ocrx_word' id='word_1_296' title='bbox 1615 3002 2176 3070; x_wconf 84' lang='lat' dir='ltr'><strong>auathematizatoque</strong></span> <span class='ocrx_word' id='word_1_297' title='bbox 2206 3003 2519 3072; x_wconf 77' lang='lat' dir='ltr'><strong>presbytero</strong></span> <span class='ocrx_word' id='word_1_298' title='bbox 2543 3003 2793 3071; x_wconf 82' lang='lat' dir='ltr'><strong>episcOpo</strong></span> <span class='ocrx_word' id='word_1_299' title='bbox 2819 3003 2995 3056; x_wconf 89' lang='lat' dir='ltr'><strong>clerus</strong></span> <span class='ocrx_word' id='word_1_300' title='bbox 3026 3001 3284 3056; x_wconf 66' lang='lat' dir='ltr'><strong>nuntiante</strong></span> <span class='ocrx_word' id='word_1_301' title='bbox 3325 3002 3476 3072; x_wconf 85' lang='lat' dir='ltr'><strong>plebis</strong></span> <span class='ocrx_word' id='word_1_302' title='bbox 3500 3015 3550 3052; x_wconf 84' lang='lat' dir='ltr'><strong>ac</strong></span> <span class='ocrx_word' id='word_1_303' title='bbox 3578 3010 3746 3066; x_wconf 66' lang='lat' dir='ltr'><strong>parceres</strong></span> 
     </span>
    </p>
   </div>
   <div class='ocr_carea' id='block_1_28' title="bbox 751 3091 3746 3167">
    <p class='ocr_par' dir='ltr' id='par_1_28' title="bbox 751 3091 3746 3167">
     <span class='ocr_line' id='line_1_28' title="bbox 751 3091 3746 3167; baseline -0.002 -19"><span class='ocrx_word' id='word_1_304' title='bbox 751 3093 1126 3161; x_wconf 88' lang='lat' dir='ltr'><strong>obviaverunt,</strong></span> <span class='ocrx_word' id='word_1_305' title='bbox 1157 3112 1278 3150; x_wconf 91' lang='lat' dir='ltr'><strong>cum</strong></span> <span class='ocrx_word' id='word_1_306' title='bbox 1315 3099 1510 3165; x_wconf 85' lang='lat' dir='ltr'><strong>quibus</strong></span> <span class='ocrx_word' id='word_1_307' title='bbox 1559 3099 1762 3166; x_wconf 88' lang='lat' dir='ltr'><strong>pariter</strong></span> <span class='ocrx_word' id='word_1_308' title='bbox 1799 3099 2104 3166; x_wconf 88' lang='lat' dir='ltr'><strong>equitautcs</strong></span> <span class='ocrx_word' id='word_1_309' title='bbox 2148 3113 2244 3167; x_wconf 92' lang='lat' dir='ltr'><strong>per</strong></span> <span class='ocrx_word' id='word_1_310' title='bbox 2279 3097 2504 3151; x_wconf 78' lang='lat' dir='ltr'><strong>Neronis</strong></span> <span class='ocrx_word' id='word_1_311' title='bbox 2548 3113 2794 3167; x_wconf 87' lang='lat' dir='ltr'><strong>campum</strong></span> <span class='ocrx_word' id='word_1_312' title='bbox 2835 3096 3058 3152; x_wconf 89' lang='lat' dir='ltr'><strong>Urbium</strong></span> <span class='ocrx_word' id='word_1_313' title='bbox 3103 3098 3220 3166; x_wconf 89' lang='lat' dir='ltr'><strong>jam</strong></span> <span class='ocrx_word' id='word_1_314' title='bbox 3251 3097 3453 3151; x_wconf 73' lang='lat' dir='ltr'><strong>mmniis</strong></span> <span class='ocrx_word' id='word_1_315' title='bbox 3477 3091 3746 3166; x_wconf 70' lang='lat' dir='ltr'><strong>properabant.</strong></span> 
     </span>
    </p>
   </div>
   <div class='ocr_carea' id='block_1_29' title="bbox 751 3189 3743 3264">
    <p class='ocr_par' dir='ltr' id='par_1_29' title="bbox 751 3189 3743 3264">
     <span class='ocr_line' id='line_1_29' title="bbox 751 3189 3743 3264; baseline -0.002 -23"><span class='ocrx_word' id='word_1_316' title='bbox 751 3189 1048 3244; x_wconf 77' lang='lat' dir='ltr'><strong>Adi-ianum</strong></span> <span class='ocrx_word' id='word_1_317' title='bbox 1082 3208 1294 3261; x_wconf 84' lang='lat' dir='ltr'><strong>quoque</strong></span> <span class='ocrx_word' id='word_1_318' title='bbox 1330 3194 1589 3262; x_wconf 82' lang='lat' dir='ltr'><strong>insignem</strong></span> <span class='ocrx_word' id='word_1_319' title='bbox 1620 3195 2069 3257; x_wconf 85' lang='lat' dir='ltr'><strong>secundicerimu,</strong></span> <span class='ocrx_word' id='word_1_320' title='bbox 2101 3197 2166 3247; x_wconf 88' lang='lat' dir='ltr'><strong>de</strong></span> <span class='ocrx_word' id='word_1_321' title='bbox 2196 3211 2303 3263; x_wconf 87' lang='lat' dir='ltr'><strong>quo</strong></span> <span class='ocrx_word' id='word_1_322' title='bbox 2347 3212 2506 3264; x_wconf 88' lang='lat' dir='ltr'><strong>supra</strong></span> <span class='ocrx_word' id='word_1_323' title='bbox 2539 3197 2838 3260; x_wconf 87' lang='lat' dir='ltr'><strong>retulimus,</strong></span> <span class='ocrx_word' id='word_1_324' title='bbox 2865 3197 3127 3250; x_wconf 88' lang='lat' dir='ltr'><strong>vallatum</strong></span> <span class='ocrx_word' id='word_1_325' title='bbox 3157 3197 3458 3251; x_wconf 88' lang='lat' dir='ltr'><strong>custodibus</strong></span> <span class='ocrx_word' id='word_1_326' title='bbox 3497 3189 3743 3244; x_wconf 71' lang='lat' dir='ltr'><strong>deducebant.</strong></span> 
     </span>
    </p>
   </div>
   <div class='ocr_carea' id='block_1_30' title="bbox 752 3283 3744 3360">
    <p class='ocr_par' dir='ltr' id='par_1_30' title="bbox 752 3283 3744 3360">
     <span class='ocr_line' id='line_1_30' title="bbox 752 3283 3744 3360; baseline -0.001 -20"><span class='ocrx_word' id='word_1_327' title='bbox 752 3285 1066 3340; x_wconf 79' lang='lat' dir='ltr'><strong>Gratianum</strong></span> <span class='ocrx_word' id='word_1_328' title='bbox 1095 3301 1225 3340; x_wconf 83' lang='lat' dir='ltr'><strong>vero</strong></span> <span class='ocrx_word' id='word_1_329' title='bbox 1269 3288 1408 3342; x_wconf 82' lang='lat' dir='ltr'><strong>sacri</strong></span> <span class='ocrx_word' id='word_1_330' title='bbox 1439 3304 1601 3357; x_wconf 72' lang='lat' dir='ltr'><strong>super</strong></span> <span class='ocrx_word' id='word_1_331' title='bbox 1646 3290 1803 3342; x_wconf 88' lang='lat' dir='ltr'><strong>istam</strong></span> <span class='ocrx_word' id='word_1_332' title='bbox 1844 3290 2156 3358; x_wconf 86' lang='lat' dir='ltr'><strong>patriarchii</strong></span> <span class='ocrx_word' id='word_1_333' title='bbox 2185 3301 2346 3358; x_wconf 87' lang='lat' dir='ltr'><strong>atque</strong></span> <span class='ocrx_word' id='word_1_334' title='bbox 2377 3288 2714 3342; x_wconf 88' lang='lat' dir='ltr'><strong>Theodorum</strong></span> <span class='ocrx_word' id='word_1_335' title='bbox 2755 3290 3099 3343; x_wconf 89' lang='lat' dir='ltr'><strong>scriniarimn</strong></span> <span class='ocrx_word' id='word_1_336' title='bbox 3131 3291 3559 3360; x_wconf 81' lang='lat' dir='ltr'><strong>apprehendentes</strong></span> <span class='ocrx_word' id='word_1_337' title='bbox 3592 3283 3744 3338; x_wconf 73' lang='lat' dir='ltr'><strong>reclusos</strong></span> 
     </span>
    </p>
   </div>
   <div class='ocr_carea' id='block_1_31' title="bbox 755 3379 3740 3455">
    <p class='ocr_par' dir='ltr' id='par_1_31' title="bbox 755 3379 3740 3455">
     <span class='ocr_line' id='line_1_31' title="bbox 755 3379 3740 3455; baseline 0 -21"><span class='ocrx_word' id='word_1_338' title='bbox 755 3381 960 3436; x_wconf 89' lang='lat' dir='ltr'><strong>lanceis</strong></span> <span class='ocrx_word' id='word_1_339' title='bbox 991 3383 1292 3437; x_wconf 84' lang='lat' dir='ltr'><strong>retinebant</strong></span> <span class='ocrx_word' id='word_1_340' title='bbox 1315 3391 1370 3437; x_wconf 90' lang='lat' dir='ltr'><strong>et</strong></span> <span class='ocrx_word' id='word_1_341' title='bbox 1398 3385 1668 3446; x_wconf 85' lang='lat' dir='ltr'><strong>astrictos,</strong></span> <span class='ocrx_word' id='word_1_342' title='bbox 1689 3385 1832 3454; x_wconf 89' lang='lat' dir='ltr'><strong>quod</strong></span> <span class='ocrx_word' id='word_1_343' title='bbox 1864 3385 2166 3437; x_wconf 74' lang='lat' dir='ltr'><strong>millateuns</strong></span> <span class='ocrx_word' id='word_1_344' title='bbox 2193 3387 2552 3455; x_wconf 78' lang='lat' dir='ltr'><strong>Augustorum</strong></span> <span class='ocrx_word' id='word_1_345' title='bbox 2589 3383 2830 3452; x_wconf 78' lang='lat' dir='ltr'><strong>iussione</strong></span> <span class='ocrx_word' id='word_1_346' title='bbox 2861 3396 3234 3454; x_wconf 70' lang='lat' dir='ltr'><strong>pra~ccperant</strong></span> <span class='ocrx_word' id='word_1_347' title='bbox 3261 3399 3355 3439; x_wconf 91' lang='lat' dir='ltr'><strong>nec</strong></span> <span class='ocrx_word' id='word_1_348' title='bbox 3387 3400 3548 3438; x_wconf 84' lang='lat' dir='ltr'><strong>eorum</strong></span> <span class='ocrx_word' id='word_1_349' title='bbox 3569 3379 3740 3431; x_wconf 72' lang='lat' dir='ltr'><strong>\‘olunllle</strong></span> 
     </span>
    </p>
   </div>
   <div class='ocr_carea' id='block_1_32' title="bbox 648 3469 3746 3551">
    <p class='ocr_par' dir='ltr' id='par_1_32' title="bbox 648 3469 3746 3551">
     <span class='ocr_line' id='line_1_32' title="bbox 648 3469 3746 3551; baseline -0.001 -22"><span class='ocrx_word' id='word_1_350' title='bbox 648 3475 718 3530; x_wconf 81' lang='grc'><strong>10</strong></span> <span class='ocrx_word' id='word_1_351' title='bbox 755 3476 1112 3540; x_wconf 76' lang='lat' dir='ltr'><strong>dictaverunt,</strong></span> <span class='ocrx_word' id='word_1_352' title='bbox 1133 3477 1226 3531; x_wconf 89' lang='lat' dir='ltr'><strong>sed</strong></span> <span class='ocrx_word' id='word_1_353' title='bbox 1255 3477 1355 3531; x_wconf 88' lang='lat' dir='ltr'><strong>hoc</strong></span> <span class='ocrx_word' id='word_1_354' title='bbox 1386 3475 1566 3531; x_wconf 79' lang='lat' dir='ltr'><strong>infelix</strong></span> <span class='ocrx_word' id='word_1_355' title='bbox 1593 3479 1814 3546; x_wconf 85' lang='lat' dir='ltr'><strong>depositi</strong></span> <span class='ocrx_word' id='word_1_356' title='bbox 1844 3491 2187 3548; x_wconf 71' lang='lat' dir='ltr'><strong>pruzstttnpllo</strong></span> <span class='ocrx_word' id='word_1_357' title='bbox 2217 3481 2408 3550; x_wconf 83' lang='lat' dir='ltr'><strong>agebat</strong></span> <span class='ocrx_word' id='word_1_358' title='bbox 2445 3480 2765 3551; x_wconf 80' lang='lat' dir='ltr'><strong>presbyteri,</strong></span> <span class='ocrx_word' id='word_1_359' title='bbox 2795 3480 2885 3548; x_wconf 85' lang='lat' dir='ltr'><strong>qui</strong></span> <span class='ocrx_word' id='word_1_360' title='bbox 2911 3480 3204 3535; x_wconf 85' lang='lat' dir='ltr'><strong>virtutibus</strong></span> <span class='ocrx_word' id='word_1_361' title='bbox 3235 3480 3535 3535; x_wconf 86' lang='lat' dir='ltr'><strong>Leonianam</strong></span> <span class='ocrx_word' id='word_1_362' title='bbox 3557 3490 3641 3529; x_wconf 83' lang='lat' dir='ltr'><strong>cum</strong></span> <span class='ocrx_word' id='word_1_363' title='bbox 3661 3469 3746 3541; x_wconf 69' lang='lat' dir='ltr'><strong>ipsis</strong></span> 
     </span>
    </p>
   </div>
   <div class='ocr_carea' id='block_1_33' title="bbox 756 3570 3750 3647">
    <p class='ocr_par' dir='ltr' id='par_1_33' title="bbox 756 3570 3750 3647">
     <span class='ocr_line' id='line_1_33' title="bbox 756 3570 3750 3647; baseline 0 -22"><span class='ocrx_word' id='word_1_364' title='bbox 756 3570 985 3626; x_wconf 71' lang='lat' dir='ltr'><strong>Ctesaris</strong></span> <span class='ocrx_word' id='word_1_365' title='bbox 1013 3571 1204 3642; x_wconf 86' lang='lat' dir='ltr'><strong>legatis</strong></span> <span class='ocrx_word' id='word_1_366' title='bbox 1234 3574 1538 3644; x_wconf 87' lang='lat' dir='ltr'><strong>ingrediens</strong></span> <span class='ocrx_word' id='word_1_367' title='bbox 1567 3574 1764 3628; x_wconf 89' lang='lat' dir='ltr'><strong>Urbem</strong></span> <span class='ocrx_word' id='word_1_368' title='bbox 1791 3576 2153 3644; x_wconf 89' lang='lat' dir='ltr'><strong>apostolorum</strong></span> <span class='ocrx_word' id='word_1_369' title='bbox 2185 3589 2400 3644; x_wconf 88' lang='lat' dir='ltr'><strong>repente</strong></span> <span class='ocrx_word' id='word_1_370' title='bbox 2428 3593 2586 3644; x_wconf 70' lang='lat' dir='ltr'><strong>imam</strong></span> <span class='ocrx_word' id='word_1_371' title='bbox 2618 3593 2721 3630; x_wconf 92' lang='lat' dir='ltr'><strong>non</strong></span> <span class='ocrx_word' id='word_1_372' title='bbox 2757 3577 3018 3631; x_wconf 89' lang='lat' dir='ltr'><strong>debuerat</strong></span> <span class='ocrx_word' id='word_1_373' title='bbox 3047 3576 3309 3647; x_wconf 77' lang='lat' dir='ltr'><strong>principis</strong></span> <span class='ocrx_word' id='word_1_374' title='bbox 3330 3577 3531 3630; x_wconf 87' lang='lat' dir='ltr'><strong>introire</strong></span> <span class='ocrx_word' id='word_1_375' title='bbox 3549 3571 3750 3626; x_wconf 79' lang='lat' dir='ltr'><strong>basilicam.</strong></span> 
     </span>
    </p>
   </div>
   <div class='ocr_carea' id='block_1_34' title="bbox 759 3661 3753 3744">
    <p class='ocr_par' dir='ltr' id='par_1_34' title="bbox 759 3661 3753 3744">
     <span class='ocr_line' id='line_1_34' title="bbox 759 3661 3753 3744; baseline 0.001 -22"><span class='ocrx_word' id='word_1_376' title='bbox 759 3667 851 3722; x_wconf 87' lang='lat' dir='ltr'><strong>Dei</strong></span> <span class='ocrx_word' id='word_1_377' title='bbox 879 3669 1566 3738; x_wconf 85' lang='lat' dir='ltr'><strong>parvipeudensjudicium,</strong></span> <span class='ocrx_word' id='word_1_378' title='bbox 1596 3674 1850 3726; x_wconf 86' lang='lat' dir='ltr'><strong>audacter</strong></span> <span class='ocrx_word' id='word_1_379' title='bbox 1884 3673 2103 3734; x_wconf 77' lang='lat' dir='ltr'><strong>invasit,</strong></span> <span class='ocrx_word' id='word_1_380' title='bbox 2133 3685 2385 3744; x_wconf 71' lang='lat' dir='ltr'><strong>nullaque</strong></span> <span class='ocrx_word' id='word_1_381' title='bbox 2414 3692 2476 3727; x_wconf 88' lang='lat' dir='ltr'><strong>ac</strong></span> <span class='ocrx_word' id='word_1_382' title='bbox 2505 3675 2625 3728; x_wconf 89' lang='lat' dir='ltr'><strong>talia</strong></span> <span class='ocrx_word' id='word_1_383' title='bbox 2661 3674 2904 3728; x_wconf 73' lang='lat' dir='ltr'><strong>infaustae</strong></span> <span class='ocrx_word' id='word_1_384' title='bbox 2931 3676 3268 3742; x_wconf 87' lang='lat' dir='ltr'><strong>operationis</strong></span> <span class='ocrx_word' id='word_1_385' title='bbox 3293 3674 3419 3729; x_wconf 89' lang='lat' dir='ltr'><strong>mala</strong></span> <span class='ocrx_word' id='word_1_386' title='bbox 3455 3669 3617 3741; x_wconf 72' lang='lat' dir='ltr'><strong>peregit</strong></span> <span class='ocrx_word' id='word_1_387' title='bbox 3637 3661 3753 3734; x_wconf 57' lang='lat' dir='ltr'><strong>qua&quot;!</strong></span> 
     </span>
    </p>
   </div>
   <div class='ocr_carea' id='block_1_35' title="bbox 755 3760 3757 3840">
    <p class='ocr_par' dir='ltr' id='par_1_35' title="bbox 755 3760 3757 3840">
     <span class='ocr_line' id='line_1_35' title="bbox 755 3760 3757 3840; baseline 0 -23"><span class='ocrx_word' id='word_1_388' title='bbox 755 3779 854 3818; x_wconf 91' lang='lat' dir='ltr'><strong>nec</strong></span> <span class='ocrx_word' id='word_1_389' title='bbox 889 3764 1160 3820; x_wconf 87' lang='lat' dir='ltr'><strong>Saracena</strong></span> <span class='ocrx_word' id='word_1_390' title='bbox 1191 3767 1242 3821; x_wconf 91' lang='lat' dir='ltr'><strong>in</strong></span> <span class='ocrx_word' id='word_1_391' title='bbox 1285 3783 1347 3820; x_wconf 89' lang='lat' dir='ltr'><strong>ca</strong></span> <span class='ocrx_word' id='word_1_392' title='bbox 1378 3767 1640 3837; x_wconf 86' lang='lat' dir='ltr'><strong>perlicere</strong></span> <span class='ocrx_word' id='word_1_393' title='bbox 1672 3786 1864 3823; x_wconf 87' lang='lat' dir='ltr'><strong>manus</strong></span> <span class='ocrx_word' id='word_1_394' title='bbox 1895 3772 2233 3840; x_wconf 71' lang='lat' dir='ltr'><strong>prtcsumpsit</strong></span> <span class='ocrx_word' id='word_1_395' title='bbox 2279 3771 2360 3824; x_wconf 89' lang='lat' dir='ltr'><strong>vel</strong></span> <span class='ocrx_word' id='word_1_396' title='bbox 2391 3773 2648 3825; x_wconf 89' lang='lat' dir='ltr'><strong>arbitrata</strong></span> <span class='ocrx_word' id='word_1_397' title='bbox 2685 3783 2785 3827; x_wconf 89' lang='lat' dir='ltr'><strong>cst.</strong></span> <span class='ocrx_word' id='word_1_398' title='bbox 2828 3771 3092 3840; x_wconf 82' lang='lat' dir='ltr'><strong>Imagines</strong></span> <span class='ocrx_word' id='word_1_399' title='bbox 3142 3773 3288 3826; x_wconf 92' lang='lat' dir='ltr'><strong>enim</strong></span> <span class='ocrx_word' id='word_1_400' title='bbox 3345 3766 3571 3835; x_wconf 80' lang='lat' dir='ltr'><strong>confregit</strong></span> <span class='ocrx_word' id='word_1_401' title='bbox 3615 3760 3757 3829; x_wconf 72' lang='lat' dir='ltr'><strong>ignith</strong></span> 
     </span>
    </p>
   </div>
   <div class='ocr_carea' id='block_1_36' title="bbox 757 3857 3761 3938">
    <p class='ocr_par' dir='ltr' id='par_1_36' title="bbox 757 3857 3761 3938">
     <span class='ocr_line' id='line_1_36' title="bbox 757 3857 3761 3938; baseline 0.001 -26"><span class='ocrx_word' id='word_1_402' title='bbox 757 3862 1141 3924; x_wconf 90' lang='lat' dir='ltr'><strong>concremavit,</strong></span> <span class='ocrx_word' id='word_1_403' title='bbox 1192 3871 1247 3915; x_wconf 89' lang='lat' dir='ltr'><strong>et</strong></span> <span class='ocrx_word' id='word_1_404' title='bbox 1295 3864 1557 3932; x_wconf 90' lang='lat' dir='ltr'><strong>synodum</strong></span> <span class='ocrx_word' id='word_1_405' title='bbox 1590 3879 1752 3933; x_wconf 89' lang='lat' dir='ltr'><strong>quam</strong></span> <span class='ocrx_word' id='word_1_406' title='bbox 1805 3881 1964 3934; x_wconf 87' lang='lat' dir='ltr'><strong>supra</strong></span> <span class='ocrx_word' id='word_1_407' title='bbox 2009 3866 2300 3919; x_wconf 85' lang='lat' dir='ltr'><strong>sanctuarii</strong></span> <span class='ocrx_word' id='word_1_408' title='bbox 2353 3865 2549 3934; x_wconf 90' lang='lat' dir='ltr'><strong>januas</strong></span> <span class='ocrx_word' id='word_1_409' title='bbox 2597 3867 2766 3920; x_wconf 61' lang='lat' dir='ltr'><strong>beatae</strong></span> <span class='ocrx_word' id='word_1_410' title='bbox 2813 3866 3089 3918; x_wconf 76' lang='lat' dir='ltr'><strong>memoria:</strong></span> <span class='ocrx_word' id='word_1_411' title='bbox 3135 3864 3249 3923; x_wconf 85' lang='lat' dir='ltr'><strong>Leo</strong></span> <span class='ocrx_word' id='word_1_412' title='bbox 3294 3864 3430 3938; x_wconf 85' lang='lat' dir='ltr'><strong>pingi</strong></span> <span class='ocrx_word' id='word_1_413' title='bbox 3463 3876 3573 3930; x_wconf 81' lang='lat' dir='ltr'><strong>papa</strong></span> <span class='ocrx_word' id='word_1_414' title='bbox 3600 3857 3761 3928; x_wconf 67' lang='lat' dir='ltr'><strong>jtlssml</strong></span> 
     </span>
    </p>
   </div>
   <div class='ocr_carea' id='block_1_37' title="bbox 652 3953 3760 4030">
    <p class='ocr_par' dir='ltr' id='par_1_37' title="bbox 652 3953 3760 4030">
     <span class='ocr_line' id='line_1_37' title="bbox 652 3953 3760 4030; baseline -0.002 -23"><span class='ocrx_word' id='word_1_415' title='bbox 652 3953 721 4007; x_wconf 77' lang='grc'><strong>15</strong></span> <span class='ocrx_word' id='word_1_416' title='bbox 757 3954 1040 4019; x_wconf 78' lang='lat' dir='ltr'><strong>destruxit,</strong></span> <span class='ocrx_word' id='word_1_417' title='bbox 1084 3956 1401 4027; x_wconf 91' lang='lat' dir='ltr'><strong>Domiuique</strong></span> <span class='ocrx_word' id='word_1_418' title='bbox 1446 3957 1572 4012; x_wconf 82' lang='lat' dir='ltr'><strong>Jesu</strong></span> <span class='ocrx_word' id='word_1_419' title='bbox 1620 3959 1818 4013; x_wconf 82' lang='lat' dir='ltr'><strong>Christi</strong></span> <span class='ocrx_word' id='word_1_420' title='bbox 1875 3958 2098 4029; x_wconf 80' lang='lat' dir='ltr'><strong>ejusque</strong></span> <span class='ocrx_word' id='word_1_421' title='bbox 2145 3976 2358 4030; x_wconf 84' lang='lat' dir='ltr'><strong>semper</strong></span> <span class='ocrx_word' id='word_1_422' title='bbox 2414 3961 2646 4030; x_wconf 81' lang='lat' dir='ltr'><strong>Virginis</strong></span> <span class='ocrx_word' id='word_1_423' title='bbox 2685 3960 2976 4015; x_wconf 85' lang='lat' dir='ltr'><strong>Genitricis</strong></span> <span class='ocrx_word' id='word_1_424' title='bbox 3019 3961 3234 4016; x_wconf 79' lang='lat' dir='ltr'><strong>icouam</strong></span> <span class='ocrx_word' id='word_1_425' title='bbox 3289 3960 3507 4030; x_wconf 84' lang='lat' dir='ltr'><strong>bipenni.</strong></span> <span class='ocrx_word' id='word_1_426' title='bbox 3553 3953 3661 4020; x_wconf 87' lang='lat' dir='ltr'><strong>quod</strong></span> <span class='ocrx_word' id='word_1_427' title='bbox 3695 3962 3760 4000; x_wconf 85' lang='lat' dir='ltr'><strong>non</strong></span> 
     </span>
    </p>
   </div>
   <div class='ocr_carea' id='block_1_38' title="bbox 759 4041 3763 4127">
    <p class='ocr_par' dir='ltr' id='par_1_38' title="bbox 759 4041 3763 4127">
     <span class='ocr_line' id='line_1_38' title="bbox 759 4041 3763 4127; baseline 0 -20"><span class='ocrx_word' id='word_1_428' title='bbox 759 4041 1126 4116; x_wconf 16' lang='lat' dir='ltr'><strong>debuerat.iad</strong></span> <span class='ocrx_word' id='word_1_429' title='bbox 1155 4057 1260 4110; x_wconf 87' lang='lat' dir='ltr'><strong>ima</strong></span> <span class='ocrx_word' id='word_1_430' title='bbox 1289 4057 1502 4125; x_wconf 85' lang='lat' dir='ltr'><strong>dejecit,</strong></span> <span class='ocrx_word' id='word_1_431' title='bbox 1527 4073 1624 4126; x_wconf 92' lang='lat' dir='ltr'><strong>pro</strong></span> <span class='ocrx_word' id='word_1_432' title='bbox 1653 4075 1760 4126; x_wconf 90' lang='lat' dir='ltr'><strong>quo</strong></span> <span class='ocrx_word' id='word_1_433' title='bbox 1789 4057 2088 4112; x_wconf 86' lang='lat' dir='ltr'><strong>detestabili</strong></span> <span class='ocrx_word' id='word_1_434' title='bbox 2117 4073 2280 4127; x_wconf 86' lang='lat' dir='ltr'><strong>opere</strong></span> <span class='ocrx_word' id='word_1_435' title='bbox 2317 4056 2632 4110; x_wconf 63' lang='lat' dir='ltr'><strong>orthodoxae</strong></span> <span class='ocrx_word' id='word_1_436' title='bbox 2666 4056 2843 4111; x_wconf 90' lang='lat' dir='ltr'><strong>cuncti</strong></span> <span class='ocrx_word' id='word_1_437' title='bbox 2873 4057 3108 4112; x_wconf 86' lang='lat' dir='ltr'><strong>cultores</strong></span> <span class='ocrx_word' id='word_1_438' title='bbox 3137 4057 3264 4112; x_wconf 80' lang='lat' dir='ltr'><strong>ﬁdei</strong></span> <span class='ocrx_word' id='word_1_439' title='bbox 3295 4057 3535 4127; x_wconf 85' lang='lat' dir='ltr'><strong>lacrymas</strong></span> <span class='ocrx_word' id='word_1_440' title='bbox 3564 4047 3763 4106; x_wconf 64' lang='lat' dir='ltr'><strong>fuitde</strong></span> 
     </span>
    </p>
   </div>
   <div class='ocr_carea' id='block_1_39' title="bbox 759 4149 2271 4223">
    <p class='ocr_par' dir='ltr' id='par_1_39' title="bbox 759 4149 2271 4223">
     <span class='ocr_line' id='line_1_39' title="bbox 759 4149 2271 4223; baseline 0.003 -21"><span class='ocrx_word' id='word_1_441' title='bbox 759 4149 1202 4219; x_wconf 67' lang='lat' dir='ltr'><strong>ingemiscebaat,</strong></span> <span class='ocrx_word' id='word_1_442' title='bbox 1227 4163 1283 4221; x_wconf 86' lang='lat' dir='ltr'><strong>et</strong></span> <span class='ocrx_word' id='word_1_443' title='bbox 1307 4154 1524 4208; x_wconf 79' lang='lat' dir='ltr'><strong>tristitia</strong></span> <span class='ocrx_word' id='word_1_444' title='bbox 1559 4153 1903 4223; x_wconf 87' lang='lat' dir='ltr'><strong>replebantur</strong></span> <span class='ocrx_word' id='word_1_445' title='bbox 1925 4171 1991 4210; x_wconf 87' lang='lat' dir='ltr'><strong>ac</strong></span> <span class='ocrx_word' id='word_1_446' title='bbox 2021 4168 2271 4208; x_wconf 74' lang='lat' dir='ltr'><strong>llltBl‘Ol&#39;e.</strong></span> 
     </span>
    </p>
   </div>
   <div class='ocr_carea' id='block_1_40' title="bbox 836 4229 3767 4321">
    <p class='ocr_par' dir='ltr' id='par_1_40' title="bbox 836 4229 3767 4321">
     <span class='ocr_line' id='line_1_40' title="bbox 836 4229 3767 4321; baseline -0.001 -23"><span class='ocrx_word' id='word_1_447' title='bbox 836 4243 996 4314; x_wconf 77' lang='lat'><strong>562</strong></span> <span class='ocrx_word' id='word_1_448' title='bbox 1035 4245 1130 4300; x_wconf 88' lang='lat' dir='ltr'><strong>llis</strong></span> <span class='ocrx_word' id='word_1_449' title='bbox 1165 4250 1344 4316; x_wconf 87' lang='lat' dir='ltr'><strong>itaque</strong></span> <span class='ocrx_word' id='word_1_450' title='bbox 1374 4250 1604 4318; x_wconf 87' lang='lat' dir='ltr'><strong>peractis</strong></span> <span class='ocrx_word' id='word_1_451' title='bbox 1635 4250 1812 4304; x_wconf 87' lang='lat' dir='ltr'><strong>hostili</strong></span> <span class='ocrx_word' id='word_1_452' title='bbox 1852 4251 2047 4303; x_wconf 88' lang='lat' dir='ltr'><strong>virtute</strong></span> <span class='ocrx_word' id='word_1_453' title='bbox 2091 4249 2204 4316; x_wconf 87' lang='lat' dir='ltr'><strong>ipsc</strong></span> <span class='ocrx_word' id='word_1_454' title='bbox 2239 4248 2393 4302; x_wconf 82' lang='lat' dir='ltr'><strong>Rom.</strong></span> <span class='ocrx_word' id='word_1_455' title='bbox 2429 4249 2704 4318; x_wconf 77' lang='lat' dir='ltr'><strong>depositus</strong></span> <span class='ocrx_word' id='word_1_456' title='bbox 2745 4249 3050 4318; x_wconf 83' lang='lat' dir='ltr'><strong>ingreditur</strong></span> <span class='ocrx_word' id='word_1_457' title='bbox 3087 4250 3387 4321; x_wconf 78' lang='lat' dir='ltr'><strong>presbyter,</strong></span> <span class='ocrx_word' id='word_1_458' title='bbox 3423 4229 3767 4306; x_wconf 65' lang='lat' dir='ltr'><strong>celeriterquead</strong></span> 
     </span>
    </p>
   </div>
   <div class='ocr_carea' id='block_1_41' title="bbox 763 4331 3768 4413">
    <p class='ocr_par' dir='ltr' id='par_1_41' title="bbox 763 4331 3768 4413">
     <span class='ocr_line' id='line_1_41' title="bbox 763 4331 3768 4413; baseline -0.003 -21"><span class='ocrx_word' id='word_1_459' title='bbox 763 4337 1126 4393; x_wconf 87' lang='lat' dir='ltr'><strong>Lateraneuse</strong></span> <span class='ocrx_word' id='word_1_460' title='bbox 1153 4344 1463 4409; x_wconf 77' lang='lat' dir='ltr'><strong>properavit</strong></span> <span class='ocrx_word' id='word_1_461' title='bbox 1485 4359 1606 4396; x_wconf 91' lang='lat' dir='ltr'><strong>cum</strong></span> <span class='ocrx_word' id='word_1_462' title='bbox 1638 4343 2009 4412; x_wconf 86' lang='lat' dir='ltr'><strong>iniquissimus</strong></span> <span class='ocrx_word' id='word_1_463' title='bbox 2045 4345 2160 4412; x_wconf 87' lang='lat' dir='ltr'><strong>ejus</strong></span> <span class='ocrx_word' id='word_1_464' title='bbox 2181 4343 2528 4413; x_wconf 67' lang='lat' dir='ltr'><strong>sequacbns,</strong></span> <span class='ocrx_word' id='word_1_465' title='bbox 2555 4351 2611 4396; x_wconf 90' lang='lat' dir='ltr'><strong>et</strong></span> <span class='ocrx_word' id='word_1_466' title='bbox 2630 4343 2876 4397; x_wconf 69' lang='lat' dir='ltr'><strong>saeculari</strong></span> <span class='ocrx_word' id='word_1_467' title='bbox 2907 4346 3145 4413; x_wconf 87' lang='lat' dir='ltr'><strong>putentia</strong></span> <span class='ocrx_word' id='word_1_468' title='bbox 3175 4341 3538 4413; x_wconf 70' lang='lat' dir='ltr'><strong>patrial-citium</strong></span> <span class='ocrx_word' id='word_1_469' title='bbox 3563 4331 3768 4394; x_wconf 72' lang='lat' dir='ltr'><strong>nudusque</strong></span> 
     </span>
    </p>
   </div>
   <div class='ocr_carea' id='block_1_42' title="bbox 679 4425 3770 4510">
    <p class='ocr_par' dir='ltr' id='par_1_42' title="bbox 679 4425 3770 4510">
     <span class='ocr_line' id='line_1_42' title="bbox 679 4425 3770 4510; baseline 0.003 -25"><span class='ocrx_word' id='word_1_470' title='bbox 679 4479 682 4481; x_wconf 96' lang='lat'><strong>.</strong></span> <span class='ocrx_word' id='word_1_471' title='bbox 765 4434 988 4488; x_wconf 83' lang='lat' dir='ltr'><strong>telorum</strong></span> <span class='ocrx_word' id='word_1_472' title='bbox 1041 4437 1327 4507; x_wconf 85' lang='lat' dir='ltr'><strong>generibus</strong></span> <span class='ocrx_word' id='word_1_473' title='bbox 1365 4436 1561 4504; x_wconf 84' lang='lat' dir='ltr'><strong>januas</strong></span> <span class='ocrx_word' id='word_1_474' title='bbox 1608 4438 1726 4503; x_wconf 88' lang='lat' dir='ltr'><strong>ejus</strong></span> <span class='ocrx_word' id='word_1_475' title='bbox 1765 4440 2012 4506; x_wconf 87' lang='lat' dir='ltr'><strong>aperiens</strong></span> <span class='ocrx_word' id='word_1_476' title='bbox 2063 4450 2323 4510; x_wconf 85' lang='lat' dir='ltr'><strong>tyrannus</strong></span> <span class='ocrx_word' id='word_1_477' title='bbox 2369 4439 2527 4492; x_wconf 87' lang='lat' dir='ltr'><strong>veluti</strong></span> <span class='ocrx_word' id='word_1_478' title='bbox 2563 4449 2822 4493; x_wconf 89' lang='lat' dir='ltr'><strong>cruentus</strong></span> <span class='ocrx_word' id='word_1_479' title='bbox 2865 4456 2959 4493; x_wconf 88' lang='lat' dir='ltr'><strong>eas</strong></span> <span class='ocrx_word' id='word_1_480' title='bbox 3005 4441 3270 4501; x_wconf 83' lang='lat' dir='ltr'><strong>introivit,</strong></span> <span class='ocrx_word' id='word_1_481' title='bbox 3307 4437 3526 4504; x_wconf 76' lang='lat' dir='ltr'><strong>solioque</strong></span> <span class='ocrx_word' id='word_1_482' title='bbox 3563 4425 3673 4498; x_wconf 76' lang='grc' dir='ltr'><strong>ι1¹¹⁰ίΙ</strong></span> <span class='ocrx_word' id='word_1_483' title='bbox 3704 4432 3770 4475; x_wconf 58' lang='lat' dir='ltr'><strong>“ce</strong></span> 
     </span>
    </p>
   </div>
   <div class='ocr_carea' id='block_1_43' title="bbox 760 4515 3771 4604">
    <p class='ocr_par' dir='ltr' id='par_1_43' title="bbox 760 4515 3771 4604">
     <span class='ocr_line' id='line_1_43' title="bbox 760 4515 3771 4604; baseline -0.002 -22"><span class='ocrx_word' id='word_1_484' title='bbox 760 4531 1006 4584; x_wconf 81' lang='lat' dir='ltr'><strong>Inauibus</strong></span> <span class='ocrx_word' id='word_1_485' title='bbox 1054 4533 1315 4587; x_wconf 87' lang='lat' dir='ltr'><strong>debuerat</strong></span> <span class='ocrx_word' id='word_1_486' title='bbox 1359 4542 1698 4588; x_wconf 87' lang='lat' dir='ltr'><strong>contrectare</strong></span> <span class='ocrx_word' id='word_1_487' title='bbox 1744 4536 1966 4596; x_wconf 84' lang='lat' dir='ltr'><strong>resedit,</strong></span> <span class='ocrx_word' id='word_1_488' title='bbox 2011 4545 2065 4588; x_wconf 91' lang='lat' dir='ltr'><strong>et</strong></span> <span class='ocrx_word' id='word_1_489' title='bbox 2106 4536 2318 4589; x_wconf 86' lang='lat' dir='ltr'><strong>cuidam</strong></span> <span class='ocrx_word' id='word_1_490' title='bbox 2368 4533 2803 4604; x_wconf 86' lang='lat' dir='ltr'><strong>Balueoregiensi</strong></span> <span class='ocrx_word' id='word_1_491' title='bbox 2852 4533 3124 4604; x_wconf 89' lang='lat' dir='ltr'><strong>episcopo,</strong></span> <span class='ocrx_word' id='word_1_492' title='bbox 3175 4533 3266 4603; x_wconf 91' lang='lat' dir='ltr'><strong>qui</strong></span> <span class='ocrx_word' id='word_1_493' title='bbox 3299 4529 3599 4584; x_wconf 74' lang='lat' dir='ltr'><strong>recitabatur</strong></span> <span class='ocrx_word' id='word_1_494' title='bbox 3623 4515 3771 4572; x_wconf 67' lang='lat' dir='ltr'><strong>nomine</strong></span> 
     </span>
    </p>
   </div>
   <div class='ocr_carea' id='block_1_44' title="bbox 691 4613 3778 4702">
    <p class='ocr_par' dir='ltr' id='par_1_44' title="bbox 691 4613 3778 4702">
     <span class='ocr_line' id='line_1_44' title="bbox 691 4613 3778 4702; baseline -0.004 -22"><span class='ocrx_word' id='word_1_495' title='bbox 691 4625 726 4680; x_wconf 79' lang='lat'><strong>5</strong></span> <span class='ocrx_word' id='word_1_496' title='bbox 765 4625 1059 4690; x_wconf 70' lang='lat' dir='ltr'><strong>Riintauus,</strong></span> <span class='ocrx_word' id='word_1_497' title='bbox 1089 4638 1292 4683; x_wconf 90' lang='lat' dir='ltr'><strong>tantum</strong></span> <span class='ocrx_word' id='word_1_498' title='bbox 1327 4645 1449 4684; x_wconf 91' lang='lat' dir='ltr'><strong>cum</strong></span> <span class='ocrx_word' id='word_1_499' title='bbox 1481 4646 1585 4683; x_wconf 89' lang='lat' dir='ltr'><strong>non</strong></span> <span class='ocrx_word' id='word_1_500' title='bbox 1631 4646 1794 4698; x_wconf 84' lang='lat' dir='ltr'><strong>opere</strong></span> <span class='ocrx_word' id='word_1_501' title='bbox 1825 4631 2012 4685; x_wconf 86' lang='lat' dir='ltr'><strong>ferinis</strong></span> <span class='ocrx_word' id='word_1_502' title='bbox 2037 4632 2392 4684; x_wconf 88' lang='lat' dir='ltr'><strong>obumbratus</strong></span> <span class='ocrx_word' id='word_1_503' title='bbox 2425 4629 2692 4684; x_wconf 86' lang='lat' dir='ltr'><strong>tuentibus</strong></span> <span class='ocrx_word' id='word_1_504' title='bbox 2735 4642 3069 4693; x_wconf 80' lang='lat' dir='ltr'><strong>cerneretur,</strong></span> <span class='ocrx_word' id='word_1_505' title='bbox 3099 4631 3350 4702; x_wconf 61' lang='grc' dir='ltr'><strong>ιιι-ωαξρῆ</strong></span> <span class='ocrx_word' id='word_1_506' title='bbox 3395 4635 3448 4678; x_wconf 91' lang='lat' dir='ltr'><strong>ut</strong></span> <span class='ocrx_word' id='word_1_507' title='bbox 3493 4613 3778 4674; x_wconf 64' lang='lat' dir='ltr'><strong>beatissimum</strong></span> 
     </span>
    </p>
   </div>
   <div class='ocr_carea' id='block_1_45' title="bbox 764 4702 3772 4795">
    <p class='ocr_par' dir='ltr' id='par_1_45' title="bbox 764 4702 3772 4795">
     <span class='ocr_line' id='line_1_45' title="bbox 764 4702 3772 4795; baseline -0.001 -19"><span class='ocrx_word' id='word_1_508' title='bbox 764 4723 1132 4786; x_wconf 75' lang='lat' dir='ltr'><strong>Benedictum,</strong></span> <span class='ocrx_word' id='word_1_509' title='bbox 1164 4738 1322 4792; x_wconf 90' lang='lat' dir='ltr'><strong>quem</strong></span> <span class='ocrx_word' id='word_1_510' title='bbox 1345 4725 1523 4779; x_wconf 90' lang='lat' dir='ltr'><strong>omnis</strong></span> <span class='ocrx_word' id='word_1_511' title='bbox 1547 4725 1785 4780; x_wconf 61' lang='lat' dir='ltr'><strong>Romam:</strong></span> <span class='ocrx_word' id='word_1_512' title='bbox 1809 4737 1865 4779; x_wconf 92' lang='lat' dir='ltr'><strong>ut</strong></span> <span class='ocrx_word' id='word_1_513' title='bbox 1895 4726 2226 4795; x_wconf 70' lang='lat' dir='ltr'><strong>praztnlituus</strong></span> <span class='ocrx_word' id='word_1_514' title='bbox 2255 4724 2403 4795; x_wconf 85' lang='lat' dir='ltr'><strong>plebs</strong></span> <span class='ocrx_word' id='word_1_515' title='bbox 2432 4725 2689 4794; x_wconf 84' lang='lat' dir='ltr'><strong>elegerat,</strong></span> <span class='ocrx_word' id='word_1_516' title='bbox 2713 4725 3006 4794; x_wconf 82' lang='lat' dir='ltr'><strong>pon‘tihcali</strong></span> <span class='ocrx_word' id='word_1_517' title='bbox 3039 4740 3147 4793; x_wconf 89' lang='lat' dir='ltr'><strong>quo</strong></span> <span class='ocrx_word' id='word_1_518' title='bbox 3173 4723 3437 4778; x_wconf 83' lang='lat' dir='ltr'><strong>residebat</strong></span> <span class='ocrx_word' id='word_1_519' title='bbox 3459 4715 3642 4783; x_wconf 63' lang='lat' dir='ltr'><strong>dicem</strong></span> <span class='ocrx_word' id='word_1_520' title='bbox 3666 4702 3772 4756; x_wconf 57' lang='grc' dir='ltr'><strong>θοιίθο</strong></span> 
     </span>
    </p>
   </div>
   <div class='ocr_carea' id='block_1_46' title="bbox 763 4799 3773 4889">
    <p class='ocr_par' dir='ltr' id='par_1_46' title="bbox 763 4799 3773 4889">
     <span class='ocr_line' id='line_1_46' title="bbox 763 4799 3773 4889; baseline -0.004 -20"><span class='ocrx_word' id='word_1_521' title='bbox 763 4818 862 4884; x_wconf 75' lang='lat' dir='ltr'><strong>Qui</strong></span> <span class='ocrx_word' id='word_1_522' title='bbox 895 4821 1057 4872; x_wconf 59' lang='lat' dir='ltr'><strong>etiam</strong></span> <span class='ocrx_word' id='word_1_523' title='bbox 1089 4821 1401 4873; x_wconf 83' lang='lat' dir='ltr'><strong>vestimenta</strong></span> <span class='ocrx_word' id='word_1_524' title='bbox 1431 4820 1776 4887; x_wconf 80' lang='lat' dir='ltr'><strong>pontificalia,</strong></span> <span class='ocrx_word' id='word_1_525' title='bbox 1805 4822 1999 4889; x_wconf 87' lang='lat' dir='ltr'><strong>quibus</strong></span> <span class='ocrx_word' id='word_1_526' title='bbox 2037 4821 2256 4874; x_wconf 89' lang='lat' dir='ltr'><strong>indutus</strong></span> <span class='ocrx_word' id='word_1_527' title='bbox 2278 4829 2414 4882; x_wconf 85' lang='lat' dir='ltr'><strong>erat,</strong></span> <span class='ocrx_word' id='word_1_528' title='bbox 2447 4828 2505 4872; x_wconf 93' lang='lat' dir='ltr'><strong>ut</strong></span> <span class='ocrx_word' id='word_1_529' title='bbox 2535 4819 2799 4872; x_wconf 86' lang='lat' dir='ltr'><strong>barbarus</strong></span> <span class='ocrx_word' id='word_1_530' title='bbox 2827 4818 2946 4871; x_wconf 89' lang='lat' dir='ltr'><strong>tulit</strong></span> <span class='ocrx_word' id='word_1_531' title='bbox 2993 4828 3154 4887; x_wconf 91' lang='lat' dir='ltr'><strong>atque</strong></span> <span class='ocrx_word' id='word_1_532' title='bbox 3202 4813 3523 4886; x_wconf 73' lang='lat' dir='ltr'><strong>exspoliavit.</strong></span> <span class='ocrx_word' id='word_1_533' title='bbox 3563 4799 3773 4861; x_wconf 61' lang='lat' dir='ltr'><strong>nutllis&#39;l&quot;te</strong></span> 
     </span>
    </p>
   </div>
   <div class='ocr_carea' id='block_1_47' title="bbox 763 4897 3774 4992">
    <p class='ocr_par' dir='ltr' id='par_1_47' title="bbox 763 4897 3774 4992">
     <span class='ocr_line' id='line_1_47' title="bbox 763 4897 3774 4992; baseline -0.006 -27"><span class='ocrx_word' id='word_1_534' title='bbox 763 4929 886 4966; x_wconf 80' lang='lat' dir='ltr'><strong>eum</strong></span> <span class='ocrx_word' id='word_1_535' title='bbox 910 4913 1117 4980; x_wconf 84' lang='lat' dir='ltr'><strong>injuriis</strong></span> <span class='ocrx_word' id='word_1_536' title='bbox 1144 4915 1563 4982; x_wconf 85' lang='lat' dir='ltr'><strong>verberibusque</strong></span> <span class='ocrx_word' id='word_1_537' title='bbox 1589 4916 1828 4984; x_wconf 82' lang='lat' dir='ltr'><strong>rep&#39;cvit.</strong></span> <span class='ocrx_word' id='word_1_538' title='bbox 1847 4917 1996 4970; x_wconf 73' lang='lat' dir='ltr'><strong>’l&#39;unc</strong></span> <span class='ocrx_word' id='word_1_539' title='bbox 2025 4916 2138 4984; x_wconf 88' lang='lat' dir='ltr'><strong>ipse</strong></span> <span class='ocrx_word' id='word_1_540' title='bbox 2155 4917 2431 4983; x_wconf 86' lang='lat' dir='ltr'><strong>depositus</strong></span> <span class='ocrx_word' id='word_1_541' title='bbox 2454 4915 3034 4968; x_wconf 74' lang='lat' dir='ltr'><strong>Auastasiuseunulem</strong></span> <span class='ocrx_word' id='word_1_542' title='bbox 3060 4913 3489 4982; x_wconf 85' lang='lat' dir='ltr'><strong>benignissimum</strong></span> <span class='ocrx_word' id='word_1_543' title='bbox 3514 4897 3774 4992; x_wconf 56' lang='lat' dir='ltr'><strong>Benedirtlllll</strong></span> 
     </span>
    </p>
   </div>
   <div class='ocr_carea' id='block_1_48' title="bbox 765 4989 3772 5079">
    <p class='ocr_par' dir='ltr' id='par_1_48' title="bbox 765 4989 3772 5079">
     <span class='ocr_line' id='line_1_48' title="bbox 765 4989 3772 5079; baseline -0.006 -18"><span class='ocrx_word' id='word_1_544' title='bbox 765 5009 1016 5070; x_wconf 78' lang='lat' dir='ltr'><strong>electum,</strong></span> <span class='ocrx_word' id='word_1_545' title='bbox 1051 5013 1282 5063; x_wconf 88' lang='lat' dir='ltr'><strong>humana</strong></span> <span class='ocrx_word' id='word_1_546' title='bbox 1315 5026 1418 5062; x_wconf 90' lang='lat' dir='ltr'><strong>non</strong></span> <span class='ocrx_word' id='word_1_547' title='bbox 1453 5011 1541 5064; x_wconf 86' lang='lat' dir='ltr'><strong>Dei</strong></span> <span class='ocrx_word' id='word_1_548' title='bbox 1571 5013 1765 5063; x_wconf 88' lang='lat' dir='ltr'><strong>virtute</strong></span> <span class='ocrx_word' id='word_1_549' title='bbox 1801 5011 2134 5069; x_wconf 77' lang='lat' dir='ltr'><strong>custodibus.</strong></span> <span class='ocrx_word' id='word_1_550' title='bbox 2167 5013 2256 5079; x_wconf 91' lang='lat' dir='ltr'><strong>qui</strong></span> <span class='ocrx_word' id='word_1_551' title='bbox 2289 5011 2491 5065; x_wconf 80' lang='lat' dir='ltr'><strong>arctius</strong></span> <span class='ocrx_word' id='word_1_552' title='bbox 2521 5025 2644 5063; x_wconf 90' lang='lat' dir='ltr'><strong>eum</strong></span> <span class='ocrx_word' id='word_1_553' title='bbox 2673 5010 3126 5079; x_wconf 83' lang='lat' dir='ltr'><strong>conslringerent,</strong></span> <span class='ocrx_word' id='word_1_554' title='bbox 3171 5009 3379 5062; x_wconf 88' lang='lat' dir='ltr'><strong>tradere</strong></span> <span class='ocrx_word' id='word_1_555' title='bbox 3413 4999 3606 5058; x_wconf 86' lang='lat' dir='ltr'><strong>studuit,</strong></span> <span class='ocrx_word' id='word_1_556' title='bbox 3638 4989 3772 5044; x_wconf 66' lang='lat' dir='ltr'><strong>latam&quot;</strong></span> 
     </span>
    </p>
   </div>
   <div class='ocr_carea' id='block_1_49' title="bbox 718 5088 3776 5177">
    <p class='ocr_par' dir='ltr' id='par_1_49' title="bbox 718 5088 3776 5177">
     <span class='ocr_line' id='line_1_49' title="bbox 718 5088 3776 5177; baseline -0.008 -20"><span class='ocrx_word' id='word_1_557' title='bbox 718 5112 730 5151; x_wconf 75' lang='grc'><strong>1</strong></span> <span class='ocrx_word' id='word_1_558' title='bbox 765 5104 968 5157; x_wconf 72' lang='lat' dir='ltr'><strong>scilicet</strong></span> <span class='ocrx_word' id='word_1_559' title='bbox 994 5106 1333 5175; x_wconf 76' lang='lat' dir='ltr'><strong>Adriauoque</strong></span> <span class='ocrx_word' id='word_1_560' title='bbox 1361 5105 1560 5159; x_wconf 89' lang='lat' dir='ltr'><strong>dudum</strong></span> <span class='ocrx_word' id='word_1_561' title='bbox 1596 5108 1941 5177; x_wconf 76' lang='lat' dir='ltr'><strong>presbyteris,</strong></span> <span class='ocrx_word' id='word_1_562' title='bbox 1969 5108 2058 5176; x_wconf 92' lang='lat' dir='ltr'><strong>qui</strong></span> <span class='ocrx_word' id='word_1_563' title='bbox 2106 5124 2133 5162; x_wconf 88' lang='lat' dir='ltr'><strong>a</strong></span> <span class='ocrx_word' id='word_1_564' title='bbox 2173 5107 2348 5162; x_wconf 85' lang='lat' dir='ltr'><strong>Leone</strong></span> <span class='ocrx_word' id='word_1_565' title='bbox 2376 5108 2603 5175; x_wconf 55' lang='lat' dir='ltr'><strong>praesule</strong></span> <span class='ocrx_word' id='word_1_566' title='bbox 2634 5124 2730 5176; x_wconf 91' lang='lat' dir='ltr'><strong>pro</strong></span> <span class='ocrx_word' id='word_1_567' title='bbox 2773 5107 2982 5160; x_wconf 89' lang='lat' dir='ltr'><strong>illormn</strong></span> <span class='ocrx_word' id='word_1_568' title='bbox 3026 5106 3342 5160; x_wconf 78' lang='lat' dir='ltr'><strong>rritniuilms</strong></span> <span class='ocrx_word' id='word_1_569' title='bbox 3378 5094 3586 5154; x_wconf 87' lang='lat' dir='ltr'><strong>damnati</strong></span> <span class='ocrx_word' id='word_1_570' title='bbox 3625 5088 3776 5141; x_wconf 83' lang='lat' dir='ltr'><strong>fuerant</strong></span> 
     </span>
    </p>
   </div>
   <div class='ocr_carea' id='block_1_50' title="bbox 765 5179 3775 5270">
    <p class='ocr_par' dir='ltr' id='par_1_50' title="bbox 765 5179 3775 5270">
     <span class='ocr_line' id='line_1_50' title="bbox 765 5179 3775 5270; baseline -0.005 -19"><span class='ocrx_word' id='word_1_571' title='bbox 765 5210 925 5269; x_wconf 89' lang='lat' dir='ltr'><strong>atquc</strong></span> <span class='ocrx_word' id='word_1_572' title='bbox 949 5203 1172 5270; x_wconf 71' lang='lat' dir='ltr'><strong>depositi</strong></span> <span class='ocrx_word' id='word_1_573' title='bbox 1197 5220 1258 5256; x_wconf 81' lang='lat' dir='ltr'><strong>ex</strong></span> <span class='ocrx_word' id='word_1_574' title='bbox 1290 5203 1434 5257; x_wconf 92' lang='lat' dir='ltr'><strong>omni</strong></span> <span class='ocrx_word' id='word_1_575' title='bbox 1467 5203 1784 5257; x_wconf 83' lang='lat' dir='ltr'><strong>sacerdotali</strong></span> <span class='ocrx_word' id='word_1_576' title='bbox 1817 5203 2010 5256; x_wconf 42' lang='lat' dir='ltr'><strong>utilem.</strong></span> <span class='ocrx_word' id='word_1_577' title='bbox 2048 5203 2165 5257; x_wconf 80' lang='lat' dir='ltr'><strong>Mox</strong></span> <span class='ocrx_word' id='word_1_578' title='bbox 2199 5205 2444 5256; x_wconf 86' lang='lat' dir='ltr'><strong>universa</strong></span> <span class='ocrx_word' id='word_1_579' title='bbox 2479 5201 2616 5255; x_wconf 89' lang='lat' dir='ltr'><strong>Urbs</strong></span> <span class='ocrx_word' id='word_1_580' title='bbox 2647 5201 2846 5254; x_wconf 79' lang='lat' dir='ltr'><strong>ululatu</strong></span> <span class='ocrx_word' id='word_1_581' title='bbox 2875 5201 3173 5270; x_wconf 84' lang='lat' dir='ltr'><strong>:uuplisqne</strong></span> <span class='ocrx_word' id='word_1_582' title='bbox 3209 5197 3402 5267; x_wconf 76' lang='lat' dir='ltr'><strong>repleta</strong></span> <span class='ocrx_word' id='word_1_583' title='bbox 3434 5203 3504 5245; x_wconf 79' lang='lat' dir='ltr'><strong>est</strong></span> <span class='ocrx_word' id='word_1_584' title='bbox 3537 5185 3718 5242; x_wconf 57' lang='lat' dir='ltr'><strong>ﬂetibus.</strong></span> <span class='ocrx_word' id='word_1_585' title='bbox 3739 5179 3775 5221; x_wconf 72' lang='grc' dir='ltr'>εἰ</span> 
     </span>
    </p>
   </div>
   <div class='ocr_carea' id='block_1_51' title="bbox 679 5277 3775 5370">
    <p class='ocr_par' dir='ltr' id='par_1_51' title="bbox 767 5277 3775 5370">
     <span class='ocr_line' id='line_1_51' title="bbox 767 5277 3775 5370; baseline -0.008 -24"><span class='ocrx_word' id='word_1_586' title='bbox 767 5297 914 5364; x_wconf 88' lang='lat' dir='ltr'><strong>gravi</strong></span> <span class='ocrx_word' id='word_1_587' title='bbox 961 5313 1234 5352; x_wconf 87' lang='lat' dir='ltr'><strong>murmure</strong></span> <span class='ocrx_word' id='word_1_588' title='bbox 1278 5311 1528 5370; x_wconf 87' lang='lat' dir='ltr'><strong>quassata</strong></span> <span class='ocrx_word' id='word_1_589' title='bbox 1570 5297 1804 5368; x_wconf 78' lang='lat' dir='ltr'><strong>jacebat.</strong></span> <span class='ocrx_word' id='word_1_590' title='bbox 1869 5299 2013 5352; x_wconf 83' lang='lat' dir='ltr'><strong>Illico</strong></span> <span class='ocrx_word' id='word_1_591' title='bbox 2057 5301 2273 5368; x_wconf 92' lang='lat' dir='ltr'><strong>quidem</strong></span> <span class='ocrx_word' id='word_1_592' title='bbox 2322 5314 2510 5352; x_wconf 88' lang='lat' dir='ltr'><strong>omnes</strong></span> <span class='ocrx_word' id='word_1_593' title='bbox 2558 5297 2790 5367; x_wconf 83' lang='lat' dir='ltr'><strong>episcOpi</strong></span> <span class='ocrx_word' id='word_1_594' title='bbox 2845 5298 3129 5364; x_wconf 78' lang='lat' dir='ltr'><strong>elerusque</strong></span> <span class='ocrx_word' id='word_1_595' title='bbox 3172 5309 3234 5346; x_wconf 91' lang='lat' dir='ltr'><strong>ac</strong></span> <span class='ocrx_word' id='word_1_596' title='bbox 3281 5293 3368 5346; x_wconf 88' lang='lat' dir='ltr'><strong>Dei</strong></span> <span class='ocrx_word' id='word_1_597' title='bbox 3415 5284 3606 5360; x_wconf 84' lang='lat' dir='ltr'><strong>populus</strong></span> <span class='ocrx_word' id='word_1_598' title='bbox 3642 5277 3775 5370; x_wconf 68' lang='lat' dir='ltr'><strong>sancta</strong></span> 
     </span>
    </p>
   </div>
   <div class='ocr_carea' id='block_1_52' title="bbox 681 5369 3774 5472">
    <p class='ocr_par' dir='ltr' id='par_1_52' title="bbox 681 5369 3774 5472">
     <span class='ocr_line' id='line_1_52' title="bbox 681 5369 3774 5472; baseline -0.001 -23"><span class='ocrx_word' id='word_1_599' title='bbox 681 5466 688 5472; x_wconf 26' lang='grc' dir='ltr'><strong><em>ι</em></strong></span> <span class='ocrx_word' id='word_1_600' title='bbox 770 5405 1078 5450; x_wconf 87' lang='lat' dir='ltr'><strong>sanctorum</strong></span> <span class='ocrx_word' id='word_1_601' title='bbox 1109 5398 1357 5467; x_wconf 88' lang='lat' dir='ltr'><strong>ingrcssi,</strong></span> <span class='ocrx_word' id='word_1_602' title='bbox 1398 5400 1683 5454; x_wconf 85' lang='lat' dir='ltr'><strong>tundentes</strong></span> <span class='ocrx_word' id='word_1_603' title='bbox 1711 5411 1924 5470; x_wconf 88' lang='lat' dir='ltr'><strong>pectora</strong></span> <span class='ocrx_word' id='word_1_604' title='bbox 1953 5415 2047 5453; x_wconf 89' lang='lat' dir='ltr'><strong>sua</strong></span> <span class='ocrx_word' id='word_1_605' title='bbox 2079 5399 2313 5469; x_wconf 89' lang='lat' dir='ltr'><strong>profusis</strong></span> <span class='ocrx_word' id='word_1_606' title='bbox 2359 5396 2612 5466; x_wconf 85' lang='lat' dir='ltr'><strong>lacrymis</strong></span> <span class='ocrx_word' id='word_1_607' title='bbox 2645 5396 2780 5449; x_wconf 90' lang='lat' dir='ltr'><strong>intra</strong></span> <span class='ocrx_word' id='word_1_608' title='bbox 2812 5394 3133 5448; x_wconf 90' lang='lat' dir='ltr'><strong>vestibulum</strong></span> <span class='ocrx_word' id='word_1_609' title='bbox 3181 5401 3235 5446; x_wconf 90' lang='lat' dir='ltr'><strong>et</strong></span> <span class='ocrx_word' id='word_1_610' title='bbox 3261 5390 3423 5444; x_wconf 79' lang='lat' dir='ltr'><strong>altare</strong></span> <span class='ocrx_word' id='word_1_611' title='bbox 3446 5379 3545 5435; x_wconf 62' lang='lat'><strong>$01&quot;</strong></span> 
     </span>
    </p>
   </div>
   <div class='ocr_carea' id='block_1_53' title="bbox 765 5464 3775 5565">
    <p class='ocr_par' dir='ltr' id='par_1_53' title="bbox 765 5464 3775 5565">
     <span class='ocr_line' id='line_1_53' title="bbox 765 5464 3775 5565; baseline -0.008 -18"><span class='ocrx_word' id='word_1_612' title='bbox 765 5491 1039 5561; x_wconf 78' lang='lat' dir='ltr'><strong>iacebant,</strong></span> <span class='ocrx_word' id='word_1_613' title='bbox 1073 5493 1164 5546; x_wconf 90' lang='lat' dir='ltr'><strong>Dei</strong></span> <span class='ocrx_word' id='word_1_614' title='bbox 1195 5504 1411 5548; x_wconf 90' lang='lat' dir='ltr'><strong>orantes</strong></span> <span class='ocrx_word' id='word_1_615' title='bbox 1440 5496 1771 5565; x_wconf 84' lang='lat' dir='ltr'><strong>majestatem</strong></span> <span class='ocrx_word' id='word_1_616' title='bbox 1799 5503 1858 5549; x_wconf 89' lang='lat' dir='ltr'><strong>ut</strong></span> <span class='ocrx_word' id='word_1_617' title='bbox 1885 5495 2019 5548; x_wconf 76' lang='lat' dir='ltr'><strong>ututi</strong></span> <span class='ocrx_word' id='word_1_618' title='bbox 2043 5495 2247 5547; x_wconf 88' lang='lat' dir='ltr'><strong>erroris</strong></span> <span class='ocrx_word' id='word_1_619' title='bbox 2275 5492 2502 5562; x_wconf 79' lang='lat' dir='ltr'><strong>caligine</strong></span> <span class='ocrx_word' id='word_1_620' title='bbox 2537 5505 2631 5544; x_wconf 91' lang='lat' dir='ltr'><strong>sua</strong></span> <span class='ocrx_word' id='word_1_621' title='bbox 2661 5505 2754 5543; x_wconf 88' lang='lat' dir='ltr'><strong>eos</strong></span> <span class='ocrx_word' id='word_1_622' title='bbox 2790 5489 3012 5542; x_wconf 87' lang='lat' dir='ltr'><strong>victrice</strong></span> <span class='ocrx_word' id='word_1_623' title='bbox 3061 5487 3246 5541; x_wconf 78' lang='lat' dir='ltr'><strong>dextra</strong></span> <span class='ocrx_word' id='word_1_624' title='bbox 3294 5483 3544 5536; x_wconf 83' lang='lat' dir='ltr'><strong>liberaret.</strong></span> <span class='ocrx_word' id='word_1_625' title='bbox 3589 5464 3775 5528; x_wconf 58' lang='grc'><strong>5⁸9⁸⁸⁸³³</strong></span> 
     </span>
    </p>
   </div>
   <div class='ocr_carea' id='block_1_54' title="bbox 667 5581 1682 5656">
    <p class='ocr_par' dir='ltr' id='par_1_54' title="bbox 667 5581 1682 5656">
     <span class='ocr_line' id='line_1_54' title="bbox 667 5581 1682 5656; baseline 0.004 -20"><span class='ocrx_word' id='word_1_626' title='bbox 667 5581 736 5637; x_wconf 77' lang='grc'><strong>15</strong></span> <span class='ocrx_word' id='word_1_627' title='bbox 773 5597 883 5639; x_wconf 82' lang='grc' dir='ltr'>ιιιιιι</span> <span class='ocrx_word' id='word_1_628' title='bbox 916 5586 1062 5639; x_wconf 71' lang='lat' dir='ltr'><strong>feria:</strong></span> <span class='ocrx_word' id='word_1_629' title='bbox 1091 5602 1279 5640; x_wconf 85' lang='lat' dir='ltr'><strong>cursus</strong></span> <span class='ocrx_word' id='word_1_630' title='bbox 1305 5588 1682 5656; x_wconf 83' lang='lat' dir='ltr'><strong>peragebatur.</strong></span> 
     </span>
    </p>
   </div>
   <div class='ocr_carea' id='block_1_55' title="bbox 851 5641 3776 5747">
    <p class='ocr_par' dir='ltr' id='par_1_55' title="bbox 851 5641 3776 5747">
     <span class='ocr_line' id='line_1_55' title="bbox 851 5641 3776 5747; baseline -0.009 -18"><span class='ocrx_word' id='word_1_631' title='bbox 851 5675 1008 5746; x_wconf 73' lang='lat'><strong>563</strong></span> <span class='ocrx_word' id='word_1_632' title='bbox 1033 5676 1212 5730; x_wconf 75' lang='lat' dir='ltr'><strong>Altera</strong></span> <span class='ocrx_word' id='word_1_633' title='bbox 1231 5693 1355 5731; x_wconf 86' lang='lat' dir='ltr'><strong>vero</strong></span> <span class='ocrx_word' id='word_1_634' title='bbox 1381 5678 1465 5730; x_wconf 88' lang='lat' dir='ltr'><strong>die</strong></span> <span class='ocrx_word' id='word_1_635' title='bbox 1491 5679 1727 5746; x_wconf 69' lang='lat' dir='ltr'><strong>przcdicti</strong></span> <span class='ocrx_word' id='word_1_636' title='bbox 1756 5678 1990 5747; x_wconf 74' lang='lat' dir='ltr'><strong>episcopi</strong></span> <span class='ocrx_word' id='word_1_637' title='bbox 2018 5695 2082 5731; x_wconf 92' lang='lat' dir='ltr'><strong>cu</strong></span> <span class='ocrx_word' id='word_1_638' title='bbox 2111 5695 2138 5727; x_wconf 84' lang='grc' dir='ltr'><strong>ιι</strong></span> <span class='ocrx_word' id='word_1_639' title='bbox 2165 5677 2416 5730; x_wconf 89' lang='lat' dir='ltr'><strong>universo</strong></span> <span class='ocrx_word' id='word_1_640' title='bbox 2439 5675 2582 5727; x_wconf 70' lang='lat' dir='ltr'><strong>clero</strong></span> <span class='ocrx_word' id='word_1_641' title='bbox 2612 5689 2675 5725; x_wconf 90' lang='lat' dir='ltr'><strong>ac</strong></span> <span class='ocrx_word' id='word_1_642' title='bbox 2700 5669 2892 5742; x_wconf 90' lang='lat' dir='ltr'><strong>populo</strong></span> <span class='ocrx_word' id='word_1_643' title='bbox 2918 5670 2969 5722; x_wconf 92' lang='lat' dir='ltr'><strong>in</strong></span> <span class='ocrx_word' id='word_1_644' title='bbox 2995 5667 3294 5722; x_wconf 60' lang='lat' dir='ltr'><strong>Aiutiliana‘</strong></span> <span class='ocrx_word' id='word_1_645' title='bbox 3323 5660 3462 5714; x_wconf 87' lang='lat' dir='ltr'><strong>titulo</strong></span> <span class='ocrx_word' id='word_1_646' title='bbox 3475 5641 3776 5747; x_wconf 46' lang='lat' dir='ltr'><strong>eoiu&#39;ettt‘nl&#39;ll:</strong></span> 
     </span>
    </p>
   </div>
   <div class='ocr_carea' id='block_1_56' title="bbox 777 5735 3774 5836">
    <p class='ocr_par' dir='ltr' id='par_1_56' title="bbox 777 5735 3774 5836">
     <span class='ocr_line' id='line_1_56' title="bbox 777 5735 3774 5836; baseline -0.011 -5"><span class='ocrx_word' id='word_1_647' title='bbox 777 5765 831 5815; x_wconf 68' lang='lat' dir='ltr'><strong>i&quot;</strong></span> <span class='ocrx_word' id='word_1_648' title='bbox 857 5781 963 5830; x_wconf 84' lang='lat' dir='ltr'><strong>‘l&quot;&quot;</strong></span> <span class='ocrx_word' id='word_1_649' title='bbox 987 5766 1150 5817; x_wconf 61' lang='lat' dir='ltr'><strong>&quot;um&quot;</strong></span> <span class='ocrx_word' id='word_1_650' title='bbox 1186 5769 1394 5834; x_wconf 70' lang='lat' dir='ltr'><strong>\&quot;8&quot;Sli</strong></span> <span class='ocrx_word' id='word_1_651' title='bbox 1429 5770 1621 5836; x_wconf 59' lang='lat' dir='ltr'><strong>sumius</strong></span> <span class='ocrx_word' id='word_1_652' title='bbox 1650 5769 1775 5820; x_wconf 81' lang='lat' dir='ltr'><strong>dicti</strong></span> <span class='ocrx_word' id='word_1_653' title='bbox 1810 5770 1962 5832; x_wconf 74' lang='lat' dir='ltr'><strong>legati</strong></span> <span class='ocrx_word' id='word_1_654' title='bbox 1991 5769 2282 5820; x_wconf 71' lang='lat' dir='ltr'><strong>frementes</strong></span> <span class='ocrx_word' id='word_1_655' title='bbox 2313 5780 2611 5833; x_wconf 66' lang='lat' dir='ltr'><strong>magnaque</strong></span> <span class='ocrx_word' id='word_1_656' title='bbox 2636 5775 2900 5816; x_wconf 78' lang='lat' dir='ltr'><strong>tumentes</strong></span> <span class='ocrx_word' id='word_1_657' title='bbox 2929 5763 3174 5831; x_wconf 77' lang='lat' dir='ltr'><strong>superbia</strong></span> <span class='ocrx_word' id='word_1_658' title='bbox 3199 5757 3549 5828; x_wconf 59' lang='lat' dir='ltr'><strong>pervenerunt.</strong></span> <span class='ocrx_word' id='word_1_659' title='bbox 3570 5751 3609 5792; x_wconf 73' lang='grc' dir='ltr'>(ἰ</span> <span class='ocrx_word' id='word_1_660' title='bbox 3635 5735 3774 5801; x_wconf 47' lang='grc'><strong>⁸⁸³1³⁸⁸⁸</strong></span> 
     </span>
    </p>
   </div>
   <div class='ocr_carea' id='block_1_57' title="bbox 1726 5896 2804 5941">
    <p class='ocr_par' dir='ltr' id='par_1_57' title="bbox 1726 5896 2804 5941">
     <span class='ocr_line' id='line_1_57' title="bbox 1726 5896 2804 5941; baseline -0.006 0"><span class='ocrx_word' id='word_1_661' title='bbox 1726 5901 1872 5941; x_wconf 55' lang='grc' dir='ltr'>δυ’ἰί</span> <span class='ocrx_word' id='word_1_662' title='bbox 1900 5902 1988 5941; x_wconf 48' lang='grc' dir='ltr'><strong>ἔμ’ιέ</strong></span> <span class='ocrx_word' id='word_1_663' title='bbox 2039 5899 2230 5940; x_wconf 61' lang='grc' dir='ltr'><strong>λι;.ι..;1</strong></span> <span class='ocrx_word' id='word_1_664' title='bbox 2259 5900 2427 5940; x_wconf 62' lang='lat' dir='ltr'><strong>.AtJCn&#39;</strong></span> <span class='ocrx_word' id='word_1_665' title='bbox 2477 5896 2804 5937; x_wconf 50' lang='lat' dir='ltr'><strong>l‘AitltUT&#39;l‘i.</strong></span> 
     </span>
    </p>
   </div>
   <div class='ocr_carea' id='block_1_58' title="bbox 714 5947 1053 6003">
    <p class='ocr_par' dir='ltr' id='par_1_58' title="bbox 714 5947 1053 6003">
     <span class='ocr_line' id='line_1_58' title="bbox 714 5947 1053 6003; baseline 0.009 -5"><span class='ocrx_word' id='word_1_666' title='bbox 714 5963 742 5991; x_wconf 68' lang='grc' dir='ltr'><strong>ι</strong></span> <span class='ocrx_word' id='word_1_667' title='bbox 788 5947 931 6002; x_wconf 77' lang='lat' dir='ltr'><strong>Psal.</strong></span> <span class='ocrx_word' id='word_1_668' title='bbox 965 5966 1053 6003; x_wconf 66' lang='lat' dir='ltr'><strong>sx.</strong></span> 
     </span>
    </p>
   </div>
   <div class='ocr_carea' id='block_1_59' title="bbox 3852 1452 3864 1988">
    <p class='ocr_par' dir='ltr' id='par_1_59' title="bbox 3852 1452 3861 1890">
     <span class='ocr_line' id='line_1_59' title="bbox 3852 1452 3855 1586; baseline 0 0"><span class='ocrx_word' id='word_1_669' title='bbox 3852 1452 3855 1586; x_wconf 55' lang='grc' dir='ltr'>ἱ</span> 
     </span>
     <span class='ocr_line' id='line_1_60' title="bbox 3855 1594 3857 1690; baseline 0 0"><span class='ocrx_word' id='word_1_670' title='bbox 3855 1594 3857 1690; x_wconf 62' lang='lat' dir='ltr'><strong>l</strong></span> 
     </span>
     <span class='ocr_line' id='line_1_61' title="bbox 3857 1704 3859 1794; baseline 0 0"><span class='ocrx_word' id='word_1_671' title='bbox 3857 1704 3859 1794; x_wconf 64' lang='lat' dir='ltr'><strong>l</strong></span> 
     </span>
     <span class='ocr_line' id='line_1_62' title="bbox 3859 1814 3861 1890; baseline 0 0"><span class='ocrx_word' id='word_1_672' title='bbox 3859 1814 3861 1890; x_wconf 59' lang='grc' dir='ltr'><strong>ι</strong></span> 
     </span>
    </p>
   </div>
  </div>
