4004 6324
160 386 294 441 1349
887 385 1202 442 HISTORIA
1241 387 1329 441 DE
1365 385 1540 441 VITIS
1578 384 1743 441 IIOM.
1781 381 1981 440 PONT.
2010 417 2080 426 —
2105 385 2532 443 BENEDICTUS
2578 389 2662 444 Ill.
3261 375 3426 449 4350‘

296 504 438 560 facto
461 501 724 563 absidam,
752 499 806 553 iu
830 516 935 567 qua
957 484 1513 569 episcopipsallentes
1539 498 1845 553 residebant
1864 515 1985 553 cum
2015 500 2183 563 clero,
2210 499 2393 555 leones
2421 502 2581 555 veluti
2611 502 2929 557 fet-tutissimi
2947 505 3399 572 conscenderunt,

289 601 592 668 erectisque
614 595 808 664 jacnlis
841 612 936 649 eos
970 594 1308 649 conabantur
1328 594 1528 648 elidere
1567 594 1893 663 ensilmsque
1921 595 2135 663 punire,
2167 596 2446 649 dicentes:
2473 598 2828 664 Acqttiescite,
2859 609 2912 652 et
2955 592 3137 654 vestro
3166 616 3402 655 consens

220 692 256 751 5
288 690 580 745 Pontilicali
633 689 951 743 Anastasius
987 688 1207 743 culmini
1250 690 1590 757 subrogetur.
1640 687 1715 741 Illi
1767 703 1897 741 vero
1951 697 2139 742 sancto
2181 687 2371 758 repleti
2431 688 2634 758 Spiritu
2686 692 3053 758 atlirmabant,
3109 694 3396 751 dicentes:

287 783 572 853 Nunquam
615 785 666 835 in
711 783 1011 853 depositum
1041 792 1095 836 et
1136 783 1476 836 anathemate
1517 798 1546 835 a
1577 793 1764 837 sancto
1788 784 2019 851 praesule
2056 785 2317 852 beataque
2348 786 2555 853 synodo
2598 786 2837 839 vinclum
2868 790 3252 851 consentimus,
3303 790 3398 843 sed

288 878 461 930 modis
500 876 749 930 omnibus
793 877 1075 946 abjicimus
1130 887 1186 931 et
1236 893 1266 930 a
1316 878 1408 932 Dei
1453 879 1681 932 C(Bliblls
1731 893 2093 949 segregatnus.
2149 879 2248 948 Ipsi
2308 880 2538 947 denique
2604 882 2872 935 furibundi
2941 882 3251 938 verberibus
3306 901 3400 938 eos

289 972 676 1039 tormentisque
704 973 953 1026 dicebant
982 988 1040 1026 se
1071 972 1203 1026 velle
1227 988 1319 1026 eos
1339 972 1547 1039 punire,
1577 973 1670 1026 sed
1703 973 2041 1026 beatissimus
2072 973 2274 1042 Deique
2307 975 2693 1043 omnipotentis
2731 977 2978 1041 antistes,
3027 986 3084 1028 et
3116 977 3216 1044 qui
3274 991 3396 1027 cum

288 1068 421 1138 ipsis
448 1068 691 1129 aderant,
721 1077 954 1122 terrores
984 1066 1065 1120 vel
1095 1070 1267 1120 minas
1293 1081 1477 1120 eorum
1508 1067 1956 1137 parvipeudentes
1989 1067 2290 1121 immobiles
2333 1069 2703 1137 perstiterunt.
2751 1069 2989 1133 Quorum
3037 1069 3396 1122 constantiam

177 1165 249 1225 10
274 1164 386 1234 jam
411 1165 539 1221 dicti
581 1164 771 1219 Franci
803 1173 1088 1219 cernentes
1125 1164 1191 1217 ab
1219 1164 1298 1217 eis
1325 1164 1402 1217 ira
1435 1165 1799 1217 discesserunt
1845 1164 2057 1233 repleti,
2088 1173 2143 1216 et
2199 1164 2253 1217 in
2279 1155 2564 1233 quoddam
2594 1165 2897 1218 cubiculum
2947 1162 3112 1232 ipsius
3163 1163 3399 1216 basilime

285 1268 413 1313 sunt
468 1256 716 1327 ingreSsi,
767 1258 1085 1325 diversaque
1125 1256 1348 1309 consilia
1392 1258 1809 1323 meditabantur,
1852 1257 1905 1311 in
1958 1259 2099 1326 quod
2148 1259 2309 1312 etiam
2348 1258 2512 1314 Ostia:
2545 1268 2600 1313 et
2646 1258 2837 1313 Albani
2884 1257 3157 1311 antistites
3184 1270 3402 1311 coactos

283 1355 716 1419 introduxerunt,
738 1367 875 1422 quos
908 1352 1136 1406 molliori
1168 1340 1439 1406 sermone
1460 1351 1776 1421 blandisque
1804 1352 2063 1406 reducere
2092 1353 2493 1408 adulationibus
2539 1354 2916 1419 decertabant,
2958 1363 3013 1407 et
3059 1354 3398 1424 postmodum

283 1449 493 1515 asperis
527 1448 976 1516 promissionibus
1004 1447 1432 1510 circumdabant,
1457 1448 1653 1515 quibus
1674 1446 1895 1501 stridula
1918 1446 2079 1502 etiam
2104 1463 2235 1504 voce
2272 1449 2526 1503 dicebant
2551 1464 2565 1502 :
2597 1448 2910 1503 Nullatcuns
2933 1451 3094 1504 vitam
3125 1450 3401 1518 possidere

283 1544 530 1613 potestis,
552 1543 646 1597 sed
672 1543 888 1613 capitali
911 1541 1259 1609 subjacehitis
1279 1544 1569 1606 sanctioni,
1600 1543 1701 1597 nisi
1742 1544 2168 1598 consecrationis
2193 1544 2479 1599 Anastasio
2506 1545 2734 1614 gratiam
2763 1543 3040 1598 dederitis.
3096 1541 3171 1593 Illi
3218 1549 3397 1592 autem

169 1642 242 1696 15
274 1652 401 1696 ante
423 1655 483 1695 se
515 1639 673 1695 morti
711 1639 922 1692 tradere
958 1638 1307 1706 proferebant
1345 1632 1792 1708 membratimque
1842 1654 1901 1693 se
1952 1639 2164 1704 laniari,
2217 1656 2379 1710 quam
2432 1639 2696 1710 deposito,
2753 1641 3100 1692 anathemate
3149 1636 3401 1689 damnato

281 1735 704 1794 consecrationis
727 1734 1027 1788 trilmerent
1055 1734 1510 1789 benedictionem.
1537 1736 1848 1805 Argnebant
1868 1744 2049 1790 autem
2074 1736 2293 1790 eosdem
2323 1734 2541 1801 missos,
2568 1742 2623 1789 et
2650 1735 2928 1789 universas
2956 1731 3401 1787 demonstrabant

279 1848 449 1888 sacra:
503 1834 870 1901 responsionis
916 1833 1255 1901 scripturas,
1310 1832 1545 1902 qualiter
1588 1833 1893 1888 nullatenus
1949 1835 2196 1888 etnndcm
2247 1833 2552 1903 depositmn
2601 1833 2653 1887 in
2698 1832 2886 1887 ordine
2936 1844 3097 1902 quem
3146 1834 3402 1901 poscebat

276 1927 610 1983 constituere
638 1927 953 1981 valuissent.
984 1924 1239 1981 Protinus
1261 1942 1390 1981 vero
1407 1928 1667 1981 secretius
1692 1927 1926 1999 linguam
1949 1944 2135 1983 eorum
2162 1928 2568 1983 confabulantes
2595 1926 2745 1981 furor
2764 1928 2855 1997 qui
2887 1929 2937 1982 in
2960 1930 3040 1984 eis
3064 1930 3401 1983 exuberabat

281 2021 492 2081 minuit,
524 2022 898 2090 mentibusque
932 2036 1118 2075 eorum
1151 2022 1435 2075 videbatur
1457 2022 1733 2092 expulsus.
2206 2079 2210 2084 .

359 2116 522 2189 564
556 2116 739 2170 Tertia
766 2132 894 2171 vero
915 2108 1048 2170 feria
1079 2116 1385 2170 lucescente
1411 2132 1599 2170 omnes
1636 2116 1870 2186 episcopi
1906 2133 2027 2170 cum
2055 2116 2201 2170 clero
2238 2130 2301 2170 ac
2334 2115 2527 2185 populo
2556 2116 2607 2169 in
2641 2114 2860 2170 basilica
2904 2114 3224 2179 Salvatoris,
3279 2130 3400 2185 qnze

278 2214 721 2269 Constantiniana
746 2217 1293 2286 dicitur,congregati
1324 2225 1465 2269 sunt.
1495 2216 1550 2269 lu
1583 2231 1686 2284 qua
1711 2217 1887 2269 omnis
1917 2216 2084 2285 plebs,
2112 2231 2176 2267 ac
2198 2214 2378 2284 populi
2405 2214 2689 2269 nudtitudo
2710 2225 2935 2267 extensa
2960 2227 3090 2266 voce
3111 2212 3397 2266 clamavit:

278 2312 624 2367 Benedictum
670 2312 1041 2368 beatissimum
1093 2329 1287 2382 panam
1327 2312 1588 2366 volumus.
1640 2312 1918 2381 ipsumque
1947 2312 2318 2364 desideramus
2358 2291 2543 2378 iqttod
2582 2306 2695 2376 jam
2747 2307 2841 2360 fati
2886 2307 3171 2362 audientes
3212 2306 3396 2375 legati,

280 2392 632 2458 mirabantur.
667 2407 923 2461 Videntes
956 2416 1136 2475 Itaque
1162 2407 1286 2476 quia
1331 2407 1382 2461 in
1408 2407 1749 2460 Auastasium
1789 2405 1989 2459 Christi
2036 2405 2215 2471 unitas
2256 2403 2505 2473 almaque
2547 2401 2837 2456 concordia
2889 2398 3037 2456 nullo
3083 2400 3399 2455 ﬂectebatur

206 2498 242 2554 5
276 2500 506 2569 ingenio,
535 2501 586 2554 in
613 2503 846 2572 quodam
886 2503 1203 2574 patriarchii
1233 2503 1479 2558 cubiculo
1505 2503 1786 2572 episcopos
1815 2510 2265 2563 eonvocaverunt,
2316 2508 2477 2569 atque
2512 2496 2647 2551 alios
2692 2496 3001 2551 sacerdotes
3045 2509 3168 2550 cmn
3211 2494 3395 2549 clero:

277 2611 396 2650 cum
428 2597 621 2665 quibus
655 2597 888 2666 amplum
918 2598 1123 2669 agitare
1148 2598 1469 2652 stmluerunt
1501 2597 1845 2661 conﬂictum;
1876 2597 1969 2649 sed
2002 2605 2107 2647 tam
2139 2593 2503 2664 probabilibus
2542 2592 2829 2647 missormn
2873 2591 3152 2644 audaciam
3180 2604 3400 2673 supcra-

279 2702 469 2745 vernnt
499 2693 836 2748 Sermonibus
863 2702 1024 2763 atque
1051 2693 1334 2755 doctrinis,
1360 2703 1418 2746 ut
1446 2692 1679 2748 infausta
1710 2691 1922 2744 illorum
1966 2691 2161 2744 mentis
2186 2689 2440 2761 cogitatio
2458 2688 2916 2758 contemplaretur
2959 2683 3190 2738 contrita
3237 2693 3400 2751 atque

280 2786 518 2840 contrusa.
549 2787 660 2842 lloc
688 2798 972 2843 cernentes
1002 2787 1151 2842 missi
1183 2787 1576 2842 venerabilibns
1618 2788 1869 2840 dixerunt
1899 2785 2201 2855 episcopis:
2234 2783 2473 2851 Accipite
2500 2792 2737 2837 vestrum
2782 2783 3035 2843 electum,
3070 2786 3125 2833 et
3155 2777 3209 2831 in
3239 2792 3400 2845 quam

277 2882 438 2936 vultis
488 2882 763 2937 basilicam
813 2899 936 2938 eum
978 2884 1244 2937 deducite.
1278 2882 1343 2936 Et
1394 2882 1551 2935 modo
1592 2881 1958 2953 Anastasinm,
2006 2895 2164 2949 quem
2206 2877 2504 2947 depositum
2563 2874 2758 2937 dicitis,
2811 2874 2887 2928 ab
2925 2873 3025 2926 hoc
3075 2870 3405 2941 patriarchio

168 2978 241 3034 10
278 2977 540 3047 ejicimus.
586 2980 826 3048 Tresque
856 2995 953 3049 per
978 2979 1090 3033 dies
1131 2977 1394 3049 jejunium
1426 2994 1546 3032 cum
1578 2977 1915 3030 orationibus
1961 2962 2317 3036 celebremus,
2360 2962 2443 3027 ρι’
2473 2972 2809 3043 postmodum
2858 2969 3116 3043 quidquid
3168 2982 3401 3035 superna

277 3077 556 3132 clementia
598 3077 1047 3132 demonstraverit
1084 3077 1387 3145 impleatur.
1419 3076 1649 3131 Almilici
1695 3091 1823 3130 vero
1852 3074 2087 3143 episcopi
2129 3073 2492 3126 claaiavernut
2527 3087 2541 3123 :
2591 3067 2845 3135 Ejiciatur
2888 3074 3072 3120 nostra
3116 3059 3405 3131 praesentia

278 3171 493 3227 invasor
514 3182 673 3241 atque
695 3173 971 3243 depositus
994 3172 1334 3237 Anastasius,
1360 3182 1415 3228 ct
1435 3172 1503 3227 ab
1532 3173 1633 3227 hoc
1660 3171 1961 3240 expellatur
1987 3169 2338 3240 patriarchii),
2365 3176 2419 3221 et
2447 3175 2571 3220 tunc
2596 3165 2825 3219 facimus
2845 3163 2987 3231 quod
3010 3158 3326 3216 hortamini.

346 3286 507 3359 585
545 3287 699 3343 lllico-
733 3289 1025 3359 praedictus
1078 3287 1398 3345 Anastasius
1450 3306 1643 3361 magna
1693 3306 1815 3346 cum
1872 3289 2199 3358 turpitudine
2261 3287 2329 3340 de
2375 3284 2705 3354 patriarcbio
2753 3283 2957 3352 ejectus
3005 3289 3169 3350 atque
3217 3276 3405 3346 expul-

277 3393 372 3433 sus
435 3387 555 3443 est;
624 3388 685 3434 ut
738 3394 928 3434 omnes
998 3379 1341 3436 multimodas
1411 3380 1723 3434 orthodoxa!
1768 3378 2004 3434 cultores
2061 3376 2180 3430 lidei
2234 3375 2460 3427 Domino
2531 3381 2715 3426 uestio
2751 3371 2878 3425 Jesu
2926 3369 3146 3423 Christo
3193 3363 3402 3434 persol-

280 3475 470 3522 verent
522 3477 727 3537 grates.
784 3468 1032 3538 Episcopi
1079 3470 1296 3538 quidem
1344 3484 1467 3523 cmn
1530 3471 1783 3523 universo
1824 3469 1969 3521 clero
2014 3482 2078 3521 ac
2121 3465 2316 3534 populo
2376 3463 2743 3539 beatissimum
2796 3460 3120 3528 accipientes
3176 3455 3405 3509 Benedi-
3453 3536 3467 3547 .

279 3566 423 3613 ctum
470 3559 699 3629 ejectum
763 3560 830 3614 de
880 3560 1131 3621 basilica,
1190 3562 1243 3615 in
1299 3578 1402 3630 qua
1446 3560 1627 3616 clerici
1684 3570 2107 3619 commorantur,
2154 3558 2532 3620 deduxerunt;
2586 3556 2712 3624 quia
2770 3554 2965 3607 ibidem
3000 3548 3315 3606 custodibus
3366 3565 3395 3600 ιι

205 3648 247 3703 5
283 3635 581 3705 saevissimo
632 3648 813 3703 fuerat
859 3649 1146 3703 Anastasio
1201 3650 1511 3705 collocatus.
1570 3650 1671 3715 Qui
1721 3665 1844 3705 cmn
1894 3650 2040 3702 muni
2077 3647 2354 3711 alacritate
2398 3657 2559 3716 atque
2603 3642 2962 3697 exsultatione
3007 3656 3129 3693 cum
3178 3638 3296 3707 ipso
3348 3637 3401 3690 in

281 3739 560 3796 basilicam
612 3741 931 3802 Salvatoris,
956 3756 1074 3810 qua:
1101 3740 1545 3795 Constantiniana
1579 3740 1797 3803 dicitur,
1839 3739 2251 3794 descenderunt.
2286 3738 2358 3792 De
2409 3751 2511 3807 qua
2543 3745 2824 3795 exeuntes,
2856 3747 2977 3784 cum
3005 3746 3169 3799 super
3197 3741 3399 3796 equum

278 3843 504 3888 ovantes
533 3873 549 3898 ,
607 3833 659 3886 in
705 3847 814 3901 quo
860 3830 968 3885 Leo
1029 3832 1223 3901 prrcsul
1262 3833 1449 3884 sedere
1497 3840 1873 3894 consueverat,
1929 3837 2240 3899 posuerunt.
2293 3827 2463 3893 Quem
2513 3824 2675 3879 etiam
2726 3837 2914 3892 magna
2967 3811 3394 3889 populi'praece-

281 3922 443 3976 dente
485 3931 702 3977 caterva
752 3921 804 3975 in
852 3920 1129 3976 basilicam
1175 3920 1264 3975 Dei
1318 3921 1634 3981 Gcnitric's,
1670 3936 1788 3990 qua:
1838 3920 1903 3973 ad
1949 3918 2196 3988 Prassepe
2245 3917 2472 3981 dicitur,
2530 3914 2863 3969 deduxerunt
2899 3930 2911 3964 :
2945 3912 2995 3963 in
3033 3925 3136 3979 qua
3183 3907 3405 3977 jejuniis

279 4021 337 4068 et
373 4010 707 4066 orationibus
750 4011 921 4065 tribus
947 4009 1137 4065 diebus
1167 4010 1521 4081 noctibusque
1548 4019 1824 4073 vacantes,
1860 4025 2123 4062 summam
2158 4006 2491 4075 majestatem
2526 4001 2735 4056 Donnini
2789 3998 2970 4053 tnultis
3000 4013 3120 4053 cum
3149 3997 3405 4070 lacrymis

169 4106 247 4163 11)
283 4103 601 4162 exorabant.

355 4192 517 4265 566
557 4192 884 4262 Expletoque
923 4191 1151 4263 jejunio,
1193 4207 1380 4247 omnes
1417 4193 1507 4262 qui
1558 4207 1616 4247 se
1681 4190 2135 4246 anathematizato
2185 4188 2535 4259 depositoque
2587 4183 2982 4251 coniunxerant
3031 4179 3215 4236 dlrino
3258 4195 3406 4237 com-

283 4286 466 4354 puncti
516 4292 647 4339 nutu
703 4282 903 4354 Deique
954 4282 1270 4337 inﬂammati
1319 4284 1519 4347 favore,
1575 4284 1626 4337 in
1657 4282 1769 4352 jam
1825 4281 1988 4336 latam
2036 4279 2310 4335 basilicam
2366 4279 2418 4333 in
2465 4291 2572 4347 qua
2623 4274 3003 4336 beatissimus,
3064 4280 3121 4326 ut
3164 4274 3404 4343 praetuli-

280 4393 426 4440 mus,
478 4375 803 4430 Benedictus
846 4383 989 4437 erat,
1044 4374 1327 4428 unanimes
1373 4381 1759 4436 convenerunt,
1809 4381 1865 4426 et
1916 4371 2268 4442 procedentes
2317 4369 2539 4438 vestigia
2596 4363 2765 4436 ipsius
2812 4362 3404 4431 oscularicmperunt;

282 4469 375 4540 qui
428 4478 484 4522 et
540 4465 847 4519 dicebant:
899 4462 1213 4517 Erravimus
1242 4503 1257 4527 ,
1306 4471 1362 4517 et
1426 4462 1634 4517 lubrico
1670 4477 1701 4517 a
1750 4468 1802 4516 te
1839 4448 1975 4532 pede
2005 4460 2390 4522 discessimus;
2440 4459 2536 4512 sed
2584 4468 2772 4526 pastor
2815 4459 2981 4513 veluti
3036 4458 3409 4513 sanctissimus

209 4560 249 4617 5
283 4558 467 4616 ovium
519 4555 734 4626 suscipe
782 4553 1007 4624 agmina
1044 4566 1144 4622 per
1177 4553 1663 4616 nemusterramia,
1715 4551 1993 4620 fessosque
2042 4550 2162 4604 sinu
2212 4547 2489 4617 agniculos
2532 4547 2756 4617 collige,
2809 4547 3021 4615 tuisque
3069 4559 3169 4599 nos
3211 4545 3407 4598 obum-

284 4647 386 4703 ιιι-ι
420 4637 685 4702 subtilis.
740 4641 998 4696 Protinus
1036 4642 1152 4709 ipse
1197 4658 1227 4694 a
1279 4642 1389 4695 Deo
1435 4650 1711 4710 protectus
1752 4641 2077 4694 Benedictus
2104 4636 2343 4689 extensis
2380 4635 2646 4698 brachiis,
2704 4638 2851 4706 puris
2899 4636 3169 4690 urentibus
3220 4637 3408 4690 corde-

284 4754 395 4809 que
439 4737 670 4807 benigno
716 4746 906 4788 omnes
970 4731 1219 4800 amplecti
1269 4732 1519 4795 sitielmt,
1572 4739 1629 4784 et
1670 4729 1871 4784 osculis
1919 4712 2529 4797 perornabat,rr'|'uibus
2580 4725 2749 4777 etiam
2810 4725 3031 4779 dicebat
3071 4723 3360 4779 :Gaudctc
3386 4765 3403 4790 ,

284 4831 488 4902 inquit,
535 4825 909 4887 dilectissimi,
957 4832 1014 4877 et
1076 4821 1249 4889 magis
1299 4822 1606 4883 exsatiate,
1658 4819 1783 4888 quia
1834 4817 2129 4873 Ecelesiam
2178 4830 2298 4882 quae
2348 4814 2515 4867 scissa
2562 4811 2738 4869 fuerat
2792 4814 3045 4869 Christus
3097 4815 3189 4871 Dei
3240 4816 3410 4870 Filius

283 4937 384 4977 sua
438 4920 595 4974 linire
648 4918 850 4971 virtute
894 4914 1148 4984 dignatus
1194 4921 1299 4966 est.
1353 4912 1478 4966 I'lzec
1505 4911 1695 4966 dicens
1723 4918 1779 4965 et
1826 4909 1910 4963 bis
1958 4906 2154 4962 similia
2202 4905 2541 4974 pncdicans,
2588 4907 2750 4960 etizim
2807 4907 2905 4976 ipsi
2954 4906 3261 4975 imperiales
3311 4908 3409 4960 ibi-

158 5012 247 5069 40
289 5012 412 5067 dem
462 5014 834 5064 convenerunt
864 5005 1063 5080 legati,
1096 5004 1187 5074 qui
1218 5003 1528 5059 salubribus
1573 5002 1755 5056 verbis
1795 5017 1859 5056 ae
1907 5000 2240 5055 rnolliorihus
2274 5013 2397 5052 etim
2425 4999 2614 5053 codem
2644 4997 2909 5051 secretius
2942 4995 3117 5051 electo
3150 4995 3410 5050 confabu-

293 5098 563 5153 labantur.
609 5093 802 5149 Subito
850 5112 981 5150 vero
1009 5110 1198 5150 omnes
1240 5094 1483 5164 episcopi
1536 5095 1931 5161 universusque
1979 5089 2156 5144 clerus
2200 5098 2363 5156 atque
2417 5085 2701 5141 imnunera
2740 5083 2983 5141 Romani
3039 5083 3218 5153 populi
3262 5082 3405 5137 nud-

289 5189 465 5244 tltudo
510 5203 579 5242 ex
617 5189 808 5242 eadem
853 5203 974 5243 eum
1029 5189 1359 5244 deducentes
1407 5187 1626 5243 basilica
1652 5224 1669 5250 ,
1714 5201 1837 5239 cum
1894 5183 2112 5255 hymnis
2158 5189 2214 5236 et
2266 5181 2496 5236 canticis
2538 5177 2869 5248 spiritalibus
2915 5176 2967 5231 in
3018 5174 3404 5244 patriarebium

292 5280 661 5334 Lateranense
692 5279 1128 5338 introduxerunt,
1176 5287 1232 5331 et
1267 5278 1319 5330 in
1354 5276 1648 5347 pontiﬁcali
1695 5274 1831 5330 solio
1880 5275 1949 5331 de
1993 5288 2101 5342 quo
2148 5270 2351 5339 eiectus
2398 5269 2575 5323 fuerat
2629 5274 2947 5338 tumuerunt.
2996 5264 3239 5332 Denique
3285 5263 3405 5323 uni-

288 5383 446 5423 versa
496 5366 974 5436 congratulabatur
1021 5366 1288 5441 Ecclesia,
1339 5375 1394 5423 et
1440 5367 1618 5422 euntis
1669 5365 1898 5438 populus
1942 5365 2137 5436 amplis
2183 5364 2405 5418 vocibus
2453 5361 2765 5415 resnltahat.
2817 5358 3101 5413 Pnetcrca.
3130 5354 3409 5423 Boittinico

164 5462 251 5518 15
292 5462 381 5516 die
427 5459 662 5517 diluculo
687 5460 741 5513 in
781 5459 1055 5514 basilicam
1091 5459 1231 5515 beati
1275 5458 1422 5514 Petri
1467 5458 1733 5528 apostoli,
1761 5457 1831 5515 ab
1858 5457 2156 5528 episcopis,
2191 5453 2377 5518 clero,
2427 5451 2743 5522 proceribus
2789 5449 3052 5504 deductus
3092 5454 3201 5507 est,
3250 5453 3305 5499 et
3353 5443 3406 5496 in

292 5560 587 5621 conspectu
609 5550 870 5611 oinnium,
930 5550 1298 5620 imperialibus
1326 5550 1508 5606 missis
1543 5551 1891 5607 cernentibus
1916 5590 1931 5614 ,
1990 5549 2044 5603 in
2095 5544 2387 5617 apostolica
2436 5542 2602 5603 sede.
2654 5550 2715 5596 ut
2779 5556 2897 5597 mos
2948 5546 3036 5597 est
3087 5545 3151 5593 et—
3187 5535 3407 5603 antiqua

291 5647 513 5701 traditio
559 5645 763 5711 dictat,
811 5657 1159 5701 eottsecratus
1209 5647 1599 5718 ordinatosque
1647 5655 1735 5702 est
1774 5646 2043 5717 pomifer.
2095 5640 2410 5698 Portueusis
2478 5654 2610 5694 vero
2662 5635 2949 5705 episcopus
2990 5628 3295 5718 prohibitus
3340 5626 3410 5680 ab

292 5743 545 5807 ecclesia,
595 5740 990 5796 ordinationem
1040 5754 1203 5809 quam
1248 5715 1696 5809 debueratsuper
1721 5715 1845 5792 eum
1877 5736 2182 5792 nullatenus
2217 5731 2383 5793 fecit,
2437 5730 2580 5799 quod
2614 5724 2958 5782 anathemate
3005 5734 3129 5777 sese
3154 5715 3410 5787 illum!“

296 5845 362 5888 ac
408 5831 464 5886 in
492 5830 715 5893 periurii
769 5829 1077 5894 voraginem
1102 5828 1375 5883 ceciderat
1408 5839 1569 5894 atque
1601 5826 1868 5881 manebat.
