4004 6324
672 380 802 438 1351
1797 367 2064 424 ANA-STA
2073 366 2154 422 Sil
2193 363 2253 419 Bl

2193 363 2734 422 BlBLlOTllECAllll
3677 379 3767 433 liii:

878 487 1039 561 567
1061 486 1190 542 Post
1207 499 1364 556 sacra
1392 490 1570 538 autem
1597 489 1724 534 tunc
1741 480 2025 533 missarum
2049 474 2309 529 solemnia
2324 474 2594 529 celebrata
2624 476 2676 530 in
2707 475 3019 544 patriarchii
3049 473 3405 530 Laterauensis
3421 481 3766 547 pontiiexord'm.

815 588 905 636 tus
961 592 1210 634 reversus
1253 583 1340 630 est
1393 571 1695 628 ecclesiam.
1744 568 1876 622 Erat
1930 567 2075 620 enim
2115 565 2431 619 mitissinms
2473 572 2529 617 et
2577 565 2829 618 omnibus
2873 564 3044 618 sacris
3095 565 3367 619 decoratus
3405 571 3642 636 operibus,
3675 576 3767 628 uuln

814 672 1042 742 pulcher
1085 678 1143 724 et
1184 677 1365 723 mente
1412 665 1613 727 clarus,
1656 660 1829 716 dulcis
1875 659 2062 722 verbo,
2109 657 2356 712 doctrina
2391 657 2704 712 benevolus.
2758 657 2866 710 Sed
2907 657 3032 724 quia
3085 664 3275 710 cuncta
3324 670 3420 708 non
3458 657 3683 715 sollicitans
3711 680 3770 732 per

809 762 1051 814 ordinem
1097 771 1372 816 enarrare,
1404 756 1470 808 ad
1500 769 1564 808 ea
1611 767 1731 823 quae
1765 749 1994 805 diversis
2039 759 2348 804 sanctorum
2381 747 2514 801 locis
2557 746 2754 800 obtulit
2800 746 3091 800 extendere
3145 745 3396 800 calamum
3455 749 3706 804 studemus.
3736 754 3770 807 In

738 853 774 905 5
812 852 986 920 primo
1033 848 1249 919 quidem
1277 844 1618 915 pontiﬁcatus
1647 841 1730 896 sui
1757 839 1980 895 exordio
2025 852 2258 908 superno
2284 837 2645 892 exardescens
2673 851 2860 890 amore
2891 836 2944 889 in
2987 834 3207 890 basilica
3250 833 3530 899 Salvatoris,
3570 853 3659 908 qua
3685 841 3770 896 con.

811 939 1143 995 stantiniana
1192 936 1406 999 dicitur,
1457 932 1624 1003 ipsius
1668 927 2043 998 Redemptoris
2087 927 2300 982 Domini
2351 929 2520 980 nostri
2555 925 2684 981 Jesu
2723 924 2926 980 Christi
2975 925 3125 980 mira:
3148 925 3528 994 pulchritudinis
3556 943 3607 983 ex
3629 945 3772 1000 argento

811 1035 1100 1107 purissimo
1128 1045 1368 1100 auroque
1393 1027 1663 1098 perfusam
1697 1025 1824 1080 fecit
1853 1025 2086 1086 iconam,
2120 1022 2329 1076 leonem
2357 1023 2750 1092 draconemque
2782 1023 3006 1092 pedibus
3033 1022 3449 1084 eonculcantem,
3477 1025 3772 1091 pensamlibns

811 1129 1079 1186 sexdecim
1107 1135 1164 1182 et
1187 1125 1369 1180 semis.
1395 1123 1460 1177 Et
1491 1122 1543 1176 in
1572 1120 1793 1176 basilica
1824 1130 2024 1175 sancta:
2061 1115 2154 1173 Dei
2185 1119 2476 1174 Cenitricis
2524 1134 2844 1188 semperque
2877 1118 3112 1189 Virginis
3150 1117 3381 1172 Dominae
3411 1127 3605 1181 nostra,
3635 1126 3772 1188 quaid

806 1226 1052 1292 Praesepe
1080 1228 1440 1288 nuncupatur,
1470 1231 1688 1270 auream
1717 1213 1907 1270 obtulit
1937 1213 2496 1283 pretiosissimamque
2540 1228 2798 1268 coronam
2837 1228 2999 1266 unam
3021 1253 3037 1277 ,
3082 1225 3303 1282 pensari.
3349 1211 3495 1266 libras
3526 1224 3722 1282 quatuor:
3741 1219 3773 1270 in

702 1322 769 1374 l0
805 1335 910 1388 qua
941 1332 1069 1372 vero
1099 1315 1318 1371 basilica
1341 1311 1716 1384 baptisterium
1741 1310 2072 1364 destructum
2101 1310 2268 1362 multa
2293 1321 2390 1378 per
2417 1311 2658 1377 tempera
2681 1311 2981 1377 manserat,
3008 1309 3172 1364 celeri
3202 1309 3392 1373 studio,
3416 1307 3610 1361 futuram
3629 1323 3773 1378 sperans

805 1433 834 1468 a
864 1414 1090 1470 Domino
1117 1410 1546 1470 retributionem,
1577 1405 1916 1467 restauravit,
1943 1413 2002 1460 et
2023 1405 2090 1458 ad
2119 1405 2406 1474 pristinum
2441 1411 2641 1458 statum
2681 1403 2900 1473 perduci
2929 1405 3258 1474 procuravit.
3295 1403 3405 1474 ipse
3427 1417 3602 1474 quoque
3628 1404 3776 1476 insignis

807 1519 863 1562 et
886 1492 1228 1562 beatissimus
1251 1521 1386 1576 papa
1415 1503 1468 1558 in
1500 1503 1720 1558 basilica
1749 1501 1892 1555 beati
1926 1499 2070 1555 Petri
2102 1499 2328 1569 apostoli
2357 1515 2424 1554 ex
2450 1508 2676 1570 argento
2717 1499 3084 1569 mundissimo
3104 1515 3340 1569 auroque
3384 1499 3532 1553 fusam
3565 1501 3775 1554 catillum:

805 1602 1188 1667 interrasilem,
1216 1603 1270 1655 in
1296 1614 1457 1670 quam
1483 1599 1604 1652 thus
1636 1597 1887 1659 mittitur,
1919 1593 2116 1649 obtulit
2142 1611 2156 1648 :
2186 1592 2278 1648 ubi
2305 1594 2470 1648 etiam
2506 1592 2836 1648 candelabra
2881 1602 3088 1662 septem
3127 1607 3252 1646 cum
3298 1595 3526 1649 cornibus
3558 1610 3609 1649 ex
3637 1610 3777 1667 argcmo

807 1699 1097 1769 purissimo
1122 1695 1318 1752 obtulit
1345 1710 1509 1748 aureo
1537 1693 1760 1747 nitentia
1783 1690 1987 1746 colore.
2392 1702 2394 1704 ·
2649 1691 2651 1694 ‘
2717 1695 2720 1700 '
3077 1694 3079 1698 '

877 1796 1041 1868 568
1063 1794 1180 1850 lam
1209 1801 1265 1848 et
1290 1793 1342 1847 in
1369 1789 1588 1846 basilica
1614 1790 1853 1844 doctoris
1885 1784 2070 1842 mundi
2099 1785 2246 1842 beati
2267 1785 2418 1842 Pauli
2445 1784 2673 1854 apostoli
2699 1783 3029 1855 sepulcrum,
3055 1786 3201 1856 quod
3221 1801 3249 1839 a
3275 1784 3535 1840 Saracenis
3552 1785 3774 1840 destructum

809 1889 1001 1954 fuerat,
1033 1889 1359 1959 perornavit,
1386 1903 1610 1957 pensau.
1645 1885 1810 1940 libras
1838 1900 2065 1939 numero
2083 1894 2302 1938 centum
2346 1896 2474 1937 tres.
2513 1884 2691 1937 Etiam
2725 1883 2778 1937 in
2825 1882 3048 1939 basilica
3092 1883 3267 1960 beata:
3305 1882 3396 1939 Dei
3431 1883 3664 1938 Genitricii
3690 1893 3778 1936 trans

806 1985 1060 2056 'l‘yberim
1091 1986 1284 2040 obtulit
1311 1995 1514 2038 vestem
1545 1998 1728 2046 unam,
1772 1982 1825 2036 in
1873 1979 2101 2036 circuitu
2149 1983 2398 2035 ornatam
2430 1983 2497 2058 de
2524 1981 2764 2042 olovero,
2797 1980 3085 2036 habentem
3111 1969 3176 2035 :in
3216 1981 3385 2035 medio
3414 1994 3593 2033 crucem
3617 1977 3779 2046 dechry-

805 2081 1038 2136 soclavo.
1065 2080 1210 2135 Fecit
1239 2091 1420 2136 autem
1452 2081 1506 2134 in
1537 2079 1757 2135 basilica
1791 2079 1960 2132 beatae
1993 2077 2086 2132 Dei
2109 2075 2400 2132 Genitricis
2419 2117 2434 2138 ,
2462 2091 2582 2146 qua:
2614 2086 2838 2131 vocatur
2868 2077 3102 2147 Antiqua
3122 2117 3138 2142 ,
3163 2092 3322 2147 quam
3352 2092 3378 2129 a
3411 2075 3696 2128 fundamentis
3717 2069 3778 2126 In

735 2173 769 2228 5
805 2191 940 2246 papa
971 2175 1110 2228 viam
1135 2172 1289 2242 juxta
1318 2175 1540 2229 Sacram
1571 2179 1983 2236 construxerat,
2013 2170 2130 2226 vela
2173 2168 2242 2226 de
2284 2171 2509 2225 fundato
2548 2187 2672 2226 cum
2719 2170 2970 2242 periclysi
3007 2173 3075 2227 de
3105 2171 3335 2226 blatthin
3377 2185 3570 2225 numero
3599 2170 3777 2224 Imbria.

808 2269 908 2336 Qui
935 2269 1100 2324 etiam
1133 2270 1184 2323 in
1216 2268 1435 2323 basilica
1469 2266 1610 2321 beati
1641 2267 1918 2321 Laurentii
1950 2266 2235 2336 martyris,
2274 2267 2375 2321 sita
2407 2263 2539 2319 foris
2569 2281 2754 2319 muros
2789 2265 3059 2330 civitatis,
3089 2267 3287 2322 obtulit
3320 2279 3495 2320 aureas
3531 2263 3778 2330 clamatque

805 2365 1091 2419 concessit.
1124 2363 1178 2418 ln
1206 2380 1390 2418 mense
1416 2379 1540 2417 vero
1575 2363 1765 2432 quinto
1795 2362 2222 2416 consecrationis
2247 2360 2405 2429 hujus
2433 2359 2676 2429 praeclari
2708 2359 3000 2430 pontificis,
3025 2359 3080 2414 id
3104 2369 3191 2415 est
3224 2374 3401 2415 mense
3426 2361 3662 2422 Januario,
3686 2358 3776 2412 the...

808 2457 1001 2510 ﬂuvius
1033 2457 1122 2526 qui
1153 2457 1453 2528 appellatur
1494 2454 1721 2529 Tyberis
1749 2455 1955 2510 alveum
2011 2469 2263 2526 egressus
2310 2463 2395 2510 est
2437 2464 2593 2510 Suum
2626 2463 2682 2510 et
2725 2470 2821 2524 per
2865 2456 3198 2525 campestria
3245 2471 3303 2510 se
3344 2456 3504 2519 dedit,
3539 2451 3778 2519 intumuitquc

810 2553 1157 2609 inundatione
1188 2570 1445 2624 aquarum
1475 2551 1764 2608 multarum
1792 2561 1845 2607 et
1875 2553 2154 2623 ingressus
2189 2563 2273 2606 est
2321 2568 2418 2622 per
2447 2553 2808 2620 posterulam,
2855 2567 2978 2622 qua“
3018 2553 3322 2622 appellatur
3365 2563 3540 2608 sancta:
3555 2543 3776 2620 Agathz,il

700 2653 767 2707 lt)
801 2652 986 2705 urbem
1013 2649 1310 2704 Romanam
1340 2651 1470 2704 hora
1502 2649 1628 2704 dici.
1658 2647 2016 2704 Transcendit
2047 2649 2253 2704 interea
2285 2649 2556 2718 aliquibus
2598 2650 2730 2703 locis
2750 2689 2766 2712 ,
2806 2659 2861 2703 et
2906 2650 3189 2719 ingressus
3233 2658 3315 2704 est
3355 2650 3407 2704 in
3440 2647 3665 2704 ecclesiam
3696 2644 3776 2696 beati

809 2747 1078 2808 Silvestri,
1110 2746 1181 2800 ita
1209 2755 1269 2798 ut
1297 2755 1351 2799 et
1377 2747 1574 2816 gradus
1598 2759 1787 2801 omnes
1833 2744 2154 2798 ascenderet
2199 2745 2252 2797 in
2303 2743 2576 2797 basilicam
2627 2744 2768 2798 beati
2813 2743 3056 2814 Dionysii
3095 2759 3209 2814 pne
3248 2743 3558 2799 multitudine
3587 2752 3776 2806 aquarum.

807 2852 1034 2912 excepto
1062 2858 1169 2894 uno
1193 2841 1282 2910 qui
1309 2840 1554 2910 superius
1580 2849 1718 2905 erat,
1743 2849 1795 2894 et
1821 2839 2020 2894 exinde
2043 2838 2300 2908 expandit
2327 2853 2386 2892 se
2407 2855 2569 2908 super
2589 2840 2844 2910 plateam,
2868 2855 2988 2908 quae
3014 2825 3241 2893 vocatur
3269 2841 3350 2894 via
3376 2839 3513 2903 Lata,
3534 2847 3579 2891 et
3605 2836 3778 2905 insuam

811 2947 896 2990 est
924 2937 974 2988 in
1004 2937 1279 2990 basilicam
1311 2945 1512 2988 sanctre
1535 2934 1629 2988 Dei
1657 2933 1949 2990 Genitricis
1989 2933 2171 2989 Maria:
2194 2974 2208 2998 ,
2246 2942 2301 2988 et
2329 2934 2525 2988 ibidem
2559 2942 2771 2989 tantum
2807 2934 3065 2989 intumuit
3091 2950 3236 3004 aqua
3266 2945 3323 2989 ut
3349 2937 3497 2990 etiam
3523 2940 3652 3002 porta
3677 2929 3778 2997 ἱρείας

809 3031 1050 3085 ecclesia:
1081 3046 1185 3083 non
1216 3030 1526 3082 viderentur
1561 3045 1670 3098 pra:
1703 3028 2044 3083 multitudine
2073 3021 2358 3100 aquarum.
2393 3030 2468 3082 Ac
2508 3029 2633 3084 inde
2680 3031 2927 3085 ascendit
2957 3043 3052 3099 per
3097 3033 3308 3099 plateas
3353 3041 3404 3086 et
3443 3030 3566 3084 vicos
3599 3040 3714 3092 usque
3742 3017 3781 3072 Mi

704 3119 771 3176 l5
810 3121 1007 3175 clivum
1037 3119 1326 3188 argentarii
1356 3137 1368 3171 :
1396 3119 1592 3172 exinde
1617 3133 1747 3172 vero
1792 3119 2024 3173 reflexus
2071 3119 2351 3188 ingressus
2378 3128 2461 3173 est
2491 3134 2587 3189 per
2625 3120 2895 3188 porticum
2920 3159 2936 3184 ,
2979 3136 3100 3190 qua:
3145 3130 3233 3175 est
3274 3121 3440 3191 posita
3473 3127 3577 3172 ante
3597 3112 3779 3167 ecclesiam

809 3215 978 3269 sancti
1017 3213 1205 3278 Marci,
1236 3227 1425 3267 mense
1451 3213 1784 3282 supradicto,
1816 3213 1904 3267 die
1932 3223 2088 3268 sexto
2115 3214 2474 3283 apparitionis
2505 3213 2717 3268 Domini
2749 3215 2925 3270 nostri
2958 3214 3084 3270 Jesu
3109 3212 3317 3270 Chriin
3353 3215 3779 3268 secundmncamul.

810 3313 860 3366 id
887 3319 970 3365 est
994 3309 1374 3378 'l‘heophanim.
1409 3308 1536 3362 Inde
1557 3316 1737 3362 autem
1771 3309 2030 3378 impetum
2060 3308 2266 3366 faciens
2295 3312 2464 3380 coepit
2489 3313 2784 3366 decurrere
2809 3312 2864 3366 in
2893 3312 3140 3367 cloacam
3175 3330 3296 3384 quae
3335 3321 3416 3366 est
3448 3313 3574 3379 juxta
3608 3311 3778 3360 waste-

811 3405 949 3462 rinm
980 3406 1151 3461 sancti
1183 3404 1430 3459 Silvestri
1455 3411 1510 3458 et
1533 3404 1709 3458 sancti
1738 3403 2015 3459 Laurentii
2048 3405 2322 3476 martyris,
2350 3407 2493 3475 quod
2518 3415 2743 3460 vocatur
2764 3405 3045 3461 Pallaeini.
3080 3406 3153 3460 Et
3191 3410 3261 3462 ab
3291 3408 3403 3476 ipso
3433 3406 3511 3459 die
3542 3413 3585 3458 et
3616 3401 3780 3462 dsint-€95

809 3503 972 3570 cmpit
1000 3499 1254 3570 paulatim
1280 3513 1419 3569 aqua
1449 3499 1658 3563 minui,
1697 3508 1752 3552 et
1783 3499 1980 3552 ﬂuvius
2006 3509 2130 3569 post
2161 3500 2328 3554 multo
2365 3502 2563 3554 damno
2606 3500 2750 3556 facto
2790 3502 2843 3555 in
2884 3515 3044 3555 suum
3089 3502 3306 3556 alveum
3349 3515 3565 3556 reversus
3597 3504 3670 3551 est.
3703 3490 3779 3543 Mi

697 3599 770 3652 ευ
808 3600 993 3653 domos
1021 3595 1238 3659 evertit,
1265 3611 1426 3667 agros
1455 3594 1772 3658 desertavit,
1803 3595 2041 3651 evellens
2073 3605 2290 3667 segetes
2319 3605 2377 3650 et
2401 3598 2687 3652 eradicans
2715 3599 2961 3652 arbusta.
3009 3597 3105 3652 llis
3155 3599 3339 3668 itaque
3385 3596 3588 3666 peractis
3621 3589 3780 3661 perlatus

811 3693 1154 3748 beatissimus
1202 3707 1338 3762 papa
1387 3692 1553 3747 nimio
1599 3707 1786 3747 amore
1830 3694 2160 3747 constrictus
2219 3694 2272 3748 in
2318 3689 2548 3748 ecclesia
2598 3694 2692 3749 Dei
2745 3693 3042 3749 Genitricis
3089 3709 3408 3765 semperque
3451 3687 3637 3760 Virginis
3671 3675 3780 3737 lari:

807 3789 1038 3844 dominae
1065 3797 1285 3851 nostra),
1317 3801 1437 3857 quae
1468 3785 1686 3857 ponitur
1715 3795 1864 3842 trans
1891 3786 2170 3858 Tyberim,
2195 3787 2328 3843 fecit
2351 3798 2556 3844 vestem
2585 3790 2639 3844 in
2677 3788 2836 3843 altari
2874 3788 3065 3857 majori
3112 3787 3186 3845 de
3225 3787 3575 3860 cln‘ysoclavo,
3598 3781 3779 3836 bibentem

813 3883 1091 3939 historiam
1120 3882 1504 3952 assumpticnis
1534 3881 1774 3951 ejusdem
1802 3883 1893 3937 Dei
1921 3882 2238 3938 Cenitricis.
2739 3885 2741 3888 ’
2808 3889 2810 3891 ’
3459 3889 3462 3892 ·

888 3973 1053 4044 εθθ
1085 3971 1290 4028 Obtulit
1317 3974 1482 4028 etiam
1509 3974 1562 4027 in
1590 3974 1917 4029 monasterio
1943 3975 2118 4028 sancti
2141 3974 2342 4030 Christi
2369 3975 2625 4046 martyris
2653 3974 2946 4038 Anastasii,
2975 3976 3122 4046 quod
3151 3983 3374 4029 voratur
3393 3973 3452 4028 ad
3471 3973 3616 4040 Aquas
3635 3963 3778 4019 Saluis.

813 4068 1102 4138 gabatham
1131 4068 1401 4122 saxiscam
1430 4081 1498 4122 ex
1547 4078 1776 4138 argento
1805 4069 2095 4138 purissimo
2125 4085 2308 4134 unam,
2355 4085 2582 4140 pensau.
2615 4069 2783 4125 libras
2825 4087 3050 4126 numero
3083 4083 3217 4127 tres.
3259 4069 3466 4126 Necnon
3501 4077 3544 4120 et
3581 4064 3621 4118 in
3645 4057 3778 4115 basilica

813 4165 985 4219 beata:
1019 4163 1112 4217 Dei
1157 4163 1470 4228 Genitricis,
1503 4179 1625 4233 quae
1666 4164 1793 4218 olim
1825 4166 2059 4235 Antiqua
2087 4167 2406 4230 vocabatur,
2452 4181 2596 4221 nunc
2643 4176 2822 4221 autem
2876 4169 2981 4221 sita
3023 4176 3108 4223 est
3140 4168 3296 4239 juxta
3337 4167 3466 4219 viain
3497 4145 3780 4218 Sacrame'l

813 4267 1021 4310 vestem
1053 4272 1176 4311 cum
1204 4259 1554 4328 chrysoclavo
1583 4258 1868 4314 habentem
1897 4261 2182 4316 historiam
2211 4262 2512 4317 nativitatis
2540 4261 2753 4317 Domini
2782 4263 2953 4318 nostri
2973 4255 3098 4320 JeSu
3130 4263 3331 4319 Christi
3357 4258 3604 4317 secundum
3626 4259 3776 4306 carnea.

746 4347 782 4402 5
819 4348 993 4402 Simili
1044 4350 1203 4403 modo
1231 4362 1288 4404 et
1315 4353 1366 4403 in
1411 4353 1740 4406 monasterio
1764 4354 1906 4408 beati
1953 4354 2171 4410 Martini
2202 4355 2330 4412 fecit
2354 4357 2591 4412 canistra
2617 4373 2684 4412 ex
2716 4357 2857 4414 afoci
2885 4359 2992 4414 duo
3015 4376 3080 4416 ex
3109 4369 3332 4431 argento
3356 4357 3616 4430 purissimo,
3638 4357 3775 4420 p609"

816 4445 983 4498 libras
1015 4460 1239 4499 numero
1269 4456 1502 4513 quatuor
1520 4455 1577 4500 et
1599 4449 1782 4502 semis.
1827 4448 1958 4504 Item
1984 4451 2311 4507 venerabilis
2336 4460 2393 4508 et
2431 4452 2722 4522 praiclarus
2751 4453 2996 4523 pontifex
3027 4455 3156 4510 fecit
3181 4456 3238 4512 in
3283 4452 3493 4524 ecclesia
3519 4446 3629 4503 beati
3648 4434 3778 4510 εἱτίτί

819 4542 1106 4613 martyris,
1140 4556 1261 4612 quae
1289 4543 1506 4612 ponitur
1556 4544 1642 4598 via
1670 4544 1928 4610 Ostiensi,
1963 4557 2167 4602 vestem
2193 4550 2260 4604 de
2283 4549 2508 4605 fundato
2538 4566 2722 4605 unam.
2751 4550 2878 4604 Pari
2907 4551 3068 4607 modo
3089 4561 3145 4606 et
3169 4553 3224 4606 in
3245 4551 3456 4607 ecclesia
3483 4546 3598 4602 beati
3618 4531 3776 4602 mutiiis

807 4637 1024 4703 Felicis,
1056 4652 1179 4708 quae
1210 4639 1432 4709 ponitur
1461 4639 1513 4694 in
1540 4637 1745 4705 Pineis,
1781 4640 1911 4696 fecit
1947 4651 2152 4698 vestem
2180 4645 2250 4700 de
2274 4645 2498 4700 fundato
2525 4661 2710 4710 uitam,
2739 4661 2864 4700 cum
2894 4646 3133 4717 gryphis.
3171 4646 3320 4702 Fecit
3344 4660 3462 4700 vero
3487 4636 3674 4710 extasi!”
3687 4640 3775 4717 ιη

813 4734 896 4789 sul
938 4735 990 4789 in
1020 4734 1176 4790 titulo
1201 4735 1342 4790 beati
1370 4734 1700 4806 Chrysogoni
1720 4723 1990 4808 Tnartyris
2017 4740 2216 4794 calices
2239 4756 2304 4794 ex
2337 4750 2562 4809 argento
2589 4741 2882 4810 purissimo
2914 4716 3142 4796 numero
3176 4740 3429 4809 quinque,
3451 4735 3528 4805 qui
3551 4716 3774 4802 petis-53““l

710 4832 779 4886 l0
815 4831 978 4886 libras
1009 4831 1067 4886 ll
1114 4840 1172 4885 et
1214 4831 1402 4885 uncias
1434 4834 1618 4885 semis.
1647 4831 1780 4886 Nam
1817 4843 1873 4888 et
1899 4835 1953 4888 in
2001 4835 2156 4888 titulo
2178 4834 2374 4889 Calixti
2419 4835 2549 4890 fecit
2576 4850 2757 4889 alliam
2788 4850 2951 4889 unam
2989 4849 3058 4888 ex
3083 4843 3305 4906 argento
3332 4830 3612 4901 purissimo.
3634 4826 3771 4889 μεθ’·

817 4925 982 4976 libras
1010 4923 1215 4976 decem.
1245 4922 1320 4977 lbi
1351 4931 1404 4976 et
1435 4923 1547 4992 ipse
1578 4925 1706 4978 fecit
1750 4925 2014 4994 gabathas
2041 4937 2292 4995 quatuor,
2324 4943 2546 4997 pensan.
2578 4928 2743 4981 libras
2772 4942 2964 4982 novem
3006 4936 3062 4982 et
3105 4924 3287 4982 semis.
3319 4919 3548 4976 Similiter
3561 4906 3772 4968 clauim

810 5029 1025 5076 novem,
1056 5027 1281 5082 pensau.
1315 5013 1557 5073 ,insimnl
1608 5015 1774 5070 libras
1815 5017 1902 5070 ll.
1930 5019 2011 5070 Ad
2045 5017 2258 5072 laudem
2297 5029 2354 5073 et
2391 5020 2620 5088 gloriam
2659 5020 2827 5088 ipsius
2865 5019 3108 5075 ecclesias
3144 5018 3274 5076 fecit
3309 5015 3606 5088 Evangelia!!!
3633 5005 3773 5071 ³⁸8⁸³³

815 5116 1056 5171 auroque
1085 5102 1363 5171 perfusum
1407 5118 1597 5166 unum,
1629 5119 1854 5173 pensau.
1899 5105 2069 5160 libras
2096 5107 2429 5176 quindecim.
2460 5109 2590 5164 item
2625 5110 2698 5164 ibi
2750 5109 2867 5179 ipse
2919 5109 3052 5165 fecit
3095 5112 3352 5166 cortinam
3382 5122 3520 5163 unam
3540 5143 3556 5166 ν
3576 5096 3770 5179 θείειν

813 5210 1000 5255 ιηιιιηι,
1035 5209 1219 5247 arcum
1247 5209 1369 5246 cum
1399 5195 1605 5249 duabus
1633 5198 1954 5266 gammadiis
1983 5215 2047 5253 ex
2070 5209 2298 5270 argento
2326 5203 2638 5270 purissimo,
2666 5178 2892 5272 pensau.
2927 5204 3146 5258 insimul
3171 5205 3335 5260 libras
3359 5193 3662 5270 Quadraginta.
3680 5178 3770 5235 3”“

711 5285 774 5341 l5
809 5283 1038 5338 ecclesia
1063 5284 1232 5336 beata:
1257 5283 1493 5340 Balbina:
1524 5288 1774 5358 martyris
1799 5289 1995 5343 obtulit
2020 5291 2370 5360 Evangelium
2389 5309 2454 5347 ex
2479 5304 2706 5364 argento
2733 5294 3047 5365 purissimo.

882 5373 1044 5446 57o
1079 5375 1275 5429 Verum
1296 5377 1461 5431 etiam
1488 5389 1542 5432 et
1577 5380 1629 5432 in
1664 5380 1887 5436 basilica
1923 5382 2162 5438 doctoris
2186 5385 2368 5438 mundi
2401 5361 2565 5444 beati‘
2591 5361 2746 5439 Pauli
2788 5386 3016 5455 apostoli
3058 5386 3186 5441 fecit
3220 5392 3409 5440 vestem
3444 5392 3502 5434 tle
3527 5361 3767 5438 οιιηεοοίιτθ

811 5473 965 5526 mira:
987 5471 1372 5542 magnitudinis
1398 5480 1455 5526 et
1479 5471 1894 5542 pulchritudinis
1927 5476 2236 5532 decoratam
2265 5494 2447 5532 unam.
2479 5478 2542 5532 Et
2577 5480 2630 5534 in
2657 5481 2886 5535 ecclesia
2915 5481 3057 5536 beati
3098 5481 3238 5535 Petri
3269 5475 3497 5549 principis
3519 5459 3764 5549 IW

813 5562 1066 5616 nulritori
1096 5576 1196 5616 suo
1218 5576 1329 5631 prae
1358 5562 1525 5616 nimio
1560 5577 1744 5618 amore
1787 5565 2151 5620 exardescens
2180 5568 2248 5620 ad
2274 5569 2690 5638 eooperiendnm
2729 5570 2972 5624 billicum
3011 5541 3356 5625 confessionis
3381 5541 3762 5638 fecilmw

810 5669 876 5706 ex
912 5667 1044 5706 auro
1071 5652 1386 5720 purissimo,
1415 5667 1642 5722 pensau.
1676 5652 1842 5708 libras
1874 5663 2008 5709 tres.
2038 5654 2106 5709 Et
2133 5656 2186 5709 in
2215 5631 2546 5724 monasterio.
2569 5669 2890 5713 sanctorum
2913 5660 3113 5713 Christi
3161 5669 3432 5727 martyrum
3462 5644 3598 5713 se?!“
3629 5631 3762 5730 “li”
3860 5657 3861 5703 ἲ

733 5739 778 5788 ’Β
815 5739 927 5797 εΜ.
957 5741 1098 5806 quod
1137 5738 1437 5806 appellatur
1459 5741 1728 5805 Callinici,
1760 5741 1887 5824 fecit
1915 5742 2114 5798 calices
2153 5743 2222 5798 de
2251 5754 2477 5812 argento
2507 5747 2796 5815 purissimo
2836 5749 2971 5805 dum
2997 5758 3055 5804 et
3076 5760 3319 5819 patenum
3352 5758 3489 5800 unam
3508 5731 3756 5802 ,.(‘01N"""
