  <div class='ocr_page' id='page_1' title='image "/cluster/home/n/w/nwhite01/storage/ocr_20150623/128/hvd.32044015471691/682.png"; bbox 0 0 4004 6324; ppageno 0'>
   <div class='ocr_carea' id='block_1_1' title="bbox 129 307 3397 381">
    <p class='ocr_par' dir='ltr' id='par_1_1' title="bbox 129 307 3397 381">
     <span class='ocr_line' id='line_1_1' title="bbox 129 307 3397 381; baseline -0.003 -2"><span class='ocrx_word' id='word_1_1' title='bbox 129 323 265 381; x_wconf 70' lang='grc'><strong>1333</strong></span> <span class='ocrx_word' id='word_1_2' title='bbox 867 315 1190 375; x_wconf 79' lang='lat' dir='ltr'><strong>HISTORIA</strong></span> <span class='ocrx_word' id='word_1_3' title='bbox 1228 316 1317 373; x_wconf 83' lang='lat' dir='ltr'><strong>DE</strong></span> <span class='ocrx_word' id='word_1_4' title='bbox 1356 313 1735 375; x_wconf 62' lang='lat' dir='ltr'><strong>VITIS‘ROM.</strong></span> <span class='ocrx_word' id='word_1_5' title='bbox 1769 309 1973 372; x_wconf 75' lang='lat' dir='ltr'><strong>PONT.</strong></span> <span class='ocrx_word' id='word_1_6' title='bbox 2020 340 2094 352; x_wconf 91' lang='lat'><strong>—</strong></span> <span class='ocrx_word' id='word_1_7' title='bbox 2136 308 2571 367; x_wconf 77' lang='lat' dir='ltr'><strong>BENEDICTUS</strong></span> <span class='ocrx_word' id='word_1_8' title='bbox 2606 308 2697 367; x_wconf 80' lang='lat' dir='ltr'><strong>lli.</strong></span> <span class='ocrx_word' id='word_1_9' title='bbox 3256 307 3397 368; x_wconf 65' lang='grc'><strong>155³</strong></span> 
     </span>
    </p>
   </div>
   <div class='ocr_carea' id='block_1_2' title="bbox 252 418 3395 505">
    <p class='ocr_par' dir='ltr' id='par_1_2' title="bbox 252 418 3395 505">
     <span class='ocr_line' id='line_1_2' title="bbox 252 418 3395 505; baseline -0.004 -13"><span class='ocrx_word' id='word_1_10' title='bbox 252 451 451 497; x_wconf 70' lang='lat' dir='ltr'><strong>tntum.</strong></span> <span class='ocrx_word' id='word_1_11' title='bbox 484 431 802 491; x_wconf 64' lang='lat' dir='ltr'><strong>cantharum</strong></span> <span class='ocrx_word' id='word_1_12' title='bbox 832 446 1019 498; x_wconf 82' lang='lat' dir='ltr'><strong>unam,</strong></span> <span class='ocrx_word' id='word_1_13' title='bbox 1048 431 1548 505; x_wconf 81' lang='lat' dir='ltr'><strong>tbymiamaterium</strong></span> <span class='ocrx_word' id='word_1_14' title='bbox 1591 446 1784 494; x_wconf 88' lang='lat' dir='ltr'><strong>unum,</strong></span> <span class='ocrx_word' id='word_1_15' title='bbox 1830 438 2058 501; x_wconf 74' lang='lat' dir='ltr'><strong>p‘ensan.</strong></span> <span class='ocrx_word' id='word_1_16' title='bbox 2104 425 2264 483; x_wconf 82' lang='lat' dir='ltr'><strong>simul</strong></span> <span class='ocrx_word' id='word_1_17' title='bbox 2292 425 2460 480; x_wconf 89' lang='lat' dir='ltr'><strong>libras</strong></span> <span class='ocrx_word' id='word_1_18' title='bbox 2497 430 2750 494; x_wconf 86' lang='lat' dir='ltr'><strong>quatuor.</strong></span> <span class='ocrx_word' id='word_1_19' title='bbox 2781 419 2899 491; x_wconf 86' lang='lat' dir='ltr'><strong>Ipse</strong></span> <span class='ocrx_word' id='word_1_20' title='bbox 2924 418 3145 491; x_wconf 77' lang='lat' dir='ltr'><strong>quidem</strong></span> <span class='ocrx_word' id='word_1_21' title='bbox 3168 420 3395 497; x_wconf 78' lang='lat' dir='ltr'><strong>insignis</strong></span> 
     </span>
    </p>
   </div>
   <div class='ocr_carea' id='block_1_3' title="bbox 256 509 3402 597">
    <p class='ocr_par' dir='ltr' id='par_1_3' title="bbox 256 509 3402 597">
     <span class='ocr_line' id='line_1_3' title="bbox 256 509 3402 597; baseline -0.004 -15"><span class='ocrx_word' id='word_1_22' title='bbox 256 536 323 582; x_wconf 76' lang='lat' dir='ltr'><strong>et</strong></span> <span class='ocrx_word' id='word_1_23' title='bbox 346 524 693 581; x_wconf 76' lang='lat' dir='ltr'><strong>beatissimus</strong></span> <span class='ocrx_word' id='word_1_24' title='bbox 721 521 964 595; x_wconf 80' lang='lat' dir='ltr'><strong>pontifex</strong></span> <span class='ocrx_word' id='word_1_25' title='bbox 993 522 1045 576; x_wconf 82' lang='lat' dir='ltr'><strong>in</strong></span> <span class='ocrx_word' id='word_1_26' title='bbox 1079 537 1316 592; x_wconf 88' lang='lat' dir='ltr'><strong>superno</strong></span> <span class='ocrx_word' id='word_1_27' title='bbox 1355 521 1670 577; x_wconf 80' lang='lat' dir='ltr'><strong>fundamine</strong></span> <span class='ocrx_word' id='word_1_28' title='bbox 1696 522 1895 579; x_wconf 82' lang='lat' dir='ltr'><strong>mentis</strong></span> <span class='ocrx_word' id='word_1_29' title='bbox 1925 517 2329 576; x_wconf 67' lang='lat' dir='ltr'><strong>observantiam</strong></span> <span class='ocrx_word' id='word_1_30' title='bbox 2374 530 2601 585; x_wconf 86' lang='lat' dir='ltr'><strong>ponens,</strong></span> <span class='ocrx_word' id='word_1_31' title='bbox 2649 514 2721 570; x_wconf 91' lang='lat' dir='ltr'><strong>nil</strong></span> <span class='ocrx_word' id='word_1_32' title='bbox 2752 514 2985 572; x_wconf 84' lang='lat' dir='ltr'><strong>terrenis</strong></span> <span class='ocrx_word' id='word_1_33' title='bbox 3000 509 3279 597; x_wconf 82' lang='lat' dir='ltr'><strong>.linemque</strong></span> <span class='ocrx_word' id='word_1_34' title='bbox 3305 514 3402 569; x_wconf 46' lang='lat' dir='ltr'><strong>ha‘</strong></span> 
     </span>
    </p>
   </div>
   <div class='ocr_carea' id='block_1_4' title="bbox 272 603 3407 683">
    <p class='ocr_par' dir='ltr' id='par_1_4' title="bbox 272 603 3407 683">
     <span class='ocr_line' id='line_1_4' title="bbox 272 603 3407 683; baseline -0.003 -14"><span class='ocrx_word' id='word_1_35' title='bbox 272 616 546 675; x_wconf 11' lang='lat' dir='ltr'><strong>trientibus,</strong></span> <span class='ocrx_word' id='word_1_36' title='bbox 574 614 671 670; x_wconf 88' lang='lat' dir='ltr'><strong>scd</strong></span> <span class='ocrx_word' id='word_1_37' title='bbox 699 612 1076 681; x_wconf 81' lang='lat' dir='ltr'><strong>spiritualibus</strong></span> <span class='ocrx_word' id='word_1_38' title='bbox 1100 612 1521 682; x_wconf 77' lang='lat' dir='ltr'><strong>salubribusque</strong></span> <span class='ocrx_word' id='word_1_39' title='bbox 1553 611 1928 667; x_wconf 72' lang='lat' dir='ltr'><strong>tantummodo</strong></span> <span class='ocrx_word' id='word_1_40' title='bbox 1957 610 2215 682; x_wconf 75' lang='lat' dir='ltr'><strong>operibus</strong></span> <span class='ocrx_word' id='word_1_41' title='bbox 2238 607 2633 673; x_wconf 86' lang='lat' dir='ltr'><strong>delectabatur,</strong></span> <span class='ocrx_word' id='word_1_42' title='bbox 2656 615 2711 661; x_wconf 92' lang='lat' dir='ltr'><strong>ct</strong></span> <span class='ocrx_word' id='word_1_43' title='bbox 2741 604 2797 659; x_wconf 90' lang='lat' dir='ltr'><strong>in</strong></span> <span class='ocrx_word' id='word_1_44' title='bbox 2825 603 3037 679; x_wconf 85' lang='lat' dir='ltr'><strong>cunctis</strong></span> <span class='ocrx_word' id='word_1_45' title='bbox 3064 621 3184 675; x_wconf 60' lang='lat' dir='ltr'><strong>qua</strong></span> <span class='ocrx_word' id='word_1_46' title='bbox 3213 604 3407 683; x_wconf 82' lang='lat' dir='ltr'><strong>salutis</strong></span> 
     </span>
    </p>
   </div>
   <div class='ocr_carea' id='block_1_5' title="bbox 267 690 3043 775">
    <p class='ocr_par' dir='ltr' id='par_1_5' title="bbox 267 690 3043 775">
     <span class='ocr_line' id='line_1_5' title="bbox 267 690 3043 775; baseline -0.003 -14"><span class='ocrx_word' id='word_1_47' title='bbox 267 718 397 761; x_wconf 87' lang='lat' dir='ltr'><strong>sunt</strong></span> <span class='ocrx_word' id='word_1_48' title='bbox 418 703 666 775; x_wconf 58' lang='lat' dir='ltr'><strong>quotidie</strong></span> <span class='ocrx_word' id='word_1_49' title='bbox 690 701 952 772; x_wconf 62' lang='lat' dir='ltr'><strong>maniam</strong></span> <span class='ocrx_word' id='word_1_50' title='bbox 985 704 1181 759; x_wconf 86' lang='lat' dir='ltr'><strong>intuitu</strong></span> <span class='ocrx_word' id='word_1_51' title='bbox 1214 703 1587 774; x_wconf 71' lang='lat' dir='ltr'><strong>permanebat.</strong></span> <span class='ocrx_word' id='word_1_52' title='bbox 2499 750 2505 755; x_wconf 76' lang='lat'><strong>.</strong></span> <span class='ocrx_word' id='word_1_53' title='bbox 3040 690 3043 693; x_wconf 67' lang='grc'><em>’</em></span> 
     </span>
    </p>
   </div>
   <div class='ocr_carea' id='block_1_6' title="bbox 338 789 3412 877">
    <p class='ocr_par' dir='ltr' id='par_1_6' title="bbox 338 789 3412 877">
     <span class='ocr_line' id='line_1_6' title="bbox 338 789 3412 877; baseline -0.005 -17"><span class='ocrx_word' id='word_1_54' title='bbox 338 806 501 877; x_wconf 66' lang='grc'><strong>57],</strong></span> <span class='ocrx_word' id='word_1_55' title='bbox 546 804 642 859; x_wconf 87' lang='lat' dir='ltr'><strong>His</strong></span> <span class='ocrx_word' id='word_1_56' title='bbox 670 818 799 858; x_wconf 86' lang='lat' dir='ltr'><strong>vero</strong></span> <span class='ocrx_word' id='word_1_57' title='bbox 820 804 995 859; x_wconf 83' lang='lat' dir='ltr'><strong>sacris</strong></span> <span class='ocrx_word' id='word_1_58' title='bbox 1016 804 1298 860; x_wconf 83' lang='lat' dir='ltr'><strong>beneﬁciis</strong></span> <span class='ocrx_word' id='word_1_59' title='bbox 1324 812 1567 859; x_wconf 84' lang='lat' dir='ltr'><strong>ornatus</strong></span> <span class='ocrx_word' id='word_1_60' title='bbox 1583 802 1953 872; x_wconf 79' lang='lat' dir='ltr'><strong>apostolorum</strong></span> <span class='ocrx_word' id='word_1_61' title='bbox 1991 798 2245 872; x_wconf 88' lang='lat' dir='ltr'><strong>principi,</strong></span> <span class='ocrx_word' id='word_1_62' title='bbox 2271 795 2565 869; x_wconf 77' lang='lat' dir='ltr'><strong>populique</strong></span> <span class='ocrx_word' id='word_1_63' title='bbox 2587 792 2809 861; x_wconf 87' lang='lat' dir='ltr'><strong>janitori</strong></span> <span class='ocrx_word' id='word_1_64' title='bbox 2830 832 2847 858; x_wconf 96' lang='lat'><strong>,</strong></span> <span class='ocrx_word' id='word_1_65' title='bbox 2883 792 3078 849; x_wconf 84' lang='lat' dir='ltr'><strong>obtulit</strong></span> <span class='ocrx_word' id='word_1_66' title='bbox 3104 791 3257 847; x_wconf 60' lang='lat' dir='ltr'><strong>mirae</strong></span> <span class='ocrx_word' id='word_1_67' title='bbox 3286 789 3412 865; x_wconf 79' lang='lat' dir='ltr'><strong>pul-</strong></span> 
     </span>
    </p>
   </div>
   <div class='ocr_carea' id='block_1_7' title="bbox 268 883 3409 964">
    <p class='ocr_par' dir='ltr' id='par_1_7' title="bbox 268 883 3409 964">
     <span class='ocr_line' id='line_1_7' title="bbox 268 883 3409 964; baseline -0.006 -8"><span class='ocrx_word' id='word_1_68' title='bbox 268 898 601 956; x_wconf 82' lang='lat' dir='ltr'><strong>cltritudinis</strong></span> <span class='ocrx_word' id='word_1_69' title='bbox 623 905 829 953; x_wconf 84' lang='lat' dir='ltr'><strong>vestem</strong></span> <span class='ocrx_word' id='word_1_70' title='bbox 854 911 1019 952; x_wconf 89' lang='lat' dir='ltr'><strong>unam</strong></span> <span class='ocrx_word' id='word_1_71' title='bbox 1050 908 1184 950; x_wconf 86' lang='lat' dir='ltr'><strong>auro</strong></span> <span class='ocrx_word' id='word_1_72' title='bbox 1214 904 1437 959; x_wconf 71' lang='lat' dir='ltr'><strong>textam,</strong></span> <span class='ocrx_word' id='word_1_73' title='bbox 1466 910 1632 964; x_wconf 88' lang='lat' dir='ltr'><strong>opere</strong></span> <span class='ocrx_word' id='word_1_74' title='bbox 1658 895 1963 964; x_wconf 89' lang='lat' dir='ltr'><strong>decoreque</strong></span> <span class='ocrx_word' id='word_1_75' title='bbox 1985 892 2297 964; x_wconf 81' lang='lat' dir='ltr'><strong>fulgentem,</strong></span> <span class='ocrx_word' id='word_1_76' title='bbox 2331 889 2619 943; x_wconf 85' lang='lat' dir='ltr'><strong>almilicam</strong></span> <span class='ocrx_word' id='word_1_77' title='bbox 2644 884 3087 942; x_wconf 83' lang='lat' dir='ltr'><strong>Annuntiationis</strong></span> <span class='ocrx_word' id='word_1_78' title='bbox 3114 883 3409 940; x_wconf 81' lang='lat' dir='ltr'><strong>habentem</strong></span> 
     </span>
    </p>
   </div>
   <div class='ocr_carea' id='block_1_8' title="bbox 275 978 3407 1062">
    <p class='ocr_par' dir='ltr' id='par_1_8' title="bbox 275 978 3407 1062">
     <span class='ocr_line' id='line_1_8' title="bbox 275 978 3407 1062; baseline -0.004 -14"><span class='ocrx_word' id='word_1_79' title='bbox 275 992 558 1048; x_wconf 77' lang='lat' dir='ltr'><strong>historiam</strong></span> <span class='ocrx_word' id='word_1_80' title='bbox 589 999 641 1045; x_wconf 91' lang='lat' dir='ltr'><strong>ct</strong></span> <span class='ocrx_word' id='word_1_81' title='bbox 672 991 989 1062; x_wconf 70' lang='lat' dir='ltr'><strong>hypapanti,</strong></span> <span class='ocrx_word' id='word_1_82' title='bbox 1011 991 1245 1061; x_wconf 83' lang='lat' dir='ltr'><strong>qualiter</strong></span> <span class='ocrx_word' id='word_1_83' title='bbox 1273 991 1389 1061; x_wconf 89' lang='lat' dir='ltr'><strong>ipse</strong></span> <span class='ocrx_word' id='word_1_84' title='bbox 1417 990 1726 1061; x_wconf 85' lang='lat' dir='ltr'><strong>unigenitus</strong></span> <span class='ocrx_word' id='word_1_85' title='bbox 1751 990 1843 1045; x_wconf 90' lang='lat' dir='ltr'><strong>Dei</strong></span> <span class='ocrx_word' id='word_1_86' title='bbox 1874 989 2042 1044; x_wconf 86' lang='lat' dir='ltr'><strong>Filius</strong></span> <span class='ocrx_word' id='word_1_87' title='bbox 2072 986 2330 1056; x_wconf 85' lang='lat' dir='ltr'><strong>templum</strong></span> <span class='ocrx_word' id='word_1_88' title='bbox 2362 982 2640 1053; x_wconf 83' lang='lat' dir='ltr'><strong>ingressus</strong></span> <span class='ocrx_word' id='word_1_89' title='bbox 2667 980 2946 1035; x_wconf 86' lang='lat' dir='ltr'><strong>doctorum</strong></span> <span class='ocrx_word' id='word_1_90' title='bbox 2977 982 3030 1034; x_wconf 91' lang='lat' dir='ltr'><strong>in</strong></span> <span class='ocrx_word' id='word_1_91' title='bbox 3061 982 3239 1058; x_wconf 79' lang='lat' dir='ltr'><strong>medio</strong></span> <span class='ocrx_word' id='word_1_92' title='bbox 3267 978 3407 1037; x_wconf 83' lang='lat' dir='ltr'><strong>resi-</strong></span> 
     </span>
    </p>
   </div>
   <div class='ocr_carea' id='block_1_9' title="bbox 261 1067 3412 1152">
    <p class='ocr_par' dir='ltr' id='par_1_9' title="bbox 261 1067 3412 1152">
     <span class='ocr_line' id='line_1_9' title="bbox 261 1067 3412 1152; baseline -0.006 -9"><span class='ocrx_word' id='word_1_93' title='bbox 261 1085 451 1143; x_wconf 80' lang='lat' dir='ltr'><strong>debat.</strong></span> <span class='ocrx_word' id='word_1_94' title='bbox 482 1082 866 1137; x_wconf 83' lang='lat' dir='ltr'><strong>Verumtamen</strong></span> <span class='ocrx_word' id='word_1_95' title='bbox 898 1082 1069 1138; x_wconf 84' lang='lat' dir='ltr'><strong>isdem</strong></span> <span class='ocrx_word' id='word_1_96' title='bbox 1100 1081 1389 1152; x_wconf 64' lang='lat' dir='ltr'><strong>praedictus</strong></span> <span class='ocrx_word' id='word_1_97' title='bbox 1412 1091 1468 1136; x_wconf 91' lang='lat' dir='ltr'><strong>et</strong></span> <span class='ocrx_word' id='word_1_98' title='bbox 1488 1082 1853 1137; x_wconf 77' lang='lat' dir='ltr'><strong>beatissimus</strong></span> <span class='ocrx_word' id='word_1_99' title='bbox 1880 1078 2071 1150; x_wconf 74' lang='lat' dir='ltr'><strong>pnesnl</strong></span> <span class='ocrx_word' id='word_1_100' title='bbox 2102 1077 2269 1132; x_wconf 87' lang='lat' dir='ltr'><strong>nimio</strong></span> <span class='ocrx_word' id='word_1_101' title='bbox 2294 1089 2480 1129; x_wconf 86' lang='lat' dir='ltr'><strong>amore</strong></span> <span class='ocrx_word' id='word_1_102' title='bbox 2513 1084 2777 1126; x_wconf 88' lang='lat' dir='ltr'><strong>accensus</strong></span> <span class='ocrx_word' id='word_1_103' title='bbox 2796 1109 2811 1134; x_wconf 96' lang='lat'><strong>,</strong></span> <span class='ocrx_word' id='word_1_104' title='bbox 2842 1069 3046 1140; x_wconf 88' lang='lat' dir='ltr'><strong>Deique</strong></span> <span class='ocrx_word' id='word_1_105' title='bbox 3076 1067 3412 1130; x_wconf 77' lang='lat' dir='ltr'><strong>adminiculo</strong></span> 
     </span>
    </p>
   </div>
   <div class='ocr_carea' id='block_1_10' title="bbox 203 1162 3411 1243">
    <p class='ocr_par' dir='ltr' id='par_1_10' title="bbox 203 1162 3411 1243">
     <span class='ocr_line' id='line_1_10' title="bbox 203 1162 3411 1243; baseline -0.004 -13"><span class='ocrx_word' id='word_1_106' title='bbox 203 1177 242 1230; x_wconf 81' lang='lat'><strong>5</strong></span> <span class='ocrx_word' id='word_1_107' title='bbox 278 1171 703 1236; x_wconf 78' lang='lat' dir='ltr'><strong>sullulttts,-lecit</strong></span> <span class='ocrx_word' id='word_1_108' title='bbox 726 1171 779 1227; x_wconf 91' lang='lat' dir='ltr'><strong>in</strong></span> <span class='ocrx_word' id='word_1_109' title='bbox 804 1171 1024 1226; x_wconf 84' lang='lat' dir='ltr'><strong>basilica</strong></span> <span class='ocrx_word' id='word_1_110' title='bbox 1057 1172 1199 1227; x_wconf 85' lang='lat' dir='ltr'><strong>beati</strong></span> <span class='ocrx_word' id='word_1_111' title='bbox 1235 1187 1301 1226; x_wconf 89' lang='lat' dir='ltr'><strong>ac</strong></span> <span class='ocrx_word' id='word_1_112' title='bbox 1325 1172 1529 1243; x_wconf 78' lang='lat' dir='ltr'><strong>egregii</strong></span> <span class='ocrx_word' id='word_1_113' title='bbox 1572 1171 1948 1242; x_wconf 69' lang='lat' dir='ltr'><strong>praedicatoris</strong></span> <span class='ocrx_word' id='word_1_114' title='bbox 1985 1169 2136 1224; x_wconf 87' lang='lat' dir='ltr'><strong>Pauli</strong></span> <span class='ocrx_word' id='word_1_115' title='bbox 2163 1166 2391 1240; x_wconf 80' lang='lat' dir='ltr'><strong>apostoli</strong></span> <span class='ocrx_word' id='word_1_116' title='bbox 2435 1179 2663 1236; x_wconf 88' lang='lat' dir='ltr'><strong>regnum</strong></span> <span class='ocrx_word' id='word_1_117' title='bbox 2695 1162 2761 1216; x_wconf 90' lang='lat' dir='ltr'><strong>de</strong></span> <span class='ocrx_word' id='word_1_118' title='bbox 2798 1175 2934 1215; x_wconf 86' lang='lat' dir='ltr'><strong>auro</strong></span> <span class='ocrx_word' id='word_1_119' title='bbox 2960 1162 3253 1230; x_wconf 89' lang='lat' dir='ltr'><strong>purissimo</strong></span> <span class='ocrx_word' id='word_1_120' title='bbox 3280 1177 3411 1234; x_wconf 60' lang='lat' dir='ltr'><strong>spaa</strong></span> 
     </span>
    </p>
   </div>
   <div class='ocr_carea' id='block_1_11' title="bbox 280 1254 3419 1330">
    <p class='ocr_par' dir='ltr' id='par_1_11' title="bbox 280 1254 3419 1330">
     <span class='ocr_line' id='line_1_11' title="bbox 280 1254 3419 1330; baseline -0.003 -10"><span class='ocrx_word' id='word_1_121' title='bbox 280 1266 566 1325; x_wconf 87' lang='lat' dir='ltr'><strong>noclistum</strong></span> <span class='ocrx_word' id='word_1_122' title='bbox 597 1279 719 1319; x_wconf 85' lang='lat' dir='ltr'><strong>cum</strong></span> <span class='ocrx_word' id='word_1_123' title='bbox 748 1264 1019 1321; x_wconf 87' lang='lat' dir='ltr'><strong>cateuulis</strong></span> <span class='ocrx_word' id='word_1_124' title='bbox 1044 1264 1180 1329; x_wconf 86' lang='lat' dir='ltr'><strong>suis,</strong></span> <span class='ocrx_word' id='word_1_125' title='bbox 1209 1265 1417 1321; x_wconf 85' lang='lat' dir='ltr'><strong>habens</strong></span> <span class='ocrx_word' id='word_1_126' title='bbox 1443 1264 1498 1321; x_wconf 90' lang='lat' dir='ltr'><strong>in</strong></span> <span class='ocrx_word' id='word_1_127' title='bbox 1522 1263 1700 1319; x_wconf 87' lang='lat' dir='ltr'><strong>medio</strong></span> <span class='ocrx_word' id='word_1_128' title='bbox 1723 1279 1942 1321; x_wconf 87' lang='lat' dir='ltr'><strong>crucem</strong></span> <span class='ocrx_word' id='word_1_129' title='bbox 1969 1277 2217 1324; x_wconf 85' lang='lat' dir='ltr'><strong>auream,</strong></span> <span class='ocrx_word' id='word_1_130' title='bbox 2246 1262 2378 1316; x_wconf 85' lang='lat' dir='ltr'><strong>item</strong></span> <span class='ocrx_word' id='word_1_131' title='bbox 2414 1258 2744 1330; x_wconf 83' lang='lat' dir='ltr'><strong>spaniscam,</strong></span> <span class='ocrx_word' id='word_1_132' title='bbox 2774 1270 2894 1324; x_wconf 77' lang='lat' dir='ltr'><strong>qua:</strong></span> <span class='ocrx_word' id='word_1_133' title='bbox 2929 1255 3168 1325; x_wconf 81' lang='lat' dir='ltr'><strong>pendent</strong></span> <span class='ocrx_word' id='word_1_134' title='bbox 3196 1254 3419 1311; x_wconf 79' lang='lat' dir='ltr'><strong>assidue</strong></span> 
     </span>
    </p>
   </div>
   <div class='ocr_carea' id='block_1_12' title="bbox 280 1334 3423 1428">
    <p class='ocr_par' dir='ltr' id='par_1_12' title="bbox 280 1334 3423 1428">
     <span class='ocr_line' id='line_1_12' title="bbox 280 1334 3423 1428; baseline -0.005 -14"><span class='ocrx_word' id='word_1_135' title='bbox 280 1373 444 1428; x_wconf 82' lang='lat' dir='ltr'><strong>super</strong></span> <span class='ocrx_word' id='word_1_136' title='bbox 459 1354 716 1425; x_wconf 43' lang='lat' dir='ltr'><strong>{ejusdem</strong></span> <span class='ocrx_word' id='word_1_137' title='bbox 750 1353 943 1420; x_wconf 87' lang='lat' dir='ltr'><strong>altare,</strong></span> <span class='ocrx_word' id='word_1_138' title='bbox 989 1370 1217 1426; x_wconf 87' lang='lat' dir='ltr'><strong>peusan.</strong></span> <span class='ocrx_word' id='word_1_139' title='bbox 1249 1354 1416 1410; x_wconf 83' lang='lat' dir='ltr'><strong>libras</strong></span> <span class='ocrx_word' id='word_1_140' title='bbox 1442 1354 1577 1409; x_wconf 87' lang='lat' dir='ltr'><strong>duas</strong></span> <span class='ocrx_word' id='word_1_141' title='bbox 1605 1362 1661 1407; x_wconf 91' lang='lat' dir='ltr'><strong>et</strong></span> <span class='ocrx_word' id='word_1_142' title='bbox 1686 1354 1901 1409; x_wconf 88' lang='lat' dir='ltr'><strong>unciam</strong></span> <span class='ocrx_word' id='word_1_143' title='bbox 1927 1367 2112 1406; x_wconf 88' lang='lat' dir='ltr'><strong>uuam.</strong></span> <span class='ocrx_word' id='word_1_144' title='bbox 2146 1348 2353 1405; x_wconf 86' lang='lat' dir='ltr'><strong>Obtulit</strong></span> <span class='ocrx_word' id='word_1_145' title='bbox 2387 1361 2604 1418; x_wconf 83' lang='lat' dir='ltr'><strong>quoque</strong></span> <span class='ocrx_word' id='word_1_146' title='bbox 2636 1344 2691 1398; x_wconf 79' lang='lat' dir='ltr'><strong>in</strong></span> <span class='ocrx_word' id='word_1_147' title='bbox 2720 1341 2910 1401; x_wconf 85' lang='lat' dir='ltr'><strong>eadem</strong></span> <span class='ocrx_word' id='word_1_148' title='bbox 2942 1334 3165 1401; x_wconf 79' lang='lat' dir='ltr'><strong>basilica</strong></span> <span class='ocrx_word' id='word_1_149' title='bbox 3191 1346 3423 1400; x_wconf 81' lang='lat' dir='ltr'><strong>cantha-</strong></span> 
     </span>
    </p>
   </div>
   <div class='ocr_carea' id='block_1_13' title="bbox 282 1431 3417 1522">
    <p class='ocr_par' dir='ltr' id='par_1_13' title="bbox 282 1431 3417 1522">
     <span class='ocr_line' id='line_1_13' title="bbox 282 1431 3417 1522; baseline -0.007 -12"><span class='ocrx_word' id='word_1_150' title='bbox 282 1471 397 1513; x_wconf 83' lang='lat' dir='ltr'><strong>ram</strong></span> <span class='ocrx_word' id='word_1_151' title='bbox 425 1453 491 1508; x_wconf 92' lang='lat' dir='ltr'><strong>de</strong></span> <span class='ocrx_word' id='word_1_152' title='bbox 521 1460 747 1522; x_wconf 90' lang='lat' dir='ltr'><strong>argento</strong></span> <span class='ocrx_word' id='word_1_153' title='bbox 772 1447 1130 1504; x_wconf 86' lang='lat' dir='ltr'><strong>mundissimo</strong></span> <span class='ocrx_word' id='word_1_154' title='bbox 1159 1461 1340 1512; x_wconf 89' lang='lat' dir='ltr'><strong>unam,</strong></span> <span class='ocrx_word' id='word_1_155' title='bbox 1370 1459 1596 1515; x_wconf 67' lang='lat' dir='ltr'><strong>pansam</strong></span> <span class='ocrx_word' id='word_1_156' title='bbox 1629 1443 1819 1498; x_wconf 82' lang='lat' dir='ltr'><strong>uncias</strong></span> <span class='ocrx_word' id='word_1_157' title='bbox 1848 1455 2064 1499; x_wconf 88' lang='lat' dir='ltr'><strong>novem.</strong></span> <span class='ocrx_word' id='word_1_158' title='bbox 2095 1439 2217 1510; x_wconf 79' lang='lat' dir='ltr'><strong>ipse</strong></span> <span class='ocrx_word' id='word_1_159' title='bbox 2240 1451 2369 1491; x_wconf 81' lang='lat' dir='ltr'><strong>vero</strong></span> <span class='ocrx_word' id='word_1_160' title='bbox 2398 1435 2623 1504; x_wconf 82' lang='lat' dir='ltr'><strong>insignis</strong></span> <span class='ocrx_word' id='word_1_161' title='bbox 2649 1444 2705 1488; x_wconf 89' lang='lat' dir='ltr'><strong>et</strong></span> <span class='ocrx_word' id='word_1_162' title='bbox 2749 1436 3094 1493; x_wconf 85' lang='lat' dir='ltr'><strong>beatissimus</strong></span> <span class='ocrx_word' id='word_1_163' title='bbox 3122 1449 3260 1504; x_wconf 89' lang='lat' dir='ltr'><strong>papa</strong></span> <span class='ocrx_word' id='word_1_164' title='bbox 3286 1431 3417 1488; x_wconf 81' lang='lat' dir='ltr'><strong>fecit</strong></span> 
     </span>
    </p>
   </div>
   <div class='ocr_carea' id='block_1_14' title="bbox 278 1526 3423 1611">
    <p class='ocr_par' dir='ltr' id='par_1_14' title="bbox 278 1526 3423 1611">
     <span class='ocr_line' id='line_1_14' title="bbox 278 1526 3423 1611; baseline -0.006 -13"><span class='ocrx_word' id='word_1_165' title='bbox 278 1559 474 1598; x_wconf 85' lang='lat' dir='ltr'><strong>cruces</strong></span> <span class='ocrx_word' id='word_1_166' title='bbox 500 1549 788 1611; x_wconf 77' lang='lat' dir='ltr'><strong>argenteas</strong></span> <span class='ocrx_word' id='word_1_167' title='bbox 815 1547 1044 1608; x_wconf 88' lang='lat' dir='ltr'><strong>septem,</strong></span> <span class='ocrx_word' id='word_1_168' title='bbox 1083 1551 1205 1608; x_wconf 62' lang='lat' dir='ltr'><strong>quae,</strong></span> <span class='ocrx_word' id='word_1_169' title='bbox 1233 1552 1333 1606; x_wconf 89' lang='lat' dir='ltr'><strong>per</strong></span> <span class='ocrx_word' id='word_1_170' title='bbox 1363 1536 1569 1599; x_wconf 17' lang='lat' dir='ltr'><strong>olitana,</strong></span> <span class='ocrx_word' id='word_1_171' title='bbox 1618 1546 1859 1605; x_wconf 87' lang='lat' dir='ltr'><strong>tempora</strong></span> <span class='ocrx_word' id='word_1_172' title='bbox 1884 1549 1986 1604; x_wconf 87' lang='lat' dir='ltr'><strong>per</strong></span> <span class='ocrx_word' id='word_1_173' title='bbox 2014 1545 2205 1586; x_wconf 91' lang='lat' dir='ltr'><strong>omnes</strong></span> <span class='ocrx_word' id='word_1_174' title='bbox 2250 1529 2548 1584; x_wconf 88' lang='lat' dir='ltr'><strong>catholicas</strong></span> <span class='ocrx_word' id='word_1_175' title='bbox 2586 1531 2850 1587; x_wconf 88' lang='lat' dir='ltr'><strong>ecclesias</strong></span> <span class='ocrx_word' id='word_1_176' title='bbox 2877 1544 3028 1583; x_wconf 85' lang='lat' dir='ltr'><strong>more</strong></span> <span class='ocrx_word' id='word_1_177' title='bbox 3068 1526 3228 1582; x_wconf 90' lang='lat' dir='ltr'><strong>solito</strong></span> <span class='ocrx_word' id='word_1_178' title='bbox 3281 1538 3423 1595; x_wconf 68' lang='lat' dir='ltr'><strong>prae-</strong></span> 
     </span>
    </p>
   </div>
   <div class='ocr_carea' id='block_1_15' title="bbox 172 1614 3418 1700">
    <p class='ocr_par' dir='ltr' id='par_1_15' title="bbox 172 1614 3418 1700">
     <span class='ocr_line' id='line_1_15' title="bbox 172 1614 3418 1700; baseline -0.008 -9"><span class='ocrx_word' id='word_1_179' title='bbox 172 1634 249 1691; x_wconf 67' lang='grc'><strong>10</strong></span> <span class='ocrx_word' id='word_1_180' title='bbox 287 1634 571 1695; x_wconf 87' lang='lat' dir='ltr'><strong>cedebant,</strong></span> <span class='ocrx_word' id='word_1_181' title='bbox 602 1641 659 1686; x_wconf 86' lang='lat' dir='ltr'><strong>et</strong></span> <span class='ocrx_word' id='word_1_182' title='bbox 702 1630 829 1700; x_wconf 85' lang='lat' dir='ltr'><strong>quia</strong></span> <span class='ocrx_word' id='word_1_183' title='bbox 862 1644 972 1699; x_wconf 67' lang='lat' dir='ltr'><strong>pra:</strong></span> <span class='ocrx_word' id='word_1_184' title='bbox 1008 1628 1173 1681; x_wconf 89' lang='lat' dir='ltr'><strong>nimia</strong></span> <span class='ocrx_word' id='word_1_185' title='bbox 1223 1634 1491 1681; x_wconf 88' lang='lat' dir='ltr'><strong>vetustate</strong></span> <span class='ocrx_word' id='word_1_186' title='bbox 1537 1623 1832 1680; x_wconf 77' lang='lat' dir='ltr'><strong>confracta:</strong></span> <span class='ocrx_word' id='word_1_187' title='bbox 1866 1622 2081 1677; x_wconf 76' lang='lat' dir='ltr'><strong>fuerant</strong></span> <span class='ocrx_word' id='word_1_188' title='bbox 2108 1619 2281 1675; x_wconf 85' lang='lat' dir='ltr'><strong>isdem</strong></span> <span class='ocrx_word' id='word_1_189' title='bbox 2313 1617 2606 1689; x_wconf 67' lang='lat' dir='ltr'><strong>pratclarus</strong></span> <span class='ocrx_word' id='word_1_190' title='bbox 2634 1628 2690 1672; x_wconf 90' lang='lat' dir='ltr'><strong>et</strong></span> <span class='ocrx_word' id='word_1_191' title='bbox 2736 1619 3115 1679; x_wconf 75' lang='lat' dir='ltr'><strong>sanctissimus</strong></span> <span class='ocrx_word' id='word_1_192' title='bbox 3141 1614 3342 1685; x_wconf 59' lang='lat' dir='ltr'><strong>praisul</strong></span> <span class='ocrx_word' id='word_1_193' title='bbox 3383 1630 3418 1669; x_wconf 85' lang='lat' dir='ltr'><strong>a</strong></span> 
     </span>
    </p>
   </div>
   <div class='ocr_carea' id='block_1_16' title="bbox 285 1703 3423 1791">
    <p class='ocr_par' dir='ltr' id='par_1_16' title="bbox 285 1703 3423 1791">
     <span class='ocr_line' id='line_1_16' title="bbox 285 1703 3423 1791; baseline -0.007 -12"><span class='ocrx_word' id='word_1_194' title='bbox 285 1724 496 1779; x_wconf 75' lang='lat' dir='ltr'><strong>naviter</strong></span> <span class='ocrx_word' id='word_1_195' title='bbox 520 1720 853 1777; x_wconf 78' lang='lat' dir='ltr'><strong>restauravit</strong></span> <span class='ocrx_word' id='word_1_196' title='bbox 893 1729 949 1775; x_wconf 89' lang='lat' dir='ltr'><strong>ct</strong></span> <span class='ocrx_word' id='word_1_197' title='bbox 978 1720 1033 1774; x_wconf 91' lang='lat' dir='ltr'><strong>in</strong></span> <span class='ocrx_word' id='word_1_198' title='bbox 1064 1719 1349 1791; x_wconf 87' lang='lat' dir='ltr'><strong>pristinum</strong></span> <span class='ocrx_word' id='word_1_199' title='bbox 1400 1727 1599 1772; x_wconf 89' lang='lat' dir='ltr'><strong>statum</strong></span> <span class='ocrx_word' id='word_1_200' title='bbox 1634 1717 1831 1771; x_wconf 88' lang='lat' dir='ltr'><strong>iterum</strong></span> <span class='ocrx_word' id='word_1_201' title='bbox 1880 1713 2096 1769; x_wconf 68' lang='lat' dir='ltr'><strong>reduxit</strong></span> <span class='ocrx_word' id='word_1_202' title='bbox 2124 1755 2138 1775; x_wconf 93' lang='lat'><strong>,</strong></span> <span class='ocrx_word' id='word_1_203' title='bbox 2171 1726 2290 1782; x_wconf 71' lang='lat' dir='ltr'><strong>quae</strong></span> <span class='ocrx_word' id='word_1_204' title='bbox 2334 1725 2561 1780; x_wconf 79' lang='lat' dir='ltr'><strong>pensari.</strong></span> <span class='ocrx_word' id='word_1_205' title='bbox 2615 1709 2778 1764; x_wconf 90' lang='lat' dir='ltr'><strong>simul</strong></span> <span class='ocrx_word' id='word_1_206' title='bbox 2821 1709 2989 1763; x_wconf 88' lang='lat' dir='ltr'><strong>libras</strong></span> <span class='ocrx_word' id='word_1_207' title='bbox 3028 1703 3423 1776; x_wconf 76' lang='lat' dir='ltr'><strong>quinquaginta</strong></span> 
     </span>
    </p>
   </div>
   <div class='ocr_carea' id='block_1_17' title="bbox 282 1795 3423 1874">
    <p class='ocr_par' dir='ltr' id='par_1_17' title="bbox 282 1795 3423 1874">
     <span class='ocr_line' id='line_1_17' title="bbox 282 1795 3423 1874; baseline -0.006 -5"><span class='ocrx_word' id='word_1_208' title='bbox 282 1830 445 1869; x_wconf 87' lang='lat' dir='ltr'><strong>uuam</strong></span> <span class='ocrx_word' id='word_1_209' title='bbox 472 1822 525 1868; x_wconf 90' lang='lat' dir='ltr'><strong>et</strong></span> <span class='ocrx_word' id='word_1_210' title='bbox 559 1813 744 1868; x_wconf 84' lang='lat' dir='ltr'><strong>semis.</strong></span> <span class='ocrx_word' id='word_1_211' title='bbox 778 1810 1000 1866; x_wconf 86' lang='lat' dir='ltr'><strong>Necnon</strong></span> <span class='ocrx_word' id='word_1_212' title='bbox 1037 1818 1091 1864; x_wconf 89' lang='lat' dir='ltr'><strong>et</strong></span> <span class='ocrx_word' id='word_1_213' title='bbox 1125 1808 1180 1862; x_wconf 91' lang='lat' dir='ltr'><strong>in</strong></span> <span class='ocrx_word' id='word_1_214' title='bbox 1223 1808 1446 1863; x_wconf 85' lang='lat' dir='ltr'><strong>basilica</strong></span> <span class='ocrx_word' id='word_1_215' title='bbox 1479 1807 1652 1862; x_wconf 84' lang='lat' dir='ltr'><strong>sancti</strong></span> <span class='ocrx_word' id='word_1_216' title='bbox 1683 1804 1885 1861; x_wconf 85' lang='lat' dir='ltr'><strong>Christi</strong></span> <span class='ocrx_word' id='word_1_217' title='bbox 1934 1803 2192 1874; x_wconf 82' lang='lat' dir='ltr'><strong>martyris</strong></span> <span class='ocrx_word' id='word_1_218' title='bbox 2232 1802 2374 1857; x_wconf 86' lang='lat' dir='ltr'><strong>beati</strong></span> <span class='ocrx_word' id='word_1_219' title='bbox 2419 1800 2749 1864; x_wconf 84' lang='lat' dir='ltr'><strong>Sebastiani,</strong></span> <span class='ocrx_word' id='word_1_220' title='bbox 2781 1812 2902 1869; x_wconf 70' lang='lat' dir='ltr'><strong>qua:</strong></span> <span class='ocrx_word' id='word_1_221' title='bbox 2942 1797 3164 1871; x_wconf 79' lang='lat' dir='ltr'><strong>ponitur</strong></span> <span class='ocrx_word' id='word_1_222' title='bbox 3194 1796 3247 1851; x_wconf 90' lang='lat' dir='ltr'><strong>in</strong></span> <span class='ocrx_word' id='word_1_223' title='bbox 3279 1795 3423 1861; x_wconf 88' lang='lat' dir='ltr'><strong>loco,</strong></span> 
     </span>
    </p>
   </div>
   <div class='ocr_carea' id='block_1_18' title="bbox 281 1882 3425 1974">
    <p class='ocr_par' dir='ltr' id='par_1_18' title="bbox 281 1882 3425 1974">
     <span class='ocr_line' id='line_1_18' title="bbox 281 1882 3425 1974; baseline -0.006 -19"><span class='ocrx_word' id='word_1_224' title='bbox 281 1902 372 1974; x_wconf 82' lang='lat' dir='ltr'><strong>qui</strong></span> <span class='ocrx_word' id='word_1_225' title='bbox 405 1911 626 1958; x_wconf 79' lang='lat' dir='ltr'><strong>vocatur</strong></span> <span class='ocrx_word' id='word_1_226' title='bbox 646 1899 927 1964; x_wconf 84' lang='lat' dir='ltr'><strong>Frascata,</strong></span> <span class='ocrx_word' id='word_1_227' title='bbox 962 1900 1156 1953; x_wconf 89' lang='lat' dir='ltr'><strong>obtulit</strong></span> <span class='ocrx_word' id='word_1_228' title='bbox 1198 1899 1337 1952; x_wconf 90' lang='lat' dir='ltr'><strong>idem</strong></span> <span class='ocrx_word' id='word_1_229' title='bbox 1380 1884 1825 1968; x_wconf 30' lang='lat' dir='ltr'><strong>pater&#39;egregius</strong></span> <span class='ocrx_word' id='word_1_230' title='bbox 1850 1904 2062 1950; x_wconf 75' lang='lat' dir='ltr'><strong>vestem</strong></span> <span class='ocrx_word' id='word_1_231' title='bbox 2097 1896 2165 1950; x_wconf 88' lang='lat' dir='ltr'><strong>de</strong></span> <span class='ocrx_word' id='word_1_232' title='bbox 2208 1882 2436 1949; x_wconf 80' lang='lat' dir='ltr'><strong>fundato</strong></span> <span class='ocrx_word' id='word_1_233' title='bbox 2464 1908 2626 1947; x_wconf 88' lang='lat' dir='ltr'><strong>unam</strong></span> <span class='ocrx_word' id='word_1_234' title='bbox 2671 1889 2958 1945; x_wconf 88' lang='lat' dir='ltr'><strong>habentem</strong></span> <span class='ocrx_word' id='word_1_235' title='bbox 2991 1887 3046 1940; x_wconf 89' lang='lat' dir='ltr'><strong>in</strong></span> <span class='ocrx_word' id='word_1_236' title='bbox 3087 1884 3425 1974; x_wconf 9' lang='lat' dir='ltr'><strong>mediocre-7</strong></span> 
     </span>
    </p>
   </div>
   <div class='ocr_carea' id='block_1_19' title="bbox 284 1971 3427 2064">
    <p class='ocr_par' dir='ltr' id='par_1_19' title="bbox 284 1971 3427 2064">
     <span class='ocr_line' id='line_1_19' title="bbox 284 1971 3427 2064; baseline -0.006 -13"><span class='ocrx_word' id='word_1_237' title='bbox 284 1971 402 2051; x_wconf 80' lang='lat' dir='ltr'><strong>cem</strong></span> <span class='ocrx_word' id='word_1_238' title='bbox 431 2010 552 2047; x_wconf 87' lang='lat' dir='ltr'><strong>cum</strong></span> <span class='ocrx_word' id='word_1_239' title='bbox 585 1991 910 2064; x_wconf 88' lang='lat' dir='ltr'><strong>gammadiis</strong></span> <span class='ocrx_word' id='word_1_240' title='bbox 933 1991 999 2045; x_wconf 89' lang='lat' dir='ltr'><strong>de</strong></span> <span class='ocrx_word' id='word_1_241' title='bbox 1039 1987 1398 2060; x_wconf 85' lang='lat' dir='ltr'><strong>quadrapulo.</strong></span> <span class='ocrx_word' id='word_1_242' title='bbox 1434 1987 1609 2041; x_wconf 88' lang='lat' dir='ltr'><strong>Simili</strong></span> <span class='ocrx_word' id='word_1_243' title='bbox 1652 1987 1813 2042; x_wconf 90' lang='lat' dir='ltr'><strong>modo</strong></span> <span class='ocrx_word' id='word_1_244' title='bbox 1855 1985 1985 2041; x_wconf 85' lang='lat' dir='ltr'><strong>fecit</strong></span> <span class='ocrx_word' id='word_1_245' title='bbox 2030 1985 2083 2039; x_wconf 89' lang='lat' dir='ltr'><strong>in</strong></span> <span class='ocrx_word' id='word_1_246' title='bbox 2124 1985 2347 2040; x_wconf 86' lang='lat' dir='ltr'><strong>basilica</strong></span> <span class='ocrx_word' id='word_1_247' title='bbox 2376 1982 2519 2038; x_wconf 88' lang='lat' dir='ltr'><strong>beati</strong></span> <span class='ocrx_word' id='word_1_248' title='bbox 2549 1991 2605 2037; x_wconf 91' lang='lat' dir='ltr'><strong>et</strong></span> <span class='ocrx_word' id='word_1_249' title='bbox 2625 1979 2833 2052; x_wconf 82' lang='lat' dir='ltr'><strong>egregii</strong></span> <span class='ocrx_word' id='word_1_250' title='bbox 2865 1975 3238 2049; x_wconf 67' lang='lat' dir='ltr'><strong>praedicatoris</strong></span> <span class='ocrx_word' id='word_1_251' title='bbox 3269 1971 3427 2032; x_wconf 84' lang='lat' dir='ltr'><strong>Pauli</strong></span> 
     </span>
    </p>
   </div>
   <div class='ocr_carea' id='block_1_20' title="bbox 168 2076 2843 2154">
    <p class='ocr_par' dir='ltr' id='par_1_20' title="bbox 168 2076 2843 2154">
     <span class='ocr_line' id='line_1_20' title="bbox 168 2076 2843 2154; baseline -0.006 -14"><span class='ocrx_word' id='word_1_252' title='bbox 168 2082 253 2140; x_wconf 64' lang='grc' dir='ltr'><strong>η</strong></span> <span class='ocrx_word' id='word_1_253' title='bbox 293 2082 527 2154; x_wconf 85' lang='lat' dir='ltr'><strong>apostoli</strong></span> <span class='ocrx_word' id='word_1_254' title='bbox 546 2090 749 2136; x_wconf 82' lang='lat' dir='ltr'><strong>vestem</strong></span> <span class='ocrx_word' id='word_1_255' title='bbox 779 2082 999 2136; x_wconf 81' lang='lat' dir='ltr'><strong>rubeam</strong></span> <span class='ocrx_word' id='word_1_256' title='bbox 1034 2081 1099 2135; x_wconf 84' lang='lat' dir='ltr'><strong>de</strong></span> <span class='ocrx_word' id='word_1_257' title='bbox 1133 2080 1356 2133; x_wconf 84' lang='lat' dir='ltr'><strong>arodina</strong></span> <span class='ocrx_word' id='word_1_258' title='bbox 1390 2079 1442 2142; x_wconf 82' lang='lat' dir='ltr'><strong>l,</strong></span> <span class='ocrx_word' id='word_1_259' title='bbox 1476 2093 1598 2131; x_wconf 89' lang='lat' dir='ltr'><strong>cum</strong></span> <span class='ocrx_word' id='word_1_260' title='bbox 1631 2076 2006 2149; x_wconf 84' lang='lat' dir='ltr'><strong>chrysoclavo.</strong></span> <span class='ocrx_word' id='word_1_261' title='bbox 2840 2120 2843 2123; x_wconf 21' lang='grc' dir='ltr'><strong>Α</strong></span> 
     </span>
    </p>
   </div>
   <div class='ocr_carea' id='block_1_21' title="bbox 358 2156 3429 2246">
    <p class='ocr_par' dir='ltr' id='par_1_21' title="bbox 358 2156 3429 2246">
     <span class='ocr_line' id='line_1_21' title="bbox 358 2156 3429 2246; baseline -0.006 -16"><span class='ocrx_word' id='word_1_262' title='bbox 358 2174 518 2246; x_wconf 76' lang='grc'><strong>572</strong></span> <span class='ocrx_word' id='word_1_263' title='bbox 562 2172 757 2229; x_wconf 73' lang='lat' dir='ltr'><strong>Verum</strong></span> <span class='ocrx_word' id='word_1_264' title='bbox 787 2171 951 2226; x_wconf 87' lang='lat' dir='ltr'><strong>etiam</strong></span> <span class='ocrx_word' id='word_1_265' title='bbox 981 2179 1038 2225; x_wconf 87' lang='lat' dir='ltr'><strong>et</strong></span> <span class='ocrx_word' id='word_1_266' title='bbox 1068 2170 1121 2224; x_wconf 84' lang='lat' dir='ltr'><strong>in</strong></span> <span class='ocrx_word' id='word_1_267' title='bbox 1172 2167 1328 2223; x_wconf 89' lang='lat' dir='ltr'><strong>titulo</strong></span> <span class='ocrx_word' id='word_1_268' title='bbox 1371 2168 1543 2221; x_wconf 80' lang='lat' dir='ltr'><strong>sancti</strong></span> <span class='ocrx_word' id='word_1_269' title='bbox 1582 2166 1795 2238; x_wconf 66' lang='lat' dir='ltr'><strong>(Syriaci</strong></span> <span class='ocrx_word' id='word_1_270' title='bbox 1848 2165 2102 2238; x_wconf 86' lang='lat' dir='ltr'><strong>martyris</strong></span> <span class='ocrx_word' id='word_1_271' title='bbox 2132 2165 2262 2221; x_wconf 89' lang='lat' dir='ltr'><strong>fecit</strong></span> <span class='ocrx_word' id='word_1_272' title='bbox 2308 2158 2513 2218; x_wconf 77' lang='lat' dir='ltr'><strong>restent</strong></span> <span class='ocrx_word' id='word_1_273' title='bbox 2545 2162 2613 2218; x_wconf 89' lang='lat' dir='ltr'><strong>de</strong></span> <span class='ocrx_word' id='word_1_274' title='bbox 2655 2161 2877 2218; x_wconf 90' lang='lat' dir='ltr'><strong>fundato</strong></span> <span class='ocrx_word' id='word_1_275' title='bbox 2924 2156 3107 2216; x_wconf 87' lang='lat' dir='ltr'><strong>unam.</strong></span> <span class='ocrx_word' id='word_1_276' title='bbox 3147 2159 3267 2232; x_wconf 86' lang='lat' dir='ltr'><strong>Ipse</strong></span> <span class='ocrx_word' id='word_1_277' title='bbox 3295 2172 3429 2214; x_wconf 89' lang='lat' dir='ltr'><strong>vero</strong></span> 
     </span>
    </p>
   </div>
   <div class='ocr_carea' id='block_1_22' title="bbox 282 2254 3426 2343">
    <p class='ocr_par' dir='ltr' id='par_1_22' title="bbox 282 2254 3426 2343">
     <span class='ocr_line' id='line_1_22' title="bbox 282 2254 3426 2343; baseline -0.006 -19"><span class='ocrx_word' id='word_1_278' title='bbox 282 2268 638 2324; x_wconf 80' lang='lat' dir='ltr'><strong>beatissimus</strong></span> <span class='ocrx_word' id='word_1_279' title='bbox 664 2263 905 2334; x_wconf 72' lang='lat' dir='ltr'><strong>pontifex</strong></span> <span class='ocrx_word' id='word_1_280' title='bbox 942 2263 1304 2317; x_wconf 78' lang='lat' dir='ltr'><strong>cxardescens</strong></span> <span class='ocrx_word' id='word_1_281' title='bbox 1333 2274 1518 2315; x_wconf 89' lang='lat' dir='ltr'><strong>amore</strong></span> <span class='ocrx_word' id='word_1_282' title='bbox 1549 2258 1677 2315; x_wconf 81' lang='lat' dir='ltr'><strong>fecit</strong></span> <span class='ocrx_word' id='word_1_283' title='bbox 1714 2261 1768 2314; x_wconf 92' lang='lat' dir='ltr'><strong>in</strong></span> <span class='ocrx_word' id='word_1_284' title='bbox 1798 2260 2024 2316; x_wconf 86' lang='lat' dir='ltr'><strong>basilica</strong></span> <span class='ocrx_word' id='word_1_285' title='bbox 2052 2259 2194 2315; x_wconf 88' lang='lat' dir='ltr'><strong>beati</strong></span> <span class='ocrx_word' id='word_1_286' title='bbox 2223 2258 2377 2343; x_wconf 39' lang='lat' dir='ltr'><strong>Petri.</strong></span> <span class='ocrx_word' id='word_1_287' title='bbox 2397 2255 2628 2327; x_wconf 85' lang='lat' dir='ltr'><strong>apostoli</strong></span> <span class='ocrx_word' id='word_1_288' title='bbox 2660 2254 2947 2309; x_wconf 77' lang='lat' dir='ltr'><strong>nutritor-is</strong></span> <span class='ocrx_word' id='word_1_289' title='bbox 2978 2254 3061 2308; x_wconf 91' lang='lat' dir='ltr'><strong>sui</strong></span> <span class='ocrx_word' id='word_1_290' title='bbox 3091 2254 3322 2324; x_wconf 69' lang='lat' dir='ltr'><strong>pilarum</strong></span> <span class='ocrx_word' id='word_1_291' title='bbox 3352 2264 3426 2307; x_wconf 74' lang='lat' dir='ltr'><strong>ex</strong></span> 
     </span>
    </p>
   </div>
   <div class='ocr_carea' id='block_1_23' title="bbox 286 2342 3424 2433">
    <p class='ocr_par' dir='ltr' id='par_1_23' title="bbox 286 2342 3424 2433">
     <span class='ocr_line' id='line_1_23' title="bbox 286 2342 3424 2433; baseline -0.006 -17"><span class='ocrx_word' id='word_1_292' title='bbox 286 2369 511 2433; x_wconf 83' lang='lat' dir='ltr'><strong>argento</strong></span> <span class='ocrx_word' id='word_1_293' title='bbox 542 2357 891 2413; x_wconf 69' lang='lat' dir='ltr'><strong>unmu‘mirte</strong></span> <span class='ocrx_word' id='word_1_294' title='bbox 923 2351 1327 2423; x_wconf 79' lang='lat' dir='ltr'><strong>magnitudinis,</strong></span> <span class='ocrx_word' id='word_1_295' title='bbox 1357 2350 1447 2419; x_wconf 84' lang='lat' dir='ltr'><strong>qui</strong></span> <span class='ocrx_word' id='word_1_296' title='bbox 1478 2364 1702 2421; x_wconf 87' lang='lat' dir='ltr'><strong>pensau.</strong></span> <span class='ocrx_word' id='word_1_297' title='bbox 1736 2349 1924 2415; x_wconf 87' lang='lat' dir='ltr'><strong>libras,</strong></span> <span class='ocrx_word' id='word_1_298' title='bbox 1950 2357 2006 2406; x_wconf 86' lang='lat' dir='ltr'><strong>et</strong></span> <span class='ocrx_word' id='word_1_299' title='bbox 2049 2353 2309 2405; x_wconf 85' lang='lat' dir='ltr'><strong>uncias...</strong></span> <span class='ocrx_word' id='word_1_300' title='bbox 2348 2342 2445 2405; x_wconf 89' lang='lat' dir='ltr'><strong>llic</strong></span> <span class='ocrx_word' id='word_1_301' title='bbox 2474 2363 2604 2404; x_wconf 84' lang='lat' dir='ltr'><strong>vero</strong></span> <span class='ocrx_word' id='word_1_302' title='bbox 2632 2345 2981 2402; x_wconf 87' lang='lat' dir='ltr'><strong>beatissimus</strong></span> <span class='ocrx_word' id='word_1_303' title='bbox 3010 2342 3251 2416; x_wconf 79' lang='lat' dir='ltr'><strong>pontifex</strong></span> <span class='ocrx_word' id='word_1_304' title='bbox 3282 2342 3424 2398; x_wconf 86' lang='lat' dir='ltr'><strong>divi-</strong></span> 
     </span>
    </p>
   </div>
   <div class='ocr_carea' id='block_1_24' title="bbox 287 2435 3421 2522">
    <p class='ocr_par' dir='ltr' id='par_1_24' title="bbox 287 2435 3421 2522">
     <span class='ocr_line' id='line_1_24' title="bbox 287 2435 3421 2522; baseline -0.006 -15"><span class='ocrx_word' id='word_1_305' title='bbox 287 2466 353 2507; x_wconf 87' lang='lat' dir='ltr'><strong>na</strong></span> <span class='ocrx_word' id='word_1_306' title='bbox 388 2449 744 2522; x_wconf 83' lang='lat' dir='ltr'><strong>inspiratione</strong></span> <span class='ocrx_word' id='word_1_307' title='bbox 773 2445 1036 2516; x_wconf 83' lang='lat' dir='ltr'><strong>repletus,</strong></span> <span class='ocrx_word' id='word_1_308' title='bbox 1062 2442 1191 2498; x_wconf 58' lang='lat' dir='ltr'><strong>(dcit</strong></span> <span class='ocrx_word' id='word_1_309' title='bbox 1216 2443 1270 2496; x_wconf 86' lang='lat' dir='ltr'><strong>in</strong></span> <span class='ocrx_word' id='word_1_310' title='bbox 1306 2443 1540 2498; x_wconf 85' lang='lat' dir='ltr'><strong>ecclesia</strong></span> <span class='ocrx_word' id='word_1_311' title='bbox 1570 2442 1713 2497; x_wconf 85' lang='lat' dir='ltr'><strong>beati</strong></span> <span class='ocrx_word' id='word_1_312' title='bbox 1737 2441 1939 2497; x_wconf 83' lang='lat' dir='ltr'><strong>Levilac</strong></span> <span class='ocrx_word' id='word_1_313' title='bbox 1966 2441 2268 2508; x_wconf 86' lang='lat' dir='ltr'><strong>Laurentii,</strong></span> <span class='ocrx_word' id='word_1_314' title='bbox 2300 2439 2436 2497; x_wconf 84' lang='lat' dir='ltr'><strong>foris</strong></span> <span class='ocrx_word' id='word_1_315' title='bbox 2469 2455 2653 2495; x_wconf 88' lang='lat' dir='ltr'><strong>muros</strong></span> <span class='ocrx_word' id='word_1_316' title='bbox 2684 2437 2845 2505; x_wconf 86' lang='lat' dir='ltr'><strong>hujus</strong></span> <span class='ocrx_word' id='word_1_317' title='bbox 2874 2437 3112 2493; x_wconf 73' lang='lat' dir='ltr'><strong>civitatis</strong></span> <span class='ocrx_word' id='word_1_318' title='bbox 3142 2435 3421 2497; x_wconf 65' lang='lat' dir='ltr'><strong>Romane,</strong></span> 
     </span>
    </p>
   </div>
   <div class='ocr_carea' id='block_1_25' title="bbox 206 2526 3425 2613">
    <p class='ocr_par' dir='ltr' id='par_1_25' title="bbox 206 2526 3425 2613">
     <span class='ocr_line' id='line_1_25' title="bbox 206 2526 3425 2613; baseline -0.007 -13"><span class='ocrx_word' id='word_1_319' title='bbox 206 2543 251 2600; x_wconf 69' lang='lat'><strong>5</strong></span> <span class='ocrx_word' id='word_1_320' title='bbox 288 2552 493 2599; x_wconf 81' lang='lat' dir='ltr'><strong>vestem</strong></span> <span class='ocrx_word' id='word_1_321' title='bbox 514 2543 585 2597; x_wconf 85' lang='lat' dir='ltr'><strong>de</strong></span> <span class='ocrx_word' id='word_1_322' title='bbox 624 2540 846 2595; x_wconf 87' lang='lat' dir='ltr'><strong>fundato</strong></span> <span class='ocrx_word' id='word_1_323' title='bbox 873 2550 1056 2601; x_wconf 86' lang='lat' dir='ltr'><strong>unum,</strong></span> <span class='ocrx_word' id='word_1_324' title='bbox 1098 2548 1223 2590; x_wconf 86' lang='lat' dir='ltr'><strong>cum</strong></span> <span class='ocrx_word' id='word_1_325' title='bbox 1258 2535 1634 2606; x_wconf 76' lang='lat' dir='ltr'><strong>chrysoclavo,</strong></span> <span class='ocrx_word' id='word_1_326' title='bbox 1680 2526 1836 2589; x_wconf 73' lang='lat' dir='ltr'><strong>mirae</strong></span> <span class='ocrx_word' id='word_1_327' title='bbox 1878 2533 2266 2605; x_wconf 76' lang='lat' dir='ltr'><strong>magnitudinis</strong></span> <span class='ocrx_word' id='word_1_328' title='bbox 2307 2534 2640 2589; x_wconf 78' lang='lat' dir='ltr'><strong>decoratum.</strong></span> <span class='ocrx_word' id='word_1_329' title='bbox 2680 2529 2788 2586; x_wconf 86' lang='lat' dir='ltr'><strong>Sed</strong></span> <span class='ocrx_word' id='word_1_330' title='bbox 2831 2538 2888 2584; x_wconf 89' lang='lat' dir='ltr'><strong>et</strong></span> <span class='ocrx_word' id='word_1_331' title='bbox 2909 2527 3097 2613; x_wconf 55' lang='lat' dir='ltr'><strong>‘ipsius</strong></span> <span class='ocrx_word' id='word_1_332' title='bbox 3139 2527 3425 2597; x_wconf 64' lang='lat' dir='ltr'><strong>praecipua:</strong></span> 
     </span>
    </p>
   </div>
   <div class='ocr_carea' id='block_1_26' title="bbox 290 2620 3426 2699">
    <p class='ocr_par' dir='ltr' id='par_1_26' title="bbox 290 2620 3426 2699">
     <span class='ocr_line' id='line_1_26' title="bbox 290 2620 3426 2699; baseline -0.006 -10"><span class='ocrx_word' id='word_1_333' title='bbox 290 2645 439 2689; x_wconf 84' lang='lat' dir='ltr'><strong>sarta</strong></span> <span class='ocrx_word' id='word_1_334' title='bbox 463 2640 604 2688; x_wconf 88' lang='lat' dir='ltr'><strong>tecta</strong></span> <span class='ocrx_word' id='word_1_335' title='bbox 629 2629 879 2686; x_wconf 69' lang='lat' dir='ltr'><strong>ecclesia:</strong></span> <span class='ocrx_word' id='word_1_336' title='bbox 925 2629 1067 2683; x_wconf 83' lang='lat' dir='ltr'><strong>beati</strong></span> <span class='ocrx_word' id='word_1_337' title='bbox 1098 2628 1246 2682; x_wconf 85' lang='lat' dir='ltr'><strong>Petri</strong></span> <span class='ocrx_word' id='word_1_338' title='bbox 1271 2627 1506 2699; x_wconf 86' lang='lat' dir='ltr'><strong>apostoli</strong></span> <span class='ocrx_word' id='word_1_339' title='bbox 1536 2626 1826 2683; x_wconf 87' lang='lat' dir='ltr'><strong>nutritoris</strong></span> <span class='ocrx_word' id='word_1_340' title='bbox 1856 2627 1962 2691; x_wconf 91' lang='lat' dir='ltr'><strong>sui,</strong></span> <span class='ocrx_word' id='word_1_341' title='bbox 1996 2626 2047 2681; x_wconf 88' lang='lat' dir='ltr'><strong>id</strong></span> <span class='ocrx_word' id='word_1_342' title='bbox 2078 2634 2161 2683; x_wconf 87' lang='lat' dir='ltr'><strong>est</strong></span> <span class='ocrx_word' id='word_1_343' title='bbox 2190 2640 2385 2681; x_wconf 83' lang='lat' dir='ltr'><strong>navem</strong></span> <span class='ocrx_word' id='word_1_344' title='bbox 2426 2624 2718 2695; x_wconf 82' lang='lat' dir='ltr'><strong>majorem,</strong></span> <span class='ocrx_word' id='word_1_345' title='bbox 2764 2630 2818 2675; x_wconf 81' lang='lat' dir='ltr'><strong>ct</strong></span> <span class='ocrx_word' id='word_1_346' title='bbox 2858 2620 3020 2675; x_wconf 84' lang='lat' dir='ltr'><strong>aliam</strong></span> <span class='ocrx_word' id='word_1_347' title='bbox 3057 2634 3274 2685; x_wconf 88' lang='lat' dir='ltr'><strong>navem,</strong></span> <span class='ocrx_word' id='word_1_348' title='bbox 3301 2632 3426 2689; x_wconf 70' lang='lat' dir='ltr'><strong>quae</strong></span> 
     </span>
    </p>
   </div>
   <div class='ocr_carea' id='block_1_27' title="bbox 288 2711 3418 2795">
    <p class='ocr_par' dir='ltr' id='par_1_27' title="bbox 288 2711 3418 2795">
     <span class='ocr_line' id='line_1_27' title="bbox 288 2711 3418 2795; baseline -0.004 -15"><span class='ocrx_word' id='word_1_349' title='bbox 288 2737 454 2795; x_wconf 83' lang='lat' dir='ltr'><strong>super</strong></span> <span class='ocrx_word' id='word_1_350' title='bbox 476 2738 678 2794; x_wconf 87' lang='lat' dir='ltr'><strong>corpus</strong></span> <span class='ocrx_word' id='word_1_351' title='bbox 706 2722 823 2791; x_wconf 83' lang='lat' dir='ltr'><strong>ejus</strong></span> <span class='ocrx_word' id='word_1_352' title='bbox 848 2730 952 2787; x_wconf 86' lang='lat' dir='ltr'><strong>est,</strong></span> <span class='ocrx_word' id='word_1_353' title='bbox 984 2723 1197 2791; x_wconf 82' lang='lat' dir='ltr'><strong>magnis</strong></span> <span class='ocrx_word' id='word_1_354' title='bbox 1228 2723 1473 2776; x_wconf 86' lang='lat' dir='ltr'><strong>trabibus</strong></span> <span class='ocrx_word' id='word_1_355' title='bbox 1515 2722 1785 2792; x_wconf 85' lang='lat' dir='ltr'><strong>impositis</strong></span> <span class='ocrx_word' id='word_1_356' title='bbox 1809 2736 2038 2776; x_wconf 89' lang='lat' dir='ltr'><strong>numero</strong></span> <span class='ocrx_word' id='word_1_357' title='bbox 2065 2731 2272 2793; x_wconf 89' lang='lat' dir='ltr'><strong>septem</strong></span> <span class='ocrx_word' id='word_1_358' title='bbox 2311 2719 2641 2793; x_wconf 87' lang='lat' dir='ltr'><strong>procaciquc</strong></span> <span class='ocrx_word' id='word_1_359' title='bbox 2686 2717 2923 2773; x_wconf 84' lang='lat' dir='ltr'><strong>artillcio</strong></span> <span class='ocrx_word' id='word_1_360' title='bbox 2951 2715 3177 2771; x_wconf 87' lang='lat' dir='ltr'><strong>elevatis</strong></span> <span class='ocrx_word' id='word_1_361' title='bbox 3199 2711 3418 2770; x_wconf 72' lang='lat' dir='ltr'><strong>lucilius</strong></span> 
     </span>
    </p>
   </div>
   <div class='ocr_carea' id='block_1_28' title="bbox 240 2800 3427 2889">
    <p class='ocr_par' dir='ltr' id='par_1_28' title="bbox 240 2800 3427 2889">
     <span class='ocr_line' id='line_1_28' title="bbox 240 2800 3427 2889; baseline -0.002 -26"><span class='ocrx_word' id='word_1_362' title='bbox 240 2858 253 2863; x_wconf 80' lang='lat'><strong>-</strong></span> <span class='ocrx_word' id='word_1_363' title='bbox 290 2816 593 2889; x_wconf 72' lang='lat' dir='ltr'><strong>renovavit.</strong></span> <span class='ocrx_word' id='word_1_364' title='bbox 630 2814 695 2869; x_wconf 80' lang='lat' dir='ltr'><strong>Et</strong></span> <span class='ocrx_word' id='word_1_365' title='bbox 719 2815 773 2869; x_wconf 90' lang='lat' dir='ltr'><strong>in</strong></span> <span class='ocrx_word' id='word_1_366' title='bbox 804 2813 961 2869; x_wconf 81' lang='lat' dir='ltr'><strong>titulo</strong></span> <span class='ocrx_word' id='word_1_367' title='bbox 985 2814 1129 2869; x_wconf 89' lang='lat' dir='ltr'><strong>beati</strong></span> <span class='ocrx_word' id='word_1_368' title='bbox 1155 2811 1371 2885; x_wconf 83' lang='lat' dir='ltr'><strong>Cyriaci</strong></span> <span class='ocrx_word' id='word_1_369' title='bbox 1401 2816 1656 2885; x_wconf 84' lang='lat' dir='ltr'><strong>martyris</strong></span> <span class='ocrx_word' id='word_1_370' title='bbox 1696 2815 1892 2869; x_wconf 88' lang='lat' dir='ltr'><strong>obtulit</strong></span> <span class='ocrx_word' id='word_1_371' title='bbox 1932 2813 2281 2886; x_wconf 82' lang='lat' dir='ltr'><strong>Evangelium</strong></span> <span class='ocrx_word' id='word_1_372' title='bbox 2325 2830 2491 2869; x_wconf 89' lang='lat' dir='ltr'><strong>unum</strong></span> <span class='ocrx_word' id='word_1_373' title='bbox 2528 2829 2596 2869; x_wconf 80' lang='lat' dir='ltr'><strong>ex</strong></span> <span class='ocrx_word' id='word_1_374' title='bbox 2634 2819 2864 2880; x_wconf 84' lang='lat' dir='ltr'><strong>argento</strong></span> <span class='ocrx_word' id='word_1_375' title='bbox 2890 2803 3187 2878; x_wconf 86' lang='lat' dir='ltr'><strong>purissimo</strong></span> <span class='ocrx_word' id='word_1_376' title='bbox 3212 2803 3280 2858; x_wconf 89' lang='lat' dir='ltr'><strong>ad</strong></span> <span class='ocrx_word' id='word_1_377' title='bbox 3304 2800 3427 2859; x_wconf 90' lang='lat' dir='ltr'><strong>lau-</strong></span> 
     </span>
    </p>
   </div>
   <div class='ocr_carea' id='block_1_29' title="bbox 291 2897 3422 2978">
    <p class='ocr_par' dir='ltr' id='par_1_29' title="bbox 291 2897 3422 2978">
     <span class='ocr_line' id='line_1_29' title="bbox 291 2897 3422 2978; baseline -0.002 -17"><span class='ocrx_word' id='word_1_378' title='bbox 291 2905 413 2961; x_wconf 87' lang='lat' dir='ltr'><strong>dem</strong></span> <span class='ocrx_word' id='word_1_379' title='bbox 430 2915 491 2959; x_wconf 84' lang='lat' dir='ltr'><strong>et</strong></span> <span class='ocrx_word' id='word_1_380' title='bbox 520 2905 749 2975; x_wconf 76' lang='lat' dir='ltr'><strong>gloriam</strong></span> <span class='ocrx_word' id='word_1_381' title='bbox 776 2905 945 2974; x_wconf 87' lang='lat' dir='ltr'><strong>ipsius</strong></span> <span class='ocrx_word' id='word_1_382' title='bbox 970 2904 1234 2961; x_wconf 64' lang='lat' dir='ltr'><strong>ecclesiae.</strong></span> <span class='ocrx_word' id='word_1_383' title='bbox 1268 2905 1363 2960; x_wconf 86' lang='lat' dir='ltr'><strong>His</strong></span> <span class='ocrx_word' id='word_1_384' title='bbox 1390 2907 1574 2976; x_wconf 87' lang='lat' dir='ltr'><strong>itaque</strong></span> <span class='ocrx_word' id='word_1_385' title='bbox 1600 2907 1836 2976; x_wconf 67' lang='lat' dir='ltr'><strong>peracti-3</strong></span> <span class='ocrx_word' id='word_1_386' title='bbox 1859 2906 2121 2978; x_wconf 66' lang='lat' dir='ltr'><strong>praefatus</strong></span> <span class='ocrx_word' id='word_1_387' title='bbox 2146 2907 2493 2962; x_wconf 82' lang='lat' dir='ltr'><strong>beatissimus</strong></span> <span class='ocrx_word' id='word_1_388' title='bbox 2515 2921 2651 2976; x_wconf 87' lang='lat' dir='ltr'><strong>papa</strong></span> <span class='ocrx_word' id='word_1_389' title='bbox 2681 2902 2849 2959; x_wconf 90' lang='lat' dir='ltr'><strong>nimio</strong></span> <span class='ocrx_word' id='word_1_390' title='bbox 2880 2913 3066 2954; x_wconf 88' lang='lat' dir='ltr'><strong>amore</strong></span> <span class='ocrx_word' id='word_1_391' title='bbox 3093 2897 3422 2954; x_wconf 76' lang='lat' dir='ltr'><strong>constrictus</strong></span> 
     </span>
    </p>
   </div>
   <div class='ocr_carea' id='block_1_30' title="bbox 173 2991 3424 3069">
    <p class='ocr_par' dir='ltr' id='par_1_30' title="bbox 173 2991 3424 3069">
     <span class='ocr_line' id='line_1_30' title="bbox 173 2991 3424 3069; baseline -0.001 -16"><span class='ocrx_word' id='word_1_392' title='bbox 173 2999 252 3057; x_wconf 69' lang='lat' dir='ltr'><strong>1t)</strong></span> <span class='ocrx_word' id='word_1_393' title='bbox 293 2998 343 3052; x_wconf 90' lang='lat' dir='ltr'><strong>in</strong></span> <span class='ocrx_word' id='word_1_394' title='bbox 386 2996 613 3052; x_wconf 75' lang='lat' dir='ltr'><strong>ecclesia</strong></span> <span class='ocrx_word' id='word_1_395' title='bbox 647 2996 820 3051; x_wconf 68' lang='lat' dir='ltr'><strong>beata:</strong></span> <span class='ocrx_word' id='word_1_396' title='bbox 850 2996 942 3051; x_wconf 88' lang='lat' dir='ltr'><strong>Dei</strong></span> <span class='ocrx_word' id='word_1_397' title='bbox 982 2996 1276 3053; x_wconf 85' lang='lat' dir='ltr'><strong>Genitricis</strong></span> <span class='ocrx_word' id='word_1_398' title='bbox 1316 3012 1637 3068; x_wconf 86' lang='lat' dir='ltr'><strong>semperque</strong></span> <span class='ocrx_word' id='word_1_399' title='bbox 1666 2999 1901 3069; x_wconf 85' lang='lat' dir='ltr'><strong>Virginis</strong></span> <span class='ocrx_word' id='word_1_400' title='bbox 1939 2998 2121 3055; x_wconf 73' lang='lat' dir='ltr'><strong>Mat-ise</strong></span> <span class='ocrx_word' id='word_1_401' title='bbox 2154 2999 2387 3055; x_wconf 70' lang='lat' dir='ltr'><strong>domina:</strong></span> <span class='ocrx_word' id='word_1_402' title='bbox 2417 2996 2643 3063; x_wconf 66' lang='lat' dir='ltr'><strong>noStrae,</strong></span> <span class='ocrx_word' id='word_1_403' title='bbox 2674 3012 2795 3068; x_wconf 67' lang='lat' dir='ltr'><strong>qua:</strong></span> <span class='ocrx_word' id='word_1_404' title='bbox 2831 2993 3055 3065; x_wconf 89' lang='lat' dir='ltr'><strong>ponitur</strong></span> <span class='ocrx_word' id='word_1_405' title='bbox 3084 3004 3234 3048; x_wconf 89' lang='lat' dir='ltr'><strong>trans</strong></span> <span class='ocrx_word' id='word_1_406' title='bbox 3259 2991 3424 3050; x_wconf 89' lang='lat' dir='ltr'><strong>Tibe-</strong></span> 
     </span>
    </p>
   </div>
   <div class='ocr_carea' id='block_1_31' title="bbox 294 3084 3420 3158">
    <p class='ocr_par' dir='ltr' id='par_1_31' title="bbox 294 3084 3420 3158">
     <span class='ocr_line' id='line_1_31' title="bbox 294 3084 3420 3158; baseline 0 -16"><span class='ocrx_word' id='word_1_407' title='bbox 294 3087 420 3152; x_wconf 86' lang='lat' dir='ltr'><strong>rim,</strong></span> <span class='ocrx_word' id='word_1_408' title='bbox 447 3088 688 3143; x_wconf 84' lang='lat' dir='ltr'><strong>absidam</strong></span> <span class='ocrx_word' id='word_1_409' title='bbox 716 3087 974 3157; x_wconf 89' lang='lat' dir='ltr'><strong>majorem</strong></span> <span class='ocrx_word' id='word_1_410' title='bbox 1000 3088 1169 3157; x_wconf 88' lang='lat' dir='ltr'><strong>ipsius</strong></span> <span class='ocrx_word' id='word_1_411' title='bbox 1197 3086 1465 3152; x_wconf 62' lang='lat' dir='ltr'><strong>ecclesias,</strong></span> <span class='ocrx_word' id='word_1_412' title='bbox 1498 3088 1550 3141; x_wconf 90' lang='lat' dir='ltr'><strong>in</strong></span> <span class='ocrx_word' id='word_1_413' title='bbox 1580 3088 1751 3145; x_wconf 87' lang='lat' dir='ltr'><strong>ruinis</strong></span> <span class='ocrx_word' id='word_1_414' title='bbox 1781 3089 2037 3158; x_wconf 81' lang='lat' dir='ltr'><strong>positum,</strong></span> <span class='ocrx_word' id='word_1_415' title='bbox 2068 3088 2285 3143; x_wconf 80' lang='lat' dir='ltr'><strong>novitcr</strong></span> <span class='ocrx_word' id='word_1_416' title='bbox 2313 3098 2479 3156; x_wconf 81' lang='lat' dir='ltr'><strong>atque</strong></span> <span class='ocrx_word' id='word_1_417' title='bbox 2509 3104 2538 3141; x_wconf 91' lang='lat' dir='ltr'><strong>a</strong></span> <span class='ocrx_word' id='word_1_418' title='bbox 2566 3084 2940 3143; x_wconf 81' lang='lat' dir='ltr'><strong>fundamentis</strong></span> <span class='ocrx_word' id='word_1_419' title='bbox 2968 3086 3176 3142; x_wconf 83' lang='lat' dir='ltr'><strong>faciens</strong></span> <span class='ocrx_word' id='word_1_420' title='bbox 3200 3088 3268 3143; x_wconf 89' lang='lat' dir='ltr'><strong>ad</strong></span> <span class='ocrx_word' id='word_1_421' title='bbox 3301 3103 3420 3143; x_wconf 87' lang='lat' dir='ltr'><strong>me-</strong></span> 
     </span>
    </p>
   </div>
   <div class='ocr_carea' id='block_1_32' title="bbox 293 3176 3428 3249">
    <p class='ocr_par' dir='ltr' id='par_1_32' title="bbox 293 3176 3428 3249">
     <span class='ocr_line' id='line_1_32' title="bbox 293 3176 3428 3249; baseline -0 -14"><span class='ocrx_word' id='word_1_422' title='bbox 293 3181 481 3237; x_wconf 87' lang='lat' dir='ltr'><strong>liorem</strong></span> <span class='ocrx_word' id='word_1_423' title='bbox 510 3180 684 3237; x_wconf 76' lang='lat' dir='ltr'><strong>erexit</strong></span> <span class='ocrx_word' id='word_1_424' title='bbox 710 3188 935 3235; x_wconf 86' lang='lat' dir='ltr'><strong>statum.</strong></span> <span class='ocrx_word' id='word_1_425' title='bbox 964 3179 1259 3235; x_wconf 84' lang='lat' dir='ltr'><strong>Fenestras</strong></span> <span class='ocrx_word' id='word_1_426' title='bbox 1284 3194 1416 3235; x_wconf 86' lang='lat' dir='ltr'><strong>vero</strong></span> <span class='ocrx_word' id='word_1_427' title='bbox 1445 3180 1629 3237; x_wconf 79' lang='lat' dir='ltr'><strong>vitreis</strong></span> <span class='ocrx_word' id='word_1_428' title='bbox 1660 3179 1934 3236; x_wconf 86' lang='lat' dir='ltr'><strong>coloribus</strong></span> <span class='ocrx_word' id='word_1_429' title='bbox 1963 3180 2209 3244; x_wconf 86' lang='lat' dir='ltr'><strong>ornavit,</strong></span> <span class='ocrx_word' id='word_1_430' title='bbox 2241 3188 2297 3234; x_wconf 89' lang='lat' dir='ltr'><strong>et</strong></span> <span class='ocrx_word' id='word_1_431' title='bbox 2324 3180 2535 3249; x_wconf 89' lang='lat' dir='ltr'><strong>pictura</strong></span> <span class='ocrx_word' id='word_1_432' title='bbox 2562 3181 2760 3234; x_wconf 82' lang='lat' dir='ltr'><strong>musivi</strong></span> <span class='ocrx_word' id='word_1_433' title='bbox 2783 3179 3085 3236; x_wconf 78' lang='lat' dir='ltr'><strong>decoravit.</strong></span> <span class='ocrx_word' id='word_1_434' title='bbox 3116 3176 3337 3233; x_wconf 81' lang='lat' dir='ltr'><strong>Necnon</strong></span> <span class='ocrx_word' id='word_1_435' title='bbox 3369 3188 3428 3237; x_wconf 88' lang='lat' dir='ltr'><strong>et</strong></span> 
     </span>
    </p>
   </div>
   <div class='ocr_carea' id='block_1_33' title="bbox 286 3273 3424 3349">
    <p class='ocr_par' dir='ltr' id='par_1_33' title="bbox 286 3273 3424 3349">
     <span class='ocr_line' id='line_1_33' title="bbox 286 3273 3424 3349; baseline -0 -17"><span class='ocrx_word' id='word_1_436' title='bbox 286 3279 558 3349; x_wconf 88' lang='lat' dir='ltr'><strong>porticum</strong></span> <span class='ocrx_word' id='word_1_437' title='bbox 583 3286 744 3348; x_wconf 76' lang='lat' dir='ltr'><strong>atque</strong></span> <span class='ocrx_word' id='word_1_438' title='bbox 773 3278 1151 3348; x_wconf 82' lang='lat' dir='ltr'><strong>baptisterium</strong></span> <span class='ocrx_word' id='word_1_439' title='bbox 1183 3290 1305 3332; x_wconf 88' lang='lat' dir='ltr'><strong>cum</strong></span> <span class='ocrx_word' id='word_1_440' title='bbox 1343 3280 1662 3342; x_wconf 85' lang='lat' dir='ltr'><strong>secretario,</strong></span> <span class='ocrx_word' id='word_1_441' title='bbox 1694 3279 1880 3332; x_wconf 85' lang='lat' dir='ltr'><strong>omnia</strong></span> <span class='ocrx_word' id='word_1_442' title='bbox 1908 3287 1962 3334; x_wconf 91' lang='lat' dir='ltr'><strong>et</strong></span> <span class='ocrx_word' id='word_1_443' title='bbox 1988 3278 2039 3332; x_wconf 92' lang='lat' dir='ltr'><strong>in</strong></span> <span class='ocrx_word' id='word_1_444' title='bbox 2068 3277 2321 3332; x_wconf 89' lang='lat' dir='ltr'><strong>omnibus</strong></span> <span class='ocrx_word' id='word_1_445' title='bbox 2352 3287 2499 3333; x_wconf 83' lang='lat' dir='ltr'><strong>sarta</strong></span> <span class='ocrx_word' id='word_1_446' title='bbox 2536 3285 2677 3332; x_wconf 90' lang='lat' dir='ltr'><strong>tecta</strong></span> <span class='ocrx_word' id='word_1_447' title='bbox 2714 3278 2927 3332; x_wconf 84' lang='lat' dir='ltr'><strong>naviter</strong></span> <span class='ocrx_word' id='word_1_448' title='bbox 2961 3277 3263 3331; x_wconf 82' lang='lat' dir='ltr'><strong>renovavit.</strong></span> <span class='ocrx_word' id='word_1_449' title='bbox 3298 3273 3424 3333; x_wconf 71' lang='lat' dir='ltr'><strong>Ca:-</strong></span> 
     </span>
    </p>
   </div>
   <div class='ocr_carea' id='block_1_34' title="bbox 294 3365 3422 3444">
    <p class='ocr_par' dir='ltr' id='par_1_34' title="bbox 294 3365 3422 3444">
     <span class='ocr_line' id='line_1_34' title="bbox 294 3365 3422 3444; baseline 0.001 -18"><span class='ocrx_word' id='word_1_450' title='bbox 294 3370 579 3426; x_wconf 78' lang='lat' dir='ltr'><strong>tneterium</strong></span> <span class='ocrx_word' id='word_1_451' title='bbox 614 3386 743 3426; x_wconf 81' lang='lat' dir='ltr'><strong>vero</strong></span> <span class='ocrx_word' id='word_1_452' title='bbox 781 3367 925 3425; x_wconf 86' lang='lat' dir='ltr'><strong>beati</strong></span> <span class='ocrx_word' id='word_1_453' title='bbox 957 3366 1120 3427; x_wconf 74' lang='lat' dir='ltr'><strong>Marci</strong></span> <span class='ocrx_word' id='word_1_454' title='bbox 1150 3365 1481 3423; x_wconf 85' lang='lat' dir='ltr'><strong>confessoris</strong></span> <span class='ocrx_word' id='word_1_455' title='bbox 1510 3377 1674 3436; x_wconf 88' lang='lat' dir='ltr'><strong>atque</strong></span> <span class='ocrx_word' id='word_1_456' title='bbox 1701 3366 1999 3437; x_wconf 80' lang='lat' dir='ltr'><strong>pontiﬁcis,</strong></span> <span class='ocrx_word' id='word_1_457' title='bbox 2046 3366 2191 3435; x_wconf 85' lang='lat' dir='ltr'><strong>quod</strong></span> <span class='ocrx_word' id='word_1_458' title='bbox 2210 3366 2440 3436; x_wconf 52' lang='lat' dir='ltr'><strong>munitur</strong></span> <span class='ocrx_word' id='word_1_459' title='bbox 2469 3365 2600 3422; x_wconf 83' lang='lat' dir='ltr'><strong>foris</strong></span> <span class='ocrx_word' id='word_1_460' title='bbox 2623 3379 2839 3438; x_wconf 84' lang='lat' dir='ltr'><strong>portam</strong></span> <span class='ocrx_word' id='word_1_461' title='bbox 2869 3371 3122 3444; x_wconf 83' lang='lat' dir='ltr'><strong>Appiam,</strong></span> <span class='ocrx_word' id='word_1_462' title='bbox 3151 3377 3204 3430; x_wconf 90' lang='lat' dir='ltr'><strong>in</strong></span> <span class='ocrx_word' id='word_1_463' title='bbox 3247 3373 3422 3430; x_wconf 79' lang='lat' dir='ltr'><strong>ruinis</strong></span> 
     </span>
    </p>
   </div>
   <div class='ocr_carea' id='block_1_35' title="bbox 176 3460 3428 3535">
    <p class='ocr_par' dir='ltr' id='par_1_35' title="bbox 176 3460 3428 3535">
     <span class='ocr_line' id='line_1_35' title="bbox 176 3460 3428 3535; baseline -0 -17"><span class='ocrx_word' id='word_1_464' title='bbox 176 3463 255 3518; x_wconf 76' lang='grc'><strong>15</strong></span> <span class='ocrx_word' id='word_1_465' title='bbox 288 3462 398 3534; x_wconf 82' lang='lat' dir='ltr'><strong>jam</strong></span> <span class='ocrx_word' id='word_1_466' title='bbox 432 3463 690 3532; x_wconf 79' lang='lat' dir='ltr'><strong>positum,</strong></span> <span class='ocrx_word' id='word_1_467' title='bbox 721 3460 945 3519; x_wconf 82' lang='lat' dir='ltr'><strong>omnino</strong></span> <span class='ocrx_word' id='word_1_468' title='bbox 972 3466 1320 3521; x_wconf 84' lang='lat' dir='ltr'><strong>restauravit.</strong></span> <span class='ocrx_word' id='word_1_469' title='bbox 1353 3464 1571 3520; x_wconf 78' lang='lat' dir='ltr'><strong>Necnon</strong></span> <span class='ocrx_word' id='word_1_470' title='bbox 1603 3472 1658 3518; x_wconf 89' lang='lat' dir='ltr'><strong>et</strong></span> <span class='ocrx_word' id='word_1_471' title='bbox 1688 3465 1741 3519; x_wconf 92' lang='lat' dir='ltr'><strong>in</strong></span> <span class='ocrx_word' id='word_1_472' title='bbox 1768 3463 1998 3520; x_wconf 82' lang='lat' dir='ltr'><strong>ecclesia</strong></span> <span class='ocrx_word' id='word_1_473' title='bbox 2026 3465 2309 3519; x_wconf 83' lang='lat' dir='ltr'><strong>beatorum</strong></span> <span class='ocrx_word' id='word_1_474' title='bbox 2334 3463 2479 3518; x_wconf 87' lang='lat' dir='ltr'><strong>Pctri</strong></span> <span class='ocrx_word' id='word_1_475' title='bbox 2502 3474 2556 3519; x_wconf 90' lang='lat' dir='ltr'><strong>et</strong></span> <span class='ocrx_word' id='word_1_476' title='bbox 2579 3461 2875 3519; x_wconf 76' lang='lat' dir='ltr'><strong>Marcellini</strong></span> <span class='ocrx_word' id='word_1_477' title='bbox 2911 3472 3235 3535; x_wconf 88' lang='lat' dir='ltr'><strong>martyrum,</strong></span> <span class='ocrx_word' id='word_1_478' title='bbox 3267 3461 3428 3532; x_wconf 83' lang='lat' dir='ltr'><strong>cujus</strong></span> 
     </span>
    </p>
   </div>
   <div class='ocr_carea' id='block_1_36' title="bbox 296 3541 3432 3629">
    <p class='ocr_par' dir='ltr' id='par_1_36' title="bbox 296 3541 3432 3629">
     <span class='ocr_line' id='line_1_36' title="bbox 296 3541 3432 3629; baseline -0.001 -15"><span class='ocrx_word' id='word_1_479' title='bbox 296 3566 495 3614; x_wconf 90' lang='lat' dir='ltr'><strong>tectum</strong></span> <span class='ocrx_word' id='word_1_480' title='bbox 509 3558 622 3627; x_wconf 85' lang='lat' dir='ltr'><strong>jam</strong></span> <span class='ocrx_word' id='word_1_481' title='bbox 656 3560 930 3614; x_wconf 79' lang='lat' dir='ltr'><strong>vetustate</strong></span> <span class='ocrx_word' id='word_1_482' title='bbox 954 3557 1187 3627; x_wconf 88' lang='lat' dir='ltr'><strong>positum</strong></span> <span class='ocrx_word' id='word_1_483' title='bbox 1216 3557 1454 3613; x_wconf 79' lang='lat' dir='ltr'><strong>vicinum</strong></span> <span class='ocrx_word' id='word_1_484' title='bbox 1485 3557 1655 3612; x_wconf 81' lang='lat' dir='ltr'><strong>ruinae</strong></span> <span class='ocrx_word' id='word_1_485' title='bbox 1682 3558 1974 3623; x_wconf 81' lang='lat' dir='ltr'><strong>existebat,</strong></span> <span class='ocrx_word' id='word_1_486' title='bbox 2008 3558 2271 3629; x_wconf 85' lang='lat' dir='ltr'><strong>depositis</strong></span> <span class='ocrx_word' id='word_1_487' title='bbox 2303 3558 2698 3615; x_wconf 78' lang='lat' dir='ltr'><strong>vetustissimis</strong></span> <span class='ocrx_word' id='word_1_488' title='bbox 2733 3541 2977 3612; x_wconf 81' lang='lat' dir='ltr'><strong>trabibus</strong></span> <span class='ocrx_word' id='word_1_489' title='bbox 3020 3564 3078 3611; x_wconf 90' lang='lat' dir='ltr'><strong>et</strong></span> <span class='ocrx_word' id='word_1_490' title='bbox 3104 3555 3225 3611; x_wconf 87' lang='lat' dir='ltr'><strong>aliis</strong></span> <span class='ocrx_word' id='word_1_491' title='bbox 3257 3554 3432 3627; x_wconf 46' lang='lat' dir='ltr'><strong>impo:</strong></span> 
     </span>
    </p>
   </div>
   <div class='ocr_carea' id='block_1_37' title="bbox 266 3644 2779 3717">
    <p class='ocr_par' dir='ltr' id='par_1_37' title="bbox 266 3644 2779 3717">
     <span class='ocr_line' id='line_1_37' title="bbox 266 3644 2779 3717; baseline -0.001 -14"><span class='ocrx_word' id='word_1_492' title='bbox 266 3648 430 3713; x_wconf 73' lang='lat' dir='ltr'><strong>&#39;sitis,</strong></span> <span class='ocrx_word' id='word_1_493' title='bbox 464 3648 675 3703; x_wconf 80' lang='lat' dir='ltr'><strong>noviter</strong></span> <span class='ocrx_word' id='word_1_494' title='bbox 706 3648 879 3715; x_wconf 86' lang='lat' dir='ltr'><strong>ipsum</strong></span> <span class='ocrx_word' id='word_1_495' title='bbox 912 3655 1113 3707; x_wconf 80' lang='lat' dir='ltr'><strong>tectum</strong></span> <span class='ocrx_word' id='word_1_496' title='bbox 1144 3656 1307 3717; x_wconf 88' lang='lat' dir='ltr'><strong>atque</strong></span> <span class='ocrx_word' id='word_1_497' title='bbox 1334 3644 1605 3717; x_wconf 86' lang='lat' dir='ltr'><strong>porticum</strong></span> <span class='ocrx_word' id='word_1_498' title='bbox 1634 3647 1689 3701; x_wconf 88' lang='lat' dir='ltr'><strong>in</strong></span> <span class='ocrx_word' id='word_1_499' title='bbox 1712 3647 1943 3704; x_wconf 86' lang='lat' dir='ltr'><strong>circuitu</strong></span> <span class='ocrx_word' id='word_1_500' title='bbox 1970 3648 2151 3702; x_wconf 85' lang='lat' dir='ltr'><strong>omnia</strong></span> <span class='ocrx_word' id='word_1_501' title='bbox 2191 3649 2407 3703; x_wconf 88' lang='lat' dir='ltr'><strong>noviter</strong></span> <span class='ocrx_word' id='word_1_502' title='bbox 2431 3646 2779 3702; x_wconf 75' lang='lat' dir='ltr'><strong>restauravit.</strong></span> 
     </span>
    </p>
   </div>
   <div class='ocr_carea' id='block_1_38' title="bbox 364 3738 3430 3813">
    <p class='ocr_par' dir='ltr' id='par_1_38' title="bbox 364 3738 3430 3813">
     <span class='ocr_line' id='line_1_38' title="bbox 364 3738 3430 3813; baseline 0.001 -20"><span class='ocrx_word' id='word_1_503' title='bbox 364 3738 526 3811; x_wconf 76' lang='lat'><strong>573</strong></span> <span class='ocrx_word' id='word_1_504' title='bbox 551 3740 606 3793; x_wconf 89' lang='lat' dir='ltr'><strong>In</strong></span> <span class='ocrx_word' id='word_1_505' title='bbox 642 3739 865 3794; x_wconf 86' lang='lat' dir='ltr'><strong>basilica</strong></span> <span class='ocrx_word' id='word_1_506' title='bbox 902 3754 1116 3809; x_wconf 87' lang='lat' dir='ltr'><strong>quoque</strong></span> <span class='ocrx_word' id='word_1_507' title='bbox 1142 3739 1255 3810; x_wconf 87' lang='lat' dir='ltr'><strong>jam</strong></span> <span class='ocrx_word' id='word_1_508' title='bbox 1285 3739 1483 3809; x_wconf 73' lang='lat' dir='ltr'><strong>smpius</strong></span> <span class='ocrx_word' id='word_1_509' title='bbox 1521 3740 1648 3795; x_wconf 89' lang='lat' dir='ltr'><strong>dicti</strong></span> <span class='ocrx_word' id='word_1_510' title='bbox 1677 3739 1883 3812; x_wconf 80' lang='lat' dir='ltr'><strong>egregii</strong></span> <span class='ocrx_word' id='word_1_511' title='bbox 1908 3740 2150 3796; x_wconf 89' lang='lat' dir='ltr'><strong>doctoris</strong></span> <span class='ocrx_word' id='word_1_512' title='bbox 2179 3740 2359 3794; x_wconf 87' lang='lat' dir='ltr'><strong>mundi</strong></span> <span class='ocrx_word' id='word_1_513' title='bbox 2388 3741 2531 3796; x_wconf 90' lang='lat' dir='ltr'><strong>beati</strong></span> <span class='ocrx_word' id='word_1_514' title='bbox 2559 3739 2711 3795; x_wconf 85' lang='lat' dir='ltr'><strong>Pauli</strong></span> <span class='ocrx_word' id='word_1_515' title='bbox 2740 3741 2968 3813; x_wconf 85' lang='lat' dir='ltr'><strong>apostoli</strong></span> <span class='ocrx_word' id='word_1_516' title='bbox 3001 3740 3171 3797; x_wconf 87' lang='lat' dir='ltr'><strong>isdem</strong></span> <span class='ocrx_word' id='word_1_517' title='bbox 3197 3740 3430 3795; x_wconf 78' lang='lat' dir='ltr'><strong>antistes</strong></span> 
     </span>
    </p>
   </div>
   <div class='ocr_carea' id='block_1_39' title="bbox 292 3828 3432 3915">
    <p class='ocr_par' dir='ltr' id='par_1_39' title="bbox 292 3828 3432 3915">
     <span class='ocr_line' id='line_1_39' title="bbox 292 3828 3432 3915; baseline 0.001 -32"><span class='ocrx_word' id='word_1_518' title='bbox 292 3829 666 3884; x_wconf 86' lang='lat' dir='ltr'><strong>sanctissimus</strong></span> <span class='ocrx_word' id='word_1_519' title='bbox 694 3828 1020 3884; x_wconf 77' lang='lat' dir='ltr'><strong>Benedictus</strong></span> <span class='ocrx_word' id='word_1_520' title='bbox 1042 3829 1238 3899; x_wconf 66' lang='lat' dir='ltr'><strong>praesul</strong></span> <span class='ocrx_word' id='word_1_521' title='bbox 1268 3829 1617 3915; x_wconf 73' lang='lat' dir='ltr'><strong>pulcherrimi</strong></span> <span class='ocrx_word' id='word_1_522' title='bbox 1643 3830 1856 3886; x_wconf 88' lang='lat' dir='ltr'><strong>decoris</strong></span> <span class='ocrx_word' id='word_1_523' title='bbox 1885 3839 2000 3886; x_wconf 86' lang='lat' dir='ltr'><strong>rete</strong></span> <span class='ocrx_word' id='word_1_524' title='bbox 2034 3829 2239 3887; x_wconf 87' lang='lat' dir='ltr'><strong>factum</strong></span> <span class='ocrx_word' id='word_1_525' title='bbox 2267 3832 2405 3887; x_wconf 89' lang='lat' dir='ltr'><strong>miro</strong></span> <span class='ocrx_word' id='word_1_526' title='bbox 2429 3847 2592 3903; x_wconf 88' lang='lat' dir='ltr'><strong>opcrc</strong></span> <span class='ocrx_word' id='word_1_527' title='bbox 2623 3840 2795 3905; x_wconf 87' lang='lat' dir='ltr'><strong>totum</strong></span> <span class='ocrx_word' id='word_1_528' title='bbox 2825 3848 2891 3887; x_wconf 76' lang='lat' dir='ltr'><strong>ex</strong></span> <span class='ocrx_word' id='word_1_529' title='bbox 2913 3831 3142 3903; x_wconf 85' lang='lat' dir='ltr'><strong>gemmis</strong></span> <span class='ocrx_word' id='word_1_530' title='bbox 3164 3828 3432 3887; x_wconf 85' lang='lat' dir='ltr'><strong>alvaberis</strong></span> 
     </span>
    </p>
   </div>
   <div class='ocr_carea' id='block_1_40' title="bbox 286 3919 3428 3995">
    <p class='ocr_par' dir='ltr' id='par_1_40' title="bbox 286 3919 3428 3995">
     <span class='ocr_line' id='line_1_40' title="bbox 286 3919 3428 3995; baseline 0.001 -22"><span class='ocrx_word' id='word_1_531' title='bbox 286 3928 351 3973; x_wconf 87' lang='lat' dir='ltr'><strong>et</strong></span> <span class='ocrx_word' id='word_1_532' title='bbox 366 3919 526 3995; x_wconf 87' lang='lat' dir='ltr'><strong>bullis</strong></span> <span class='ocrx_word' id='word_1_533' title='bbox 547 3920 748 3984; x_wconf 88' lang='lat' dir='ltr'><strong>aureis,</strong></span> <span class='ocrx_word' id='word_1_534' title='bbox 769 3919 1055 3979; x_wconf 78' lang='lat' dir='ltr'><strong>conclusas</strong></span> <span class='ocrx_word' id='word_1_535' title='bbox 1080 3919 1242 3976; x_wconf 86' lang='lat' dir='ltr'><strong>etiam</strong></span> <span class='ocrx_word' id='word_1_536' title='bbox 1264 3921 1562 3993; x_wconf 85' lang='lat' dir='ltr'><strong>auripetias</strong></span> <span class='ocrx_word' id='word_1_537' title='bbox 1587 3921 1641 3977; x_wconf 82' lang='lat' dir='ltr'><strong>in</strong></span> <span class='ocrx_word' id='word_1_538' title='bbox 1662 3936 1720 3976; x_wconf 83' lang='lat' dir='ltr'><strong>se</strong></span> <span class='ocrx_word' id='word_1_539' title='bbox 1745 3921 1954 3986; x_wconf 85' lang='lat' dir='ltr'><strong>habens</strong></span> <span class='ocrx_word' id='word_1_540' title='bbox 1979 3921 2266 3987; x_wconf 83' lang='lat' dir='ltr'><strong>smaltitas,</strong></span> <span class='ocrx_word' id='word_1_541' title='bbox 2292 3923 2540 3979; x_wconf 85' lang='lat' dir='ltr'><strong>videlicet</strong></span> <span class='ocrx_word' id='word_1_542' title='bbox 2565 3922 2755 3992; x_wconf 88' lang='lat' dir='ltr'><strong>majori</strong></span> <span class='ocrx_word' id='word_1_543' title='bbox 2780 3938 3009 3978; x_wconf 70' lang='lat' dir='ltr'><strong>inmisso</strong></span> <span class='ocrx_word' id='word_1_544' title='bbox 3032 3922 3219 3994; x_wconf 84' lang='lat' dir='ltr'><strong>viginti</strong></span> <span class='ocrx_word' id='word_1_545' title='bbox 3240 3936 3428 3986; x_wconf 84' lang='lat' dir='ltr'><strong>unam,</strong></span> 
     </span>
    </p>
   </div>
   <div class='ocr_carea' id='block_1_41' title="bbox 292 4009 3432 4087">
    <p class='ocr_par' dir='ltr' id='par_1_41' title="bbox 292 4009 3432 4087">
     <span class='ocr_line' id='line_1_41' title="bbox 292 4009 3432 4087; baseline 0.003 -25"><span class='ocrx_word' id='word_1_546' title='bbox 292 4022 417 4062; x_wconf 90' lang='lat' dir='ltr'><strong>cum</strong></span> <span class='ocrx_word' id='word_1_547' title='bbox 451 4009 572 4067; x_wconf 87' lang='lat' dir='ltr'><strong>aliis</strong></span> <span class='ocrx_word' id='word_1_548' title='bbox 599 4010 807 4078; x_wconf 82' lang='lat' dir='ltr'><strong>pariter</strong></span> <span class='ocrx_word' id='word_1_549' title='bbox 836 4010 1169 4077; x_wconf 85' lang='lat' dir='ltr'><strong>minoribus;</strong></span> <span class='ocrx_word' id='word_1_550' title='bbox 1210 4025 1418 4067; x_wconf 90' lang='lat' dir='ltr'><strong>necnon</strong></span> <span class='ocrx_word' id='word_1_551' title='bbox 1454 4020 1510 4066; x_wconf 87' lang='lat' dir='ltr'><strong>et</strong></span> <span class='ocrx_word' id='word_1_552' title='bbox 1546 4012 1861 4069; x_wconf 77' lang='lat' dir='ltr'><strong>ame&#39;ndulas</strong></span> <span class='ocrx_word' id='word_1_553' title='bbox 1896 4028 2356 4069; x_wconf 85' lang='lat' dir='ltr'><strong>aureas-numero</strong></span> <span class='ocrx_word' id='word_1_554' title='bbox 2392 4014 2660 4078; x_wconf 87' lang='lat' dir='ltr'><strong>undecim,</strong></span> <span class='ocrx_word' id='word_1_555' title='bbox 2695 4025 2751 4072; x_wconf 90' lang='lat' dir='ltr'><strong>et</strong></span> <span class='ocrx_word' id='word_1_556' title='bbox 2772 4028 3018 4087; x_wconf 81' lang='lat' dir='ltr'><strong>gemmas</strong></span> <span class='ocrx_word' id='word_1_557' title='bbox 3044 4012 3432 4087; x_wconf 73' lang='lat' dir='ltr'><strong>chrysoclavas</strong></span> 
     </span>
    </p>
   </div>
   <div class='ocr_carea' id='block_1_42' title="bbox 208 4098 3429 4177">
    <p class='ocr_par' dir='ltr' id='par_1_42' title="bbox 208 4098 3429 4177">
     <span class='ocr_line' id='line_1_42' title="bbox 208 4098 3429 4177; baseline 0.001 -21"><span class='ocrx_word' id='word_1_558' title='bbox 208 4098 253 4156; x_wconf 73' lang='grc' dir='ltr'><strong>Β</strong></span> <span class='ocrx_word' id='word_1_559' title='bbox 293 4099 589 4169; x_wconf 85' lang='lat' dir='ltr'><strong>pendentes</strong></span> <span class='ocrx_word' id='word_1_560' title='bbox 619 4116 846 4156; x_wconf 85' lang='lat' dir='ltr'><strong>numero</strong></span> <span class='ocrx_word' id='word_1_561' title='bbox 888 4103 1096 4165; x_wconf 85' lang='lat' dir='ltr'><strong>decem,</strong></span> <span class='ocrx_word' id='word_1_562' title='bbox 1140 4117 1335 4172; x_wconf 83' lang='lat' dir='ltr'><strong>magno</strong></span> <span class='ocrx_word' id='word_1_563' title='bbox 1382 4119 1569 4159; x_wconf 90' lang='lat' dir='ltr'><strong>amore</strong></span> <span class='ocrx_word' id='word_1_564' title='bbox 1605 4106 2043 4175; x_wconf 38' lang='lat' dir='ltr'><strong>praecepit&#39;lieri,</strong></span> <span class='ocrx_word' id='word_1_565' title='bbox 2074 4116 2131 4163; x_wconf 89' lang='lat' dir='ltr'><strong>et</strong></span> <span class='ocrx_word' id='word_1_566' title='bbox 2159 4123 2323 4177; x_wconf 87' lang='lat' dir='ltr'><strong>super</strong></span> <span class='ocrx_word' id='word_1_567' title='bbox 2357 4106 2823 4167; x_wconf 80' lang='lat' dir='ltr'><strong>sacrumsanctut&#39;n</strong></span> <span class='ocrx_word' id='word_1_568' title='bbox 2858 4108 3030 4163; x_wconf 87' lang='lat' dir='ltr'><strong>altare</strong></span> <span class='ocrx_word' id='word_1_569' title='bbox 3063 4107 3131 4161; x_wconf 86' lang='lat' dir='ltr'><strong>ad</strong></span> <span class='ocrx_word' id='word_1_570' title='bbox 3168 4106 3429 4162; x_wconf 85' lang='lat' dir='ltr'><strong>honorem</strong></span> 
     </span>
    </p>
   </div>
   <div class='ocr_carea' id='block_1_43' title="bbox 292 4192 3435 4272">
    <p class='ocr_par' dir='ltr' id='par_1_43' title="bbox 292 4192 3435 4272">
     <span class='ocr_line' id='line_1_43' title="bbox 292 4192 3435 4272; baseline 0.003 -24"><span class='ocrx_word' id='word_1_571' title='bbox 292 4192 529 4264; x_wconf 66' lang='lat' dir='ltr'><strong>ApostOli</strong></span> <span class='ocrx_word' id='word_1_572' title='bbox 565 4192 798 4250; x_wconf 78' lang='lat' dir='ltr'><strong>olfcrens</strong></span> <span class='ocrx_word' id='word_1_573' title='bbox 821 4197 1056 4266; x_wconf 88' lang='lat' dir='ltr'><strong>pendere</strong></span> <span class='ocrx_word' id='word_1_574' title='bbox 1081 4198 1243 4267; x_wconf 80' lang='lat' dir='ltr'><strong>jussit</strong></span> <span class='ocrx_word' id='word_1_575' title='bbox 1271 4198 1506 4253; x_wconf 86' lang='lat' dir='ltr'><strong>assidue.</strong></span> <span class='ocrx_word' id='word_1_576' title='bbox 1539 4200 1741 4261; x_wconf 82' lang='lat' dir='ltr'><strong>Verum</strong></span> <span class='ocrx_word' id='word_1_577' title='bbox 1769 4201 1931 4257; x_wconf 89' lang='lat' dir='ltr'><strong>etiam</strong></span> <span class='ocrx_word' id='word_1_578' title='bbox 1952 4202 2188 4258; x_wconf 74' lang='lat' dir='ltr'><strong>tethereo</strong></span> <span class='ocrx_word' id='word_1_579' title='bbox 2212 4211 2729 4272; x_wconf 82' lang='lat' dir='ltr'><strong>compunctusnutu</strong></span> <span class='ocrx_word' id='word_1_580' title='bbox 2755 4215 3010 4272; x_wconf 72' lang='lat' dir='ltr'><strong>magnam</strong></span> <span class='ocrx_word' id='word_1_581' title='bbox 3031 4207 3234 4257; x_wconf 67' lang='lat' dir='ltr'><strong>sancm</strong></span> <span class='ocrx_word' id='word_1_582' title='bbox 3259 4199 3435 4257; x_wconf 62' lang='lat' dir='ltr'><strong>coelo.</strong></span> 
     </span>
    </p>
   </div>
   <div class='ocr_carea' id='block_1_44' title="bbox 293 4285 3428 4362">
    <p class='ocr_par' dir='ltr' id='par_1_44' title="bbox 293 4285 3428 4362">
     <span class='ocr_line' id='line_1_44' title="bbox 293 4285 3428 4362; baseline 0.001 -20"><span class='ocrx_word' id='word_1_583' title='bbox 293 4285 410 4351; x_wconf 74' lang='lat' dir='ltr'><strong>site,</strong></span> <span class='ocrx_word' id='word_1_584' title='bbox 447 4295 506 4341; x_wconf 92' lang='lat' dir='ltr'><strong>ut</strong></span> <span class='ocrx_word' id='word_1_585' title='bbox 531 4287 754 4342; x_wconf 86' lang='lat' dir='ltr'><strong>idoneus</strong></span> <span class='ocrx_word' id='word_1_586' title='bbox 775 4286 976 4344; x_wconf 87' lang='lat' dir='ltr'><strong>Christi</strong></span> <span class='ocrx_word' id='word_1_587' title='bbox 1004 4288 1275 4353; x_wconf 82' lang='lat' dir='ltr'><strong>minister,</strong></span> <span class='ocrx_word' id='word_1_588' title='bbox 1304 4305 1489 4345; x_wconf 90' lang='lat' dir='ltr'><strong>curam</strong></span> <span class='ocrx_word' id='word_1_589' title='bbox 1513 4291 1675 4346; x_wconf 89' lang='lat' dir='ltr'><strong>corde</strong></span> <span class='ocrx_word' id='word_1_590' title='bbox 1696 4291 1987 4360; x_wconf 88' lang='lat' dir='ltr'><strong>purissimo</strong></span> <span class='ocrx_word' id='word_1_591' title='bbox 2018 4291 2388 4347; x_wconf 85' lang='lat' dir='ltr'><strong>indesinenter</strong></span> <span class='ocrx_word' id='word_1_592' title='bbox 2408 4306 2620 4362; x_wconf 78' lang='lat' dir='ltr'><strong>gerens,</strong></span> <span class='ocrx_word' id='word_1_593' title='bbox 2647 4298 2852 4347; x_wconf 79' lang='lat' dir='ltr'><strong>textum</strong></span> <span class='ocrx_word' id='word_1_594' title='bbox 2877 4289 3085 4344; x_wconf 84' lang='lat' dir='ltr'><strong>scilicet</strong></span> <span class='ocrx_word' id='word_1_595' title='bbox 3114 4288 3428 4355; x_wconf 81' lang='lat' dir='ltr'><strong>voluminis,</strong></span> 
     </span>
    </p>
   </div>
   <div class='ocr_carea' id='block_1_45' title="bbox 284 4376 3431 4453">
    <p class='ocr_par' dir='ltr' id='par_1_45' title="bbox 284 4376 3431 4453">
     <span class='ocr_line' id='line_1_45' title="bbox 284 4376 3431 4453; baseline 0.002 -20"><span class='ocrx_word' id='word_1_596' title='bbox 284 4376 343 4433; x_wconf 87' lang='lat' dir='ltr'><strong>in</strong></span> <span class='ocrx_word' id='word_1_597' title='bbox 380 4388 488 4449; x_wconf 87' lang='lat' dir='ltr'><strong>quo</strong></span> <span class='ocrx_word' id='word_1_598' title='bbox 529 4384 781 4434; x_wconf 75' lang='lat' dir='ltr'><strong>Constant</strong></span> <span class='ocrx_word' id='word_1_599' title='bbox 812 4392 955 4433; x_wconf 66' lang='lat' dir='ltr'><strong>verm</strong></span> <span class='ocrx_word' id='word_1_600' title='bbox 993 4378 1394 4449; x_wconf 76' lang='lat' dir='ltr'><strong>prtcdicationis</strong></span> <span class='ocrx_word' id='word_1_601' title='bbox 1432 4379 1602 4445; x_wconf 86' lang='lat' dir='ltr'><strong>Pauli,</strong></span> <span class='ocrx_word' id='word_1_602' title='bbox 1640 4381 1893 4437; x_wconf 84' lang='lat' dir='ltr'><strong>videlicet</strong></span> <span class='ocrx_word' id='word_1_603' title='bbox 1935 4382 2183 4453; x_wconf 89' lang='lat' dir='ltr'><strong>apostoli,</strong></span> <span class='ocrx_word' id='word_1_604' title='bbox 2225 4393 2278 4438; x_wconf 89' lang='lat' dir='ltr'><strong>et</strong></span> <span class='ocrx_word' id='word_1_605' title='bbox 2318 4381 2546 4439; x_wconf 89' lang='lat' dir='ltr'><strong>aliorum</strong></span> <span class='ocrx_word' id='word_1_606' title='bbox 2584 4382 2948 4452; x_wconf 83' lang='lat' dir='ltr'><strong>apostolorum</strong></span> <span class='ocrx_word' id='word_1_607' title='bbox 2990 4381 3241 4453; x_wconf 62' lang='lat' dir='ltr'><strong>Epistolas</strong></span> <span class='ocrx_word' id='word_1_608' title='bbox 3266 4391 3431 4453; x_wconf 82' lang='lat' dir='ltr'><strong>atque</strong></span> 
     </span>
    </p>
   </div>
   <div class='ocr_carea' id='block_1_46' title="bbox 256 4462 3428 4555">
    <p class='ocr_par' dir='ltr' id='par_1_46' title="bbox 256 4462 3428 4555">
     <span class='ocr_line' id='line_1_46' title="bbox 256 4462 3428 4555; baseline -0 -29"><span class='ocrx_word' id='word_1_609' title='bbox 256 4482 263 4488; x_wconf 80' lang='lat'><strong><em>&#39;</em></strong></span> <span class='ocrx_word' id='word_1_610' title='bbox 287 4474 673 4543; x_wconf 86' lang='lat' dir='ltr'><strong>prophetarum</strong></span> <span class='ocrx_word' id='word_1_611' title='bbox 701 4471 1078 4534; x_wconf 83' lang='lat' dir='ltr'><strong>ordinabiliter</strong></span> <span class='ocrx_word' id='word_1_612' title='bbox 1106 4473 1414 4528; x_wconf 84' lang='lat' dir='ltr'><strong>constitutae.</strong></span> <span class='ocrx_word' id='word_1_613' title='bbox 1445 4473 1726 4540; x_wconf 88' lang='lat' dir='ltr'><strong>lectiones,</strong></span> <span class='ocrx_word' id='word_1_614' title='bbox 1763 4489 1883 4555; x_wconf 70' lang='lat' dir='ltr'><strong>quae</strong></span> <span class='ocrx_word' id='word_1_615' title='bbox 1916 4489 1946 4528; x_wconf 92' lang='lat' dir='ltr'><strong>a</strong></span> <span class='ocrx_word' id='word_1_616' title='bbox 1974 4472 2397 4555; x_wconf 84' lang='lat' dir='ltr'><strong>subdiaconibus</strong></span> <span class='ocrx_word' id='word_1_617' title='bbox 2425 4472 2677 4543; x_wconf 86' lang='lat' dir='ltr'><strong>leguntur</strong></span> <span class='ocrx_word' id='word_1_618' title='bbox 2704 4487 2801 4542; x_wconf 84' lang='lat' dir='ltr'><strong>per</strong></span> <span class='ocrx_word' id='word_1_619' title='bbox 2823 4482 3049 4529; x_wconf 87' lang='lat' dir='ltr'><strong>cunctas</strong></span> <span class='ocrx_word' id='word_1_620' title='bbox 3073 4462 3428 4539; x_wconf 75' lang='lat' dir='ltr'><strong>ecclesiarum</strong></span> 
     </span>
    </p>
   </div>
   <div class='ocr_carea' id='block_1_47' title="bbox 162 4552 3432 4634">
    <p class='ocr_par' dir='ltr' id='par_1_47' title="bbox 162 4552 3432 4634">
     <span class='ocr_line' id='line_1_47' title="bbox 162 4552 3432 4634; baseline -0.002 -15"><span class='ocrx_word' id='word_1_621' title='bbox 162 4558 249 4619; x_wconf 65' lang='lat'><strong>10</strong></span> <span class='ocrx_word' id='word_1_622' title='bbox 288 4561 552 4617; x_wconf 83' lang='lat' dir='ltr'><strong>stationes</strong></span> <span class='ocrx_word' id='word_1_623' title='bbox 576 4574 726 4616; x_wconf 88' lang='lat' dir='ltr'><strong>more</strong></span> <span class='ocrx_word' id='word_1_624' title='bbox 750 4560 928 4625; x_wconf 89' lang='lat' dir='ltr'><strong>solito,</strong></span> <span class='ocrx_word' id='word_1_625' title='bbox 950 4576 1171 4629; x_wconf 85' lang='lat' dir='ltr'><strong>sursum</strong></span> <span class='ocrx_word' id='word_1_626' title='bbox 1196 4562 1249 4616; x_wconf 89' lang='lat' dir='ltr'><strong>in</strong></span> <span class='ocrx_word' id='word_1_627' title='bbox 1280 4563 1511 4618; x_wconf 81' lang='lat' dir='ltr'><strong>amboue</strong></span> <span class='ocrx_word' id='word_1_628' title='bbox 1538 4573 1747 4634; x_wconf 86' lang='lat' dir='ltr'><strong>raptqu</strong></span> <span class='ocrx_word' id='word_1_629' title='bbox 1775 4552 1857 4617; x_wconf 87' lang='lat' dir='ltr'><strong>vel</strong></span> <span class='ocrx_word' id='word_1_630' title='bbox 1879 4552 2150 4632; x_wconf 80' lang='lat' dir='ltr'><strong>perditum</strong></span> <span class='ocrx_word' id='word_1_631' title='bbox 2175 4577 2203 4615; x_wconf 88' lang='lat' dir='ltr'><strong>a</strong></span> <span class='ocrx_word' id='word_1_632' title='bbox 2229 4571 2417 4617; x_wconf 87' lang='lat' dir='ltr'><strong>sancta</strong></span> <span class='ocrx_word' id='word_1_633' title='bbox 2447 4558 2673 4615; x_wconf 87' lang='lat' dir='ltr'><strong>ecclesia</strong></span> <span class='ocrx_word' id='word_1_634' title='bbox 2698 4560 2863 4615; x_wconf 82' lang='lat' dir='ltr'><strong>fuisse</strong></span> <span class='ocrx_word' id='word_1_635' title='bbox 2889 4562 3217 4631; x_wconf 84' lang='lat' dir='ltr'><strong>percipiens,</strong></span> <span class='ocrx_word' id='word_1_636' title='bbox 3240 4568 3432 4632; x_wconf 80' lang='lat' dir='ltr'><strong>captus</strong></span> 
     </span>
    </p>
   </div>
   <div class='ocr_carea' id='block_1_48' title="bbox 291 4638 3433 4724">
    <p class='ocr_par' dir='ltr' id='par_1_48' title="bbox 291 4638 3433 4724">
     <span class='ocr_line' id='line_1_48' title="bbox 291 4638 3433 4724; baseline -0.001 -17"><span class='ocrx_word' id='word_1_637' title='bbox 291 4667 487 4722; x_wconf 80' lang='lat' dir='ltr'><strong>magna</strong></span> <span class='ocrx_word' id='word_1_638' title='bbox 513 4638 929 4724; x_wconf 82' lang='lat' dir='ltr'><strong>vehementique</strong></span> <span class='ocrx_word' id='word_1_639' title='bbox 963 4650 1324 4705; x_wconf 89' lang='lat' dir='ltr'><strong>sollicitudine</strong></span> <span class='ocrx_word' id='word_1_640' title='bbox 1354 4652 1460 4705; x_wconf 86' lang='lat' dir='ltr'><strong>tale</strong></span> <span class='ocrx_word' id='word_1_641' title='bbox 1495 4652 1715 4718; x_wconf 84' lang='lat' dir='ltr'><strong>dignum</strong></span> <span class='ocrx_word' id='word_1_642' title='bbox 1753 4643 2007 4705; x_wconf 84' lang='lat' dir='ltr'><strong>similiter</strong></span> <span class='ocrx_word' id='word_1_643' title='bbox 2037 4640 2287 4706; x_wconf 83' lang='lat' dir='ltr'><strong>volumen</strong></span> <span class='ocrx_word' id='word_1_644' title='bbox 2319 4664 2627 4721; x_wconf 65' lang='lat' dir='ltr'><strong>praeparare</strong></span> <span class='ocrx_word' id='word_1_645' title='bbox 2653 4651 2878 4717; x_wconf 86' lang='lat' dir='ltr'><strong>studuit,</strong></span> <span class='ocrx_word' id='word_1_646' title='bbox 2917 4652 2970 4707; x_wconf 93' lang='lat' dir='ltr'><strong>in</strong></span> <span class='ocrx_word' id='word_1_647' title='bbox 2997 4668 3107 4722; x_wconf 89' lang='lat' dir='ltr'><strong>quo</strong></span> <span class='ocrx_word' id='word_1_648' title='bbox 3132 4651 3352 4709; x_wconf 63' lang='lat' dir='ltr'><strong>Graecas</strong></span> <span class='ocrx_word' id='word_1_649' title='bbox 3378 4658 3433 4707; x_wconf 91' lang='lat' dir='ltr'><strong>et</strong></span> 
     </span>
    </p>
   </div>
   <div class='ocr_carea' id='block_1_49' title="bbox 288 4738 3434 4816">
    <p class='ocr_par' dir='ltr' id='par_1_49' title="bbox 288 4738 3434 4816">
     <span class='ocr_line' id='line_1_49' title="bbox 288 4738 3434 4816; baseline 0.001 -20"><span class='ocrx_word' id='word_1_650' title='bbox 288 4738 514 4797; x_wconf 83' lang='lat' dir='ltr'><strong>Latinas</strong></span> <span class='ocrx_word' id='word_1_651' title='bbox 538 4741 821 4808; x_wconf 86' lang='lat' dir='ltr'><strong>lectiones,</strong></span> <span class='ocrx_word' id='word_1_652' title='bbox 858 4756 994 4812; x_wconf 87' lang='lat' dir='ltr'><strong>quas</strong></span> <span class='ocrx_word' id='word_1_653' title='bbox 1031 4741 1119 4796; x_wconf 91' lang='lat' dir='ltr'><strong>die</strong></span> <span class='ocrx_word' id='word_1_654' title='bbox 1148 4739 1389 4795; x_wconf 88' lang='lat' dir='ltr'><strong>Sabbato</strong></span> <span class='ocrx_word' id='word_1_655' title='bbox 1419 4751 1607 4795; x_wconf 87' lang='lat' dir='ltr'><strong>sancto</strong></span> <span class='ocrx_word' id='word_1_656' title='bbox 1640 4740 1882 4808; x_wconf 78' lang='lat' dir='ltr'><strong>Paschae,</strong></span> <span class='ocrx_word' id='word_1_657' title='bbox 1916 4741 2183 4813; x_wconf 85' lang='lat' dir='ltr'><strong>simulque</strong></span> <span class='ocrx_word' id='word_1_658' title='bbox 2207 4751 2265 4796; x_wconf 80' lang='lat' dir='ltr'><strong>et</strong></span> <span class='ocrx_word' id='word_1_659' title='bbox 2292 4752 2479 4799; x_wconf 90' lang='lat' dir='ltr'><strong>sancto</strong></span> <span class='ocrx_word' id='word_1_660' title='bbox 2514 4740 2866 4799; x_wconf 89' lang='lat' dir='ltr'><strong>Pentecostes</strong></span> <span class='ocrx_word' id='word_1_661' title='bbox 2904 4743 3224 4801; x_wconf 88' lang='lat' dir='ltr'><strong>subdiacoui</strong></span> <span class='ocrx_word' id='word_1_662' title='bbox 3251 4743 3434 4816; x_wconf 84' lang='lat' dir='ltr'><strong>legere</strong></span> 
     </span>
    </p>
   </div>
   <div class='ocr_carea' id='block_1_50' title="bbox 293 4830 3433 4907">
    <p class='ocr_par' dir='ltr' id='par_1_50' title="bbox 293 4830 3433 4907">
     <span class='ocr_line' id='line_1_50' title="bbox 293 4830 3433 4907; baseline 0.002 -20"><span class='ocrx_word' id='word_1_663' title='bbox 293 4831 437 4887; x_wconf 84' lang='lat' dir='ltr'><strong>soliti</strong></span> <span class='ocrx_word' id='word_1_664' title='bbox 465 4841 591 4886; x_wconf 88' lang='lat' dir='ltr'><strong>sunt</strong></span> <span class='ocrx_word' id='word_1_665' title='bbox 617 4832 926 4903; x_wconf 87' lang='lat' dir='ltr'><strong>Scripturas</strong></span> <span class='ocrx_word' id='word_1_666' title='bbox 953 4832 1168 4903; x_wconf 82' lang='lat' dir='ltr'><strong>adjnngi</strong></span> <span class='ocrx_word' id='word_1_667' title='bbox 1192 4834 1467 4904; x_wconf 65' lang='lat' dir='ltr'><strong>prarcepit,</strong></span> <span class='ocrx_word' id='word_1_668' title='bbox 1499 4833 1758 4905; x_wconf 64' lang='lat' dir='ltr'><strong>mirisque</strong></span> <span class='ocrx_word' id='word_1_669' title='bbox 1778 4834 2111 4903; x_wconf 87' lang='lat' dir='ltr'><strong>operationis</strong></span> <span class='ocrx_word' id='word_1_670' title='bbox 2137 4833 2332 4890; x_wconf 88' lang='lat' dir='ltr'><strong>tabulis</strong></span> <span class='ocrx_word' id='word_1_671' title='bbox 2351 4830 2625 4907; x_wconf 81' lang='lat' dir='ltr'><strong>argenteis</strong></span> <span class='ocrx_word' id='word_1_672' title='bbox 2646 4837 2906 4893; x_wconf 87' lang='lat' dir='ltr'><strong>decenter</strong></span> <span class='ocrx_word' id='word_1_673' title='bbox 2933 4835 3205 4894; x_wconf 80' lang='lat' dir='ltr'><strong>adamans</strong></span> <span class='ocrx_word' id='word_1_674' title='bbox 3226 4844 3433 4894; x_wconf 74' lang='lat' dir='ltr'><strong>sancta:</strong></span> 
     </span>
    </p>
   </div>
   <div class='ocr_carea' id='block_1_51' title="bbox 292 4922 3043 4991">
    <p class='ocr_par' dir='ltr' id='par_1_51' title="bbox 292 4922 3043 4991">
     <span class='ocr_line' id='line_1_51' title="bbox 292 4922 3043 4991; baseline 0.001 -12"><span class='ocrx_word' id='word_1_675' title='bbox 292 4923 549 4979; x_wconf 60' lang='lat' dir='ltr'><strong>ecclesiae</strong></span> <span class='ocrx_word' id='word_1_676' title='bbox 575 4922 836 4978; x_wconf 75' lang='lat' dir='ltr'><strong>Romana:</strong></span> <span class='ocrx_word' id='word_1_677' title='bbox 860 4924 1091 4980; x_wconf 88' lang='lat' dir='ltr'><strong>libenter</strong></span> <span class='ocrx_word' id='word_1_678' title='bbox 1114 4924 1330 4980; x_wconf 88' lang='lat' dir='ltr'><strong>obtulit.</strong></span> <span class='ocrx_word' id='word_1_679' title='bbox 1880 4944 1892 4956; x_wconf 84' lang='lat'><strong>-</strong></span> <span class='ocrx_word' id='word_1_680' title='bbox 3042 4988 3043 4991; x_wconf 28' lang='grc' dir='ltr'><strong>η</strong></span> 
     </span>
    </p>
   </div>
   <div class='ocr_carea' id='block_1_52' title="bbox 372 5014 3432 5097">
    <p class='ocr_par' dir='ltr' id='par_1_52' title="bbox 372 5014 3432 5097">
     <span class='ocr_line' id='line_1_52' title="bbox 372 5014 3432 5097; baseline 0.002 -28"><span class='ocrx_word' id='word_1_681' title='bbox 372 5014 540 5089; x_wconf 64' lang='grc'><strong>574</strong></span> <span class='ocrx_word' id='word_1_682' title='bbox 564 5016 735 5087; x_wconf 80' lang='lat' dir='ltr'><strong>Hujus</strong></span> <span class='ocrx_word' id='word_1_683' title='bbox 764 5016 1099 5085; x_wconf 84' lang='lat' dir='ltr'><strong>temporibus</strong></span> <span class='ocrx_word' id='word_1_684' title='bbox 1124 5017 1375 5081; x_wconf 83' lang='lat' dir='ltr'><strong>Michael,</strong></span> <span class='ocrx_word' id='word_1_685' title='bbox 1411 5017 1555 5075; x_wconf 84' lang='lat' dir='ltr'><strong>filius</strong></span> <span class='ocrx_word' id='word_1_686' title='bbox 1582 5017 1868 5091; x_wconf 79' lang='lat' dir='ltr'><strong>TheOphili</strong></span> <span class='ocrx_word' id='word_1_687' title='bbox 1901 5018 2250 5090; x_wconf 86' lang='lat' dir='ltr'><strong>imperatoris</strong></span> <span class='ocrx_word' id='word_1_688' title='bbox 2292 5017 2908 5090; x_wconf 70' lang='lat' dir='ltr'><strong>Constantinopolitantc</strong></span> <span class='ocrx_word' id='word_1_689' title='bbox 2943 5020 3094 5097; x_wconf 84' lang='lat' dir='ltr'><strong>urbis</strong></span> <span class='ocrx_word' id='word_1_690' title='bbox 3135 5020 3432 5091; x_wconf 86' lang='lat' dir='ltr'><strong>imperator</strong></span> 
     </span>
    </p>
   </div>
   <div class='ocr_carea' id='block_1_53' title="bbox 286 5105 3435 5187">
    <p class='ocr_par' dir='ltr' id='par_1_53' title="bbox 286 5105 3435 5187">
     <span class='ocr_line' id='line_1_53' title="bbox 286 5105 3435 5187; baseline 0.002 -25"><span class='ocrx_word' id='word_1_691' title='bbox 286 5105 363 5187; x_wconf 82' lang='lat' dir='ltr'><strong>ob</strong></span> <span class='ocrx_word' id='word_1_692' title='bbox 400 5121 642 5161; x_wconf 86' lang='lat' dir='ltr'><strong>amorem</strong></span> <span class='ocrx_word' id='word_1_693' title='bbox 682 5106 1047 5177; x_wconf 88' lang='lat' dir='ltr'><strong>apostolorum</strong></span> <span class='ocrx_word' id='word_1_694' title='bbox 1090 5108 1236 5163; x_wconf 87' lang='lat' dir='ltr'><strong>misit</strong></span> <span class='ocrx_word' id='word_1_695' title='bbox 1277 5109 1345 5164; x_wconf 89' lang='lat' dir='ltr'><strong>ad</strong></span> <span class='ocrx_word' id='word_1_696' title='bbox 1387 5110 1607 5165; x_wconf 84' lang='lat' dir='ltr'><strong>beatum</strong></span> <span class='ocrx_word' id='word_1_697' title='bbox 1637 5107 1860 5166; x_wconf 91' lang='lat' dir='ltr'><strong>Petrum</strong></span> <span class='ocrx_word' id='word_1_698' title='bbox 1904 5109 2205 5180; x_wconf 88' lang='lat' dir='ltr'><strong>apostolum</strong></span> <span class='ocrx_word' id='word_1_699' title='bbox 2246 5108 2445 5165; x_wconf 89' lang='lat' dir='ltr'><strong>donum</strong></span> <span class='ocrx_word' id='word_1_700' title='bbox 2479 5125 2576 5182; x_wconf 90' lang='lat' dir='ltr'><strong>per</strong></span> <span class='ocrx_word' id='word_1_701' title='bbox 2620 5125 2841 5167; x_wconf 90' lang='lat' dir='ltr'><strong>manum</strong></span> <span class='ocrx_word' id='word_1_702' title='bbox 2868 5112 3061 5169; x_wconf 82' lang='lat' dir='ltr'><strong>Lazari</strong></span> <span class='ocrx_word' id='word_1_703' title='bbox 3095 5111 3344 5169; x_wconf 87' lang='lat' dir='ltr'><strong>monachi</strong></span> <span class='ocrx_word' id='word_1_704' title='bbox 3376 5120 3435 5167; x_wconf 83' lang='lat' dir='ltr'><strong>et</strong></span> 
     </span>
    </p>
   </div>
   <div class='ocr_carea' id='block_1_54' title="bbox 291 5199 3483 5277">
    <p class='ocr_par' dir='ltr' id='par_1_54' title="bbox 291 5199 3483 5277">
     <span class='ocr_line' id='line_1_54' title="bbox 291 5199 3483 5277; baseline 0.001 -22"><span class='ocrx_word' id='word_1_705' title='bbox 291 5201 537 5273; x_wconf 77' lang='lat' dir='ltr'><strong>pictoria:</strong></span> <span class='ocrx_word' id='word_1_706' title='bbox 563 5202 699 5258; x_wconf 87' lang='lat' dir='ltr'><strong>artis</strong></span> <span class='ocrx_word' id='word_1_707' title='bbox 727 5203 896 5258; x_wconf 87' lang='lat' dir='ltr'><strong>nimie</strong></span> <span class='ocrx_word' id='word_1_708' title='bbox 927 5199 1152 5266; x_wconf 85' lang='lat' dir='ltr'><strong>eruditi,</strong></span> <span class='ocrx_word' id='word_1_709' title='bbox 1189 5215 1389 5271; x_wconf 87' lang='lat' dir='ltr'><strong>genere</strong></span> <span class='ocrx_word' id='word_1_710' title='bbox 1415 5216 1546 5257; x_wconf 86' lang='lat' dir='ltr'><strong>vero</strong></span> <span class='ocrx_word' id='word_1_711' title='bbox 1580 5200 1803 5267; x_wconf 83' lang='lat' dir='ltr'><strong>Chazai,</strong></span> <span class='ocrx_word' id='word_1_712' title='bbox 1841 5201 1895 5256; x_wconf 89' lang='lat' dir='ltr'><strong>id</strong></span> <span class='ocrx_word' id='word_1_713' title='bbox 1930 5211 2014 5257; x_wconf 89' lang='lat' dir='ltr'><strong>est</strong></span> <span class='ocrx_word' id='word_1_714' title='bbox 2052 5200 2405 5273; x_wconf 86' lang='lat' dir='ltr'><strong>Evangelium</strong></span> <span class='ocrx_word' id='word_1_715' title='bbox 2442 5203 2508 5259; x_wconf 92' lang='lat' dir='ltr'><strong>de</strong></span> <span class='ocrx_word' id='word_1_716' title='bbox 2548 5219 2681 5259; x_wconf 88' lang='lat' dir='ltr'><strong>auro</strong></span> <span class='ocrx_word' id='word_1_717' title='bbox 2714 5205 3005 5274; x_wconf 85' lang='lat' dir='ltr'><strong>purissimo</strong></span> <span class='ocrx_word' id='word_1_718' title='bbox 3042 5220 3164 5259; x_wconf 89' lang='lat' dir='ltr'><strong>cum</strong></span> <span class='ocrx_word' id='word_1_719' title='bbox 3201 5204 3432 5260; x_wconf 83' lang='lat' dir='ltr'><strong>diversis</strong></span> <span class='ocrx_word' id='word_1_720' title='bbox 3480 5246 3483 5277; x_wconf 12' lang='grc' dir='ltr'><strong>κη</strong></span> 
     </span>
    </p>
   </div>
   <div class='ocr_carea' id='block_1_55' title="bbox 293 5292 3431 5366">
    <p class='ocr_par' dir='ltr' id='par_1_55' title="bbox 293 5292 3431 5366">
     <span class='ocr_line' id='line_1_55' title="bbox 293 5292 3431 5366; baseline 0.002 -20"><span class='ocrx_word' id='word_1_721' title='bbox 293 5292 560 5361; x_wconf 84' lang='lat' dir='ltr'><strong>lapidibus</strong></span> <span class='ocrx_word' id='word_1_722' title='bbox 586 5293 884 5362; x_wconf 87' lang='lat' dir='ltr'><strong>pretiosis:</strong></span> <span class='ocrx_word' id='word_1_723' title='bbox 916 5293 1140 5351; x_wconf 88' lang='lat' dir='ltr'><strong>calicetn</strong></span> <span class='ocrx_word' id='word_1_724' title='bbox 1192 5308 1324 5350; x_wconf 86' lang='lat' dir='ltr'><strong>vero</strong></span> <span class='ocrx_word' id='word_1_725' title='bbox 1376 5294 1628 5349; x_wconf 88' lang='lat' dir='ltr'><strong>similiter</strong></span> <span class='ocrx_word' id='word_1_726' title='bbox 1652 5294 1717 5348; x_wconf 87' lang='lat' dir='ltr'><strong>de</strong></span> <span class='ocrx_word' id='word_1_727' title='bbox 1751 5308 1884 5347; x_wconf 90' lang='lat' dir='ltr'><strong>auro</strong></span> <span class='ocrx_word' id='word_1_728' title='bbox 1928 5302 1982 5349; x_wconf 91' lang='lat' dir='ltr'><strong>ct</strong></span> <span class='ocrx_word' id='word_1_729' title='bbox 2018 5293 2285 5366; x_wconf 85' lang='lat' dir='ltr'><strong>lapidibus</strong></span> <span class='ocrx_word' id='word_1_730' title='bbox 2330 5293 2745 5361; x_wconf 89' lang='lat' dir='ltr'><strong>circumdatum,</strong></span> <span class='ocrx_word' id='word_1_731' title='bbox 2791 5295 3016 5350; x_wconf 88' lang='lat' dir='ltr'><strong>reticulo</strong></span> <span class='ocrx_word' id='word_1_732' title='bbox 3061 5296 3326 5366; x_wconf 80' lang='lat' dir='ltr'><strong>pendente</strong></span> <span class='ocrx_word' id='word_1_733' title='bbox 3363 5296 3431 5351; x_wconf 85' lang='lat' dir='ltr'><strong>de</strong></span> 
     </span>
    </p>
   </div>
   <div class='ocr_carea' id='block_1_56' title="bbox 208 5381 3427 5453">
    <p class='ocr_par' dir='ltr' id='par_1_56' title="bbox 208 5381 3427 5453">
     <span class='ocr_line' id='line_1_56' title="bbox 208 5381 3427 5453; baseline 0 -13"><span class='ocrx_word' id='word_1_734' title='bbox 208 5383 519 5453; x_wconf 68' lang='lat' dir='ltr'><strong>S&#39;gcmmis</strong></span> <span class='ocrx_word' id='word_1_735' title='bbox 554 5383 690 5440; x_wconf 85' lang='lat' dir='ltr'><strong>albis</strong></span> <span class='ocrx_word' id='word_1_736' title='bbox 716 5383 968 5452; x_wconf 86' lang='lat' dir='ltr'><strong>pretiosis</strong></span> <span class='ocrx_word' id='word_1_737' title='bbox 1000 5383 1151 5436; x_wconf 74' lang='lat' dir='ltr'><strong>mirze</strong></span> <span class='ocrx_word' id='word_1_738' title='bbox 1188 5381 1603 5452; x_wconf 88' lang='lat' dir='ltr'><strong>pulchritudinis</strong></span> <span class='ocrx_word' id='word_1_739' title='bbox 1630 5382 1967 5447; x_wconf 88' lang='lat' dir='ltr'><strong>decoratum,</strong></span> <span class='ocrx_word' id='word_1_740' title='bbox 2001 5390 2056 5436; x_wconf 90' lang='lat' dir='ltr'><strong>et</strong></span> <span class='ocrx_word' id='word_1_741' title='bbox 2079 5382 2195 5437; x_wconf 86' lang='lat' dir='ltr'><strong>vela</strong></span> <span class='ocrx_word' id='word_1_742' title='bbox 2230 5383 2335 5437; x_wconf 89' lang='lat' dir='ltr'><strong>duo</strong></span> <span class='ocrx_word' id='word_1_743' title='bbox 2370 5384 2435 5438; x_wconf 89' lang='lat' dir='ltr'><strong>de</strong></span> <span class='ocrx_word' id='word_1_744' title='bbox 2474 5381 2712 5446; x_wconf 86' lang='lat' dir='ltr'><strong>olovero.</strong></span> <span class='ocrx_word' id='word_1_745' title='bbox 2751 5400 2873 5439; x_wconf 90' lang='lat' dir='ltr'><strong>cum</strong></span> <span class='ocrx_word' id='word_1_746' title='bbox 2907 5400 3068 5439; x_wconf 90' lang='lat' dir='ltr'><strong>cruce</strong></span> <span class='ocrx_word' id='word_1_747' title='bbox 3090 5384 3158 5439; x_wconf 90' lang='lat' dir='ltr'><strong>de</strong></span> <span class='ocrx_word' id='word_1_748' title='bbox 3185 5384 3427 5453; x_wconf 81' lang='lat' dir='ltr'><strong>clovero.</strong></span> 
     </span>
    </p>
   </div>
   <div class='ocr_carea' id='block_1_57' title="bbox 289 5468 3430 5545">
    <p class='ocr_par' dir='ltr' id='par_1_57' title="bbox 289 5468 3430 5545">
     <span class='ocr_line' id='line_1_57' title="bbox 289 5468 3430 5545; baseline 0 -16"><span class='ocrx_word' id='word_1_749' title='bbox 289 5481 346 5529; x_wconf 86' lang='lat' dir='ltr'><strong>et</strong></span> <span class='ocrx_word' id='word_1_750' title='bbox 375 5472 496 5527; x_wconf 88' lang='lat' dir='ltr'><strong>lista</strong></span> <span class='ocrx_word' id='word_1_751' title='bbox 524 5471 776 5528; x_wconf 88' lang='lat' dir='ltr'><strong>similiter</strong></span> <span class='ocrx_word' id='word_1_752' title='bbox 800 5472 866 5526; x_wconf 86' lang='lat' dir='ltr'><strong>de</strong></span> <span class='ocrx_word' id='word_1_753' title='bbox 895 5473 1269 5545; x_wconf 85' lang='lat' dir='ltr'><strong>chrysoclavo,</strong></span> <span class='ocrx_word' id='word_1_754' title='bbox 1299 5482 1352 5527; x_wconf 86' lang='lat' dir='ltr'><strong>et</strong></span> <span class='ocrx_word' id='word_1_755' title='bbox 1391 5468 1555 5544; x_wconf 83' lang='lat' dir='ltr'><strong>parva</strong></span> <span class='ocrx_word' id='word_1_756' title='bbox 1584 5472 1924 5543; x_wconf 81' lang='lat' dir='ltr'><strong>coupertoria</strong></span> <span class='ocrx_word' id='word_1_757' title='bbox 1952 5473 2119 5543; x_wconf 86' lang='lat' dir='ltr'><strong>ipsius</strong></span> <span class='ocrx_word' id='word_1_758' title='bbox 2150 5473 2357 5539; x_wconf 91' lang='lat' dir='ltr'><strong>calicis,</strong></span> <span class='ocrx_word' id='word_1_759' title='bbox 2381 5475 2525 5530; x_wconf 88' lang='lat' dir='ltr'><strong>sicut</strong></span> <span class='ocrx_word' id='word_1_760' title='bbox 2553 5490 2671 5531; x_wconf 90' lang='lat' dir='ltr'><strong>mos</strong></span> <span class='ocrx_word' id='word_1_761' title='bbox 2697 5475 3009 5533; x_wconf 71' lang='lat' dir='ltr'><strong>Graecorum</strong></span> <span class='ocrx_word' id='word_1_762' title='bbox 3032 5485 3134 5532; x_wconf 89' lang='lat' dir='ltr'><strong>est.</strong></span> <span class='ocrx_word' id='word_1_763' title='bbox 3156 5475 3430 5533; x_wconf 86' lang='lat' dir='ltr'><strong>Similiter</strong></span> 
     </span>
    </p>
   </div>
   <div class='ocr_carea' id='block_1_58' title="bbox 274 5556 3431 5643">
    <p class='ocr_par' dir='ltr' id='par_1_58' title="bbox 274 5556 3431 5643">
     <span class='ocr_line' id='line_1_58' title="bbox 274 5556 3431 5643; baseline 0 -22"><span class='ocrx_word' id='word_1_764' title='bbox 274 5575 344 5621; x_wconf 73' lang='lat' dir='ltr'><strong>et</strong></span> <span class='ocrx_word' id='word_1_765' title='bbox 373 5575 581 5622; x_wconf 73' lang='lat' dir='ltr'><strong>vestem</strong></span> <span class='ocrx_word' id='word_1_766' title='bbox 610 5566 677 5621; x_wconf 89' lang='lat' dir='ltr'><strong>de</strong></span> <span class='ocrx_word' id='word_1_767' title='bbox 703 5580 941 5637; x_wconf 88' lang='lat' dir='ltr'><strong>purpura</strong></span> <span class='ocrx_word' id='word_1_768' title='bbox 970 5564 1237 5635; x_wconf 88' lang='lat' dir='ltr'><strong>imperiali</strong></span> <span class='ocrx_word' id='word_1_769' title='bbox 1281 5567 1480 5620; x_wconf 88' lang='lat' dir='ltr'><strong>munda</strong></span> <span class='ocrx_word' id='word_1_770' title='bbox 1517 5579 1681 5635; x_wconf 87' lang='lat' dir='ltr'><strong>super</strong></span> <span class='ocrx_word' id='word_1_771' title='bbox 1719 5565 1893 5620; x_wconf 87' lang='lat' dir='ltr'><strong>altare</strong></span> <span class='ocrx_word' id='word_1_772' title='bbox 1932 5565 2107 5635; x_wconf 84' lang='lat' dir='ltr'><strong>majus</strong></span> <span class='ocrx_word' id='word_1_773' title='bbox 2137 5556 2201 5621; x_wconf 80' lang='lat' dir='ltr'><strong>ex</strong></span> <span class='ocrx_word' id='word_1_774' title='bbox 2232 5566 2379 5643; x_wconf 86' lang='lat' dir='ltr'><strong>onmi</strong></span> <span class='ocrx_word' id='word_1_775' title='bbox 2406 5575 2560 5637; x_wconf 86' lang='lat' dir='ltr'><strong>parte</strong></span> <span class='ocrx_word' id='word_1_776' title='bbox 2591 5582 2712 5621; x_wconf 89' lang='lat' dir='ltr'><strong>cum</strong></span> <span class='ocrx_word' id='word_1_777' title='bbox 2747 5567 2973 5623; x_wconf 88' lang='lat' dir='ltr'><strong>historia</strong></span> <span class='ocrx_word' id='word_1_778' title='bbox 3003 5575 3053 5621; x_wconf 89' lang='lat' dir='ltr'><strong>ct</strong></span> <span class='ocrx_word' id='word_1_779' title='bbox 3086 5565 3343 5623; x_wconf 88' lang='lat' dir='ltr'><strong>cancellis</strong></span> <span class='ocrx_word' id='word_1_780' title='bbox 3374 5572 3431 5621; x_wconf 88' lang='lat' dir='ltr'><strong>et</strong></span> 
     </span>
    </p>
   </div>
   <div class='ocr_carea' id='block_1_59' title="bbox 208 5652 3430 5733">
    <p class='ocr_par' dir='ltr' id='par_1_59' title="bbox 208 5652 3430 5733">
     <span class='ocr_line' id='line_1_59' title="bbox 208 5652 3430 5733; baseline 0 -20"><span class='ocrx_word' id='word_1_781' title='bbox 208 5670 213 5675; x_wconf 81' lang='lat'><em>&#39;</em></span> <span class='ocrx_word' id='word_1_782' title='bbox 290 5652 435 5713; x_wconf 84' lang='lat' dir='ltr'><strong>rosis</strong></span> <span class='ocrx_word' id='word_1_783' title='bbox 471 5658 538 5714; x_wconf 87' lang='lat' dir='ltr'><strong>de</strong></span> <span class='ocrx_word' id='word_1_784' title='bbox 573 5657 945 5729; x_wconf 78' lang='lat' dir='ltr'><strong>cirrysoclavo,</strong></span> <span class='ocrx_word' id='word_1_785' title='bbox 980 5656 1190 5730; x_wconf 61' lang='lat' dir='ltr'><strong>magna:</strong></span> <span class='ocrx_word' id='word_1_786' title='bbox 1219 5656 1634 5727; x_wconf 85' lang='lat' dir='ltr'><strong>pulchritudinis</strong></span> <span class='ocrx_word' id='word_1_787' title='bbox 1666 5660 2006 5725; x_wconf 88' lang='lat' dir='ltr'><strong>deoruatam,</strong></span> <span class='ocrx_word' id='word_1_788' title='bbox 2047 5658 2209 5713; x_wconf 86' lang='lat' dir='ltr'><strong>etiam</strong></span> <span class='ocrx_word' id='word_1_789' title='bbox 2244 5665 2298 5714; x_wconf 90' lang='lat' dir='ltr'><strong>et</strong></span> <span class='ocrx_word' id='word_1_790' title='bbox 2327 5659 2505 5715; x_wconf 88' lang='lat' dir='ltr'><strong>velum</strong></span> <span class='ocrx_word' id='word_1_791' title='bbox 2530 5659 2865 5717; x_wconf 86' lang='lat' dir='ltr'><strong>destauraci.</strong></span> <span class='ocrx_word' id='word_1_792' title='bbox 2887 5675 3074 5724; x_wconf 87' lang='lat' dir='ltr'><strong>unum,</strong></span> <span class='ocrx_word' id='word_1_793' title='bbox 3104 5674 3227 5733; x_wconf 89' lang='lat' dir='ltr'><strong>cum</strong></span> <span class='ocrx_word' id='word_1_794' title='bbox 3265 5672 3430 5715; x_wconf 64' lang='lat' dir='ltr'><strong>crime</strong></span> 
     </span>
    </p>
   </div>
   <div class='ocr_carea' id='block_1_60' title="bbox 288 5740 1847 5831">
    <p class='ocr_par' dir='ltr' id='par_1_60' title="bbox 288 5740 1847 5831">
     <span class='ocr_line' id='line_1_60' title="bbox 288 5740 1847 5831; baseline -0.006 -21"><span class='ocrx_word' id='word_1_795' title='bbox 288 5756 357 5810; x_wconf 83' lang='lat' dir='ltr'><strong>de</strong></span> <span class='ocrx_word' id='word_1_796' title='bbox 389 5754 828 5828; x_wconf 74' lang='lat' dir='ltr'><strong>chrysoclavoet</strong></span> <span class='ocrx_word' id='word_1_797' title='bbox 864 5751 1062 5809; x_wconf 88' lang='lat' dir='ltr'><strong>litteris</strong></span> <span class='ocrx_word' id='word_1_798' title='bbox 1085 5752 1152 5831; x_wconf 84' lang='lat' dir='ltr'><strong>de</strong></span> <span class='ocrx_word' id='word_1_799' title='bbox 1176 5766 1309 5805; x_wconf 82' lang='lat' dir='ltr'><strong>auro</strong></span> <span class='ocrx_word' id='word_1_800' title='bbox 1344 5749 1568 5806; x_wconf 65' lang='lat' dir='ltr'><strong>Graecis.</strong></span> <span class='ocrx_word' id='word_1_801' title='bbox 1837 5740 1847 5747; x_wconf 80' lang='grc'><strong>’</strong></span> 
     </span>
    </p>
   </div>
   <div class='ocr_carea' id='block_1_61' title="bbox 594 5857 2986 5964">
    <p class='ocr_par' dir='ltr' id='par_1_61' title="bbox 594 5857 2986 5964">
     <span class='ocr_line' id='line_1_61' title="bbox 594 5857 2986 5964; baseline 0 -36"><span class='ocrx_word' id='word_1_802' title='bbox 594 5866 1256 5929; x_wconf 66' lang='lat' dir='ltr'><strong>PATBOL.CXXVIH.</strong></span> <span class='ocrx_word' id='word_1_803' title='bbox 2044 5895 2057 5962; x_wconf 58' lang='grc' dir='ltr'><em>ς</em></span> <span class='ocrx_word' id='word_1_804' title='bbox 2314 5952 2337 5964; x_wconf 25' lang='grc' dir='ltr'><strong>κ</strong></span> <span class='ocrx_word' id='word_1_805' title='bbox 2427 5953 2431 5957; x_wconf 15' lang='grc' dir='ltr'><strong><em>ν</em></strong></span> <span class='ocrx_word' id='word_1_806' title='bbox 2530 5889 2541 5895; x_wconf 86' lang='grc'><strong>-</strong></span> <span class='ocrx_word' id='word_1_807' title='bbox 2911 5866 2986 5928; x_wconf 77' lang='lat' dir='ltr'><strong>t3</strong></span> 
     </span>
    </p>
   </div>
  </div>
