4050 6278
359 184 424 247 21
1692 186 2285 248 ΙιιιῡιΕΟΟΜΕΝΑ.
3560 182 3637 246 32

356 308 487 352 Vens
517 294 618 366 (ιι),
664 294 809 353 Elias
829 297 904 353 du
935 296 1058 363 Pin,
1093 305 1258 367 atque
1280 295 1395 351 alii.
1428 295 1626 351 Latine
1655 312 1684 350 e
1720 296 1991 366 praeclaro
2017 296 2213 353 codice
2241 295 2377 352 bibl.
2418 294 2660 351 cmnobii
2691 293 2940 366 Deiparm
2967 294 3212 366 Virginis
3231 295 3630 368 Guadalupen—

354 409 433 449 Sis
461 392 579 449 ord.
618 393 681 451 Ι).
719 393 1033 469 Ilieronymi
1066 396 1123 451 in
1173 410 1348 465 regno
1375 394 1657 461 Castellm,
1689 396 1978 451 transtulit
2011 394 2087 451 Io.
2126 386 2452 460 Ilentenius,
2482 395 2800 451 accuratior
2830 393 2987 459 Zino,
3021 394 3629 466 Sauloque-interpres,

350 488 510 557 cujus
541 490 723 547 versio
747 491 948 561 prodiit
974 490 1210 563 primum
1238 489 1469 546 Lovanii
1512 490 1673 547 1514.
1715 489 1786 560 (c)
1817 488 1911 544 l'ol.
1947 504 2144 545 recusa
2182 489 2364 545 Paris.
2419 490 2581 554 1547,
2616 488 2774 556 1560,
2802 488 2962 555 1602,
2994 488 3050 553 8,
3087 498 3143 544 et
3173 490 3229 544 in
3278 487 3626 545 Bibliotheca

352 584 572 641 l’atrum
603 595 744 644 tom.
782 586 926 651 XIX.
953 587 1087 645 edit.
1110 586 1284 659 Lugd.
1316 588 1465 645 Duos
1493 587 1716 643 codices
1750 586 1921 643 Ilstos
1949 585 2173 642 Graecos
2211 586 2379 656 hujus
2405 584 2823 651 Commentarii,
2854 586 3153 650 similibus,
3196 586 3381 656 qualia
3407 588 3610 642 ﬂente-

352 679 478 733 nins
507 678 565 735 in
598 696 705 738 suo
739 682 961 751 reperit.
998 680 1229 737 scholiis
1271 680 1599 747 instructos,
1650 681 1704 733 in
1738 679 1878 735 Bibl.
1949 678 2097 750 regia
2155 676 2455 733 Parisiensi
2510 678 2783 733 evolvisse
2827 693 2887 732 se
2929 687 3163 733 testatur
3219 677 3381 735 liich.
3435 678 3627 737 Simon

349 772 448 828 lib.
479 789 566 829 ut.
602 772 867 831 Historia:
895 775 1104 833 critica
1133 772 1271 830 Novi
1317 771 1474 831 Test.
1506 788 1633 844 cap.
1668 775 1761 838 29,
1794 773 1845 827 in
1875 788 2110 843 quorttm
2171 773 2368 837 altero,
2428 770 2828 834 Mazariniano,
2888 771 2985 827 sed
3046 775 3378 830 recentioris
3432 790 3631 833 manus

349 865 633 939 scriptura
662 868 869 926 Nieetae
907 870 1176 925 tribuitur
1216 888 1231 925 :
1266 869 1413 941 quod
1450 884 1562 924 non
1588 869 1766 938 magis
1786 870 2074 929 credibile.
2109 884 2275 939 quam
2310 884 2503 926 eorum
2540 867 2883 938 conjectura,
2916 870 3009 938 qui
3049 871 3131 925 vel
3166 870 3512 928 (Ecumcnio
3546 872 3629 928 vel

350 962 671 1025 Ammonio.
701 963 892 1021 nescio
917 965 1032 1028 cui,
1063 962 1592 1035 VelTheOphylacto
1622 961 1906 1018 ascribere
1940 964 2257 1019 voluerunt.
2300 959 2464 1016 Plura
2511 964 2630 1018 loca
2687 960 2878 1017 Graece
2932 976 3001 1017 ex
3062 960 3168 1020 hoc
3216 965 3627 1021 Commentario

351 1053 607 1121 producit
656 1052 960 1118 Simonins.
983 1062 1101 1111 tum
1134 1056 1239 1111 hoc
1273 1054 1479 1125 capite,
1514 1063 1630 1108 tum
1667 1054 1763 1109 lib.
1792 1072 1832 1120 ι,
1869 1070 1922 1125 p.
1959 1053 2085 1120 I20,
2121 1053 2247 1117 “5,
2282 1063 2338 1108 et
2392 1054 2489 1110 lib.
2528 1065 2608 1119 ιιι,
2659 1068 2784 1124 pag.
2822 1054 2914 1121 81,
2957 1064 3014 1111 et
3081 1059 3263 1127 magni
3315 1075 3438 1113 eum
3489 1059 3620 1115 facit

352 1136 645 1215 imprimis.
682 1145 1104 1216 asscntiturque
1126 1145 1455 1211 Maldonato,
1492 1146 1585 1215 qui
1610 1145 1679 1200 ad
1712 1144 1901 1201 Matth.
1930 1160 2063 1212 xvn,
2091 1144 2125 1200 8
2151 1144 2506 1217 Euthymiutn
2540 1143 2597 1201 in
2634 1146 2924 1202 verborum
2965 1148 3401 1219 proprietatibus
3438 1152 3632 1209 obser-

353 1242 552 1298 vandis
583 1242 1072 1313 diligentissimum
1117 1258 1242 1300 esse
1282 1243 1623 1299 observavit.
1660 1240 1819 1297 lnter-
1860 1242 2185 1313 scriptores,
2215 1257 2246 1297 e
2282 1241 2487 1320 quibus
2541 1255 2707 1297 aurea
2740 1239 2969 1299 Thema:
3004 1242 3295 1316 Aquinatis
3350 1257 3543 1304 catena
3574 1250 3630 1304 in

352 1336 649 1406 Evangelia
705 1338 937 1394 collecta
961 1346 1067 1403 est,
1139 1337 1417 1411 Euthymii
1486 1357 1686 1395 nomen
1764 1342 1819 1394 in
1874 1340 2281 1396 recentioribus
2318 1339 2650 1408 quibusdam
2684 1340 3023 1397 eilitionibus
3060 1341 3335 1407 additum,
3380 1345 3434 1398 in
3470 1345 3618 1399 anti-

347 1436 643 1507 quioribus
675 1447 731 1493 et
765 1437 824 1493 in
856 1436 1102 1493 Romana
1132 1438 1264 1491 anni
1303 1438 1466 1503 1670,
1510 1439 1886 1496 desideratur.
1925 1439 2062 1495 Vide
2098 1439 2345 1495 Simonis
2372 1438 2503 1495 hist.
2527 1438 2779 1494 criticam
2813 1436 2949 1495 Novi
2986 1428 3140 1496 Tcst.
3180 1441 3273 1495 lih.
3313 1458 3392 1503 Ill.
3430 1459 3485 1512 ιι.
3514 1444 3621 1501 409

344 1543 402 1592 et
446 1533 597 1589 473»

423 1629 522 1687 IX.
563 1631 997 1687 Carnmcntarius
1025 1634 1081 1688 in
1108 1633 1368 1702 cpistola:
1411 1631 1593 1699 Pauli,
1630 1633 1819 1689 itidem
1866 1649 1932 1688 ex
1967 1631 2367 1706 Chrysostomo
2425 1641 2478 1689 et
2523 1630 2647 1687 aliis
2708 1630 2967 1687 Patribus
3028 1632 3281 1689 studiose
3343 1633 3632 1700 collectus,

346 1740 515 1792 quem
546 1724 736 1781 Roma
756 1740 861 1782 ms.
900 1724 1093 1782 Graece
1117 1727 1328 1780 servari
1384 1726 1596 1798 pridem
1625 1728 1912 1783 Gesnerus
1968 1727 2216 1798 scripsit.
2244 1724 2337 1798 [V.
2366 1725 2433 1782 ad
2468 1743 2523 1782 n.
2557 1722 2642 1797 8.]
2680 1724 2752 1780 Ex
2786 1727 3195 1781 commentario
3250 1727 3532 1800 Euthymii
3569 1731 3625 1785 in

345 1819 513 1888 epist.
551 1819 622 1875 ad
653 1817 1004 1875 Timotheum
1038 1821 1302 1877 nonnulla
1332 1821 1493 1877 aﬂert
1520 1821 1757 1877 Allatius
1791 1836 1846 1890 p.
1876 1821 1999 1886 I96,
2038 1820 2110 1876 De
2143 1820 2448 1875 interstitiis
2481 1818 2729 1873 ordinum
2758 1818 2900 1885 apud
2934 1817 3169 1874 ercos.
3202 1819 3262 1873 lu
3291 1821 3485 1876 codice
3519 1837 3628 1879 ms.

348 1914 776 1973 Vindobonensi
803 1917 930 1972 lihri
964 1917 1125 1987 primi
1157 1917 1437 1986 Panopliae
1478 1918 1858 1990 Euthymianze
1892 1920 2144 1988 sequitur
2170 1915 2512 1989 Ilypothesis
2543 1916 2794 1987 epistolae
2822 1916 2891 1973 ad
2943 1917 3250 1982 Romanos,
3287 1917 3429 1975 forte
3460 1936 3626 1991 quam

346 2010 682 2084 Euthymius
709 2015 827 2070 suis
864 2014 917 2069 in
952 2014 1181 2069 Paulum
1209 2016 1626 2069 connmentariis
1659 2015 2018 2082 praemiserat.

415 2109 491 2164 Ι..
522 2109 958 2166 Commentarius
985 2114 1040 2165 in
1070 2112 1324 2181 epistolas
1352 2112 1672 2177 catholicas,
1695 2127 1860 2183 quem
1890 2108 2080 2167 Graece
2105 2127 2211 2168 ms.
2246 2110 2302 2166 in
2336 2111 2469 2168 bibl.
2501 2108 2735 2167 Joannis
2764 2108 3024 2166 Sambuci
3051 2111 3354 2170 cvstitissc.
3386 2127 3449 2165 es
3489 2109 3633 2165 Simo

348 2206 474 2261 lero
511 2205 729 2263 Caveus
759 2206 1061 2263 adnotavit.

343 2387 737 2444 collectionem
802 2388 953 2442 illam
996 2386 1279 2443 maledici
1336 2396 1586 2443 catenam
1647 2388 1719 2442 ab
1775 2386 1947 2444 Ilillio

346 2458 616 2526 aliisque,
650 2458 748 2512 sed
806 2460 1014 2531 rectius
1048 2461 1233 2531 vocari
1295 2456 1948 2531 Eutliyinii_eommenta-

345 2533 526 2595 rium,
586 2531 850 2597 quoniam
887 2531 941 2583 in
974 2529 1293 2600 Euthymio,
1326 2531 1421 2598 qui
1445 2528 1515 2584 ex
1554 2528 1806 2599 pluribus
1829 2545 1948 2597 par-

349 2600 505 2657 tibus
539 2616 683 2666 opus
716 2600 939 2655 fecisset
986 2608 1310 2669 perpetuum
1336 2642 1351 2661 ,
1388 2602 1461 2655 sit
1507 2616 1707 2664 nexus,
1758 2609 1950 2655 monet

349 2676 427 2731 cl,
455 2670 701 2742 Matthxi
734 2670 1030 2742 ingprchat.
1069 2686 1189 2742 pag.
1229 2670 1358 2735 123,
1411 2680 1527 2742 not.
1561 2687 1613 2740 g,
1678 2670 1807 2725 add.
1840 2669 1947 2742 Fa-

349 2742 498 2798 bric.
532 2739 679 2794 inira
714 2742 768 2794 in
804 2740 911 2794 hoc
947 2739 1084 2795 vol.'
1121 2758 1175 2809 p.
1207 2742 1331 2804 787.
1389 2740 1457 2797 16
1504 2739 1615 2795 vet.
1670 2742 1804 2797 edit.
1846 2740 1942 2808 qui

347 2824 497 2869 sect.
535 2811 604 2866 17
642 2811 753 2880 agit
784 2828 1007 2880 quoque
1056 2811 1127 2866 de
1169 2811 1396 2867 Thomas
1426 2812 1716 2878 Aquinatis
1748 2821 1943 2866 eatena

349 2900 556 2954 aurea,
586 2884 643 2937 in
699 2894 941 2949 quatuor
986 2882 1303 2954 Evangelia.
1338 2884 1477 2954 Cum
1523 2883 1648 2937 cod.
1716 2882 1942 2954 Bal-(mc.

352 2953 587 3009 Χλνιιι
618 2955 943 3020 conspirare
983 2951 1203 3009 videtur
1231 2954 1365 3009 .cod.
1415 2953 1584 3008 Taur.
1622 2969 1738 3022 reg.
1780 2951 1945 3007 XLIII

348 3035 633 3083 nutantum
669 3040 733 3080 ex
768 3025 928 3079 initio
964 3025 1310 3093 singulorum
1342 3023 1771 3092 Evangeliorum
1807 3038 1945 3079 con-

345 3097 531 3168 jicere
559 3095 686 3150 licet
715 3095 956 3168 :_nullihi
1002 3095 1224 3168 quidem
1268 3095 1545 3166 adjectum
1575 3103 1661 3151 est
1699 3095 1948 3168 auctoris

352 3165 606 3233 nomen;
657 3165 753 3237 sed
791 3166 1091 3237 Euthymio
1123 3179 1252 3221 eum
1283 3173 1584 3237 comment.
1608 3180 1735 3237 esse
1769 3166 1949 3237 ascri-f

350 3238 609 3294 bendum
654 3236 820 3293 docet
877 3233 1165 3293 conkctor
1193 3244 1304 3291 cat.
1330 3236 1491 3292 codd.
1522 3233 1619 3290 Gr.
1657 3234 1827 3291 Taur.
1853 3234 1949 3305 qui

380 3324 491 3433 ξιτ.
567 3306 673 3363 119
734 3323 824 3378 sq.
893 3307 1119 3378 copiose
1167 3316 1425 3364 recenset
1474 3307 1628 3362 illum
1672 3307 1945 3363 codicem.

406 3395 539 3433 ann.

406 3395 539 3435 ΑΒΙ..

427 3448 514 3520 (Δ)
561 3449 618 3505 In
645 3463 784 3502 nova
815 3448 909 3504 ed.
937 3447 1105 3508 Basil.
1139 3448 1311 3513 1745,
1343 3456 1489 3520 tom.
1520 3449 1587 3514 ll,
1615 3464 1670 3517 p.
1705 3448 1829 3514 199,
1856 3449 1949 3503 ubi

350 3518 583 3592 Cavegus
611 3520 681 3592 de
710 3520 1029 3592 Euthymio,
1095 3521 1345 3589 scriptis,
1393 3519 1560 3592 codd.
1610 3528 1777 3590 atque
1814 3520 1947 3577 edit.

352 3590 598 3645 uberius
626 3588 878 3653 disserit,
915 3589 968 3644 id
1001 3588 1313 3646 correctum
1348 3599 1450 3645 est.
1489 3590 1662 3645 llaec.

425 3660 505 3732 ie)
549 3659 709 3732 Quod
750 3658 1054 3716 Ilentenius
1084 3661 1139 3715 in
1185 3661 1565 3716 admonitione
1600 3662 1945 3732 scripserat:

353 3751 377 3800 ᾳ
412 3731 566 3787 Cum
627 3730 731 3785 hos
783 3732 1215 3787 commentarios
1277 3739 1406 3785 ante
1471 3733 1694 3800 aliquot
1722 3730 1951 3787 menses

348 3799 566 3874 [πίε-ει).
599 3801 765 3874 15ῤ3,
795 3813 952 3874 sexto
982 3802 1057 3857 id.
1090 3805 1257 3872 Aug.,
1289 3812 1348 3856 ut
1371 3817 1438 3856 ex
1467 3799 1591 3874 ejus
1621 3801 1834 3874 prmlat.
1861 3805 1947 3857 in-

354 3870 683 3944 ielligiturJ
713 3874 768 3926 in
798 3873 972 3944 lucem
1006 3870 1452 3944 ederemus,_nec
1483 3870 1951 3944 certi‘quidquatn

355 3940 725 4004 haberemus,
758 3940 908 4011 quod
942 3943 1010 3998 de
1039 3952 1263 3998 auctore
1286 3940 1688 4007 divinaremus,
1720 3940 1951 3997 alioruin

355 4016 566 4081 magis,
601 4023 765 4082 quam
788 4023 1039 4069 nostrum
1071 4013 1566 4081 secutijudicium,
1605 4014 1818 4084 prmlati
1858 4030 1957 4068 su-

360 4098 519 4147 mus,
581 4084 935 4154 quibusdam:
963 4084 1137 4140 videri
1189 4092 1480 4154 auctorem
1517 4100 1643 4141 esse
1678 4084 1955 4139 (Ec-ume—

352 4154 543 4223 nium,
576 4152 651 4195 4-
684 4152 857 4223 [qnod
896 4162 1077 4209 tamen
1123 4163 1285 4223 negat
1330 4152 1572 4223 Matthazi
1620 4154 1686 4208 ad
1721 4155 1777 4209 h.
1817 4156 1853 4208 l.
1897 4155 1952 4208 in

353 4221 521 4292 prmi.
564 4240 618 4294 p.
661 4217 751 4291 ⁸14,
790 4232 905 4278 not.
935 4223 1008 4296 c].
1044 4254 1111 4296 -ς
1143 4217 1299 4296 Nunc
1326 4217 1457 4281 vero
1509 4225 1763 4296 eumdem
1807 4225 1953 4278 nacti

357 4293 651 4351 auctorem
696 4296 754 4351 in
806 4293 1055 4351 Psalnios
1094 4293 1389 4351 Davidicos
1418 4304 1474 4351 et
1524 4294 1577 4349 in
1621 4295 1854 4351 Cantica
1884 4325 1955 4336 --

1503 4523 1729 4533 ~_—-——

2051 2387 2167 2458 iam
2199 2386 2443 2460 secundo
2466 2388 2621 2460 typis
2643 2402 2912 2443 excusum
2937 2386 3250 2442 certissimo
3282 2386 3488 2460 certius
3514 2386 3633 2441 ausi

2057 2455 2252 2513 sumus
2284 2457 2430 2516 ferre
2456 2455 2753 2525 judicium.
2798 2460 2995 2512 horum
3028 2466 3326 2510 comment.
3352 2455 3635 2510 auctorem

2055 2543 2181 2600 esse
2206 2527 2562 2600 Euthymium
2608 2530 2953 2600 Zigabouum
2987 2527 3114 2599 (sic)
3145 2557 3217 2568 —-
3250 2528 3544 2600 maluimus
3585 2528 3641 2581 in

2057 2599 2165 2663 his,
2193 2616 2319 2669 quae
2361 2598 2626 2656 nondum
2666 2598 2934 2655 distracta
2987 2598 3166 2661 erant,
3198 2598 3636 2669 exemplaribus.

2055 2668 2311 2727 studioso
2360 2671 2551 2726 lectori
2586 2671 2639 2726 id
2690 2671 2970 2733 iudicare,
3030 2685 3195 2735 quam
3244 2684 3368 2723 eum
3426 2668 3640 2723 diutius

2050 2756 2384 2810 suspensum
2420 2751 2630 2798 tenere.
2662 2771 2734 2783 ——
2766 2743 2923 2796 Anno
2955 2740 3116 2803 15H,
3170 2738 3339 2795 Nonis
3386 2739 3641 2795 Februa-

2049 2812 2140 2872 rii.
2173 2830 2193 2864 ι
2253 2828 2319 2868 ex
2378 2814 2465 2869 his
2524 2812 2738 2880 colligit
2794 2812 3155 2881 llamberger.
3204 2812 3239 2863 Ι.
3278 2827 3328 2864 c.
3380 2825 3504 2879 pag.
3546 2810 3639 2875 85,

2052 2883 2339 2954 probabile
2396 2900 2541 2947 esse,
2603 2882 2654 2952 l)
2705 2883 2955 2954 quaedam
3005 2882 3340 2954 exemplaria
3370 2882 3473 2954 vel
3508 2882 3634 2937 sine

2052 2952 2164 3009 ulla
2198 2954 2440 3009 nominis
2469 2952 2803 3010 auctoris'in
2830 2955 3015 3009 fronte
3041 2953 3169 3009 libri
3206 2952 3639 3020 signiﬁcatione,

2050 3025 2135 3079 vel
2158 3024 2347 3080 addito
2371 3023 2695 3082 (Ecumenii
2732 3025 2960 3080 nomine
2983 3065 2997 3088 ,
3027 3024 3171 3079 edita
3210 3038 3352 3085 eSse,
3382 3024 3439 3091 ἓ)
3464 3038 3642 3089 eaque

2050 3095 2106 3150 in
2143 3096 2502 3165 inscriptione
2529 3104 2715 3150 notata
2746 3111 2871 3152 esse
2919 3112 3014 3150 an.
3045 3095 3205 3150 1515.
3258 3093 3379 3165 Sed
3423 3094 3646 3148 dubitat

2051 3166 2121 3222 cl.
2176 3164 2436 3232 Matthzei,
2490 3169 2542 3221 in
2577 3173 2693 3221 not.
2726 3183 2753 3220 θ
2800 3168 2868 3223 ad
2913 3165 3169 3221 Hentenii
3204 3164 3640 3221 admonitionem

2052 3252 2106 3304 p.
2146 3236 2218 3292 75
2243 3238 2544 3303 arbitrans,
2585 3237 2916 3293 vocabulum
2963 3236 3278 3306 ambiguum
3304 3278 3319 3300 ,
3353 3251 3640 3299 excusem,

2053 3306 2121 3362 ad
2153 3316 2455 3363 comment.
2489 3308 2544 3362 in
2574 3307 2825 3365 Psalmos
2848 3323 2971 3364 esse
3018 3308 3201 3377 potius
3238 3306 3638 3377 referendum;

2050 3385 2107 3449 et
2130 3378 2276 3445 quod
2304 3381 2359 3435 in
2390 3380 2478 3437 ed.
2510 3394 2712 3434 comm.
2751 3380 2806 3433 in
2838 3376 3077 3449 quatitur
3097 3377 3304 3442 Evang.
3339 3394 3431 3433 an.
3470 3376 3638 3439 1544,

2053 3448 2111 3519 in
2155 3449 2337 3505 indice
2358 3450 2644 3511 scribitur,
2694 3470 2714 3502 ‹
2739 3448 2878 3506 liber
2908 3453 2997 3505 hic
3023 3464 3202 3519 neque
3235 3449 3425 3503 Graece
3457 3462 3641 3518 neque

2054 3518 2257 3591 Latine
2286 3531 2448 3577 antea
2482 3522 2626 3591 typis
2653 3536 2895 3590 unquam
2930 3518 3172 3576 excusus
3230 3529 3314 3575 est
3340 3539 3359 3572 ι
3390 3530 3555 3591 atque
3588 3520 3643 3571 in

2058 3590 2164 3644 line
2198 3590 2616 3658 admonitionis,
2677 3592 2731 3646 in
2762 3592 2870 3655 his.
2924 3607 3047 3660 quae
3094 3591 3339 3646 nondum
3368 3590 3643 3646 distracta

2055 3670 2234 3725 erant.
2285 3671 2469 3731 putat,
2529 3663 2673 3717 hanc
2706 3678 2832 3720 esse
2866 3663 3001 3718 edit.
3042 3661 3374 3733 principem.
3428 3670 3644 3733 mutato

2056 3742 2270 3786 tantum
2290 3730 2504 3787 indice.
2535 3766 2603 3775 -—
2636 3734 2696 3788 In
2737 3736 2861 3790 cod.
2887 3730 3065 3789 Vatic'.
3096 3730 3395 3793 DCCCXX.
3426 3748 3481 3803 p.
3511 3731 3642 3796 501,

2055 3804 2299 3883 occurrit
2337 3804 2616 3883 Euthymii
2668 3804 2964 3883 ἐγκώμιον⁸
2994 3807 3075 3883 εἰς
3116 3805 3218 3883 τὴν
3248 3804 3645 3883 βπροςκύνησξν
3744 3816 3753 3824 ‘

2056 3874 2155 3945 τῆς
2188 3873 2499 3945 ὑπεραγίαξ
2531 3873 2834 3941 Θεοτόκου,
2879 3877 2976 3930 καὶ
3010 3877 3093 3937 εἰς
3135 3875 3205 3928 τὰ
3245 3873 3502 3943 ἐγκαίνια
3543 3873 3645 3941 τῆς

2058 3943 2223 4019 Ξγῐας
2272 3943 2449 4019 esse;
2498 3946 2659 4019 σορρῦ
2715 3946 2816 4015 τῆς
2859 3946 2920 4019 ὲν
2971 3946 3462 4019 Χαλκοπρατίοις,
3502 3951 3647 4019 teste

2056 4011 2323 4084 Fogginio
2352 4011 2476 4071 l.'c.
2510 4011 2575 4085 pf
2600 4017 2656 4081 7,
2700 4011 2787 4083 sq.
2827 4018 2918 4072 ubi
2948 4018 3154 4071 multus
3189 4011 3275 4072 est
3308 4019 3373 4071 de
3403 4014 3645 4072 Chalco-

2058 4085 2249 4152 pratiis
2288 4096 2343 4140 et
2389 4088 2605 4141 sanctis
2654 4089 2821 4152 soris,
2853 4102 2949 4142 seu
2984 4089 3183 4144 thecis.
3224 4088 3317 4141 Sic
3354 4088 3502 4142 enim
3550 4102 3647 4155 ap-

2061 4156 2427 4229 pel_!abantnr_
2459 4165 2575 4229 tum
2613 4172 2795 4229 capsa
2818 4199 2835 4222 ,
2868 4175 2978 4229 qua
3017 4160 3187 4215 vestis
3213 4168 3269 4212 et
3300 4159 3522 4212 codices
3555 4172 3644 4212 se-

2061 4227 2341 4294 pulcrales
2401 4227 2458 4279 Β.
2489 4228 2672 4281 Mariae
2702 4227 3170 4291 continebantur,
3233 4240 3347 4283 tmn
3383 4229 3550 4290 mdes,
3590 4229 3642 4280 in

2064 4312 2173 4364 qua
2205 4296 2469 4366 deposita:
2521 4298 2626 4352 illa:
2676 4301 2923 4369 reliquia:
2976 4303 3433 4356 asservabantur.
3474 4300 3642 4354 Iliun.

1243 4665 1556 4729 JOANNI
1613 4663 2258 4730 CIIRISTOPIIORO
2319 4668 2768 4731 AMADUTIO

1436 4820 1852 4883 NICOLAUS
1909 4818 2369 4883 FOGGINIUS
2403 4822 2470 4884 S.
2512 4824 2586 4882 Ι).

1042 4969 1308 5035 (Αηεεάοια
1332 4970 1571 5022 littcraria
1593 4985 1755 5023 emas.
1786 4968 2033 5022 codicibus
2056 4974 2215 5021 eruta.
2263 4971 2402 5019 Tom.
2451 4968 2533 5027 IV,
2580 4970 2762 5027 Romae,
2814 4970 2974 5031 I785.)

1954 5130 2028 5145 ~

458 5243 501 5297 I.
531 5242 634 5303 En.
667 5240 753 5296 vir
797 5239 1130 5304 clarissime,
1184 5239 1514 5309 opusculum
1552 5237 1804 5294 Grmcum
1856 5240 1955 5311 (τι),

375 5334 525 5405 quod
554 5335 697 5391 inter
733 5333 966 5389 schedas
1010 5348 1160 5388 meas
1191 5348 1258 5387 ex
1310 5333 1438 5387 cod.
1482 5347 1587 5387 ms.
1623 5331 1955 5410 descriptas,

376 5430 481 5486 etsi
504 5427 780 5490 mutilum,
806 5428 981 5481 visum
998 5432 1286 5481 esttamen
1311 5425 1403 5479 tibi
1422 5434 1610 5495 aptum
1634 5433 1697 5478 ut
1720 5426 1957 5479 interse-

378 5535 537 5577 rcrcs
571 5527 723 5575 torno
770 5517 837 5573 ιν
894 5517 1328 5583 Anecdotorum,
1384 5531 1620 5586 quorum
1657 5517 1955 5571 editionem

2064 5240 2381 5309 reipublicae
2415 5237 2699 5292 litterarizc
2746 5238 2888 5291 bono
2921 5238 3212 5298 diligenter
3265 5252 3448 5289 curas.
3507 5234 3644 5289 illud

2061 5344 2188 5388 ante
2230 5334 2328 5386 hos
2361 5332 2549 5400 plures
2592 5345 2767 5385 annos
2799 5330 3071 5399 descripsi
3129 5345 3194 5383 cx
3252 5327 3439 5381 (Ὄδίιυ
3496 5326 3645 5379 Vati-

2062 5440 2203 5480 cano
2231 5423 2359 5487 840,
2401 5423 2493 5492 qui
2533 5423 2663 5474 olim
2704 5422 2803 5474 fuit
2852 5422 3075 5475 Antonii
3122 5420 3413 5489 Augustini
3471 5418 3643 5470 archi-

2059 5517 2304 5586 epiSCOpI
2348 5514 2786 5569 Tarraconensis
2820 5530 2833 5579 ;
2864 5522 2919 5569 et
2952 5517 3078 5585 quia
3110 5513 3241 5569 dum
3291 5514 3342 5565 in
3389 5511 3641 5564 Latinum

445 5688 518 5748 (η)
546 5686 643 5735 lloc
675 5691 770 5745 est,
807 5683 981 5733 librum
1016 5689 1182 5736 contra
1219 5682 1506 5748 Bogomilos,
1528 5696 1677 5745 quem
1709 5683 1758 5732 in
1783 5684 1870 5733 hac
1900 5684 2121 5735 editione
2154 5682 2452 5732 rccudimns.
2473 5679 2557 5730 lin.
2580 5678 2734 5729 ΡΑτιι.
