4050 6278
248 209 319 271 23
1595 210 2160 272 PROLEGOMENA
2174 259 2186 273 .
3453 201 3531 263 2ιὶ-

251 327 456 381 idioma
482 332 884 390 contcrtetcm,
922 324 1204 394 complura
1235 325 1514 390 adnotavi,
1546 335 1658 379 ttttn
1691 324 1835 391 quod

251 420 450 474 attinet
477 420 543 472 ad
571 429 853 475 auctorem
899 419 1186 489 Opusculi,
1223 428 1337 472 tum
1394 418 1460 473 ad
1511 436 1573 474 ea
1621 436 1741 489 qur.
1777 419 1831 472 in

248 514 368 580 ipso
405 508 684 581 Opusculo
718 511 999 581 leguntur,
1037 511 1136 565 has
1178 526 1397 582 quoque
1447 512 1839 566 adnotationes

247 603 313 657 ad
347 612 400 656 te
429 605 606 669 mitto,
639 605 842 672 quibus
879 605 957 658 uti
995 605 1224 672 poteris,
1260 613 1316 657 ut
1349 604 1448 658 tibi
1491 604 1668 674 magis
1723 606 1836 674 pla-

247 694 440 747 cucrit.

324 808 386 861 ΙΙΙ
439 809 622 877 Itaque
707 809 810 863 ltoc
870 809 1108 877 primum
1168 812 1579 873 adnotaverunt,
1635 809 1842 881 Euthy—

253 905 425 959 mium
470 903 817 974 Zygabenum
867 901 1129 971 Opusculi
1173 912 1447 956 auctorem
1481 905 1837 957 monasticam

252 1000 419 1054 vitam
456 1001 638 1068 egisse
669 997 1148 1065 Constantinopoli
1183 998 1238 1052 in
1295 997 1636 1051 monasterio
1688 996 1841 1050 l’cri-

249 1091 467 1159 hleptze,
514 1101 566 1145 et
603 1091 874 1144 doctrina:
908 1087 1071 1144 laude
1123 1088 1457 1143 inclaruisse
1510 1102 1537 1140 a
1599 1096 1842 1155 tempore

250 1183 427 1238 Alexii
465 1183 482 1236 l
523 1183 811 1245 Comneni,
846 1181 934 1236 cui
967 1179 1388 1248 acceptissimus
1419 1178 1542 1244 fuit,
1593 1189 1645 1234 et
1685 1182 1841 1250 cujus

247 1277 406 1343 jnssu
450 1290 591 1344 opus
645 1274 956 1339 composuit
1008 1273 1377 1342 inscriptum:
1424 1270 1686 1340 Panoplia
1741 1272 1840 1326 do—

252 1369 488 1439 gmatica
523 1367 838 1421 orthodoxa:
885 1364 1009 1434 ﬁdei
1047 1364 1302 1419 adversus
1354 1380 1534 1419 omnes
1566 1365 1842 1418 Itaareticos

252 1477 319 1515 ea:
371 1462 597 1515 Patrum
648 1462 861 1526 scriptis
914 1468 1177 1513 contexta.
1222 1456 1586 1526 Marquardus
1636 1454 1842 1510 Frehe-

255 1570 350 1610 rus
412 1553 489 1625 (1)
553 1552 657 1609 sub
721 1553 912 1607 Alexio
980 1549 1022 1604 ll
1085 1549 1438 1621 Eutltymium
1525 1549 1841 1617 PanOpliam

254 1645 625 1700 concinnasse
677 1644 962 1706 asseruit;
1019 1643 1112 1697 sed
1158 1642 1367 1695 erravit
1423 1638 1670 1709 profecto
1728 1649 1844 1695 toto

257 1738 419 1803 «telo,
451 1747 505 1792 et
535 1739 637 1791 hoc
669 1751 736 1791 ex
772 1750 838 1790 eo
884 1734 1043 1789 facile
1077 1735 1270 1801 liquet,
1317 1732 1464 1803 quod
1497 1734 1653 1787 Anna
1680 1731 1844 1786 Com-

258 1848 400 1886 nena
434 1831 790 1887 celeberrima
841 1829 1015 1883 Alexii
1057 1828 1073 1880 l
1122 1828 1231 1882 filia
1285 1827 1618 1881 luculentam
1679 1825 1846 1896 hujus

256 1926 441 1996 operis
466 1926 801 1980 mentionem
842 1923 1042 1978 fecerit
1076 1919 1176 1992 (‘2).
1212 1920 1338 1975 Haec
1366 1919 1623 1990 Panoplia
1654 1919 1846 1975 Latine

257 2025 472 2071 tantum
521 2015 665 2070 edita
715 2024 799 2069 est
837 2013 1076 2070 Venetiis
1101 2028 1247 2068 anno
1275 2012 1415 2067 1555
1468 2027 1535 2066 ex
1589 2011 1847 2069 tersione

258 2109 406 2164 Petri
441 2108 722 2164 Francisci
760 2106 879 2162 Zini
933 2105 1314 2171 Veronensis;
1367 2119 1490 2174 quae
1537 2105 1723 2159 versio
1751 2103 1848 2159 de-

264 2204 391 2259 inde
443 2218 638 2258 recusa
683 2212 766 2258 est
798 2199 1050 2264 Parisiis,
1083 2215 1148 2254 ac
1179 2199 1404 2253 tandem
1440 2199 1651 2252 inserta
1709 2206 1842 2252 tom.

260 2294 382 2349 XIX
450 2293 796 2349 Bibliotheca
835 2291 937 2347 PP.
969 2290 1360 2359 Lugdunensis
1391 2308 1406 2349 :
1444 2297 1501 2345 et
1545 2290 1687 2344 falso
1723 2303 1844 2346 eam

261 2392 314 2442 in
362 2388 562 2459 Veneta
595 2385 839 2442 editione
867 2393 1017 2440 textu
1052 2383 1247 2439 Graeco
1283 2381 1552 2438 munitam
1588 2396 1714 2438 esse
1757 2395 1847 2438 as-

260 2487 394 2534 serit
439 2479 719 2534 Gerardus
765 2477 1009 2534 Joannes
1046 2474 1278 2533 Vossius
1317 2476 1418 2547 (3).
1451 2476 1659 2531 Textus
1693 2473 1847 2530 Grais

258 2588 359 2628 cus
386 2572 666 2640 Panopliae
701 2569 976 2643 Eothymii
1017 2569 1166 2641 typis
1204 2582 1445 2624 excusus
1481 2579 1566 2623 est
1604 2568 1844 2638 primutn

261 2678 408 2718 anno
442 2663 604 2728 1710,
641 2661 949 2733 Tergovisti
991 2662 1044 2715 in
1105 2659 1414 2716 Walachia.
1471 2659 1647 2716 Porro
1676 2659 1848 2726 Zinus

261 2751 320 2804 in
381 2765 482 2805 sua
537 2749 730 2805 Latina
767 2749 1041 2812 versione,
1099 2764 1223 2818 quae
1271 2748 1599 2821 Eutltymius
1651 2759 1846 2805 contra

262 2841 492 2898 Latinos
522 2843 842 2913 collegerat,
888 2841 1069 2896 editor
1101 2855 1231 2896 vero
1275 2847 1459 2897 textus
1495 2839 1669 2896 Graeci
1706 2841 1849 2896 inte-

262 2952 421 3004 groni
455 2937 696 2996 titulum,
741 2933 834 3005 qui
872 2944 1067 2989 contra
1101 2932 1404 2989 Saracenos
1432 2942 1538 3000 est,
1579 2943 1635 2989 et
1689 2949 1848 3004 quem

263 3026 453 3082 Grzrce
497 3042 618 3082 cum
656 3025 851 3080 Latina
901 3025 1158 3080 versione
1205 3024 1438 3081 Joannis
1491 3023 1680 3081 Jacobi
1714 3023 1851 3079 Beu-

266 3119 376 3174 reri
424 3121 534 3188 jam
588 3118 836 3174 ediderat
884 3133 915 3171 e
946 3119 1070 3170 cttd.
1103 3133 1206 3173 ms.
1243 3117 1496 3172 Palatino
1531 3116 1851 3173 FrideriCus

270 3213 601 3282 Sylburgius
638 3212 689 3265 in
731 3209 1102 3273 Saracenieis,
1141 3225 1354 3263 necnon
1402 3211 1562 3262 etiam
1602 3209 1850 3275 quaedam

267 3309 322 3359 in
360 3306 551 3375 primis
584 3303 784 3372 titulis,
824 3304 916 3357 ubi
946 3305 1014 3357 de
1055 3303 1325 3356 Trinitate
1370 3303 1707 3370 disputatur,
1743 3302 1854 3369 (hic

269 3407 421 3453 certe
453 3399 681 3460 veritus,
710 3413 777 3452 ne
801 3396 1108 3451 Turcarum
1130 3395 1488 3450 odeusionem
1524 3398 1852 3462 incurreret,

269 3493 360 3546 ille
395 3507 522 3546 vero
567 3490 819 3545 fortassis
872 3506 942 3543 ne
1003 3489 1154 3558 operi
1206 3489 1593 3541 auctoritatem
1630 3499 1682 3541 et
1736 3502 1856 3554 pre-

270 3586 406 3639 tium
445 3583 823 3653 imminuerct)
853 3583 1350 3652 prmtermiserunt.
1402 3579 1588 3649 Itaque
1645 3579 1852 3632 nullam

271 3678 539 3732 habemus
579 3675 845 3732 hactenus
897 3673 1195 3745 perfectam
1250 3670 1528 3741 Panopliae
1580 3670 1855 3742 Euthymii

272 3768 613 3836 editionem;
663 3767 917 3839 quamvis
967 3765 1097 3820 huic
1138 3763 1472 3820 adornandae
1521 3765 1704 3833 plures
1748 3779 1855 3819 non

274 3863 458 3917 desint
498 3862 719 3917 codices
749 3861 802 3915 in
849 3859 1203 3914 bibliothecis
1233 3859 1578 3927 superstites.
1619 3858 1858 3927 Insignis

276 3955 422 4008 inter
444 3967 539 4008 eos
566 3961 649 4006 est
677 3951 849 4008 codex
879 3951 1165 4028 Caesareus
1199 3948 1660 4012 Vindobonensis,
1697 3963 1857 4017 quem

276 4051 398 4116 ipsa
429 4044 707 4116 Euthymii
734 4050 893 4100 aetate
914 4043 1186 4113 scriptum
1220 4051 1374 4110 putat
1397 4039 1716 4097 Lambecius
1739 4041 1815 4113 (4)
1843 4058 1858 4097 :

279 4154 380 4194 nec
420 4138 621 4193 minori
667 4139 720 4191 in
755 4137 932 4207 pretio
969 4136 1204 4191 fortasse
1237 4144 1321 4191 cst
1348 4134 1636 4190 habendus
1674 4134 1858 4204 regius

277 4231 626 4292 Parisiensis,
658 4244 820 4299 quem
855 4228 1042 4283 laudat
1071 4227 1386 4282 Ricltardus
1433 4227 1716 4281 Siinonius
1756 4224 1858 4295 t5),

279 4332 333 4378 et
360 4338 521 4393 quem
559 4337 587 4375 a
636 4321 755 4375 Zini
799 4321 1047 4376 editione
1076 4320 1129 4374 i-n
1159 4320 1410 4389 pluribus
1444 4316 1667 4374 diderre
1697 4326 1865 4373 testa-

281 4430 392 4470 tur.
417 4414 690 4470 Praiterea
729 4414 896 4467 alium
939 4411 1182 4467 codicem
1235 4410 1756 4479 praestantissimum
1797 4424 1862 4462 ex

282 4507 507 4563 Oriente
537 4521 725 4563 secum
769 4505 954 4561 attulit
981 4503 1209 4557 Michael
1242 4501 1485 4556 Eneman
1526 4498 1762 4567 Suecus,
1798 4499 1868 4555 de

283 4616 394 4670 quo
423 4600 541 4655 fuse
587 4600 846 4654 edisserit
881 4594 1122 4651 Joannes
1153 4596 1415 4649 Albcrtus
1450 4592 1736 4649 Fabricius
1766 4592 1869 4664 (6).

286 4695 462 4749 Etiam
488 4693 823 4748 Bibliotheca
849 4692 1114 4746 Vaticana
1150 4689 1336 4758 plures
1369 4687 1722 4756 suppeditare
1752 4702 1870 4757 pos-

289 4798 374 4843 set
434 4787 680 4851 codices,
741 4787 932 4852 utique
985 4799 1091 4836 non
1124 4780 1508 4852 spernendos;
1540 4794 1680 4849 quos
1724 4779 1870 4833 inter

289 4890 480 4936 notatu
509 4881 707 4950 dignus
757 4877 1030 4948 praecipue
1083 4885 1189 4935 est,
1239 4875 1332 4942 qui
1391 4889 1538 4926 tium.
1611 4871 1748 4925 “47
1795 4870 1871 4926 si-

366 5090 442 5150 (1)
491 5089 552 5140 In
587 5086 1045 5155 Chronographia.

368 5149 446 5223 (*2)
483 5157 732 5212 Alexiad.
766 5149 864 5210 lib.
899 5149 993 5218 "sv,
1032 5170 1152 5223 pag.
1182 5152 1309 5207 490.
1336 5151 1465 5206 edit.
1492 5149 1627 5223 Reg.

370 5221 447 5298 (ὅ)
491 5230 563 5282 De
603 5228 889 5282 Historicis
924 5221 1122 5281 Graicis
1152 5225 1243 5278 lib.
1282 5240 1346 5288 tt,
1376 5239 1497 5291 Cap.
1527 5221 1619 5275 27.

369 5301 445 5366 (4ο)
474 5301 631 5353 Tom.
675 5299 739 5361 V,
775 5314 894 5368 pag.
929 5299 1015 5351 51.

371 5364 447 5434 (5)
475 5364 790 5422 ΒέΗίυιΙιεεί
813 5364 1013 5428 κὲιεεῑη
1043 5379 1172 5421 to'u.
1210 5365 1247 5426 1,
1283 5382 1402 5434 pag.
1427 5364 1514 5416 40.

370 5433 447 5513 (6)
490 5440 740 5493 Bibliotlt.
780 5438 988 5503 Grv‘ca,
1023 5440 1130 5492 vol.
1161 5433 1428 5506 Vll,pag.
1461 5433 1586 5487 Mil.

1944 338 2184 395 gnatur;
2215 327 2419 382 ctenim
2449 324 2730 381 Pachomii
2764 323 3048 390 cujusdam
3082 321 3334 377 monachi
3367 322 3528 376 scho-

1946 423 2014 475 lia
2062 430 2116 475 et
2163 420 2552 477 adnotationes
2594 420 2648 474 in
2687 417 2968 490 Euthymii
3013 415 3328 485 Parmpliam
3380 430 3531 468 com-

1946 513 2224 582 plectitur.
2278 510 2508 566 Demum
2565 510 3009 566 animadvertere
3048 508 3205 578 juvat
3255 506 3529 575 Panoplia:

1945 606 2165 658 titulum
2235 621 2396 670 xxnt,
2441 605 2530 660 ubi
2579 605 2644 658 de
2684 602 2979 674 Bogomilis
3025 601 3230 668 agitur,
3294 600 3528 656 seorsim

1945 697 2305 768 descriptum,
2353 697 2520 750 veluti
2576 696 2910 765 singularem
2968 692 3215 746 libellum
3255 691 3530 760 reperisse

1947 791 1998 842 in
2031 791 2218 845 codice
2256 789 2554 844 Bodleiano
2581 786 2706 842 Joh.
2753 785 3215 856 CliristOphoruut
3248 782 3532 851 Wolfium,

1944 895 1997 938 ct
2027 885 2159 939 hinc
2195 883 2268 937 ita
2311 884 2461 938 illum
2486 882 2725 938 edidisse
2761 880 2950 937 Graace
2974 888 3028 934 et
3055 879 3250 934 Latine
3272 879 3328 932 in
3359 877 3538 932 histo-

1947 980 2025 1032 ria
2059 977 2494 1048 Bogomilorum,
2547 973 2944 1032 eruditissimis
2993 973 3140 1028 notis
3176 971 3533 1026 illustratum.

2016 1096 2101 1150 lll.
2137 1094 2341 1150 Prtetcr
2373 1093 2720 1165 Panopliam,
2772 1090 3104 1160 Euthymius
3147 1088 3316 1145 multa
3365 1087 3532 1144 etiam

1945 1188 2048 1242 alia
2090 1187 2322 1258 digessit
2360 1200 2548 1257 opera,
2602 1185 2878 1257 precipue
2920 1185 2974 1237 in
3033 1196 3226 1238 sacras
3270 1180 3530 1234 Litteras.

1945 1281 2410 1336 Commentarium
2472 1280 2526 1332 in
2579 1292 2773 1334 omnes
2821 1276 3094 1338 Psalmos,
3125 1285 3179 1329 et
3239 1274 3295 1329 in
3360 1285 3534 1326 sacrte

1947 1373 2243 1440 Scriptura:
2269 1371 2496 1427 Cantica
2529 1369 2787 1424 Latinum
2820 1366 2948 1422 fecit
2995 1365 3282 1438 Philippus
3332 1363 3533 1419 Saulus

1946 1468 2236 1535 episcopus
2266 1461 2687 1534 Brugnatensis,
2718 1469 2773 1517 et
2807 1469 2932 1530 post
2962 1459 3086 1528 ejus
3128 1459 3343 1513 obitum
3391 1455 3538 1510 hanc

1948 1559 2256 1612 versionem
2299 1553 2565 1611 Paulinus
2613 1552 2890 1608 'l‘urrhius
2939 1551 3152 1606 ordinis
3206 1549 3537 1604 Praedicato-

1948 1665 2070 1705 runt
2090 1649 2576 1720 vulgavitVerome
2597 1662 2742 1701 anno
2763 1646 3062 1716 {550,qua:
3084 1645 3292 1715 pluries
3314 1641 3533 1705 deinde,

1948 1757 2165 1813 seraper
2204 1752 2387 1798 tamen
2419 1741 2539 1796 sine
2582 1739 2772 1796 Graeco
2817 1748 2970 1794 textu
3022 1739 3124 1806 (τι),
3183 1751 3377 1794 recusa
3427 1743 3533 1791 est.

1951 1833 2308 1891 Solummodo
2343 1834 2747 1905 praefationem,
2807 1846 2916 1902 qua
2960 1839 3153 1887 auctor
3192 1830 3261 1884 de
3311 1837 3532 1890 natura,

1949 1944 2076 1994 usu,
2115 1943 2306 1998 scopo,
2336 1925 2630 1996 multiplici
2670 1925 3020 1980 Psalmorum
3061 1937 3283 1992 genere,
3329 1922 3538 1977 obscu-

1950 2023 2135 2085 ritate,
2183 2021 2464 2090 variisque
2491 2018 2841 2074 versionibus
2873 2015 3084 2072 Graacis
3119 2015 3411 2084 diligenter
3440 2011 3540 2066 ad—

1951 2111 2172 2165 modum
2216 2111 2486 2180 disputat,
2549 2108 2742 2164 Grtece
2796 2117 2852 2163 et
2898 2106 3098 2162 Latine
3158 2103 3366 2176 publici
3397 2102 3541 2171 juris

1955 2202 2083 2257 fecit
2131 2201 2444 2272 Stephanus
2489 2199 2740 2273 Moynius
2773 2200 2873 2271 ('1).
2903 2198 3138 2267 Scripsit
3179 2196 3346 2252 etiam
3376 2195 3542 2250 Com-

1953 2296 2282 2351 mentarium
2333 2295 2388 2350 in
2421 2299 2660 2364 quatuor
2693 2292 2988 2363 Evangelia
3020 2307 3083 2347 ex
3119 2291 3538 2362 Chrysostomo,

1953 2389 2076 2444 aliis
2098 2404 2206 2458 que
2225 2387 2478 2443 Patribus
2496 2388 2916 2453 concinnatum,
2933 2402 2994 2440 ex
3021 2399 3132 2453 quo
3151 2384 3268 2440 loca
3288 2382 3537 2453 quasdam

1952 2482 2139 2538 Graece
2156 2482 2326 2538 edidit
2349 2480 2661 2537 Ricbardus
2690 2478 2971 2535 Sitnonius
2994 2478 3073 2549 (8)
3097 2497 3109 2533 :
3134 2487 3187 2532 et
3206 2490 3368 2547 quem
3397 2473 3540 2528 inte-

1953 2592 2107 2644 grum
2140 2577 2403 2631 habemus
2460 2575 2843 2630 tantummodo
2894 2572 3147 2627 Latinum
3185 2585 3252 2625 ex
3284 2567 3539 2624 versione

1951 2669 2180 2725 Joannis
2211 2668 2492 2733 Hentenii,
2523 2669 2731 2724 editum
2765 2667 2992 2722 Lovaoii
3054 2679 3203 2719 anno
3253 2662 3415 2734 1514,
3477 2673 3542 2713 ac

1955 2763 2154 2833 deinde
2185 2780 2435 2820 recusum
2470 2765 2667 2820 iterum
2694 2764 3005 2830 iterumque
3034 2757 3267 2814 diversis
3293 2756 3346 2810 in
3381 2753 3538 2808 locis.

1955 2858 2182 2914 Graecus
2214 2858 2380 2928 hujus
2414 2857 2805 2914 Commentarii
2839 2865 3026 2912 testus
3050 2858 3232 2906 exstat
3260 2849 3313 2903 in
3350 2847 3540 2899 codice

1957 2952 2222 3006 Vaticano
2261 2951 2390 3018 665,
2438 2965 2668 3004 mancus
2721 2957 2925 3014 tamen,
2979 2949 3106 3018 quia
3147 2949 3287 3002 duos
3324 2954 3536 2998 tantum

1961 3044 2171 3112 priores
2229 3044 2596 3114 evangelistas
2647 3041 3040 3112 complectitur
3107 3039 3419 3093 Matthautm
3484 3043 3541 3087 et

1957 3135 2227 3191 Marcum.
2271 3135 2596 3206 Explanatio
2625 3135 2874 3202 quaedam
2909 3134 2962 3188 iu
2995 3132 3282 3187 Canticum
3330 3127 3541 3182 Zaclia-

1959 3226 2076 3286 riae,
2119 3241 2241 3293 qua:
2274 3226 2327 3278 in
2381 3225 2574 3280 codice
2631 3222 2902 3277 Vaticano
2948 3221 3053 3277 669
3099 3221 3206 3276 sub
3264 3214 3538 3289 Euthymii

1959 3319 2180 3371 nomine
2213 3315 2488 3387 descripta
2533 3315 2828 3385 reperitur,
2871 3329 2937 3368 an
2977 3328 3105 3382 pars
3138 3312 3210 3366 sit
3251 3311 3544 3365 Commen-

1961 3409 2086 3462 tarii
2138 3409 2188 3460 in
2226 3406 2580 3477 Evangelium
2633 3405 2812 3470 Lucae,
2857 3419 2923 3459 an
2961 3404 3147 3473 potius
3198 3399 3344 3456 aliud
3378 3414 3544 3470 pecu-

1962 3501 2095 3556 liare
2154 3501 2481 3570 opusculum
2546 3499 2681 3553 mihi
2741 3513 2887 3552 nunc
2942 3505 3096 3552 certo
3142 3510 3247 3549 non
3287 3497 3539 3546 constat.

1964 3595 2093 3650 item
2130 3593 2183 3647 in
2213 3592 2474 3662 epistolas
2504 3591 2659 3645 Pauli
2691 3590 3162 3646 Commentarium
3189 3603 3256 3644 ex
3286 3585 3544 3641 Patribus

1962 3685 2208 3742 studiose
2239 3683 2568 3754 Eutliymius
2600 3683 2844 3753 collegit,
2881 3681 3040 3752 cujus
3096 3679 3322 3736 Grmcus
3371 3677 3544 3734 codex

1963 3779 2016 3832 in
2072 3777 2261 3831 eadem
2297 3773 2560 3829 Vaticana
2617 3775 2941 3831 bibliotheca
2978 3789 3131 3828 num.
3169 3772 3274 3827 636
3321 3777 3544 3826 notatus

1964 3875 2304 3925 asservatur.
2338 3866 2386 3920 ls
2426 3882 2524 3921 nec
2571 3865 2782 3932 Graece,
2838 3880 2938 3922 nec
2992 3863 3191 3919 Latine
3221 3863 3406 3919 editus
3435 3870 3542 3921 est.

1963 3961 2070 4018 nisi
2105 3975 2274 4031 pauca
2303 3959 2550 4029 quardam
2594 3960 2853 4030 excipias,
2897 3975 3018 4030 qua
3049 3970 3110 4013 es
3137 3954 3546 4012 Commentario

1966 4055 2020 4107 in
2056 4052 2350 4122 Epistolam
2388 4053 2454 4105 ad
2498 4049 2847 4106 Timotheum
2884 4050 3041 4105 affert
3080 4066 3148 4106 ex
3179 4049 3372 4104 eodem
3406 4046 3550 4100 forte

1961 4145 2148 4200 codice
2182 4145 2289 4200 Leo
2320 4144 2557 4198 Allatius
2606 4144 2707 4214 (9).
2771 4143 3014 4198 Tandem
3069 4141 3346 4210 Epistolas
3377 4139 3544 4194 etiam

1961 4237 2274 4292 Catholiras
2336 4250 2439 4289 suo
2501 4235 2911 4289 Commentario
2966 4235 3352 4291 adornaverat,
3409 4238 3550 4281 teste

1966 4327 2262 4383 Guillelmo
2294 4327 2494 4381 Caveio
2537 4325 2676 4396 (10),
2704 4327 2797 4382 sed
2826 4326 2948 4396 ejus
2994 4325 3181 4379 nullus
3229 4321 3362 4376 mihi
3401 4318 3551 4374 Cra;-

1968 4434 2066 4473 cus
2099 4419 2270 4473 codex
2305 4419 2620 4472 iniiotcscit.

2042 4507 2130 4561 ιγ.
2165 4507 2326 4562 Hisce
2356 4508 2537 4568 libris.
2567 4509 2658 4577 qui
2705 4505 2981 4576 Euthymii
3037 4518 3254 4560 sacram
3282 4500 3550 4557 eruditio-

1969 4612 2095 4652 nem
2131 4605 2426 4662 testantur,
2480 4598 2666 4666 plures
2709 4596 3007 4660 accedunt,
3059 4610 3127 4650 ex
3181 4593 3384 4663 quibus
3433 4589 3553 4661 ejus

1968 4689 2149 4744 elucet
2181 4689 2461 4760 ingenium
2495 4699 2552 4744 et
2589 4688 2928 4759 eloquentia.
2959 4686 3176 4741 Etenim
3226 4683 3558 4755 disputatio-

1973 4796 2093 4835 nem
2130 4781 2425 4851 quamdam
2459 4781 2631 4836 edidit
2667 4780 2733 4834 de
2766 4781 2869 4835 fide
2898 4795 3022 4834 cum
3054 4779 3335 4834 Saraceno
3373 4776 3555 4846 philo-

1971 4875 2145 4944 soplto
2177 4877 2229 4929 in
2258 4876 2393 4930 urbe
2417 4874 2781 4945 Cappadociae
2811 4873 3066 4928 Melitene
3096 4870 3362 4934 habitam,
3391 4882 3556 4940 quam

2057 5085 2133 5152 (7)
2179 5087 2302 5143 νην.
2344 5091 2522 5154 δίη-νη
2555 5100 2686 5142 tom.
2720 5088 2759 5141 l.
2798 5102 2918 5154 pag.
2957 5082 3078 5138 150.

2055 5150 2133 5226 (8)
2174 5160 2315 5214 Hist.
2354 5150 2524 5216 critic.
2571 5160 2707 5212 Novi
2740 5150 2968 5212 Testdm.
3007 5155 3103 5208 lib.
3158 5168 3196 5220 t,
3252 5166 3374 5224 pag.
3434 5150 3558 5216 “0,

1981 5227 2120 5288 H5:
2157 5230 2248 5282 lib.
2277 5251 2358 5288 Ill.
2390 5251 2513 5288 nne.
2547 5232 2635 5286 84.

2054 5255 2131 5371 2.9,)
2277 5251 2821 5359 Ii;ll0‘;:§li?84.0l‘dln.
2859 5299 3000 5370 apud
3026 5370 3030 5371 γ
3052 5295 3289 5358 (Ira’cos,
3329 5309 3382 5360 Ρ·

2054 5363 2168 5447 (10)
2200 5377 2404 5432 Hister.
2437 5379 2600 5430 tittcr.
2634 5363 2903 5436 scriptor.‘
2925 5370 3243 5431 ecclesiast.,
3280 5379 3402 5435 pag.
3433 5363 3558 5418 567.

362 5647 430 5706 (rt)
459 5647 713 5695 l‘ro..licr;u
741 5659 900 5694 tamen
924 5634 1150 5693 Vcoctiis
1171 5655 1295 5691 anno
1323 5640 1457 5699 1705,
1489 5652 1598 5689 cum
1625 5635 1975 5699 Tlicopltylacli
1998 5631 2253 5695 operibus,
2285 5635 2339 5674 et
2361 5629 2466 5675 haec
2486 5621 2736 5675 scribebat
2773 5620 3043 5682 l"ogginius

3162 5676 3273 5722 liutr
3323 5673 3471 5718 I'A'ru.
