4130 6304
364 324 435 387 25
1699 323 1956 387 PROLEl

2061 323 2277 385 MENA
3566 318 3640 381 26

366 438 528 494 habet
562 436 790 494 Grzecus
839 438 1141 496 Vmicauus
1175 443 1341 496 codex
1378 441 1483 498 952
1523 440 1634 512 (ii)
1689 451 1746 497 et
1799 456 1941 511 quae,

367 537 509 583 teste
543 528 840 584 Lambeeio
895 530 1034 600 (i2),
1088 541 1406 587 asservatur
1439 533 1606 588 etiam
1651 534 1706 587 in
1753 531 1945 587 Graeco

365 622 555 678 codice
604 622 950 678 bibliotheca:
987 623 1458 682 Vindobonensis.
1517 625 1790 682 Praeterea
1845 627 1950 682 sub

366 715 612 784 ejusdem
647 719 875 773 nomine
907 718 1154 774 occurrit
1189 720 1242 773 in
1283 718 1548 773 Vaticano
1604 721 1793 775 codice
1844 720 1950 774 8‘20

367 809 480 879 (i5)
507 810 711 872 oratio,
743 809 907 879 cujus
936 813 1102 866 etiam
1142 813 1391 868 meminit
1437 811 1669 867 Allatius
1717 813 1828 882 (14)
1861 815 1942 867 in-

364 900 571 971 scripta
605 920 619 955 :
667 903 982 973 Ἐγκώμιον
1013 904 1092 969 εἰς
1117 903 1220 975 τὴν
1250 906 1625 976 προσκύνησιν
1644 907 1743 975 τῆς
1779 906 1950 978 ὑπερ-

365 996 531 1064 αγίας
589 995 886 1062 Θεοτὸκου,
945 999 1044 1053 καὶ
1104 1001 1185 1062 εἰς
1231 999 1303 1054 τὰ
1343 1000 1594 1068 ὲγκαίνια
1642 999 1744 1069 τῆς
1790 1000 1951 1067 ἁγίας

365 1089 535 1158 αὐτῆς
582 1090 744 1160 σοροῦ
789 1092 887 1161 τῆς
921 1092 983 1145 ὲν
1021 1093 1487 1161 Χαλκοπρατίοις.
1541 1091 1857 1147 Encomium
1888 1094 1953 1148 de

363 1179 508 1234 cultu
546 1181 875 1240 beatissime
912 1183 1160 1254 Deipartr
1198 1187 1527 1255 prastando,
1555 1196 1604 1240 et
1635 1187 1703 1240 de
1733 1186 1953 1241 dedica-

362 1274 504 1326 tione
551 1284 752 1329 sancta!
790 1277 907 1346 ejus
944 1279 1077 1340 cori,
1124 1295 1244 1348 qua:
1298 1289 1376 1331 est
1437 1281 1491 1331 in
1541 1278 1953 1346 Cltulcopratiis.

367 1365 570 1420 Smrta
615 1384 780 1425 sortts
823 1371 904 1424 vel
961 1383 1153 1426 sancta
1210 1371 1367 1426 theca
1427 1371 1807 1441 appellabatur
1838 1384 1953 1426 tutn

365 1477 532 1531 capsa
594 1463 756 1532 ipsa,
823 1479 931 1534 qua
1003 1465 1175 1519 vestis
1233 1474 1287 1518 et
1347 1465 1552 1521 lodices
1620 1465 1955 1536 sepulcrales

364 1547 425 1600 Β.
494 1547 677 1603 Maria:
744 1549 989 1623 Virginis
1048 1554 1515 1620 continebantur,
1598 1564 1712 1610 tutu
1787 1555 1954 1624 mdes,

365 1642 421 1695 in
458 1658 565 1710 qua
601 1644 867 1714 depositae
913 1645 1021 1700 illa:
1068 1647 1316 1717 reliquit!)
1346 1648 1794 1704 asservabantur.
1829 1651 1957 1706 Duae

361 1747 546 1789 autem
573 1745 733 1790 erant
760 1736 842 1791 hae
865 1738 1059 1801 theca,
1097 1738 1269 1795 altera
1302 1740 1355 1793 in
1385 1741 1499 1796 inde
1535 1739 1944 1810 Blacberuensi,

363 1829 794 1898 'lbeophanonis
833 1832 1091 1903 Augustae
1123 1834 1386 1904 religione
1431 1835 1631 1914 inclyta
1678 1837 1818 1908 (15),
1862 1839 1952 1893 ubi

362 1923 776 1993 emopborium,
840 1942 937 1980 seu
979 1929 1164 1981 velum
1199 1928 1449 1999 Deiparte
1506 1932 1950 1996 custodiebatur,

362 2019 538 2073 altera
584 2019 639 2072 in
702 2019 819 2074 aede
879 2021 1054 2076 beata:
1115 2019 1355 2092 Virginis
1413 2021 1950 2094 Chalcopratiorum,

361 2112 454 2165 ubi
490 2119 703 2167 exterae
729 2122 911 2168 vestes
961 2123 1015 2168 et
1044 2113 1229 2170 fasciae
1276 2117 1533 2186 religiose
1568 2120 1954 2174 custodieban-

358 2210 473 2255 tur.
507 2199 628 2255 Jam
657 2203 895 2272 quisque
931 2203 1209 2276 intelligit,
1265 2213 1381 2260 tum
1436 2207 1789 2272 Blaeheruas,
1837 2220 1951 2263 tum

356 2293 781 2363 Cbatcopratios
811 2297 1036 2351 nomina
1067 2313 1192 2353 esse
1214 2299 1462 2354 locorum
1497 2301 1652 2356 urbis
1676 2302 1954 2358 Constan-

359 2386 700 2455 tinopoleos,
752 2387 806 2442 in
844 2390 1047 2456 quibus
1083 2406 1242 2446 saera
1298 2391 1415 2448 haec
1462 2395 1662 2463 templa
1708 2395 1955 2465 Deipara:

362 2479 620 2534 dedicata
675 2482 1067 2551 assurgebant.
1148 2482 1444 2554 Disputant
1500 2487 1706 2542 eruditi
1770 2503 1840 2542 an
1898 2489 1953 2545 hi

361 2573 735 2642 Chalcopratii
787 2576 943 2631 vicus
974 2577 1225 2646 quidam,
1259 2593 1358 2632 seu
1394 2580 1570 2648 platea
1621 2580 1851 2649 fuerint,
1897 2584 1953 2638 in

364 2668 565 2737 quibus
595 2669 805 2723 azraria:
851 2669 1087 2724 oﬂicinae
1131 2672 1487 2737 sitaiessent,
1540 2689 1609 2729 an
1646 2677 1832 2746 potius
1881 2677 1956 2733 le-

365 2762 602 2830 gendum
634 2760 709 2815 sit
735 2759 1136 2830 Cbartopratii,
1167 2763 1353 2834 ibique
1376 2766 1687 2820 chartarias
1707 2767 1953 2824 oilicinas

364 2852 648 2907 exstitisse
701 2852 1059 2908 arbitremur.
1111 2851 1314 2908 Verum
1372 2858 1730 2924 quaestionem
1787 2861 1950 2926 hanc,

365 2953 558 3016 utpote
583 2944 711 3000 huic
744 2947 867 3002 loco
906 2945 1096 3002 minus
1152 2959 1547 3018 opportunam,
1596 2951 1774 3008 libens
1811 2969 1952 3024 prae-

365 3040 687 3097 termittam.
720 3035 833 3094 Nec
869 3038 1081 3098 diutius
1115 3041 1525 3099 immorandum
1573 3062 1793 3118 quoque
1825 3048 1950 3118 opi-

369 3146 476 3186 nor
505 3131 557 3187 iu
591 3132 957 3202 perquirendo
985 3134 1122 3190 aedis
1172 3135 1340 3206 hujus
1391 3139 1701 3209 conditore,
1743 3145 1813 3197 de
1845 3158 1954 3212 quo

372 3237 482 3276 non
508 3223 645 3279 bene
673 3224 821 3280 inter
850 3239 909 3278 se
933 3229 1274 3282 conveniunt
1315 3231 1598 3301 Byzantini
1632 3233 1953 3303 scriptores;

365 3314 427 3368 Id
466 3330 637 3370 unum
672 3317 836 3371 modo
871 3317 1007 3373 satis
1054 3319 1126 3374 sit
1170 3322 1491 3387 adnotasse,
1541 3340 1736 3381 omnes
1791 3326 1844 3381 in
1891 3343 1956 3382 eo

366 3406 703 3472 convenire,
777 3409 1045 3479 templum
1123 3413 1231 3468 hoc
1295 3414 1584 3484 antiquius
1645 3416 1958 3473 Theodosio

371 3495 606 3555 Juniure
651 3514 760 3556 non
791 3500 987 3557 fuisse.
1029 3501 1144 3559 Hoc
1178 3514 1368 3571 autem.
1396 3509 1626 3565 omnino
1678 3514 1960 3579 praeterire

366 3604 481 3644 non
509 3590 660 3653 licet,
683 3590 937 3647 Alexium
963 3591 986 3647 ἰ
1011 3595 1376 3662 Comneuum,
1438 3613 1586 3668 cum,
1627 3603 1826 3656 aerario
1859 3620 1958 3659 ex-

367 3682 594 3749 hausto,
623 3684 1043 3743 imminentibus
1080 3688 1300 3760 imperii
1330 3693 1757 3751 necessitatibus
1790 3697 1957 3753 satis-

370 3776 556 3834 facere
610 3793 721 3833 non
757 3789 968 3849 posset,
1010 3794 1299 3854 argenteas
1342 3787 1553 3853 valvas,
1610 3805 1675 3844 ac
1715 3806 1841 3845 vasa
1871 3792 1958 3846 in-

367 3885 536 3941 super
568 3872 835 3926 nonnulla
887 3889 952 3928 ex
1012 3875 1117 3930 hoc
1175 3877 1384 3947 templo
1437 3881 1779 3940 abstulisse:
1813 3888 1958 3955 quod

367 3977 497 4014 eum
518 3977 663 4032 aegre
691 3963 952 4019 tulissent
985 3967 1157 4031 cives,
1182 3982 1247 4022 ac
1277 3968 1332 4024 in
1358 3970 1741 4040 imperatorem
1777 3991 1958 4032 rumo-

368 4071 459 4110 res
479 4056 701 4126 iniquos
717 4066 1061 4128 Spargerent,
1085 4060 1204 4130 ipse
1222 4066 1538 4120 convocatis
1555 4067 1873 4134 proceribus
1890 4070 1960 4125 ab

370 4150 481 4203 hoc
503 4149 734 4204 crimine
758 4164 992 4219 purgare
1019 4167 1079 4206 se
1107 4152 1339 4215 studuit.
1371 4154 1669 4228 jussitque,
1698 4169 1753 4213 ut
1774 4160 1827 4213 in
1859 4176 1963 4232 po-

369 4250 583 4296 sterum
607 4257 675 4295 ex
703 4243 905 4297 aerario
929 4246 1080 4314 regio
1102 4260 1348 4301 annuum
1368 4251 1600 4320 vectigal
1623 4254 1963 4321 persolvere-

372 4342 485 4398 tur,
512 4343 572 4390 ut
609 4335 645 4389 ii
676 4335 979 4399 alerentur,
1017 4337 1110 4407 qui
1145 4338 1200 4393 in
1227 4340 1330 4393 hac
1349 4340 1595 4411 Deiparac
1623 4344 1738 4399 aede
1753 4345 1968 4404 divinas

372 4427 566 4483 laudes
597 4427 847 4497 quotidie
873 4429 1232 4488 celebrabant
1286 4431 1423 4504 (16).
1465 4434 1548 4489 Ad
1598 4436 1762 4505 hujus
1785 4439 1972 4510 itaque

370 4519 559 4588 templi
589 4519 991 4576 dedicationem
1018 4521 1252 4590 pertinet
1279 4526 1632 4598 panegyrica,
1657 4528 1724 4584 de
1753 4545 1858 4599 qua
1887 4532 1974 4586 lo-

371 4612 622 4682 quimur,
653 4611 934 4683 Euthymii
968 4613 1170 4680 oratio,
1194 4615 1249 4669 in
1273 4630 1406 4685 qua,
1429 4626 1490 4670 ut
1520 4633 1586 4673 ex
1615 4620 1736 4688 ejus
1768 4622 1971 4679 inscri-

375 4705 566 4776 ptione
607 4713 850 4765 constat.
890 4705 1048 4774 pittra
1070 4706 1236 4762 etiam
1263 4708 1332 4764 de
1362 4709 1513 4764 cultu
1552 4711 1796 4781 Deiparae
1832 4731 1973 4785 prae.-

373 4798 573 4856 stando
604 4797 930 4868 disputavit.
960 4796 1070 4852 Nec
1096 4801 1237 4869 male
1277 4800 1554 4867 fortassis,
1604 4820 1726 4860 meo
1748 4807 1970 4874 quidem

366 4892 602 4963 judicio,
625 4891 903 4960 conjicere
930 4893 1056 4961 quis
1103 4900 1311 4962 posset,
1343 4894 1411 4950 ad
1435 4895 1541 4951 hoc
1570 4896 1714 4954 idem
1738 4898 1974 4956 Cbalco-

373 4985 682 5055 pratiorum
712 4981 959 5053 Deiparaa
991 4985 1255 5055 templum
1296 5001 1420 5043 esse
1445 4986 1793 5044 referendum
1819 4992 1967 5048 aliud

373 5073 657 5147 Euthymii
707 5072 1021 5129 Enconritmt
1068 5075 1126 5128 in
1163 5091 1356 5129 zonam
1383 5074 1663 5132 B.Mariw
1711 5077 1964 5150 Virginis,

370 5164 522 5235 quod
541 5165 684 5218 inter
703 5178 808 5220 ms.
828 5161 1141 5219 Bodleianze
1160 5165 1506 5222 bibliothecae
1523 5167 1744 5225 codices
1775 5186 1967 5227 recen-

374 5266 550 5315 setur.
582 5256 641 5312 In
667 5271 737 5313 eo
760 5271 1003 5327 namque
1033 5258 1259 5326 templo,
1289 5263 1620 5330 utsuperius
1653 5263 1959 5337 innuimus,

373 5358 562 5406 vestes
589 5362 782 5404 omnes
809 5363 874 5403 ac
899 5347 1083 5404 fasciae
1100 5348 1274 5404 beatae
1300 5347 1542 5420 Virginis
1562 5354 1952 5414 servabantur.

455 5535 570 5603 (II)
598 5534 735 5604 γῆς.

454 5598 569 5676 (12)
596 5598 853 5676 Ῑοῆιην.
889 5618 1011 5674 pag.
1047 5598 1170 5655 206.

480 5677 569 5738 t3)
604 5673 728 5742 Pag.
763 5674 886 5728 5m.

483 5747 569 5817 Μ)
599 5743 1028 5817 pe‘Syjneomtm
1059 5746 1290 5812 scriptis,
1321 5762 1442 5817 pug.
1480 5746 1596 5803 i08.

454 5815 568 5888 (i5)
599 5814 718 5870 Vid.
750 5814 994 5885 Thcopb.
1023 5831 1146 5888 pag.
1182 5817 1308 5872 2‘25.

2138 442 2199 495 V.
2246 439 2439 496 Utrum
2470 453 2599 495 vero
2643 437 2972 494 ascribenda
3030 436 3322 509 Euthymio
3350 444 3541 492 nostro
3569 441 3641 493 sit

2052 536 2216 588 etiam
2258 535 2532 599 Monodia.
2559 534 2874 595 siveeratio
2920 532 3155 602 funebris
3195 552 3213 582 t
3252 532 3320 588 ad
3366 532 3640 586 tumulum

2053 627 2389 682 sanctissimi
2426 626 2944 685 Thessalonicensis
2986 625 3391 693 archiepiscopi
3421 626 3636 678 domini

2053 719 2342 783 Eustathii,
2381 720 2569 790 paucis
2611 720 2679 773 ab
2727 719 2848 787 ejus
2881 718 3033 773 obitu
3090 717 3288 773 diebus
3316 716 3568 782 recitata,
3613 736 3633 769 ι

2053 828 2175 881 quo:
2209 814 2312 865 sub
2341 813 2462 880 ejus
2489 815 2709 867 nomine
2743 814 2795 864 in
2842 811 3033 865 codice
3062 810 3368 865 Bodleiano
3428 810 3642 865 descri-

2055 901 2232 966 bitur,
2273 917 2455 971 neque
2490 919 2615 956 eum
2645 903 2765 957 aliis
2798 901 3070 957 afﬁrmare
3100 904 3300 965 ausim,
3335 917 3434 956 nec
3489 905 3644 958 solus

2055 994 2308 1049 inliciari.
2353 993 2406 1047 Si
2441 1009 2569 1048 vere
2605 995 2670 1047 ad
2721 1009 2846 1048 eum
2912 995 3172 1060 pertinet,
3224 1009 3287 1047 ex
3330 1009 3393 1048 ea
3437 994 3643 1047 intelli-

2053 1089 2202 1158 gitur
2235 1100 2443 1141 exaetm
2483 1087 2780 1141 admodum
2807 1088 2986 1140 anatis
3014 1085 3372 1158 Euthytuinm
3403 1086 3634 1142 ohiisse.

2053 1183 2190 1237 Cum
2221 1181 2365 1237 enim
2395 1182 2568 1234 Alexii
2605 1181 2806 1248 Ijussu
2857 1180 3176 1250 Patwpliant
3230 1181 3475 1235 scribere
3509 1197 3640 1235 sus-

2055 1273 2262 1343 ceperit
2292 1288 2436 1329 anno
2477 1273 2640 1340 1118,
2680 1272 2840 1328 facile
2860 1283 2944 1328 est
2976 1273 3076 1328 sibi
3113 1273 3639 1341 persuadereipsnnt

2057 1377 2186 1422 tunc
2209 1368 2263 1421 in
2316 1367 2492 1438 primo
2516 1369 2709 1422 saltem
2761 1367 3005 1438 juventae
3059 1366 3194 1422 ﬂore
3250 1367 3439 1422 fuisse.
3502 1365 3644 1432 Quia

2057 1477 2190 1518 vero
2239 1460 2572 1516 Eustathius
2609 1476 2757 1516 anno
2809 1460 2970 1526 1191,
3019 1462 3072 1514 in
3123 1461 3327 1528 templo
3357 1458 3414 1512 S.
3451 1459 3646 1513 Demc-

2059 1555 2150 1609 trii
2184 1556 2443 1627 martyris
2477 1554 2775 1626 Miroblytze
2825 1557 3150 1609 concionem
3193 1554 3384 1609 babuit
3417 1552 3486 1608 ad
3540 1571 3639 1622 po-

2061 1649 2272 1720 pulum,
2299 1648 2699 1719 {concedamus
2751 1648 2902 1713 licet,
2954 1648 3100 1716 quod
3166 1648 3270 1700 hoc
3325 1647 3443 1716 ipso
3498 1661 3644 1701 anno

2054 1749 2286 1798 mortem
2315 1742 2536 1806 obierit,
2566 1743 2685 1811 ejus
2716 1741 2997 1796 funebrem
3025 1739 3395 1794 laudationem
3430 1738 3639 1808 Euthy-

2062 1837 2206 1890 mius
2237 1835 2344 1890 nisi
2375 1844 2603 1890 centum
2635 1833 2750 1889 fere
2777 1849 2950 1888 annos
2986 1845 3152 1888 natus
3177 1832 3454 1887 coniicere
3492 1831 3640 1886 haud

2060 1930 2408 2003 potuit.Quin
2467 1932 2632 1984 etiam
2697 1937 2920 1984 centum
2997 1942 3171 1981 annos
3217 1936 3643 1996 praetergressus

2059 2025 2306 2095 profecto
2329 2023 2685 2088 confecisset,
2715 2027 2758 2079 si
2791 2022 3044 2077 habenda
3071 2029 3218 2078 esset
3245 2021 3377 2076 tides
3403 2022 3639 2075 Alexano

2057 2120 2159 2174 dro
2193 2118 2396 2174 Politio
2429 2118 2569 2189 (i7),
2616 2119 2709 2186 qui
2756 2117 3106 2172 Eustatliium
3167 2116 3452 2186 Xipltilino
3500 2131 3646 2170 anno

2060 2212 2198 2267 1198
2231 2228 2263 2268 e
2296 2212 2438 2266 vivis
2466 2220 2723 2279 exempto
2761 2210 3116 2278 superstitem
3145 2217 3323 2278 putat,
3375 2207 3504 2276 quia
3529 2207 3646 2275 ipse

2058 2313 2401 2360 memoratur
2431 2303 2500 2356 ab
2516 2300 2728 2357 Joanne
2747 2301 2880 2356 Citri
2908 2304 3095 2371 episco
3105 2317 3172 2370 po
3197 2301 3248 2354 in
3266 2299 3646 2368 responsione,

2059 2412 2227 2468 quam
2256 2396 2409 2452 dedit
2431 2395 2801 2451 Constantino
2831 2395 3105 2450 Cahasilre
3130 2395 3276 2448 circa
3305 2393 3556 2446 ordinem
3590 2392 3645 2444 itt

2057 2490 2456 2546 ecclesiasticis
2490 2487 2697 2544 Otiiciis
2721 2489 3075 2543 servandum.
3116 2487 3249 2541 Nam
3281 2502 3405 2540 cum
3428 2493 3649 2553 protec-

2058 2588 2214 2642 dicus
2239 2603 2335 2642 seu
2359 2587 2553 2656 judex,
2606 2586 2660 2640 in
2695 2584 3077 2639 criminalibus
3100 2581 3287 2636 causis
3315 2577 3645 2634 clericorum

2060 2679 2200 2736 inter
2232 2679 2442 2733 minora
2476 2677 2650 2732 oﬂicia
2678 2677 2832 2746 prius
2863 2681 3295 2731 connumeratus
3320 2711 3334 2736 ,
3365 2670 3431 2725 ad
3472 2669 3646 2738 maju-

2063 2787 2174 2826 retn
2206 2771 2437 2840 gradum
2482 2769 2550 2822 ab
2576 2767 2786 2823 Joanne
2819 2766 3100 2836 Xiphilino
3160 2763 3352 2818 fuisset
3400 2771 3646 2824 evectus,

2063 2865 2226 2934 idque
2249 2863 2559 2931 aliquorum
2576 2875 2864 2916 censuram
2889 2859 3237 2924 suscitasset,
3261 2857 3313 2909 in
3335 2869 3398 2908 ea
3422 2869 3650 2924 respon-

2060 2960 2216 3013 sione
2272 2955 2516 3012 Joaunes
2545 2955 2681 3008 Citri
2710 2952 3007 3022 episcopus
3037 2950 3239 3019 inquit,
3277 2948 3330 3001 id
3378 2946 3582 3017 optimc
3617 2961 3646 2998 a

2059 3049 2338 3120 Xiphilino
2351 3047 2522 3103 fuisse
2545 3047 2928 3108 constitutum,
2948 3052 3111 3113 atque
3130 3042 3195 3100 ad
3209 3058 3327 3096 eam
3343 3041 3650 3095 innovatio-

2058 3158 2182 3197 nem
2212 3141 2482 3196 Eustathii
2505 3139 2890 3193 auctoritatem
2920 3135 3243 3198 accessisse,
3276 3133 3371 3202 qui
3405 3130 3458 3184 id
3493 3145 3646 3184 sum.

2060 3249 2288 3304 mopere
2321 3231 2832 3287 commendaverat.
2868 3226 3072 3282 Verum
3105 3227 3208 3281 hoc
3253 3241 3361 3279 nou
3417 3221 3646 3288 evincit,

2059 3333 2121 3379 ut
2147 3324 2358 3379 Polites
2387 3323 2628 3389 censuit,
2661 3318 3019 3375 Eustathium
3046 3315 3331 3386 Xiphilino
3354 3312 3525 3369 fuisse
3551 3329 3648 3368 su-

2060 3417 2368 3488 perstitem,
2412 3425 2470 3471 et
2510 3429 2684 3483 usque
2715 3413 2782 3468 ad
2811 3410 3043 3467 Joannis
3069 3411 3216 3465 illius
3247 3408 3486 3479 episcopi
3512 3414 3649 3460 tctu-

2066 3525 2202 3580 pora
2236 3508 2588 3579 pervenisse;
2651 3506 2749 3561 sed
2797 3504 2983 3575 potius
3047 3501 3336 3572 Xiphiliuo
3391 3500 3520 3553 dum
3572 3500 3645 3552 ita

2061 3602 2376 3658 faciendqu
2415 3601 2686 3661 decrevit.
2745 3614 2908 3655 suum
2978 3597 3283 3666 praebuisse
3331 3608 3644 3648 assensum.

2063 3697 2221 3763 Quod
2252 3695 2479 3762 quidem
2517 3710 2579 3750 ex
2607 3695 2784 3764 ipsius
2817 3689 3283 3762 quoqueJoanuis
3317 3687 3497 3742 verbis
3527 3689 3646 3741 erui

2062 3805 2221 3860 posse
2238 3770 2488 3850 videtur";
2511 3787 2641 3841 dum
2661 3787 2808 3841 enim
2838 3783 3112 3838 Eustatltii
3141 3781 3409 3844 meminit,
3429 3796 3490 3833 ea
3518 3795 3652 3848 pra:-

2065 3884 2231 3939 mittit
2249 3881 2414 3938 verba
2441 3879 2536 3933 τοῦ
2577 3881 2635 3932 ἐν
2664 3879 2867 3946 ἁγίοις,
2898 3892 3019 3946 quae
3046 3891 3170 3929 eum
3195 3875 3309 3944 jam
3346 3875 3651 3928 decessisse

2066 3975 2333 4039 indicant,
2363 3973 2627 4042 quoniam
2675 3972 2877 4040 probos
2903 3976 3236 4038 sanctosque
3262 3969 3412 4022 viros
3447 3967 3498 4019 in
3521 3980 3652 4036 pare

2063 4065 2267 4119 Christi
2301 4065 2648 4134 quiescentes
2679 4064 2756 4116 ita
2780 4062 3114 4130 compellare
3159 4069 3578 4115 consueverant.

2137 4249 2229 4304 Vl.
2266 4248 2540 4304 Hactenus
2575 4247 2846 4317 Euthymii
2875 4247 3064 4300 laudes
3100 4243 3378 4313 prosecuti
3433 4256 3653 4305 sumus,

2070 4346 2164 4398 sed
2193 4339 2930 4410 faterioportetiGrzeeorum
2977 4336 3267 4394 schismati
3312 4333 3651 4389 adhaesisse:

2069 4437 2216 4506 quod
2237 4436 2586 4506 potissimum
2605 4440 2823 4488 constat
2837 4447 2901 4485 ex
2926 4431 3112 4487 libello
3131 4431 3219 4485 eui
3243 4430 3470 4484 titulus:
3501 4428 3656 4481 Κατὰ

2068 4529 2181 4582 τῶν
2233 4529 2333 4600 τῆς
2395 4528 2636 4592 παλαιᾶς
2679 4525 2924 4595 Ῥώμης,
2966 4527 3088 4594 ἦτοι
3129 4524 3240 4577 τῶν
3276 4522 3518 4585 Ἰταλῶν,
3572 4521 3654 4574 ὅτι

2070 4621 2173 4675 οὐκ
2212 4622 2278 4675 ὲκ
2320 4619 2418 4673 τοῦ
2469 4619 2601 4673 Υἱοῦ
2653 4617 3023 4687 ἐκπορεύεται
3085 4618 3147 4670 τὸ
3197 4616 3353 4683 ἅγιον
3407 4613 3652 4684 Πνεῦμα.

2073 4711 2334 4769 Adversus
2363 4710 2546 4766 Roma:
2587 4712 2777 4765 ueteris
2809 4711 2968 4774 cives,
3004 4710 3107 4763 sire
3138 4709 3330 4770 Italos,
3385 4706 3523 4777 quod
3551 4722 3655 4759 non

2069 4822 2135 4859 ex
2169 4803 2310 4857 Filio
2336 4804 2572 4872 procedit
2599 4801 2834 4872 Spirims
2867 4810 3108 4857 sanctus.
3143 4801 3252 4855 Leo
3281 4800 3512 4854 Allatius
3540 4797 3650 4863 (18)

2071 4898 2321 4969 pluribus
2353 4894 3123 4952 contenderatortltodoxiam
3179 4891 3456 4963 Euthymii
3493 4906 3649 4945 com-

2069 4993 2325 5061 probare,
2352 4989 2444 5044 sed
2474 4985 2768 5042 abJoanne
2791 4987 3036 5042 Aubcrto
3066 4986 3330 5050 monitus,
3364 4999 3423 5038 se
3453 4984 3653 5053 hujus-

2074 5084 2221 5140 ntodi
2264 5082 2510 5139 libellum
2550 5081 2602 5134 iu
2633 5081 2968 5136 bibliotheca
2994 5078 3291 5134 Parisiensi
3351 5077 3650 5140 invenisse,

2075 5192 2184 5232 non
2216 5191 2338 5230 esse
2375 5174 2614 5245 amplius
2637 5174 2944 5229 defensioni
2981 5173 3160 5227 locum
3189 5170 3371 5226 fassus
3428 5178 3534 5224 est.
3593 5168 3652 5225 ltt

2070 5283 2190 5324 eam
2208 5268 2534 5324 sententiam
2566 5266 2800 5322 Allatius
2818 5264 3203 5328 descenderat,
3227 5262 3370 5333 quod
3392 5263 3444 5316 in
3502 5261 3651 5316 edita

2071 5359 2348 5430 Pauoplize
2376 5359 2496 5414 Zini
2534 5361 2785 5416 versione
2809 5359 2946 5413 nihil
2969 5358 3252 5413 invenerat
3291 5356 3436 5427 quod
3461 5354 3653 5410 catho-

2146 5540 2261 5612 (i6)
2292 5540 2409 5612 Yicl.
2433 5541 2644 5596 Annam
2675 5540 2938 5612 Coronen.
2959 5539 3415 5612 Alea'deibJV,
3435 5556 3487 5604 ρ.
3518 5541 3640 5595 157.

2145 5609 2360 5688 ('17-)-In
2391 5612 2617 5688 [ξςαιίιιι.
2639 5613 2707 5664 ad
2725 5611 3016 5666 Comment.
3048 5611 3316 5664 [instat/iii
3347 5613 3401 5665 in
3427 5615 3643 5688 Homer.

2070 5696 2192 5751 WS-
2225 5681 2289 5734 16
2320 5691 2372 5732 ct
2409 5682 2492 5734 17,
3619 5685 3623 5688 ν

2070 5750 2359 5876 “agiagi
2389 5755 2610 5822 uti-inst].
2656 5750 2854 5808 (fec/es.
2894 5769 3130 5807 εοηδρηδ.
3160 5753 3254 5807 lib.
3288 5752 3522 5821 xuﬁcap.
3563 5753 3646 5820 l0,

2067 5837 2189 5894 pag.
2227 5837 2354 5876 οη.
