4130 6304
493 223 564 288 27
1815 227 2374 306 PROLEGOMENA
3665 244 3736 304 98

489 343 609 396 lica:
653 339 774 396 fidei
807 347 860 396 et
898 342 1106 398 Latinae
1139 343 1398 403 Ecclesire
1429 347 1857 420 adversaretur;
1890 356 1947 409 at
2009 348 2071 407 in

489 433 680 487 codice
733 432 943 498 Graeco,
975 452 1138 505 quem
1193 454 1356 508 supra
1425 441 1790 511 laudavimus,
1825 443 2072 502 Michae-

490 525 557 580 lis
584 526 848 593 Eneman,
875 539 1054 585 exstat
1091 532 1281 587 titulus
1357 551 1480 599 xm,
1521 536 1614 606 qui
1657 553 1718 594 ex
1754 538 1950 598 Photio
1971 540 2070 597 de-

491 629 716 690 cerptus
743 632 848 684 est,
880 632 1136 694 totusque
1176 636 1370 682 contra
1429 629 1710 686 Romanos
1760 637 2072 701 processio-

490 727 614 766 nem
647 713 884 784 Spiritus
917 720 1092 772 sancti
1119 735 1150 774 a
1175 719 1335 776 Patre
1352 731 1404 775 et
1434 721 1572 777 Filio
1595 734 1909 780 asserentes
1930 741 2067 781 con-

490 804 754 875 scriptus.
817 805 1058 875 ldipsum
1087 811 1364 867 invenitur
1398 812 1452 866 in
1489 813 1596 868 alio
1653 813 1821 869 etiam
1874 814 2068 871 codice

488 908 593 948 ms.
631 894 926 965 Panoplia',
959 899 1051 966 qui
1085 910 1262 955 exstat
1289 902 1342 956 in
1376 903 1705 959 bibliotheca
1740 904 1905 974 Regia
1962 906 2064 959 Pa-

490 984 736 1053 risiensi,
766 1005 918 1068 num.
943 991 1074 1045 1251
1098 1009 1114 1059 ;
1146 1002 1199 1046 et
1226 993 1355 1049 hinc
1383 1005 1625 1062 constat,
1652 999 1975 1068 praedictum
1999 997 2066 1052 li-

487 1077 689 1132 b‘ellum
745 1066 878 1134 nihil
931 1099 1052 1137 esse
1103 1084 1274 1152 aliud,
1302 1087 1405 1143 nisi
1457 1066 1678 1144 titulum
1728 1106 1822 1144 xm
1881 1090 2065 1145 Pano-

487 1169 612 1236 plizr.
643 1174 939 1241 separatim
985 1174 1346 1245 descriptum,
1383 1184 1500 1232 tum
1536 1183 1589 1234 in
1626 1181 1844 1237 duobus
1911 1183 2066 1238 codi-

488 1259 647 1313 cibus
685 1262 848 1331 regiis
882 1265 1017 1333 (19),
1073 1281 1307 1333 quorum
1368 1285 1511 1325 unus
1555 1269 1621 1323 ad
1669 1287 1866 1327 manus
1913 1272 2066 1327 venit

487 1350 736 1415 Auberti,
762 1363 873 1408 tum
908 1355 963 1410 in
1023 1358 1199 1413 tribus
1255 1358 1536 1417 Vaticanis
1567 1363 1703 1432 (20),
1738 1365 1828 1433 qui
1873 1378 2064 1421 omnes

489 1443 764 1498 miscellas
789 1448 1055 1514 quasdam
1082 1452 1358 1506 variorum
1391 1462 1781 1524 excerptorum
1809 1458 2055 1527 comple-

486 1547 732 1592 ctuntur.
796 1539 908 1596 Hoc
973 1543 1241 1616 Bigotium
1295 1548 1424 1601 olim
1481 1549 1939 1606 animadvertisse
1975 1559 2064 1605 te-

481 1641 669 1686 statur
699 1633 954 1702 epistola,
984 1652 1148 1706 quam
1203 1639 1256 1693 in
1317 1639 1653 1696 Bibliotheca
1710 1642 1898 1697 critica
1949 1643 2061 1713 (21)

481 1723 661 1780 edidit
699 1723 1065 1798 Saingiorius.
1095 1729 1368 1785 Praeterea
1408 1734 1574 1787 alimn
1609 1749 1826 1803 quoque
1852 1733 2063 1805 Euthy-

488 1816 583 1868 mii
617 1817 856 1872 libellum
892 1819 1157 1876 habemus
1189 1823 1241 1876 in
1278 1841 1379 1878 ms.
1406 1826 1597 1880 codice
1650 1825 1918 1884 Vaticano
1961 1827 2065 1881 Pa-

488 1908 661 1966 latino
688 1912 813 1977 361,
855 1915 908 1968 in
945 1930 1054 1985 quo
1090 1917 1181 1971 ille
1207 1920 1512 1983 contendit,
1567 1920 1842 1976 Christum
1869 1936 2065 1993 magna

485 2002 680 2071 quinta
731 2003 864 2060 feria
908 2023 1031 2061 cum
1068 2009 1356 2078 discipulis
1385 2013 1501 2066 suis
1538 2011 1707 2082 legale
1735 2013 1946 2069 Pascha
1970 2029 2062 2068 ce-

489 2095 775 2164 lebrasse;
829 2105 883 2153 et
907 2099 1037 2154 hinc
1059 2101 1408 2172 intelligitur,
1447 2119 1555 2157 non
1584 2107 1748 2159 modo
1782 2104 2064 2161 defensio-

487 2203 612 2244 nem
648 2194 960 2261 suscepisse
983 2202 1231 2250 errorum
1257 2195 1456 2260 Photii,
1485 2198 1582 2252 sed
1607 2200 1775 2254 etiam
1808 2215 2061 2255 errorum

488 2279 544 2334 in
576 2296 716 2349 quos
742 2283 933 2339 incidit
955 2285 1184 2342 Michael
1216 2288 1578 2344 Czerularius.
1617 2293 1699 2346 An
1732 2293 1818 2347 hic
1844 2307 2066 2362 quoque

486 2373 704 2430 libellus
739 2393 804 2430 ex
841 2377 1099 2445 Perreplia
1135 2393 1426 2452 excerptus
1457 2384 1552 2446 sit,
1590 2393 1740 2438 certo
1795 2382 2066 2440 allirmare

490 2481 600 2520 non
628 2469 827 2532 audeo,
861 2485 984 2524 cum
1017 2474 1290 2542 integrum
1324 2474 1391 2528 ad
1447 2492 1645 2530 manus
1671 2492 1780 2531 non
1833 2478 2063 2533 habeam

489 2555 739 2614 Grmcum
782 2573 988 2617 textum
1023 2565 1315 2635 Ρειιιοριίεο.
1359 2568 1614 2623 Attamen
1654 2572 1726 2624 ita
1758 2586 1880 2624 esse
1903 2571 2067 2624 vehe-

488 2661 703 2707 menter
732 2655 984 2722 suspicor
1034 2673 1098 2712 ex
1141 2673 1206 2710 eo
1271 2659 1416 2727 quod
1464 2662 1698 2730 scriptor
1756 2661 1981 2717 Graecus
2027 2678 2057 2715 a

488 2742 674 2800 Leone
700 2747 902 2803 Allatio
935 2749 1050 2818 (22)
1088 2751 1287 2806 citatus
1321 2764 1528 2818 narrat,
1556 2744 1804 2807 Alexium
1833 2755 2067 2810 Conme-

487 2852 618 2890 num
647 2827 925 2906 Zigabeno
955 2838 1265 2912 Joannique
1320 2842 1503 2898 Furno
1547 2847 1788 2914 jussisse
1828 2848 1892 2899 ὲκ
1924 2848 2062 2901 πάν-

488 2946 600 2982 των
625 2930 734 2982 τῶν
766 2930 926 2985 Θείων
975 2934 1175 3003 βίϐλων
1221 2936 1419 3004 λόγους
1486 2939 1871 3008 ἐρανισάμενοι
1920 2939 2064 2995 κατὰ

488 3021 598 3075 τῶν
620 3024 885 3093 αἱρέσεων
917 3026 1017 3098 τὴν
1038 3029 1376 3100 δαγματικὴν
1396 3031 1707 3085 Πανοπλίαν
1734 3032 2062 3099 συνέταξανο

489 3118 586 3168 καὶ
604 3119 728 3171 κατ’
757 3118 939 3173 αὐτῶν
970 3121 1035 3191 δὴ
1076 3121 1299 3175 Ἰταλῶν
1324 3123 1412 3178 διὰ
1441 3125 1541 3195 τὴν
1597 3126 1919 3197 προσθήκην
1970 3128 2065 3182 τοῦ

489 3208 650 3276 ἁγίου
673 3210 955 3281 Συμϐόλου
980 3214 1072 3266 καὶ
1103 3214 1172 3267 τὰ
1201 3216 1407 3285 ἄζυμα,
1435 3228 1489 3272 ut
1512 3234 1578 3272 ea:
1602 3222 1842 3275 omnibus
1873 3222 2066 3276 divinis

487 3304 885 3356 commentariis
953 3306 1238 3359 sententias
1299 3307 1600 3379 colligentes
1628 3323 1814 3364 contra
1846 3311 2066 3367 Irwreses

490 3389 847 3456 dogtnaticam
870 3389 1188 3458 Panopliam
1221 3409 1626 3464 componerent;
1661 3409 1708 3453 et
1739 3411 1926 3454 contra
1954 3419 2070 3456 eos-

489 3481 612 3535 dem
648 3483 818 3538 Italos
839 3497 1052 3554 propter
1076 3487 1400 3543 ndditiouem
1422 3490 1475 3543 in
1509 3508 1667 3545 sacro
1733 3491 1986 3562 Symbolo
2018 3506 2067 3549 et

493 3591 708 3646 azyma.
743 3577 899 3643 Quod
927 3581 974 3635 si
1003 3579 1071 3636 de
1096 3584 1308 3652 azymis
1335 3581 1664 3656 Euthymius
1698 3588 1752 3640 in
1805 3587 2068 3657 Panoplia

493 3670 739 3740 scripsit,
772 3670 978 3726 frustra
1009 3689 1142 3727 sane
1165 3673 1277 3730 Leo
1303 3676 1538 3751 Allatius
1566 3679 1680 3748 (23)
1721 3682 1962 3734 asseruit
2003 3698 2072 3735 ex

497 3761 604 3815 hoc
629 3763 810 3832 capite
843 3765 1048 3818 erroris
1087 3765 1240 3834 argui
1314 3766 1664 3839 Euthymiurn
1723 3785 1830 3823 non
1887 3786 2071 3840 posse,

492 3857 623 3925 quia
647 3855 1001 3924 adiaphoram
1021 3861 1378 3927 quaestionem
1405 3868 1730 3929 prosecutus
1752 3871 1922 3917 esset.
1937 3862 2072 3918 Cum

491 3948 644 4002 enim
677 3947 994 4017 Panopliam
1023 3950 1090 4004 ad
1112 3950 1478 4006 confutandas
1499 3952 1781 4008 barretieas
1815 3956 2075 4024 quaestio-

492 4058 597 4098 nes
636 4043 969 4106 cxnraverit,
1003 4043 1296 4100 manifesto
1325 4047 1512 4101 statim
1553 4050 1707 4116 argui
1736 4059 1942 4118 potest,
1967 4050 2071 4105 La-

495 4136 738 4188 tinorum
779 4134 1135 4200 sententiam,
1169 4144 1224 4189 et
1250 4136 1413 4190 ritum
1445 4137 1518 4190 ita
1578 4154 1949 4210 oppugnasse,
2013 4151 2073 4196 ut

495 4224 646 4281 illam
669 4224 944 4281 haereseos
984 4227 1406 4294 insimulaverit,
1439 4239 1492 4283 et
1553 4230 1696 4285 hunc
1742 4233 1905 4285 modo
1959 4249 2068 4287 non

497 4319 778 4386 illicitum,
806 4320 905 4375 sed
942 4321 1110 4374 etiam
1149 4321 1230 4374 uti
1266 4321 1568 4376 invalidum
1599 4332 1653 4376 et
1687 4323 1896 4378 nullum
1931 4324 2072 4392 reje-

488 4413 676 4477 rcerit;
710 4414 762 4466 in
794 4427 904 4481 quo
940 4414 1213 4481 prreeipue
1281 4412 1509 4468 Michael
1546 4413 1880 4470 Cazrularius
1923 4415 2076 4485 ejus-

495 4516 604 4570 que
633 4510 936 4558 sectatores
955 4517 985 4555 a
1011 4513 1164 4558 recta
1195 4502 1297 4558 fide
1327 4502 1679 4570 aberrabant,
1721 4514 1775 4559 et
1799 4506 1870 4560 ob
1908 4521 2073 4576 quam

497 4594 846 4667 potissimum
874 4610 1091 4650 causam
1123 4595 1225 4651 eos
1244 4593 1354 4651 Leo
1393 4593 1467 4649 rx
1495 4595 1747 4654 Pontifex
1800 4597 2076 4654 refutave-

499 4694 586 4742 rat
637 4693 803 4757 atque
839 4686 1216 4743 damnaverat.

567 4826 685 4883 VII.
714 4826 834 4884 Jam
862 4843 1016 4894 vero,
1045 4837 1108 4884 ut
1130 4828 1196 4883 ad
1226 4827 1580 4899 opusculum,
1603 4829 1748 4897 quod
1776 4831 1938 4884 modo
1959 4830 2079 4883 vul-

493 4920 739 4992 gandum
775 4923 1186 4994 est,'proprius'
1217 4921 1505 4986 accedam,
1541 4919 1865 4992 Euthymius
1883 4932 2076 4976 contra

576 5152 689 5218 (19)
712 5152 847 5207 Cod.
887 5153 1045 5214 13'“,
1071 5170 1124 5208 ιι.
1155 5153 1246 5216 21,
1282 5161 1337 5205 et
1363 5151 1498 5208 Cod.
1545 5151 1709 5215 2782,
1745 5167 1898 5205 ntnn.
1930 5152 1982 5206 5.

577 5153 690 5282 (19)
712 5153 847 5207 Cod.
887 5153 1045 5214 13'“,
1071 5170 1124 5208 ιι.
1155 5153 1246 5216 21,
1282 5161 1337 5205 et
1363 5153 1498 5208 Cod.
1545 5153 1709 5215 2782,
1745 5167 1898 5205 num.
1930 5153 1982 5206 5.

577 5224 669 5291 (20
727 5223 863 5277 Cod.
899 5224 1022 5282 579.
1064 5241 1186 5293 pag.
1220 5224 1370 5287 189..
1393 5223 1530 5278 Cod.
1559 5224 1825 5293 680,pag.
1849 5223 1975 5287 458,
2025 5233 2081 5278 et

504 5293 646 5351 Cod.
693 5295 816 5357 717,
854 5310 975 5362 pag.
1003 5295 1126 5349 199.

579 5364 692 5430 (21)
735 5365 891 5418 Tum.
918 5363 1004 5427 lll,
1038 5381 1157 5431 cap.
1189 5363 1279 5427 21,
1306 5380 1430 5434 pag.
1466 5363 1556 5418 97.

576 5435 791 5559 (222541;:
813 5436 1087 5505 utriusque
1110 5433 1317 5489 Eccles.
1337 5451 1579 5491 consens.
1607 5434 1705 5500 lib,
1729 5450 1808 5500 ιιι,
1836 5448 1958 5503 cap.
1988 5433 2076 5498 10,

582 5521 631 5559 2.
781 5545 794 5559 .

549 5521 631 5570 ag.
667 5521 794 5559 eeo.

506 5524 631 5578 pag.
667 5524 794 5559 eeo.

582 5576 693 5645 (25)
726 5575 797 5646 De
822 5593 1088 5641 consens.,
1113 5593 1166 5646 p.
1199 5576 1323 5631 462.

586 5647 697 5718 (24)
730 5645 983 5718 Insignia
1034 5645 1274 5700 itineror.
1313 5647 1488 5702 Italic.
1538 5663 1660 5718 pag.
1701 5648 1800 5702 106
1832 5655 1885 5702 ct
1924 5660 2075 5713 seqq.

586 5717 701 5787 (25)
726 5715 894 5774 Tom:
915 5715 1002 5782 lll,
1030 5735 1150 5787 pag.
1190 5719 1250 5771 71
1270 5765 1281 5774 .

2171 352 2482 424 Bogomilos
2526 358 2658 414 illud
2687 358 3040 414 concinnavit
3069 373 3301 429 quoruru
3361 357 3608 412 hatresim
3633 360 3741 411 alio

2163 463 2387 520 quoque
2426 451 2690 522 singulari
2725 452 2994 521 opusrulo
3057 453 3362 507 insectatus
3422 461 3529 512 cst.
3590 453 3737 520 quod

2161 538 2436 613 integrum
2471 543 2659 599 Graece
2689 556 2745 598 et
2788 541 2981 597 Latine
3027 542 3374 609 eruditisque
3438 541 3580 594 notis
3638 557 3739 592 au-

2164 641 2312 691 ctum
2337 644 2390 691 et
2423 636 2758 692 illustratum
2795 654 2857 691 ex
2885 635 3076 690 codice
3104 632 3520 688 Vindobonensi
3546 633 3599 684 iu
3629 648 3738 700 quo

2163 728 2316 784 velut
2364 730 2635 800 appendix
2689 728 2962 797 Pauopliae
3020 729 3242 798 legitur,
3285 726 3457 781 edidit
3498 724 3740 780 Iacobus

2162 821 2373 877 Tollius
2412 822 2554 894 (21).
2595 823 2929 894 lnscriptum
2961 829 3078 878 est:
3121 819 3383 886 Victoria,
3413 836 3510 873 seu
3547 820 3744 872 trium-

2161 915 2294 982 phus
2325 916 2391 969 de
2419 917 2581 985 impia
2621 915 3074 970 Massalianorum
3099 923 3264 978 secto,
3302 913 3428 982 quia
3461 913 3513 965 in
3540 928 3605 966 eo
3630 927 3741 964 non

2165 1009 2446 1064 rationum
2479 1011 2775 1064 momentis
2810 1010 3220 1080 Bogomilorum
3275 1021 3496 1062 errores
3558 1005 3744 1059 disru-

2166 1101 2380 1158 tiuntur
2421 1118 2486 1157 ac
2514 1103 2844 1165 refutantur.
2878 1104 2972 1158 sed
3001 1102 3228 1170 singuli,
3251 1102 3328 1156 uti
3355 1100 3468 1170 jam
3499 1097 3744 1160 refutati,

2167 1194 2727 1250 anathematizantur.
2761 1196 3024 1250 Codicem
3065 1194 3219 1248 illum
3253 1192 3741 1249 Vindobonensem

2162 1281 2275 1354 jam
2302 1283 2671 1355 descripserat
2693 1285 3017 1340 Lambecius
3045 1285 3180 1355 (25),
3209 1295 3264 1339 et
3283 1283 3599 1352 speciminis
3624 1282 3748 1335 loco

2165 1380 2380 1448 primos
2441 1389 2555 1434 tres
2622 1379 3116 1434 anathematismos
3172 1378 3513 1447 vulgaverat.
3598 1374 3746 1428 Idem

2167 1471 2498 1527 Lambecius
2526 1473 2641 1541 (26)
2675 1488 2774 1528 nos
2805 1471 2967 1526 docet
3011 1472 3064 1525 in
3099 1471 3440 1526 bibliotheca
3468 1469 3749 1524 Viudobo-

2173 1563 2328 1618 neusi
2386 1563 2598 1634 aliquas
2664 1565 2830 1618 etiam
2895 1562 3195 1633 rcperiisse
3255 1562 3521 1631 epistolas
3556 1569 3750 1614 contra

2169 1655 2653 1728 Plrundagiagitas.
2683 1673 2778 1712 seu
2808 1657 3118 1728 Bogomilos
3133 1657 3498 1732 conscriptas,
3520 1656 3750 1711 missas-

2165 1763 2271 1817 que
2293 1764 2322 1802 a
2351 1751 2681 1805 monasterio
2716 1751 3034 1820 Peribleptze
3060 1752 3114 1805 in
3146 1751 3376 1820 patriam
3406 1766 3585 1813 suam,
3610 1767 3753 1817 qua-

2169 1856 2288 1893 rum
2319 1843 2672 1911 epigraphem
2706 1843 2914 1899 Tollius
2949 1843 3137 1900 Graece
3171 1847 3366 1898 recitat
3403 1858 3528 1897 cum
3556 1843 3750 1899 Latina

2167 1935 2440 1997 versione,
2489 1935 2540 1988 in
2588 1951 2698 2005 qua
2748 1937 2916 1992 verba
2975 1937 3072 2005 τῆς
3120 1938 3292 2007 μονῆς
3336 1939 3438 2008 τῆς
3491 1937 3758 2007 Περιὸλέ-

2169 2042 2306 2078 πτου
2340 2025 2570 2081 illustris
2606 2026 2834 2083 σωριοὸἱὶ
2862 2027 3056 2082 Latine
3085 2029 3326 2084 reddidit
3353 2046 3369 2094 ;
3398 2028 3494 2084 sed
3541 2031 3751 2087 rectius

2167 2133 2300 2174 sane
2332 2117 2658 2172 reddidisset
2689 2120 2908 2173 ρωποι)ὶὶ
2951 2118 3285 2190 Ρετὶὁιερτω,
3310 2122 3454 2175 hanc
3508 2120 3752 2177 Grtecam

2166 2224 2353 2263 vocem
2372 2210 2630 2265 intactam
2657 2211 2992 2283 relinquens,
3015 2212 3141 2282 quia
3165 2221 3249 2267 est
3266 2213 3431 2268 veluti
3450 2220 3751 2284 cognomen

2169 2303 2316 2357 illius
2359 2304 2620 2365 coenobii,
2662 2319 2774 2372 quo
2839 2306 3136 2360 utebantur
3193 2315 3453 2376 tanquam
3510 2308 3754 2376 epitheto

2170 2391 2413 2461 Virginis
2438 2393 2709 2463 Deiparae,
2733 2397 2822 2450 cui
2853 2397 3166 2450 coenobium
3195 2397 3301 2451 hoc
3356 2406 3474 2452 erat
3528 2398 3752 2453 dedica-

2169 2490 2306 2543 turn,
2339 2490 2397 2535 ut
2429 2482 2495 2534 ab
2521 2482 2644 2534 aliis
2673 2498 2793 2549 qua:
2819 2493 2981 2537 erant
3033 2484 3540 2553 Constantinopoli,
3564 2501 3757 2541 emno-

2167 2572 2274 2627 biis
2305 2587 2368 2625 ac
2386 2573 2600 2642 templis
2627 2573 3063 2645 eidemDeipara:
3092 2577 3268 2630 sacris
3297 2575 3753 2645 distingueretur.

2238 2705 2376 2761 Vlll.
2409 2707 2509 2774 Qui
2539 2708 2740 2763 fuerint
2764 2711 3174 2780 Bogomilorum
3201 2729 3446 2779 errores,
3481 2730 3745 2770 necessa-

2168 2802 2309 2854 rium
2376 2816 2485 2856 non
2542 2813 2622 2858 est
2685 2804 2774 2857 hic
2835 2820 3133 2874 exponere,
3168 2807 3432 2876 quoniam
3458 2809 3541 2862 vel
3580 2810 3752 2867 exiis
3795 2801 3801 2806 ‘

2170 2893 2370 2954 solum,
2399 2895 2593 2962 quaein
2625 2895 2729 2949 hoc
2756 2895 2940 2950 libello
2970 2905 3159 2951 narrat
3206 2897 3558 2968 Euthymius,
3612 2903 3752 2957 satis

2171 2986 2550 3041 innotescunt.
2609 2988 3047 3058 Appellabantur
3105 2997 3290 3044 autem
3361 2990 3627 3062 Bogomili
3686 3009 3754 3048 ex

2170 3093 2301 3131 voce
2343 3078 2469 3150 Bog,
2501 3095 2624 3150 quae
2658 3079 3016 3153 Bulgarorum
3047 3083 3234 3154 lingua
3262 3083 3535 3155 signiﬁcat
3566 3085 3754 3152 Deum,

2170 3178 2224 3224 et
2254 3186 2387 3224 voce
2422 3171 2629 3237 omilui,
2661 3188 2770 3241 quo
2794 3173 2965 3228 verbo
2995 3173 3138 3243 apud
3170 3175 3393 3229 eosdem
3419 3175 3753 3243 exprimitur

2171 3265 2437 3330 miserere,
2495 3267 2651 3333 quasi
2691 3264 2769 3319 illi
2813 3273 3000 3320 essent
3032 3267 3126 3336 qui
3179 3265 3273 3320 Dei
3311 3268 3752 3322 misericordiam

2171 3355 2540 3422 implorabant
2574 3355 2713 3428 (27).
2752 3355 2918 3411 Iidem
2945 3355 3215 3424 Bogomili
3244 3355 3382 3412 dicti
3413 3367 3542 3412 sunt
3578 3358 3748 3411 etiam

2172 3445 2586 3517 Pbundagiatze.
2644 3448 2727 3502 vel
2789 3447 3114 3502 Phundaitas
3171 3464 3237 3502 ex
3293 3464 3379 3512 eo,
3440 3457 3498 3502 ut
3531 3450 3761 3516 coniicit

2172 3539 2476 3593 Cotelerius
2540 3540 2693 3608 (28),
2745 3539 2893 3610 quod
2966 3542 3241 3610 marsupia
3299 3539 3367 3594 ad
3422 3541 3762 3610 colligendas

2176 3631 2559 3701 eleemosynas
2607 3633 2906 3700 gerebant:
2937 3632 3142 3702 φοῠνδα
3173 3633 3321 3688 enim
3355 3634 3498 3704 apud
3534 3633 3760 3690 ϐιαιως

2175 3725 2447 3794 sequioris
2497 3725 2596 3778 τενὶ
2628 3726 2929 3795 scriptores
2971 3741 3070 3795 pro
3122 3725 3408 3794 marsupio
3457 3727 3760 3781 indicando

2175 3819 2473 3887 reperitur.
2504 3817 2777 3874 Praeterea
2823 3819 2951 3874 aliis
2986 3820 3150 3874 etiam
3198 3819 3517 3874 nominibus
3553 3820 3762 3874 distin-

2177 3909 2514 3979 guebantur,
2556 3924 2685 3963 nam
2714 3917 2771 3964 et
2807 3909 3150 3972 Massaliani,
3180 3918 3236 3964 et
3273 3907 3544 3975 Euchitae,
3569 3917 3624 3965 et
3653 3906 3768 3962 En-

2178 4003 2485 4067 thusiastae,
2523 4010 2577 4058 et
2611 4001 2931 4066 Eneratitae,
2965 4010 3022 4056 et
3046 4000 3391 4056 Marcionita:
3413 4001 3763 4068 dicebantur,

2179 4103 2244 4150 ut
2272 4111 2338 4151 ex
2362 4096 2551 4149 eodem
2588 4091 2882 4165 Euthymio
2911 4101 3127 4149 coastat
3160 4111 3173 4147 :
3204 4109 3326 4163 qua:
3359 4094 3542 4147 omnia
3584 4093 3766 4165 Bego-

2182 4188 2437 4243 rnilorum
2502 4188 2724 4243 nomina
2775 4187 2990 4257 prolixe
3025 4185 3321 4241 admodum
3373 4195 3429 4240 et
3463 4186 3680 4241 erudite
3711 4187 3766 4241 in

2181 4281 2633 4336 adnotationibus
2658 4280 2774 4335 suis
2816 4279 3028 4334 Tollius
3065 4279 3183 4349 (29)
3219 4280 3498 4348 exposuit.
3552 4279 3620 4334 At
3653 4293 3767 4348 pra:

2181 4375 2394 4429 caeteris
2434 4380 2626 4426 notatu
2666 4371 2893 4441 dignum
2924 4381 3014 4428 est
3063 4386 3302 4434 nomen,
3355 4372 3505 4440 quod
3558 4369 3768 4440 Euthy¢

2182 4467 2329 4521 mius
2363 4466 2417 4519 in
2447 4465 2550 4519 hoc
2620 4465 2893 4534 opusculo
2925 4464 3127 4519 asserit
3174 4463 3490 4532 Bogomilos
3515 4463 3622 4518 sibi
3668 4464 3769 4516 tri-

2183 4559 2392 4621 buisse,
2458 4573 2653 4627 nempe
2705 4557 3140 4625 Christopolitas,
3173 4572 3270 4612 seu
3330 4556 3530 4612 Christi
3585 4555 3765 4618 circa;

2189 4651 2295 4706 hoc
2321 4652 2468 4706 enim
2505 4651 2749 4712 nomine.
2780 4665 2892 4719 quo
2923 4649 3218 4722 specialem
3263 4662 3392 4718 erga
3438 4661 3535 4703 eos
3557 4647 3764 4703 Christi

2186 4742 2536 4796 dilectionem
2593 4742 2973 4803 ostentabant,
3028 4737 3295 4810 appellari
3321 4737 3661 4809 gaudebant.
3702 4745 3766 4792 ut

2187 4833 2403 4888 facilius
2469 4833 2836 4902 simpliciores
2876 4833 2929 4887 in
2963 4845 3158 4888 eorum
3198 4844 3417 4885 errores
3476 4828 3766 4900 pertrahe-

2187 4932 2310 4980 rent
2341 4923 2476 4992 (50).
2511 4925 2691 4992 Atque.
2731 4922 2980 4978 eamdem
3007 4923 3171 4976 etiam
3199 4921 3270 4975 ob
3314 4935 3544 4977 causam
3581 4935 3770 4976 mona-

2256 5153 2527 5218 (26)Τ‹ιιιι.
2564 5153 2627 5214 ν,
2657 5168 2758 5223 pag
2807 5153 2897 5216 58,
2935 5152 3061 5223 12Ἰ2
3091 5152 3218 5206 154.
3417 5221 3447 5223 Μ
3571 5221 3579 5223 _
3708 5221 3717 5223 _
3751 5192 3755 5196 .

2253 5226 2366 5295 (27)
2399 5223 2522 5278 Vid.
2563 5220 2982 5295 cl.'Pr'aasrrletn
3037 5220 3374 5295 Stephanum
3417 5221 3762 5295 porgiamin

2182 5292 2474 5351 Comment.
2515 5295 2578 5347 de
2608 5293 2776 5348 Cruce
2827 5293 2995 5347 l’alic.
3020 5308 3140 5361 cap.
3183 5293 3232 5351 7,
3265 5309 3385 5360 pag.
3416 5292 3504 5345 79.
3547 5292 3762 5360 adn.(b)

2253 5366 2345 5423 (28
2397 5364 2451 5416 lu
2506 5369 2650 5418 notis
2703 5366 2767 5416 ad
2815 5379 2938 5433 pag.
2973 5363 3097 5423 Ml.
3155 5373 3287 5416 tom.
3334 5363 3373 5426 l,
3430 5362 3762 5419 Monumeut.

2183 5435 2359 5490 Crrec.

2264 5505 2376 5575 (‘29)
2412 5503 2653 5571 Insignia
2693 5505 2868 5575 itiner.
2901 5503 3031 5557 Ital.
3069 5519 3190 5574 pag.
3225 5505 3345 5565 110,
3380 5509 3441 5575 et
3471 5518 3621 5571 seqq.

2264 5573 2376 5642 (ὅθι
2411 5575 2647 5638 Consule
2672 5574 3100 5636 aduotationmu,
3136 5590 3297 5640 quam
3327 5575 3394 5627 ad
3433 5573 3533 5628 hoc
3568 5587 3765 5627 nomen

2193 5641 2449 5716 apposuit
2481 5641 2710 5709 'l‘ollius,
2748 5660 2868 5717 pag.
2904 5645 3027 5712 122,
3063 5660 3212 5698 num.
3253 5644 3336 5696 12.
