4050 6278
341 313 408 377 29
1663 335 2252 396 PROLEGOMENA.
3510 340 3582 398 ao

340 435 528 490 sticam
568 435 727 488 vitam
762 436 1183 503 profitebantur,
1220 447 1537 516 tantan‘que
1590 449 1903 503 sanctitatis

339 526 569 595 speciem
595 528 837 583 exterius
866 530 1220 594 siumlabant,
1260 544 1317 590 ut
1356 539 1514 608 quasi
1568 542 1748 595 omnis
1779 558 1902 610 per-

338 616 586 670 fectionis
617 618 856 674 cultores
880 619 1216 676 viderentur.
1248 623 1397 680 llanc
1435 645 1623 685 eorum
1662 632 1783 685 rita).
1812 646 1901 683 ra-

339 711 535 764 tionem
592 711 658 764 ad
714 712 897 766 vivum
939 724 994 767 et
1053 715 1330 784 eleganter
1363 720 1630 776 describit
1687 725 1902 777 oculata

339 801 494 855 testis
542 800 696 855 Anna
767 803 1043 858 Comuena
1109 806 1242 876 (5i),
1286 812 1448 882 cujus
1493 823 1676 869 tamen
1740 815 1904 869 verba

337 893 495 945 modo
517 893 605 948 hic
644 894 981 958 all‘erre,non
1020 909 1199 955 vacat.

405 983 915 1054 lX.‘lnquireudum
943 999 1028 1044 est
1049 993 1230 1061 potius
1272 996 1545 1063 quomodo
1594 996 1757 1065 impia
1805 995 1905 1050 Bo-

335 1079 658 1144 gomilorum
716 1083 970 1150 dogmata
1023 1084 1340 1157 Peribleptm
1376 1090 1907 1147 monachosinfece-

334 1172 458 1224 rint.
503 1173 769 1241 Equidem
823 1177 876 1230 in
913 1193 973 1231 ea
1001 1194 1122 1233 sum
1162 1181 1455 1243 sententia,
1504 1181 1821 1253 Bogomilos
1850 1185 1904 1238 in

334 1280 498 1318 unum
525 1267 805 1335 quoddam
863 1270 1147 1342 collegium
1208 1275 1500 1337 coaluisse,
1551 1277 1601 1329 in
1643 1293 1754 1345 quo
1788 1292 1902 1330 mo-

336 1360 602 1413 nasticum
666 1361 792 1416 vitae
860 1363 1173 1420 institutum
1254 1369 1496 1436 profiteri
1555 1370 1901 1426 simularent.

331 1451 563 1506 Causam
597 1470 700 1508 cur
738 1456 811 1508 ita
871 1460 1220 1513 sentiendum
1247 1463 1503 1532 suspicor
1537 1464 1737 1532 przvbct
1769 1465 1900 1518 mihi

331 1544 566 1612 primum
595 1547 1112 1620 Christopolitarnm
1156 1572 1374 1620 nomen,
1409 1556 1552 1626 quod
1595 1573 1782 1612 eorum
1812 1573 1904 1611 so-

330 1635 518 1691 cietati
572 1641 856 1709 fecerunt;
906 1661 969 1699 ar
1025 1647 1227 1702 deinde
1271 1651 1439 1702 Annae
1472 1650 1899 1721 (Iottmena3('5‘2)

330 1732 597 1796 narratio,
657 1736 951 1792 scribentis
1015 1737 1278 1794 nisilittm
1327 1758 1475 1797 nova:
1532 1743 1694 1807 huius
1739 1753 1902 1798 secta:

330 1830 612 1877 auctorem
669 1826 959 1883 duodecim
1014 1831 1116 1886 sihi
1171 1832 1479 1904 discipulos
1537 1837 1899 1904 adjunxisse,

328 1928 465 1982 quos
489 1925 544 1968 et
567 1920 869 1983 apostolos,
905 1924 969 1976 al
999 1922 1228 1980 Manetis
1274 1927 1609 1996 exemplum,
1648 1929 1903 1982 nomina-

327 2014 502 2059 verat.
542 2006 616 2061 Ει
642 2009 745 2064 hac
815 2013 960 2067 enim
1011 2017 1329 2070 narratione
1364 2021 1550 2073 statim
1584 2019 1734 2074 subit
1781 2022 1900 2088 opi-

326 2099 441 2163 nio,
465 2116 560 2156 eos
587 2117 693 2157 non
727 2119 1071 2163 communem
1100 2124 1224 2163 cum
1254 2111 1378 2166 aliis
1413 2111 1696 2164 monachis
1738 2111 1902 2164 vitam

327 2195 532 2265 egisse,
563 2197 656 2250 sed
694 2198 837 2252 inter
872 2216 930 2254 se
963 2208 1178 2255 tantum
1211 2203 1402 2258 iniisse
1433 2206 1791 2269 societatem,-
1840 2220 1904 2258 eo

327 2288 507 2356 magis
571 2292 717 2360 quod
770 2294 1036 2362 quasdam
1075 2299 1237 2350 etiam
1285 2296 1590 2366 discipulus
1633 2299 1700 2352 iis
1732 2298 1903 2353 fuisse

327 2379 605 2438 immistas
641 2385 711 2438 ab
744 2386 934 2440 eadem
987 2387 1138 2443 Anna
1185 2389 1506 2444 allirmatur.
1547 2392 1614 2445 At
1645 2407 1769 2444 vero
1805 2406 1902 2459 pa-

328 2473 532 2529 tefacta
563 2476 784 2530 demum
816 2478 1218 2546 Bogomilorum
1272 2483 1465 2537 haeresi
1507 2499 1570 2536 ac
1603 2483 1903 2554 hypocrisi,

326 2576 380 2621 et
420 2566 648 2634 Basilio,
684 2571 845 2639 jussu
892 2571 1068 2626 Alexii
1104 2573 1393 2640 Comueni,
1440 2577 1491 2629 in
1531 2577 1904 2645 llippodromo

325 2662 490 2732 regia:
553 2664 705 2718 urbis
750 2675 968 2731 exusto,
1025 2667 1188 2737 impia
1219 2667 1335 2724 hate
1369 2671 1607 2725 societas
1637 2671 1904 2726 dissoluta

326 2763 411 2808 est
445 2770 513 2810 ac
537 2755 806 2822 dispersa.
840 2759 1070 2829 ejusque
1103 2777 1320 2817 errores
1354 2764 1620 2819 damnati.
1650 2768 1904 2822 Attamen

326 2847 493 2902 sicuti
515 2849 766 2916 quotidie
795 2853 1088 2907 usuvenire
1105 2856 1504 2924 conspicimus.
1534 2870 1590 2912 ut
1613 2859 1657 2914 si
1685 2862 1907 2930 quando

325 2953 486 2992 error
517 2940 716 3003 aliquis
754 2946 919 2997 menti
952 2945 1257 3015 eujuspiam
1295 2948 1575 3014 insederit,
1609 2966 1713 3004 non
1752 2953 1907 3008 facile

326 3032 555 3087 animus
587 3033 655 3086 ab
685 3049 751 3088 eo
784 3035 1117 3098 retrahitur.
1146 3038 1219 3094 ita
1255 3038 1322 3093 de
1351 3039 1647 3112 Bogomilis
1689 3043 1906 3100 accidit.

327 3119 464 3177 Nam
499 3140 596 3178 sex
643 3134 697 3179 et
726 3125 916 3194 viginti
951 3142 1122 3183 annos
1169 3138 1457 3199 postquam
1490 3147 1680 3186 eorum
1735 3135 1909 3190 haere-

325 3215 407 3269 sis
439 3216 706 3270 damnata
737 3217 936 3283 fuerat,
969 3219 1148 3290 Nipho
1176 3223 1394 3292 quidam
1425 3227 1731 3282 monachus
1754 3229 1904 3282 illam

324 3322 531 3363 rursus
572 3308 834 3364 innovare
859 3310 972 3378 jam
1005 3319 1271 3383 coeperat,
1309 3330 1417 3370 non
1453 3319 1641 3386 paucis
1670 3319 1721 3373 in
1752 3336 1908 3375 suam

323 3403 664 3457 sententiam
698 3405 1008 3472 pertractis.
1040 3405 1199 3471 Quod
1249 3423 1372 3462 cum
1399 3409 1639 3465 delatum
1670 3425 1816 3468 esset
1841 3414 1910 3468 ad

321 3488 637 3546 Manuelem
698 3495 1035 3548 (Jomnenum
1070 3535 1088 3561 ,
1125 3497 1300 3551 Alexii
1367 3498 1388 3552 1
1434 3516 1498 3553 ex
1553 3499 1660 3552 filio
1703 3500 1912 3559 Joanne

323 3592 616 3653 nepotem,
651 3585 742 3653 qui
792 3594 924 3640 tunc
968 3587 1296 3657 imperabat,
1330 3590 1600 3661 synodum
1634 3591 1906 3650 Constan-

320 3675 562 3744 tinopoli
624 3676 744 3746 cogi
803 3675 990 3745 jussit,
1023 3686 1081 3731 ut
1107 3677 1378 3749 Niphonis
1405 3696 1570 3733 causa
1605 3682 1911 3738 discutere-

321 3775 438 3822 tur.
478 3767 827 3835 Congregata
855 3783 918 3824 ea
950 3769 1192 3840 synodus
1223 3768 1327 3824 fuit
1365 3786 1510 3825 anno
1547 3771 1702 3833 1144.
1733 3771 1910 3839 pridie

319 3857 456 3912 ldus
486 3855 773 3918 Octobris,
822 3858 875 3911 in
925 3857 1214 3913 Thomaite
1260 3873 1355 3914 seu
1405 3860 1752 3931 patriarchali
1814 3861 1914 3915 tri-

319 3949 521 4011 clinio,
583 3947 913 4017 prmsidente
973 3946 1235 4004 Michaele
1261 3947 1421 4005 Oxita
1469 3953 1811 4021 patriarcha,
1847 3971 1910 4008 ac

322 4040 586 4095 Matiuelc
638 4041 924 4095 Comneno
971 4043 1324 4111 imperatore,
1383 4043 1743 4114 pluribusque
1792 4049 1912 4116 epi-

321 4133 516 4200 sc0pis
559 4140 613 4185 et
665 4132 1024 4199 optimatibus
1064 4134 1460 4200 assidentibus,
1515 4140 1606 4206 qui
1643 4141 1910 4194 accersito

323 4223 606 4293 Niphone,
658 4233 711 4278 et
761 4225 825 4278 de
879 4225 1000 4294 ejus
1055 4227 1347 4282 sententiis
1399 4230 1724 4297 perquisito,
1785 4247 1910 4286 cum

320 4317 468 4372 male
496 4332 628 4370 eum
670 4316 723 4370 in
781 4315 886 4371 fide
941 4318 1142 4372 sentire
1173 4319 1684 4387 deprehendissent,
1716 4322 1767 4375 in
1801 4337 1906 4376 mo-

321 4410 639 4464 nastcrium
694 4409 1015 4478 Perihlepta:
1069 4411 1287 4464 interim
1352 4413 1705 4481 relegandum
1776 4431 1910 4470 cena

322 4516 512 4564 suere,
551 4510 835 4555 monentes
879 4502 1152 4562 abbatem,
1190 4511 1531 4573 casterosque
1582 4508 1908 4571 monachos,

323 4596 382 4640 ut
409 4603 596 4657 neque
630 4588 733 4655 ipsi
767 4603 890 4643 cum
919 4604 984 4643 eo
1027 4590 1493 4658 colloquerentur,
1528 4610 1706 4665 neque
1735 4597 1909 4658 cuivis

320 4689 481 4734 cura
519 4680 914 4734 monasterium
947 4681 1160 4753 degenti
1203 4683 1269 4737 ad
1295 4699 1419 4739 eum
1459 4686 1642 4740 aditus
1680 4691 1911 4758 permit-

325 4779 531 4827 terent.
566 4773 671 4826 lies
704 4781 884 4827 tamen
921 4789 1029 4827 non
1060 4777 1226 4830 cessit
1253 4792 1316 4829 ex
1351 4786 1500 4832 voto.
1539 4778 1711 4848 Nipho
1739 4783 1908 4846 enim,

323 4875 551 4932 arrepta
575 4866 884 4930 occasiOne,
919 4881 1042 4920 cum
1066 4869 1398 4936 quibusdam
1432 4870 1756 4942 Peribleptze
1798 4892 1912 4931 uto-

325 4957 529 5010 nachis
556 4955 814 5023 paulatim
847 4958 1015 5025 cmpit
1067 4958 1359 5014 instituere
1388 4961 1687 5031 colloquia,
1717 4973 1769 5018 et
1800 4965 1911 5020 hae-

327 5060 523 5101 reseos
555 5061 669 5100 sua:
697 5046 850 5100 virus
881 5048 960 5101 eis
991 5049 1325 5117 propinare;
1353 5050 1422 5104 ob
1451 5066 1617 5121 quam
1675 5069 1898 5108 causam

327 5139 581 5207 ejusdem
605 5139 799 5210 synodi
826 5137 1035 5204 Patres,
1067 5156 1134 5195 ne
1175 5142 1343 5208 pestis
1375 5140 1464 5195 illa
1509 5143 1902 5198 monachorum

331 5239 551 5286 mentes
587 5234 928 5301 depasceret,
988 5233 1288 5302 Niphouem
1333 5238 1671 5292 monasterio
1728 5247 1910 5292 extra-

329 5335 506 5391 ctum,
535 5331 742 5396 acigue
775 5334 828 5380 et
853 5341 994 5395 aqua
1019 5325 1370 5382 interdictum
1397 5329 1610 5399 longius
1659 5334 1912 5388 exsulare

404 5505 521 5574 t3!)
560 5506 801 5559 Alexiad.
842 5506 936 5560 lib.
960 5523 1044 5568 xv,

408 5575 524 5640 βξ)
564 5576 730 5638 Ibid,
769 5593 889 5644 pag,
917 5577 1038 5630 8i7.

404 5647 625 5722 (3521}:
649 5649 877 5714 utriusq.
919 5647 1117 5703 Eccles.
1148 5665 1383 5705 consciis.
1409 5649 1502 5705 lib.
1571 5668 1628 5714 ιι,
1660 5666 1780 5722 cap.
1823 5653 1903 5714 l2.

335 5731 458 5784 pag.
492 5716 616 5776 680.
633 5728 684 5770 ct
708 5732 862 5785 seqq.

405 5787 520 5855 (δί)
557 5787 668 5841 Vid.
696 5787 905 5842 Annam
927 5790 1116 5844 Comu.
1148 5791 1384 5847 Alcxiad.
1407 5793 1498 5850 lib.
1525 5811 1609 5857 xv,
1639 5809 1756 5863 pag.
1779 5794 1904 5850 187.

1083 5522 1202 5576 p-g.
1235 5506 1358 5561 486.

2006 460 2323 519 coegerunt.
2371 447 2672 518 Utrumque
2697 447 2960 519 synodale
2986 447 3288 508 decretum,
3323 463 3430 515 quo
3464 447 3579 502 lure

2006 552 2123 596 aeta
2160 543 2572 610 constitutaque
2600 540 2846 604 fuerunt,
2872 540 3061 595 Graece
3090 550 3144 593 et
3175 539 3366 592 Latine
3413 541 3584 593 edidit

2007 634 2117 688 Leo
2157 635 2391 688 Allatius
2419 634 2552 703 (55).
2578 633 2942 700 Quamobrem
2984 647 3090 686 non
3142 633 3298 695 male,
3341 643 3395 682 ut
3426 633 3577 685 arbi-

2007 737 2144 792 tror,
2178 728 2452 796 conjicere
2481 727 2602 795 quis
2633 727 2853 797 poterit,
2877 736 2989 779 tum
3018 726 3250 796 primum
3281 742 3344 778 cx
3378 725 3581 792 Nipho-

2007 821 2095 876 uis
2150 820 2552 875 consuetudine
2594 819 2862 888 quosdam
2916 819 3243 886 Perihleptre
3281 817 3582 871 monac-hos

2006 913 2412 982 llogomilorum
2445 928 2660 968 errores
2686 913 2854 968 fuisse:
2885 920 3187 980 amplexos.

2076 1006 2142 1061 Χ.
2176 1006 2424 1073 Quanam
2448 1021 2579 1061 vero
2610 1005 2822 1060 ratione
2849 1005 3179 1076 Euthymius
3221 1004 3420 1057 horum
3466 1019 3581 1056 mo-

2008 1099 2306 1153 nachorum
2335 1098 2656 1168 pravitatem
2701 1097 2996 1158 delexerit,
3022 1112 3326 1164 eorumque
3383 1096 3584 1149 delira-

2009 1198 2190 1243 menta
2241 1188 2520 1246 didicerit.
2554 1189 2667 1256 ipse
2714 1189 2766 1240 in
2817 1188 2920 1241 hoc
2948 1187 3134 1241 libello
3169 1188 3387 1254 longius
3412 1201 3581 1239 enar-

2009 1283 2238 1335 randum
2313 1281 2648 1350 aggreditur.
2704 1280 2880 1347 Atque
2944 1281 3032 1334 hic
3099 1280 3330 1333 adnotes
3399 1278 3582 1342 velim,

2007 1372 2384 1444 Euthymium,
2451 1382 2509 1425 ut
2553 1373 2750 1426 melius
2800 1387 2914 1426 rem
2974 1380 3142 1425 totam
3198 1378 3580 1439 cognosceret.

2007 1467 2276 1520 imitatum
2313 1465 2480 1520 fuisse
2508 1465 2756 1520 Alexium
2798 1465 3159 1529 Comnenum,
3197 1465 3288 1532 qui
3324 1462 3582 1516 Basilium

2006 1561 2236 1614 Comiter
2265 1560 2319 1615 in
2363 1561 2563 1629 palatio
2601 1561 2814 1631 excepit
2842 1560 3105 1614 simulans
3135 1559 3287 1611 cordi
3321 1558 3422 1610 sibi
3458 1572 3582 1610 esse

2005 1653 2122 1723 ejus
2150 1653 2404 1722 dogmata
2455 1652 2718 1716 ediscere,
2781 1660 2840 1703 ut
2883 1651 2972 1704 ille
3009 1649 3308 1717 impietatis
3340 1663 3450 1700 sure
3488 1661 3581 1698 ve-

2010 1763 2209 1799 nenum
2257 1744 2625 1801 confidentius
2677 1753 2953 1800 evomeret
2991 1743 3127 1811 (54).
3179 1740 3352 1793 Porro
3389 1739 3582 1806 przrei-

2008 1856 2176 1910 puum
2213 1840 2615 1908 Bogomilnruut
2663 1839 2858 1908 dogma
2898 1847 3070 1892 totum
3127 1852 3190 1889 ex
3232 1835 3460 1886 Manetis
3489 1834 3584 1881 ειη-

2007 1933 2184 1987 ctrina
2211 1933 2556 2001 desumptum
2590 1941 2742 1994 erat;
2776 1932 2882 1983 duo
2917 1929 3059 1984 enim
3116 1928 3408 1996 principia,
3443 1941 3580 1991 quo-

2009 2042 2127 2078 rum
2161 2040 2326 2078 unum
2364 2031 2511 2079 esset
2569 2025 2795 2086 bonum,
2853 2022 3083 2074 alterum
3117 2020 3338 2082 malum,
3375 2028 3584 2071 astrue-

2008 2119 2161 2172 bant.
2195 2117 2528 2191 Principium
2577 2116 2779 2170 malttm
2831 2113 2920 2166 Dei
2960 2115 3180 2168 nomine
3222 2113 3582 2173 decorabant,

2010 2227 2073 2265 ac
2097 2211 2298 2264 divinis
2335 2209 2689 2278 percolebant
2722 2208 3041 2269 honoribus,
3086 2214 3144 2258 ut
3175 2204 3226 2257 in
3263 2204 3363 2256 hoc
3401 2203 3585 2257 libello

2008 2304 2188 2358 innuit
2221 2303 2563 2372 Eutltymius.
2594 2317 2656 2356 ac
2683 2301 3017 2354 luenlentius
3049 2297 3282 2350 allirmat
3312 2298 3364 2348 in
3396 2297 3576 2348 Pano-

2009 2393 2118 2462 plia
2169 2393 2304 2457 (55).
2370 2391 2459 2445 ubi
2501 2389 2680 2458 inquit
2733 2387 3042 2458 Bogomilos
3103 2386 3394 2438 dwmonem
3444 2383 3585 2436 Filio

2017 2483 2184 2538 Verbo
2255 2495 2385 2536 nam
2446 2482 2745 2545 maiorem,
2799 2483 3345 2550 prmtantioremque,
3407 2487 3588 2541 utpote

2012 2576 2464 2646 Primogenilum,
2514 2576 2840 2629 credidisse.
2885 2574 3126 2644 ln~urgit
3171 2575 3258 2628 hic
3316 2573 3584 2627 adversus

2010 2668 2363 2737 Euthymium
2422 2667 2793 2722 Beausobrius
2855 2669 2910 2721 in
2963 2683 3084 2728 sua,
3137 2683 3302 2738 quam
3355 2667 3588 2734 digessit

2012 2759 2438 2814 Manichaeorum
2472 2759 2702 2814 historia
2737 2758 2875 2828 (36),
2929 2759 3202 2827 nimisque
3243 2758 3589 2827 imprudenter

2011 2851 2234 2914 asserit,
2262 2865 2386 2905 eum
2418 2850 2545 2906 dolo
2574 2850 2716 2903 malo
2759 2858 2964 2903 tantam
2995 2849 3297 2918 Bogomilis
3341 2848 3588 2916 impieta-

2015 2952 2126 3001 tem
2184 2943 2462 2999 tribuisse.
2518 2941 2731 2999 Nemini
2777 2944 2945 3005 enim,
2977 2951 3036 2996 ut
3091 2944 3205 3012 ipse
3249 2941 3449 3010 inquit,
3483 2940 3588 2994 erit

2013 3051 2361 3105 persuasum,
2411 3035 2783 3092 Christianam
2851 3045 3092 3098 sectam,
3139 3052 3262 3104 quae
3320 3035 3472 3088 cruci
3535 3042 3590 3087 et

2013 3129 2346 3197 imaginibus
2376 3143 2594 3182 omnem
2636 3129 2844 3183 cultum
2881 3139 3144 3198 praestare
3168 3128 3450 3190 reuuebat,
3485 3125 3588 3180 Sa-

2012 3233 2193 3275 tanam
2250 3219 2432 3275 Verbo
2487 3221 2920 3289 praestantiorem
2977 3222 3296 3275 credidisse.
3357 3221 3424 3272 At
3461 3235 3590 3272 vero

2013 3320 2188 3375 totum
2231 3309 2550 3366 Beausobrii
2579 3311 2863 3381 sophisma
2901 3311 3133 3374 corruit,
3165 3311 3210 3366 si
3242 3312 3591 3366 advertamus

2013 3405 2368 3470 Manichacus,
2399 3419 2632 3472 quorum
2664 3419 2885 3470 germen
2922 3414 3078 3458 erant
3105 3405 3390 3476 Bogomili,
3415 3405 3590 3466 cruci,

2014 3494 2282 3559 Deiparaa.
2333 3503 2387 3548 et
2441 3493 2771 3564 imaginibus
2824 3493 3036 3548 cultum
3090 3494 3211 3548 ideo
3260 3496 3589 3564 denegasse,

2012 3588 2141 3655 quia
2197 3587 2350 3640 illum
2406 3597 2667 3655 tanquam
2716 3586 3084 3641 idololatriam
3142 3589 3308 3656 impie
3360 3603 3590 3657 respue-

2014 3681 2163 3734 bant.
2217 3681 2432 3735 Etenim
2490 3681 2759 3748 sacrilega
2822 3681 2937 3736 hanc
2987 3691 3138 3736 secta
3197 3681 3475 3736 Christum
3525 3695 3590 3733 ex

2015 3771 2182 3824 Maria
2214 3770 2436 3840 Virgine
2468 3786 2568 3824 nec
2601 3771 2770 3842 gigni,
2815 3786 2916 3825 nec
2948 3772 3097 3825 nasci
3143 3773 3391 3840 potuisse
3449 3771 3594 3824 allii-

2015 3863 2217 3927 tuaba',
2261 3865 2387 3931 quia
2427 3864 2471 3917 si
2510 3879 2635 3917 vere
2658 3864 2899 3933 genitus,
2929 3872 3203 3930 natusque
3232 3865 3449 3927 fuisset,
3478 3880 3585 3917 non

2014 3954 2118 4006 nisi
2152 3969 2246 4022 per
2267 3952 2482 4006 Satanae
2517 3953 2732 4006 vincula
2770 3953 2923 4006 carni
2958 3954 3152 4023 illigari
3183 3954 3474 4022 potuisset.
3514 3954 3591 4007 Ex

2013 4059 2121 4112 quo
2150 4043 2340 4098 eodem
2397 4043 2672 4112 principio
2736 4042 3055 4096 statuebant
3105 4057 3342 4112 quoque,
3388 4042 3592 4095 Christi

2016 4141 2248 4185 mortem
2286 4148 2392 4186 non
2428 4148 2636 4196 veram,
2690 4132 2785 4186 sed
2857 4133 3132 4195 fallaCem,
3165 4142 3218 4185 et
3277 4134 3590 4186 simulatam

2019 4226 2210 4281 fuisse.
2242 4224 2402 4278 Plura
2439 4225 2579 4278 hanc
2625 4227 2677 4277 in
2733 4241 2847 4279 rem
2881 4227 3160 4294 congessit
3191 4239 3382 4278 contra
3421 4225 3593 4277 Boau-

2018 4319 2263 4372 sobrium
2311 4320 2487 4388 ipsum
2544 4319 2594 4371 in
2647 4319 2951 4387 Alphabeto
3005 4320 3274 4372 'l‘ibetauo
3318 4320 3398 4372 vir
3435 4320 3596 4386 longe

2015 4413 2372 4468 doctissimus
2415 4413 2757 4482 Augustinus
2808 4413 3080 4468 Antonius
3134 4411 3403 4482 Georgius
3453 4411 3590 4480 (57).

2015 4506 2092 4559 Ex
2142 4505 2227 4560 his
2259 4514 2442 4561 autem
2507 4505 2667 4561 facile
2727 4505 3299 4576 quisqueintelligit,
3361 4508 3601 4574 pseudo~

2014 4598 2373 4652 christianum
2399 4598 2543 4649 illam
2565 4604 2770 4650 sectam
2797 4609 2895 4649 nec
2916 4593 3222 4662 Deiparam,
3249 4610 3347 4648 nec
3370 4609 3606 4648 cruccnu

2017 4689 2266 4743 venerari
2296 4689 2406 4743 ullo
2436 4689 2597 4742 modo
2625 4687 2908 4746 debuisse.
2958 4687 3086 4756 quia
3119 4685 3376 4741 Christus
3412 4703 3508 4739 nec
3539 4686 3610 4738 in.

2018 4781 2239 4852 Virgine
2268 4798 2490 4836 carnem
2571 4790 2912 4850 susceperat.
2969 4796 3068 4834 nec
3110 4781 3164 4833 in
3199 4782 3386 4835 crucis
3444 4780 3610 4849 ligno

2013 4889 2142 4929 vero
2170 4874 2400 4928 obierat.
2441 4875 2678 4942 Itlipsuttt
2726 4873 3038 4927 sentiebant
3068 4874 3232 4926 etiam
3277 4873 3344 4925 de
3384 4875 3598 4925 sanctis

2013 4982 2138 5020 cum
2169 4967 2391 5022 Christo
2414 4967 2466 5020 in
2499 4968 2656 5022 cwlis
2689 4967 3066 5038 regnantibus.
3105 4980 3243 5035 quos
3295 4965 3423 5018 item
3471 4976 3595 5017 Ian-

2020 5076 2184 5130 quam
2223 5060 2638 5114 idololatrarum
2675 5062 2892 5112 iuventa
2926 5059 3342 5113 aversabantur.
3389 5058 3594 5111 Contra

2019 5169 2149 5207 vero
2174 5151 2297 5221 quis
2324 5167 2428 5205 non
2461 5153 2626 5217 videt,
2653 5151 2775 5205 ideo
2807 5160 3013 5206 tantam
3046 5168 3172 5220 erga
3205 5149 3463 5205 Satanam
3500 5149 3598 5201 ha-

2019 5245 2205 5300 buisse
2227 5245 2617 5308 reverentiam,
2647 5244 2790 5313 quod
2819 5245 2864 5300 is
2896 5256 3152 5314 tanquam
3188 5243 3328 5298 Deus
3367 5243 3586 5297 habitus

2022 5342 2164 5407 apud
2195 5337 2318 5392 illos
2347 5335 2532 5401 fuerit,
2581 5346 2848 5406 tantaque
2902 5338 3161 5406 praeditus
3210 5336 3476 5408 potentia,
3534 5347 3602 5391 ut-

2094 5514 2206 5577 (δῦ)
2231 5513 2398 5567 Titnl.
2430 5533 2584 5569 unt.
2616 5518 2640 5585 ξ
2667 5521 2718 5571 6.

2086 5585 2193 5657 (iiii)
2215 5585 2445 5637 Histoire
2478 5589 2694 5657 critique
2715 5592 2777 5643 de
2808 5587 3096 5653 .lluniclu‘e,
3125 5596 3225 5643 tte.
3257 5587 3446 5652 lib,tu,
3470 5599 3606 5655 ων.

2014 5654 2066 5714 5,
2101 5655 2180 5723 §li
2212 5671 2330 5724 pag.
2375 5657 2498 5709 5M.

2087 5725 2196 5793 (3'7)
2230 5725 2353 5795 I‘ag.
2389 5728 2508 5779 €207.
2538 5727 2661 5780 90%.
