4130 6304
415 268 483 334 31
1755 270 2353 340 PROLEGOMENA.
3623 268 3694 334 32

417 389 594 446 cidem
621 391 810 445 mundi
842 391 1008 460 hujus
1036 393 1341 463 cpitielum,
1370 393 1726 466 hominisque
1764 393 2005 448 creatio-

425 499 546 537 nem
585 483 874 539 tribuerint
901 487 924 539 ?
954 485 1183 556 Negavit
1217 496 1366 544 certe
1430 489 1664 546 callidus
1728 488 2006 544 Calvinia-

423 585 548 636 nus,
604 572 926 630 Manichmos
980 593 1215 646 unquam
1281 579 1585 649 principem
1653 581 2005 635 tenebrarum

422 663 517 717 Dei
550 665 769 720 nomine
802 665 1120 731 honor-asse,
1182 678 1237 722 at
1299 687 1461 738 quam
1511 672 1789 728 immerito
1832 673 1882 726 id
1928 670 2006 726 fe-

423 757 581 820 cerit,
617 757 868 813 laudatus
902 759 1172 834 Georgius
1210 763 1318 834 (58)
1355 765 1490 820 satis
1525 765 1769 821 edocuit.

495 847 587 902 XI.
622 849 850 906 Prmsmt
897 856 1059 911 modo
1094 859 1427 927 pra‘cipuum
1483 859 1799 916 Beausobrii
1845 878 2008 933 argu-

427 952 669 997 mentum
701 958 996 1015 exponere,
1033 965 1141 1017 quo
1179 951 1371 1005 nititur
1402 953 1803 1015 demonstrare,
1839 955 2015 1025 Bogu-

425 1033 590 1090 iuilos
612 1035 740 1089 dum
774 1035 1028 1094 Satanam
1065 1041 1239 1097 Verbo
1273 1054 1402 1098 natu
1437 1047 1697 1114 majorem
1736 1047 2009 1113 dixerunt,

423 1135 573 1181 recte
613 1128 668 1182 in
706 1128 808 1184 fide
838 1135 1097 1197 sensisse,
1147 1134 1611 1206 Euthymiumque
1673 1137 1839 1206 hujus
1887 1155 2016 1194 sen-

429 1219 619 1274 tentia:
653 1236 874 1277 sensum
933 1241 996 1279 ex
1050 1227 1316 1282 industria
1360 1232 1731 1299 pervertisse,
1783 1241 1841 1284 ut
1891 1232 2017 1287 inde

425 1317 636 1364 tantam
665 1311 931 1370 adversus
966 1332 1064 1373 eos
1108 1321 1442 1375 calumniam
1490 1322 1847 1393 confingeret.
1889 1324 2018 1377 Dua:

430 1420 584 1474 sunt,
614 1410 813 1481 inquit,
859 1417 1166 1478 sententiae,
1209 1433 1348 1487 quas
1402 1419 1568 1487 aliqui
1617 1428 1829 1474 veteres
1880 1420 2019 1472 scri-

430 1507 620 1569 ptores
663 1505 917 1560 catholici
952 1508 1123 1563 secuti
1164 1520 1337 1577 sunt;
1383 1511 1555 1580 prima
1608 1511 1820 1567 scilicet
1874 1510 2018 1580 quod

430 1591 676 1647 divinum
737 1596 970 1651 Verbum
1025 1600 1360 1671 hypostasim
1434 1603 1713 1673 propriam
1767 1602 2020 1656 habuerit

433 1684 671 1754 primum
705 1701 734 1739 a
774 1690 959 1743 mundi
989 1695 1270 1748 creatione
1300 1733 1315 1756 ,
1362 1696 1565 1761 altera,
1606 1695 1752 1763 quod
1784 1694 2020 1748 Satanas

432 1788 487 1831 et
535 1780 709 1848 angeli
763 1781 1014 1849 pluribus
1055 1793 1182 1840 ante
1223 1789 1482 1841 mundum
1542 1787 1689 1841 hunc
1739 1787 2011 1842 visibilem

435 1870 652 1925 saeculis
686 1874 1020 1928 exstiterint.
1055 1875 1245 1946 Itaque
1283 1894 1405 1932 cum
1429 1875 1724 1948 Bogomilis
1748 1880 2017 1950 placuerit

435 1961 749 2032 angelorum
782 1968 1113 2023 creationem
1136 1978 1262 2025 ante
1287 1970 1550 2026 mundum
1579 1980 1843 2035 statuere,
1863 1986 2022 2026 cum-

438 2070 546 2122 que
589 2054 825 2113 Verbum
880 2060 1124 2115 divinum
1171 2067 1225 2117 in
1277 2065 1464 2118 mundi
1510 2065 1790 2120 creatione
1843 2067 2018 2136 hypo-

441 2147 631 2201 stasim
680 2151 953 2217 propriam
987 2151 1192 2207 habere
1216 2155 1448 2225 coeperit
1473 2195 1489 2219 ,
1532 2156 1659 2209 inde
1689 2158 1968 2211 concludit
1997 2196 2012 2220 ,

435 2237 579 2304 quod
613 2238 731 2292 sine
761 2242 952 2296 tueresi
990 2241 1026 2295 ii
1063 2242 1336 2298 aﬂirmare
1389 2255 1723 2314 potuerunt,
1756 2243 2015 2301 Satanam

441 2327 616 2384 Verbo
666 2340 794 2385 natu
837 2332 1104 2402 majorem
1138 2350 1282 2391 esse.
1333 2335 1450 2393 Hoc
1486 2347 1668 2392 tamen
1714 2339 2018 2393 Calviniani

437 2421 676 2477 hominis
716 2423 1172 2492 deliramentum,
1208 2428 1355 2496 quod
1410 2429 1585 2498 prima
1650 2428 1826 2484 fronte
1877 2430 2016 2484 sim-

439 2515 760 2582 pliciorihus
787 2516 1024 2572 fortasse
1055 2529 1238 2588 posset
1279 2518 1462 2574 fucum
1499 2522 1676 2577 facere
1702 2561 1717 2582 .
1768 2521 1810 2576 si
1856 2521 2025 2592 paulo

439 2611 864 2677 perpendamus,
896 2612 1101 2665 nullius
1140 2629 1370 2680 prorsus
1409 2627 1494 2670 est
1534 2615 1767 2668 roboris.
1806 2617 1980 2684 Atque
2004 2653 2019 2681 ,

440 2708 500 2751 ut
531 2701 598 2754 ab
623 2715 688 2753 eo
722 2704 998 2766 exordiar,
1037 2703 1182 2770 quod
1214 2706 1423 2774 absque
1455 2707 1560 2759 ulla
1611 2707 1893 2775 religionis
1935 2707 2023 2761 in-

439 2796 587 2866 juria
623 2797 883 2851 allirmari
918 2810 1125 2867 posset,
1160 2803 1384 2870 angelos
1410 2817 1606 2871 nempe
1624 2804 1875 2872 pluribus
1899 2814 2025 2857 ante

442 2889 705 2942 mundum
739 2890 885 2945 hunc
919 2891 1186 2944 visibilem
1219 2893 1430 2948 sreeiilis
1476 2893 1648 2948 fuisse
1685 2905 1900 2948 creatos
1925 2935 1939 2957 ,
1974 2893 2022 2947 ei

445 2985 589 3034 ultro
626 2983 946 3036 concedam.
977 2983 1134 3049 Quod
1171 3001 1297 3040 vero
1332 2988 1397 3039 ad
1434 2986 1661 3040 alteram
1690 2986 2021 3040 sententiam

445 3077 663 3140 attinet,
701 3093 864 3148 quam
899 3094 996 3146 pro
1027 3081 1299 3135 catholica
1335 3080 1676 3136 conﬁdenter
1727 3080 1976 3134 obtrudit
2010 3121 2024 3147 ,

445 3169 745 3222 notandum
779 3178 861 3223 est
900 3185 996 3240 per
1031 3179 1246 3226 veteres
1279 3172 1401 3227 illos
1452 3173 1749 3242 scriptores
1797 3171 2030 3226 catholi-

447 3277 545 3316 cos
603 3261 896 3317 Tatianum
957 3265 1300 3334 potissimum
1347 3273 1402 3319 et
1439 3266 1840 3335 Athenagoram
1881 3262 2031 3319 desi-

448 3372 616 3424 gnare
665 3358 905 3413 voluisse
935 3399 950 3423 ,
996 3360 1153 3428 quasi
1213 3374 1402 3412 eorum
1464 3357 1631 3412 fuerit
1681 3356 1871 3427 opinio
1901 3398 1918 3423 ,
1972 3367 2032 3411 ut

448 3449 684 3504 credidit
709 3451 875 3504 etiam
911 3451 1167 3505 Petavius
1201 3450 1337 3521 (39),
1370 3449 1604 3504 Verbum
1635 3450 1884 3503 divinum
1915 3464 2026 3504 non

448 3556 576 3600 ante
605 3546 791 3601 mundi
822 3546 1158 3600 creationem
1206 3547 1481 3616 prepriam
1533 3547 1870 3617 hypostasim
1929 3544 2030 3600 ha-

453 3642 656 3697 buisse.
691 3643 798 3702 At,
832 3641 959 3694 licet
1008 3641 1300 3696 obscurius
1349 3649 1560 3694 veteres
1613 3640 1664 3692 hi
1725 3638 1916 3694 Patres
1967 3638 2036 3693 de

454 3732 614 3788 Verbi
643 3735 992 3804 generatione
1017 3733 1331 3795 locutisint,
1358 3747 1636 3802 nunquam
1659 3740 1839 3787 tamen
1873 3733 2037 3802 quide

452 3842 616 3896 quam
646 3827 903 3880 dixerunt
931 3864 947 3889 ,
979 3825 1124 3893 quod
1153 3825 1271 3895 ejus
1301 3824 1573 3880 divinitati
1604 3864 1619 3889 ,
1661 3823 1949 3879 aeternitati
1985 3833 2038 3880 et

457 3919 835 3987 personalitati
895 3920 1068 3986 possit
1116 3917 1354 3973 ollicere.
1408 3919 1486 3971 Ac
1528 3932 1715 3971 revera
1768 3917 1914 3987 quod
1973 3916 2038 3972 ad

455 4009 744 4064 Tatianum
783 4010 1036 4078 pertinet,
1069 4010 1146 4063 ait
1175 4025 1328 4070 sane,
1382 4009 1435 4062 in
1488 4008 1761 4078 principio
1798 4007 2039 4062 Verbum

459 4104 628 4159 fuisse
662 4102 716 4156 iu
746 4101 903 4156 Patre
930 4143 945 4167 ,
980 4103 1169 4171 utique
1200 4113 1256 4156 ut
1308 4103 1359 4154 in
1397 4116 1627 4171 persona
1669 4101 2042 4155 consubstan-

459 4198 597 4262 tiali,
629 4214 752 4252 cum
782 4211 891 4265 quo
919 4198 1101 4250 omnia
1133 4195 1521 4260 sustentabat;
1552 4195 1754 4264 quibus
1780 4193 1832 4247 in
1860 4193 2043 4247 verbis

462 4292 755 4347 manifesto
778 4291 895 4359 ejus
914 4291 1252 4345 divinitatem
1279 4298 1440 4357 atque
1464 4289 1830 4343 aeternitatem
1858 4295 2048 4339 osten-

460 4386 557 4438 dit.
593 4383 726 4435 Dum
765 4397 892 4436 vero
925 4381 1113 4442 addit,
1145 4379 1288 4448 quod
1325 4379 1560 4433 Verbum
1602 4392 1669 4432 ex
1718 4376 1879 4430 Patre
1924 4391 2050 4446 pro-

461 4476 625 4532 dierit
650 4476 869 4545 quando
926 4474 992 4526 ad
1048 4472 1235 4526 mundi
1289 4470 1626 4524 creationem
1677 4481 2044 4536 progressum

461 4581 569 4635 est,
601 4571 877 4639 intelligit,
920 4568 1064 4639 quod
1104 4566 1245 4622 Deus
1278 4582 1372 4637 per
1409 4565 1604 4618 Filium
1659 4565 1920 4618 omnibus
1952 4580 2051 4634 pa-

465 4668 636 4722 ternis
670 4665 805 4719 ideis
825 4663 1172 4729 etjattributis
1200 4664 1530 4716 instructum
1555 4661 1734 4713 omnia
1760 4659 2048 4712 creaverit.

468 4761 546 4813 Ac
575 4757 829 4827 quamvis
868 4756 1010 4809 inter
1057 4754 1216 4807 Verbi
1271 4753 1707 4822 progressionem
1761 4765 2052 4818 rerumque

465 4851 800 4907 creationem
831 4847 1197 4901 necessariam
1227 4856 1389 4913 ponat
1421 4844 1840 4904 connexiouem,
1868 4851 2048 4895 tamen

464 4944 618 5007 juxta
645 4940 894 4995 eumdem
932 4936 1222 4990 Tatianum
1284 4937 1355 4989 ita
1413 4936 1648 4989 Verbum
1698 4950 1725 4986 a
1776 4933 1936 4988 Patre
1998 4934 2051 4986 in

469 5050 648 5089 rerum
676 5033 954 5086 creatione
980 5043 1326 5100 progressum
1350 5036 1458 5090 est,
1483 5037 1542 5078 ut
1566 5026 1631 5080 ab
1654 5040 1717 5080 co
1741 5025 2050 5080 abscissum

469 5138 523 5180 ct
546 5133 856 5195 separatum
885 5138 991 5176 non
1024 5123 1210 5184 fuerit,
1243 5122 1370 5190 quia
1398 5119 1439 5174 si
1467 5119 1775 5173 abscissum
1833 5117 2051 5183 fuisset,

473 5221 630 5274 l‘atcr
655 5219 848 5286 ἄλογος
884 5217 1044 5271 foret.
1091 5217 1280 5285 itaque
1316 5215 1453 5268 falso
1497 5215 1720 5267 omnino
1765 5213 2053 5275 asseritur,

475 5313 764 5367 Tatianum
801 5310 1069 5375 sensisse,
1116 5308 1362 5363 divinum
1417 5304 1653 5360 Verbum
1717 5306 2054 5374 hypostasim

480 5407 750 5476 propriam
780 5403 1040 5459 habuisse
1098 5403 1151 5456 in
1197 5399 1385 5455 mundi
1442 5400 1767 5452 creatione:
1823 5412 1944 5450 nam
2006 5396 2056 5450 id

554 5634 667 5700 (38)
700 5632 935 5686 Histoire
961 5628 1184 5700 critique
1210 5627 1271 5679 de
1297 5625 1571 5700 Manichée
1598 5622 1694 5679 lib.
1721 5635 1802 5685 ιιι,
1831 5633 1952 5691 pag.
1979 5616 2069 5670 ‘25.

556 5697 668 5773 (sui
704 5704 772 5757 ne
817 5702 1012 5754 Τνῑηξι.
1049 5699 1144 5753 lib.
1174 5715 1212 5766 I,
1250 5713 1370 5767 cap.
1403 5697 1458 5750 ὃ.

563 5777 673 5848 (ιθ)
709 5779 914 5840 ριιωτιιο
960 5773 1047 5826 ii?)~

2113 402 2326 451 tantum
2365 396 2567 451 astruit
2592 437 2607 463 ,
2642 394 2884 452 Verbum
2915 393 3071 456 illud,
3105 392 3250 462 quod
3284 391 3352 446 ab
3384 403 3590 447 aeterno
3642 391 3696 443 in

2112 489 2272 545 Patre
2305 491 2488 545 omnia
2517 489 2868 548 sustentabat
2899 533 2914 555 ,
2956 496 3070 542 tum
3106 487 3161 542 in
3198 501 3380 542 rerum
3417 484 3697 539 creatione

2111 599 2175 638 ex
2209 582 2370 638 Patre
2393 582 2689 653 prodiisse,
2716 582 2844 651 quia
2868 582 3051 637 omnia
3074 581 3194 650 peri
3205 595 3359 649 psum
3387 577 3525 632 facta
3544 586 3696 630 sunt.

2116 674 2316 730 Eadem
2350 674 2462 731 fere
2497 681 2712 730 ratione
2739 675 3121 744 Athenagoras
3170 686 3389 742 quoque
3434 673 3502 723 de
3538 668 3697 722 Verbi

2113 767 2403 822 divinitate
2452 767 2731 823 disseruit.
2771 767 2914 821 Dicit
2960 764 3105 820 enim
3145 762 3291 833 quod
3345 760 3524 825 Deus,
3576 772 3699 810 cum

2116 860 2186 915 sit
2215 875 2368 914 mens
2401 868 2627 925 :eterna,
2660 858 2853 914 habuit
2885 859 2951 912 ab
2978 867 3185 911 κιαι-ιιο
3225 855 3280 909 in
3336 854 3542 922 seipso.
3566 848 3701 904 Ver-

2116 953 2270 1018 bum,
2315 961 2502 1021 utpote
2545 952 2613 1006 ab
2654 959 2861 1006 sterno
2913 949 3241 1002 rationalis:
3293 952 3346 1000 et
3395 942 3540 1012 quod
3596 942 3701 996 hoc

2117 1044 2356 1102 Verbum
2393 1045 2690 1116 prodierit,
2747 1056 2806 1098 ut
2848 1044 3094 1098 omnium
3143 1048 3459 1096 creatarum
3514 1051 3701 1090 rerum

2118 1135 2263 1197 idea,
2296 1144 2349 1188 et
2379 1134 2627 1203 operatio
2658 1135 2971 1189 exsisteret.
2997 1131 3228 1187 Constat
3252 1138 3435 1183 autem
3467 1127 3706 1181 voluisse

2119 1229 2524 1294 Athenagoram
2558 1228 2712 1284 hisce
2744 1228 2796 1280 in
2852 1226 3031 1281 verbis
3075 1225 3180 1279 hoc
3225 1223 3400 1279 solum
3445 1220 3646 1274 docere
3690 1260 3705 1284 ,

2122 1337 2219 1391 per
2261 1319 2502 1377 Verbum
2555 1337 2644 1376 res
2702 1337 2897 1375 omnes
2948 1327 3162 1373 creatas
3215 1332 3383 1381 ρεαδ,
3446 1315 3706 1386 quoniam

2123 1414 2293 1471 Filius
2322 1415 2505 1486 aliquo
2538 1415 2700 1470 modo
2747 1413 2854 1470 dici
2887 1420 3066 1480 potest
3119 1411 3212 1465 Dei
3265 1410 3407 1465 ratio
3439 1449 3454 1471 ,
3509 1424 3666 1463 mens
3693 1445 3709 1471 ,

2124 1511 2388 1579 sapientia
2420 1551 2432 1573 ,
2461 1519 2515 1565 et
2546 1510 2828 1580 operativa
2887 1507 3129 1577 potentia
3155 1545 3171 1568 ,
3205 1520 3329 1575 quae
3377 1504 3614 1574 primum
3652 1501 3708 1556 in

2126 1616 2308 1655 rerum
2340 1603 2618 1657 creatione
2654 1599 2898 1657 exterius
2934 1599 3158 1671 prodiit.
3189 1598 3338 1652 Hanc
3375 1596 3709 1652 sententiam

2123 1693 2377 1762 probavit
2402 1709 2627 1763 quoque
2661 1691 2718 1747 S.
2751 1693 3119 1762 Augustinus,
3147 1689 3239 1744 ubi
3291 1688 3424 1742 illud
3471 1685 3711 1742 Joannis

2126 1785 2191 1839 In
2217 1788 2473 1854 principio
2508 1797 2623 1841 erat
2667 1785 2891 1840 Verbum
2922 1800 3235 1854 exponens:
3267 1781 3382 1837 Hoc
3415 1781 3529 1848 loco
3559 1822 3573 1845 ,
3629 1779 3714 1832 inv

2126 1881 2244 1948 quit
2273 1879 2408 1948 (£0),
2441 1880 2632 1934 melius
2673 1877 2897 1933 Verbum
2923 1878 3336 1946 interpretamur
3360 1915 3375 1938 ,
3412 1885 3468 1928 ut
3499 1872 3710 1942 signiﬁ-

2123 1984 2270 2025 cetur
2298 1989 2397 2026 non
2434 1973 2608 2026 solum
2638 1971 2711 2026 ad
2738 1970 2958 2025 Patrem
2989 1979 3254 2036 respectus
3281 2009 3298 2033 ,
3353 1969 3445 2023 sed
3499 1967 3571 2021 ad
3617 1965 3714 2019 illa

2127 2067 2308 2119 etiam.
2330 2082 2447 2133 qua:
2464 2082 2553 2130 per
2582 2064 2805 2119 Verbum
2829 2066 2974 2135 facta
2999 2073 3144 2128 sum,
3164 2063 3433 2131 operativa
3456 2061 3713 2128 potentia.

2134 2157 2337 2214 Habuit
2383 2173 2514 2228 ergo
2559 2157 2793 2212 Verbum
2852 2158 3122 2226 propriam
3160 2170 3222 2210 ac
3266 2155 3581 2209 distinctam
3615 2152 3714 2222 by-

2132 2253 2392 2324 postasim
2440 2254 2509 2308 ab
2547 2261 2752 2306 aeterno
2803 2252 2931 2304 dum
2995 2249 3175 2302 omnia
3225 2262 3350 2301 cum
3402 2244 3563 2300 Patre
3609 2230 3714 2299 ’διι-

2129 2346 2424 2409 stentabat,
2468 2343 2562 2398 sed
2594 2345 2648 2397 in
2693 2358 2876 2396 rerum
2908 2342 3185 2396 creatione
3215 2340 3388 2410 patuit
3442 2337 3716 2405 quodam-

2131 2439 2313 2503 modo,
2356 2438 2481 2507 quia
2513 2437 2696 2489 omnia
2726 2450 2821 2504 per
2852 2432 3089 2488 Verbum
3127 2431 3265 2486 facta
3300 2439 3448 2486 sunt.
3475 2428 3555 2483 Ad
3576 2429 3713 2490 haec.

2141 2540 2200 2584 ut
2235 2531 2407 2599 magis
2429 2530 2641 2582 eluceat
2669 2525 2854 2581 infelix
2889 2522 3209 2580 Beausobrii
3245 2520 3513 2586 vafritics,
3539 2521 3716 2572 anim-

2134 2625 2415 2677 advertere
2463 2621 2641 2692 juvat,
2675 2621 2819 2692 quod
2871 2621 3032 2674 etiam
3074 2617 3318 2672 admisso
3365 2617 3470 2669 hoc
3506 2626 3717 2675 errore,

2134 2714 2370 2769 Verbum
2408 2711 2683 2781 propriam
2712 2711 2977 2766 balmisse
3007 2707 3344 2778 hypostasim
3401 2722 3465 2760 ex
3522 2718 3710 2758 rerum

2135 2805 2433 2869 creatione,
2473 2820 2685 2860 necnon
2716 2805 2806 2858 illa
2840 2804 3112 2857 sententia
3145 2799 3367 2870 angelos
3399 2807 3524 2853 ante
3561 2812 3720 2852 mun-

2137 2900 2265 2955 dum
2290 2907 2505 2954 creatos
2523 2913 2664 2961 csse,
2698 2896 3014 2950 nullatenus
3044 2890 3717 2963 sequereturanteriorcm

2133 2991 2304 3047 fuisse
2333 2992 2461 3046 huic
2489 2989 2772 3061 hypostasi
2806 2986 3109 3052 Satanam;
3151 2996 3284 3040 tunc
3313 2983 3458 3038 enim
3479 2982 3719 3036 Verbum

2130 3102 2240 3141 non
2274 3086 2327 3140 in
2364 3084 2573 3149 mundi,
2607 3083 2700 3139 sed
2753 3084 2810 3136 in
2856 3082 3176 3149 angelorum
3221 3077 3502 3134 creatione
3547 3075 3722 3144 hypo-

2134 3180 2322 3236 stasim
2352 3178 2659 3242 habuisset,
2690 3177 2815 3245 quia
2839 3182 2970 3229 tunc
2992 3183 3144 3229 extra
3161 3171 3374 3226 Patrem
3396 3166 3716 3238 prodiisaet:

2135 3289 2198 3327 ac
2256 3273 2484 3341 proinde
2543 3285 2758 3339 sempor
2825 3265 2982 3320 Verbi
3050 3263 3360 3336 hypostasis
3395 3261 3712 3334 angelorum

2135 3367 2468 3421 creationem
2506 3362 2896 3430 praecessisset.

2208 3457 2324 3512 XII.
2362 3457 2569 3512 Cretera
2603 3448 2950 3523 Bogomilicaa
2981 3458 3142 3504 secta:
3199 3446 3395 3516 placita
3453 3451 3727 3498 memorat

2140 3556 2193 3609 in
2225 3555 2328 3607 hoc
2355 3551 2538 3605 libello
2571 3547 2924 3616 Euthymius.
2967 3558 3145 3612 neque
3173 3548 3257 3596 est
3307 3554 3446 3609 opus
3495 3540 3562 3594 de
3611 3538 3729 3594 sin-

2139 3645 2280 3714 gulis
2309 3643 2599 3697 disserere.
2639 3636 2909 3692 Fortassis
2943 3633 3243 3688 distinctim
3283 3631 3371 3683 illa
3403 3630 3732 3700 Euthymius

2144 3737 2498 3801 reintavcrat,
2535 3733 2627 3789 sed
2672 3733 2723 3786 in
2763 3729 2955 3784 codice
2989 3727 3259 3781 Vaticano
3299 3724 3474 3780 solum
3524 3738 3728 3792 supcr-

2145 3840 2274 3884 sunt
2313 3835 2631 3897 argumenta
2662 3866 2675 3886 ,
2717 3821 2919 3893 quilms
2960 3828 3116 3889 urget
3174 3816 3480 3885 Bogomilos
3529 3815 3582 3865 in
3617 3829 3684 3865 eo
3718 3853 3733 3875 ,

2144 3923 2287 3993 quod
2323 3920 2557 3992 pertinet
2615 3917 2681 3970 ad
2742 3921 3085 3967 mortuorum
3137 3907 3615 3962 resurrectionem.
3661 3902 3734 3958 Ut

2147 4025 2324 4071 autem
2363 4027 2480 4066 eam
2512 4017 2659 4063 certe
2696 4007 2934 4060 futuram
2968 4003 3202 4073 probet,
3237 4000 3464 4068 opponit
3496 3999 3734 4067 primum

2149 4107 2401 4163 baeretico
2428 4103 2552 4157 ﬁdei
2597 4101 2829 4156 Nicmna:
2859 4094 3169 4167 symbolum
3217 4097 3590 4145 trecentorum
3632 4089 3735 4142 dc-

2150 4216 2267 4256 cem
2300 4205 2352 4254 et
2399 4206 2524 4251 octo
2557 4194 2777 4247 Patrum
2814 4189 3143 4245 auctoritate
3179 4186 3455 4240 firmatum
3487 4201 3505 4250 ;
3535 4180 3738 4236 deinde

2150 4307 2284 4346 vero
2319 4289 2610 4345 concilium
2641 4283 3115 4342 Chalcedonense,
3147 4279 3306 4349 cujus
3339 4275 3652 4331 auctoritati
3679 4280 3739 4326 ut

2153 4383 2323 4450 magis
2361 4382 2518 4433 tidem
2572 4376 2863 4436 conciliet,
2914 4370 3238 4426 miraculum
3297 4367 3571 4438 quoddam
3633 4363 3735 4418 dc-

2153 4471 2390 4526 scrihita
2415 4467 2519 4522 Deo
2539 4475 2807 4536 patratum
2835 4477 2929 4530 per
2955 4462 3011 4514 S.
3039 4457 3392 4527 Euphemiam
3421 4465 3715 4521 martyrem

2155 4564 2209 4617 in
2239 4562 2400 4628 cujus
2434 4559 2660 4613 basilica
2705 4555 2868 4622 hujus
2903 4551 3122 4606 concilii
3159 4549 3351 4602 Patres
3386 4547 3453 4599 ah
3505 4545 3711 4612 impera

2157 4669 2272 4712 tore
2302 4654 2578 4709 Marciano
2616 4650 2932 4718 congregati
2963 4648 3208 4701 fuerunt.
3238 4641 3564 4710 Complures
3597 4639 3705 4693 seri

2157 4759 2340 4822 plores
2368 4748 2614 4819 ejusdem
2658 4741 2911 4797 miraculi
2947 4738 3268 4798 meminere,
3309 4733 3402 4788 sed
3430 4734 3519 4786 alii
3570 4731 3708 4800 ipsiu

2158 4841 2370 4898 concilii
2396 4851 2659 4908 tempore,
2697 4835 2784 4887 alii
2815 4832 3069 4887 absoluto
3098 4829 3319 4881 demum
3341 4826 3577 4880 concilio
3611 4822 3742 4875 illud.

2156 4936 2405 4991 evenisse
2446 4938 2692 4985 narrant.
2753 4925 3122 4980 Posteriorem
3178 4919 3506 4974 sententiam
3569 4916 3740 4970 secuti

2158 5035 2288 5084 sunt
2326 5022 2554 5080 Michael
2586 5017 2911 5090 UlycasUil)
2934 5029 2997 5068 ac
3024 5013 3270 5067 Zonaras
3303 5008 3414 5080 (ιῖ)
3444 5027 3456 5062 :
3495 5005 3743 5062 scribunt

2166 5122 2311 5178 enim
2381 5115 2523 5187 quod
2591 5127 2713 5166 cum
2766 5107 3027 5178 Eutychis
3081 5101 3438 5168 Dioscorique
3501 5099 3744 5151 fautores

2161 5211 2380 5265 decreta
2415 5202 2635 5260 concilii
2660 5199 3087 5258 subsannarent,
3115 5192 3340 5261 ejusque
3358 5189 3739 5244 auctoritatem

2163 5318 2270 5358 non
2301 5297 2548 5357 veritate,
2576 5294 2670 5348 sed
2707 5290 2951 5362 potentia
2973 5283 3322 5355 imperatoris
3343 5281 3440 5335 niti
3472 5280 3744 5338 dicerent,

2166 5407 2330 5464 atque
2355 5392 2426 5446 ita
2453 5387 2776 5460 pravitatem
2809 5379 3092 5438 sententia
3117 5391 3229 5433 sua:
3283 5374 3531 5430 stabilire
3577 5385 3740 5427 cona-

2255 5614 2365 5679 (tl)
2396 5609 2592 5666 Annal.
2629 5609 2754 5662 Par.
2783 5621 2859 5668 Iv,
2895 5618 3016 5673 pag.

2251 5672 2361 5754 (42}
2392 5682 2590 5738 Annal.
2622 5680 2716 5735 lib.
2753 5691 2871 5742 xm,
2903 5672 3025 5742 cap.
3051 5672 3140 5725 25.
