4130 6304
285 378 353 440 38
1628 365 2226 432 PROLEGOIIENA-
3496 359 3565 422 34

282 505 487 559 rentur,
527 492 812 548 Anatolius
848 490 1181 563 patriarcha,
1215 491 1546 548 adversariis
1595 503 1865 546 convoca-

284 599 393 652 tis,
443 586 730 657 preposuit
771 594 830 639 ut
887 601 1234 656 unaquaque
1289 600 1416 656 pars
1477 585 1711 655 propria
1746 581 1865 635 fidei

285 680 590 750 symbolum
637 679 816 734 libello
870 679 1199 733 inscriberet
1223 720 1237 743 ,
1266 689 1322 734 et
1356 681 1408 732 in
1441 679 1621 732 loculo
1659 675 1715 731 S.
1759 675 1869 728 Eu-

284 773 510 842 p‘iemia
546 782 775 841 uterque
811 772 1027 826 libellus
1058 775 1464 842 deponeretur,
1518 780 1578 826 ιιι
1629 769 1865 840 gloriosa

285 867 394 920 hac
427 873 636 936 martyr
665 865 731 920 de
760 867 989 920 veritate
1021 877 1180 920 recta!
1215 864 1337 920 fidei
1370 863 1642 931 judicium
1703 861 1870 914 ferret

285 975 345 1012 ac
399 958 795 1012 testimonium.
869 957 983 1012 lloc
1033 967 1216 1013 autem
1280 957 1598 1012 consilium.
1634 971 1758 1008 cum
1816 964 1870 1008 et

289 1051 558 1105 hrcrcticis
597 1051 942 1118 placuisset,
985 1060 1198 1105 remoto
1227 1048 1408 1119 lapide
1433 1087 1449 1110 ,
1508 1048 1600 1117 qui
1634 1046 1869 1100 loculum

286 1144 594 1206 claudebat,
618 1144 728 1199 duo
757 1143 921 1198 libelli
960 1159 1124 1213 supra
1157 1153 1361 1198 sancta
1393 1141 1652 1210 martyris
1682 1150 1873 1209 pectus

287 1237 447 1304 positi
479 1245 649 1299 sunt,
700 1244 754 1291 et
783 1235 983 1291 deinde
1033 1237 1247 1292 loculus
1291 1251 1398 1291 non
1452 1233 1614 1289 modo
1674 1232 1872 1287 iterum

285 1334 531 1398 clausus,
561 1331 654 1386 sed
680 1332 847 1385 etiam
883 1330 1172 1399 utriusque
1200 1330 1373 1399 partis
1405 1328 1602 1399 sigillis
1625 1327 1872 1381 munitus

282 1433 331 1477 et
386 1422 728 1490 obsignatas.
785 1422 915 1475 Post
967 1422 1210 1477 triduum
1261 1436 1384 1475 cum
1435 1421 1870 1484 convenissent,

283 1514 613 1582 imperatore
640 1512 806 1568 etiam
843 1521 1148 1582 prasente,
1191 1521 1382 1582 aperto
1425 1512 1609 1568 loculo
1637 1553 1652 1577 ,
1695 1513 1872 1566 hare-

283 1610 516 1661 ticorum
545 1608 760 1663 libellus
791 1609 855 1662 ad
902 1610 1069 1677 pedes
1100 1609 1362 1678 martyris
1395 1607 1675 1676 projectus
1695 1645 1709 1670 ,
1736 1607 1876 1661 alter

283 1716 412 1756 vero
437 1702 490 1754 in
525 1716 689 1755 manu
721 1703 843 1770 ejus
873 1701 1066 1757 dextra
1101 1702 1358 1756 inventus
1409 1710 1515 1756 est.
1564 1699 1764 1754 Verum
1802 1715 1871 1754 ne

288 1794 417 1848 huic
472 1793 699 1850 Zonara
741 1793 1030 1866 Glycaque
1069 1794 1372 1848 narrationi
1422 1793 1677 1864 protinus
1714 1791 1872 1846 tidem

285 1896 524 1943 nostram
560 1897 885 1955 prastemus
919 1888 1174 1958 prohibet
1207 1886 1420 1953 Evagrii
1453 1927 1468 1950 ,
1505 1885 1874 1955 aliommque,

285 1981 376 2048 qui
404 1980 472 2033 de
501 1981 739 2035 concilio
771 1979 1206 2036 Chalcedonensi
1237 1981 1531 2049 scripsere,
1557 1978 1873 2045 silentium;

283 2085 408 2125 cum
441 2071 622 2127 minus
646 2079 796 2127 certe
823 2071 1106 2140 probabile
1134 2069 1385 2126 videatur
1412 2084 1524 2125 rem
1545 2069 1682 2124 adeo
1709 2069 1876 2121 mira-

284 2165 447 2220 bilem
482 2204 496 2230 ,
532 2179 595 2222 ac
635 2164 1022 2221 recordatione
1053 2163 1433 2231 dignissimam
1484 2169 1596 2215 tttm
1654 2160 1875 2216 demum

288 2266 362 2311 tot
416 2272 450 2310 a
484 2257 721 2312 concilio
763 2258 970 2326 elapsis
1003 2255 1219 2311 saculis
1249 2255 1487 2323 primum
1541 2254 1873 2308 innotuisse.

284 2351 350 2402 At
407 2364 541 2404 vero
600 2349 773 2420 magis
808 2349 1000 2420 procul
1048 2348 1220 2403 dubio
1262 2363 1292 2400 a
1341 2347 1568 2401 veritate
1620 2345 1877 2402 abhorret

283 2441 560 2498 Theodori
613 2442 760 2497 Besti
788 2483 803 2507 ,
860 2453 914 2496 ct
973 2438 1323 2496 Constantini
1366 2436 1455 2494 Tii
1485 2438 1729 2509 episc0pi
1763 2440 1876 2510 (45)

283 2535 497 2602 opinio,
527 2549 694 2603 quam
727 2533 1054 2604 Euthymius
1081 2545 1303 2603 quoque
1335 2529 1622 2601 amplexus
1651 2539 1757 2594 est,
1783 2531 1876 2600 qui

285 2626 388 2681 hoc
423 2626 757 2680 miraculum
799 2626 978 2696 ipsius
1022 2625 1243 2681 concilii
1294 2631 1543 2696 tempore
1590 2631 1875 2692 operatum

285 2717 464 2773 fuisse
538 2716 830 2772 atlirmant.
883 2716 956 2772 Ut
1011 2718 1155 2772 enim
1212 2717 1431 2786 egregie
1494 2715 1878 2770 animadvertit

286 2807 566 2864 Baronius
593 2808 731 2880 (44),
766 2810 811 2864 si
841 2809 943 2863 hoc
974 2809 1097 2864 fidei
1124 2809 1561 2879 experimentum
1595 2822 1624 2862 a
1651 2807 1876 2864 concilii

286 2898 550 2959 Patribus
579 2911 846 2956 tentatum
881 2901 1095 2968 fuisset,
1126 2915 1259 2956 sane
1281 2908 1402 2955 acta
1434 2909 1564 2954 tunc
1589 2901 1878 2970 diligenter

287 2993 605 3063 conscripta
634 3001 845 3047 tantum
877 2993 979 3048 hoc
1014 2993 1342 3048 miraculum
1405 2993 1556 3048 nullo
1596 2994 1758 3048 modo
1785 2993 1878 3048 si—

287 3085 552 3141 luissent.
579 3084 803 3141 Accedit
830 3085 1076 3155 insuper,
1113 3085 1257 3154 quod
1286 3101 1570 3156 nunquam
1603 3084 1793 3140 Patres
1825 3086 1879 3139 in

289 3179 657 3236 metunenicis
686 3178 938 3233 conciliis
988 3194 1054 3231 ex
1083 3178 1367 3234 miraculis
1414 3178 1752 3248 quasierunt
1785 3178 1885 3233 do-

287 3282 536 3341 gmatum
570 3272 880 3336 veritatem,
913 3287 1076 3341 quam
1117 3287 1181 3326 ex
1209 3271 1410 3327 divinis
1445 3272 1710 3340 imprimis
1735 3269 1885 3325 Scri-

292 3363 492 3432 pturis,
512 3373 570 3417 et
591 3362 829 3430 antiquis
851 3362 1112 3418 Ecclesia
1143 3361 1552 3425 traditionibus,
1573 3377 1637 3417 ac
1659 3361 1882 3417 demum

290 3469 356 3508 ex
393 3462 717 3508 sanctorum
755 3452 980 3507 Patrum
1013 3453 1417 3510 assertionibus
1445 3467 1716 3522 quaerere,
1756 3468 1883 3522 pro-

293 3563 499 3617 ponere
525 3591 540 3616 ,
578 3548 843 3603 aﬂirmare
870 3588 885 3613 ,
944 3557 1110 3618 atque
1160 3547 1411 3604 stabilire
1459 3557 1881 3602 consueverunt.

291 3638 646 3708 Quapropter
685 3639 918 3694 eruditis
970 3638 1104 3694 viris
1140 3638 1375 3694 libenter
1419 3638 1693 3692 assentior
1720 3678 1735 3703 ,
1791 3638 1883 3708 qui

293 3731 501 3800 Opinati
535 3738 667 3785 sunt
721 3730 824 3785 hoc
857 3730 1184 3785 miraculum
1223 3729 1620 3798 posterioribus
1670 3730 1888 3784 saculis

294 3824 466 3877 fuisse
499 3823 730 3876 omnino
763 3823 1056 3876 conlictum
1087 3862 1102 3886 ,
1139 3822 1395 3891 piamque
1444 3820 1585 3874 hanc
1633 3820 1886 3876 fabellam

291 3930 357 3969 ex
389 3915 528 3984 ipsis
555 3913 780 3968 concilii
845 3913 982 3968 actis
1016 3928 1126 3967 non
1163 3913 1302 3967 bene
1333 3911 1628 3967 intellectis
1677 3911 1887 3982 proﬂu-

295 4006 464 4062 xisse.
515 4004 710 4061 Patres
757 4020 996 4074 namque
1052 4003 1575 4069 Chalcedonenses,
1637 4004 1890 4059 absoluto

295 4099 559 4161 concilio,
601 4106 658 4150 ut
684 4096 1036 4153 ostenderent
1081 4096 1268 4149 omnia
1300 4134 1314 4156 ,
1365 4110 1486 4164 qua
1544 4095 1597 4150 in
1654 4096 1892 4151 concilio

297 4190 530 4245 feliciter
582 4200 737 4261 gesta
777 4192 1034 4253 fuerant,
1068 4189 1378 4255 patrocinio
1434 4197 1490 4242 et
1529 4187 1798 4258 auspiciis
1831 4187 1889 4240 S.

298 4279 620 4348 Euphemia
657 4295 778 4335 esse
811 4279 1119 4341 referenda,
1149 4279 1224 4331 ita
1253 4277 1306 4331 in
1341 4277 1539 4332 litteris
1562 4275 1628 4330 ad
1657 4275 1716 4330 S.
1741 4275 1883 4330 Leo-

300 4389 425 4428 ncm
465 4372 783 4442 pontificem
836 4370 980 4424 datis
1023 4371 1323 4438 loquuntur
1382 4368 1493 4435 (45)
1525 4383 1538 4421 :
1571 4368 1712 4422 Deus
1748 4369 1885 4422 enim

296 4472 412 4519 erat
447 4466 538 4534 qui
575 4463 892 4532 operabatur
915 4501 928 4527 ,
959 4472 1008 4515 et
1037 4475 1154 4531 quae
1205 4477 1300 4514 suo
1345 4461 1577 4513 thalamo
1614 4459 1892 4514 concilium

301 4559 577 4610 coronavit
629 4562 820 4609 ornata
875 4552 1060 4607 decore
1099 4553 1334 4606 victoria:
1389 4551 1731 4618 Eupliemia:
1779 4565 1896 4621 qua:

303 4660 559 4717 tanquam
607 4648 878 4716 prOpriam
931 4645 1314 4714 confessionem
1361 4643 1486 4712 ﬁdei
1534 4644 1893 4710 deﬁnitionem

305 4743 602 4805 suscipiens
635 4756 665 4791 a
691 4739 856 4800 nobis,
883 4753 976 4792 suo
1016 4753 1208 4804 sponso
1256 4752 1347 4803 per
1392 4736 1690 4800 piissimum
1731 4738 1895 4804 impc-

306 4844 561 4897 ratorem,
597 4843 647 4886 et
672 4832 900 4884 amicam
926 4829 1130 4884 Christi
1159 4829 1446 4898 Augustam
1465 4828 1669 4891 obtulit,
1694 4845 1895 4882 omnem

303 4926 517 4994 quidem
538 4923 987 4989 perturbationem
1015 4923 1403 4974 contrariorum
1427 4921 1638 4984 sedans,
1660 4922 1895 4974 veritatis

305 5025 485 5068 autem
510 5011 890 5083 confessionem
917 5010 1196 5071 roborans,
1234 5017 1287 5059 ut
1318 5008 1544 5059 amicam
1569 5046 1583 5070 ,
1630 5016 1676 5061 et
1710 5024 1893 5073 manu,

307 5129 370 5164 ac
400 5110 591 5178 lingua
635 5109 998 5162 universorum
1038 5105 1262 5159 decretis
1317 5119 1409 5167 pro
1455 5103 1896 5159 demonstratione

305 5202 672 5258 subscribens.
726 5199 988 5254 Praeterea
1039 5194 1446 5250 observandum
1503 5204 1587 5248 est
1632 5210 1848 5264 quoque
1879 5236 1894 5259 ,

308 5302 551 5368 pictores
577 5303 815 5356 veteres,
850 5301 908 5345 ut
943 5292 1042 5344 hoc
1072 5290 1249 5358 ipsum
1291 5286 1606 5356 Enphcmia
1635 5289 1893 5357 martyris

308 5405 436 5459 erga
495 5387 795 5441 concilium
855 5381 1220 5456 patrocinium
1288 5379 1713 5449 exprimerent,
1774 5393 1893 5436 eant

307 5484 565 5536 volumen
599 5494 762 5532 manu
789 5485 1060 5531 tenentem
1103 5473 1430 5543 quandoque
1478 5472 1532 5525 in
1585 5472 1784 5527 tabulis
1817 5471 1894 5527 ef-

313 5575 567 5639 finxisse,
594 5582 852 5639 tanquam
890 5568 1012 5622 fidei
1042 5565 1442 5636 professionem
1474 5561 1699 5619 Patrum
1732 5564 1894 5621 Chal-

385 5781 499 5847 (45)
536 5797 602 5832 .u
636 5777 856 5830 historm
891 5771 1365 5847 ξιιιξεηιὶοιιίεηςεε.
1395 5782 1548 5822 num.
1585 5781 1661 5820 ix.

388 5839 500 5920 (ιιι)
537 5851 615 5903 Ad
653 5861 852 5902 annum
887 5843 1012 5910 65I,
1045 5857 1190 5895 num.
1225 5839 1348 5893 1‘22.

1972 483 2365 539 cctloncnsinm
2424 480 2533 534 Deo
2596 477 2962 542 olTercntcm;
3006 475 3206 530 etenim
3281 475 3562 544 probabile

1974 578 2132 632 valde
2157 577 2373 631 videtur
2395 575 2538 644 quod
2566 571 2878 639 huiusmodi
2915 572 3078 624 etiam
3103 571 3330 639 pictura
3355 569 3561 625 Gracia

1974 669 2250 739 sequioris
2275 670 2372 723 avi
2402 667 2724 721 miraculum
2756 665 2889 719 illud
2916 662 3370 720 comminiscendi
3423 678 3562 733 pra-

1974 763 2194 817 buerint
2225 769 2632 831 argumentum.

2045 854 2185 908 XIII.
2213 854 2321 909 Nec
2360 853 2557 908 falsum
2590 861 2676 906 est
2711 856 2890 905 minus
2923 849 3092 913 aliud,
3133 849 3277 920 quod
3338 849 3550 920 Euthy—

1979 950 2122 1003 tnius
2156 950 2338 1003 statim
2381 948 2590 1011 subdit,
2618 947 2675 999 S.
2714 945 2905 998 Basilii
2934 944 3286 1006 miraculum,
3317 944 3420 998 etsi
3445 959 3566 998 om~

1981 1045 2148 1098 nibus
2177 1043 2539 1097 manifestum
2574 1051 2813 1096 asserat.
2851 1041 2985 1109 Ejus
3018 1054 3232 1093 summa
3289 1038 3405 1092 hac
3458 1045 3564 1093 est.

1977 1136 2116 1192 Cum
2155 1136 2344 1191 Ariani
2380 1134 2631 1190 Valentis
2663 1132 3016 1203 imperatoris
3050 1132 3174 1185 freti
3200 1130 3466 1199 potentia,
3499 1145 3568 1184 ex

1976 1231 2196 1285 Nicana
2256 1229 2488 1284 ecclesia
2541 1227 2850 1282 catholicos
2884 1226 3111 1278 militari
3145 1239 3309 1278 manu
3363 1223 3565 1292 ejecis-

1979 1332 2122 1390 sent,
2157 1323 2501 1378 orthodoxus
2546 1321 2784 1389 pupulus
2820 1317 2888 1373 ad
2933 1318 2989 1373 S.
3028 1317 3290 1370 Basilium
3325 1316 3568 1371 accurrit

1979 1416 2160 1469 multo
2191 1414 2430 1468 clamore
2462 1410 2815 1481 imperatoris
2877 1409 3134 1478 injuriam
3190 1407 3568 1476 expostulans.

1977 1506 2048 1562 ob
2073 1521 2238 1577 quam
2281 1521 2506 1562 causam
2543 1507 2933 1574 imperatorem
2967 1502 3255 1556 Valentem
3285 1501 3376 1554 ille
3406 1499 3567 1561 adiit,

1979 1614 2045 1654 ac
2076 1607 2227 1653 tanta
2246 1614 2370 1654 eum
2400 1599 2714 1668 eloquentia
2747 1605 3007 1664 tanquam
3037 1595 3222 1648 violati
3246 1593 3386 1664 juris
3419 1609 3570 1648 reum

1981 1683 2155 1740 libere
2197 1687 2530 1756 increpavit,
2565 1697 2626 1740 ut
2659 1687 2960 1756 imperator
3011 1685 3088 1738 rei
3136 1683 3403 1753 judicium
3466 1683 3572 1752 ipsi

1981 1774 2039 1833 S.
2072 1779 2274 1835 Basilio
2309 1780 2678 1835 commiserit.
2705 1778 2986 1836 Reversus
3013 1779 3197 1846 itaque
3219 1776 3282 1833 S.
3325 1776 3569 1832 Basilius

1977 1871 2213 1927 Nicaeam
2244 1882 2467 1943 pactum
2499 1887 2625 1927 cum
2655 1873 2880 1927 Arianis
2932 1872 3192 1931 tirmavit,
3255 1880 3317 1924 ut
3363 1870 3572 1925 clausis

1980 1967 2463 2035 ecclesiajanuis,
2492 1966 2787 2036 sigilloque
2823 1964 3158 2034 obsignatis,
3213 1964 3322 2017 utri
3365 1963 3574 2034 papqu

1980 2067 2103 2126 post
2138 2057 2383 2111 triduum
2411 2073 2487 2113 ea
2515 2067 2715 2127 sponte
2745 2059 3081 2127 patuissent,
3116 2059 3164 2114 is
3209 2059 3450 2114 ecclesia
3475 2073 3574 2128 po-

1981 2151 2202 2206 tiretur.
2248 2149 2384 2206 Cum
2462 2161 2645 2206 autem
2707 2153 2896 2207 Ariani
2945 2163 3060 2208 tres
3104 2152 3220 2208 dies
3272 2162 3574 2225 noctesque

1984 2244 2268 2312 precando
2328 2235 2784 2313 insumpsissent,
2825 2246 2918 2301 sed
2983 2247 3109 2302 inde
3170 2247 3446 2316 supplices
3501 2247 3572 2302 ad

1981 2337 2274 2392 ecclesiam
2314 2337 2594 2393 incassum
2629 2340 2902 2409 progressi
2953 2348 3160 2406 essent,
3221 2348 3356 2395 tunc
3413 2337 3574 2394 Basi-

1980 2429 2088 2484 lius
2143 2434 2406 2501 templum
2457 2432 2516 2486 S.
2575 2430 2852 2487 Diomedis
2912 2434 3172 2502 martyris
3225 2440 3384 2488 extra
3432 2433 3574 2487 civi»

1982 2529 2148 2577 tatem
2217 2530 2484 2578 oraturus
2544 2524 2832 2594 ingressus
2889 2533 2997 2588 est,
3045 2531 3099 2579 et
3147 2524 3363 2595 expleta
3412 2532 3577 2581 nocte

1985 2616 2237 2686 pervigili
2278 2618 2540 2685 p0pulum
2573 2618 2638 2672 ad
2684 2617 2873 2671 urbem
2931 2618 3197 2686 reduxit;
3239 2628 3292 2674 et
3348 2633 3474 2674 cum
3506 2618 3574 2672 ad

1978 2708 2268 2763 ecclesiam
2303 2709 2657 2775 accessisset,
2717 2711 2923 2764 clausa
2979 2709 3394 2782 obsignataque
3453 2709 3579 2779 ejus

1983 2802 2128 2857 fores
2194 2803 2378 2856 statim
2458 2812 2660 2872 aperta:
2731 2812 2861 2858 sunt
2938 2814 3198 2871 tanquam
3269 2803 3573 2860 vehementi

1980 2908 2117 2948 aura
2150 2895 2340 2963 pulsa,
2371 2902 2425 2947 et
2452 2892 2519 2948 ad
2556 2909 2746 2950 muros
2774 2896 2955 2949 illisa.
2999 2895 3124 2951 Hac
3185 2904 3270 2951 est
3302 2896 3569 2958 historia,

1981 2999 2144 3055 quam
2182 3000 2279 3056 pro
2342 2994 2491 3039 certa
2548 2996 2604 3040 et
2639 2987 2966 3042 inconcussa
3003 2989 3058 3042 in
3089 2988 3328 3043 medium
3381 2987 3580 3044 allerre

1983 3093 2094 3131 non
2127 3077 2344 3131 dubitat
2375 3078 2726 3148 Euthymius,
2779 3080 2875 3134 sed
2936 3095 3058 3148 qua
3106 3079 3357 3149 profecto
3411 3082 3579 3136 nimis

1985 3169 2268 3224 imbecillo
2330 3171 2528 3223 nititur
2586 3170 2967 3228 fundamento.
3026 3171 3277 3242 Scriptor
3329 3169 3576 3238 Graecus,

1986 3262 2078 3332 qui
2106 3262 2313 3329 primus
2339 3261 2594 3317 miraculi
2625 3262 2791 3331 hujus
2816 3263 3090 3329 meminit,
3116 3273 3199 3319 est
3228 3275 3425 3320 auctor
3441 3265 3582 3319 Vita

1989 3353 2046 3407 S.
2082 3352 2292 3415 Basilii,
2329 3368 2452 3422 qua
2479 3353 2688 3408 saculo
2721 3370 2837 3416 vni,
2865 3355 2949 3410 vel
3023 3357 3209 3427 potius
3242 3373 3296 3412 ιι
3354 3357 3578 3427 prodiit.

1988 3445 2166 3501 Fuere
2190 3447 2414 3516 quidem
2456 3449 2852 3520 nonnulli,qui
2928 3450 3071 3505 hanc
3117 3452 3296 3506 Vitam
3349 3451 3409 3513 S.
3451 3452 3582 3508 Ani-

1990 3539 2278 3608 philochio
2302 3540 2580 3596 Iconiensi
2611 3542 2894 3611 episc0po,
2923 3542 3145 3612 ipsique
3179 3543 3388 3600 Basilio
3416 3545 3582 3600 fami-

1991 3636 2294 3691 liarissimo
2334 3636 2500 3693 facile
2541 3639 2883 3705 tribuerunt,
2926 3641 3057 3710 quia
3092 3641 3145 3694 in
3202 3656 3334 3695 mss.
3374 3642 3582 3696 codici-

1993 3731 2097 3785 bus
2130 3731 2236 3785 sub
2267 3729 2638 3800 Amphilocbii
2672 3731 2900 3786 nomine
2959 3732 3234 3802 reperitur
3277 3731 3580 3802 descripta,

1991 3831 2047 3876 et
2098 3821 2228 3891 quia
2261 3831 2415 3876 certo
2439 3821 2650 3878 scimus
2685 3821 2742 3877 S.
2771 3824 3220 3894 Amphilochium
3253 3825 3580 3895 episcopum

1992 3915 2335 3970 Iconiensem
2363 3917 2642 3985 quoddam
2683 3917 2998 3971 encomium
3032 3914 3090 3972 S.
3126 3915 3315 3972 Basilii
3349 3917 3584 3987 posteris

1995 4008 2312 4078 reliquisse.
2362 4006 2568 4063 Verum
2620 4010 2936 4064 encomium
2971 4010 3077 4064 hoc
3112 4010 3178 4064 ad
3245 4025 3344 4064 nos
3406 4024 3584 4077 usque

1993 4100 2266 4168 pervenit,
2288 4107 2342 4154 et
2360 4098 2429 4155 ab
2451 4099 2557 4155 hac
2573 4102 2680 4155 vita
2705 4101 2850 4170 stylo
2881 4100 3083 4164 differt,
3105 4108 3159 4156 et
3184 4101 3371 4156 rebus.
3398 4099 3583 4166 Quare

1995 4193 2306 4247 communis
2333 4192 2655 4248 criticorum
2692 4203 2776 4250 est
2799 4195 3097 4260 sententia,
3136 4193 3580 4263 Amphilochium

1997 4281 2134 4337 Vita
2169 4282 2230 4336 S.
2267 4283 2455 4339 Basilii
2515 4285 2843 4354 scriptorem
2911 4297 3037 4352 post
3098 4293 3343 4354 tempora
3418 4284 3580 4352 longa

1997 4373 2067 4427 ab
2097 4381 2258 4428 atate
2285 4375 2464 4429 sancti
2502 4373 2751 4430 doctoris
2809 4375 3040 4438 vixisse,
3100 4383 3155 4428 et
3185 4391 3272 4430 res
3333 4389 3440 4428 non
3472 4388 3584 4430 asc

1996 4465 2168 4531 visas,
2199 4465 2294 4521 sed
2331 4466 2386 4519 in
2415 4465 2615 4537 vulgus
2643 4482 2870 4536 sparsas
2927 4469 3052 4522 sine
3111 4467 3325 4522 delectu
3371 4466 3584 4521 descri-

1997 4559 2202 4628 psisse,
2233 4569 2288 4613 et
2330 4559 2568 4615 fortasse
2618 4561 2986 4630 Amphilochii
3050 4576 3252 4614 nomen
3321 4561 3428 4616 sibi
3487 4574 3583 4615 asc

2000 4651 2416 4718 sumpsisse,ut
2466 4652 2617 4722 operi
2653 4667 2757 4707 suo
2813 4652 3200 4706 auctoritatem
3255 4651 3584 4706 conciliaret

1999 4747 2052 4792 et
2081 4740 2266 4794 fidem.
2330 4739 2619 4794 Communi
2675 4740 2804 4794 huic
2850 4741 3062 4808 judicio
3120 4740 3445 4795 adversatus
3496 4747 3586 4794 est

2001 4829 2333 4886 Franciscus
2359 4829 2748 4896 Combeiisius,
2775 4834 2863 4887 cui
2889 4833 3027 4887 hanc
3058 4847 3278 4902 quoque
3306 4829 3484 4884 Vitam
3519 4829 3580 4886 S.

1999 4921 2190 4975 Basilii
2227 4921 2284 4976 S.
2306 4923 2693 4992 Amphilochio
2726 4924 2986 4994 episeopo
3020 4923 3224 4992 placuit
3255 4922 3536 4978 vindicare
3565 4939 3579 4989 ;

1998 5015 2316 5084 compulsus
2343 5025 2430 5070 est
2460 5024 2640 5071 tamen
2659 5026 2713 5070 et
2761 5017 2876 5085 ipse
2913 5014 3078 5069 fateri
3146 5014 3315 5068 fuisse
3370 5013 3520 5066 illam
3550 5027 3580 5066 a

2003 5107 2314 5168 monachis,
2354 5121 2450 5176 per
2475 5121 2711 5175 quorum
2757 5121 2955 5159 manus
2990 5106 3226 5158 decursu
3267 5115 3578 5174 temporum

2001 5199 2245 5262 transiit,
2281 5199 2690 5267 interpolatam,
2723 5211 2774 5252 et
2804 5198 3124 5268 vulgaribus
3161 5198 3581 5258 traditionibus,

2001 5291 2053 5344 ni
2120 5296 2294 5346 mavis
2359 5292 2525 5344 etiam
2589 5290 2840 5344 confictis
2902 5291 2967 5344 ad
3021 5300 3276 5344 ornatum
3338 5290 3586 5344 mirificis

2001 5385 2415 5439 narrationibus
2485 5387 2855 5449 commistam,
2927 5393 2981 5437 et
3039 5394 3278 5436 auctam.
3334 5381 3582 5438 Graecum

2001 5474 2165 5543 hujus
2198 5476 2329 5531 Vita
2356 5486 2564 5529 textum
2609 5476 2799 5530 Latine
2824 5476 3055 5530 reddidit
3090 5474 3285 5542 Ursus,
3319 5475 3376 5530 S.
3408 5473 3472 5527 R.
3519 5475 3580 5528 Ε.

1999 5569 2399 5632 subdiaconus,
2425 5568 2718 5624 Anastasio
2765 5569 3188 5624 Bibliothecario
3240 5585 3456 5624 coavus
3484 5585 3498 5630 ;
3532 5577 3586 5620 rt

2055 5769 2166 5842 (15)
2194 5770 2339 5825 Intcr
2371 5771 2543 5841 Epist.
2580 5772 2638 5828 S.
2678 5771 2865 5827 Leonis
2902 5767 3105 5840 Magni,
3129 5786 3215 5840 ep.
3250 5769 3341 5836 98,
3378 5776 3510 5822 tum.
3538 5767 3581 5818 I.
