4050 6278
408 341 480 405 35
1742 323 2339 386 PROLEGOMENA.
3593 317 3660 383 36

405 447 536 516 quia
565 441 718 509 plura
750 446 1050 494 occurrunt
1075 437 1248 491 inhac
1272 433 1530 490 versione
1557 433 1639 489 vel
1665 434 1977 497 immutata,
2154 434 2299 491 XIV.
2327 432 2451 488 Haec
2482 441 2633 494 sunt,
2692 431 2776 485 vir
2831 429 2927 495 cl.,
2959 443 3082 500 quae
3145 430 3198 484 in
3259 430 3396 485 meis
3443 429 3666 487 sebedis

407 538 492 593 vel
518 535 747 602 adjecta,
777 534 857 584 Vel
895 530 1128 593 omissa,
1169 543 1400 584 necesse
1457 537 1547 584 est
1598 526 1782 581 dicere
1832 525 1980 595 quod
2088 530 2485 584 adnotaveram
2523 526 2590 581 de
2622 523 2916 596 Euthymio
2947 522 3246 593 Zigabeno,
3291 532 3350 578 et
3418 523 3487 578 de
3541 524 3664 593 ejus

406 630 584 686 Ursus
610 636 706 681 aut
731 626 978 681 codicem
1012 624 1078 678 ad
1139 638 1335 676 manus
1389 621 1640 676 habuerit
1683 619 1984 689 puriorem,
2089 621 2231 676 libro
2262 621 2541 675 invectivo
2571 630 2765 674 contra
2802 616 3141 689 Bogomilos,
3174 617 3333 687 cujus
3384 616 3668 688 fragmen-

409 731 503 778 aut
535 721 678 790 quod
711 734 931 789 aequum
961 719 1279 785 bonumque
1303 714 1526 768 duxerit
1559 727 1668 766 non
1695 715 1857 765 modo
1904 709 1991 762 in-
2091 725 2204 770 tum
2237 712 2527 777 ineditum,
2559 727 2584 765 a
2617 726 2703 767 me
2729 725 2796 766 ex
2838 708 3108 765 Vaticano
3161 711 3350 765 codice
3389 710 3519 766 olim
3567 711 3666 766 de-

411 816 670 885 terprelis
704 817 806 868 sibi
848 823 1032 883 partes
1079 831 1318 879 sumere,
1376 812 1474 868 sed
1541 814 1705 866 etiam
1761 809 1987 880 judicis.
2092 807 2386 876 scriptum,
2424 806 2738 874 nuncjuris
2775 805 2854 857 tui
2888 803 3066 858 libens
3100 803 3264 858 iacio.
3328 803 3493 857 Plura
3527 803 3666 872 adji-

409 909 580 962 l’orro
609 911 737 977 quia
772 910 916 962 inter
948 909 1154 962 Omissa
1188 909 1290 960 hoc
1321 909 1501 976 ipsum
1554 913 1638 958 est
1673 903 1740 956 ab
1778 901 1987 973 Euthy-
2088 917 2215 955 cere
2246 899 2551 969 potuissem
2585 914 2600 962 ;
2629 897 2725 953 sed
2751 905 2899 951 esset
2953 894 3202 965 profecto
3237 904 3434 966 praeter
3467 910 3664 964 propo-

411 1003 521 1056 mio
582 1015 942 1054 memoratum
1034 1002 1384 1062 miraculum,
1450 996 1744 1052 manifesto
1819 1005 1988 1065 patet,
2087 994 2255 1046 situm
2289 1001 2445 1044 tuum
2482 989 2680 1044 edendi
2723 998 2970 1043 veterum
3005 988 3343 1056 scriptorum
3370 987 3663 1049 anccdom.

408 1094 574 1148 etiam
607 1104 734 1147 ante
762 1093 1040 1165 Euthyrnil
1077 1101 1290 1148 aetatem
1330 1093 1460 1146 illud
1494 1091 1577 1145 vel
1611 1105 1713 1160 pro
1756 1091 1984 1157 penitus
2087 1085 2132 1139 si
2153 1084 2250 1138 tibi
2283 1085 2555 1138 mitterem
2584 1084 2857 1152 prolixum
2910 1080 2980 1136 de
3010 1079 3410 1151 Bogomilorum
3437 1079 3663 1136 historia

413 1187 571 1251 falso,
599 1188 680 1240 vel
711 1189 903 1242 saltem
954 1203 1052 1255 pro
1088 1187 1246 1241 valde
1285 1186 1454 1241 dubio
1488 1183 1661 1239 fuisse
1712 1183 1984 1237 habitum.
2084 1189 2404 1234 tractatum.
2427 1177 2581 1232 Vale.

2603 1345 3617 1376 m

1061 1354 2588 1373 *ψη-’μή

899 1571 2013 1753 EUTHYMII
2163 1559 3107 1742 ZIGABEN
3115 1563 3193 1736 Ι

1612 1953 2489 2050 COMMENTARIA

1217 2263 1496 2471 IN
1634 2253 2866 2468 PSALMOS

1033 2773 1083 2854 Α
1108 2771 1301 2857 ΝΤ.
1411 2762 2260 2859 BONGIOVANNI
2362 2764 3045 2858 PBIEFATIO.

494 3131 550 3188 Si
603 3132 730 3203 quis
779 3132 920 3187 scire
943 3133 1093 3201 cupit
1151 3131 1278 3200 quid
1313 3131 1368 3186 in
1429 3147 1595 3188 causa
1630 3133 1791 3186 nobis
1823 3131 2008 3196 luerit,
2063 3131 2420 3202 quamobrem
2456 3131 2591 3188 istos
2625 3131 2886 3203 Zigabeni
2913 3133 3357 3193 Commentarios
3385 3140 3438 3194 in
3475 3137 3663 3196 Theo-

424 3227 660 3297 phylacti
691 3241 917 3297 operum
947 3228 1188 3281 editione
1247 3228 1561 3282 locaremus
1594 3225 1672 3297 (a)
1703 3243 1718 3292 ;
1763 3228 1808 3282 si
1843 3227 2062 3296 paulum
2099 3228 2145 3282 is
2185 3227 2480 3280 attenderit
2514 3227 2581 3280 ad
2612 3242 2674 3281 ea
2707 3243 2828 3298 quae
2861 3229 2914 3281 in
2952 3227 3282 3286 Praefatione
3318 3247 3484 3302 supra
3526 3232 3671 3288 dixi-

427 3337 575 3386 mus,
615 3321 666 3377 id
697 3322 816 3392 ipse
847 3337 940 3389 per
974 3337 1032 3375 se
1071 3323 1230 3375 facile
1262 3321 1549 3390 intelliget.
1580 3320 1715 3374 Cum
1750 3321 1896 3373 enim
1922 3317 2585 3387 deessent'l‘heophylacti
2609 3317 3013 3374 Commentario
3052 3322 3105 3375 in
3137 3331 3343 3392 septem
3371 3325 3671 3396 prophetas

434 3415 671 3467 minores
698 3430 714 3478 ;
747 3429 921 3482 eaque
947 3429 1070 3483 qua:
1102 3414 1156 3468 in
1197 3413 1390 3468 codice
1415 3412 1685 3467 Bavarico
1718 3411 2152 3475 continerentur,
2183 3426 2289 3464 non
2335 3410 2750 3480 TheOphylacti,
2783 3413 2875 3467 sed
2910 3412 3241 3470 Theodoreti
3272 3431 3398 3472 esse
3421 3433 3673 3490 comper-

423 3517 538 3562 tum
569 3508 946 3570 habuerimus,
993 3522 1223 3562 necesse
1258 3518 1550 3577 prepterea
1577 3506 1679 3561 fuit
1707 3507 1775 3560 ad
1827 3506 1973 3560 aliud
2026 3505 2255 3561 alterius
2309 3504 2601 3573 scriptoris
2647 3519 2785 3575 opus
2818 3505 3134 3577 confugere,
3165 3524 3275 3579 quo
3325 3517 3557 3579 quartus
3582 3512 3672 3568 hie

422 3616 603 3657 tomus
635 3603 1029 3673 compleretnr.
1064 3601 1229 3655 Multa
1263 3616 1430 3671 porro
1487 3603 1646 3657 nobis
1672 3619 1738 3658 ex
1775 3601 2166 3670 manuscriptis
2224 3599 2508 3656 codicibus
2555 3600 2924 3669 suppetebant
2960 3605 3339 3671 pra‘stantium
3376 3615 3668 3662 auctorum

421 3710 611 3764 opera,
645 3698 888 3751 nondum
925 3698 1167 3766 vulgata,
1201 3697 1386 3750 omnia
1409 3711 1543 3752 sane
1564 3696 1726 3766 digna
1759 3710 1882 3764 quae
1909 3692 1964 3746 in
1989 3696 2164 3748 lucem
2196 3693 2595 3765 proferrentur.
2629 3690 2709 3744 Ex
2735 3691 2822 3746 his
2848 3702 3028 3746 tamen
3061 3693 3360 3764 delegimus
3392 3693 3672 3768 Euthymii

422 3793 683 3862 Zigabeni
707 3794 1121 3847 (lenimentaria
1155 3797 1209 3847 in
1241 3794 1515 3858 Psalmos,
1551 3793 1769 3848 duabus
1790 3794 1858 3848 de
1884 3792 2104 3847 causis:
2142 3792 2312 3844 altera
2340 3789 2483 3860 quod
2513 3789 2920 3860 Theophylacto
2946 3803 3045 3860 par
3070 3789 3287 3862 ingenio
3316 3800 3400 3847 est
3432 3791 3666 3862 Zigabe-

423 3900 568 3948 nus;
597 3887 790 3949 altera,
813 3887 958 3952 quod
991 3888 1043 3941 id
1074 3902 1214 3956 opus
1241 3887 1490 3954 ejusdem
1521 3887 1682 3957 plane
1704 3887 1921 3958 generis
1945 3895 2052 3951 est,
2083 3885 2245 3956 cujus
2275 3884 2672 3954 TheOphylaeti
2723 3885 2953 3952 scripta,
2985 3900 3106 3956 quae
3138 3889 3191 3940 in
3218 3888 3395 3943 sacris
3427 3887 3676 3960 Scriptu-

420 3983 499 4037 ris
529 3982 958 4052 interpretandis
987 3994 1362 4040 versarentur.

496 4077 669 4135 Venio
702 4096 846 4136 nunc
874 4082 940 4134 ad
971 4082 1218 4136 Latinam
1250 4081 1787 4151 interpretationem.
1848 4081 1924 4134 Ea
1953 4089 2040 4136 est
2074 4079 2248 4146 Sauli,
2305 4078 2553 4149 episcopi
2586 4077 2998 4148 Brugnateusis,
3030 4079 3145 4148 qui,
3183 4089 3241 4134 ut
3266 4079 3376 4136 fere
3407 4080 3484 4145 lit,
3511 4082 3670 4152 plura

421 4173 608 4237 modo,
637 4175 799 4228 modo
829 4176 1084 4244 pauciora
1123 4177 1176 4230 in
1217 4176 1410 4230 codice
1452 4190 1555 4230 suo
1588 4176 1814 4244 reperit,
1840 4190 2001 4244 quam
2041 4175 2095 4227 in
2161 4174 2351 4228 codice
2386 4173 2594 4228 Veneto
2621 4174 2984 4240 reperiantur.
3026 4170 3301 4226 Interdum
3334 4175 3498 4228 etiam
3527 4190 3673 4242 (piae-

419 4265 548 4318 dam
579 4283 641 4319 ex
677 4269 894 4337 ingenio
919 4284 1019 4321 suo
1051 4267 1222 4331 addit,
1248 4268 1650 4337 explanationis
1685 4268 1879 4337 gratia.
1913 4267 2045 4328 Quae
2069 4267 2250 4334 itaque
2277 4265 2494 4320 duobus
2517 4263 2676 4317 uncis
2707 4265 2826 4320 istis
2855 4264 2897 4332 ()
2930 4263 3282 4328 clauduntur,
3310 4280 3373 4343 ea
3403 4265 3456 4319 in
3483 4267 3674 4321 codice

424 4362 632 4415 Veni-to
681 4362 1092 4427 desiderantur;
1127 4379 1249 4429 qua:
1270 4379 1400 4418 vero
1432 4363 1605 4431 signis
1635 4362 1720 4416 his
1745 4381 1799 4414 ι»
1839 4370 2122 4423 notantur,
2159 4378 2222 4416 ea
2278 4362 2474 4415 desunt
2511 4362 2564 4415 in
2595 4362 2804 4422 codice.
2833 4376 2942 4429 quo
2977 4377 3109 4417 usus
3147 4369 3232 4416 est
3259 4348 3484 4416 Latinus
3529 4363 3669 4417 idem

428 4453 703 4520 interpres
732 4467 747 4516 ;
777 4467 953 4519 eaque
978 4467 1045 4504 ex
1079 4453 1277 4507 codice
1307 4451 1515 4506 Veneto
1548 4452 1735 4507 Graece
1761 4461 1814 4503 et
1840 4450 2034 4504 Latine
2065 4451 2223 4520 primi
2254 4451 2468 4505 damus.
2497 4451 2624 4506 Haec
2657 4452 2825 4509 semel
2858 4454 2960 4507 hoc
2982 4453 3101 4506 loco
3124 4455 3400 4509 monuisse
3419 4453 3669 4524 sulliciat,

423 4560 496 4597 ne
531 4544 717 4598 eadem
748 4544 980 4612 singulis
1019 4544 1131 4598 fere
1169 4546 1402 4614 paginis,
1439 4546 1604 4614 idque
1635 4545 1858 4614 sepius,
1891 4545 2176 4607 iterantes,
2213 4543 2492 4599 fastidium
2520 4546 2827 4617 legentibus
2870 4561 3209 4601 moveamus.

495 4634 615 4690 Jam
641 4651 770 4689 vero
803 4636 870 4689 de
902 4636 1084 4705 operis
1113 4638 1426 4708 praestantia
1478 4652 1944 4707 supervacaneum
1975 4646 2060 4691 est
2093 4636 2299 4691 dicere.
2338 4635 2486 4693 Satis
2516 4639 2661 4692 enim
2688 4654 2747 4692 se
2785 4638 2961 4707 ipsum
2999 4637 3295 4706 legentibus
3323 4638 3674 4709 commendat

419 4726 932 4793 commcndavitque
971 4743 1184 4792 semper
1206 4727 1399 4782 merito
1454 4743 1558 4783 suo
1615 4728 1968 4796 auctorisque
1990 4729 2074 4782 sui
2117 4728 2478 4794 celebritate;
2517 4744 2625 4798 quo
2677 4731 2871 4782 merito
2893 4744 3068 4798 quave
3101 4727 3418 4784 celebritate
3463 4727 3669 4782 factum

425 4824 534 4878 est,
562 4822 620 4868 ut
651 4817 852 4883 sapius
885 4817 1259 4872 recuderetur.
1283 4816 1475 4872 Plures
1501 4818 1644 4872 enim
1669 4828 1793 4871 ante
1811 4817 1953 4873 hanc
1981 4819 2100 4889 ejus
2119 4817 2302 4888 operis
2329 4817 2601 4874 editiones
2622 4817 2827 4872 Latina:
2846 4819 3198 4888 prodierunt;
3228 4818 3396 4872 altera
3419 4815 3670 4880 Veronze,

423 4908 600 4964 altera
622 4906 883 4972 Venetiis,
909 4909 1133 4966 Parisiis
1155 4911 1296 4975 aliae,
1323 4910 1441 4965 alia:
1468 4909 1591 4966 aliis
1624 4912 1677 4964 in
1700 4910 1858 4973 locis,
1899 4909 2041 4976 Quid
2071 4911 2172 4963 hoc
2204 4909 2307 4964 sibi
2340 4909 2489 4962 vult?
2517 4908 2569 4963 Id
2601 4925 2740 4979 opus
2775 4909 3031 4963 nimirum
3063 4923 3185 4964 esse
3214 4911 3371 4979 longe
3405 4909 3672 4977 optimum

429 5011 592 5069 atque
617 5005 1134 5070 praestantissimum
1159 5019 1173 5056 :
1198 5005 1251 5058 ni
1284 5004 1430 5059 enim
1466 5004 1572 5058 tale
1595 5014 1763 5070 esset,
1798 5004 2014 5074 placere
2047 5012 2333 5074 tantopere
2371 5019 2478 5058 non
2527 5006 2818 5074 potuisset,
2857 5003 3016 5074 idque
3042 5017 3277 5073 semper,
3308 5009 3361 5056 et
3395 5003 3675 5066 omnibus,

429 5102 484 5147 et
523 5095 748 5162 ubique.
781 5095 937 5160 Quod
988 5100 1032 5152 si
1092 5107 1380 5168 tantopere
1433 5098 1635 5168 placuit
1665 5099 1857 5153 Latine
1895 5108 2127 5159 tantum,
2179 5108 2368 5152 extera
2402 5097 2620 5168 lingua,
2647 5099 2856 5152 auctori
2897 5112 2997 5151 suo
3029 5097 3185 5166 plane
3221 5097 3428 5165 ignota,
3472 5105 3674 5164 quanto

431 5187 628 5255 magis,
668 5196 848 5256 putas,
887 5187 937 5240 id
978 5191 1211 5258 placebit
1246 5191 1431 5245 Graeca
1469 5191 1672 5260 lingua,
1702 5206 1808 5258 qua
1843 5199 2035 5244 auctor
2068 5190 2322 5260 egregius
2355 5189 2626 5260 scripsit?
2655 5188 2793 5243 Cum
2834 5187 3028 5241 Latina
3063 5187 3224 5242 verba
3261 5186 3415 5256 legis,
3449 5185 3673 5241 Sauluut

427 5280 627 5344 audis;
663 5295 783 5332 cum
831 5281 1017 5334 Gra'ca
1039 5322 1053 5345 ,
1088 5283 1444 5352 Zigabeuum.
1480 5284 1713 5338 Tantum
1769 5297 1935 5352 porro
1965 5283 2106 5336 inter
2144 5282 2247 5337 hoc
2289 5292 2451 5352 atque
2484 5283 2613 5337 illud
2660 5284 2909 5349 interest,
2943 5291 3202 5350 quantum
3229 5281 3369 5336 inter
3399 5280 3672 5335 hominem

431 5371 668 5432 intersit,
698 5380 750 5426 et
779 5373 898 5440 ejus
931 5374 1243 5443 imaginem,
1277 5391 1396 5446 quae
1427 5376 1478 5428 in
1506 5380 1727 5446 speculo
1760 5385 2208 5444 reprmsentatur.
2237 5377 2314 5430 Ex
2353 5377 2576 5446 eptimis
2604 5391 2767 5447 porro
2796 5375 3039 5430 fontibus
3075 5376 3253 5430 hausit
3276 5383 3469 5430 auctor
3492 5385 3678 5429 noster

431 5469 706 5535 egregius,
741 5479 796 5520 ut
826 5473 1157 5536 experientia
1188 5474 1331 5526 docti
1389 5482 1730 5542 compertum
1795 5473 2080 5525 habemus.
2109 5473 2374 5527 Praeclare
2407 5473 2625 5540 quidem
2662 5473 2707 5527 is
2740 5471 2960 5528 disserit
2993 5472 3047 5525 in
3072 5470 3400 5526 versiculum
3438 5469 3675 5540 primum

432 5558 622 5624 psalmi
657 5559 812 5628 primi
848 5557 1042 5612 Beatus
1075 5563 1173 5626 vir,
1207 5562 1410 5618 docens
1449 5579 1542 5632 per
1585 5564 1760 5616 virum
1796 5577 1900 5616 non
1934 5563 2154 5616 excludi
2190 5563 2471 5617 mulierem
2499 5580 2513 5628 ;
2545 5574 2599 5616 at
2632 5562 2767 5628 haec,
2799 5572 2854 5617 ut
2892 5562 3148 5633 pleraque
3181 5562 3308 5630 alia,
3342 5562 3677 5632 deprompsit

492 5762 561 5821 (τι)
597 5759 704 5821 Opp
759 5762 1135 5826 Thcophylacti,
1164 5765 1342 5816 Venet.
1374 5766 1591 5814 1758-65.
1628 5794 1676 5802 —
1707 5764 2003 5825 Purroloqiw
2036 5771 2152 5814 tom.
2183 5764 2598 5815 CXXlll-CXXVI.
