4130 6304
425 470 489 538 37
1765 462 2356 527 PROLEGOMENA.
3615 452 3687 517 38

425 599 489 637 ex
534 582 738 641 Basilio
769 582 869 657 (η),
909 585 994 641 vel
1047 584 1415 640 Theodorcto.
1445 581 1594 639 Scite
1628 580 1771 638 idem
1806 581 2202 650 interpretatur
2236 574 2568 633 versiculum
2602 576 2823 630 tertium
2868 582 2923 630 et
2959 589 3164 630 nonum
3194 572 3388 645 psalmi
3426 571 3684 639 secundi,

428 670 813 747 Dirumpamus
836 675 1047 731 vincula
1075 692 1259 731 eorum
1285 692 1302 731 :
1338 692 1484 745 reges
1519 691 1607 729 eos
1631 674 1684 728 in
1714 674 1861 744 virga
1885 673 2079 743 ferrea,
2118 686 2216 740 per
2244 670 2518 724 tinculum
2550 665 2835 722 Judaicam
2862 669 3056 736 legem,
3087 681 3184 737 per
3215 666 3421 737 virgam
3459 676 3684 719 crucem

429 766 742 841 intelligens
783 779 881 826 :at
919 770 1054 837 iter,
1093 779 1151 826 ut
1197 771 1299 825 alia
1335 772 1473 825 bene
1501 769 1693 834 multa,
1750 766 2087 836 deprompsit
2132 782 2198 819 ex
2251 778 2446 834 magno
2478 762 2778 818 Athanasio
2815 762 2909 831 (ὁ).
2943 760 3171 831 Egregie
3201 774 3421 830 quoque
3455 757 3687 813 disserit

432 866 499 920 de
555 876 763 937 septem
819 882 1101 923 sacrarum
1142 869 1555 938 Scripturarum
1587 866 1944 927 cditionibus,
1974 879 2083 933 quo
2121 877 2351 931 qumque
2384 869 2651 929 tempore,
2684 868 2737 913 et
2768 873 2796 910 a
2831 872 2939 926 quo
2972 857 3190 925 scripta:
3220 855 3445 907 fuerint.
3474 851 3677 907 Verum

431 959 546 1014 haec
579 960 885 1033 desumpsit
913 978 978 1017 ex
1014 972 1246 1016 auctore
1271 961 1597 1032 Synopscoa,
1659 975 1783 1029 qua:
1812 972 2007 1027 magno
2035 954 2209 1010 cidem
2244 953 2547 1007 Athanasio
2575 951 2858 1005 tribuitur.
2883 948 3015 1014 Qua:
3042 962 3168 1002 vero
3193 948 3260 1001 de
3294 944 3581 1003 Psalterio.
3621 941 3697 996 de

431 1056 556 1122 ode,
603 1057 671 1112 de
709 1058 1101 1127 diapsalmate,
1167 1059 1234 1112 de
1286 1058 1500 1112 caeteris
1539 1058 1792 1112 edisserit
1821 1055 1873 1109 in
1912 1052 2182 1123 protentio
2225 1050 2558 1118 Zigabcnus,
2585 1063 2673 1109 ea.
2704 1058 2761 1101 ut
2794 1049 2895 1101 alia
2938 1045 3247 1112 complura,
3280 1038 3564 1104 αὐτολεξεί
3592 1041 3693 1092 de-

435 1151 706 1219 prompsit
734 1166 798 1205 ex
828 1148 1051 1205 Eusebii
1078 1148 1345 1218 Pamphili
1366 1157 1712 1219 argumento,
1749 1147 2086 1217 reliquisque
2112 1143 2524 1198 commentariis
2560 1141 2611 1194 in
2643 1140 2901 1195 l‘salmos.
2943 1138 3209 1204 Quoniam
3243 1144 3421 1189 autem
3450 1134 3504 1187 in
3540 1132 3695 1187 hunc

430 1243 608 1296 locum
654 1244 971 1306 incidimus,
1009 1257 1190 1312 opera:
1219 1242 1451 1310 pretium
1482 1244 1742 1298 ducimus
1781 1242 1867 1295 hic
1916 1238 2181 1293 exhibere
2222 1236 2531 1309 argumenti
2593 1234 2767 1303 ipsius
2800 1233 3039 1296 initium,
3070 1227 3215 1299 quod
3247 1226 3302 1280 in
3334 1226 3694 1313 celeberrima

431 1335 728 1390 clarissimi
772 1334 1170 1393 Montfauconii
1209 1334 1461 1389 editione
1508 1332 1873 1387 desideratur.
1924 1330 1979 1384 ld
2035 1339 2216 1383 autem
2262 1326 2658 1397 exscripsimus
2685 1340 2750 1379 ex
2783 1324 3159 1406 vetustissimo
3184 1325 3374 1379 codice
3419 1314 3693 1374 Bernardi

431 1426 815 1489 Nani..Veneti
841 1429 1138 1491 senatoris,
1166 1430 1341 1497 n‘uper
1388 1426 1548 1497 (proh
1580 1425 1736 1480 dolor
1762 1425 1775 1478 l
1799 1425 1817 1494 )
1840 1422 1953 1478 fato
1991 1422 2189 1485 functi.
2254 1423 2321 1477 de
2357 1437 2416 1475 re
2440 1419 2703 1474 litteraria
2743 1419 2948 1488 optime
2984 1416 3185 1481 meriti,
3215 1416 3309 1489 qui
3341 1432 3464 1472 eum
3491 1414 3695 1468 multos

432 1518 675 1587 undique
704 1515 926 1573 codices
961 1516 1354 1587 conquisisset,
1381 1531 1547 1586 Opera
1583 1512 1769 1569 Jacobi
1798 1514 2008 1577 fratris,
2039 1514 2246 1567 strenui
2278 1512 2402 1579 viri,
2434 1511 2649 1565 navium
2683 1510 2945 1579 praefecti,
2971 1524 3065 1563 eos
3101 1509 3255 1575 mihi,
3294 1518 3552 1577 tanquam
3578 1523 3691 1563 rem

434 1627 633 1672 meam.
663 1610 898 1667 utendos
930 1612 1328 1668 humanissime
1352 1612 1648 1668 concessit.
1689 1611 1762 1664 Ex
1790 1612 1876 1665 his
1924 1610 2106 1683 itaque
2130 1610 2436 1676 codicibus,
2475 1609 2566 1679 qui
2590 1622 2821 1662 numero
2859 1604 3052 1660 XXXII
3080 1613 3323 1673 notatur,
3355 1605 3437 1662 sic
3470 1604 3695 1661 Eusebii

432 1715 815 1774 argumentum
845 1707 898 1760 in
923 1705 1168 1763 l‘salmos
1193 1706 1414 1761 exhibet
1439 1721 1452 1757 :

1452 1800 1768 1864 Ὑπόθεσις
1800 1798 2097 1853 Εὑσεόἰου
2126 1799 2218 1863 εὶς
2244 1797 2310 1852 τὸ
2339 1796 2685 1867 Atriddea.

504 1888 774 1953 Πολλάκις
802 1889 1045 1963 ζητήσας
1063 1895 1163 1965 τὴν
1184 1893 1366 1947 αἰτίαν
1384 1893 1478 1948 τοῦ
1504 1895 1909 1965 ἐπιγράφεσθαι
1941 1892 2147 1965 μεταξύ
2176 1910 2341 1946 τινων
2367 1890 2601 1963 ψαλμῶν
2623 1889 2930 1961 διαψαὶμα,
2950 1888 3178 1959 ὔστερον
3208 1888 3613 1960 παρατηρήσας
3634 1888 3693 1943 ἐν

430 1981 509 2050 τῷ
545 1980 845 2053 Ἐὄραῖκῷ,
879 1987 973 2039 καὶ
1008 1983 1376 2051 συνεξετάσας
1406 1976 1643 2057 cetera
1685 1986 2021 2059 Ἑλληνικὸν,
2047 1981 2230 2057 εὖρον,
2260 1986 2344 2039 ὅτι
2363 1987 2497 2043 ὅπου
2544 1984 2826 2056 Ἐἦραῖστὶ
2854 1983 2964 2049 σὲλ,
3014 1980 3320 2052 Ἑλληνιστὶ
3343 1981 3399 2034 δὲ
3430 1981 3541 2046 ἀεὶ,
3569 1984 3695 2055 ἤτοι

432 2076 662 2147 τοιοὺτῳ
687 2076 1071 2151 ἰσοδυναμοῦν,
1099 2082 1216 2135 ἐκεῖ
1236 2083 1287 2135 oi
1312 2077 1391 2149 0',
1416 2082 1513 2135 καὶ
1537 2081 1856 2147 Θεοδοτίων,
1877 2084 1973 2135 καὶ
1997 2080 2297 2153 Σύμμαχος
2318 2080 2516 2146 ἔταξαν
2543 2080 2604 2133 τδ
2624 2078 2929 2151 διάψαλμα.
2961 2075 3253 2149 Ἐγραψαν
3282 2075 3463 2130 τοίνυν
3487 2077 3549 2131 τὸ
3576 2077 3697 2133 διά-

431 2172 625 2243 ψαλμα
655 2192 710 2230 κ.
746 2193 800 2230 τ.
842 2175 894 2230 λ.

511 2266 641 2322 Ilzrc
668 2267 831 2326 divus
865 2268 1233 2344 Ilieronymus
1262 2270 1334 2343 (c)
1371 2271 1445 2327 ita
1473 2270 1668 2325 Latine
1696 2269 1957 2324 reddidit.

512 2378 532 2410 ι
569 2358 726 2428 Stpe
754 2376 1006 2432 quaerens
1035 2376 1258 2428 causas,
1293 2378 1393 2416 cur
1416 2362 1470 2416 in
1495 2360 1827 2432 quibusdam
1886 2360 2110 2430 psalmis
2156 2365 2534 2432 interponatur
2569 2362 2898 2430 diapsalma,
2959 2362 3245 2417 observavi
3280 2358 3698 2431 diligentissime

435 2453 491 2505 in
561 2448 812 2519 Hebraeo,
849 2463 903 2509 et
963 2468 1089 2511 cum
1140 2451 1335 2510 Graeco
1394 2454 1627 2519 contuli,
1690 2453 1985 2525 iuvenique
2029 2458 2160 2525 quia
2209 2456 2300 2509 ubi
2336 2455 2517 2525 lingua
2553 2454 2781 2510 Hebraea
2823 2452 2949 2511 Scia
2978 2457 3101 2527 (ms.
3135 2455 3246 2524 Sel)
3300 2456 3480 2520 habet,
3510 2453 3697 2511 Graiea

439 2559 572 2598 vero
619 2560 846 2614 semper,
893 2552 986 2601 aut
1041 2547 1248 2617 aliquid
1282 2546 1618 2612 istiusmodi,
1664 2544 1737 2599 ibi
1781 2544 2163 2619 Septuaginta,
2198 2544 2638 2614 etTheodotiun,
2672 2555 2729 2602 et
2758 2546 3123 2619 Symmachus
3151 2548 3546 2603 transtulerunt
3582 2547 3696 2601 dia-

437 2638 665 2706 psalma.
690 2659 710 2693 ι

515 2733 639 2791 llaec
674 2736 965 2795 Eusebius.
994 2737 1062 2791 ab
1092 2734 1327 2809 Origene
1355 2742 1638 2791 mutuatus
1666 2734 1732 2789 ad
1761 2733 2013 2789 verbum.
2038 2733 2097 2789 Id
2128 2744 2309 2789 autem
2341 2734 2707 2791 libentissime
2753 2736 2969 2802 damus,
3010 2750 3186 2806 eoque
3223 2737 3386 2791 etiam
3420 2736 3701 2797 libentius.

442 2832 588 2899 quod
618 2828 835 2886 Eusebii
875 2832 1096 2885 nomine
1128 2830 1369 2885 nondum
1388 2828 1670 2900 vulgatum
1710 2833 1816 2891 est,
1854 2827 2111 2896 quodque
2134 2835 2247 2881 tum
2291 2824 2551 2893 Eusebio,
2590 2835 2704 2881 tum
2752 2828 3069 2899 Euthymio,
3102 2838 3217 2883 tum
3251 2833 3414 2886 etiam
3458 2830 3703 2905 Origeui.

445 2918 593 2973 unde
619 2930 897 2989 sumptum
936 2928 1044 2987 est,
1083 2920 1412 2976 illustrando
1466 2920 1761 2990 plurimum
1793 2918 2029 2974 confert.
2055 2917 2130 2972 Ex
2163 2918 2248 2973 his
2281 2918 2449 2989 igitur
2500 2920 2758 2976 omnibus
2793 2920 2979 2976 hausit
3013 2920 3343 2991 Zigabeuus,
3395 2937 3495 2976 nec
3525 2940 3587 2976 ex
3618 2924 3705 2979 his

445 3013 645 3079 Solum,
681 3012 775 3069 sed
807 3014 973 3066 etiam
1007 3027 1075 3066 ex
1116 3011 1263 3076 aliis,
1293 3025 1529 3081 quorum
1560 3023 1726 3078 opera
1760 3017 1856 3062 aut
1908 3007 2330 3073 interciderunt,
2362 3021 2455 3062 aut
2484 3010 2536 3062 in
2576 3009 2923 3066 bibliothecis
2954 3015 3327 3081 manuscripta
3354 3013 3704 3071 delitescunt.

453 3105 616 3176 Lege,
660 3106 705 3159 si
736 3107 937 3174 placet,
967 3103 1222 3176 Origenis
1248 3101 1538 3173 Exegetica
1566 3103 1621 3155 in
1652 3101 1923 3163 Psalmos,
1957 3114 2221 3170 percurre
2253 3099 2436 3155 Basilii
2461 3100 2925 3169 Commentarios,
2960 3105 3181 3160 revolve
3213 3104 3471 3177 llesychii
3510 3106 3709 3162 Hiero-

448 3200 765 3271 solymitani
800 3196 1060 3263 Scholia;
1089 3197 1176 3252 adi
1208 3197 1268 3250 S.
1298 3196 1567 3251 Joannem
1600 3195 2075 3265 Cbrysostomum,
2116 3192 2173 3248 S.
2212 3193 2475 3265 Cyrillum
2507 3195 2962 3263 Alexandrinum,
2993 3206 3222 3252 caeteros
3246 3196 3299 3251 in
3338 3200 3520 3253 aureis
3541 3199 3714 3255 Cater—

450 3297 537 3351 nis
571 3295 963 3362 inanuseriptis
996 3293 1199 3349 Greca:
1229 3291 1289 3347 D.
1324 3291 1487 3346 Marci
1528 3290 1892 3353 bibliothecae,
1922 3305 1986 3343 ex
2019 3289 2218 3358 quibus
2244 3289 2501 3345 omnibus
2533 3290 2701 3355 multa
2735 3289 3069 3361 Zigabeuum
3103 3291 3517 3364 deprompsisse
3543 3310 3711 3350 com-

449 3387 651 3459 perics.
678 3382 814 3439 Cum
848 3386 1035 3456 itaque
1053 3383 1511 3452 praestantissimo
1540 3382 1761 3453 ingenio
1783 3380 2198 3451 sitZigabenus,
2225 3394 2349 3433 cum
2379 3395 2443 3434 ex
2474 3380 2696 3450 optimis
2730 3382 2847 3452 ipse
2870 3381 3116 3439 fontibus
3152 3383 3418 3449 hauserit,
3450 3388 3717 3458 Origener

446 3476 775 3543 Athanasio,
801 3474 1023 3532 Basilio.
1050 3475 1470 3547 Chrysostomo,
1499 3473 1793 3545 llesychio,
1830 3473 2048 3528 caeteris
2083 3488 2098 3525 :
2155 3486 2339 3535 nemo,
2371 3473 2589 3542 opinor,
2618 3476 2853 3544 amplius
2887 3477 3199 3546 mirabitur,
3233 3479 3380 3547 quod
3412 3490 3518 3534 tam
3545 3496 3706 3550 egre-

448 3568 538 3638 gia
573 3566 686 3621 sint
718 3568 837 3636 ejus
870 3567 1279 3621 Commentaria
1312 3565 1367 3620 in
1401 3565 1675 3629 Psalmos,
1707 3564 1965 3634 quodque
2005 3566 2139 3620 viris
2167 3569 2402 3625 eruditis
2458 3577 2745 3638 tantopere
2769 3585 2987 3642 semper
3013 3571 3342 3641 placuerint.
3374 3572 3529 3638 Quod
3581 3590 3705 3628 cum

448 3664 523 3719 ita
548 3665 642 3727 sit,
695 3672 1039 3735 pergratum,
1094 3661 1316 3733 opinor,
1352 3677 1561 3732 perque
1588 3663 1892 3733 jucundum
1924 3664 2184 3720 omnibus
2215 3665 2322 3720 erit
2355 3665 2409 3720 id
2446 3679 2608 3735 opus,
2644 3666 2788 3736 quod
2820 3665 2926 3730 ipsi
2963 3666 3126 3737 primi
3157 3667 3349 3724 Graece
3377 3668 3597 3734 damus,
3628 3686 3694 3723 ea

449 3768 650 3825 nempe
684 3754 890 3826 lingua,
918 3769 1025 3825 qua
1056 3764 1254 3809 auctor
1288 3754 1378 3809 hic
1403 3753 1642 3809 eximius
1676 3755 2030 3824 conscripsit.
2066 3753 2247 3825 Equo
2277 3757 2445 3828 igitur
2483 3757 2669 3813 animo
2696 3757 2823 3820 viri,
2857 3765 3129 3828 quotquot
3177 3761 3312 3817 estis
3343 3759 3396 3813 in
3426 3760 3561 3815 orbe
3595 3771 3709 3814 ter-

448 3861 639 3905 rarum
672 3847 902 3913 eruditi,
924 3848 1115 3911 istbmc
1141 3845 1359 3917 egregia
1394 3853 1508 3901 tum
1534 3845 1949 3918 'l'heophylacti,
1985 3858 2099 3903 tum
2130 3848 2390 3920 Zigabeui
2420 3864 2610 3922 opera,
2634 3864 2758 3921 qum
2783 3850 3533 3922 nondumlucem_viderunt,
3558 3856 3715 3908 exei:

451 3945 589 4017 pitc.

527 4036 724 4092 Verum
755 4043 1046 4106 antequam
1082 4032 1299 4105 praefari
1331 4033 1548 4101 desino,
1580 4049 1749 4087 unum
1775 4033 1958 4090 adhuc
1988 4047 2204 4097 moneo.
2239 4051 2432 4106 nempe
2454 4034 2920 4093 Commentarium
2946 4037 3000 4091 in
3025 4035 3293 4104 Psalmos,
3321 4039 3415 4108 qui
3455 4037 3510 4094 in
3544 4039 3715 4095 Calav-

459 4130 587 4202 logo
624 4130 890 4187 librorum
939 4138 995 4183 et
1024 4128 1527 4199 manuscriptorum
1558 4130 1902 4185 biblimhecre
1930 4128 2466 4201 Regio-Parisiensis
2507 4128 2917 4201 Theophylacto
2955 4141 3147 4186 nostro
3177 4132 3526 4198 inscribitur,
3561 4132 3721 4187 hune

449 4224 708 4282 eumdem
758 4236 905 4285 esse,
956 4235 1121 4290 quem
1175 4221 1265 4275 hic
1324 4219 1562 4283 edimus,
1599 4218 1875 4290 Euthymii
1910 4219 2195 4290 Zigalieni,
2225 4236 2497 4291 quemque
2538 4236 2682 4290 saepe
2704 4220 2932 4275 Parisiis
2965 4221 3321 4290 promissum,
3354 4231 3408 4278 et
3437 4224 3717 4291 nondum,.

450 4332 578 4373 eum
608 4317 803 4370 tertius
832 4313 1088 4369 ederetur
1109 4319 1315 4378 tomus,
1345 4327 1374 4365 a
1407 4312 1568 4367 nobis
1598 4321 1883 4381 acceptum
1918 4310 2112 4377 fuisse,
2142 4318 2356 4367 monuit
2383 4313 2478 4383 qui
2506 4314 2561 4368 in
2592 4314 2768 4383 ipsum
2800 4312 3060 4381 praelatus
3092 4322 3175 4368 est
3202 4324 3338 4370 sect.
3372 4312 3515 4369 Xlll.
3552 4313 3721 4371 Scili-

450 4419 540 4465 cet
569 4423 634 4465 ea
691 4406 978 4478 inscriptio
1025 4420 1125 4459 nos
1159 4405 1215 4459 in
1247 4418 1400 4475 spem
1433 4411 1708 4468 erexerat,
1740 4414 1959 4460 exstare
2005 4406 2242 4476 aliquem
2275 4406 2673 4478 'l‘heophylacti
2705 4406 2757 4459 in
2807 4404 3058 4462 Psalmos
3081 4408 3573 4470 Commentarium,
3602 4424 3715 4478 quo

453 4505 609 4559 istac
657 4502 830 4557 editio
859 4509 1053 4556 nostra
1118 4507 1307 4568 posset
1355 4498 1886 4568 locupletari'atque
1935 4501 2224 4569 compleri.
2263 4499 2444 4566 Quare
2477 4502 2689 4555 nullum
2719 4517 2827 4555 non
2860 4502 3099 4572 lapidem
3133 4505 3429 4569 movimus,
3475 4514 3534 4558 ut
3559 4505 3710 4562 illius

452 4602 741 4664 compotes
764 4593 1045 4649 ﬂeretnus.
1084 4590 1285 4647 Verum
1317 4607 1468 4658 cum,
1499 4592 1674 4647 multo
1706 4594 1990 4662 insumpto
2038 4600 2286 4659 tempore
2325 4609 2390 4649 ac
2448 4595 2654 4661 labore,
2682 4595 2902 4649 tandem
2935 4594 3085 4651 illius
3116 4597 3306 4667 prima:
3336 4597 3548 4667 pagina:
3578 4611 3724 4668 apo.

452 4689 723 4757 graphum
751 4686 821 4741 ad
864 4700 964 4741 nos
986 4684 1255 4756 perlatqu
1283 4685 1763 4753 esset,collatione
1788 4685 1930 4739 facta
1963 4689 2360 4759 comperimus,
2390 4704 2455 4744 eo
2479 4688 2666 4744 codice
2688 4706 2796 4743 non
2827 4691 2977 4746 aliud
3006 4692 3304 4755 contineri,
3340 4694 3449 4748 nisi
3494 4703 3717 4749 textum

453 4776 726 4845 Graecum,
758 4793 996 4848 eumque
1021 4778 1312 4844 inedituin,
1345 4772 1738 4834 Commentarii
1772 4776 2052 4849 Euthymii
2096 4780 2297 4849 saepius
2327 4781 2442 4850 jam
2476 4779 2669 4837 Latine
2701 4783 2860 4837 editi.
2902 4782 3042 4849 Quid
3070 4784 3452 4840 doctissimmn
3487 4786 3625 4842 alias
3657 4797 3723 4842 et

452 4874 879 4934 solertissimum
899 4874 1146 4946 pmdicti
1185 4873 1437 4946 Catal0gi
1468 4882 1750 4929 auctorem
1784 4875 1839 4930 in
1865 4890 2108 4933 errorem
2146 4877 2452 4943 induxerit,
2509 4889 2570 4933 ut
2603 4879 2750 4935 hunc
2798 4880 3269 4938 Commentarium
3294 4881 3720 4954 The0phylacto

456 4967 749 5033 tribueret,
783 4983 888 5025 nec
917 4966 1172 5023 divinare
1203 4981 1521 5039 possumus,
1546 4983 1722 5038 neque
1746 4968 1800 5022 id
1830 4970 2138 5039 disquirere
2166 4978 2354 5026 nostra
2380 4971 2627 5027 interest.
2658 4972 2769 5027 Hoc
2795 4985 2977 5028 tamen
3006 4989 3231 5030 monere
3257 4988 3438 5045 opera:
3469 4976 3712 5045 pretium

455 5065 739 5129 duximus,
770 5078 838 5118 ne
867 5062 993 5135 quis
1024 5063 1277 5118 eumdem
1303 5063 1620 5135 Catalogum
1654 5078 2011 5135 percurrens,
2058 5071 2230 5137 atque
2276 5066 2743 5121 Commentarium
2786 5068 2841 5122 in
2886 5065 3131 5123 l’salmos
3176 5067 3594 5140 Theophylacto
3631 5072 3720 5129 in-

436 5155 724 5225 scriptum
764 5154 1134 5225 comperiens,
1166 5170 1402 5224 eumque
1432 5156 1486 5210 in
1522 5157 1768 5222 editione
1825 5169 2016 5211 noStra
2051 5174 2159 5212 non
2204 5158 2417 5226 videns,
2449 5170 2504 5215 et
2541 5159 2681 5215 hanc
2707 5169 2763 5213 ut
2802 5161 3182 5231 imperfectam
3234 5164 3448 5219 minore
3482 5164 3717 5222 haberet

457 5246 514 5301 in
549 5248 747 5316 pretio,
769 5255 825 5301 et
853 5262 951 5301 nos
977 5261 1077 5300 ceu
1112 5246 1165 5299 in
1202 5248 1588 5317 perquirendis
1615 5246 2051 5320 colligendisque
2110 5250 2356 5321 ejusdem
2389 5249 2785 5323 Theophylaui
2825 5253 3082 5323 operibus
3119 5256 3303 5310 minus
3335 5267 3625 5312 accuratus
3649 5273 3717 5314 ac

457 5340 682 5395 desides
711 5338 1140 5395 condemnaret.
2191 5332 2209 5351 '

528 5529 610 5673 ((3))
628 5527 1070 5656 goom.iilnpi;::|al.
1365 5529 1571 5653 latam;
2208 5532 2279 5603 (ε)
2312 5531 2409 5602 Ep.
2432 5532 2500 5587 ad
2533 5531 2750 5591 Marcel.
2784 5534 2847 5590 Τ.
2882 5533 2901 5588 l
2930 5536 3062 5592 edit.
3096 5535 3369 5606 Vallarsii,
3399 5554 3453 5609 p.
3485 5540 3611 5598 135.

710 5618 779 5655 Ill.
1035 5618 1098 5654 -11
1244 5618 1255 5652 1
1339 5638 1352 5651 .
1450 5616 1459 5629 '
1509 5619 1518 5649 l
1562 5639 1577 5652 .

710 5618 779 5655 111.
814 5616 870 5655 111
900 5616 1042 5654 rsat.
1069 5616 1137 5654 au
1168 5616 1352 5655 CUIIIU.
1380 5616 1577 5653 IOCIIIH.
