4130 6304
431 361 499 424 39
1800 359 2398 422 PROLEGOMENA.
3636 352 3707 416 40

2533 492 2918 501 -ῥκρ--η-κ-ο

1516 652 2015 744 PAULINI
2096 652 2613 745 TURCHII

789 850 1183 912 EPISTOLA
1251 848 1874 913 NUNCUPATORIA
1932 852 2040 912 AD
2085 850 2581 914 CLEMENTEM
2657 853 3074 916 SEPTIMUM
3152 857 3219 918 P.
3262 858 3339 917 M.

1582 1018 1875 1082 Editioni
1918 1019 2159 1081 Latina:
2198 1022 2546 1100 prmissa.

496 1374 590 1429 Illi
626 1374 908 1443 imprimis,
943 1370 1099 1424 Pater
1132 1370 1450 1434 beatissime,
1482 1369 1625 1423 omni
1656 1370 1849 1423 honore
1878 1370 2383 1440 suntprosequendi,
2407 1370 2498 1441 qui
2523 1370 2697 1423 divino
2724 1367 2956 1423 Numine
2986 1370 3173 1441 amati,
3206 1379 3257 1425 et
3289 1372 3486 1439 proprii
3516 1371 3710 1443 ingenii

426 1472 822 1529 exercitatione,
857 1466 1037 1520 divina
1070 1466 1219 1518 nobis
1252 1462 1462 1517 tradere
1490 1474 1807 1517 curaverunt
1849 1480 1867 1517 :
1898 1465 2082 1533 quales
2115 1463 2345 1533 Moyses,
2384 1463 2579 1528 David,
2613 1459 2810 1528 Isaias,
2854 1460 3083 1525 Paulus,
3125 1480 3189 1517 ac
3210 1466 3389 1518 ca'teri
3425 1468 3707 1519 canonico-

426 1579 543 1616 rum
577 1560 835 1615 librorum
865 1558 1147 1626 scriptores
1184 1572 1202 1611 :
1238 1573 1268 1609 a
1310 1557 1495 1627 quibus
1530 1572 1631 1609 non
1663 1556 1814 1627 longe
1848 1555 2040 1609 absunt
2072 1557 2168 1610 alii
2202 1556 2606 1625 quamplurimi,
2637 1557 2727 1623 qui
2756 1554 2937 1610 eodem
2979 1557 3151 1609 edocti
3204 1556 3434 1624 Spiritu,
3466 1575 3590 1627 quas
3613 1574 3706 1626 per

428 1658 551 1710 illos
587 1655 791 1707 tradita
852 1662 996 1714 sunt,
1027 1669 1122 1721 pro
1147 1652 1379 1707 hominis
1414 1662 1573 1721 captu
1600 1652 1888 1717 intellecta,
1923 1661 1981 1706 ut
2006 1653 2129 1707 aliis
2160 1669 2362 1723 quoque
2397 1662 2566 1705 essent
2598 1653 2798 1720 pervia,
2842 1668 2937 1706 suo
2966 1653 3174 1722 ingenio
3202 1664 3251 1707 et
3290 1649 3558 1709 laboribus
3583 1657 3709 1725 e/l'e-

441 1767 560 1804 cere
592 1765 612 1804 :
646 1766 739 1803 ceu
781 1749 1091 1819 Dionysius,
1120 1748 1469 1811 Athanasius,
1512 1746 1770 1814 Basilius,
1803 1745 2232 1817 Chrysostomus,
2268 1745 2522 1816 mullique
2550 1745 2669 1809 alii,
2700 1746 2793 1816 qui
2825 1745 2946 1800 vita:
2978 1763 3041 1799 ac
3074 1764 3280 1801 morum
3307 1748 3596 1801 sanctitate
3625 1749 3709 1801 in-

424 1844 617 1909 signes.
649 1854 696 1894 et
735 1841 1145 1908 incomparabili
1174 1838 1420 1893 doctrina
1455 1838 1752 1907 conspicui,
1791 1839 2002 1892 eximiis
2026 1836 2352 1899 actionibus,
2375 1836 2754 1890 eruditissimis
2792 1836 2941 1891 libris
2967 1853 2999 1890 a
3023 1854 3077 1892 se
3106 1840 3422 1903 conscriptis
3445 1837 3711 1894 Christia-

427 1951 550 1985 nam
596 1950 763 2002 remp.
802 1933 1167 1986 illustrarunt.
1199 1934 1237 1985 Α
1280 1947 1505 2001 quorum
1538 1930 1759 1985 lectione
1807 1946 2062 1992 cessasse,
2093 1939 2143 1983 et
2172 1930 2385 1983 monitis
2413 1929 2706 1992 recessisse,
2740 1928 3007 1982 malorum
3030 1932 3265 1984 omnium
3293 1932 3507 1984 occasio
3563 1930 3711 1984 nobis

427 2034 557 2100 fuit.
598 2031 738 2085 Ilinc
770 2032 907 2084 enim
966 2032 1230 2084 innumeri
1271 2046 1478 2085 errores
1508 2038 1555 2083 et
1588 2029 1833 2093 ha'reses,
1871 2029 1992 2083 hinc
2022 2030 2143 2083 vita:
2180 2027 2470 2098 neglectus,
2505 2036 2832 2096 contemptus
2860 2027 3138 2089 virtutum,
3162 2030 3413 2083 vitiorum
3444 2031 3711 2099 tyrannis,

428 2129 650 2181 initium
686 2129 893 2197 pariter
920 2136 970 2180 et
1005 2129 1383 2180 incrementum
1413 2140 1702 2195 sumpsere.
1728 2124 1859 2193 Quis
1882 2126 2023 2179 enim
2055 2125 2242 2178 horum
2262 2123 2472 2176 lectioni
2503 2125 2757 2176 attentius
2794 2138 3009 2190 vacans,
3040 2125 3094 2179 in
3120 2124 3225 2192 ﬁde
3258 2135 3401 2181 recta
3429 2142 3493 2181 ac
3522 2127 3715 2192 pietate

427 2241 529 2279 non
586 2226 853 2293 proﬁciat,
901 2224 1137 2277 animum
1169 2226 1332 2285 colat,
1365 2225 1687 2277 charitatem
1720 2233 2094 2294 prosequatur,
2136 2220 2589 2285 misericordiam,
2640 2221 3041 2288 liberalitatem,
3077 2223 3353 2292 justitiam
3388 2235 3713 2295 ceterasque

426 2325 644 2377 virtutes
682 2325 708 2378 7
737 2322 1033 2375 Avaritiam
1065 2337 1204 2388 vero,
1242 2322 1519 2384 invidiam,
1558 2322 1855 2387 luxuriam,
1888 2320 2251 2381 iracundiam,
2283 2319 2520 2389 aliosque
2552 2318 2860 2387 hujusmodi
2890 2322 3062 2376 animi
3101 2325 3315 2377 morbos
3346 2325 3513 2378 multo
3541 2324 3713 2394 magis

425 2431 588 2480 quam
617 2425 881 2483 serpentes
914 2430 974 2467 ac
998 2423 1218 2468 mortem
1256 2414 1481 2485 fugiatl?
1511 2412 1625 2478 Quo
1658 2414 1740 2480 ﬁt,
1777 2423 1835 2467 ut
1866 2414 2082 2468 credam
2119 2411 2253 2467 nihil
2287 2416 2472 2469 utilius
2506 2412 2832 2471 Christiana:
2866 2413 2999 2482 reip.
3036 2412 3221 2483 afferri
3256 2429 3431 2482 posse,
3462 2431 3622 2485 quam
3652 2424 3713 2470 ut

428 2495 467 2558 t‘i
494 2507 645 2561 nobis
681 2508 997 2573 reddantur,
1054 2523 1147 2576 per
1199 2524 1329 2577 quos
1358 2506 1484 2561 olim
1516 2506 1612 2561 Dei
1646 2506 1915 2566 Ecclesia,
1937 2507 2099 2560 etiam
2130 2505 2267 2561 inter
2305 2507 2592 2561 acerrimos
2628 2506 2988 2571 adversarios,
3023 2504 3239 2573 pietatis
3279 2507 3546 2572 doctrina,
3593 2507 3714 2560 vita

428 2600 632 2652 meritis
660 2607 708 2653 et
738 2615 957 2653 numero
998 2599 1219 2652 crevisse
1250 2598 1606 2668 dignoscitur.
1645 2596 1800 2662 Quod
1828 2613 1955 2651 sane
1981 2579 2187 2652 utinam
2222 2598 2551 2652 attenderent
2585 2598 2740 2652 multi
2786 2606 3089 2652 nostrorum
3121 2608 3439 2665 temporum,
3487 2599 3579 2669 qui
3612 2598 3711 2652 hoc

432 2693 599 2762 ofﬁcio
636 2692 966 2745 commodius
1006 2692 1156 2761 [ungi
1188 2701 1439 2759 possent:
1469 2690 1787 2759 mallentque
1816 2689 2003 2744 horum
2029 2691 2283 2760 _vertendo
2312 2691 2504 2757 libros,
2547 2692 2771 2760 publica
2806 2690 3032 2745 utilitati
3073 2691 3367 2755 consulere,
3394 2707 3554 2762 quam
3583 2709 3711 2762 pro—

426 2806 549 2858 prta
573 2802 763 2844 temere
793 2788 1136 2858 effundenda,
1160 2790 1384 2856 privata:
1409 2788 1595 2857 gloria’
1626 2788 1924 2842 deservire!
1950 2789 1992 2841 Α
2022 2805 2247 2857 quorum
2277 2789 2513 2857 profecto
2544 2787 2769 2842 consilio
2800 2786 2952 2858 longe
2975 2787 3157 2842 aberat
3176 2786 3454 2856 Philippus
3486 2787 3709 2853 Saulus,

427 2883 706 2957 episcopus
764 2879 1173 2950 Brugnatensis,
1209 2880 1289 2934 vir
1328 2895 1457 2934 sane
1488 2881 1676 2946 priscis
1704 2880 1814 2933 illis
1862 2882 2142 2944 Patribus,
2180 2883 2437 2935 virtutum
2474 2891 2664 2934 ornatu
2694 2889 2744 2935 et
2793 2896 3073 2935 sacrarum
3131 2878 3462 2934 Litterarum
3516 2880 3713 2947 peritia

433 2979 850 3040 comparandus,
879 2976 970 3044 qui
1011 2974 1131 3027 huic
1172 2973 1528 3028 saluberrimo
1552 2976 1797 3029 instituto
1824 2994 1983 3045 quam
2014 2979 2243 3032 maxime
2282 2978 2518 3031 intentus
2550 2986 2690 3032 erat.
2728 2975 2871 3030 Nam
2917 2977 2965 3031 si
2994 2993 3124 3046 quos
3164 2976 3287 3029 huic
3317 2977 3461 3045 operi
3494 2975 3711 3030 idoneos

433 3078 622 3122 nactus
672 3079 829 3133 esset,
867 3068 1160 3133 excitabat,
1196 3071 1464 3132 monebat,
1502 3069 1745 3141 rogabat,
1792 3081 1841 3124 et
1880 3072 2069 3143 quibus
2099 3082 2271 3139 posset
2313 3073 2483 3127 modis
2532 3072 2601 3126 ad
2639 3072 2738 3127 hoc
2779 3071 3091 3138 compellere
3125 3085 3227 3123 non
3256 3070 3557 3124 omittebat.
3587 3069 3710 3138 Ipse

431 3173 725 3218 verotanto
765 3163 923 3231 hujus
955 3162 1031 3216 rei
1062 3164 1237 3216 studio
1277 3163 1577 3227 tenebatur,
1612 3176 1667 3217 ut
1709 3163 1820 3218 dies
1852 3182 1913 3217 ac
1963 3174 2138 3218 noctes
2176 3182 2385 3219 summa
2415 3183 2533 3220 cum
2560 3167 2830 3235 voluptate
2883 3167 2937 3218 in
2981 3164 3078 3217 hoc
3128 3163 3437 3217 insumeret.
3482 3161 3557 3218 Ab
3616 3163 3714 3217 hoc

432 3257 664 3326 profecto
706 3255 904 3325 optimo
950 3257 1061 3309 viro
1109 3255 1269 3325 plura
1313 3265 1362 3310 et
1403 3253 1612 3327 egregia
1643 3272 1858 3323 sperare
1884 3266 2213 3324 poteramus,
2256 3258 2359 3312 nisi
2391 3258 2572 3312 divina
2607 3256 2953 3313 Providentia
2980 3255 3131 3308 illum
3161 3272 3192 3308 α
3227 3256 3376 3308 nobis
3415 3265 3712 3321 avocasset,

432 3352 743 3420 felicitatem
775 3352 855 3405 illi
900 3352 919 3421 (
952 3360 1008 3404 ut
1041 3353 1227 3405 merito
1266 3368 1543 3420 speramus
1589 3352 1606 3421 )
1648 3362 1785 3407 recte
1818 3361 2077 3407 anteactcv
2102 3355 2220 3408 vita:
2250 3356 2526 3422 prwmium
2554 3354 2771 3425 benigne
2815 3351 3112 3420 conferens,
3150 3352 3300 3407 nobis
3334 3367 3453 3405 vero
3486 3358 3713 3419 paterna

430 3447 710 3500 clementia
756 3445 834 3515 (ut
869 3444 1017 3513 puto)
1054 3446 1355 3515 indulgens,
1380 3464 1443 3499 ne
1478 3448 1711 3501 acriores
1738 3446 1867 3499 dare
1893 3462 2073 3515 poenas
2109 3458 2304 3502 nostra:
2346 3452 2572 3518 ignavia:
2610 3468 2939 3522 cogeremur,
2972 3456 3064 3525 qui
3093 3450 3230 3505 tanti
3268 3453 3371 3504 viri
3400 3451 3639 3523 exemplo
3663 3457 3715 3505 et

432 3540 650 3596 monitis
684 3540 859 3594 minus
896 3537 1289 3607 proﬁceremus.
1342 3542 1442 3593 Hic
1472 3540 1894 3609 elegantissimos
1939 3544 2348 3596 commentarios
2406 3542 2679 3615 Euthymii
2734 3549 2997 3614 monachi,
3055 3547 3243 3602 Patris
3283 3548 3611 3602 sanctissimi
3663 3552 3715 3601 et

437 3632 817 3695 eruditissimi,
844 3646 1010 3700 nuper
1035 3628 1257 3684 Latinos
1286 3629 1507 3698 fecerat,
1539 3647 1671 3697 puro
1705 3631 1916 3700 quidem
1945 3648 2007 3684 ac
2033 3632 2267 3698 simplici
2298 3634 2508 3687 dicendi
2538 3652 2743 3705 genere,
2776 3655 2905 3707 quos
2942 3640 3237 3691 immatura
3280 3651 3449 3691 morte
3481 3653 3715 3705 preven-

433 3739 541 3789 ius,
575 3727 630 3777 in
666 3723 835 3777 lucem
862 3721 1012 3777 edere
1044 3739 1149 3775 non
1182 3724 1375 3790 potuit.
1408 3722 1518 3793 Ego
1550 3739 1688 3787 vero,
1724 3724 1812 3792 qui
1848 3723 1960 3791 ejus
1992 3723 2254 3779 doctrinae
2289 3741 2351 3779 ac
2384 3728 2694 3782 sanctitatis
2732 3730 2878 3783 testis
2910 3731 3114 3783 diutius
3147 3730 3378 3799 fueram,
3411 3728 3716 3783 studiorum

432 3840 627 3886 eomes,
668 3820 1013 3875 consiliorum
1045 3822 1319 3885 conscius,
1362 3821 1532 3877 nimia
1565 3822 1729 3889 ipsius
1762 3820 2096 3876 humanitate
2122 3839 2332 3877 summa
2362 3824 2445 3877 illi
2479 3827 2862 3881 necessitudine
2886 3830 3194 3883 devinctus:
3228 3829 3353 3882 talis
3398 3829 3579 3892 amici,
3612 3844 3715 3898 quo

433 3918 701 3969 meliorem
738 3930 800 3967 ne
829 3913 1132 3967 desiderare
1157 3914 1368 3983 quidem
1405 3913 1617 3977 licebat,
1645 3923 1753 3965 tam
1788 3926 2001 3967 sanctos
2033 3914 2239 3967 labores
2274 3916 2535 3983 deperire,
2556 3935 2648 3971 nos
2686 3936 2805 3973 vero
2835 3930 2984 3973 tanto
3011 3921 3261 3974 thesauro
3288 3921 3540 3989 fraudari
3565 3936 3715 3989 (equo

431 4012 614 4064 animo
638 4009 775 4075 ferre
815 4025 917 4062 non
942 4019 1202 4078 poteram.
1254 4006 1503 4062 Converti
1543 4024 1621 4061 me
1658 4009 1824 4078 igitur
1875 4008 1943 4061 ad
1986 4006 2252 4063 Joannem
2306 4012 2638 4077 Matt/tatam,
2680 4018 2980 4084 episcopum
3026 4014 3392 4084 Veronensem,
3457 4016 3715 4070 bonorum

435 4104 671 4157 omnium
703 4114 781 4170 tut
816 4105 1012 4169 optime
1041 4102 1202 4167 nosti)
1239 4116 1399 4171 quam
1434 4102 1663 4154 maxime
1692 4100 2017 4166 studiosum,
2040 4102 2214 4167 ipsum
2240 4101 2485 4156 hortatus
2526 4107 2730 4172 pariter
2756 4118 2802 4159 et
2838 4117 3109 4174 precatus,
3136 4118 3192 4160 ut
3226 4110 3364 4161 tanti
3401 4108 3527 4162 boni
3559 4110 3711 4163 nobis

436 4208 625 4251 auctor
650 4197 799 4267 ﬁeret
830 4212 849 4249 :
882 4206 1031 4249 ratus
1062 4194 1199 4264 quod
1235 4197 1357 4257 erit,
1401 4202 1455 4245 ut
1486 4193 1581 4246 hoc
1616 4204 1771 4261 pacto
1802 4194 1961 4247 amici
1994 4194 2232 4261 defuncti
2273 4208 2472 4249 sancta:
2515 4201 2806 4261 memorite,
2837 4209 2881 4250 et
2920 4200 3137 4251 viventis
3160 4200 3325 4268 juslat
3362 4202 3611 4264 mercedi,
3664 4210 3713 4255 et

434 4293 705 4346 communi
737 4290 973 4342 omnium
1011 4289 1265 4341 bonorum
1298 4286 1525 4339 utilitati
1558 4302 1714 4354 quam
1740 4287 1931 4353 optime
1961 4286 2293 4339 consulatur.
2330 4287 2560 4357 Benigne
2600 4291 2786 4341 annuit
2813 4292 3135 4344 venerandus
3158 4292 3417 4359 pontifex,
3448 4304 3505 4346 ut
3531 4302 3609 4347 est
3644 4293 3715 4347 ad

435 4389 580 4436 recta
608 4379 784 4432 omnia
807 4388 854 4431 et
881 4377 1099 4430 honesta
1128 4377 1307 4429 studia
1341 4392 1499 4444 quam
1529 4376 1981 4443 promptissimus,
2013 4391 2212 4445 suaque
2235 4378 2755 4447 auctoritate,jussu
2786 4389 2835 4433 et
2862 4381 3111 4445 impensis
3143 4384 3331 4452 eﬂecit,
3362 4396 3419 4439 ut
3451 4386 3714 4455 egregium

435 4476 532 4527 hoc
571 4489 701 4543 opus
730 4486 889 4541 quam
920 4470 1116 4538 optime
1151 4466 1471 4534 dispositum
1500 4465 1741 4532 prodiret
1762 4468 1813 4518 in
1848 4464 2114 4533 publicum
2142 4481 2159 4518 :
2188 4480 2339 4532 opus,
2365 4468 2605 4536 inquam,
2634 4486 2667 4520 a
2689 4472 2895 4524 nemine
2924 4472 3057 4525 satis
3088 4488 3184 4537 pro
3210 4475 3463 4541 dignitate
3481 4474 3712 4528 laudan-

434 4569 584 4633 dum,
617 4568 662 4621 si
686 4564 868 4621 eximii
898 4563 1030 4616 vatis
1061 4560 1295 4614 divinant
1326 4568 1550 4611 mentem
1581 4570 1629 4609 et
1663 4556 2065 4626 intelligentiam
2098 4558 2359 4623 suspicias
2397 4575 2409 4610 :
2446 4560 2493 4611 si
2520 4558 2863 4630 interpretum
2885 4563 3237 4619 eruditionem
3255 4573 3305 4620 et
3321 4564 3505 4631 ﬁdem,
3529 4570 3574 4621 si
3599 4583 3718 4621 cor-

436 4662 656 4717 rectoris
686 4671 731 4714 et
771 4657 995 4726 artiﬁcis
1025 4656 1272 4725 peritiam
1301 4662 1351 4706 et
1374 4651 1705 4722 diligentiam
1731 4650 2107 4707 attendasﬁui
2131 4668 2248 4705 vero
2266 4654 2441 4720 aptius
2459 4665 2787 4722 nuncupetur
2802 4673 2959 4726 quam
2990 4658 3155 4721 tibi,si
3188 4662 3265 4713 vel
3290 4662 3398 4727 ipse
3414 4660 3713 4727 respiciaris

437 4755 515 4809 vel
556 4757 640 4808 ille
673 4753 697 4807 .’
748 4752 827 4807 Tu
890 4750 1030 4805 enim
1092 4748 1387 4803 Christiani
1422 4747 1602 4815 populi
1631 4756 1789 4812 caput
1814 4762 1864 4800 es
1892 4755 1941 4799 et
1969 4756 2121 4813 pater
2154 4764 2172 4802 :
2204 4748 2288 4801 cui
2339 4758 2388 4801 et
2433 4748 2693 4818 dignitate
2724 4768 2828 4821 qua
2863 4753 3154 4824 insigniris,
3203 4763 3252 4807 et
3287 4755 3554 4823 probitate
3609 4768 3715 4823 qua

418 4854 631 4925 “fulges,
665 4851 800 4903 bona
838 4858 1027 4901 cuncta
1058 4857 1105 4900 et
1144 4862 1300 4897 sacra
1338 4846 1529 4898 merito
1550 4843 1656 4897 sint
1685 4845 1912 4896 dicanda
1940 4859 1959 4897 :
1995 4859 2114 4896 cum
2146 4847 2412 4915 prwcipue
2442 4846 2688 4900 humana:
2725 4856 2775 4899 et
2818 4848 3009 4901 divina:
3057 4847 3253 4903 litterw
3290 4850 3604 4905 clarissima
3630 4851 3717 4919 fa.

438 4951 604 5005 milia:
641 4957 742 5001 tua:
776 4942 1028 4999 Medicea:
1050 4944 1341 5011 plurimum
1364 4942 1608 5003 debeant,
1640 4939 1790 5007 cujus
1819 4940 2085 5007 praecipuo
2114 4940 2289 4995 studio
2321 4951 2370 4994 et
2398 4958 2558 5010 opera
2600 4943 2926 4998 densissimis
2964 4957 3120 4999 antea
3170 4962 3369 5014 pressa:
3400 4948 3624 5001 tenebris
3662 4958 3711 5002 et

440 5042 591 5113 quasi
626 5043 867 5107 sepulta',
906 5039 959 5089 in
984 5038 1151 5091 lucem
1176 5044 1298 5089 sunt
1330 5035 1567 5088 reddita’.
1594 5031 1695 5086 Ille
1722 5050 1840 5087 vero
1870 5036 2057 5088 domus
2088 5045 2192 5089 tute
2219 5034 2468 5088 alumnus
2498 5046 2571 5089 tot
2600 5039 2863 5105 tantisque
2884 5037 3148 5104 beneﬁciis
3168 5047 3239 5090 est
3259 5038 3503 5107 aﬂ'ectus,
3535 5049 3593 5093 ut
3624 5058 3713 5095 ne-

442 5137 610 5189 sciam
642 5133 878 5201 magisne
904 5132 971 5182 sit
1001 5129 1357 5197 perspicuum,
1395 5136 1484 5180 tua
1522 5127 1844 5196 benignitate
1872 5127 2044 5195 ipsum
2069 5144 2180 5181 esse
2207 5127 2345 5197 quod
2378 5136 2455 5180 est
2481 5144 2499 5179 :
2531 5144 2599 5180 an
2630 5129 2835 5180 nullum
2862 5128 3096 5181 studium
3140 5128 3221 5181 illi
3252 5130 3560 5196 propensius
3600 5148 3713 5187 esse

441 5243 592 5293 posse
625 5242 779 5291 quam
814 5231 1004 5275 cuncta
1035 5220 1243 5289 elﬁcere
1266 5237 1383 5288 quw
1412 5219 1478 5271 ad
1512 5218 1736 5271 salutem
1759 5227 1807 5273 et
1830 5218 2061 5288 gloriam
2090 5228 2238 5271 tuam
2265 5228 2506 5286 spectare
2542 5216 2839 5272 videantur.
2865 5217 2983 5272 Tibi
3005 5220 3169 5288 igitur
3196 5216 3453 5272 Pontihci
3476 5219 3711 5273 Maximo

442 5324 678 5375 divinum
714 5325 807 5371 hoc
842 5334 972 5386 opus
1007 5322 1245 5370 dicamus
1274 5324 1323 5368 et
1358 5315 1649 5382 mittimus,
1683 5331 1783 5384 quo
1814 5326 1904 5369 tuo
1932 5310 2229 5384 patrocinio
2255 5313 2527 5383 etjudicio
2551 5315 2835 5380 munitum,
2873 5314 3108 5368 securius
3151 5322 3201 5365 et
3227 5312 3443 5368 liberius
3468 5312 3709 5368 omnibus

444 5435 495 5471 se
528 5417 803 5487 legendum
828 5413 1090 5468 exhibeat.
1149 5409 1295 5464 Vale.
