4130 6304
325 423 516 453 εει-..τ

1401 448 2022 459 ww“—
2034 452 2142 459 .__...
2156 453 2236 459 __..
2259 453 2314 458 —-

709 453 3150 776 ﬂammeum}

2432 453 2510 459 π-..
2518 453 2564 458 .--Δ
2574 453 2738 460 ...η-.-ο
2748 454 3153 466 ,κα-...ν’-

1464 898 1694 988 ΤΟΥ
1802 897 2439 1024 ΖΙΓΑΒΗΝΟΥ

491 1110 1359 1254 ΕΞΗΓΗΣΙΣ

1512 1124 1776 1252 ΕΙΣ
1928 1122 2164 1258 ΤΟ
2319 1115 3368 1263 1FAATHPION.

794 1550 1906 1733 EUTHYMH
2037 1551 2991 1738 ZIGABEN
2995 1563 3072 1734 Ι

1618 1855 2236 1918 COMMENTARIUS

1032 2039 1255 2192 IN
1421 2036 2819 2197 PSALTERIUM

1211 2305 1518 2370 (lnterprete
1544 2301 1774 2368 Philippo
1799 2304 1969 2366 Saulo,
2003 2304 2236 2367 episcopo
2266 2305 2635 2368 Brttgnalensi.)

873 2603 1280 2658 ΠΡΟΟΙΜΙΟΝ.

361 2702 553 2774 Πατὴρ
572 2698 670 2756 τοῦ
691 2699 975 2771 ’παρόντος
1009 2696 1240 2768 βιὸλίου,
1283 2695 1346 2750 τὸ
1392 2696 1492 2762 μὲν
1520 2696 1644 2751 ὅλον
1670 2696 1868 2759 εἰπεῖν,

289 2797 320 2849 6
351 2794 491 2849 Θεοῦ
528 2795 656 2858 παῖς
685 2787 1126 2862 (Ὑπερασπιῶ,
1157 2788 1316 2860 φησὶ,
1344 2786 1455 2856 τῆς
1478 2790 1712 2856 πόλεως
1733 2789 1871 2844 tati-

289 2902 418 2954 της,
442 2885 520 2941 δι’
542 2883 649 2954 ἐμὲ
665 2881 760 2937 καὶ
791 2881 886 2936 διὰ
913 2881 1092 2935 Δαϐὶὸ
1131 2882 1238 2934 τὸν
1266 2878 1450 2936 παῖδά
1467 2881 1632 2951 μου),
1662 2881 1692 2934 6
1732 2877 1869 2934 Θεοῦ

287 2978 498 3046 πατήρ.
539 2977 789 3042 Βίϐλος,
828 2974 985 3045 φησὶ,
1016 2970 1310 3042 γενέσεως
1353 2971 1560 3040 Ἰησοῦ
1608 2970 1868 3040 Χριστοῦ

284 3065 424 3119 υἱοῦ
453 3065 632 3119 Δαόἰδ
656 3082 670 3096 ·
721 3064 791 3117 τὰ
835 3063 882 3116 δ’
920 3061 1057 3118 ἄλλα
1097 3062 1381 3133 συντόμως
1441 3062 1780 3134 περιλαϐεῖν,
1839 3063 1869 3116 6

287 3158 427 3224 μετὰ
467 3154 719 3226 ’Ἀϐραὰμ
751 3153 912 3222 μόνος
941 3153 1053 3204 τῶν
1081 3151 1250 3205 ἐθνῶν
1273 3151 1477 3224 πατὴρ,
1507 3153 1535 3205 6
1562 3151 1685 3206 καθ’
1718 3152 1866 3222 ἡμᾶς

293 3246 549 3318 Ὀρςιὺς,
582 3250 612 3300 6
641 3246 856 3320 πρῶτος
877 3245 984 3299 τῶν
1011 3243 1224 3315 ἀρετῶν
1247 3243 1643 3316 καλλιγράφος,
1665 3244 1696 3296 6
1713 3243 1868 3314 πρῶ·

279 3358 375 3404 τος
403 3341 514 3394 τῶν
532 3339 704 3407 τριῶν
719 3337 1074 3392 ὑποστάσεων
1093 3341 1193 3406 τῆς
1221 3338 1350 3407 μιᾶς
1373 3336 1637 3406 Θεότητος
1669 3337 1864 3407 κῆρυξ,

280 3433 310 3484 6
369 3436 574 3500 ποιμὴν
613 3430 732 3500 ἅμα
785 3428 880 3483 καὶ
933 3427 1234 3498 ἀριστεὺς,
1287 3427 1383 3480 καὶ
1431 3426 1720 3498 προφήτης
1771 3426 1867 3481 καὶ

280 3521 558 3592 βασιλεὺς,
585 3523 613 3574 6
639 3518 736 3573 τοῦ
768 3516 992 3588 πρώτου
1026 3515 1296 3586 βασιλέως
1321 3517 1540 3586 καρδία,
1565 3519 1658 3570 καὶ
1684 3516 1865 3585 γλῶσ-

282 3633 374 3680 σα,
393 3617 490 3668 καὶ
518 3613 785 3684 κάλαμος,
807 3611 838 3662 6
867 3608 1024 3680 παρὰ
1045 3608 1182 3663 Θεοῦ
1211 3609 1603 3682 μαρτυρηοεὶς,
1629 3611 1656 3662 6
1682 3609 1864 3670 πάσας

1900 2606 1954 2667 Α

2551 2597 2976 2654 ΡΒοοΕΜιωι.

2052 2695 2228 2764 Cujus
2254 2692 2476 2765 quidem
2507 2691 2632 2748 libri
2693 2703 2887 2747 auctor
2918 2694 3000 2762 (ιιι
3035 2694 3195 2764 plane
3227 2697 3372 2766 quod
3408 2713 3564 2752 sum.

1975 2803 2124 2844 mum
2139 2795 2237 2843 est
2268 2785 2476 2855 dicam)
2503 2796 2559 2841 et
2592 2785 2691 2842 Dei
2721 2786 2865 2843 filius
2907 2788 3009 2845 fuit
3049 2790 3360 2861 (Prategam
3392 2795 3558 2861 enim,

1974 2879 2151 2950 inquit
2187 2875 2473 2940 Dominus,
2515 2877 2782 2930 ciuitatem
2812 2877 2948 2931 hanc
2985 2891 3199 2950 praplcr
3229 2899 3329 2946 me,
3357 2893 3408 2938 et
3432 2900 3560 2950 pro-

1971 2982 2086 3040 pter
2113 2968 2284 3024 David
2314 2967 2491 3037 ﬁlium
2523 2985 2695 3023 meum
2725 2968 2766 3039 ’)
2798 2980 2852 3025 et
2883 2981 3034 3039 pater
3071 2973 3182 3027 llei.
3205 2973 3364 3034 Liber
3383 2977 3557 3041 enim,

1974 3065 2173 3132 inquit,
2215 3062 2578 3134 generationis
2615 3061 2747 3116 Iesu
2771 3062 2974 3119 Clu-isti
3027 3066 3131 3134 ﬁlii
3159 3066 3330 3122 Dauid
3366 3072 3409 3135 ²,
3452 3086 3558 3128 ca;-

1967 3164 2089 3210 tera
2124 3169 2250 3209 vero
2280 3155 2363 3224 (ut
2383 3153 2575 3223 paueis
2597 3155 2962 3225 complectar)
2992 3160 3084 3227 qui
3120 3167 3244 3228 post
3275 3162 3554 3216 Abraham

1970 3246 2237 3302 solusfuit
2256 3247 2496 3317 gentium
2522 3256 2699 3317 pater,
2720 3249 3013 3316 quinoster
3027 3250 3296 3321 Orpheus,
3327 3255 3418 3321 qui
3440 3258 3554 3323 prio

1969 3349 2092 3388 mus
2110 3333 2331 3403 elegans
2351 3335 2707 3404 conscriptor
2738 3337 3032 3402 virtutum,
3064 3348 3118 3393 et
3141 3342 3354 3410 primus
3383 3345 3552 3398 trium

1969 3439 2333 3497 personarum
2378 3429 2656 3495 uniusque
2701 3426 3018 3485 Divinitatis
3049 3446 3228 3501 prteco
3265 3450 3280 3487 :
3325 3436 3417 3503 qui
3447 3452 3549 3504 pa~

1969 3528 2087 3574 stor
2122 3532 2253 3579 una,
2294 3525 2348 3568 et
2378 3514 2781 3572 invictissimus
2807 3519 2990 3585 miles,
3021 3523 3288 3592 propheta
3317 3531 3370 3578 et
3404 3539 3496 3580 rex
3533 3544 3548 3580 :

1965 3607 2057 3678 qui
2091 3617 2142 3661 et
2176 3607 2334 3675 primi
2363 3607 2508 3677 regis
2538 3621 2654 3670 cor,
2685 3608 2873 3680 lingua
2910 3611 3012 3666 fuit
3043 3619 3100 3666 et
3137 3601 3385 3670 calamus
3419 3620 3550 3671 :cui

278 3709 626 3778 κτησάμενος
656 3705 753 3768 τὰς
801 3703 1043 3772 ἀρετὰς,
1091 3703 1214 3756 ὅσαι
1259 3703 1352 3754 τὸν
1403 3701 1690 3772 ἄνθρωπον
1742 3700 1863 3753 θεὸν

1968 3716 1995 3754 τι
2051 3699 2158 3753 Deo
2192 3699 2568 3754 testimonium
2601 3707 2686 3754 est
2719 3701 3022 3766 prmstitum
3063 3719 3078 3760 ;
3114 3705 3321 3773 quique
3351 3722 3549 3760 omnes

276 3797 516 3860 ποιοῦσι,
549 3798 644 3848 καὶ
663 3794 794 3865 περὶ
839 3794 930 3846 τὸν
955 3794 1243 3864 ἄνθρωπον
1277 3792 1649 3862 ἀφορίζονται.
1694 3786 1860 3852 Οὗτος

1968 3806 2060 3847 cas
2113 3790 2214 3845 sibi
2263 3791 2474 3859 paravit
2532 3788 2786 3856 virtutes,
2854 3809 3197 3863 qua-cunque
3267 3795 3546 3850 hominem

287 3890 493 3944 Ἰεσσαὶ
534 3888 635 3960 μὲν
691 3883 760 3958 ἦν
811 3885 947 3950 υἱὸς,
983 3887 1076 3939 καὶ
1123 3885 1230 3937 τῶν
1282 3884 1526 3954 ἀδελφῶν
1571 3883 1859 3946 νεώτατος,

1968 3881 2175 3933 faciunt
2242 3878 2435 3940 Deum,
2505 3887 2559 3932 et
2598 3880 2818 3935 .hom'tni
2876 3883 3078 3938 ascribi
3134 3887 3387 3954 possunt.
3443 3884 3546 3942 llic

273 3982 572 4052 ἁπέριττος
608 3980 707 4048 μὲν
730 3980 834 4048 τὴν
866 3978 1012 4046 ὄψιν,
1047 3976 1384 4046 timet/nato;
1411 3976 1468 4028 δὲ
1513 3975 1614 4044 τὴν
1654 3974 1852 4042 ψυχὴν.

1968 3970 2112 4023 fesso
2144 3969 2365 4039 quidem
2393 3970 2558 4034 filius,
2584 3982 2638 4026 et
2658 3973 2887 4032 fratrum
2908 3973 3115 4042 junior,
3135 3976 3294 4031 exilis
3317 3988 3545 4047 aspectu

271 4076 368 4128 καὶ
403 4073 625 4126 πάντων
655 4070 1006 4138 στρατηγῶν,
1029 4070 1122 4120 καὶ
1148 4066 1466 4136 προφητῶν,
1507 4065 1600 4117 καὶ
1626 4062 1855 4132 νομοθε-

1968 4064 2229 4130 corporis,
2266 4061 2450 4116 animo
2491 4060 2971 4119 formosissimus:
3014 4067 3258 4122 omnium
3311 4069 3544 4139 prophe-

269 4165 402 4228 τῶν,
435 4164 533 4218 καὶ
568 4162 836 4232 βασιλέων
865 4159 1271 4230 εὐφορώτατος,
1324 4159 1416 4212 καὶ
1459 4156 1853 4217 ποικιλώτατος

1968 4163 2164 4217 larum,
2237 4153 2658 4223 imperatorum,
2721 4158 3126 4228 legislatorum,
3193 4177 3376 4232 regum
3440 4163 3542 4218 fuit

268 4257 341 4310 τὰ
372 4254 710 4326 χαρίσματα.
752 4251 1060 4321 πραότατος
1098 4251 1198 4320 μὲν
1231 4251 1294 4302 τὸ
1335 4249 1576 4318 πνεῦμα,
1618 4248 1710 4300 καὶ
1751 4245 1851 4317 τὴν

1968 4245 2461 4301 excellentissimus
2491 4264 2506 4301 :
2538 4258 2593 4303 et
2626 4249 2952 4314 innumeris,
2980 4267 3090 4321 pra:
3121 4255 3338 4309 caeteris
3363 4258 3540 4310 omni-

267 4349 436 4419 φύσιν
459 4345 892 4404 ἐπιεικέστατος
928 4342 1309 4411 ἀνδρειότατος
1352 4341 1412 4393 δὲ
1460 4339 1560 4409 τὴν
1600 4335 1848 4407 γνώμην,

1968 4342 2083 4399 lms,
2152 4339 2554 4395 charismatum
2609 4342 2772 4396 donis
2836 4343 3074 4400 refertus
3137 4365 3149 4400 :
3212 4348 3539 4404 mitissimus

267 4441 368 4497 καὶ
403 4440 465 4492 τὸ
497 4439 658 4508 σῶμα
689 4433 1147 4507 ῥωμαλεώτατος,
1179 4431 1552 4504 ἀρχικώτατος
1588 4428 1723 4498 ὁμοῦ
1754 4430 1848 4481 καὶ

1968 4430 2179 4497 quidem
2208 4430 2428 4499 spiritu,
2479 4442 2536 4486 et
2570 4443 2770 4487 natura
2820 4434 2984 4488 etiam
3050 4436 3533 4493 modestissimus:

268 4532 608 4594 κοινότατος,
643 4525 1221 4597 μεγαλοφρονέστατός
1258 4537 1322 4576 τε
1368 4521 1465 4574 καὶ
1519 4537 1846 4592 μετριοφρο-

1968 4520 2098 4573 virili
2136 4521 2401 4588 praeditus
2432 4533 2631 4588 mente,
2668 4531 2721 4578 et
2750 4539 2983 4594 corpore
3015 4528 3180 4582 etiam
3221 4530 3535 4585 robustissio

263 4625 543 4685 νέστατος,
579 4616 957 4680 ἁπλούστατος
1014 4617 1108 4670 καὶ
1163 4612 1674 4682 πολυτῳπὼτατος,
1712 4610 1843 4681 ἡδὺς

1968 4627 2118 4667 nus:
2157 4612 2458 4682 principem
2496 4629 2601 4667 una
2654 4625 2818 4686 atque
2869 4620 3134 4687 mqualcm
3183 4622 3442 4678 omnibus
3473 4640 3534 4679 se

265 4715 326 4769 τὸ
354 4710 507 4785 ἦθος,
540 4711 667 4775 ὀξὺς
698 4712 792 4762 τὸν
824 4708 1006 4776 λόγον,
1048 4706 1218 4768 πολὺς
1244 4707 1336 4759 τὶν
1359 4702 1506 4768 νοῦν,
1534 4701 1720 4766 ἔνθους
1743 4701 1842 4772 τὴν

1968 4705 2228 4759 )rmhebat
2266 4707 2690 4776 :magnanimus
2750 4709 2913 4762 simul
2966 4722 3019 4765 et
3055 4713 3230 4768 comis
3276 4733 3287 4768 :
3319 4716 3532 4786 simpli-

261 4805 501 4876 θεωρίαν
532 4803 639 4855 τῶν
691 4801 883 4866 ὄντων,
931 4800 965 4870 ἦ
1000 4801 1095 4853 τοῦ
1139 4798 1314 4861 ὄντος,
1355 4797 1760 4860 αὐτοδίδακτος,
1813 4796 1846 4864 ἢ

1968 4794 2211 4850 :issimus
2291 4796 2502 4864 pariter
2557 4809 2622 4851 ac
2683 4798 3163 4866 prudentissimus
3215 4822 3228 4857 :
3283 4806 3531 4861 merihus

261 4897 630 4961 θεοδίδακτος,
675 4893 799 4955 ὅλος
845 4892 941 4944 καὶ
975 4893 1099 4944 ὅλου
1135 4890 1255 4961 ἅμα
1287 4889 1382 4944 τοῦ
1414 4888 1727 4958 πνεύματος
1754 4903 1766 4916 ·
1810 4886 1848 4939 ἃ.

1968 4885 2150 4947 Iuleis,
2197 4894 2253 4941 et
2278 4901 2402 4942 acer
2434 4902 2689 4946 sermone
2731 4907 2744 4942 :
2778 4891 3056 4949 intellectu
3093 4896 3322 4962 multus,
3362 4905 3414 4952 et
3443 4897 3529 4950 di.

263 4990 443 5044 πάντα
472 4982 876 5057 παραδραμὼν,
922 4982 957 5053 ἢ
989 4981 1248 5046 συνελὼν,
1280 4982 1375 5034 δύο
1426 4981 1562 5052 μόνα
1594 4978 1851 5050 σεμνολο-

1968 4979 2074 5032 vino
2122 4978 2349 5033 numine
2408 4979 2570 5049 plane
2619 4980 2874 5050 amatus;
2927 4985 3056 5042 dum
3098 4987 3152 5041 in
3183 5004 3370 5044 eorum
3406 5004 3527 5055 qure

259 5083 422 5152 γήσω
459 5081 588 5149 περὶ
618 5077 809 5142 αὑτοῦ,
845 5075 1040 5144 σοφίαν
1071 5077 1165 5128 καὶ
1195 5074 1442 5144 ἀνδρίαν.
1474 5072 1594 5143 Χρὴ
1634 5072 1691 5124 δὲ
1719 5073 1849 5140 περὶ

1968 5079 2100 5136 mut,
2139 5085 2234 5126 seu
2265 5071 2448 5140 potius
2484 5073 2536 5127 in
2572 5073 2694 5143 eius
2734 5077 2827 5146 qui
2879 5092 3006 5132 vere
3056 5087 3142 5133 est
3185 5080 3524 5149 contempla-

256 5174 366 5242 τῆς
399 5171 589 5239 σοφίας
622 5170 844 5241 πρῶτον
877 5167 1177 5221 διαλαϐεῖν.

1968 5163 2099 5217 ioue
2132 5173 2407 5231 versatur,
2445 5180 2474 5219 a
2501 5167 2684 5236 seipso
2717 5168 2970 5234 edoctus,
3004 5180 3060 5225 et
3089 5173 3284 5227 doctus
3305 5188 3334 5226 a
3373 5173 3522 5229 Deo:

257 5266 357 5336 qui
387 5273 536 5320 totus
564 5264 752 5325 etiam,
787 5276 852 5315 ac
892 5271 1008 5315 toto
1030 5276 1246 5331 semper
1279 5269 1399 5316 erat
1434 5275 1560 5314 cum
1595 5258 1811 5327 spiritu.
1850 5255 1947 5311 llis
1974 5265 2155 5312 tamen
2184 5256 2443 5314 omnibus
2475 5261 2882 5329 praetermissis,
2929 5277 3025 5318 seu
3077 5265 3258 5335 potius
3287 5264 3523 5319 breviter

256 5362 319 5414 in
347 5373 516 5412 unum
572 5357 838 5422 collectis,
886 5356 1026 5409 duas
1071 5362 1283 5408 tantum
1347 5368 1496 5407 nunc
1558 5353 1704 5408 illius
1787 5352 2018 5407 virtutes
2078 5364 2372 5421 persequar
2436 5368 2449 5404 :
2516 5352 2840 5422 sapientiam
2927 5357 3138 5414 scilicet
3189 5366 3244 5411 et
3309 5357 3521 5440 fortitu-

253 5447 471 5513 dinem,
533 5459 590 5504 et
641 5451 708 5504 de
771 5446 1040 5516 sapientia
1096 5445 1313 5514 quidem
1384 5445 1537 5514 prius
1589 5445 1946 5500 disseremus.

326 5538 465 5610 Φησὶ
487 5555 590 5592 που
614 5535 937 5608 βαθύτερον,
963 5534 997 5605 ἢ
1031 5534 1386 5606 σαφέστερονο
1412 5537 1478 5589 Al
1510 5533 1701 5603 χεῖρές
1719 5551 1838 5604 μου

249 5631 556 5698 ἐποίησαν
603 5629 844 5697 ὄργανα,
873 5626 1164 5679 δάκτυλοί
1206 5643 1324 5696 μου
1366 5626 1646 5694 ἥρμοσαν
1675 5631 1834 5694 Ψαλ-

337 5772 352 5801 ¹
398 5765 466 5821 ιν
509 5767 642 5836 Reg.
681 5781 794 5830 xxx,
825 5766 919 5820 ⁸54.
1001 5765 1020 5794 ³
1061 5763 1252 5819 Matth.
1297 5781 1333 5828 ι,
1379 5765 1428 5817 l.

579 5863 848 5920 ιἰτιιοι..
891 5861 1006 5921 Gtt.
1043 5858 1358 5919 CXXVIII.

2022 5533 2111 5588 Ait
2173 5535 2411 5603 quodam
2474 5537 2530 5592 in
2587 5541 2709 5594 loco
2784 5541 3133 5610 profundius,
3210 5554 3370 5610 quam
3410 5540 3519 5595 ela-

1949 5626 2066 5680 rius
2120 5643 2134 5678 :
2187 5625 2382 5682 Manus
2443 5645 2571 5685 mea?
2629 5631 2863 5700 fecerunt
2931 5648 3187 5701 organum
3224 5639 3320 5684 :et
3365 5630 3520 5698 digiti

3085 5867 3122 5929 2
