4130 6304
630 294 701 355 43
1865 304 2170 370 ΕυΤΗΥΜ

2287 307 2620 371 ZIGABEN
2627 309 2655 370 Ι
3804 326 3865 388 u

630 426 728 462 mei
757 421 1197 466 conmmarernnl
1220 414 1553 482 psalterium.
1587 416 1863 489 Sapientia
1890 436 2033 476 enim
2066 425 2170 478 nihl

2273 425 2535 494 ,τ’ήριον.
2572 425 2743 495 Σοφία
2778 428 2884 498 γὰρ
2926 427 3078 482 οὐδὲν
3106 428 3316 503 ἕτερον,
3352 432 3383 505 ἤ
3419 430 3657 504 ἁρμονία
3707 435 3865 506 λόγων

627 502 772 554 aliud
804 515 907 568 est,
942 520 1101 573 quam
1145 508 1427 561 harmonia
1462 511 1730 579 quantam,
1761 522 1815 567 et
1850 514 2200 572 concinnitas

626 594 902 647 dictorum
953 612 1015 649 ac
1048 598 1338 653 factorum.
1389 598 1659 656 Praeterea
1708 603 1850 658 inter
1906 605 2200 662 rationales

623 690 905 752 scientias,
962 692 1173 747 musice
1224 694 1428 763 optima
1466 706 1571 761 est,
1598 708 1651 752 et
1675 712 1886 753 summa
1918 701 2198 769 sapientia:

623 797 750 849 pars
790 798 801 834 :
839 798 960 851 qum
1008 788 1247 852 scipsam
1311 800 1440 850 una,
1500 798 1554 841 et
1606 804 1796 844 omnes
1842 792 2198 863 philosophia:

619 883 825 942 partes,
865 884 1027 940 atque
1051 884 1370 932 ornamenta
1399 888 1454 932 et
1484 880 1586 934 sibi
1620 881 1745 950 ipsi,
1771 894 1825 937 et
1858 884 1982 937 aliis
2005 894 2195 939 mutuo

619 983 714 1035 per
751 983 809 1021 se
845 970 1225 1023 accommodat
1274 978 1327 1025 et
1376 982 1592 1043 coaptat
1626 991 1639 1027 :
1678 975 2111 1047 symphoniaquc
2140 990 2193 1035 ct

615 1072 916 1116 conoentus
945 1062 1166 1132 quidam
1200 1065 1413 1121 caeteris
1449 1068 1704 1123 omnibus
1732 1078 1838 1133 est,
1876 1079 1928 1125 et
1962 1086 2194 1141 propor-

614 1153 709 1207 tio.
743 1150 845 1217 Qui
874 1153 1040 1222 igitur
1069 1154 1210 1208 hanc
1238 1157 1484 1211 musicen
1512 1160 1801 1215 confessus
1831 1160 1996 1216 fuerit
2024 1164 2190 1221 fuisse

616 1248 671 1297 in
732 1244 927 1308 David,
986 1246 1277 1303 universas
1325 1250 1373 1303 ei
1445 1251 1636 1317 etiam,
1706 1268 1886 1307 rerum
1940 1258 2186 1310 omnium

609 1338 868 1393 scientias
921 1338 1069 1393 brevi
1114 1340 1373 1395 ascrihct.
1426 1342 1839 1399 Observandum
1892 1363 2018 1403 vero
2081 1362 2187 1414 est,

611 1445 717 1497 qua
746 1430 955 1485 ratione
984 1431 1178 1488 beatus
1210 1432 1398 1497 David,
1451 1449 1659 1505 organo
1703 1440 1925 1508 quidem
1988 1456 2185 1498 manus

608 1531 661 1574 et
690 1522 924 1577 faciendi
967 1524 1223 1579 virtutem
1249 1527 1579 1597 simpliciter
1628 1532 1886 1603 ascripsit
1921 1552 1935 1586 :
1975 1535 2182 1605 psalte-

609 1615 691 1667 rio
729 1630 856 1669 vero
883 1615 1111 1687 digitos,
1170 1618 1713 1691 concinnitatetnque
1744 1633 1911 1694 atque
1961 1625 2183 1682 harmo-

607 1707 776 1761 niam.
816 1705 953 1771 Quia
983 1709 1196 1763 scilicet
1221 1724 1487 1780 organum
1512 1712 1823 1782 simplicius
1842 1714 2177 1772 instrumen-

2305 519 2399 572 καὶ
2432 521 2801 590 πραγμάτων.
2849 521 3061 586 Ἄλλως
3088 539 3148 576 τε
3182 526 3285 578 κάν
3336 529 3454 589 ταῖς
3490 528 3728 596 λογικαίς
3758 534 3866 582 ἐπι-

2305 612 2546 682 στήμαις
2574 614 2850 685 ἁρμονικὴ
2880 616 2940 668 τὸ
2964 616 3254 671 κάλλιστόν
3293 636 3351 671 τε
3383 621 3478 674 καὶ
3509 623 3863 693 κορυφαιόταο

2300 720 2391 756 τον
2420 704 2520 772 τῆς
2549 706 2892 775 φιλοσοφίας,
2920 707 3057 778 αὐτή
3094 725 3153 762 τε
3186 710 3385 781 ἑαυτὴν
3429 712 3527 765 καὶ
3561 712 3720 766 πάνθ’
3740 714 3867 783 ὁμοῦ

2298 795 2366 848 τὰ
2400 799 2498 867 τῆς
2538 796 2857 865 φιλοσοφίας
2890 798 3034 869 μέρη
3069 800 3164 851 καὶ
3212 800 3406 870 κάλλη,
3447 800 3540 854 καὶ
3579 801 3742 873 ἑαυτῇ
3780 802 3865 854 καὶ

2276 888 2548 964 ,ἀλλήλοις
2580 890 2649 943 δι’
2680 890 2879 960 ἑαυτῆς
2912 891 3257 961 ἁρμόζουσα,
3305 894 3598 961 συμφωνία
3627 910 3709 953 τις
3738 889 3865 948 οὖσα

2297 981 2485 1047 πᾶσιν,
2508 982 2540 1053 ἢ
2567 980 2846 1049 ἀναλογία.
2875 983 2937 1035 '0
2955 982 3084 1051 γοῦν
3101 983 3304 1054 ταύτην
3327 985 3473 1054 ἔχειν
3497 985 3828 1056 ὁμολογήσας
3846 1024 3864 1051 ,

2296 1075 2477 1128 πᾶσαν
2499 1074 2557 1126 ἐν
2583 1074 2776 1146 βραχεί
2798 1076 2896 1146 τὴν
2924 1076 3159 1146 θεωρίαν
3184 1076 3334 1146 αὐτῷ
3354 1078 3466 1130 τῶν
3482 1078 3656 1131 ὄντων
3704 1095 3863 1149 προσ-

2295 1166 2670 1238 εμαρτύρησε.
2697 1168 3119 1239 Παρατηρητέον
3150 1169 3229 1234 δὲ,
3264 1170 3383 1232 πῶς
3421 1169 3502 1240 τῷ
3530 1171 3629 1241 μὲν
3658 1170 3861 1241 ὀργάνῳ

2290 1260 2387 1321 τὰς
2420 1262 2611 1330 χεῖρας
2640 1262 2734 1313 καὶ
2784 1262 3079 1333 ποιητικὴν
3110 1260 3339 1332 δύναμιν
3391 1262 3649 1332 ἀνέθηκε,
3689 1263 3765 1334 τῷ
3809 1264 3863 1317 δὲ

2288 1352 2575 1425 ψαλτηρίῳ
2593 1354 2720 1415 τοὺς
2738 1354 3036 1416 δακτύλους
3059 1357 3153 1409 καὶ
3177 1356 3276 1425 τὴν
3303 1358 3608 1428 ἁρμονικὴν
3634 1374 3649 1388 θ
3694 1360 3864 1411 ἐκεῖνο

2291 1446 2392 1516 μὲν
2424 1447 2555 1517 γὰρ,
2587 1445 2961 1517 ἁπλούστερον
2989 1448 3079 1500 καὶ
3114 1450 3445 1520 κοινότερονο
3469 1448 3631 1503 τοῦτο
3650 1450 3729 1514 δὲ,
3758 1448 3861 1501 τῶν

2290 1539 2734 1609 ἱπιστημονικῶν
2770 1555 2831 1592 τε
2859 1540 2957 1593 καὶ
2991 1540 3359 1610 λεπτοτέρων,
3393 1543 3486 1597 καὶ
3537 1542 3859 1613 ἀκριϐεστέ-

2286 1644 2386 1697 ρας
2414 1626 2671 1697 δεόμενον
2693 1631 3119 1702 ἐπιτεχνήσεως.
3160 1631 3546 1700 ’Δναγωγικῶς
3563 1632 3642 1696 δι.
3675 1634 3861 1703 χεῖρας

2287 1717 2391 1787 μὲν
2419 1719 2634 1788 οἰητέον
2659 1721 2759 1790 τὴν
2788 1723 3102 1790 πρακτικὴν
3147 1722 3352 1792 ἀρετὴν
3393 1721 3586 1793 ὥσπερ
3631 1721 3860 1792 ὄργανον

606 1808 721 1852 tum
746 1808 831 1853 est
861 1815 926 1854 ac
952 1789 1391 1872 magis-Vulgare
1432 1820 1445 1858 :
1489 1806 1805 1873 psalterium
1843 1822 1970 1863 vero
2019 1816 2076 1862 et
2110 1810 2170 1865 ad

2281 1786 2656 1863 ἀποτελοῦσαν
2688 1786 2779 1863 τὸν
2804 1786 2919 1880 βίον
2956 1786 3172 1880 ἐμμελῆ
3187 1786 3627 1881 ⁷διαὶ-σύμφιονον
3654 1786 3822 1879 ἑαυτῇ
3842 1820 3855 1836 ·

603 1892 984 1947 sublimiorem
1042 1894 1332 1949 scientiam
1389 1898 1649 1963 pertinet,
1700 1908 1755 1953 et
1798 1907 1914 1953 arte
1974 1900 2178 1971 indiget

603 1986 956 2057 diligentiori.
988 1986 1148 2041 Juxta
1177 2002 1458 2059 anagogon
1516 2008 1529 2043 :
1566 1988 1760 2044 Manus
1806 1992 2174 2062 accipiuntur,

602 2090 704 2144 pro
732 2076 938 2129 virtute
969 2076 1193 2139 lactiva,
1223 2091 1348 2146 qua:
1378 2080 1541 2132 vitam
1598 2095 1661 2134 ac
1696 2085 2173 2140 conversationem

600 2180 866 2235 nostram,
904 2174 1061 2242 quasi
1099 2188 1393 2244 organum,
1437 2175 1537 2227 sibi
1588 2176 1690 2243 ipsi
1752 2192 2050 2234 consonam
2108 2194 2175 2234 ac

602 2264 740 2317 bene
774 2264 1099 2330 dispositam
1126 2264 1353 2330 reddat;
1382 2266 1535 2335 digiti
1589 2281 1741 2334 vero,
1776 2270 2173 2329 consideratio-

600 2372 699 2411 nes
740 2370 803 2416 ac
848 2357 1340 2426 contemplationes
1400 2359 1751 2417 sublimiores
1810 2363 2170 2434 intelligenda:

596 2458 727 2506 sunt
763 2465 777 2503 :
812 2466 934 2519 qua:
970 2450 1343 2505 intellectuale
1402 2452 1635 2507 rationis
1663 2454 1953 2521 judicium,
2011 2457 2168 2527 quasi

597 2543 918 2614 psalterium
952 2542 1228 2612 quoddam
1277 2544 1619 2599 concinnant
1648 2562 1660 2597 ;
1691 2547 1762 2600 ita
1818 2556 1878 2601 ut
1928 2563 2169 2619 superne

596 2636 895 2706 inspiretur
921 2636 1298 2705 pulseturque,
1322 2645 1377 2690 et
1404 2638 1472 2689 ab
1503 2638 1608 2692 alio
1640 2640 1833 2706 majori
1862 2652 2162 2696 moveatur.

577 2730 725 2783 ‘ltem
759 2728 884 2783 alibi
910 2730 963 2782 in
997 2726 1227 2783 Psalmis
1252 2728 1327 2781 ait
1355 2746 1367 2781 :
1406 2728 1618 2783 Incerta
1642 2742 1691 2782 et
1718 2734 1929 2787 occulta
1955 2735 2168 2802 rapien-

592 2821 680 2875 tia:
713 2829 821 2877 tua
869 2820 1230 2891 manifestasti
1289 2822 1417 2873 mihi
1450 2824 1489 2874 ³.
1534 2821 1581 2876 υ
1636 2823 2019 2879 admirandum
2070 2826 2163 2883 Dei

588 2930 727 2982 opus
762 2914 778 2970 Ι
816 2930 993 2986 neque
1024 2917 1169 2969 cnim
1210 2914 1382 2969 solam
1420 2915 1718 2968 visibilium
1771 2917 2159 2987 cognitionem,

2274 1904 2572 1968 δακτύλους
2606 1905 2688 1965 δὲ,
2712 1906 2839 1969 τοὺς
2869 1905 3392 1978 θεωρητικωτάτους
3419 1905 3742 1975 λογισμοὺς,
3771 1898 3861 1956 οἷα

2273 1998 2579 2070 ψαλτήριον
2604 2001 2970 2072 ἁρμόζοντας,
3019 2000 3081 2054 τδ
3114 2000 3303 2069 νοερὸν
3330 1999 3428 2053 τοῦ
3460 2000 3624 2069 λόγου
3649 1998 3861 2069 ψαλτή-

2275 2105 2414 2161 ριον,
2456 2089 2532 2154 ὡς
2562 2088 2894 2161 ἐμπνεῖσθαι
2920 2090 3017 2143 καὶ
3066 2087 3297 2151 ἄνωθεν,
3332 2088 3365 2159 ἢ
3397 2086 3719 2159 κρούεσθαι,
3764 2084 3860 2137 καὶ

2272 2180 2341 2235 δι’
2368 2180 2559 2251 ἑτέρου
2602 2178 2848 2252 μείζονος
2883 2176 3311 2249 ἀνακρούεσθαι.
3368 2179 3482 2234 Καὶ
3531 2174 3771 2248 ἀλλαχοῦ
3802 2173 3859 2227 δι

2278 2272 2432 2341 λέγει
2454 2271 2562 2326 τῶν
2594 2270 2830 2343 ψαλμῶν
2852 2287 2869 2303 '
2915 2269 2993 2325 Τὰ
3020 2269 3220 2338 ἄδηλα
3264 2268 3362 2323 καὶ
3391 2268 3465 2323 τὰ
3504 2270 3727 2338 κρύφια
3750 2265 3853 2333 τῆς

2278 2368 2503 2437 σοφίας
2559 2382 2678 2421 σου
2710 2358 3032 2431 ἐδήλωσάς
3084 2381 3210 2435 μοι.
3250 2363 3389 2417 Οὐαὶ
3444 2362 3545 2433 τῆς
3614 2360 3855 2431 μεγαλη-

2278 2460 2469 2530 γορίας
2496 2459 2510 2513 l
2538 2460 2599 2512 οὐ
2631 2458 2791 2529 μόνον
2830 2457 2941 2528 γὰρ
2983 2456 3094 2509 τῶν
3125 2456 3472 2526 φαινομένων
3499 2454 3598 2525 τὴν
3628 2452 3857 2521 γνῶσιν,

2276 2551 2415 2606 ἀλλὰ
2449 2553 2544 2605 καὶ
2570 2552 2680 2605 τῶν
2705 2552 3034 2623 ἀπορρήτων
3062 2549 3279 2621 ἐμυήθη
3308 2548 3407 2619 τὴν
3448 2546 3685 2609 σύνεσιν,
3712 2542 3850 2609 οἷον,

2275 2646 2359 2699 ὅτι
2385 2642 2545 2715 τριὰς
2574 2644 2668 2697 καὶ
2711 2643 2903 2713 μονὰς,
2930 2642 3025 2696 καὶ
3054 2642 3184 2712 περὶ
3212 2641 3315 2711 τῆς
3360 2638 3855 2710 ἔνανθρωπήσεως.

2275 2736 2386 2790 Καὶ
2425 2735 2609 2789 πάλιν·
2653 2733 2823 2801 ’Υπὲρ
2867 2730 3102 2799 πόντος
3123 2729 3420 2800 ὧσόερισάς
3448 2744 3524 2798 με
3548 2728 3666 2795 τὴν
3688 2730 3855 2782 ἐντυ-

2270 2829 2395 2895 λήν
2415 2842 2573 2892 σου,
2604 2827 2735 2898 περὶ
2789 2829 2891 2896 τῆς
2942 2824 3257 2896 πρακτικῆς
3311 2826 3558 2894 φάσκων,
3600 2820 3724 2876 καθ’
3787 2822 3857 2891 ῆν

2270 2920 2429 2982 αὖθις
2465 2918 2804 2990 ἐπρώτευεν.

589 3008 685 3061 sed
712 3008 875 3062 etiam
907 3020 1234 3061 arcanorum
1279 3006 1371 3061 Dei
1417 3008 1703 3061 scientiam
1752 3006 1983 3065 edouus
2014 3020 2099 3065 est
2139 3013 2333 3083 :quod
2361 3011 2579 3069 scilicet
2617 3013 2803 3068 unitas
2834 3011 2929 3078 sit,
2981 3020 3037 3069 et
3076 3010 3317 3073 trinitas,
3388 3018 3444 3065 et
3505 3016 3853 3080 quacunque

587 3103 689 3155 alia
720 3100 785 3155 ad
821 3100 910 3153 Dei
944 3097 1377 3152 incarnationem
1410 3100 1684 3165 pertinent
1711 3116 1722 3152 :
1753 3109 1807 3154 et
1835 3114 2026 3158 rursus
2048 3102 2157 3156 alio
2214 3103 2269 3156 in
2302 3103 2422 3159 loco
2453 3103 2596 3159 dixit
2629 3120 2644 3158 :
2676 3104 2849 3175 Super
2876 3120 3058 3158 omnes
3113 3102 3346 3157 docuisti
3388 3119 3470 3156 me
3535 3103 3852 3155 mandatum

582 3206 733 3242 mum
762 3190 782 3220 ⁸
811 3208 824 3244 :
854 3189 923 3245 de
948 3203 1013 3246 eo
1047 3188 1277 3257 loquens
1331 3189 1587 3244 mandato
1615 3190 1761 3259 quod
1803 3189 1872 3244 ad
1912 3193 2155 3250 actiones
2199 3196 2454 3266 pertinet,
2492 3197 2562 3263 in
2596 3209 2707 3267 quo
2771 3196 2989 3252 virtutis
3052 3210 3249 3268 genere
3296 3195 3506 3266 pariter
3548 3193 3850 3265 primatum

582 3284 848 3337 obtinuit.

657 3379 829 3447 Atque
876 3377 990 3433 haec
1023 3377 1244 3447 quidem
1286 3377 1354 3432 de
1394 3378 1683 3447 sapientia.
1726 3376 1799 3433 De
1833 3377 2151 3435 lortitndine

2339 3381 2502 3437 Ἀλλὰ
2530 3380 2705 3436 ταῦτα
2732 3380 2833 3451 μὲν
2858 3379 2989 3448 περὶ
3016 3378 3115 3447 τῆς
3150 3374 3367 3445 σοφίας
3395 3375 3465 3427 τὰ
3490 3374 3548 3427 δὲ
3584 3376 3716 3445 περὶ
3746 3371 3850 3443 τῆς

583 3486 712 3523 vero
735 3470 884 3543 idem
921 3472 1037 3539 ipse
1070 3476 1261 3524 narrat
1291 3471 1480 3525 dicens
1514 3488 1528 3524 :
1568 3469 1719 3523 Επιιοὶ
1742 3472 1945 3524 obviam
1980 3469 2153 3526 Phili—

2273 3477 2487 3547 ἀνδρίας
2516 3475 2676 3537 αὐτὸς
2708 3474 2873 3528 πάλιν
2916 3471 3272 3538 ὲκδιηγεῐταισ
3294 3470 3428 3537 φησὶ
3452 3469 3582 3538 γάρ’
3626 3466 3848 3533 Ἐξῆλ-

580 3575 736 3629 stwo,
772 3575 820 3618 et
872 3564 1153 3618 maledixit
1202 3564 1331 3617 milii
1362 3564 1415 3615 in
1443 3562 1601 3617 idolis
1646 3565 1779 3627 suis,
1829 3580 1921 3633 ego
1982 3574 2156 3617 autem

2273 3571 2374 3623 θον
2404 3571 2488 3633 εις
2518 3565 2902 3634 συνάντησιν
2925 3562 3005 3629 τῷ
3036 3562 3389 3630 ἀλλοφύλῳ,
3418 3560 3516 3615 καὶ
3549 3560 3843 3627 ἐπικατη-

577 3666 785 3710 cxserto
828 3655 942 3724 ejus
966 3656 1171 3725 gladio,
1201 3655 1460 3709 decollavi
1502 3670 1643 3720 eum,
1676 3666 1722 3707 et
1747 3655 1943 3709 abstuli
1970 3671 2153 3723 oppro~

2273 3661 2489 3714 σείσατο
2536 3659 2655 3728 μὲν
2708 3659 2773 3711 ἐν
2825 3655 2948 3721 τοῖς
3000 3655 3294 3720 εἰδωλίοις
3343 3652 3554 3710 αὐτοῦ·
3610 3653 3730 3723 ἐγὼ
3774 3653 3848 3705 δὲ

578 3748 754 3801 brium
783 3764 815 3800 a
838 3746 966 3817 ﬁliis
988 3745 1165 3801 Israel
1196 3748 1237 3801 '.
1271 3745 1351 3801 Tu
1379 3745 1541 3800 modo
1588 3744 1877 3800 considera
1924 3746 2014 3800 hic
2045 3762 2153 3800 non

2273 3747 2658 3815 σπασάμενος
2681 3746 2797 3814 τὴν
2814 3743 3140 3814 μάχαιραν,
3178 3740 3600 3811 ἀπεκεφάλισα
3625 3743 3847 3804 αὐτὸν,

583 3840 969 3895 fortitudinem
1022 3846 1261 3902 tantum,
1313 3838 1489 3893 sedet
1530 3837 1702 3891 multo
1764 3837 1936 3907 magis
1982 3837 2151 3891 animi

2273 3841 2359 3892 ea!
2399 3835 2512 3908 ἦρα
2541 3838 2774 3904 ὄνειδος
2824 3835 2894 3899 ἐξ
2922 3834 3070 3889 υἱῶν
3112 3833 3373 3901 Ἰσραήλ.
3413 3832 3560 3904 Ὅρα
3610 3832 3687 3903 μὴ
3738 3833 3848 3902 τὴν

580 3932 1037 3986 moderationem.
1066 3929 1438 3999 Quippecum
1487 3929 1658 3982 multa
1690 3935 1745 3981 et
1777 3941 1969 3997 magna
2019 3937 2153 3981 tunc

576 4040 867 4080 recensere
894 4032 1076 4093 posset
1114 4039 1129 4075 :
1188 4021 1535 4076 inimicorum
1572 4022 1783 4076 scilicet
1810 4021 2016 4089 c0pias,
2049 4033 2150 4073 au-

576 4118 816 4182 daciam,
872 4131 1050 4180 arma,
1101 4115 1325 4169 bellicas
1374 4124 1543 4179 artes,
1596 4126 1651 4167 ct
1705 4112 1934 4168 studia:
1977 4111 2151 4181 ipsius

575 4211 741 4264 etiam
798 4208 1054 4279 gigantis,
1087 4217 1183 4261 aut
1218 4206 1400 4275 potius
1452 4203 1758 4273 elephantis
1806 4203 1950 4257 illius
1996 4216 2151 4257 arro-

574 4302 837 4371 gantiam,
874 4301 1153 4371 peritiam,
1204 4299 1372 4361 vires,
1428 4297 1880 4368 magnitudinem,
1942 4293 2149 4349 ludan-

573 4409 697 4447 rum
751 4403 1016 4463 preterea
1061 4391 1335 4453 timorem,
1390 4388 1843 4451 sollicitudinem,
1868 4385 2147 4456 ipsiusque

576 4485 708 4536 Saul
763 4483 909 4552 regis
972 4481 1308 4536 anxietatem
1347 4497 1361 4532 :
1406 4487 1461 4532 et
1495 4479 1772 4547 quomodo
1801 4476 1871 4530 ob
1925 4474 2143 4527 unicum

573 4577 740 4629 etiam
794 4572 1138 4627 Philistzeum
1188 4584 1383 4625 omnes
1438 4577 1599 4623 erant
1651 4565 1926 4637 perterriti
1960 4583 1975 4617 :
2009 4563 2141 4627 dux,

573 4665 797 4728 milites,
844 4664 1097 4733 juvenes,
1146 4676 1310 4715 senes
1368 4678 1382 4715 :
1452 4659 1730 4729 quomodo
1793 4658 1912 4727 ipse
1969 4654 2141 4709 David

2260 3929 2483 3999 ἀνδρίαν
2526 3930 2705 3999 μόνον,
2758 3928 2895 3981 ἀλλὰ
2949 3925 3083 3979 πολὺ
3124 3926 3340 3994 πρῶτον
3376 3924 3475 3995 τὴν
3506 3924 3843 3978 ἐπιείκειαν⁸

2260 4023 2433 4076 πολλὰ
2456 4023 2566 4092 γὰρ
2607 4022 2702 4076 καὶ
2744 4020 2959 4091 μεγάλα
3004 4018 3185 4086 λέγειν
3218 4017 3440 4081 αὐτίκα,
3470 4015 3545 4086 (1)
3579 4015 3689 4068 τῶν
3733 4016 3843 4084 μὲν

2258 4114 2539 4183 πολεμίων
2568 4112 2639 4166 τὸ.
2666 4111 2872 4181 πλήθη,
2902 4109 2973 4162 τὰ
3002 4109 3203 4179 θράση,
3236 4107 3303 4161 τέι
3335 4106 3498 4169 ὅπλα,
3542 4106 3639 4169 τὰς
3669 4108 3843 4160 πολεο

2262 4205 2429 4277 μικὰς
2475 4204 2671 4273 τέχνας
2712 4204 2806 4254 καὶ
2852 4201 3109 4271 μελέτας,
3170 4197 3338 4254 αὐτοῦ
3375 4199 3471 4254 τοῦ
3500 4201 3763 4269 γίγαντος
3803 4201 3842 4271 η

2256 4297 2547 4365 ἐλέφαντος
2585 4293 2798 4347 ἑκείνου
2831 4293 2930 4364 τὴν
2983 4292 3327 4360 ἀλαζονείαν,
3374 4295 3475 4364 τὴν
3508 4294 3838 4366 ἱμπειρίαν,

2255 4389 2357 4456 τὴν
2390 4388 2564 4457 ἰσχὺν,
2592 4386 2655 4440 τδ
2691 4385 2943 4455 μέγεθος.
2991 4382 3102 4439 τῶν
3157 4386 3429 4440 Ἰουδαίων
3457 4386 3556 4456 τὴν
3598 4386 3838 4451 δειλίαν,

2253 4479 2353 4549 τὴν
2372 4480 2634 4546 ἀγωνίαν,
2671 4476 2841 4530 αὐτοῦ
2867 4475 2962 4532 τοῦ
2998 4479 3266 4549 βασιλέως
3299 4478 3399 4547 τὴν
3440 4478 3702 4551 ἀπορίαν,
3727 4484 3833 4531 καὶ

2254 4570 2374 4633 πῶς
2407 4568 2777 4639 ὲπεφρίκεσαν
2809 4569 3013 4635 πάντες
3054 4574 3149 4623 καί
3180 4570 3500 4639 στρατηγοὶ,
3536 4570 3630 4622 καὶ
3659 4586 3836 4640 στρα-

2252 4662 2466 4726 τιῶται,
2499 4662 2593 4715 καὶ
2630 4661 2763 4725 νέοι,
2800 4660 2892 4715 καὶ
2924 4661 3170 4727 παλαιοὶ,
3217 4662 3307 4714 τὸν
3356 4661 3677 4730 αλλόφυλον,
3730 4665 3833 4715 καὶ

573 4756 896 4811 adolescens
919 4763 1113 4809 eratet
1138 4754 1395 4824 pusillus,
1448 4751 1691 4815 inermis,
1724 4752 1844 4805 belli
1882 4750 2141 4820 ignarus:

2273 4754 2366 4819 τῶς
2395 4755 2663 4817 νεώτατος
2698 4754 2860 4818 αὐτὸς
2900 4753 3000 4820 ὢν,
3031 4758 3123 4806 καὶ
3175 4753 3403 4823 βραχὺς,
3457 4755 3549 4806 καὶ
3596 4755 3830 4818 ἄοπλος.

573 4860 628 4902 et
675 4857 861 4902 tamen
902 4862 1071 4901 ausus
1102 4848 1175 4900 sit
1217 4846 1484 4897 adversus
1531 4841 1832 4896 Barbarum
1871 4842 2023 4893 illum
2054 4838 2149 4893 de-

572 4948 784 4991 certare
813 4953 828 4990 :
865 4936 1008 4989 unde
1038 4935 1250 5003 dejecta
1284 4942 1436 4987 tanta
1473 4932 1567 4986 illa
1602 4931 1743 4985 turri
1769 4944 1832 4984 ac
1865 4931 1962 4983 tali
1996 4929 2139 4994 fera,

570 5028 791 5082 facilem
840 5028 952 5095 regi
986 5026 1272 5080 victoriam
1300 5024 1556 5092 przestitit
1592 5040 1605 5075 :
1638 5021 1840 5091 quippe
1867 5021 1961 5090 qui
1995 5021 2145 5075 illius

571 5121 751 5188 capite
782 5133 811 5171 a
848 5120 1058 5189 reliquo
1083 5132 1313 5185 corpore
1354 5117 1570 5179 avulso,
1614 5122 1779 5184 atque
1805 5115 1907 5167 hoc
1939 5113 2144 5182 ipsius—

575 5221 685 5267 met
736 5212 974 5282 gigantis
1005 5210 1208 5280 gladio,
1264 5210 1516 5264 timorem
1556 5221 1776 5263 omnem
1825 5204 2081 5259 dissolvit
2124 5222 2139 5259 :

572 5304 747 5359 caedes
770 5315 926 5358 antea
955 5304 1067 5357 lieri
1099 5304 1289 5357 solitas
1327 5302 1591 5371 repressit
1625 5316 1638 5352 :
1673 5298 1996 5359 exercitum,
2036 5300 2139 5349 du-

2250 4850 2344 4900 καὶ
2380 4847 2631 4918 πολέμων
2657 4848 2904 4917 ἄπειρος.
2938 4845 3320 4917 κατεθάρρησε
3364 4847 3459 4898 τοῦ
3518 4844 3835 4916 βαρϐάρου,

2248 4934 2336 4992 οἷα
2366 4938 2548 5009 νεκρῷ
2586 4937 2666 5008 τῷ
2714 4937 2953 5009 τοσούτῳ
3009 4938 3226 5007 πύργῳ,
3273 4936 3369 4988 καὶ
3416 4936 3647 5004 τοιούτῳ
3691 4938 3833 5005 (tan

2248 5028 2618 5099 χρησάμενος,
2683 5026 3097 5099 κατηγωνίσατο
3141 5028 3295 5096 ῥᾷον,
3330 5027 3425 5079 καὶ
3480 5028 3548 5095 τῇ
3602 5027 3825 5078 ἑκείνοδ

2252 5119 2497 5189 μαχαίρᾳ
2531 5119 2631 5188 τὴν
2659 5117 2898 5189 κεφαλὴν
2926 5117 3021 5170 τοῦ
3055 5113 3306 5185 σώματος
3336 5116 3571 5184 ἀφελὼν,
3625 5114 3828 5168 ἔλυσεν

2247 5210 2341 5263 τὸν
2373 5210 2559 5280 φόϐον,
2582 5209 2777 5281 ἔστησε
2806 5212 2898 5265 τὸν
2926 5210 3106 5281 φόνον,
3134 5208 3304 5263 ἔσωσε
3336 5210 3396 5262 τὸ
3420 5210 3819 5282 στρατόπεδον,

2248 5305 2343 5356 καὶ
2372 5304 2462 5356 τδν
2488 5301 2753 5373 ἡγεμόνα,
2802 5304 2895 5358 καὶ
2926 5303 3204 5376 προγόνων
3236 5303 3457 5373 τάφους,
3491 5303 3587 5358 καὶ
3614 5303 3823 5373 νόμους

644 5491 665 5521 ⁸
696 5487 835 5541 Psal.
873 5502 924 5549 ι,
976 5486 1029 5539 8.
1067 5488 1082 5515 ‘
1120 5483 1264 5539 Psal.
1316 5502 1509 5553 cum,
1550 5488 1642 5543 66.
1702 5487 1724 5517 '
1765 5488 1783 5542 Ι
1819 5486 1954 5557 Reg.
2018 5499 2149 5548 xm,
2191 5483 2280 5539 £5.

1898 5621 2095 5683 Varios
2136 5622 2460 5684 lectiones.

639 5751 715 5819 (1)
773 5750 1114 5805 Desideratur
1147 5750 1263 5813 ὲξδν
1300 5752 1383 5808 vel
1429 5751 1747 5822 δυνάμενος,
1805 5755 1889 5807 vel
1948 5761 2094 5805 certe
2121 5750 2464 5806 subauditur.
