4050 6278
277 344 336 409 t5
1393 337 1785 400 cunnum.
1823 335 1907 398 IN
1946 336 2305 400 PSALMOS.
3415 300 3510 396 ιδ’

266 455 530 528 πατρῴους.
594 453 690 507 καὶ
732 453 874 521 ιερὰ,
926 452 1021 505 καὶ
1080 452 1281 520 γονεῖς,
1341 454 1440 506 καὶ
1498 453 1796 523 σύμπαντα

1912 467 2044 514 rem.
2077 454 2341 520 patriam,
2407 451 2672 523 majorum
2717 449 3000 522 sepulcra,
3052 451 3200 519 leges
3254 453 3480 520 patrias.

265 554 389 620 γίνη,
422 549 508 602 καὶ
535 547 772 618 ἠλικίαςο
806 548 834 599 ό
867 546 924 598 δὲ
967 545 1174 598 τούτων
1230 548 1329 614 μὲν
1382 545 1537 600 οὐδὲν
1598 548 1802 615 ἐμεγα-

267 642 519 712 λαύχησεν,
551 638 940 692 ἐπιεικέστατα
985 638 1039 691 δὲ
1095 638 1234 692 πάνυ
1282 636 1525 708 διεξῆλθε
1570 636 1632 689 τδ
1665 636 1802 707 πρὸς

266 736 339 788 τὸν
369 731 548 788 Γολιὰθ
581 732 936 802 μονομάχιον.

328 910 642 980 “unos”;
693 918 723 970 ό
765 914 1024 978 τοσοῦτος
1067 915 1162 968 καὶ
1193 915 1534 982 τηλικοῦτος.
1593 916 1680 969 ἵνα
1725 918 1801 986 μὴ

260 1011 455 1065 ἓιιαστον
497 1009 764 1081 διατρίϐω
811 1009 1006 1076 λόγον,
1061 1006 1454 1073 ὲξευτελίζεται
1506 1007 1607 1078 μὲν
1649 1009 1804 1080 παρὰ

259 1103 338 1157 τοῦ
372 1103 589 1172 πατρὸς,
616 1101 717 1172 τὴν
735 1101 931 1173 ἀρχὴν.
969 1141 982 1154 .
1017 1140 1032 1155 .
1067 1142 1080 1156 .
1116 1102 1392 1171 αινομένφ
1412 1100 1799 1171 προσέχοντος,

261 1193 593 1250 ἀποϐάλλεται
626 1194 673 1247 δ’
711 1195 792 1257 είς
830 1194 1118 1264 ποιμένας,
1169 1192 1266 1246 καὶ
1305 1193 1385 1259 (2)
1435 1190 1643 1245 τούτων
1689 1192 1804 1254 τοῖς

257 1292 308 1343 ὲν
342 1291 442 1349 τοῖς
483 1286 871 1356 λοχευομένοις
927 1285 1178 1339 ὄπισθεν.
1229 1285 1340 1338 Καὶ
1399 1285 1429 1337 6
1472 1286 1575 1352 μὲν
1619 1287 1803 1354 πατὴρ

258 1381 437 1449 ὥσπερ.
467 1419 481 1434 .
532 1421 546 1433 .
587 1417 603 1434 .
644 1378 748 1432 (Oet
775 1379 1041 1440 κάτωθεν,
1069 1380 1098 1430 6
1123 1377 1180 1430 δὲ
1209 1375 1342 1440 Θεὸς
1385 1378 1593 1430 ἄνωθεν
1628 1377 1800 1431 υίοθὲο

253 1489 342 1536 ut,
388 1470 633 1540 καθάπερ
686 1469 969 1540 βασιλικὸν
1015 1468 1184 1522 παῖδα
1219 1468 1322 1538 τήν
1363 1469 1669 1538 βασιλικὴν,
1703 1469 1802 1520 εἶτ’

250 1560 333 1618 οὖν
356 1562 711 1633 ποιμαντικὴν
739 1563 1051 1631 ἐπιστήμην
1083 1561 1303 1631 πρῶτον
1343 1563 1401 1614 ιν
1427 1563 1539 1623 τοῖς
1587 1560 1804 1627 ἀλόγοις

251 1657 522 1727 ικμελετᾷν
577 1659 1017 1725 παρεσκεύασεν,
1067 1657 1465 1726 ἐπαγρυπνεῖν,
1518 1654 1802 1723 πολεμεῖν,

252 1747 553 1802 κινδυνεύειν
582 1749 684 1817 τῆς
714 1746 972 1816 ποίμνης,
1015 1745 1462 1814 παρατάττεσθαι
1512 1743 1650 1814 πρὸς
1704 1745 1803 1814 θῆ-

251 1859 356 1914 ρας,
380 1842 506 1910 πρὸς
546 1815 774 1913 λῃστὰς,
805 1815 943 1910 πρὸς
974 1839 1238 1901 κλέπτας,
1273 1838 1410 1907 πρὸς
1439 1838 1619 1908 λιμὸν,
1662 1837 1804 1907 πρὸς
1837 1815 1876 1868 Β

250 1935 454 2005 κρυμὸν,
477 1933 617 2004 πρὸς
645 1933 845 2001 φλόγα,
875 1929 1262 2001 προηγεῖσθαι,
1286 1930 1631 1999 παρακαλεῖν
1663 1927 1802 1998 πρὸς

247 2025 424 2094 νομὰς,
473 2027 616 2096 πρὸς
674 2024 854 2088 σκιὰς,
901 2023 981 2084 είς
1039 2023 1282 2092 κρήνας,
1338 2023 1424 2083 είς
1474 2022 1800 2089 ποταμοὺς,

247 2119 313 2188 (3)
339 2115 746 2187 ἀνακομεῖσθαι,
779 2115 1058 2184 συνάγειν,
1090 2117 1157 2185 τῇ
1181 2113 1477 2185 βακτηρίᾳ,
1526 2115 1595 2184 τῇ
1620 2114 1800 2183 φωνῇ,

245 2214 300 2280 τῇ
332 2209 457 2282 ᾦδῇν
485 2213 555 2281 τῇ
589 2209 835 2280 σύριγγι,
867 2207 1116 2279 τέρπειν,
1152 2205 1364 2273 φοϐεῖν,
1390 2204 1625 2273 διαιτᾷν,
1656 2218 1800 2272 φαρ-

247 2301 502 2371 μακεύειν,
532 2297 610 2354 ὢν
665 2300 921 2354 ἁπάντων
966 2298 1155 2361 τέλος,
1194 2298 1272 2368 μή
1328 2297 1584 2349 πιότατον
1640 2296 1802 2364 μόνον

243 2397 497 2459 ἀποδεῖξαι
530 2394 595 2446 τὸ
620 2392 892 2464 ποίμνιον,
914 2391 1052 2448 ἀλλὰ
1086 2391 1183 2445 καὶ
1229 2390 1676 2461 σωφρονέστερον
1704 2389 1802 2441 καὶ

242 2487 726 2540 εύπαιδευτότατον.
776 2485 938 2539 Ἀλλὰ
970 2485 1130 2538 τίδεῖ
1181 2482 1488 2554 μηκύνειν;
1537 2482 1800 2553 Ἔρχεται

245 2580 351 2648 μετ’
393 2579 574 2646 ὀλίγον
607 2581 636 2632 ό
693 2579 946 2650 χρίστης,
994 2575 1333 2646 ὲπιζητεῖται
1363 2575 1420 2628 δὲ
1449 2577 1478 2628 ό
1510 2574 1802 2646 χρισθῆναι

245 2670 457 2740 μέλλωνο
496 2670 782 2741 ἐξέρχεται
814 2669 870 2722 δὲ
897 2671 924 2722 ό
951 2668 1111 2740 χορὸς
1145 2669 1257 2721 τῶν
1295 2667 1530 2731 παίδων,
1576 2667 1606 2718 6
1633 2663 1804 2727 πολὺς

243 2760 450 2827 ἐκεῖνος,
484 2762 513 2815 6
544 2761 708 2823 καλὸς
742 2760 831 2814 καὶ
863 2759 1137 2830 λαμπρὸς,
1171 2759 1476 2812 ἐπιτίθεται
1508 2758 1567 2811 τὸ
1606 2757 1798 2827 κέρας,

242 2854 628 2925 ύπερτίθεταιό
668 2854 819 2916 Θεός·
869 2851 1261 2922 ἀποδοκιμάζει
1314 2851 1560 2914 τούτους,
1613 2850 1803 2921 ὥσπερ

239 2945 298 3017 δὴ
332 2949 569 3019 όπατὴρ
617 2947 710 3001 τὸν
764 2944 946 3000 Δαϐίδ.
1012 2946 1408 3015 Ἀναγκάζεται
1457 2946 1804 3014 παραγαγεῖν

240 3038 388 3100 αὐτὸς
415 3038 444 3091 6
469 3036 772 3105 ἐξουθενῶν
821 3036 913 3090 τὸν
955 3035 1424 3103 ἱξουθενούμενονο
1468 3035 1803 3105 παράγεται,

240 3128 436 3198 χρίεται
472 3130 570 3184 καὶ
625 3129 816 3198 ἄμφω,
856 3127 1136 3198 βασιλείαν
1181 3129 1276 3180 καὶ
1326 3129 1685 3198 προφητείαν·
1724 3128 1804 3200 τῷ

237 3223 336 3292 γὰρ
360 3223 553 3293 κέρατι
587 3222 680 3274 καὶ
720 3220 800 3292 τῷ
837 3220 1134 3290 πνεύματι.
1173 3218 1429 3288 Σύμϐολα
1491 3221 1586 3274 καὶ
1637 3219 1812 3273 ταῦτα

239 3314 323 3367 τοῦ
347 3316 602 3385 Σωτῆρος
645 3313 824 3383 Ἰησοῦ
853 3312 1170 3385 χρισθέντος
1209 3312 1440 3382 ὕστερον
1472 3314 1550 3376 εἰς
1584 3311 1814 3382 βασιλέα

236 3423 291 3460 τε
310 3408 400 3461 καὶ
437 3409 598 3464 Θεόν.
633 3409 699 3462 Τί
726 3406 856 3475 γοῦν
879 3407 940 3459 τὸ
971 3407 1114 3477 μετὰ
1141 3405 1300 3459 τοῦτο
1322 3424 1337 3471 ;
1389 3404 1631 3474 Πόλεμος
1658 3404 1816 3459 ἀλλο-

240 3500 410 3568 φύλων
442 3501 739 3569 ἐφίσταται
768 3498 932 3562 πολὺς
972 3497 1066 3551 καὶ
1103 3499 1317 3568 ἄμαχος
1365 3497 1461 3551 καὶ
1491 3498 1770 3567 ἀμήχανος
1795 3512 1810 3528 ο

238 3595 325 3646 ἐπὶ
351 3593 515 3665 ξυροῦ
572 3593 633 3646 δὲ
676 3591 756 3662 τῷ
807 3590 1022 3662 βασιλεῖ
1075 3589 1172 3643 καὶ
1220 3589 1298 3658 τῷ
1348 3588 1493 3643 ἔθνει
1552 3589 1716 3643 παντὶ
1744 3587 1814 3642 τὰ

239 3685 552 3755 πράγματα.
591 3684 932 3755 Παρίσταται
964 3683 1023 3737 δὲ
1073 3684 1104 3735 6
1146 3679 1383 3754 ρύστης,
1443 3681 1472 3733 6
1528 3683 1814 3752 προφήτης

219 3778 363 3847 ,ὁμοῦ
415 3778 516 3831 καὶ
559 3777 907 3847 στρατιώτης
965 3774 1063 3828 καὶ
1103 3772 1381 3844 βασιλεύς.
1422 3772 1814 3836 Ἐξουθενείται

241 3873 412 3938 πάλιν,
447 3873 825 3928 ἀποϐάλλεται
865 3871 1029 3925 πάλιν
1057 3887 1072 3902 ⁶
1107 3869 1439 3941 ὑπερϐάλλει
1494 3869 1657 3923 πάλιν
1688 3869 1814 3932 τοὺς

236 3967 512 4036 ἀδελφοὺς,
552 3968 624 4037 τῇ
654 3964 1028 4035 κακροθυμίᾳο
1062 3963 1154 4017 τὸν
1187 3963 1384 4028 Σαοὺλ,
1416 3965 1482 4032 τῇ
1514 3961 1805 4032 ἀπολογίςν

239 4056 320 4108 τὸν
343 4056 562 4118 ramo,
621 4058 688 4125 τῇ
727 4054 942 4126 ἀνδρίᾳ)
972 4054 1184 4117 πάντας
1216 4053 1355 4123 ἅμα,
1410 4052 1502 4106 καὶ
1530 4051 1658 4114 τοὺς
1708 4050 1815 4122 πρὸ

202 4169 209 4174 -
239 4146 418 4214 αὐτοῦ,
447 4149 550 4202 καὶ
597 4148 726 4210 τοὺς
749 4146 870 4213 μετ’
903 4145 1070 4200 αὐτὸν
1123 4148 1192 4216 τῇ
1251 4147 1521 4216 ὑπερφυεῖ
1562 4162 1815 4216 γιγαντο-

243 4239 420 4311 μαχίᾳ·
449 4239 626 4304 σώζει
655 4239 862 4304 πάντας
892 4234 977 4302 εἷς
1023 4240 1213 4310 φανεὶς
1263 4237 1407 4310 ὑπὲρ
1443 4239 1686 4306 πάντων,
1719 4240 1816 4292 καὶ

240 4332 352 4385 ἀντὶ
375 4333 628 4394 πάντων,
653 4332 749 4386 καὶ
773 4332 915 4401 ὑπὲρ
965 4333 1195 4393 πάντας.
1247 4327 1380 4384 Εἶτα
1412 4332 1502 4396 τί;
1533 4330 1815 4401 Συμὸασι-

239 4423 396 4488 λεύει,
452 4424 958 4494 συνεκστρατεύει,
1017 4423 1420 4495 συγκατορθοῖο
1489 4423 1690 4494 μᾶλλον
1733 4424 1811 4489 δὲ,

1909 546 2132 615 templa,
2171 551 2428 616 parentes
2462 546 2634 612 ipsos,
2668 555 2723 600 et
2747 559 2966 600 omnem
2991 543 3229 613 denique
3267 552 3481 599 aetatem

1903 639 2140 693 servavit
2179 656 2192 692 :
2229 640 2345 709 ipse
2377 649 2555 694 tamen
2595 640 2648 693 in
2709 639 2794 694 liis
2843 638 2977 694 nihil
3046 639 3314 709 gloriatus
3373 647 3481 700 est,

1903 732 1998 787 sed
2032 730 2313 802 singulare
2345 740 2646 794 certamen,
2700 732 2845 802 quod
2896 733 3000 786 sibi
3052 731 3156 786 fuit
3195 747 3319 786 cum
3365 730 3482 801 ipso

1903 825 2143 891 Goliath,
2182 833 2396 880 tantum
2452 826 2855 880 modestissime
2886 826 3152 879 narravit.

1977 916 2366 973 Verumtamen
2400 919 2490 972 hic
2518 927 2706 973 noster
2757 925 2945 972 tantus
2977 934 3043 972 ac
3099 918 3226 974 talis
3283 917 3480 983 David,

1905 1025 1973 1066 ne
2010 1012 2190 1066 omnia
2222 1025 2320 1081 per
2345 1012 2556 1082 singula
2589 1026 2909 1081 persequar,
2944 1012 3238 1082 negligitur
3265 1027 3294 1065 a
3323 1021 3484 1082 patre

1905 1103 2020 1172 (qui
2051 1101 2207 1157 initio
2233 1104 2504 1158 exteriora
2542 1113 2754 1158 tantum
2780 1103 3084 1172 spectabat)
3116 1115 3169 1159 et
3196 1104 3261 1157 ad
3285 1119 3482 1173 greges

1906 1193 2142 1248 mittitur
2205 1203 2260 1248 et
2310 1193 2374 1248 ad
2430 1204 2675 1250 armenta
2712 1213 2727 1250 :
2764 1195 3014 1264 quinlmo
3067 1194 3265 1249 horum
3313 1197 3478 1249 etiam

1906 1281 2071 1338 festas
2105 1298 2234 1339 oves
2272 1284 2628 1353 sequebatur.
2666 1283 2728 1336 Et
2754 1282 3165 1355 pater'quidem
3218 1283 3272 1337 in
3330 1292 3480 1338 terra

1906 1391 2032 1430 eum
2101 1375 2440 1446 abjiciebat,
2517 1375 2659 1432 Deus
2683 1391 2812 1432 vero
2864 1376 3100 1444 desuper
3163 1374 3482 1441 adaptabit.

1903 1481 2142 1537 eumque
2190 1468 2358 1522 veluti
2415 1467 2622 1538 regium
2674 1482 2926 1536 puerum,
2983 1467 3184 1538 regali,
3245 1466 3347 1522 hoc
3400 1477 3484 1520 cst

1907 1559 2169 1627 pastorali
2211 1558 2454 1613 scientiae
2484 1559 2721 1628 primum
2770 1572 2990 1622 vacare,
3023 1559 3164 1612 inter
3189 1555 3484 1611 irrationa-

1907 1651 1979 1706 lia
2013 1652 2342 1722 przeparavit
2371 1669 2384 1705 :
2411 1652 2638 1720 vigilare
2667 1651 2894 1718 scilicet,
2933 1658 3147 1706 certare
3174 1665 3272 1720 pro
3297 1663 3482 1719 grege.

1911 1744 2177 1814 periculis
2227 1758 2287 1798 se
2319 1759 2614 1814 opponere,
2646 1745 2983 1798 contendere
3018 1743 3285 1799 adversus
3316 1741 3482 1803 feras.

1909 1837 2175 1898 latrones.
2221 1837 2390 1903 fures,
2419 1836 2644 1900 famem,
2665 1835 2894 1906 frigora,
2932 1835 3206 1890 flammant
3239 1853 3256 1888 :
3287 1834 3486 1905 praeire

1910 1929 2074 1984 etiam
2098 1937 2154 1982 et
2189 1927 2460 1983 advocare
2486 1929 2554 1982 ad
2588 1942 2812 1999 pascua,
2842 1927 2908 1982 ad
2941 1926 3195 1989 umbras,
3226 1925 3314 1980 ad
3356 1923 3483 1979 fon-

1911 2027 2015 2086 tes,
2043 2018 2111 2073 ad
2146 2016 2372 2074 ﬂumina
2407 2037 2420 2072 :
2454 2033 2713 2074 revocare
2755 2019 2910 2083 item,
2939 2025 2994 2075 et
3052 2019 3108 2072 in
3160 2031 3328 2072 unum
3385 2015 3484 2070 ad-

1911 2110 2140 2175 ducere,
2173 2113 2343 2182 virga,
2386 2124 2540 2177 voce,
2592 2123 2761 2165 cantu
2822 2119 2876 2166 et
2939 2109 3142 2173 ﬁstula,
3215 2108 3485 2163 delectare

1910 2205 2073 2260 etiam
2108 2218 2173 2258 ac
2204 2214 2512 2272 perterrere
2550 2223 2564 2258 :
2609 2204 2824 2258 vivendi
2853 2218 3100 2257 normam
3135 2203 3397 2271 praebere,
3425 2209 3484 2254 et

1913 2298 2141 2365 mederi,
2181 2313 2414 2368 quorum
2445 2298 2692 2353 omnium
2722 2300 2768 2352 is
2800 2309 2883 2352 est
2919 2297 3062 2363 finis,
3103 2305 3166 2350 ut
3215 2311 3321 2350 non
3363 2294 3487 2365 pin-

1911 2407 2070 2461 gnem
2103 2392 2291 2458 modo,
2320 2392 2414 2446 sed
2446 2398 2506 2446 ut
2555 2389 3055 2446 moderatissimum
3089 2388 3275 2451 etiam,
3305 2395 3358 2441 et
3392 2401 3484 2439 ca-

1910 2483 2334 2554 stigatissimum
2369 2497 2586 2554 gregem
2615 2480 2950 2538 ostenderet.
2987 2480 3093 2535 Sed
3144 2479 3277 2551 quid
3310 2480 3483 2548 pluri-

1911 2577 2016 2631 bus
2040 2591 2179 2645 opus
2210 2574 2335 2631 est?
2365 2573 2523 2630 Venit
2555 2575 2717 2646 paulo
2764 2583 2888 2644 post
2921 2581 3117 2628 unctor
3148 2590 3162 2628 :
3198 2571 3488 2643 ungendus

1910 2669 2271 2740 perquiritur.
2320 2665 2583 2723 Procedit
2634 2668 2893 2738 copiosus
2951 2666 3061 2731 ille,
3122 2665 3371 2736 pulcher,
3429 2677 3487 2718 et

1904 2763 2086 2816 clarus
2129 2761 2360 2816 filiorum
2392 2761 2593 2816 chorus
2628 2777 2640 2814 :
2675 2761 2972 2828 imponitur
3026 2773 3222 2823 cornu,
3289 2770 3486 2826 super-

1913 2856 2138 2927 ponitur
2205 2853 2352 2909 Deus
2417 2873 2430 2908 :
2495 2864 2550 2908 et
2610 2852 3072 2924 quemadmodum
3127 2859 3288 2904 antea
3335 2856 3489 2918 pater

1911 2950 2091 3018 ipsum
2122 2947 2314 3012 David,
2344 2947 2422 3003 sic
2449 2957 2504 3000 ct
2539 2947 2682 3001 Deus
2711 2961 2904 3001 omnes
2955 2944 3093 2998 alios
3148 2943 3484 3013 reprobavit.

1911 3042 2136 3112 Cogitur
2159 3050 2316 3112 pater
2339 3041 2431 3109 qui
2462 3041 2792 3110 neglexerat,
2821 3038 3125 3109 negleCtum
3160 3037 3438 3091 adducere
3470 3054 3486 3090 :

1916 3135 2211 3190 adducitur
2263 3133 2471 3203 itaque,
2537 3141 2590 3186 et
2649 3134 2876 3198 ungitur
2925 3128 2994 3184 ad
3047 3139 3338 3198 utrumque
3372 3144 3386 3180 :
3419 3127 3488 3180 ad

1915 3246 2142 3301 regnum
2177 3230 2458 3292 nimirum,
2499 3238 2556 3283 et
2588 3227 2654 3282 ad
2688 3226 3028 3297 prophetiam
3065 3240 3275 3280 :cornu
3314 3223 3489 3296 siqui-

1911 3324 2058 3385 dem.
2088 3331 2141 3377 et
2167 3321 2388 3392 spiritu.
2428 3320 2627 3391 Figura
2671 3329 2830 3375 erant
2877 3319 2991 3374 haec
3052 3316 3351 3373 Salvatoris
3392 3332 3489 3371 no-

1913 3413 2165 3470 striJesu
2193 3412 2425 3476 Christi,
2491 3412 2580 3480 qui
2615 3411 2669 3465 in
2722 3424 2904 3482 regem
2954 3407 3239 3479 ungendus
3268 3415 3406 3472 erat,
3435 3418 3491 3462 et

1913 3508 1970 3563 in
2004 3509 2196 3563 Deum.
2248 3505 2389 3572 Quid
2426 3505 2591 3575 igitur
2641 3515 2761 3575 post
2821 3504 2972 3559 haec?
3020 3503 3221 3558 bellum
3279 3501 3488 3556 adesta

1913 3597 2230 3663 Philistzeis,
2264 3598 2494 3662 bellum,
2528 3598 2777 3668 inquam,
2812 3598 3021 3668 grande
3051 3618 3062 3651 :
3106 3596 3358 3665 quinimo
3389 3594 3490 3648 im-

1915 3707 2166 3749 mensum
2194 3699 2250 3748 et
2293 3691 2683 3762 insuperabile.
2718 3689 2916 3745 Omnia
2950 3698 3059 3743 tam
3123 3689 3285 3759 regis,
3319 3701 3490 3756 quant

1915 3784 2193 3840 universae
2220 3784 2401 3854 gentis
2441 3782 2654 3854 negotia
2704 3783 2757 3835 in
2805 3796 3022 3837 summo
3071 3789 3234 3836 erant
3281 3780 3491 3835 discri-

1917 3879 2064 3932 mine
2113 3895 2127 3930 :
2189 3875 2308 3944 ipse
2370 3886 2556 3930 autem
2596 3876 2856 3931 liberatur
2922 3876 3142 3931 advenit
3197 3875 3488 3946 prephcta,

1919 3969 2102 4033 miles,
2162 3969 2374 4039 pariter
2425 3975 2483 4023 et
2538 3983 2656 4022 rex.
2714 3965 3018 4038 Negligitur
3072 3982 3263 4023 rursus
3325 3977 3490 4037 atque

1916 4060 2176 4133 abjicitur
2211 4077 2224 4114 :
2265 4071 2318 4116 et
2369 4075 2564 4116 rursus
2611 4059 2753 4130 ipse,
2800 4061 3064 4129 patientia
3119 4074 3219 4115 sua
3271 4060 3488 4119 fratres,

1917 4164 2185 4222 responso
2217 4148 2374 4215 Saul,
2405 4150 2726 4206 fortitudine
2753 4148 2994 4213 Goliatlt,
3024 4157 3078 4204 et
3111 4163 3304 4204 omnes
3336 4149 3489 4204 insu-

1916 4259 2034 4313 per,
2068 4243 2160 4313 qui
2213 4251 2346 4297 tunc
2382 4242 2666 4312 temporis,
2724 4248 2779 4296 et
2826 4249 2988 4295 antea
3038 4254 3103 4296 ac
3145 4240 3490 4310 postmodum

1918 4336 2166 4401 fuerunt,
2203 4336 2471 4390 immensa
2513 4337 2615 4388 bac
2653 4335 2905 4404 gigantea
2943 4349 3122 4404 pugna
3156 4334 3437 4403 superavit
3472 4345 3489 4359 ’

1917 4441 2173 4497 unusque
2235 4441 2336 4496 pro
2389 4425 2673 4488 omnibus,
2727 4434 2918 4478 contra
2980 4437 3195 4488 omnes,
3252 4424 3489 4479 servavit

246 4517 494 4586 κατορθοῖ
521 4517 597 4570 τὰ
621 4517 882 4572 λείποντα
900 4533 918 4546 ο
947 4519 1076 4587 νικᾷ
1104 4519 1230 4579 τοὺς
1263 4516 1361 4587 μὲν
1389 4515 1495 4580 ἔξω
1522 4517 1809 4586 πολεμίους

1919 4535 2132 4577 omnes.
2166 4521 2274 4575 Sed
2302 4519 2435 4587 quid
2468 4518 2732 4587 deinceps
2763 4518 2786 4571 ?
2843 4516 3018 4572 Simul
3065 4526 3273 4585 regnat,
3329 4516 3490 4571 simul

241 4609 344 4670 τοῖς
375 4609 588 4674 ὅπλοιςσ
621 4609 716 4662 τὸν
759 4607 909 4661 ἔνδον
961 4607 1038 4671 δὲ,
1090 4609 1152 4660 τὸ
1204 4607 1422 4672 πνεῦμα
1467 4607 1670 4679 δηλαδὴ
1715 4606 1810 4661 τοῦ

247 4698 430 4764 Σαοὺλ,
460 4702 531 4772 τῇ
567 4699 811 4772 μελῳδίᾳ
834 4716 891 4753 τε
919 4700 1013 4752 καὶ
1033 4698 1110 4768 τῷ
1132 4697 1423 4769 πνεύματι·
1454 4699 1812 4770 στεφανοῦται

246 4793 334 4849 καὶ
357 4793 691 4863 εὐφημεῖται
725 4792 878 4864 παρὰ
929 4792 1172 4858 πάντων,
1224 4793 1319 4846 καὶ
1369 4790 1510 4864 ὑπὲρ
1563 4792 1771 4856 πάντας
1794 4809 1808 4822 ·

247 4881 350 4954 ᾠδὴ
376 4885 593 4952 γίνεται
619 4885 715 4939 καὶ
739 4887 860 4948 ταῖς
885 4883 1149 4952 γυναιξίν·
1193 4882 1488 4947 Ἐπάταεε
1511 4882 1711 4939 Σαοὺλ
1741 4883 1811 4938 ἐν

250 4976 486 5041 χιλιάσι,
522 4976 627 5032 καί
651 4977 829 5031 Δαέὶδ
862 4978 931 5030 ἐν
965 4976 1235 5046 μυριάσι.
1270 4977 1570 5036 ,Φθονεῖται
1627 4976 1811 5041 πάλιν,

252 5061 510 5131 διώκεται,
545 5067 768 5136 φεύγει,
795 5067 1122 5136 κρύπτεται,
1156 5064 1476 5133 κυκλοῦται,
1505 5065 1700 5120 κυκλοῖ
1729 5064 1822 5118 τὸν

254 5154 626 5221 κυκλώσαντα,
661 5160 757 5211 καὶ
811 5158 908 5228 οὐχ
940 5158 1178 5229 ἁρπάζει
1203 5159 1298 5213 τὸν
1343 5159 1555 5229 καιρὸν,
1589 5158 1650 5211 ού
1683 5157 1825 5227 λαμ-

252 5245 392 5301 ϐάνει
421 5250 521 5304 τοῦ
558 5248 804 5320 πολέμου
840 5249 1021 5318 λύσιν,
1051 5251 1151 5306 οὐκ
1181 5251 1453 5322 ἀμύνεται
1475 5252 1567 5304 τὸν
1589 5249 1782 5322 ἐχθρὸν
1803 5291 1818 5317 ,

253 5338 437 5407 ἀμύνει
479 5341 677 5412 τούτῳ,
730 5341 972 5412 φεύγων,
1003 5345 1066 5398 ού
1128 5345 1202 5415 μή
1254 5361 1307 5398 τι
1367 5343 1528 5398 πάθοι
1576 5343 1817 5414 μᾶλλον,

337 5481 404 5535 ⁸1
444 5484 579 5554 Reg.
620 5498 773 5549 xvm,
808 5483 861 5537 7.

1918 4614 2220 4670 exercitum
2250 4611 2425 4676 ducit,
2452 4612 2616 4666 simul
2647 4611 2832 4680 dirigit
2878 4621 3043 4680 atque
3094 4609 3444 4665 administrat
3471 4627 3489 4671 ;

1921 4709 2032 4762 imo
2069 4720 2202 4760 vero
2233 4719 2353 4775 qua:
2380 4705 2592 4774 reliqua
2631 4715 2782 4766 sunt,
2816 4704 2932 4772 ipse
2979 4719 3124 4757 unus
3151 4706 3490 4765 moderatur,

1920 4807 1976 4854 et
2011 4805 2229 4853 exteros
2259 4795 2478 4866 quidem
2513 4795 2784 4861 inimicos,
2825 4796 3013 4860 armis,
3049 4809 3181 4850 suos
3206 4807 3353 4858 vero,
3387 4792 3491 4848 hoc

1920 4897 2006 4946 est
2042 4890 2217 4960 ipsius
2253 4887 2386 4942 Saul
2425 4886 2696 4956 malignos
2727 4887 2977 4956 spiritus,
3029 4887 3261 4942 melodia
3301 4888 3489 4948 simul,

1921 4995 1986 5034 ac
2016 4979 2242 5049 spiritu,
2279 4986 2526 5046 superat.
2573 4974 2889 5031 Coronatur
2915 4978 3100 5046 itaque
3144 4985 3200 5030 et
3241 4976 3490 5030 laudatur

1923 5071 1992 5126 ab
2014 5071 2294 5134 omnibus,
2345 5079 2399 5123 et
2428 5083 2593 5137 supra
2628 5082 2840 5129 omnes,
2891 5067 2945 5120 in
2994 5076 3328 5135 cautumque
3358 5067 3491 5137 ipsis

1921 5164 2086 5218 etiam
2108 5161 2334 5217 elfectus
2357 5174 2442 5216 est
2467 5160 2790 5215 mulieribus
2821 5178 2835 5213 :
2865 5159 3130 5215 Percussit
3163 5157 3294 5212 Saul
3323 5159 3490 5220 mille.

1920 5264 1970 5308 et
2023 5253 2192 5307 David
2222 5253 2397 5308 decem
2421 5251 2590 5306 millia
2625 5253 2667 5306 ⁸.
2702 5251 2986 5305 lnvidetur
3026 5265 3243 5314 rursus,
3302 5265 3488 5320 perse-

1921 5346 2198 5402 cutionem
2241 5345 2470 5416 patitur,
2506 5344 2665 5416 fugit,
2722 5342 3060 5410 occultatur,
3091 5342 3489 5406 circumdatur,

1575 5611 1776 5675 Variae
1811 5612 2141 5680 lectiones.

323 5744 393 5818 (2)
428 5745 578 5799 Adde
604 5745 856 5815 πρόὸατα
880 5742 1015 5818 οιαὶ,Δ
1030 5749 1089 5794 ιιι
1123 5750 1176 5798 et
1207 5754 1406 5797 sensus
1451 5739 1716 5810 postulat,
1769 5748 1809 5794 cl

1912 5744 2088 5798 atinus
2123 5746 2248 5815 legit
2283 5747 2575 5818 interpres.

324 5817 395 5883 (5)
419 5819 621 5880 Ἴσως,
655 5811 1104 5883 ἆνακομίςεσθαι.
