4130 6304
571 257 638 324 ω
1795 260 2180 321 EUTHYMII
2217 265 2590 326 ZlGABENl
3757 268 3830 329 ts

566 393 619 435 et
655 382 770 453 ipse
801 379 1232 433 circumdantem
1272 378 1600 440 circumdat,
1642 394 1739 434 nec
1772 389 1953 434 tamen
1980 397 2141 436 ocea-

2245 384 2380 437 ἀλλὰ
2417 386 2492 455 μή
2541 402 2596 437 τι
2633 384 2822 455 δράσοι
2849 385 3187 456 φοϐούμενος
3221 386 3330 441 τῶν
3361 378 3547 456 ὧνπερ
3578 386 3830 455 ἐφοϐεῖτο

568 478 779 529 sionem
818 473 1032 540 arripit,
1068 487 1165 525 nec
1199 472 1327 525 belli
1379 471 1713 526 solutionem
1751 473 2004 536 attendit,
2035 489 2142 527 non

571 567 860 621 ulciscitur
925 565 1208 619 inimicum
1246 583 1258 618 :
1293 565 1546 634 quininio
1605 565 1757 618 illum
1800 565 2021 634 adjuvat
2057 565 2144 621 fu-

568 666 722 736 giens
748 679 810 718 ac
848 664 1064 724 timens,
1115 678 1222 715 non
1265 669 1324 713 ut
1351 660 1467 728 ipse
1501 659 1644 714 male
1674 661 1957 729 quidpiam
1989 670 2143 729 pate-

573 766 747 820 retur,
813 755 908 810 scd
956 755 1158 822 potius,
1216 770 1284 807 ne
1336 755 1603 808 adversus
1661 754 1880 808 Saulem
1938 752 2141 823 aliquid

565 864 755 902 eorum
787 847 1010 907 faceret,
1043 860 1162 914 qua!
1189 844 1289 900 sibi
1318 845 1385 898 ab
1416 845 1508 898 illo
1539 844 1968 900 intentabantur.
1997 847 2143 898 Adeo

567 941 712 994 enim
754 938 1030 993 contraria
1062 937 1176 991 lucc
1207 949 1314 990 una
1354 935 1704 1006 temperavit,
1758 935 2142 989 mansuetudi‘

571 1048 694 1086 nem
748 1032 964 1086 scilicet
995 1039 1048 1085 et
1091 1027 1495 1093 fortitudinem,
1541 1036 1598 1080 ut
1651 1027 1915 1081 fortitudo
1971 1028 2023 1081 in
2076 1041 2144 1080 eo

567 1125 747 1193 major
784 1138 947 1193 quam
982 1125 1034 1176 in
1066 1123 1281 1178 caneris
1310 1137 1322 1174 :
1354 1128 1406 1175 et
1434 1118 1795 1174 mansuetudo
1820 1122 1932 1186 ipsa
1965 1120 2131 1173 etiam

570 1218 895 1274 fortitudine
942 1217 1121 1285 major
1164 1215 1598 1285 conspiceretur.
1644 1212 1784 1278 Quid
1822 1213 1980 1266 tum?
2039 1211 2140 1266 Re-

567 1319 699 1380 qnat
729 1325 742 1362 :
774 1307 1090 1380 prophetias
1115 1308 1360 1377 praedicit
1388 1322 1402 1359 :
1438 1305 1639 1358 fatetur
1666 1314 1828 1374 atque
1853 1311 2144 1358 attestatur

569 1402 765 1466 Deum,
803 1409 856 1455 et
891 1399 1271 1455 testimonium
1305 1398 1380 1452 illi
1420 1397 1744 1466 perhibetur
1773 1412 1799 1448 a
1849 1396 1979 1455 Deo.
2017 1410 2143 1465 pro-

567 1494 915 1561 mittiturque
966 1492 1057 1554 ei,
1107 1492 1253 1561 quod
1296 1498 1554 1544 :rternam
1613 1489 1796 1543 sedem
1855 1488 2140 1542 habiturus

566 1588 662 1647 sit.
731 1595 785 1640 et
834 1584 1156 1641 haereditate
1216 1592 1388 1638 totum
1444 1583 1631 1637 orbem
1697 1590 2136 1635 consecuturus:

565 1682 821 1748 ipsasque
850 1678 1058 1743 stellas,
1088 1676 1440 1730 multitudine
1468 1690 1529 1728 ac
1565 1672 1978 1744 pulchritudine
2006 1672 2141 1725 tilio-

2251 476 2463 530 παθεῖν.
2501 476 2770 530 Τοσοῦτον
2815 478 3046 549 ἐκέρασε
3103 479 3386 545 τάναντία,
3424 480 3705 549 πραότητα
3735 482 3828 532 καὶ

2247 566 2346 637 τὴν
2370 568 2617 638 ἀνδρίαν,
2651 568 2726 630 ὡς
2768 564 2908 622 εῖναι
2955 571 3054 640 τὴν
3089 570 3186 641 μὲν
3229 572 3453 642 ἀνδρίαν
3483 571 3652 624 αὑτοῦ
3709 571 3823 638 μείι

2247 658 2375 721 ζονα
2401 659 2509 712 τῶν
2544 661 2602 713 ὲν
2648 657 2863 723 ἄλλοιςο
2891 660 3064 729 αὐτῆς
3110 662 3166 714 δέ
3191 678 3253 728 γε
3281 661 3488 730 ταύτης
3534 658 3686 725 αὖθις
3726 660 3832 732 τὴν

2246 750 2572 804 ἐπιείκειαν.
2598 749 2663 802 Τί
2688 750 2796 818 En;
2834 750 3140 816 Βασιλεύει,
3167 753 3528 825 προφητεύει,
3556 753 3832 824 μαρτυρεῖ

2245 842 2400 907 θεὸν,
2452 845 2813 914 μαρτυρεῖται
2862 844 3012 915 παρὰ
3054 843 3212 910 Θεοῦ,
3263 843 3700 915 διαμαρτύρεται
3730 844 3829 896 τὸν

2245 935 2436 1006 θρόνον
2495 937 2713 988 αξώνιον
2761 935 2926 1002 ἕξειν,
2961 937 3052 989 τὸν
3109 937 3315 1008 κόσμον
3363 937 3827 1008 κληρονομήσειν,

2244 1029 2370 1091 τοῦς
2400 1029 2638 1099 ἀστέρας
2673 1028 3116 1099 ὑπερϐάλλεσθαι
3143 1030 3219 1098 τῷ
3251 1031 3446 1102 πλήθει
3472 1031 3567 1085 καὶ
3592 1032 3671 1103 τῷ
3699 1032 3832 1086 κάλ’

2244 1121 2325 1173 λει
2354 1121 2462 1172 τῶν
2501 1121 2725 1174 παίδων.
2767 1119 2920 1185 Εἶτα,
2958 1123 3126 1193 βαϐαὶ
3158 1126 3257 1193 τῆς
3284 1126 3611 1196 συμφορᾶςί
3664 1125 3829 1196 βαϐαὶ

2245 1214 2343 1282 τῆς
2387 1213 2727 1284 μεταϐολῆςῑ
2781 1217 2810 1269 6
2859 1215 3139 1282 ἐκλεκτδς,
3176 1216 3331 1285 ἄφνω
3375 1218 3584 1288 μοιχός
3619 1221 3647 1270 6
3690 1229 3831 1287 προ-

2246 1304 2447 1374 φήτης,
2483 1301 2721 1374 ἔκφρων·
2759 1306 2785 1357 6
2807 1303 3160 1376 θεοφόρητος,
3194 1308 3460 1378 ἐκμανήςο
3489 1308 3518 1360 6
3546 1305 3828 1376 ἀληθινὸς,

2243 1396 2481 1466 θολερός·
2535 1399 2563 1449 6
2605 1397 2831 1469 ποιμὴν,
2885 1397 3108 1469 λῃστής·
3152 1399 3181 1452 6
3233 1398 3436 1470 σωτὴρ,
3478 1399 3828 1469 ἀνδροφόνος.

2257 1489 2542 1542 Ἐντεῦθεν
2636 1489 2908 1560 μεταϐολή
2939 1494 3053 1544 ἐστι
3082 1490 3179 1560 τῆς
3202 1493 3447 1561 γνώμης,
3485 1493 3580 1544 καὶ
3607 1495 3674 1544 τὰ
3707 1488 3829 1542 το).-

2245 1581 2475 1652 μήματα
2499 1597 2510 1611 ·
2545 1582 2755 1635 ἐκεῖθεν
2791 1585 2824 1652 ἡ
2873 1583 3046 1654 ἑποχὴ
3091 1583 3198 1636 τῶν
3253 1585 3616 1654 κρουμάτων,
3655 1580 3751 1634 καὶ
3793 1583 3828 1649 ἡ

2241 1690 2336 1727 του
2373 1674 2686 1743 πνεύματος
2746 1675 3001 1746 συστολὴ·
3041 1674 3293 1728 ἐντεῦθεν
3345 1677 3377 1746 ἡ
3429 1671 3700 1744 ὲναλλαγὴ
3728 1671 3826 1726 τοῦ

567 1787 690 1826 rum
724 1781 1109 1840 superatur-us.
1166 1767 1371 1824 Deinde
1406 1768 1461 1837 (ο
1491 1767 1877 1830 calamitatem,
1916 1780 1948 1820 ο
1995 1764 2141 1818 cele-

2247 1766 2391 1837 βίου.
2422 1768 2516 1820 καὶ
2546 1767 2578 1833 ἡ
2617 1766 2725 1819 τῶν
2758 1767 2942 1820 κακῶν
2980 1765 3248 1820 θάλασσα·
3283 1765 3531 1819 ἐντεῦθεν
3559 1765 3621 1818 οῦ
3661 1764 3829 1835 μόνον

569 1879 682 1920 rem
716 1865 1081 1918 mutationem
1103 1863 1158 1932 ἰ)
1194 1862 1285 1932 qui
1320 1869 1478 1915 antea
1502 1862 1708 1916 electus
1736 1867 1875 1924 erat,
1917 1866 2138 1927 repente

569 1955 804 2013 efficitur
849 1955 1068 2010 adulter
1099 1972 1112 2009 :
1146 1955 1239 2024 qui
1297 1952 1585 2024 proiiheta,
1625 1966 1814 2006 amens
1847 1968 1862 2002 :
1891 1951 1981 2020 qui
2031 1950 2138 2003 Deo

571 2047 787 2104 aﬂatus
837 2057 976 2112 erat,
1036 2048 1263 2102 insanus
1298 2063 1310 2097 :
1346 2034 1685 2114 qui’verax,
1750 2041 1973 2096 dolosus
2002 2057 2015 2092 :
2046 2041 2136 2110 qui

558 2156 772 2213 pastor,
818 2144 960 2195 latro
997 2159 1010 2196 :
1051 2142 1153 2210 qui
1197 2147 1466 2202 servator,
1501 2135 1795 2190 homicida.
1835 2131 1980 2191 Hinc
2007 2148 2138 2188 con-

563 2236 670 2292 silii
702 2236 930 2289 mutatio
956 2241 1009 2286 et
1038 2241 1148 2286 tam
1183 2229 1419 2302 grandes
1454 2244 1623 2284 ausus
1659 2246 1672 2283 :
1713 2228 1863 2282 illinc
1897 2226 2136 2281 musices

562 2326 825 2390 cessatio,
856 2332 911 2379 et
945 2323 1254 2378 contractio
1313 2321 1552 2392 spiritus
1589 2336 1604 2373 :
1638 2319 1766 2374 hinc
1791 2329 1843 2375 et
1879 2321 2000 2374 vita:
2035 2321 2139 2372 im-

562 2420 816 2483 mutatio,
854 2425 908 2471 et
935 2415 1300 2485 plurimorum
1341 2413 1606 2466 malorum
1647 2427 1796 2466 mare
1832 2428 1844 2463 :
1887 2412 2014 2466 hinc
2042 2411 2136 2480 qui

561 2509 795 2565 numine
830 2519 948 2563 erat
981 2509 1308 2572 instinctus,
1340 2521 1446 2562 non
1474 2505 1636 2559 modo
1672 2504 1922 2573 privatur
1965 2504 2135 2571 inspi-

564 2603 778 2655 ratione
806 2601 893 2653 illa
947 2614 1186 2668 superna
1229 2614 1241 2650 :
1277 2597 1372 2652 scd
1408 2607 1460 2651 et
1493 2597 1586 2668 qui
1618 2603 1778 2664 pater
1810 2604 1944 2658 erat,
1979 2596 2137 2647 orba-

564 2703 652 2746 tur
680 2691 888 2745 liberis.
951 2689 1017 2743 Et
1069 2688 1331 2750 filiorum,
1393 2687 1484 2740 alii
1537 2687 1757 2755 quidem
1814 2685 2033 2739 scelesti
2083 2693 2137 2736 et

561 2798 816 2837 sororum
852 2791 1207 2851 corruptores
1247 2800 1259 2836 :
1295 2781 1387 2834 alii
1425 2780 1509 2834 his
1541 2781 1706 2834 etiam
1763 2778 2135 2839 scclestiores,

562 2874 857 2930 fratricida:
901 2875 1114 2930 scilicet
1153 2887 1216 2927 ac
1249 2872 1539 2944 parricida:
1583 2873 1719 2926 tiuut
1753 2890 1767 2928 :
1800 2884 1854 2928 et
1901 2873 1992 2942 qui
2042 2883 2135 2927 rex

562 2975 707 3033 erat,
741 2967 1092 3022 errabundus
1131 2965 1189 3019 fit
1217 2981 1232 3017 :
1263 2966 1357 3034 qui
1393 2973 1671 3032 pugnator
1699 2965 1961 3033 optimus,
1997 2963 2136 3033 fugi-

550 3061 708 3115 1ivus
740 3059 873 3130 :qui
900 3068 1108 3130 pastor,
1133 3059 1500 3124 montivagos.
1530 3054 1722 3111 Omnis
1737 3057 1973 3125 denique
2005 3071 2140 3123 pra:-

2244 1863 2272 1913 6
2302 1859 2511 1922 ἔνθους,
2544 1860 2772 1924 ἄπνους,
2825 1860 2925 1930 τὴν
2968 1858 3179 1913 ἀνωθεν
3208 1858 3352 1927 λέγω
3387 1856 3634 1923 πνεῦσιν,
3689 1856 3830 1910 ἀλλὰ

2246 1952 2342 2006 καὶ
2371 1953 2400 2003 6
2433 1951 2637 2021 πατὴρ,
2684 1952 2874 2014 ἄπαις,
2930 1953 3022 2005 καὶ
3053 1953 3102 2004 οί
3143 1951 3356 2016 παῖδες,
3387 1951 3435 2004 οἱ
3484 1951 3588 2021 μὲν
3637 1950 3830 2020 μιαροὶ

2246 2042 2339 2094 καὶ
2370 2042 2785 2112 ἀδελφοφθὸροιο
2812 2046 2860 2097 ot
2884 2043 2963 2106 δὲ,
2987 2043 3080 2096 καὶ
3111 2043 3446 2114 μιαρώτεροι
3470 2042 3698 2106 τούτων,
3730 2041 3831 2095 καὶ

2245 2134 2650 2204 ἀδελφοκτόνοι,
2681 2134 2776 2187 καὶ
2802 2135 3149 2211 πατραλοῖαιο
3183 2135 3278 2188 καὶ
3305 2135 3581 2206 βασιλεὺς,
3611 2135 3830 2203 πλανή-

2242 2243 2342 2297 της
2367 2243 2380 2257 ·
2417 2227 2509 2279 καὶ
2536 2228 2563 2278 6
2595 2227 2870 2296 ἀριστεὺς.
2911 2226 3108 2294 φυγάς·
3147 2229 3241 2279 καὶ
3288 2229 3317 2280 6
3366 2229 3593 2299 ποιμὴν,
3643 2229 3832 2298 ὀρσιά-

2243 2319 2431 2382 λωτος·
2472 2319 2568 2371 καὶ
2593 2321 2699 2382 πᾶς
2729 2320 2756 2372 6
2780 2320 3034 2390 λαμπρδς
3062 2315 3211 2382 οἶκος
3246 2323 3452 2382 ἐκεῖνος
3487 2321 3582 2373 καὶ
3613 2320 3829 2391 θρόνος,

2243 2413 2320 2473 εἰς
2366 2412 2470 2480 γῆν
2507 2412 2976 2482 κατερραγμὲνος.
3028 2412 3308 2464 Ἐντεῦθεν
3359 2417 3387 2466 6
3438 2411 3596 2480 λιμὸς
3645 2413 3742 2465 καὶ
3795 2415 3828 2481 ἠ

2243 2504 2396 2573 τῆξις
2429 2504 2524 2557 καὶ
2566 2505 2595 2555 6
2631 2503 2802 2566 δεινὸς
2840 2504 3152 2574 μετάμελος
3183 2523 3290 2558 των
3322 2505 3702 2576 πραχθέντων
3734 2505 3829 2556 tv-

2241 2595 2431 2648 τεῦθεν
2460 2597 2492 2664 ἠ
2521 2595 2681 2664 καινὴ
2734 2597 2827 2648 καὶ⁸
2871 2597 3073 2667 τριπλῆ
3121 2601 3217 2653 κάι
3247 2596 3596 2668 καθημερινὴ
3624 2595 3788 2650 θυσία
3807 2609 3824 2624 ⁶

2242 2689 2352 2741 τῶν
2384 2688 2484 2757 μὲν
2544 2688 2839 2758 ὀφθαλμῶν
2892 2691 2941 2742 οί
2975 2690 3276 2760 νυκτερινοὶ
3315 2690 3533 2757 κρουνοὶ
3575 2689 3668 2741 καὶ
3696 2687 3830 2742 λου-

2244 2780 2432 2850 τῆρες
2465 2778 2565 2848 τῆς
2585 2779 2641 2832 δὲ
2675 2779 2960 2850 καρδίαςή
2997 2781 3261 2853 συντριδὴ
3295 2786 3392 2835 καὶ
3425 2783 3475 2834 οί
3502 2778 3826 2847 στεναγμοεο

2243 2872 2342 2939 τῆς
2374 2869 2432 2922 δὲ
2460 2867 2713 2940 γλώσσης
2738 2871 2771 2940 ἠ
2799 2869 3054 2940 διηνεκὴς
3082 2872 3216 2941 εὐχὴ
3264 2874 3357 2926 καὶ
3391 2872 3789 2942 ἐξομολόγησις
3808 2885 3827 2901 ⁸

2244 2961 2431 3014 ἐκεῖνα
2460 2963 2526 3013 τὰ
2550 2959 2864 3031 τραύματα,
2889 2961 3062 3016 ταῦτα
3097 2963 3166 3016 τὰ
3211 2963 3506 3034 φάρμακα,
3535 2961 3569 3035 ἢ
3603 2962 3655 3015 οι
3683 2978 3831 3016 καυ·

2244 3055 2433 3123 τῆρες,
2461 3053 2493 3105 ἢ
2526 3054 2583 3104 αί
2609 3053 2798 3123 τομαί.

561 3150 708 3204 clara
737 3149 827 3202 illa
866 3147 1086 3210 donius,
1120 3163 1180 3200 ac
1213 3146 1395 3207 sedes,
1437 3145 1492 3198 in
1546 3155 1747 3199 terrain
1803 3145 2115 3199 collabitur.
2151 3130 2293 3196 “inc
2344 3144 2508 3196 etiam
2567 3151 2620 3195 et
2655 3142 2848 3204 fames,
2881 3151 2937 3197 et
2967 3144 3286 3212 tabefactio,
3351 3153 3405 3200 et
3458 3144 3642 3216 gravis
3694 3159 3827 3216 pec-

561 3247 814 3299 catorum’
844 3243 1163 3312 paenitentia
1203 3259 1215 3296 :
1257 3242 1385 3294 hinc
1448 3241 1646 3310 triplex
1699 3241 1856 3307 illud,
1929 3249 1982 3292 et
2032 3250 2356 3308 perpetuum
2432 3237 2764 3292 sacrificium
2806 3254 2822 3292 :

2905 3240 3193 3294 oculorum
3257 3241 3506 3296 videlicet
3566 3244 3824 3296 nocturni

564 3341 744 3393 fluxus
801 3350 864 3389 ac
924 3336 1160 3390 latices:
1199 3338 1380 3391 cordis
1433 3337 1694 3389 contritio
1744 3344 1799 3390 et
1856 3337 2130 3404 gemitus:
2178 3335 2484 3404 linguasque
2531 3334 2766 3388 assiduae
2827 3349 3035 3405 preces.
3066 3344 3122 3390 et
3169 3346 3431 3392 constans
3488 3336 3768 3393 confessio
3807 3360 3823 3397 ;

565 3436 658 3490 illa
689 3429 908 3496 quidem
943 3427 1190 3492 vulnera,
1240 3429 1344 3483 ista
1377 3438 1558 3483 autem
1590 3429 1974 3491 medicamina,
2007 3427 2344 3487 adustiones,
2379 3425 2701 3481 inrisiones.

634 3527 739 3582 Sed
771 3542 854 3580 me
888 3524 1092 3578 interea
1127 3522 1241 3574 haec
1274 3531 1610 3585 narrantem,
1639 3535 1781 3590 pene
1814 3519 1958 3590 quod
1994 3519 2140 3573 ince-
2169 3525 2209 3580 C

564 3634 775 3690 peram,
802 3616 962 3685 fugit,
1001 3616 1272 3668 orationis
1299 3613 1676 3683 propositum,
1703 3613 1831 3666 dum
1865 3611 2136 3680 pluribus,

565 3729 687 3782 quia:
727 3726 850 3765 sese
880 3709 1140 3773 offerunt,
1176 3722 1392 3775 semper
1435 3705 1716 3761 detineor.
1755 3707 1912 3758 Astat
1949 3717 2142 3758 rursus

568 3811 692 3872 post
724 3811 1031 3871 peccatum,
1061 3797 1325 3867 propheta
1359 3796 1658 3865 pr0phetae,
1695 3795 1863 3848 veluti
1893 3792 2142 3846 medicus

569 3897 780 3948 medico
818 3893 1101 3961 aegrotanti
1131 3906 1194 3945 ac
1219 3891 1489 3944 dubitanti
1530 3905 1543 3942 :
1594 3897 1649 3942 et
1678 3885 2138 3957 quemadmodum

566 3999 722 4040 antea
766 3993 962 4038 unctor
991 3984 1264 4047 astiterat,
1317 3982 1389 4035 ita
1421 3991 1474 4035 et
1523 3996 1671 4035 nunc
1700 3995 1806 4032 non
1840 3978 2002 4033 modo
2059 3976 2142 4032 di-

566 4083 851 4151 gnitatem,
889 4078 982 4134 sed
1013 4079 1267 4149 spiritum
1301 4078 1469 4132 etiam
1502 4076 1814 4138 ablaturus,
1849 4075 1895 4129 si
1948 4073 2000 4125 in
2038 4073 2140 4126 ali-

568 4191 678 4244 quo
733 4173 1074 4240 deliquisset,
1138 4169 1284 4240 quod
1349 4168 1414 4223 ad
1470 4167 1748 4237 propriam
1799 4165 2138 4222 sanationem

567 4266 869 4339 pertineret
904 4284 916 4317 :
953 4267 998 4320 si
1036 4264 1232 4317 vulnus
1281 4263 1535 4325 celasset,
1581 4263 1626 4313 si
1684 4257 2008 4329 reprehendi
2045 4269 2141 4309 ne-

568 4358 848 4430 glexisset.
881 4355 1108 4408 Astabat
1144 4355 1368 4422 pariter,
1392 4351 1644 4405 vindicta:
1676 4349 1843 4416 hujus
1866 4349 2139 4411 minister,

570 4449 708 4502 sicut
739 4455 896 4500 antea
932 4457 1119 4500 custos
1155 4456 1206 4499 ct
1234 4442 1454 4511 adjutor
1490 4441 1726 4503 validus,
1768 4443 1851 4494 'ita
1899 4449 1953 4494 et
1992 4455 2143 4493 nunc

569 4542 768 4594 vindex
802 4539 1065 4593 terribilis
1100 4537 1348 4606 angelus,
1383 4544 1601 4589 exserto
1639 4533 1827 4602 gladio
1859 4550 1870 4585 :
1897 4539 1950 4585 et
1976 4532 2142 4584 ictum

571 4629 778 4683 inferre
804 4627 1212 4696 paratissimus,
1243 4623 1344 4676 nisi
1381 4624 1469 4675 ille
1496 4630 1685 4675 contra
1722 4636 1782 4676 se
1821 4618 2138 4689 suffragium

573 4721 814 4780 tulisset,
857 4732 921 4771 ac
973 4716 1200 4786 propria
1253 4714 1526 4768 sententia
1591 4713 1832 4766 divinam
1887 4710 2143 4766 solvisset

569 4813 924 4868 Sententiam.
957 4810 1022 4863 Et
1051 4809 1175 4863 hinc
1199 4805 1421 4876 quidem
1452 4805 1680 4860 aderant
1716 4821 1730 4858 :
1758 4804 1847 4859 ille
1873 4803 2059 4874 iudicii
2088 4812 2144 4857 et

2329 3517 2469 3569 Ἀλλ’
2501 3521 2529 3570 6
2569 3519 2668 3587 μὲν
2701 3520 2794 3572 καὶ
2839 3519 3046 3589 μεταξὺ
3092 3522 3436 3593 παρέδραμε,
3471 3522 3568 3576 καὶ
3595 3525 3623 3576 6
3661 3521 3827 3592 λόγος

2244 3612 2583 3680 παρήνεγκε,
2618 3611 2728 3663 τῶν
2762 3611 2905 3665 κατὰ
2929 3613 3099 3676 πόδας
3123 3615 3210 3666 ἀεὶ
3243 3615 3522 3684 ἐχόμενος.
3564 3615 3825 3684 Ἑφίστα·

2241 3718 2333 3754 ται
2364 3703 2503 3770 μετὰ
2533 3700 2632 3771 τὴν
2665 3700 2872 3755 πτῶσιν
2906 3702 3071 3756 πάλιν
3099 3704 3178 3773 τῷ
3219 3706 3477 3780 προφήτῃ
3509 3710 3821 3779 προφήτης,

2242 3791 2497 3861 καθάπερ
2534 3791 2715 3862 ἰατρὸς
2741 3792 2911 3862 ἰατρῷ
2939 3793 3182 3846 νοσοῦντι
3213 3795 3313 3847 καὶ
3361 3795 3680 3865 ἀποροῦντι,
3722 3799 3822 3850 καὶ

2242 3884 2433 3955 ῶσπερ
2461 3885 2686 3955 χρίστης
2713 3886 2773 3937 τὸ
2805 3886 3090 3956 πρότερον,
3117 3885 3264 3942 οὕτω
3299 3889 3395 3942 νῦν
3432 3892 3734 3962 ἁφαιρέτης
3755 3893 3824 3946 οῦ

2241 3975 2337 4029 τοῦ
2366 3975 2674 4046 ἀξιώματος
2707 3978 2890 4046 μόνον,
2921 3979 3066 4032 ’ἀλλὰ
3106 3982 3200 4032 καὶ
3233 3981 3399 4034 αὑτοῦ
3433 3982 3525 4034 τοῦ
3573 3984 3822 4053 πνεῦμα·-

2243 4085 2357 4131 τος,
2379 4069 2512 4120 εἴτι
2545 4070 2912 4138 κακουργήσει
2951 4071 3080 4140 περὶ
3113 4072 3211 4141 τὴν
3249 4073 3515 4142 ἰατρείαν,
3560 4075 3656 4127 καὶ
3687 4078 3824 4128 ἁπο-

2245 4162 2442 4244 κρῦψει
2477 4163 2536 4214 τὸ
2561 4163 2806 4232 τραῦμα,
2835 4164 2932 4215 καὶ
2971 4163 3410 4234 ἀποδυσπετήσει
3455 4167 3544 4221 τὸν
3574 4167 3819 4236 ἔλεγχον.

2247 4254 2641 4322 Συνεφίσταται
2691 4255 2748 4308 δὲ
2799 4258 2893 4307 καὶ
2926 4255 3200 4326 ὑπουργὸς
3228 4257 3391 4327 τῆσδε
3423 4261 3519 4328 τῆς
3543 4259 3821 4326 ἐκδικίας,

2244 4347 2500 4417 καθάπερ
2527 4348 2586 4398 τὸ
2625 4349 2756 4416 πρὶν
2790 4346 2966 4415 φύλαξ
3009 4348 3107 4401 καὶ
3157 4348 3349 4419 βοηθὸς
3393 4351 3643 4422 ίσχυρὸς.
3676 4351 3824 4406 οὕτω

2247 4437 2342 4490 καὶ
2359 4437 2454 4489 νῦν
2479 4439 2719 4507 τιμωρὸς
2749 4437 2998 4506 ἅγγελος,
3018 4442 3118 4510 τὴν
3151 4442 3424 4509 ῥομφαίαν
3447 4443 3541 4495 καὶ
3563 4455 3823 4512 κατενεγ-

2247 4532 2364 4581 κεῖν
2393 4529 2610 4598 ἓτοιμος
2659 4530 2758 4592 ὣν,
2809 4536 2860 4584 εἰ
2907 4535 2983 4602 μὴ
3039 4534 3294 4596 κάκεῖνος
3329 4536 3446 4588 καθ’
3484 4536 3680 4589 ἑαυτοῦ
3721 4539 3822 4608 τὴν

2245 4621 2424 4689 ψῆφον
2471 4621 2790 4689 ἐξενεγκὼν,
2845 4624 2993 4676 λύσει
3054 4628 3152 4693 τὴν
3202 4628 3474 4694 ἀπόφασιν
3525 4631 3820 4698 ἀποφάσει.

2260 4711 2541 4765 Ἐντεῦθεν
2572 4712 2598 4764 6
2633 4713 2932 4784 ὑποκριτὴς
2960 4715 3059 4784 τῆς
3099 4717 3276 4786 δίκης,
3315 4720 3411 4770 καὶ
3454 4719 3482 4770 6
3527 4720 3823 4791 ὲκδικητὴς

2248 4805 2500 4873 ἄγγελος·
2551 4804 2764 4858 ἐκεῖθεν
2799 4809 2828 4857 6
2876 4809 3381 4879 ἀπροσωπόληπτος
3416 4811 3698 4877 δικαστὴς,
3725 4815 3823 4867 καὶ

566 4920 751 4961 causa:
798 4902 1066 4958 conﬁctor
1100 4899 1334 4962 Natlian,
1369 4907 1424 4955 et
1473 4899 1670 4953 vindex
1693 4898 1917 4967 angelus
1949 4917 1962 4952 :
1991 4896 2140 4952 illinc

2249 4896 2371 4951 καθ’
2393 4897 2587 4950 ἑαυτοῦ
2614 4898 2713 4968 τὴν
2743 4898 2970 4969 γνώμην
2999 4901 3267 4972 ἐκφέρων,
3290 4903 3384 4956 καὶ
3409 4906 3822 4975 συντομώτερον

569 5005 750 5050 autem
813 4995 926 5063 ipse
983 4994 1145 5058 judex
1185 4989 1376 5058 David,
1424 5003 1778 5060 personarqu
1835 5002 1942 5042 non
1993 5003 2150 5043 acce-

568 5095 719 5157 ptor,
745 5097 806 5139 et
828 5086 920 5153 qui
951 5085 1214 5140 adversus
1238 5098 1298 5138 se
1326 5083 1450 5137 tulit
1477 5079 1828 5144 sententiam,
1853 5092 1960 5151 qua
1989 5080 2148 5148 jacu-

569 5179 678 5230 lnm
727 5177 890 5231 citius
945 5177 1166 5240 evulsit,
1229 5190 1391 5244 quam
1451 5173 1777 5241 suscepisset
1828 5190 1842 5229 :
1892 5181 1946 5228 et
2005 5171 2150 5226 Deus

567 5269 771 5338 pariter
805 5286 816 5320 :
854 5269 946 5337 qui
977 5267 1287 5323 cicatricem
1321 5266 1530 5320 vulneri
1575 5279 1682 5319 non
1736 5274 1950 5319 tantum
1987 5263 2148 5317 inclu-

567 5361 675 5429 xit,
729 5362 822 5416 sed
887 5361 1064 5428 ipsum
1129 5360 1292 5413 etiam
1354 5359 1552 5412 vulnus
1595 5371 1817 5425 prorsus
1869 5355 2072 5410 delevit
2120 5371 2136 5408 ι

571 5466 749 5523 neque
804 5452 951 5505 enim
994 5450 1373 5504 tantummodo
1409 5448 1651 5517 pepercit
1686 5465 1699 5506 :
1735 5447 1828 5504 sed
1862 5457 1915 5503 et
1948 5449 2140 5501 abstuo

565 5545 628 5598 lit
657 5553 957 5614 peccatum.
991 5539 1201 5595 Rursus
1234 5541 1416 5609 itaque
1444 5539 1628 5593 divina
1655 5538 1830 5608 gratia
1895 5548 1949 5592 et
1984 5552 2178 5594 rursus
2219 5539 2449 5608 spiritus
2484 5558 2498 5593 :

2246 4987 2448 5054 ἐξελὼν
2477 4987 2538 5042 τὸ
2569 4988 2911 5059 βέλος,’ῆπερ
2942 4990 3182 5059 ἐδέξατο,
3215 4994 3309 5046 καί
3339 4996 3367 5047 ὁ
3391 4995 3521 5059 Θεὸς
3541 4999 3602 5049 o6
3634 5014 3823 5051 συνου-

2247 5079 2355 5134 itch
2394 5083 2576 5152 μόνον,
2615 5081 2752 5133 ἀλλὰ
2781 5082 2875 5134 καὶ
2910 5081 3208 5152 ὲξαλείφων
3226 5087 3288 5139 τὸ
3326 5089 3568 5158 τραῦμα.
3601 5091 3694 5161 Μὴ
3710 5093 3820 5162 γὰρ

2247 5173 2550 5242 συγχωρῶν
2582 5173 2764 5242 μόνον,
2805 5173 2944 5228 ἀλλὰ
2972 5176 3066 5227 καὶ
3100 5177 3357 5248 ἀφαιρῶν
3385 5180 3446 5232 τὸ
3485 5182 3816 5252 ἁμάρτημα.

2246 5265 2417 5318 Πάλιν
2440 5265 2502 5316 τὸ
2527 5266 2792 5334 χάρισμα,
2822 5266 2982 5320 πάλιν
3011 5269 3071 5321 τὸ
3099 5271 3337 5340 πνεῦμα,
3374 5273 3535 5326 πᾶλιν
3567 5275 3634 5327 τὰ
3663 5279 3822 5343 κρού-

2251 5373 2418 5425 ματα,
2461 5358 2624 5408 πάλιν
2652 5356 2712 5408 τὸ
2753 5362 2894 5412 κατὰ
2944 5360 3164 5416 πάντων
3199 5365 3420 5434 κράτος,
3472 5371 3562 5421 καὶ
3606 5371 3663 5423 αί
3698 5387 3821 5422 συν-

2247 5447 2432 5517 θῆκαι,
2471 5450 2564 5501 καὶ
2588 5449 2684 5519 τῆς
2709 5451 3007 5522 υἱοθεσίας,
3041 5457 3136 5507 καὶ
3170 5457 3266 5527 τῆς
3298 5458 3683 5533 θεοπατορίας.

2590 5558 2786 5603 rursus
2840 5549 2957 5603 soni
3023 5562 3084 5602 ac
3134 5559 3329 5606 cantus
3366 5570 3378 5605 :
3415 5570 3605 5610 rursus
3656 5572 3820 5626 supra

568 5652 758 5693 omnes
783 5643 1062 5705 potestas:
1098 5648 1286 5690 rursus
1325 5636 1594 5705 promissa
1624 5641 1677 5690 et
1709 5645 1886 5703 pacta,
1922 5645 2031 5692 tam
2101 5633 2168 5690 de
2199 5635 2320 5706 ejus
2372 5637 2686 5711 adoptione,
2715 5659 2879 5714 quam
2944 5644 3092 5715 quod
3143 5646 3210 5703 de
3254 5647 3372 5717 ejus
3431 5652 3590 5707 etiam
3653 5656 3821 5724 stirpe

569 5731 720 5786 nasci
751 5730 968 5786 deberet
994 5729 1154 5787 Deus.
