  <div class='ocr_page' id='page_1' title='image "/cluster/home/n/w/nwhite01/storage/ocr_20150623/128/mdp.39015078384263/033.png"; bbox 0 0 4130 6304; ppageno 0'>
   <div class='ocr_carea' id='block_1_1' title="bbox 576 332 2160 406">
    <p class='ocr_par' dir='ltr' id='par_1_1' title="bbox 576 332 2150 406">
     <span class='ocr_line' id='line_1_1' title="bbox 576 332 2150 406; baseline -0.004 0"><span class='ocrx_word' id='word_1_1' title='bbox 576 342 643 406; x_wconf 78' lang='grc'><strong>51</strong></span> <span class='ocrx_word' id='word_1_2' title='bbox 1830 332 2150 401; x_wconf 76' lang='grc' dir='ltr'><strong>ΕΟΤΙΙΥΜ</strong></span> 
     </span>
    </p>
   </div>
   <div class='ocr_carea' id='block_1_2' title="bbox 2266 332 3847 406">
    <p class='ocr_par' dir='ltr' id='par_1_2' title="bbox 2266 334 3847 400">
     <span class='ocr_line' id='line_1_2' title="bbox 2266 334 3847 400; baseline -0.002 -1"><span class='ocrx_word' id='word_1_3' title='bbox 2266 338 2575 400; x_wconf 71' lang='grc' dir='ltr'><strong>ΞίϐΑΒΕΝ</strong></span> <span class='ocrx_word' id='word_1_4' title='bbox 2588 339 2613 399; x_wconf 86' lang='grc' dir='ltr'>ῐ</span> <span class='ocrx_word' id='word_1_5' title='bbox 3779 334 3847 396; x_wconf 64' lang='grc'>52</span> 
     </span>
    </p>
   </div>
   <div class='ocr_carea' id='block_1_3' title="bbox 571 448 2160 528">
    <p class='ocr_par' dir='ltr' id='par_1_3' title="bbox 571 454 2155 528">
     <span class='ocr_line' id='line_1_3' title="bbox 571 454 2155 528; baseline -0.003 -15"><span class='ocrx_word' id='word_1_6' title='bbox 571 459 774 514; x_wconf 89' lang='lat' dir='ltr'><strong>docent</strong></span> <span class='ocrx_word' id='word_1_7' title='bbox 799 464 852 513; x_wconf 88' lang='lat' dir='ltr'><strong>et</strong></span> <span class='ocrx_word' id='word_1_8' title='bbox 880 465 1114 528; x_wconf 87' lang='lat' dir='ltr'><strong>tempus.</strong></span> <span class='ocrx_word' id='word_1_9' title='bbox 1149 456 1208 512; x_wconf 88' lang='lat' dir='ltr'><strong>lu</strong></span> <span class='ocrx_word' id='word_1_10' title='bbox 1273 469 1485 511; x_wconf 84' lang='lat' dir='ltr'><strong>summa</strong></span> <span class='ocrx_word' id='word_1_11' title='bbox 1536 454 1624 510; x_wconf 89' lang='lat' dir='ltr'><strong>hic</strong></span> <span class='ocrx_word' id='word_1_12' title='bbox 1673 455 1813 512; x_wconf 86' lang='lat' dir='ltr'><strong>iiber</strong></span> <span class='ocrx_word' id='word_1_13' title='bbox 1857 468 2155 510; x_wconf 85' lang='lat' dir='ltr'><strong>cummune</strong></span> 
     </span>
    </p>
   </div>
   <div class='ocr_carea' id='block_1_4' title="bbox 2266 448 3847 528">
    <p class='ocr_par' dir='ltr' id='par_1_4' title="bbox 2266 448 3847 526">
     <span class='ocr_line' id='line_1_4' title="bbox 2266 448 3847 526; baseline -0.004 -19"><span class='ocrx_word' id='word_1_14' title='bbox 2266 456 2535 525; x_wconf 84' lang='grc' dir='ltr'>κτημένον</span> <span class='ocrx_word' id='word_1_15' title='bbox 2558 455 2876 526; x_wconf 78' lang='grc' dir='ltr'>φάρμακον,</span> <span class='ocrx_word' id='word_1_16' title='bbox 2911 451 3003 507; x_wconf 69' lang='grc' dir='ltr'><strong>καὶ</strong></span> <span class='ocrx_word' id='word_1_17' title='bbox 3042 452 3242 515; x_wconf 80' lang='grc' dir='ltr'>πάντες</span> <span class='ocrx_word' id='word_1_18' title='bbox 3272 451 3321 504; x_wconf 90' lang='grc' dir='ltr'><strong>οί</strong></span> <span class='ocrx_word' id='word_1_19' title='bbox 3349 448 3499 519; x_wconf 82' lang='grc' dir='ltr'>λόγοι</span> <span class='ocrx_word' id='word_1_20' title='bbox 3532 449 3699 505; x_wconf 68' lang='grc' dir='ltr'>πᾶσιν</span> <span class='ocrx_word' id='word_1_21' title='bbox 3752 450 3847 501; x_wconf 82' lang='grc' dir='ltr'>ἀν-</span> 
     </span>
    </p>
   </div>
   <div class='ocr_carea' id='block_1_5' title="bbox 571 549 2157 622">
    <p class='ocr_par' dir='ltr' id='par_1_5' title="bbox 571 549 2157 622">
     <span class='ocr_line' id='line_1_5' title="bbox 571 549 2157 622; baseline -0.002 -19"><span class='ocrx_word' id='word_1_22' title='bbox 571 560 659 607; x_wconf 76' lang='lat' dir='ltr'><strong>cst</strong></span> <span class='ocrx_word' id='word_1_23' title='bbox 692 551 969 622; x_wconf 81' lang='lat' dir='ltr'><strong>quoddam</strong></span> <span class='ocrx_word' id='word_1_24' title='bbox 1002 550 1291 606; x_wconf 68' lang='lat' dir='ltr'><strong>medicinae</strong></span> <span class='ocrx_word' id='word_1_25' title='bbox 1330 550 1795 620; x_wconf 88' lang='lat' dir='ltr'><strong>promptuarium,</strong></span> <span class='ocrx_word' id='word_1_26' title='bbox 1840 559 1893 605; x_wconf 90' lang='lat' dir='ltr'><strong>et</strong></span> <span class='ocrx_word' id='word_1_27' title='bbox 1939 549 2157 616; x_wconf 82' lang='lat' dir='ltr'><strong>passio-</strong></span> 
     </span>
    </p>
   </div>
   <div class='ocr_carea' id='block_1_6' title="bbox 574 641 2158 709">
    <p class='ocr_par' dir='ltr' id='par_1_6' title="bbox 574 641 2158 709">
     <span class='ocr_line' id='line_1_6' title="bbox 574 641 2158 709; baseline -0.002 -12"><span class='ocrx_word' id='word_1_28' title='bbox 574 660 706 698; x_wconf 94' lang='lat' dir='ltr'><strong>num</strong></span> <span class='ocrx_word' id='word_1_29' title='bbox 759 645 1006 700; x_wconf 89' lang='lat' dir='ltr'><strong>omnium</strong></span> <span class='ocrx_word' id='word_1_30' title='bbox 1056 644 1433 700; x_wconf 88' lang='lat' dir='ltr'><strong>certissimum</strong></span> <span class='ocrx_word' id='word_1_31' title='bbox 1499 643 1841 697; x_wconf 82' lang='lat' dir='ltr'><strong>remedium:</strong></span> <span class='ocrx_word' id='word_1_32' title='bbox 1896 641 2158 709; x_wconf 82' lang='lat' dir='ltr'><strong>illiusque</strong></span> 
     </span>
    </p>
   </div>
   <div class='ocr_carea' id='block_1_7' title="bbox 572 732 2160 807">
    <p class='ocr_par' dir='ltr' id='par_1_7' title="bbox 572 732 2160 807">
     <span class='ocr_line' id='line_1_7' title="bbox 572 732 2160 807; baseline -0.001 -20"><span class='ocrx_word' id='word_1_33' title='bbox 572 736 740 791; x_wconf 79' lang='lat' dir='ltr'><strong>verba</strong></span> <span class='ocrx_word' id='word_1_34' title='bbox 789 737 954 807; x_wconf 85' lang='lat' dir='ltr'><strong>(quod</strong></span> <span class='ocrx_word' id='word_1_35' title='bbox 976 735 1140 791; x_wconf 88' lang='lat' dir='ltr'><strong>etiam</strong></span> <span class='ocrx_word' id='word_1_36' title='bbox 1175 735 1333 790; x_wconf 80' lang='lat' dir='ltr'><strong>valde</strong></span> <span class='ocrx_word' id='word_1_37' title='bbox 1359 734 1745 790; x_wconf 86' lang='lat' dir='ltr'><strong>admirandum</strong></span> <span class='ocrx_word' id='word_1_38' title='bbox 1773 742 1879 799; x_wconf 87' lang='lat' dir='ltr'><strong>est,</strong></span> <span class='ocrx_word' id='word_1_39' title='bbox 1909 742 1964 788; x_wconf 87' lang='lat' dir='ltr'><strong>et</strong></span> <span class='ocrx_word' id='word_1_40' title='bbox 1994 732 2160 802; x_wconf 82' lang='lat' dir='ltr'><strong>hujus</strong></span> 
     </span>
    </p>
   </div>
   <div class='ocr_carea' id='block_1_8' title="bbox 572 828 2158 899">
    <p class='ocr_par' dir='ltr' id='par_1_8' title="bbox 572 828 2158 899">
     <span class='ocr_line' id='line_1_8' title="bbox 572 828 2158 899; baseline -0.003 -16"><span class='ocrx_word' id='word_1_41' title='bbox 572 829 757 899; x_wconf 88' lang='lat' dir='ltr'><strong>operis</strong></span> <span class='ocrx_word' id='word_1_42' title='bbox 790 828 1097 899; x_wconf 81' lang='lat' dir='ltr'><strong>preprium)</strong></span> <span class='ocrx_word' id='word_1_43' title='bbox 1125 829 1388 883; x_wconf 89' lang='lat' dir='ltr'><strong>omnibus</strong></span> <span class='ocrx_word' id='word_1_44' title='bbox 1420 838 1737 899; x_wconf 85' lang='lat' dir='ltr'><strong>congruunt</strong></span> <span class='ocrx_word' id='word_1_45' title='bbox 1771 835 1936 896; x_wconf 86' lang='lat' dir='ltr'><strong>atque</strong></span> <span class='ocrx_word' id='word_1_46' title='bbox 1965 836 2158 897; x_wconf 88' lang='lat' dir='ltr'><strong>aptan-</strong></span> 
     </span>
    </p>
   </div>
   <div class='ocr_carea' id='block_1_9' title="bbox 574 921 2159 991">
    <p class='ocr_par' dir='ltr' id='par_1_9' title="bbox 574 921 2159 991">
     <span class='ocr_line' id='line_1_9' title="bbox 574 921 2159 991; baseline -0.001 -16"><span class='ocrx_word' id='word_1_47' title='bbox 574 933 668 976; x_wconf 93' lang='lat' dir='ltr'><strong>tur</strong></span> <span class='ocrx_word' id='word_1_48' title='bbox 722 923 1059 978; x_wconf 88' lang='lat' dir='ltr'><strong>hominibus.</strong></span> <span class='ocrx_word' id='word_1_49' title='bbox 1117 921 1275 977; x_wconf 79' lang='lat' dir='ltr'><strong>Nulla</strong></span> <span class='ocrx_word' id='word_1_50' title='bbox 1343 933 1428 979; x_wconf 89' lang='lat' dir='ltr'><strong>est</strong></span> <span class='ocrx_word' id='word_1_51' title='bbox 1490 921 1657 991; x_wconf 88' lang='lat' dir='ltr'><strong>igitur</strong></span> <span class='ocrx_word' id='word_1_52' title='bbox 1708 923 1852 976; x_wconf 91' lang='lat' dir='ltr'><strong>inter</strong></span> <span class='ocrx_word' id='word_1_53' title='bbox 1909 921 2159 975; x_wconf 92' lang='lat' dir='ltr'><strong>homines</strong></span> 
     </span>
    </p>
   </div>
   <div class='ocr_carea' id='block_1_10' title="bbox 575 1013 2157 1085">
    <p class='ocr_par' dir='ltr' id='par_1_10' title="bbox 575 1013 2157 1085">
     <span class='ocr_line' id='line_1_10' title="bbox 575 1013 2157 1085; baseline 0 -17"><span class='ocrx_word' id='word_1_54' title='bbox 575 1014 741 1078; x_wconf 89' lang='lat' dir='ltr'><strong>actio,</strong></span> <span class='ocrx_word' id='word_1_55' title='bbox 794 1015 945 1069; x_wconf 90' lang='lat' dir='ltr'><strong>nulla</strong></span> <span class='ocrx_word' id='word_1_56' title='bbox 991 1016 1155 1077; x_wconf 90' lang='lat' dir='ltr'><strong>ratio,</strong></span> <span class='ocrx_word' id='word_1_57' title='bbox 1206 1015 1354 1069; x_wconf 88' lang='lat' dir='ltr'><strong>nulla</strong></span> <span class='ocrx_word' id='word_1_58' title='bbox 1391 1013 1628 1079; x_wconf 77' lang='lat' dir='ltr'><strong>affectio,</strong></span> <span class='ocrx_word' id='word_1_59' title='bbox 1681 1014 1829 1070; x_wconf 90' lang='lat' dir='ltr'><strong>nulla</strong></span> <span class='ocrx_word' id='word_1_60' title='bbox 1877 1014 2157 1085; x_wconf 85' lang='lat' dir='ltr'><strong>cogitatio,</strong></span> 
     </span>
    </p>
   </div>
   <div class='ocr_carea' id='block_1_11' title="bbox 572 1103 2159 1177">
    <p class='ocr_par' dir='ltr' id='par_1_11' title="bbox 572 1103 2159 1177">
     <span class='ocr_line' id='line_1_11' title="bbox 572 1103 2159 1177; baseline 0 -16"><span class='ocrx_word' id='word_1_61' title='bbox 572 1103 1079 1174; x_wconf 78' lang='lat' dir='ltr'><strong>cujusinedicinain</strong></span> <span class='ocrx_word' id='word_1_62' title='bbox 1116 1107 1206 1161; x_wconf 89' lang='lat' dir='ltr'><strong>hic</strong></span> <span class='ocrx_word' id='word_1_63' title='bbox 1232 1107 1477 1162; x_wconf 86' lang='lat' dir='ltr'><strong>invenire</strong></span> <span class='ocrx_word' id='word_1_64' title='bbox 1508 1123 1617 1161; x_wconf 91' lang='lat' dir='ltr'><strong>non</strong></span> <span class='ocrx_word' id='word_1_65' title='bbox 1655 1108 1836 1177; x_wconf 87' lang='lat' dir='ltr'><strong>possis</strong></span> <span class='ocrx_word' id='word_1_66' title='bbox 1869 1108 2159 1161; x_wconf 88' lang='lat' dir='ltr'><strong>:cumulus</strong></span> 
     </span>
    </p>
   </div>
   <div class='ocr_carea' id='block_1_12' title="bbox 574 1199 2156 1269">
    <p class='ocr_par' dir='ltr' id='par_1_12' title="bbox 574 1199 2156 1269">
     <span class='ocr_line' id='line_1_12' title="bbox 574 1199 2156 1269; baseline 0.001 -18"><span class='ocrx_word' id='word_1_67' title='bbox 574 1199 722 1252; x_wconf 88' lang='lat' dir='ltr'><strong>enim</strong></span> <span class='ocrx_word' id='word_1_68' title='bbox 770 1207 825 1253; x_wconf 90' lang='lat' dir='ltr'><strong>et</strong></span> <span class='ocrx_word' id='word_1_69' title='bbox 877 1214 1108 1253; x_wconf 80' lang='lat' dir='ltr'><strong>acervus</strong></span> <span class='ocrx_word' id='word_1_70' title='bbox 1157 1199 1380 1267; x_wconf 88' lang='lat' dir='ltr'><strong>quidam</strong></span> <span class='ocrx_word' id='word_1_71' title='bbox 1430 1215 1613 1255; x_wconf 87' lang='lat' dir='ltr'><strong>rerum</strong></span> <span class='ocrx_word' id='word_1_72' title='bbox 1645 1210 1751 1264; x_wconf 91' lang='lat' dir='ltr'><strong>est,</strong></span> <span class='ocrx_word' id='word_1_73' title='bbox 1778 1200 1927 1253; x_wconf 68' lang='lat' dir='ltr'><strong>omni</strong></span> <span class='ocrx_word' id='word_1_74' title='bbox 1962 1199 2156 1269; x_wconf 88' lang='lat' dir='ltr'><strong>plenus</strong></span> 
     </span>
    </p>
   </div>
   <div class='ocr_carea' id='block_1_13' title="bbox 572 1290 2159 1361">
    <p class='ocr_par' dir='ltr' id='par_1_13' title="bbox 572 1290 2159 1361">
     <span class='ocr_line' id='line_1_13' title="bbox 572 1290 2159 1361; baseline 0.001 -19"><span class='ocrx_word' id='word_1_75' title='bbox 572 1291 699 1344; x_wconf 74' lang='lat' dir='ltr'><strong>vita:</strong></span> <span class='ocrx_word' id='word_1_76' title='bbox 727 1291 1170 1353; x_wconf 85' lang='lat' dir='ltr'><strong>conversatione,</strong></span> <span class='ocrx_word' id='word_1_77' title='bbox 1192 1293 1340 1345; x_wconf 88' lang='lat' dir='ltr'><strong>omni</strong></span> <span class='ocrx_word' id='word_1_78' title='bbox 1366 1293 1828 1361; x_wconf 72' lang='lat' dir='ltr'><strong>contemplatione</strong></span> <span class='ocrx_word' id='word_1_79' title='bbox 1859 1310 1873 1346; x_wconf 86' lang='lat'><strong>:</strong></span> <span class='ocrx_word' id='word_1_80' title='bbox 1898 1307 1964 1345; x_wconf 89' lang='lat' dir='ltr'><strong>ac</strong></span> <span class='ocrx_word' id='word_1_81' title='bbox 1991 1290 2159 1346; x_wconf 87' lang='lat' dir='ltr'><strong>veluti</strong></span> 
     </span>
    </p>
   </div>
   <div class='ocr_carea' id='block_1_14' title="bbox 574 1382 2156 1455">
    <p class='ocr_par' dir='ltr' id='par_1_14' title="bbox 574 1382 2156 1455">
     <span class='ocr_line' id='line_1_14' title="bbox 574 1382 2156 1455; baseline 0.001 -20"><span class='ocrx_word' id='word_1_82' title='bbox 574 1398 717 1450; x_wconf 88' lang='lat' dir='ltr'><strong>penu</strong></span> <span class='ocrx_word' id='word_1_83' title='bbox 744 1384 1019 1453; x_wconf 82' lang='lat' dir='ltr'><strong>quoddam</strong></span> <span class='ocrx_word' id='word_1_84' title='bbox 1062 1382 1327 1438; x_wconf 64' lang='lat' dir='ltr'><strong>doctrina:</strong></span> <span class='ocrx_word' id='word_1_85' title='bbox 1359 1385 1663 1453; x_wconf 87' lang='lat' dir='ltr'><strong>publicum,</strong></span> <span class='ocrx_word' id='word_1_86' title='bbox 1700 1384 1996 1453; x_wconf 75' lang='lat' dir='ltr'><strong>unicuique</strong></span> <span class='ocrx_word' id='word_1_87' title='bbox 2031 1392 2156 1455; x_wconf 89' lang='lat' dir='ltr'><strong>apta</strong></span> 
     </span>
    </p>
   </div>
   <div class='ocr_carea' id='block_1_15' title="bbox 571 1474 2160 1546">
    <p class='ocr_par' dir='ltr' id='par_1_15' title="bbox 571 1474 2160 1546">
     <span class='ocr_line' id='line_1_15' title="bbox 571 1474 2160 1546; baseline -0.001 -17"><span class='ocrx_word' id='word_1_88' title='bbox 571 1485 626 1529; x_wconf 87' lang='lat' dir='ltr'><strong>et</strong></span> <span class='ocrx_word' id='word_1_89' title='bbox 672 1476 1055 1530; x_wconf 80' lang='lat' dir='ltr'><strong>convenientia</strong></span> <span class='ocrx_word' id='word_1_90' title='bbox 1096 1476 1401 1530; x_wconf 83' lang='lat' dir='ltr'><strong>distribuit.</strong></span> <span class='ocrx_word' id='word_1_91' title='bbox 1441 1474 1575 1529; x_wconf 83' lang='lat' dir='ltr'><strong>Nam</strong></span> <span class='ocrx_word' id='word_1_92' title='bbox 1621 1485 1670 1529; x_wconf 89' lang='lat' dir='ltr'><strong>et</strong></span> <span class='ocrx_word' id='word_1_93' title='bbox 1704 1476 1929 1545; x_wconf 83' lang='lat' dir='ltr'><strong>antiqua</strong></span> <span class='ocrx_word' id='word_1_94' title='bbox 1960 1483 2160 1546; x_wconf 86' lang='lat' dir='ltr'><strong>purgat</strong></span> 
     </span>
    </p>
   </div>
   <div class='ocr_carea' id='block_1_16' title="bbox 576 1568 2162 1639">
    <p class='ocr_par' dir='ltr' id='par_1_16' title="bbox 576 1568 2162 1639">
     <span class='ocr_line' id='line_1_16' title="bbox 576 1568 2162 1639; baseline 0.002 -19"><span class='ocrx_word' id='word_1_95' title='bbox 576 1568 828 1631; x_wconf 72' lang='lat' dir='ltr'><strong>vulnera,</strong></span> <span class='ocrx_word' id='word_1_96' title='bbox 864 1578 920 1624; x_wconf 90' lang='lat' dir='ltr'><strong>et</strong></span> <span class='ocrx_word' id='word_1_97' title='bbox 943 1584 1119 1639; x_wconf 90' lang='lat' dir='ltr'><strong>nuper</strong></span> <span class='ocrx_word' id='word_1_98' title='bbox 1152 1570 1317 1623; x_wconf 85' lang='lat' dir='ltr'><strong>illatis</strong></span> <span class='ocrx_word' id='word_1_99' title='bbox 1350 1569 1585 1623; x_wconf 78' lang='lat' dir='ltr'><strong>celerem</strong></span> <span class='ocrx_word' id='word_1_100' title='bbox 1616 1570 1992 1624; x_wconf 81' lang='lat' dir='ltr'><strong>liberationem</strong></span> <span class='ocrx_word' id='word_1_101' title='bbox 2022 1583 2162 1639; x_wconf 65' lang='lat' dir='ltr'><strong>prae-</strong></span> 
     </span>
    </p>
   </div>
   <div class='ocr_carea' id='block_1_17' title="bbox 568 1661 2161 1733">
    <p class='ocr_par' dir='ltr' id='par_1_17' title="bbox 568 1661 2161 1733">
     <span class='ocr_line' id='line_1_17' title="bbox 568 1661 2161 1733; baseline -0.003 -16"><span class='ocrx_word' id='word_1_102' title='bbox 568 1670 703 1717; x_wconf 79' lang='lat' dir='ltr'><strong>stat.</strong></span> <span class='ocrx_word' id='word_1_103' title='bbox 737 1662 971 1732; x_wconf 83' lang='lat' dir='ltr'><strong>Insuper</strong></span> <span class='ocrx_word' id='word_1_104' title='bbox 999 1663 1143 1732; x_wconf 91' lang='lat' dir='ltr'><strong>quod</strong></span> <span class='ocrx_word' id='word_1_105' title='bbox 1174 1664 1445 1733; x_wconf 83' lang='lat' dir='ltr'><strong>integrum</strong></span> <span class='ocrx_word' id='word_1_106' title='bbox 1473 1672 1582 1727; x_wconf 82' lang='lat' dir='ltr'><strong>eSt,</strong></span> <span class='ocrx_word' id='word_1_107' title='bbox 1628 1676 1820 1716; x_wconf 87' lang='lat' dir='ltr'><strong>sanum</strong></span> <span class='ocrx_word' id='word_1_108' title='bbox 1855 1661 2161 1715; x_wconf 87' lang='lat' dir='ltr'><strong>sincerum—</strong></span> 
     </span>
    </p>
   </div>
   <div class='ocr_carea' id='block_1_18' title="bbox 570 1755 2158 1825">
    <p class='ocr_par' dir='ltr' id='par_1_18' title="bbox 570 1755 2158 1825">
     <span class='ocr_line' id='line_1_18' title="bbox 570 1755 2158 1825; baseline 0 -21"><span class='ocrx_word' id='word_1_109' title='bbox 570 1769 680 1815; x_wconf 78' lang='lat' dir='ltr'><strong>que</strong></span> <span class='ocrx_word' id='word_1_110' title='bbox 730 1765 1068 1810; x_wconf 76' lang='lat' dir='ltr'><strong>conservat:</strong></span> <span class='ocrx_word' id='word_1_111' title='bbox 1111 1755 1518 1809; x_wconf 84' lang='lat' dir='ltr'><strong>multitudinem</strong></span> <span class='ocrx_word' id='word_1_112' title='bbox 1559 1769 1686 1809; x_wconf 82' lang='lat' dir='ltr'><strong>vero</strong></span> <span class='ocrx_word' id='word_1_113' title='bbox 1722 1755 1897 1822; x_wconf 82' lang='lat' dir='ltr'><strong>ipsam</strong></span> <span class='ocrx_word' id='word_1_114' title='bbox 1931 1764 2158 1825; x_wconf 82' lang='lat' dir='ltr'><strong>prorsus</strong></span> 
     </span>
    </p>
   </div>
   <div class='ocr_carea' id='block_1_19' title="bbox 573 1844 2159 1919">
    <p class='ocr_par' dir='ltr' id='par_1_19' title="bbox 573 1844 2159 1919">
     <span class='ocr_line' id='line_1_19' title="bbox 573 1844 2159 1919; baseline -0.001 -20"><span class='ocrx_word' id='word_1_115' title='bbox 573 1847 746 1902; x_wconf 87' lang='lat' dir='ltr'><strong>allicit</strong></span> <span class='ocrx_word' id='word_1_116' title='bbox 774 1863 839 1903; x_wconf 91' lang='lat' dir='ltr'><strong>ac</strong></span> <span class='ocrx_word' id='word_1_117' title='bbox 867 1848 1063 1903; x_wconf 81' lang='lat' dir='ltr'><strong>suadet</strong></span> <span class='ocrx_word' id='word_1_118' title='bbox 1103 1850 1257 1902; x_wconf 81' lang='lat' dir='ltr'><strong>suavi</strong></span> <span class='ocrx_word' id='word_1_119' title='bbox 1288 1848 1521 1919; x_wconf 87' lang='lat' dir='ltr'><strong>quadam</strong></span> <span class='ocrx_word' id='word_1_120' title='bbox 1556 1862 1681 1901; x_wconf 92' lang='lat' dir='ltr'><strong>cum</strong></span> <span class='ocrx_word' id='word_1_121' title='bbox 1712 1844 2078 1901; x_wconf 88' lang='lat' dir='ltr'><strong>delectatione</strong></span> <span class='ocrx_word' id='word_1_122' title='bbox 2104 1852 2159 1897; x_wconf 89' lang='lat' dir='ltr'><strong>et</strong></span> 
     </span>
    </p>
   </div>
   <div class='ocr_carea' id='block_1_20' title="bbox 574 1938 2156 2011">
    <p class='ocr_par' dir='ltr' id='par_1_20' title="bbox 574 1938 2156 2011">
     <span class='ocr_line' id='line_1_20' title="bbox 574 1938 2156 2011; baseline 0 -20"><span class='ocrx_word' id='word_1_123' title='bbox 574 1941 807 1995; x_wconf 87' lang='lat' dir='ltr'><strong>honesta</strong></span> <span class='ocrx_word' id='word_1_124' title='bbox 838 1943 1116 2011; x_wconf 83' lang='lat' dir='ltr'><strong>voluptate</strong></span> <span class='ocrx_word' id='word_1_125' title='bbox 1149 1960 1162 1994; x_wconf 92' lang='lat'>:</span> <span class='ocrx_word' id='word_1_126' title='bbox 1205 1943 1340 1994; x_wconf 82' lang='lat' dir='ltr'><strong>adeo</strong></span> <span class='ocrx_word' id='word_1_127' title='bbox 1380 1949 1436 1994; x_wconf 90' lang='lat' dir='ltr'><strong>ut</strong></span> <span class='ocrx_word' id='word_1_128' title='bbox 1475 1956 1570 2009; x_wconf 88' lang='lat' dir='ltr'><strong>per</strong></span> <span class='ocrx_word' id='word_1_129' title='bbox 1612 1939 1865 1993; x_wconf 91' lang='lat' dir='ltr'><strong>blandam</strong></span> <span class='ocrx_word' id='word_1_130' title='bbox 1893 1946 1947 1992; x_wconf 91' lang='lat' dir='ltr'><strong>et</strong></span> <span class='ocrx_word' id='word_1_131' title='bbox 1982 1938 2156 1993; x_wconf 86' lang='lat' dir='ltr'><strong>lenem</strong></span> 
     </span>
    </p>
   </div>
   <div class='ocr_carea' id='block_1_21' title="bbox 573 2029 2160 2097">
    <p class='ocr_par' dir='ltr' id='par_1_21' title="bbox 573 2029 2160 2097">
     <span class='ocr_line' id='line_1_21' title="bbox 573 2029 2160 2097; baseline -0.002 -13"><span class='ocrx_word' id='word_1_132' title='bbox 573 2031 723 2086; x_wconf 90' lang='lat' dir='ltr'><strong>illam</strong></span> <span class='ocrx_word' id='word_1_133' title='bbox 783 2047 997 2097; x_wconf 80' lang='lat' dir='ltr'><strong>vocem,</strong></span> <span class='ocrx_word' id='word_1_134' title='bbox 1055 2034 1349 2088; x_wconf 88' lang='lat' dir='ltr'><strong>utilitatem</strong></span> <span class='ocrx_word' id='word_1_135' title='bbox 1404 2044 1457 2085; x_wconf 90' lang='lat' dir='ltr'><strong>et</strong></span> <span class='ocrx_word' id='word_1_136' title='bbox 1506 2031 1854 2086; x_wconf 82' lang='lat' dir='ltr'><strong>commodum</strong></span> <span class='ocrx_word' id='word_1_137' title='bbox 1926 2029 2160 2083; x_wconf 76' lang='lat' dir='ltr'><strong>latenter</strong></span> 
     </span>
    </p>
   </div>
   <div class='ocr_carea' id='block_1_22' title="bbox 2265 542 3850 619">
    <p class='ocr_par' dir='ltr' id='par_1_22' title="bbox 2265 542 3850 619">
     <span class='ocr_line' id='line_1_22' title="bbox 2265 542 3850 619; baseline -0.004 -18"><span class='ocrx_word' id='word_1_138' title='bbox 2265 548 2505 618; x_wconf 80' lang='grc' dir='ltr'><strong>θρώποις</strong></span> <span class='ocrx_word' id='word_1_139' title='bbox 2532 548 2866 619; x_wconf 74' lang='grc' dir='ltr'>ἀρμόζουσιν</span> <span class='ocrx_word' id='word_1_140' title='bbox 2908 548 2938 600; x_wconf 79' lang='grc' dir='ltr'><strong>ὅ</strong></span> <span class='ocrx_word' id='word_1_141' title='bbox 2972 547 3065 599; x_wconf 75' lang='grc' dir='ltr'>καὶ</span> <span class='ocrx_word' id='word_1_142' title='bbox 3096 545 3574 615; x_wconf 81' lang='grc' dir='ltr'>Θαυμασιώτατον,</span> <span class='ocrx_word' id='word_1_143' title='bbox 3610 544 3703 597; x_wconf 86' lang='grc' dir='ltr'>καὶ</span> <span class='ocrx_word' id='word_1_144' title='bbox 3752 542 3850 610; x_wconf 81' lang='grc' dir='ltr'>τῆς</span> 
     </span>
    </p>
   </div>
   <div class='ocr_carea' id='block_1_23' title="bbox 2265 633 3850 711">
    <p class='ocr_par' dir='ltr' id='par_1_23' title="bbox 2265 633 3850 711">
     <span class='ocr_line' id='line_1_23' title="bbox 2265 633 3850 711; baseline -0.004 -19"><span class='ocrx_word' id='word_1_145' title='bbox 2265 641 2449 711; x_wconf 78' lang='grc' dir='ltr'>βίὸλου</span> <span class='ocrx_word' id='word_1_146' title='bbox 2485 640 2688 710; x_wconf 78' lang='grc' dir='ltr'><strong>ταύτης</strong></span> <span class='ocrx_word' id='word_1_147' title='bbox 2714 638 3032 696; x_wconf 79' lang='grc' dir='ltr'>ίδιαίτατον.</span> <span class='ocrx_word' id='word_1_148' title='bbox 3056 638 3170 692; x_wconf 83' lang='grc' dir='ltr'><strong>Οὐκ</strong></span> <span class='ocrx_word' id='word_1_149' title='bbox 3205 637 3352 691; x_wconf 75' lang='grc' dir='ltr'>ἐστιν</span> <span class='ocrx_word' id='word_1_150' title='bbox 3393 633 3490 689; x_wconf 67' lang='grc' dir='ltr'>οὖν</span> <span class='ocrx_word' id='word_1_151' title='bbox 3527 638 3585 691; x_wconf 83' lang='grc' dir='ltr'>ὲν</span> <span class='ocrx_word' id='word_1_152' title='bbox 3635 634 3850 706; x_wconf 81' lang='grc' dir='ltr'>ἀνθρώ-</span> 
     </span>
    </p>
   </div>
   <div class='ocr_carea' id='block_1_24' title="bbox 2262 730 3849 804">
    <p class='ocr_par' dir='ltr' id='par_1_24' title="bbox 2262 730 3849 804">
     <span class='ocr_line' id='line_1_24' title="bbox 2262 730 3849 804; baseline -0.003 -17"><span class='ocrx_word' id='word_1_153' title='bbox 2262 752 2408 798; x_wconf 84' lang='grc' dir='ltr'>ποις,</span> <span class='ocrx_word' id='word_1_154' title='bbox 2436 736 2497 787; x_wconf 84' lang='grc' dir='ltr'><strong>οὐ</strong></span> <span class='ocrx_word' id='word_1_155' title='bbox 2538 732 2762 804; x_wconf 77' lang='grc' dir='ltr'>πρᾶξις,</span> <span class='ocrx_word' id='word_1_156' title='bbox 2795 735 2854 786; x_wconf 77' lang='grc' dir='ltr'><strong>οὺ</strong></span> <span class='ocrx_word' id='word_1_157' title='bbox 2894 733 3075 801; x_wconf 83' lang='grc' dir='ltr'>λόγος,</span> <span class='ocrx_word' id='word_1_158' title='bbox 3106 733 3167 787; x_wconf 80' lang='grc' dir='ltr'><strong>οὐ</strong></span> <span class='ocrx_word' id='word_1_159' title='bbox 3209 732 3403 794; x_wconf 77' lang='grc' dir='ltr'>πάθος,</span> <span class='ocrx_word' id='word_1_160' title='bbox 3456 730 3519 783; x_wconf 79' lang='grc' dir='ltr'><strong>οὐ</strong></span> <span class='ocrx_word' id='word_1_161' title='bbox 3550 730 3849 799; x_wconf 75' lang='grc' dir='ltr'><strong>διανόημα,</strong></span> 
     </span>
    </p>
   </div>
   <div class='ocr_carea' id='block_1_25' title="bbox 2262 820 3850 897">
    <p class='ocr_par' dir='ltr' id='par_1_25' title="bbox 2262 820 3850 897">
     <span class='ocr_line' id='line_1_25' title="bbox 2262 820 3850 897; baseline -0.005 -17"><span class='ocrx_word' id='word_1_162' title='bbox 2262 820 2326 880; x_wconf 70' lang='grc' dir='ltr'>οὗ</span> <span class='ocrx_word' id='word_1_163' title='bbox 2359 827 2433 897; x_wconf 82' lang='grc' dir='ltr'>μὴ</span> <span class='ocrx_word' id='word_1_164' title='bbox 2464 826 2562 897; x_wconf 82' lang='grc' dir='ltr'>τὴν</span> <span class='ocrx_word' id='word_1_165' title='bbox 2599 826 2842 896; x_wconf 72' lang='grc' dir='ltr'>ἰατρείαν</span> <span class='ocrx_word' id='word_1_166' title='bbox 2870 823 3024 895; x_wconf 77' lang='grc' dir='ltr'>εὖροι</span> <span class='ocrx_word' id='word_1_167' title='bbox 3062 842 3149 887; x_wconf 79' lang='grc' dir='ltr'><strong>τις</strong></span> <span class='ocrx_word' id='word_1_168' title='bbox 3185 823 3422 878; x_wconf 74' lang='grc' dir='ltr'>ἐνταῦθα</span> <span class='ocrx_word' id='word_1_169' title='bbox 3454 839 3469 853; x_wconf 81' lang='lat'><strong><em>°</em></strong></span> <span class='ocrx_word' id='word_1_170' title='bbox 3506 823 3850 892; x_wconf 74' lang='grc' dir='ltr'><strong>συμφόρημα</strong></span> 
     </span>
    </p>
   </div>
   <div class='ocr_carea' id='block_1_26' title="bbox 2263 912 3849 993">
    <p class='ocr_par' dir='ltr' id='par_1_26' title="bbox 2263 912 3849 993">
     <span class='ocr_line' id='line_1_26' title="bbox 2263 912 3849 993; baseline -0.004 -22"><span class='ocrx_word' id='word_1_171' title='bbox 2263 923 2373 993; x_wconf 82' lang='grc' dir='ltr'>γάρ</span> <span class='ocrx_word' id='word_1_172' title='bbox 2412 922 2528 975; x_wconf 74' lang='grc' dir='ltr'>ἐστι</span> <span class='ocrx_word' id='word_1_173' title='bbox 2588 920 2772 990; x_wconf 84' lang='grc' dir='ltr'>πάσης</span> <span class='ocrx_word' id='word_1_174' title='bbox 2825 916 3065 987; x_wconf 73' lang='grc' dir='ltr'>ἔμπλεον</span> <span class='ocrx_word' id='word_1_175' title='bbox 3125 916 3360 985; x_wconf 79' lang='grc' dir='ltr'>Θεωρίας</span> <span class='ocrx_word' id='word_1_176' title='bbox 3416 914 3512 968; x_wconf 75' lang='grc' dir='ltr'>καὶ</span> <span class='ocrx_word' id='word_1_177' title='bbox 3547 912 3849 976; x_wconf 72' lang='grc' dir='ltr'><strong>πολιτείας,</strong></span> 
     </span>
    </p>
   </div>
   <div class='ocr_carea' id='block_1_27' title="bbox 2262 1000 3850 1084">
    <p class='ocr_par' dir='ltr' id='par_1_27' title="bbox 2262 1000 3850 1084">
     <span class='ocr_line' id='line_1_27' title="bbox 2262 1000 3850 1084; baseline -0.009 -17"><span class='ocrx_word' id='word_1_178' title='bbox 2262 1014 2525 1084; x_wconf 81' lang='grc' dir='ltr'>δημόσιον</span> <span class='ocrx_word' id='word_1_179' title='bbox 2550 1004 2775 1083; x_wconf 55' lang='grc' dir='ltr'>ταμεῖον</span> <span class='ocrx_word' id='word_1_180' title='bbox 2805 1007 3161 1071; x_wconf 74' lang='grc' dir='ltr'><strong>διδασκαλίας</strong></span> <span class='ocrx_word' id='word_1_181' title='bbox 3192 1005 3573 1075; x_wconf 74' lang='grc' dir='ltr'>παρεχόμενον</span> <span class='ocrx_word' id='word_1_182' title='bbox 3609 1000 3850 1058; x_wconf 66' lang='grc' dir='ltr'>ἐνταῦθα</span> 
     </span>
    </p>
   </div>
   <div class='ocr_carea' id='block_1_28' title="bbox 2262 1094 3854 1177">
    <p class='ocr_par' dir='ltr' id='par_1_28' title="bbox 2262 1094 3854 1177">
     <span class='ocr_line' id='line_1_28' title="bbox 2262 1094 3854 1177; baseline -0.009 -17"><span class='ocrx_word' id='word_1_183' title='bbox 2262 1109 2326 1160; x_wconf 76' lang='grc' dir='ltr'>τὸ</span> <span class='ocrx_word' id='word_1_184' title='bbox 2351 1106 2665 1177; x_wconf 75' lang='grc' dir='ltr'>πρόσφορον</span> <span class='ocrx_word' id='word_1_185' title='bbox 2698 1120 2713 1134; x_wconf 71' lang='grc' dir='ltr'>θ</span> <span class='ocrx_word' id='word_1_186' title='bbox 2744 1104 2813 1157; x_wconf 79' lang='grc' dir='ltr'>τά</span> <span class='ocrx_word' id='word_1_187' title='bbox 2841 1119 2899 1155; x_wconf 80' lang='grc' dir='ltr'><strong>τε</strong></span> <span class='ocrx_word' id='word_1_188' title='bbox 2922 1100 3031 1172; x_wconf 80' lang='grc' dir='ltr'><strong>γὰρ</strong></span> <span class='ocrx_word' id='word_1_189' title='bbox 3061 1100 3271 1153; x_wconf 73' lang='grc' dir='ltr'>παλαιὰ</span> <span class='ocrx_word' id='word_1_190' title='bbox 3312 1096 3608 1168; x_wconf 79' lang='grc' dir='ltr'>τραύματα</span> <span class='ocrx_word' id='word_1_191' title='bbox 3650 1094 3854 1149; x_wconf 77' lang='grc' dir='ltr'>καθαί-</span> 
     </span>
    </p>
   </div>
   <div class='ocr_carea' id='block_1_29' title="bbox 2268 1188 3850 1269">
    <p class='ocr_par' dir='ltr' id='par_1_29' title="bbox 2268 1188 3850 1269">
     <span class='ocr_line' id='line_1_29' title="bbox 2268 1188 3850 1269; baseline -0.011 -17"><span class='ocrx_word' id='word_1_192' title='bbox 2268 1216 2372 1269; x_wconf 77' lang='grc' dir='ltr'>ρει,</span> <span class='ocrx_word' id='word_1_193' title='bbox 2405 1198 2499 1251; x_wconf 75' lang='grc' dir='ltr'>καὶ</span> <span class='ocrx_word' id='word_1_194' title='bbox 2527 1196 2605 1267; x_wconf 81' lang='grc' dir='ltr'>τῷ</span> <span class='ocrx_word' id='word_1_195' title='bbox 2636 1196 2920 1266; x_wconf 84' lang='grc' dir='ltr'>νεοτρώτῳ</span> <span class='ocrx_word' id='word_1_196' title='bbox 2956 1196 3183 1263; x_wconf 79' lang='grc' dir='ltr'>ταχεῖαν</span> <span class='ocrx_word' id='word_1_197' title='bbox 3229 1190 3444 1243; x_wconf 86' lang='grc' dir='ltr'>δίδωσιν</span> <span class='ocrx_word' id='word_1_198' title='bbox 3502 1188 3850 1256; x_wconf 72' lang='grc' dir='ltr'>ἀπαλλαγὴν,</span> 
     </span>
    </p>
   </div>
   <div class='ocr_carea' id='block_1_30' title="bbox 2262 1280 3852 1360">
    <p class='ocr_par' dir='ltr' id='par_1_30' title="bbox 2262 1280 3852 1360">
     <span class='ocr_line' id='line_1_30' title="bbox 2262 1280 3852 1360; baseline -0.008 -16"><span class='ocrx_word' id='word_1_199' title='bbox 2262 1293 2358 1344; x_wconf 71' lang='grc' dir='ltr'>καὶ</span> <span class='ocrx_word' id='word_1_200' title='bbox 2391 1290 2452 1343; x_wconf 83' lang='grc' dir='ltr'>τὸ</span> <span class='ocrx_word' id='word_1_201' title='bbox 2470 1290 2729 1360; x_wconf 82' lang='grc' dir='ltr'>ἀκέραιον</span> <span class='ocrx_word' id='word_1_202' title='bbox 2760 1289 3036 1357; x_wconf 83' lang='grc' dir='ltr'>συντηρεῖ,</span> <span class='ocrx_word' id='word_1_203' title='bbox 3070 1284 3166 1340; x_wconf 72' lang='grc' dir='ltr'>καὶ</span> <span class='ocrx_word' id='word_1_204' title='bbox 3182 1283 3413 1338; x_wconf 78' lang='grc' dir='ltr'>καθόλου</span> <span class='ocrx_word' id='word_1_205' title='bbox 3440 1285 3548 1337; x_wconf 82' lang='grc' dir='ltr'>πᾶν</span> <span class='ocrx_word' id='word_1_206' title='bbox 3574 1280 3749 1344; x_wconf 81' lang='grc' dir='ltr'>πάθος</span> <span class='ocrx_word' id='word_1_207' title='bbox 3773 1280 3852 1348; x_wconf 70' lang='grc' dir='ltr'><strong>(ί)</strong></span> 
     </span>
    </p>
   </div>
   <div class='ocr_carea' id='block_1_31' title="bbox 2263 1373 3853 1451">
    <p class='ocr_par' dir='ltr' id='par_1_31' title="bbox 2263 1373 3853 1451">
     <span class='ocr_line' id='line_1_31' title="bbox 2263 1373 3853 1451; baseline -0.006 -18"><span class='ocrx_word' id='word_1_208' title='bbox 2263 1381 2589 1451; x_wconf 68' lang='grc' dir='ltr'>ἐξαιρεῖται,</span> <span class='ocrx_word' id='word_1_209' title='bbox 2615 1376 2888 1432; x_wconf 71' lang='grc' dir='ltr'>καὶτοῦτο</span> <span class='ocrx_word' id='word_1_210' title='bbox 2916 1378 3055 1448; x_wconf 80' lang='grc' dir='ltr'>μετά</span> <span class='ocrx_word' id='word_1_211' title='bbox 3080 1393 3224 1440; x_wconf 87' lang='grc' dir='ltr'>τινος</span> <span class='ocrx_word' id='word_1_212' title='bbox 3251 1373 3527 1445; x_wconf 77' lang='grc' dir='ltr'><strong>ἐμμελοῦς</strong></span> <span class='ocrx_word' id='word_1_213' title='bbox 3582 1373 3853 1441; x_wconf 71' lang='grc' dir='ltr'>ψυχαγω-</span> 
     </span>
    </p>
   </div>
   <div class='ocr_carea' id='block_1_32' title="bbox 2264 1465 3855 1541">
    <p class='ocr_par' dir='ltr' id='par_1_32' title="bbox 2264 1465 3855 1541">
     <span class='ocr_line' id='line_1_32' title="bbox 2264 1465 3855 1541; baseline -0.007 -14"><span class='ocrx_word' id='word_1_214' title='bbox 2264 1475 2389 1541; x_wconf 86' lang='grc' dir='ltr'>γίας</span> <span class='ocrx_word' id='word_1_215' title='bbox 2425 1475 2520 1526; x_wconf 70' lang='grc' dir='ltr'>καὶ</span> <span class='ocrx_word' id='word_1_216' title='bbox 2556 1472 2839 1541; x_wconf 68' lang='grc' dir='ltr'>σώφρονος</span> <span class='ocrx_word' id='word_1_217' title='bbox 2886 1471 3105 1541; x_wconf 72' lang='grc' dir='ltr'>ἡδονῆς,</span> <span class='ocrx_word' id='word_1_218' title='bbox 3164 1470 3249 1521; x_wconf 80' lang='grc' dir='ltr'>ἵνα</span> <span class='ocrx_word' id='word_1_219' title='bbox 3306 1466 3386 1537; x_wconf 87' lang='grc' dir='ltr'>τῷ</span> <span class='ocrx_word' id='word_1_220' title='bbox 3432 1468 3702 1532; x_wconf 77' lang='grc' dir='ltr'><strong>προσηνεῖ</strong></span> <span class='ocrx_word' id='word_1_221' title='bbox 3761 1465 3855 1517; x_wconf 71' lang='grc' dir='ltr'>καὶ</span> 
     </span>
    </p>
   </div>
   <div class='ocr_carea' id='block_1_33' title="bbox 2262 1556 3855 1637">
    <p class='ocr_par' dir='ltr' id='par_1_33' title="bbox 2262 1556 3855 1637">
     <span class='ocr_line' id='line_1_33' title="bbox 2262 1556 3855 1637; baseline -0.007 -18"><span class='ocrx_word' id='word_1_222' title='bbox 2262 1567 2390 1637; x_wconf 80' lang='grc' dir='ltr'>λείῳ</span> <span class='ocrx_word' id='word_1_223' title='bbox 2417 1568 2515 1636; x_wconf 83' lang='grc' dir='ltr'>τῆς</span> <span class='ocrx_word' id='word_1_224' title='bbox 2531 1564 2704 1636; x_wconf 82' lang='grc' dir='ltr'>ἀκοῆς</span> <span class='ocrx_word' id='word_1_225' title='bbox 2736 1564 3042 1633; x_wconf 79' lang='grc' dir='ltr'>λεληθότως</span> <span class='ocrx_word' id='word_1_226' title='bbox 3073 1559 3464 1633; x_wconf 78' lang='grc' dir='ltr'>ὑποδεξώμεϐα</span> <span class='ocrx_word' id='word_1_227' title='bbox 3491 1560 3588 1630; x_wconf 83' lang='grc' dir='ltr'><strong>τὴν</strong></span> <span class='ocrx_word' id='word_1_228' title='bbox 3635 1560 3700 1610; x_wconf 78' lang='grc' dir='ltr'>ἐκ</span> <span class='ocrx_word' id='word_1_229' title='bbox 3743 1556 3855 1610; x_wconf 83' lang='grc' dir='ltr'>τῶν</span> 
     </span>
    </p>
   </div>
   <div class='ocr_carea' id='block_1_34' title="bbox 2262 1649 3853 1729">
    <p class='ocr_par' dir='ltr' id='par_1_34' title="bbox 2262 1649 3853 1729">
     <span class='ocr_line' id='line_1_34' title="bbox 2262 1649 3853 1729; baseline -0.006 -17"><span class='ocrx_word' id='word_1_230' title='bbox 2262 1660 2438 1728; x_wconf 84' lang='grc' dir='ltr'>λόγων</span> <span class='ocrx_word' id='word_1_231' title='bbox 2469 1659 2765 1729; x_wconf 80' lang='grc' dir='ltr'>ὠφέλειαν,</span> <span class='ocrx_word' id='word_1_232' title='bbox 2794 1661 2939 1712; x_wconf 81' lang='grc' dir='ltr'>κατὰ</span> <span class='ocrx_word' id='word_1_233' title='bbox 2968 1658 3094 1722; x_wconf 63' lang='grc' dir='ltr'>τοὺς</span> <span class='ocrx_word' id='word_1_234' title='bbox 3129 1656 3325 1725; x_wconf 69' lang='grc' dir='ltr'>σοφοὺς</span> <span class='ocrx_word' id='word_1_235' title='bbox 3353 1652 3465 1707; x_wconf 87' lang='grc' dir='ltr'>τῶν</span> <span class='ocrx_word' id='word_1_236' title='bbox 3493 1650 3721 1722; x_wconf 68' lang='grc' dir='ltr'>ἰατρῶν,</span> <span class='ocrx_word' id='word_1_237' title='bbox 3770 1649 3853 1703; x_wconf 82' lang='grc' dir='ltr'><strong>οἴ-</strong></span> 
     </span>
    </p>
   </div>
   <div class='ocr_carea' id='block_1_35' title="bbox 2262 1744 3855 1823">
    <p class='ocr_par' dir='ltr' id='par_1_35' title="bbox 2262 1744 3855 1823">
     <span class='ocr_line' id='line_1_35' title="bbox 2262 1744 3855 1823; baseline -0.008 -17"><span class='ocrx_word' id='word_1_238' title='bbox 2262 1770 2410 1817; x_wconf 84' lang='grc' dir='ltr'>τινες</span> <span class='ocrx_word' id='word_1_239' title='bbox 2437 1752 2534 1805; x_wconf 73' lang='grc' dir='ltr'><strong>ἐπὶ</strong></span> <span class='ocrx_word' id='word_1_240' title='bbox 2566 1751 2676 1806; x_wconf 82' lang='grc' dir='ltr'>τῶν</span> <span class='ocrx_word' id='word_1_241' title='bbox 2707 1752 3133 1823; x_wconf 84' lang='grc' dir='ltr'>αὐστηροτέρων</span> <span class='ocrx_word' id='word_1_242' title='bbox 3168 1748 3505 1819; x_wconf 79' lang='grc' dir='ltr'>φαρμάκων,</span> <span class='ocrx_word' id='word_1_243' title='bbox 3542 1744 3725 1815; x_wconf 84' lang='grc' dir='ltr'>μέλιτι</span> <span class='ocrx_word' id='word_1_244' title='bbox 3752 1748 3855 1812; x_wconf 79' lang='grc' dir='ltr'>τὴν</span> 
     </span>
    </p>
   </div>
   <div class='ocr_carea' id='block_1_36' title="bbox 2266 1839 3854 1916">
    <p class='ocr_par' dir='ltr' id='par_1_36' title="bbox 2266 1839 3854 1916">
     <span class='ocr_line' id='line_1_36' title="bbox 2266 1839 3854 1916; baseline -0.005 -19"><span class='ocrx_word' id='word_1_245' title='bbox 2266 1845 2465 1899; x_wconf 82' lang='grc' dir='ltr'>κύλικα</span> <span class='ocrx_word' id='word_1_246' title='bbox 2498 1844 2899 1916; x_wconf 83' lang='grc' dir='ltr'>περιχρίουσιν.</span> <span class='ocrx_word' id='word_1_247' title='bbox 2933 1843 3090 1897; x_wconf 82' lang='grc' dir='ltr'>Οὗτω</span> <span class='ocrx_word' id='word_1_248' title='bbox 3119 1842 3251 1911; x_wconf 81' lang='grc' dir='ltr'>γοῦν</span> <span class='ocrx_word' id='word_1_249' title='bbox 3278 1840 3356 1911; x_wconf 83' lang='grc' dir='ltr'><strong>τῷ</strong></span> <span class='ocrx_word' id='word_1_250' title='bbox 3393 1839 3493 1911; x_wconf 80' lang='grc' dir='ltr'><strong>μὲν</strong></span> <span class='ocrx_word' id='word_1_251' title='bbox 3522 1839 3722 1900; x_wconf 84' lang='grc' dir='ltr'>δοκεῖν,</span> <span class='ocrx_word' id='word_1_252' title='bbox 3752 1854 3854 1905; x_wconf 68' lang='grc' dir='ltr'>μευ</span> 
     </span>
    </p>
   </div>
   <div class='ocr_carea' id='block_1_37' title="bbox 2266 1930 3855 2010">
    <p class='ocr_par' dir='ltr' id='par_1_37' title="bbox 2266 1930 3855 2010">
     <span class='ocr_line' id='line_1_37' title="bbox 2266 1930 3855 2010; baseline -0.005 -20"><span class='ocrx_word' id='word_1_253' title='bbox 2266 1937 2548 2008; x_wconf 69' lang='grc' dir='ltr'>λιρδοῦμεν</span> <span class='ocrx_word' id='word_1_254' title='bbox 2580 1955 2594 1969; x_wconf 84' lang='lat'><strong><em>°</em></strong></span> <span class='ocrx_word' id='word_1_255' title='bbox 2628 1942 2696 2010; x_wconf 78' lang='grc' dir='ltr'><strong>τῇ</strong></span> <span class='ocrx_word' id='word_1_256' title='bbox 2729 1938 2774 1991; x_wconf 76' lang='grc' dir='ltr'>δ’</span> <span class='ocrx_word' id='word_1_257' title='bbox 2803 1937 3057 2008; x_wconf 76' lang='grc' dir='ltr'>ἀληθεία,</span> <span class='ocrx_word' id='word_1_258' title='bbox 3090 1936 3188 1999; x_wconf 79' lang='grc' dir='ltr'>τὰς</span> <span class='ocrx_word' id='word_1_259' title='bbox 3219 1932 3398 2004; x_wconf 75' lang='grc' dir='ltr'>ψυχὰς</span> <span class='ocrx_word' id='word_1_260' title='bbox 3445 1930 3855 2001; x_wconf 72' lang='grc' dir='ltr'>παιδευόμεθα,</span> 
     </span>
    </p>
   </div>
   <div class='ocr_carea' id='block_1_38' title="bbox 2267 2026 3755 2102">
    <p class='ocr_par' dir='ltr' id='par_1_38' title="bbox 2267 2026 3755 2102">
     <span class='ocr_line' id='line_1_38' title="bbox 2267 2026 3755 2102; baseline -0.003 -19"><span class='ocrx_word' id='word_1_261' title='bbox 2267 2031 2361 2083; x_wconf 74' lang='grc' dir='ltr'>καὶ</span> <span class='ocrx_word' id='word_1_262' title='bbox 2393 2031 2491 2099; x_wconf 79' lang='grc' dir='ltr'>τὴν</span> <span class='ocrx_word' id='word_1_263' title='bbox 2529 2030 2891 2102; x_wconf 84' lang='grc' dir='ltr'>μνήμην-τῶν</span> <span class='ocrx_word' id='word_1_264' title='bbox 2924 2029 3101 2097; x_wconf 82' lang='grc' dir='ltr'>λόγων</span> <span class='ocrx_word' id='word_1_265' title='bbox 3126 2028 3324 2098; x_wconf 75' lang='grc' dir='ltr'>ἔχομεν</span> <span class='ocrx_word' id='word_1_266' title='bbox 3354 2026 3755 2094; x_wconf 82' lang='grc' dir='ltr'>ἀνεξάληπτον.</span> 
     </span>
    </p>
   </div>
   <div class='ocr_carea' id='block_1_39' title="bbox 568 2119 3855 2198">
    <p class='ocr_par' dir='ltr' id='par_1_39' title="bbox 568 2119 3855 2198">
     <span class='ocr_line' id='line_1_39' title="bbox 568 2119 3855 2198; baseline -0.003 -16"><span class='ocrx_word' id='word_1_267' title='bbox 568 2128 740 2182; x_wconf 80' lang='lat' dir='ltr'><strong>etiam</strong></span> <span class='ocrx_word' id='word_1_268' title='bbox 799 2140 1164 2198; x_wconf 89' lang='lat' dir='ltr'><strong>reportemus,</strong></span> <span class='ocrx_word' id='word_1_269' title='bbox 1205 2128 1355 2196; x_wconf 76' lang='lat' dir='ltr'><strong>juxta</strong></span> <span class='ocrx_word' id='word_1_270' title='bbox 1415 2127 1745 2195; x_wconf 86' lang='lat' dir='ltr'><strong>prudentum</strong></span> <span class='ocrx_word' id='word_1_271' title='bbox 1802 2122 2145 2177; x_wconf 88' lang='lat' dir='ltr'><strong>medicorum</strong></span> <span class='ocrx_word' id='word_1_272' title='bbox 2187 2125 2700 2193; x_wconf 68' lang='lat' dir='ltr'><strong>praecepta,qui,iu</strong></span> <span class='ocrx_word' id='word_1_273' title='bbox 2736 2123 3137 2180; x_wconf 88' lang='lat' dir='ltr'><strong>austerioribus</strong></span> <span class='ocrx_word' id='word_1_274' title='bbox 3195 2119 3525 2190; x_wconf 84' lang='lat' dir='ltr'><strong>pbarrnacis,</strong></span> <span class='ocrx_word' id='word_1_275' title='bbox 3592 2120 3855 2189; x_wconf 85' lang='lat' dir='ltr'><strong>poculum</strong></span> 
     </span>
    </p>
   </div>
   <div class='ocr_carea' id='block_1_40' title="bbox 574 2214 3856 2293">
    <p class='ocr_par' dir='ltr' id='par_1_40' title="bbox 574 2214 3856 2293">
     <span class='ocr_line' id='line_1_40' title="bbox 574 2214 3856 2293; baseline -0.003 -16"><span class='ocrx_word' id='word_1_276' title='bbox 574 2224 767 2293; x_wconf 86' lang='lat' dir='ltr'><strong>inungi</strong></span> <span class='ocrx_word' id='word_1_277' title='bbox 815 2223 1009 2293; x_wconf 87' lang='lat' dir='ltr'><strong>jubent</strong></span> <span class='ocrx_word' id='word_1_278' title='bbox 1041 2224 1199 2278; x_wconf 89' lang='lat' dir='ltr'><strong>melle</strong></span> <span class='ocrx_word' id='word_1_279' title='bbox 1234 2242 1247 2277; x_wconf 93' lang='lat'><strong>:</strong></span> <span class='ocrx_word' id='word_1_280' title='bbox 1286 2224 1356 2276; x_wconf 90' lang='lat' dir='ltr'><strong>ita</strong></span> <span class='ocrx_word' id='word_1_281' title='bbox 1409 2230 1463 2276; x_wconf 87' lang='lat' dir='ltr'><strong>et</strong></span> <span class='ocrx_word' id='word_1_282' title='bbox 1511 2236 1635 2282; x_wconf 85' lang='lat' dir='ltr'><strong>nos,</strong></span> <span class='ocrx_word' id='word_1_283' title='bbox 1679 2224 2004 2289; x_wconf 87' lang='lat' dir='ltr'><strong>apparenter</strong></span> <span class='ocrx_word' id='word_1_284' title='bbox 2034 2214 2279 2287; x_wconf 80' lang='lat' dir='ltr'><strong>quidem,</strong></span> <span class='ocrx_word' id='word_1_285' title='bbox 2305 2216 2466 2273; x_wconf 88' lang='lat' dir='ltr'><strong>dulce</strong></span> <span class='ocrx_word' id='word_1_286' title='bbox 2500 2233 2565 2272; x_wconf 88' lang='lat' dir='ltr'><strong>ac</strong></span> <span class='ocrx_word' id='word_1_287' title='bbox 2590 2233 2763 2274; x_wconf 81' lang='lat' dir='ltr'><strong>suave</strong></span> <span class='ocrx_word' id='word_1_288' title='bbox 2786 2216 2960 2273; x_wconf 85' lang='lat' dir='ltr'><strong>melos</strong></span> <span class='ocrx_word' id='word_1_289' title='bbox 3029 2218 3279 2273; x_wconf 87' lang='lat' dir='ltr'><strong>canimus</strong></span> <span class='ocrx_word' id='word_1_290' title='bbox 3312 2237 3329 2276; x_wconf 85' lang='lat'><strong>:</strong></span> <span class='ocrx_word' id='word_1_291' title='bbox 3392 2232 3452 2272; x_wconf 91' lang='lat' dir='ltr'><strong>re</strong></span> <span class='ocrx_word' id='word_1_292' title='bbox 3520 2214 3640 2286; x_wconf 84' lang='lat' dir='ltr'><strong>ipsa</strong></span> <span class='ocrx_word' id='word_1_293' title='bbox 3727 2229 3856 2268; x_wconf 79' lang='lat' dir='ltr'><strong>vero</strong></span> 
     </span>
    </p>
   </div>
   <div class='ocr_carea' id='block_1_41' title="bbox 572 2309 3101 2384">
    <p class='ocr_par' dir='ltr' id='par_1_41' title="bbox 572 2309 3101 2384">
     <span class='ocr_line' id='line_1_41' title="bbox 572 2309 3101 2384; baseline -0.002 -10"><span class='ocrx_word' id='word_1_294' title='bbox 572 2321 789 2374; x_wconf 85' lang='lat' dir='ltr'><strong>animas</strong></span> <span class='ocrx_word' id='word_1_295' title='bbox 811 2318 1122 2384; x_wconf 87' lang='lat' dir='ltr'><strong>erudimus,</strong></span> <span class='ocrx_word' id='word_1_296' title='bbox 1155 2328 1209 2371; x_wconf 89' lang='lat' dir='ltr'><strong>et</strong></span> <span class='ocrx_word' id='word_1_297' title='bbox 1237 2316 1548 2371; x_wconf 79' lang='lat' dir='ltr'><strong>divinorum</strong></span> <span class='ocrx_word' id='word_1_298' title='bbox 1573 2315 1918 2383; x_wconf 86' lang='lat' dir='ltr'><strong>eloquiorum</strong></span> <span class='ocrx_word' id='word_1_299' title='bbox 1942 2309 2264 2367; x_wconf 82' lang='lat' dir='ltr'><strong>memoriam</strong></span> <span class='ocrx_word' id='word_1_300' title='bbox 2307 2312 2655 2369; x_wconf 79' lang='lat' dir='ltr'><strong>indelebilem</strong></span> <span class='ocrx_word' id='word_1_301' title='bbox 2683 2328 3101 2369; x_wconf 69' lang='lat' dir='ltr'><strong>conservemus.</strong></span> 
     </span>
    </p>
   </div>
   <div class='ocr_carea' id='block_1_42' title="bbox 648 2406 2157 2469">
    <p class='ocr_par' dir='ltr' id='par_1_42' title="bbox 648 2406 2157 2469">
     <span class='ocr_line' id='line_1_42' title="bbox 648 2406 2157 2469; baseline -0.007 -1"><span class='ocrx_word' id='word_1_302' title='bbox 648 2413 904 2468; x_wconf 87' lang='lat' dir='ltr'><strong>Psalmus</strong></span> <span class='ocrx_word' id='word_1_303' title='bbox 944 2427 1127 2467; x_wconf 83' lang='lat' dir='ltr'><strong>sermo</strong></span> <span class='ocrx_word' id='word_1_304' title='bbox 1162 2423 1215 2465; x_wconf 92' lang='lat' dir='ltr'><strong>et</strong></span> <span class='ocrx_word' id='word_1_305' title='bbox 1242 2411 1593 2465; x_wconf 84' lang='lat' dir='ltr'><strong>conversatio</strong></span> <span class='ocrx_word' id='word_1_306' title='bbox 1622 2417 1706 2464; x_wconf 87' lang='lat' dir='ltr'><strong>est</strong></span> <span class='ocrx_word' id='word_1_307' title='bbox 1734 2423 1857 2463; x_wconf 90' lang='lat' dir='ltr'><strong>cum</strong></span> <span class='ocrx_word' id='word_1_308' title='bbox 1892 2406 2021 2469; x_wconf 87' lang='lat' dir='ltr'><strong>Deo,</strong></span> <span class='ocrx_word' id='word_1_309' title='bbox 2047 2421 2157 2460; x_wconf 78' lang='lat' dir='ltr'><strong>an-</strong></span> 
     </span>
    </p>
   </div>
   <div class='ocr_carea' id='block_1_43' title="bbox 572 2500 2158 2577">
    <p class='ocr_par' dir='ltr' id='par_1_43' title="bbox 572 2500 2158 2577">
     <span class='ocr_line' id='line_1_43' title="bbox 572 2500 2158 2577; baseline -0.004 -17"><span class='ocrx_word' id='word_1_310' title='bbox 572 2506 825 2577; x_wconf 75' lang='lat' dir='ltr'><strong>gelorum</strong></span> <span class='ocrx_word' id='word_1_311' title='bbox 881 2505 1122 2567; x_wconf 88' lang='lat' dir='ltr'><strong>allectio,</strong></span> <span class='ocrx_word' id='word_1_312' title='bbox 1186 2504 1369 2558; x_wconf 88' lang='lat' dir='ltr'><strong>alacer</strong></span> <span class='ocrx_word' id='word_1_313' title='bbox 1393 2504 1587 2557; x_wconf 70' lang='lat' dir='ltr'><strong>animm</strong></span> <span class='ocrx_word' id='word_1_314' title='bbox 1646 2500 1782 2556; x_wconf 92' lang='lat' dir='ltr'><strong>ordo</strong></span> <span class='ocrx_word' id='word_1_315' title='bbox 1845 2516 1909 2555; x_wconf 89' lang='lat' dir='ltr'><strong>ac</strong></span> <span class='ocrx_word' id='word_1_316' title='bbox 1958 2507 2158 2563; x_wconf 87' lang='lat' dir='ltr'><strong>status,</strong></span> 
     </span>
    </p>
   </div>
   <div class='ocr_carea' id='block_1_44' title="bbox 574 2591 2156 2666">
    <p class='ocr_par' dir='ltr' id='par_1_44' title="bbox 574 2591 2156 2666">
     <span class='ocr_line' id='line_1_44' title="bbox 574 2591 2156 2666; baseline -0.005 -13"><span class='ocrx_word' id='word_1_317' title='bbox 574 2598 761 2654; x_wconf 84' lang='lat' dir='ltr'><strong>diurni</strong></span> <span class='ocrx_word' id='word_1_318' title='bbox 795 2597 1001 2653; x_wconf 79' lang='lat' dir='ltr'><strong>laboris</strong></span> <span class='ocrx_word' id='word_1_319' title='bbox 1033 2597 1214 2666; x_wconf 88' lang='lat' dir='ltr'><strong>quies,</strong></span> <span class='ocrx_word' id='word_1_320' title='bbox 1250 2596 1502 2649; x_wconf 75' lang='lat' dir='ltr'><strong>nocturni</strong></span> <span class='ocrx_word' id='word_1_321' title='bbox 1542 2594 1757 2650; x_wconf 84' lang='lat' dir='ltr'><strong>timoris</strong></span> <span class='ocrx_word' id='word_1_322' title='bbox 1797 2591 2156 2663; x_wconf 88' lang='lat' dir='ltr'><strong>propulsatio,</strong></span> 
     </span>
    </p>
   </div>
   <div class='ocr_carea' id='block_1_45' title="bbox 573 2686 2160 2762">
    <p class='ocr_par' dir='ltr' id='par_1_45' title="bbox 573 2686 2160 2762">
     <span class='ocr_line' id='line_1_45' title="bbox 573 2686 2160 2762; baseline -0.004 -16"><span class='ocrx_word' id='word_1_323' title='bbox 573 2695 839 2762; x_wconf 78' lang='lat' dir='ltr'><strong>juvenem</strong></span> <span class='ocrx_word' id='word_1_324' title='bbox 895 2700 950 2746; x_wconf 89' lang='lat' dir='ltr'><strong>et</strong></span> <span class='ocrx_word' id='word_1_325' title='bbox 1001 2707 1174 2761; x_wconf 80' lang='lat' dir='ltr'><strong>nupar</strong></span> <span class='ocrx_word' id='word_1_326' title='bbox 1222 2690 1665 2745; x_wconf 83' lang='lat' dir='ltr'><strong>introductorum</strong></span> <span class='ocrx_word' id='word_1_327' title='bbox 1726 2687 1937 2758; x_wconf 86' lang='lat' dir='ltr'><strong>regula,</strong></span> <span class='ocrx_word' id='word_1_328' title='bbox 1990 2686 2160 2756; x_wconf 86' lang='lat' dir='ltr'><strong>profl-</strong></span> 
     </span>
    </p>
   </div>
   <div class='ocr_carea' id='block_1_46' title="bbox 575 2776 2155 2853">
    <p class='ocr_par' dir='ltr' id='par_1_46' title="bbox 575 2776 2155 2853">
     <span class='ocr_line' id='line_1_46' title="bbox 575 2776 2155 2853; baseline -0.006 -14"><span class='ocrx_word' id='word_1_329' title='bbox 575 2786 841 2840; x_wconf 89' lang='lat' dir='ltr'><strong>cientium</strong></span> <span class='ocrx_word' id='word_1_330' title='bbox 907 2784 1287 2853; x_wconf 86' lang='lat' dir='ltr'><strong>adjumentum</strong></span> <span class='ocrx_word' id='word_1_331' title='bbox 1326 2822 1340 2846; x_wconf 96' lang='lat'><strong>,</strong></span> <span class='ocrx_word' id='word_1_332' title='bbox 1414 2780 1782 2851; x_wconf 80' lang='lat' dir='ltr'><strong>perfectorem</strong></span> <span class='ocrx_word' id='word_1_333' title='bbox 1853 2776 2155 2843; x_wconf 86' lang='lat' dir='ltr'><strong>solidatio,</strong></span> 
     </span>
    </p>
   </div>
   <div class='ocr_carea' id='block_1_47' title="bbox 578 2870 2159 2946">
    <p class='ocr_par' dir='ltr' id='par_1_47' title="bbox 578 2870 2159 2946">
     <span class='ocr_line' id='line_1_47' title="bbox 578 2870 2159 2946; baseline -0.004 -18"><span class='ocrx_word' id='word_1_334' title='bbox 578 2878 806 2946; x_wconf 81' lang='lat' dir='ltr'><strong>clypeus</strong></span> <span class='ocrx_word' id='word_1_335' title='bbox 835 2875 1249 2943; x_wconf 86' lang='lat' dir='ltr'><strong>insuperabilis,</strong></span> <span class='ocrx_word' id='word_1_336' title='bbox 1273 2882 1660 2927; x_wconf 80' lang='lat' dir='ltr'><strong>ornamentum</strong></span> <span class='ocrx_word' id='word_1_337' title='bbox 1684 2870 2159 2931; x_wconf 85' lang='lat' dir='ltr'><strong>decentissimum,</strong></span> 
     </span>
    </p>
   </div>
   <div class='ocr_carea' id='block_1_48' title="bbox 577 2963 2164 3038">
    <p class='ocr_par' dir='ltr' id='par_1_48' title="bbox 577 2963 2164 3038">
     <span class='ocr_line' id='line_1_48' title="bbox 577 2963 2164 3038; baseline -0.006 -14"><span class='ocrx_word' id='word_1_338' title='bbox 577 2970 824 3037; x_wconf 80' lang='lat' dir='ltr'><strong>regibus,</strong></span> <span class='ocrx_word' id='word_1_339' title='bbox 853 2968 1104 3038; x_wconf 78' lang='lat' dir='ltr'><strong>privatis,</strong></span> <span class='ocrx_word' id='word_1_340' title='bbox 1140 2968 1503 3038; x_wconf 85' lang='lat' dir='ltr'><strong>principibus,</strong></span> <span class='ocrx_word' id='word_1_341' title='bbox 1538 2965 1780 3035; x_wconf 87' lang='lat' dir='ltr'><strong>populis,</strong></span> <span class='ocrx_word' id='word_1_342' title='bbox 1814 2963 2081 3017; x_wconf 87' lang='lat' dir='ltr'><strong>militibus</strong></span> <span class='ocrx_word' id='word_1_343' title='bbox 2105 2968 2164 3016; x_wconf 89' lang='lat' dir='ltr'><strong>et</strong></span> 
     </span>
    </p>
   </div>
   <div class='ocr_carea' id='block_1_49' title="bbox 577 3056 2165 3131">
    <p class='ocr_par' dir='ltr' id='par_1_49' title="bbox 577 3056 2165 3131">
     <span class='ocr_line' id='line_1_49' title="bbox 577 3056 2165 3131; baseline -0.005 -15"><span class='ocrx_word' id='word_1_344' title='bbox 577 3063 708 3116; x_wconf 80' lang='lat' dir='ltr'><strong>belli</strong></span> <span class='ocrx_word' id='word_1_345' title='bbox 743 3063 972 3131; x_wconf 85' lang='lat' dir='ltr'><strong>ignaris,</strong></span> <span class='ocrx_word' id='word_1_346' title='bbox 1012 3060 1357 3130; x_wconf 83' lang='lat' dir='ltr'><strong>sapientibus</strong></span> <span class='ocrx_word' id='word_1_347' title='bbox 1390 3067 1445 3115; x_wconf 89' lang='lat' dir='ltr'><strong>et</strong></span> <span class='ocrx_word' id='word_1_348' title='bbox 1483 3059 1739 3123; x_wconf 89' lang='lat' dir='ltr'><strong>rudibus,</strong></span> <span class='ocrx_word' id='word_1_349' title='bbox 1783 3056 2069 3111; x_wconf 87' lang='lat' dir='ltr'><strong>monachis</strong></span> <span class='ocrx_word' id='word_1_350' title='bbox 2107 3063 2165 3110; x_wconf 92' lang='lat' dir='ltr'><strong>et</strong></span> 
     </span>
    </p>
   </div>
   <div class='ocr_carea' id='block_1_50' title="bbox 578 3147 2162 3220">
    <p class='ocr_par' dir='ltr' id='par_1_50' title="bbox 578 3147 2162 3220">
     <span class='ocr_line' id='line_1_50' title="bbox 578 3147 2162 3220; baseline -0.002 -16"><span class='ocrx_word' id='word_1_351' title='bbox 578 3152 816 3217; x_wconf 85' lang='lat' dir='ltr'><strong>civibus,</strong></span> <span class='ocrx_word' id='word_1_352' title='bbox 881 3150 1258 3206; x_wconf 88' lang='lat' dir='ltr'><strong>sacerdotibus</strong></span> <span class='ocrx_word' id='word_1_353' title='bbox 1323 3160 1377 3205; x_wconf 87' lang='lat' dir='ltr'><strong>et</strong></span> <span class='ocrx_word' id='word_1_354' title='bbox 1432 3149 1705 3220; x_wconf 90' lang='lat' dir='ltr'><strong>plebibus,</strong></span> <span class='ocrx_word' id='word_1_355' title='bbox 1758 3147 2162 3202; x_wconf 88' lang='lat' dir='ltr'><strong>habitatoribus</strong></span> 
     </span>
    </p>
   </div>
   <div class='ocr_carea' id='block_1_51' title="bbox 2330 2407 3853 2480">
    <p class='ocr_par' dir='ltr' id='par_1_51' title="bbox 2330 2407 3853 2480">
     <span class='ocr_line' id='line_1_51' title="bbox 2330 2407 3853 2480; baseline -0.001 -18"><span class='ocrx_word' id='word_1_356' title='bbox 2330 2409 2587 2477; x_wconf 75' lang='grc' dir='ltr'>Ψαλμός,</span> <span class='ocrx_word' id='word_1_357' title='bbox 2622 2409 2812 2479; x_wconf 77' lang='grc' dir='ltr'>ὁμιλία</span> <span class='ocrx_word' id='word_1_358' title='bbox 2869 2408 3008 2480; x_wconf 83' lang='grc' dir='ltr'>πρὸς</span> <span class='ocrx_word' id='word_1_359' title='bbox 3045 2408 3200 2473; x_wconf 79' lang='grc' dir='ltr'>Θεὸν,</span> <span class='ocrx_word' id='word_1_360' title='bbox 3258 2407 3508 2476; x_wconf 84' lang='grc' dir='ltr'>ἀγγέλων</span> <span class='ocrx_word' id='word_1_361' title='bbox 3562 2408 3853 2479; x_wconf 73' lang='grc' dir='ltr'>ἐπαγωγὴ.</span> 
     </span>
    </p>
   </div>
   <div class='ocr_carea' id='block_1_52' title="bbox 2259 2499 3859 2572">
    <p class='ocr_par' dir='ltr' id='par_1_52' title="bbox 2259 2499 3859 2572">
     <span class='ocr_line' id='line_1_52' title="bbox 2259 2499 3859 2572; baseline -0.001 -18"><span class='ocrx_word' id='word_1_362' title='bbox 2259 2502 2532 2571; x_wconf 83' lang='grc' dir='ltr'>δαιμόνων</span> <span class='ocrx_word' id='word_1_363' title='bbox 2566 2502 2866 2572; x_wconf 80' lang='grc' dir='ltr'>ἀπαγωγὴ,</span> <span class='ocrx_word' id='word_1_364' title='bbox 2898 2501 3082 2571; x_wconf 80' lang='grc' dir='ltr'>ψυχῆς</span> <span class='ocrx_word' id='word_1_365' title='bbox 3127 2499 3292 2571; x_wconf 79' lang='grc' dir='ltr'>ἱλαρὰ</span> <span class='ocrx_word' id='word_1_366' title='bbox 3330 2501 3687 2564; x_wconf 82' lang='grc' dir='ltr'>κατάστασις,</span> <span class='ocrx_word' id='word_1_367' title='bbox 3744 2500 3859 2553; x_wconf 80' lang='grc' dir='ltr'>τῶν</span> 
     </span>
    </p>
   </div>
   <div class='ocr_carea' id='block_1_53' title="bbox 2260 2592 3855 2665">
    <p class='ocr_par' dir='ltr' id='par_1_53' title="bbox 2260 2592 3855 2665">
     <span class='ocr_line' id='line_1_53' title="bbox 2260 2592 3855 2665; baseline -0.003 -18"><span class='ocrx_word' id='word_1_368' title='bbox 2260 2596 2361 2663; x_wconf 82' lang='grc' dir='ltr'>τῆς</span> <span class='ocrx_word' id='word_1_369' title='bbox 2392 2595 2606 2665; x_wconf 77' lang='grc' dir='ltr'>ἡμέρας</span> <span class='ocrx_word' id='word_1_370' title='bbox 2643 2596 2823 2648; x_wconf 75' lang='grc' dir='ltr'>πόνων</span> <span class='ocrx_word' id='word_1_371' title='bbox 2847 2596 3185 2659; x_wconf 77' lang='grc' dir='ltr'>ἀνάπαυσις,</span> <span class='ocrx_word' id='word_1_372' title='bbox 3221 2592 3333 2645; x_wconf 80' lang='grc' dir='ltr'><strong>τῶν</strong></span> <span class='ocrx_word' id='word_1_373' title='bbox 3365 2593 3465 2663; x_wconf 78' lang='grc' dir='ltr'><strong>τῆς</strong></span> <span class='ocrx_word' id='word_1_374' title='bbox 3517 2592 3712 2655; x_wconf 67' lang='grc' dir='ltr'>νυκτὸς</span> <span class='ocrx_word' id='word_1_375' title='bbox 3760 2592 3855 2660; x_wconf 73' lang='grc' dir='ltr'><strong>φό-</strong></span> 
     </span>
    </p>
   </div>
   <div class='ocr_carea' id='block_1_54' title="bbox 2262 2673 3855 2756">
    <p class='ocr_par' dir='ltr' id='par_1_54' title="bbox 2262 2673 3855 2756">
     <span class='ocr_line' id='line_1_54' title="bbox 2262 2673 3855 2756; baseline 0.001 -19"><span class='ocrx_word' id='word_1_376' title='bbox 2262 2673 2373 2739; x_wconf 64' lang='lat' dir='ltr'><strong>cuiu</strong></span> <span class='ocrx_word' id='word_1_377' title='bbox 2400 2686 2782 2756; x_wconf 79' lang='grc' dir='ltr'>ἀλεξητήριον,</span> <span class='ocrx_word' id='word_1_378' title='bbox 2817 2684 3194 2756; x_wconf 81' lang='grc' dir='ltr'>είσαγομένων</span> <span class='ocrx_word' id='word_1_379' title='bbox 3236 2688 3600 2755; x_wconf 84' lang='grc' dir='ltr'>οτοιχείωσις,</span> <span class='ocrx_word' id='word_1_380' title='bbox 3652 2702 3855 2754; x_wconf 86' lang='grc' dir='ltr'>προκο-</span> 
     </span>
    </p>
   </div>
   <div class='ocr_carea' id='block_1_55' title="bbox 2266 2778 3855 2850">
    <p class='ocr_par' dir='ltr' id='par_1_55' title="bbox 2266 2778 3855 2850">
     <span class='ocr_line' id='line_1_55' title="bbox 2266 2778 3855 2850; baseline -0.003 -16"><span class='ocrx_word' id='word_1_381' title='bbox 2266 2783 2511 2835; x_wconf 79' lang='grc' dir='ltr'>πτόντων</span> <span class='ocrx_word' id='word_1_382' title='bbox 2542 2780 2792 2850; x_wconf 72' lang='grc' dir='ltr'>αὔξησις,</span> <span class='ocrx_word' id='word_1_383' title='bbox 2866 2778 3266 2850; x_wconf 78' lang='grc' dir='ltr'>τελειουμένων</span> <span class='ocrx_word' id='word_1_384' title='bbox 3320 2778 3634 2849; x_wconf 80' lang='grc' dir='ltr'>ἑδραίωσις,</span> <span class='ocrx_word' id='word_1_385' title='bbox 3684 2778 3855 2832; x_wconf 76' lang='grc' dir='ltr'>ὅπλον</span> 
     </span>
    </p>
   </div>
   <div class='ocr_carea' id='block_1_56' title="bbox 2264 2869 3853 2944">
    <p class='ocr_par' dir='ltr' id='par_1_56' title="bbox 2264 2869 3853 2944">
     <span class='ocr_line' id='line_1_56' title="bbox 2264 2869 3853 2944; baseline -0.001 -19"><span class='ocrx_word' id='word_1_386' title='bbox 2264 2873 2497 2944; x_wconf 76' lang='grc' dir='ltr'>ἄμαχον,</span> <span class='ocrx_word' id='word_1_387' title='bbox 2546 2873 2752 2941; x_wconf 87' lang='grc' dir='ltr'>κόσμος</span> <span class='ocrx_word' id='word_1_388' title='bbox 2801 2871 3111 2935; x_wconf 78' lang='grc' dir='ltr'>κάλλιστος,</span> <span class='ocrx_word' id='word_1_389' title='bbox 3170 2870 3530 2939; x_wconf 77' lang='grc' dir='ltr'>βασιλεῦσιν,</span> <span class='ocrx_word' id='word_1_390' title='bbox 3583 2869 3853 2934; x_wconf 80' lang='grc' dir='ltr'>ίδιώταις,</span> 
     </span>
    </p>
   </div>
   <div class='ocr_carea' id='block_1_57' title="bbox 2265 2959 3853 3036">
    <p class='ocr_par' dir='ltr' id='par_1_57' title="bbox 2265 2959 3853 3036">
     <span class='ocr_line' id='line_1_57' title="bbox 2265 2959 3853 3036; baseline -0.006 -17"><span class='ocrx_word' id='word_1_391' title='bbox 2265 2965 2548 3036; x_wconf 72' lang='grc' dir='ltr'>ἄρχουσιν,</span> <span class='ocrx_word' id='word_1_392' title='bbox 2578 2963 2927 3034; x_wconf 73' lang='grc' dir='ltr'>ἀρχομένοις,</span> <span class='ocrx_word' id='word_1_393' title='bbox 2975 2962 3369 3034; x_wconf 80' lang='grc' dir='ltr'>στρατιώταις,</span> <span class='ocrx_word' id='word_1_394' title='bbox 3427 2959 3853 3032; x_wconf 77' lang='grc' dir='ltr'>ἀστρατεύτοις,</span> 
     </span>
    </p>
   </div>
   <div class='ocr_carea' id='block_1_58' title="bbox 2269 3051 3852 3127">
    <p class='ocr_par' dir='ltr' id='par_1_58' title="bbox 2269 3051 3852 3127">
     <span class='ocr_line' id='line_1_58' title="bbox 2269 3051 3852 3127; baseline -0.004 -16"><span class='ocrx_word' id='word_1_395' title='bbox 2269 3060 2472 3125; x_wconf 76' lang='grc' dir='ltr'>σοφοῖς,</span> <span class='ocrx_word' id='word_1_396' title='bbox 2528 3057 2794 3127; x_wconf 83' lang='grc' dir='ltr'>ἀμαθέσι,</span> <span class='ocrx_word' id='word_1_397' title='bbox 2857 3058 3176 3126; x_wconf 84' lang='grc' dir='ltr'>μονασταῖς,</span> <span class='ocrx_word' id='word_1_398' title='bbox 3229 3054 3553 3117; x_wconf 75' lang='grc' dir='ltr'>πολιτικοῖς,</span> <span class='ocrx_word' id='word_1_399' title='bbox 3616 3051 3852 3123; x_wconf 72' lang='grc' dir='ltr'>ἱερεῦσι,</span> 
     </span>
    </p>
   </div>
   <div class='ocr_carea' id='block_1_59' title="bbox 2266 3144 3855 3223">
    <p class='ocr_par' dir='ltr' id='par_1_59' title="bbox 2266 3144 3855 3223">
     <span class='ocr_line' id='line_1_59' title="bbox 2266 3144 3855 3223; baseline -0.005 -18"><span class='ocrx_word' id='word_1_400' title='bbox 2266 3153 2494 3216; x_wconf 82' lang='grc' dir='ltr'>λαῖκοῖς,</span> <span class='ocrx_word' id='word_1_401' title='bbox 2526 3149 2890 3223; x_wconf 74' lang='grc' dir='ltr'>ἡπειρώταις,</span> <span class='ocrx_word' id='word_1_402' title='bbox 2948 3148 3268 3217; x_wconf 80' lang='grc' dir='ltr'>νησιώταις,</span> <span class='ocrx_word' id='word_1_403' title='bbox 3314 3149 3604 3218; x_wconf 72' lang='grc' dir='ltr'>γεωργοῖς,</span> <span class='ocrx_word' id='word_1_404' title='bbox 3663 3144 3855 3199; x_wconf 78' lang='grc' dir='ltr'>ναυτί-</span> 
     </span>
    </p>
   </div>
   <div class='ocr_carea' id='block_1_60' title="bbox 580 3239 2160 3315">
    <p class='ocr_par' dir='ltr' id='par_1_60' title="bbox 580 3239 2159 3311">
     <span class='ocr_line' id='line_1_60' title="bbox 580 3239 2159 3311; baseline -0.004 -14"><span class='ocrx_word' id='word_1_405' title='bbox 580 3242 918 3297; x_wconf 90' lang='lat' dir='ltr'><strong>continentis</strong></span> <span class='ocrx_word' id='word_1_406' title='bbox 944 3250 1105 3311; x_wconf 89' lang='lat' dir='ltr'><strong>atque</strong></span> <span class='ocrx_word' id='word_1_407' title='bbox 1135 3241 1429 3303; x_wconf 75' lang='lat' dir='ltr'><strong>insulanis,</strong></span> <span class='ocrx_word' id='word_1_408' title='bbox 1459 3240 1739 3311; x_wconf 79' lang='lat' dir='ltr'><strong>agricolis,</strong></span> <span class='ocrx_word' id='word_1_409' title='bbox 1781 3239 1984 3307; x_wconf 88' lang='lat' dir='ltr'><strong>nautis,</strong></span> <span class='ocrx_word' id='word_1_410' title='bbox 2025 3239 2159 3292; x_wconf 87' lang='lat' dir='ltr'><strong>arti-</strong></span> 
     </span>
    </p>
   </div>
   <div class='ocr_carea' id='block_1_61' title="bbox 2266 3239 3852 3315">
    <p class='ocr_par' dir='ltr' id='par_1_61' title="bbox 2266 3240 3852 3315">
     <span class='ocr_line' id='line_1_61' title="bbox 2266 3240 3852 3315; baseline -0.006 -15"><span class='ocrx_word' id='word_1_411' title='bbox 2266 3248 2398 3313; x_wconf 86' lang='grc' dir='ltr'>λοις,</span> <span class='ocrx_word' id='word_1_412' title='bbox 2429 3245 2721 3315; x_wconf 77' lang='grc' dir='ltr'>τεχνίταις,</span> <span class='ocrx_word' id='word_1_413' title='bbox 2754 3245 3020 3313; x_wconf 72' lang='grc' dir='ltr'>ἀτέκνοις,</span> <span class='ocrx_word' id='word_1_414' title='bbox 3054 3244 3306 3312; x_wconf 82' lang='grc' dir='ltr'>ἀνδράσι,</span> <span class='ocrx_word' id='word_1_415' title='bbox 3337 3240 3577 3311; x_wconf 72' lang='grc' dir='ltr'>γυναιξὶ,</span> <span class='ocrx_word' id='word_1_416' title='bbox 3597 3240 3852 3309; x_wconf 83' lang='grc' dir='ltr'>γέρουσι,</span> 
     </span>
    </p>
   </div>
   <div class='ocr_carea' id='block_1_62' title="bbox 583 3334 2155 3405">
    <p class='ocr_par' dir='ltr' id='par_1_62' title="bbox 583 3334 2155 3405">
     <span class='ocr_line' id='line_1_62' title="bbox 583 3334 2155 3405; baseline 0.001 -18"><span class='ocrx_word' id='word_1_417' title='bbox 583 3336 777 3391; x_wconf 81' lang='lat' dir='ltr'><strong>flcibus</strong></span> <span class='ocrx_word' id='word_1_418' title='bbox 797 3343 851 3389; x_wconf 82' lang='lat' dir='ltr'><strong>et</strong></span> <span class='ocrx_word' id='word_1_419' title='bbox 879 3334 1079 3388; x_wconf 84' lang='lat' dir='ltr'><strong>artium</strong></span> <span class='ocrx_word' id='word_1_420' title='bbox 1104 3334 1333 3405; x_wconf 86' lang='lat' dir='ltr'><strong>ignaris.</strong></span> <span class='ocrx_word' id='word_1_421' title='bbox 1368 3334 1523 3398; x_wconf 88' lang='lat' dir='ltr'><strong>viris,</strong></span> <span class='ocrx_word' id='word_1_422' title='bbox 1543 3334 2155 3399; x_wconf 89' lang='lat' dir='ltr'><strong>mulieribus,senibus,</strong></span> 
     </span>
    </p>
   </div>
   <div class='ocr_carea' id='block_1_63' title="bbox 583 3425 2163 3496">
    <p class='ocr_par' dir='ltr' id='par_1_63' title="bbox 583 3425 2163 3496">
     <span class='ocr_line' id='line_1_63' title="bbox 583 3425 2163 3496; baseline -0.001 -14"><span class='ocrx_word' id='word_1_423' title='bbox 583 3428 1027 3483; x_wconf 78' lang='lat' dir='ltr'><strong>adolescentibus</strong></span> <span class='ocrx_word' id='word_1_424' title='bbox 1060 3446 1075 3482; x_wconf 90' lang='lat'><strong>:</strong></span> <span class='ocrx_word' id='word_1_425' title='bbox 1129 3427 1279 3481; x_wconf 90' lang='lat' dir='ltr'><strong>omni</strong></span> <span class='ocrx_word' id='word_1_426' title='bbox 1306 3427 1547 3496; x_wconf 87' lang='lat' dir='ltr'><strong>denique</strong></span> <span class='ocrx_word' id='word_1_427' title='bbox 1580 3435 1808 3491; x_wconf 71' lang='lat' dir='ltr'><strong>naturaz,</strong></span> <span class='ocrx_word' id='word_1_428' title='bbox 1852 3425 2022 3489; x_wconf 68' lang='lat' dir='ltr'><strong>artati,</strong></span> <span class='ocrx_word' id='word_1_429' title='bbox 2050 3427 2163 3481; x_wconf 83' lang='lat' dir='ltr'><strong>for-</strong></span> 
     </span>
    </p>
   </div>
   <div class='ocr_carea' id='block_1_64' title="bbox 582 3519 2163 3591">
    <p class='ocr_par' dir='ltr' id='par_1_64' title="bbox 582 3519 2163 3591">
     <span class='ocr_line' id='line_1_64' title="bbox 582 3519 2163 3591; baseline -0.001 -16"><span class='ocrx_word' id='word_1_430' title='bbox 582 3534 750 3585; x_wconf 73' lang='lat' dir='ltr'><strong>tunae,</strong></span> <span class='ocrx_word' id='word_1_431' title='bbox 810 3521 1116 3591; x_wconf 89' lang='lat' dir='ltr'><strong>proposito.</strong></span> <span class='ocrx_word' id='word_1_432' title='bbox 1166 3530 1219 3574; x_wconf 91' lang='lat' dir='ltr'><strong>et</strong></span> <span class='ocrx_word' id='word_1_433' title='bbox 1273 3519 1644 3574; x_wconf 85' lang='lat' dir='ltr'><strong>communiter</strong></span> <span class='ocrx_word' id='word_1_434' title='bbox 1701 3529 1755 3573; x_wconf 92' lang='lat' dir='ltr'><strong>et</strong></span> <span class='ocrx_word' id='word_1_435' title='bbox 1810 3520 2065 3587; x_wconf 81' lang='lat' dir='ltr'><strong>privatim</strong></span> <span class='ocrx_word' id='word_1_436' title='bbox 2108 3529 2163 3573; x_wconf 90' lang='lat' dir='ltr'><strong>et</strong></span> 
     </span>
    </p>
   </div>
   <div class='ocr_carea' id='block_1_65' title="bbox 584 3610 2163 3681">
    <p class='ocr_par' dir='ltr' id='par_1_65' title="bbox 584 3610 2163 3681">
     <span class='ocr_line' id='line_1_65' title="bbox 584 3610 2163 3681; baseline -0.001 -16"><span class='ocrx_word' id='word_1_437' title='bbox 584 3627 823 3681; x_wconf 89' lang='lat' dir='ltr'><strong>semper,</strong></span> <span class='ocrx_word' id='word_1_438' title='bbox 867 3620 974 3665; x_wconf 85' lang='lat' dir='ltr'><strong>tam</strong></span> <span class='ocrx_word' id='word_1_439' title='bbox 1016 3611 1161 3665; x_wconf 88' lang='lat' dir='ltr'><strong>domi</strong></span> <span class='ocrx_word' id='word_1_440' title='bbox 1204 3626 1369 3679; x_wconf 87' lang='lat' dir='ltr'><strong>quam</strong></span> <span class='ocrx_word' id='word_1_441' title='bbox 1418 3610 1472 3663; x_wconf 92' lang='lat' dir='ltr'><strong>in</strong></span> <span class='ocrx_word' id='word_1_442' title='bbox 1522 3610 1665 3675; x_wconf 88' lang='lat' dir='ltr'><strong>foro,</strong></span> <span class='ocrx_word' id='word_1_443' title='bbox 1708 3610 1761 3663; x_wconf 92' lang='lat' dir='ltr'><strong>in</strong></span> <span class='ocrx_word' id='word_1_444' title='bbox 1792 3610 2065 3674; x_wconf 84' lang='lat' dir='ltr'><strong>ecclesiis,</strong></span> <span class='ocrx_word' id='word_1_445' title='bbox 2108 3613 2163 3665; x_wconf 87' lang='lat' dir='ltr'><strong>in</strong></span> 
     </span>
    </p>
   </div>
   <div class='ocr_carea' id='block_1_66' title="bbox 580 3702 2163 3773">
    <p class='ocr_par' dir='ltr' id='par_1_66' title="bbox 580 3702 2163 3773">
     <span class='ocr_line' id='line_1_66' title="bbox 580 3702 2163 3773; baseline 0.003 -18"><span class='ocrx_word' id='word_1_446' title='bbox 580 3705 752 3773; x_wconf 81' lang='lat' dir='ltr'><strong>agris,</strong></span> <span class='ocrx_word' id='word_1_447' title='bbox 789 3704 843 3757; x_wconf 92' lang='lat' dir='ltr'><strong>in</strong></span> <span class='ocrx_word' id='word_1_448' title='bbox 874 3702 1287 3769; x_wconf 87' lang='lat' dir='ltr'><strong>solitudinibus,</strong></span> <span class='ocrx_word' id='word_1_449' title='bbox 1322 3703 1377 3757; x_wconf 91' lang='lat' dir='ltr'><strong>in</strong></span> <span class='ocrx_word' id='word_1_450' title='bbox 1414 3702 1705 3757; x_wconf 85' lang='lat' dir='ltr'><strong>itineribus</strong></span> <span class='ocrx_word' id='word_1_451' title='bbox 1733 3710 1788 3758; x_wconf 90' lang='lat' dir='ltr'><strong>et</strong></span> <span class='ocrx_word' id='word_1_452' title='bbox 1826 3702 2084 3760; x_wconf 90' lang='lat' dir='ltr'><strong>omnibus</strong></span> <span class='ocrx_word' id='word_1_453' title='bbox 2108 3704 2163 3759; x_wconf 91' lang='lat' dir='ltr'><strong>in</strong></span> 
     </span>
    </p>
   </div>
   <div class='ocr_carea' id='block_1_67' title="bbox 584 3796 2165 3865">
    <p class='ocr_par' dir='ltr' id='par_1_67' title="bbox 584 3796 2165 3865">
     <span class='ocr_line' id='line_1_67' title="bbox 584 3796 2165 3865; baseline 0.002 -18"><span class='ocrx_word' id='word_1_454' title='bbox 584 3798 767 3852; x_wconf 89' lang='lat' dir='ltr'><strong>locis:</strong></span> <span class='ocrx_word' id='word_1_455' title='bbox 820 3804 875 3851; x_wconf 87' lang='lat' dir='ltr'><strong>et</strong></span> <span class='ocrx_word' id='word_1_456' title='bbox 900 3808 1001 3853; x_wconf 57' lang='lat' dir='ltr'><strong>est</strong></span> <span class='ocrx_word' id='word_1_457' title='bbox 1059 3796 1298 3865; x_wconf 86' lang='lat' dir='ltr'><strong>denique</strong></span> <span class='ocrx_word' id='word_1_458' title='bbox 1355 3797 1517 3851; x_wconf 80' lang='lat' dir='ltr'><strong>sicuti</strong></span> <span class='ocrx_word' id='word_1_459' title='bbox 1572 3796 1716 3852; x_wconf 90' lang='lat' dir='ltr'><strong>aeris</strong></span> <span class='ocrx_word' id='word_1_460' title='bbox 1765 3796 2021 3865; x_wconf 85' lang='lat' dir='ltr'><strong>Spiratio,</strong></span> <span class='ocrx_word' id='word_1_461' title='bbox 2070 3803 2165 3851; x_wconf 85' lang='lat' dir='ltr'><strong>aut</strong></span> 
     </span>
    </p>
   </div>
   <div class='ocr_carea' id='block_1_68' title="bbox 584 3888 2165 3959">
    <p class='ocr_par' dir='ltr' id='par_1_68' title="bbox 584 3888 2165 3959">
     <span class='ocr_line' id='line_1_68' title="bbox 584 3888 2165 3959; baseline 0.001 -17"><span class='ocrx_word' id='word_1_462' title='bbox 584 3890 727 3944; x_wconf 90' lang='lat' dir='ltr'><strong>lucis</strong></span> <span class='ocrx_word' id='word_1_463' title='bbox 754 3889 972 3953; x_wconf 79' lang='lat' dir='ltr'><strong>effusio,</strong></span> <span class='ocrx_word' id='word_1_464' title='bbox 994 3898 1087 3943; x_wconf 88' lang='lat' dir='ltr'><strong>aut</strong></span> <span class='ocrx_word' id='word_1_465' title='bbox 1113 3904 1243 3945; x_wconf 88' lang='lat' dir='ltr'><strong>usus</strong></span> <span class='ocrx_word' id='word_1_466' title='bbox 1285 3888 1426 3958; x_wconf 88' lang='lat' dir='ltr'><strong>ignis</strong></span> <span class='ocrx_word' id='word_1_467' title='bbox 1456 3898 1509 3945; x_wconf 91' lang='lat' dir='ltr'><strong>et</strong></span> <span class='ocrx_word' id='word_1_468' title='bbox 1541 3903 1717 3957; x_wconf 61' lang='lat' dir='ltr'><strong>aqum,</strong></span> <span class='ocrx_word' id='word_1_469' title='bbox 1758 3896 1853 3943; x_wconf 90' lang='lat' dir='ltr'><strong>aut</strong></span> <span class='ocrx_word' id='word_1_470' title='bbox 1880 3890 2165 3959; x_wconf 72' lang='lat' dir='ltr'><strong>quodcun-</strong></span> 
     </span>
    </p>
   </div>
   <div class='ocr_carea' id='block_1_69' title="bbox 582 3980 2167 4051">
    <p class='ocr_par' dir='ltr' id='par_1_69' title="bbox 582 3980 2167 4051">
     <span class='ocr_line' id='line_1_69' title="bbox 582 3980 2167 4051; baseline 0.001 -17"><span class='ocrx_word' id='word_1_471' title='bbox 582 3997 693 4051; x_wconf 89' lang='lat' dir='ltr'><strong>que</strong></span> <span class='ocrx_word' id='word_1_472' title='bbox 732 3980 880 4036; x_wconf 82' lang='lat' dir='ltr'><strong>aliud</strong></span> <span class='ocrx_word' id='word_1_473' title='bbox 937 3996 1130 4036; x_wconf 88' lang='lat' dir='ltr'><strong>eorum</strong></span> <span class='ocrx_word' id='word_1_474' title='bbox 1165 3996 1285 4051; x_wconf 69' lang='lat' dir='ltr'><strong>qua:</strong></span> <span class='ocrx_word' id='word_1_475' title='bbox 1334 3981 1490 4036; x_wconf 88' lang='lat' dir='ltr'><strong>valde</strong></span> <span class='ocrx_word' id='word_1_476' title='bbox 1558 3982 1871 4035; x_wconf 90' lang='lat' dir='ltr'><strong>communia</strong></span> <span class='ocrx_word' id='word_1_477' title='bbox 1930 3990 2062 4037; x_wconf 86' lang='lat' dir='ltr'><strong>sunt</strong></span> <span class='ocrx_word' id='word_1_478' title='bbox 2112 3991 2167 4036; x_wconf 84' lang='lat' dir='ltr'><strong>et</strong></span> 
     </span>
    </p>
   </div>
   <div class='ocr_carea' id='block_1_70' title="bbox 585 4073 2163 4143">
    <p class='ocr_par' dir='ltr' id='par_1_70' title="bbox 585 4073 2163 4143">
     <span class='ocr_line' id='line_1_70' title="bbox 585 4073 2163 4143; baseline -0.002 -14"><span class='ocrx_word' id='word_1_479' title='bbox 585 4076 763 4130; x_wconf 88' lang='lat' dir='ltr'><strong>utilia.</strong></span> <span class='ocrx_word' id='word_1_480' title='bbox 816 4073 1084 4141; x_wconf 86' lang='lat' dir='ltr'><strong>Quodque</strong></span> <span class='ocrx_word' id='word_1_481' title='bbox 1117 4074 1483 4129; x_wconf 86' lang='lat' dir='ltr'><strong>admiratione</strong></span> <span class='ocrx_word' id='word_1_482' title='bbox 1534 4074 1767 4128; x_wconf 80' lang='lat' dir='ltr'><strong>maxime</strong></span> <span class='ocrx_word' id='word_1_483' title='bbox 1791 4074 2018 4143; x_wconf 84' lang='lat' dir='ltr'><strong>dignum</strong></span> <span class='ocrx_word' id='word_1_484' title='bbox 2055 4082 2163 4137; x_wconf 87' lang='lat' dir='ltr'><strong>cst,</strong></span> 
     </span>
    </p>
   </div>
   <div class='ocr_carea' id='block_1_71' title="bbox 581 4169 2167 4239">
    <p class='ocr_par' dir='ltr' id='par_1_71' title="bbox 581 4169 2167 4239">
     <span class='ocr_line' id='line_1_71' title="bbox 581 4169 2167 4239; baseline 0.001 -15"><span class='ocrx_word' id='word_1_485' title='bbox 581 4171 922 4239; x_wconf 83' lang='lat' dir='ltr'><strong>psalmorum</strong></span> <span class='ocrx_word' id='word_1_486' title='bbox 952 4169 1146 4223; x_wconf 82' lang='lat' dir='ltr'><strong>cantus</strong></span> <span class='ocrx_word' id='word_1_487' title='bbox 1196 4184 1302 4222; x_wconf 91' lang='lat' dir='ltr'><strong>non</strong></span> <span class='ocrx_word' id='word_1_488' title='bbox 1326 4169 1675 4238; x_wconf 90' lang='lat' dir='ltr'><strong>interrumpit</strong></span> <span class='ocrx_word' id='word_1_489' title='bbox 1704 4184 1882 4239; x_wconf 87' lang='lat' dir='ltr'><strong>neque</strong></span> <span class='ocrx_word' id='word_1_490' title='bbox 1906 4169 2167 4225; x_wconf 86' lang='lat' dir='ltr'><strong>distrahit</strong></span> 
     </span>
    </p>
   </div>
   <div class='ocr_carea' id='block_1_72' title="bbox 584 4261 2164 4331">
    <p class='ocr_par' dir='ltr' id='par_1_72' title="bbox 584 4261 2164 4331">
     <span class='ocr_line' id='line_1_72' title="bbox 584 4261 2164 4331; baseline 0.002 -17"><span class='ocrx_word' id='word_1_491' title='bbox 584 4262 653 4315; x_wconf 88' lang='lat' dir='ltr'><strong>ab</strong></span> <span class='ocrx_word' id='word_1_492' title='bbox 683 4262 946 4331; x_wconf 88' lang='lat' dir='ltr'><strong>operibus</strong></span> <span class='ocrx_word' id='word_1_493' title='bbox 975 4280 987 4315; x_wconf 91' lang='lat'>:</span> <span class='ocrx_word' id='word_1_494' title='bbox 1024 4261 1271 4329; x_wconf 86' lang='lat' dir='ltr'><strong>quinimo</strong></span> <span class='ocrx_word' id='word_1_495' title='bbox 1306 4262 1685 4328; x_wconf 88' lang='lat' dir='ltr'><strong>operantibus,</strong></span> <span class='ocrx_word' id='word_1_496' title='bbox 1738 4263 1854 4331; x_wconf 88' lang='lat' dir='ltr'><strong>ipsa</strong></span> <span class='ocrx_word' id='word_1_497' title='bbox 1890 4262 2164 4317; x_wconf 80' lang='lat' dir='ltr'><strong>suavitate</strong></span> 
     </span>
    </p>
   </div>
   <div class='ocr_carea' id='block_1_73' title="bbox 583 4354 2163 4424">
    <p class='ocr_par' dir='ltr' id='par_1_73' title="bbox 583 4354 2163 4424">
     <span class='ocr_line' id='line_1_73' title="bbox 583 4354 2163 4424; baseline 0.001 -17"><span class='ocrx_word' id='word_1_498' title='bbox 583 4369 650 4407; x_wconf 93' lang='lat' dir='ltr'><strong>ac</strong></span> <span class='ocrx_word' id='word_1_499' title='bbox 711 4354 967 4416; x_wconf 88' lang='lat' dir='ltr'><strong>melodia,</strong></span> <span class='ocrx_word' id='word_1_500' title='bbox 1030 4355 1406 4408; x_wconf 86' lang='lat' dir='ltr'><strong>austeritatem</strong></span> <span class='ocrx_word' id='word_1_501' title='bbox 1462 4354 1595 4407; x_wconf 87' lang='lat' dir='ltr'><strong>lenit</strong></span> <span class='ocrx_word' id='word_1_502' title='bbox 1640 4354 1890 4408; x_wconf 83' lang='lat' dir='ltr'><strong>laborum</strong></span> <span class='ocrx_word' id='word_1_503' title='bbox 1924 4370 2163 4424; x_wconf 88' lang='lat' dir='ltr'><strong>quorum</strong></span> 
     </span>
    </p>
   </div>
   <div class='ocr_carea' id='block_1_74' title="bbox 581 4444 2166 4515">
    <p class='ocr_par' dir='ltr' id='par_1_74' title="bbox 581 4444 2166 4515">
     <span class='ocr_line' id='line_1_74' title="bbox 581 4444 2166 4515; baseline 0 -16"><span class='ocrx_word' id='word_1_504' title='bbox 581 4445 827 4499; x_wconf 90' lang='lat' dir='ltr'><strong>omnium</strong></span> <span class='ocrx_word' id='word_1_505' title='bbox 871 4460 1016 4500; x_wconf 88' lang='lat' dir='ltr'><strong>unus</strong></span> <span class='ocrx_word' id='word_1_506' title='bbox 1046 4456 1131 4499; x_wconf 91' lang='lat' dir='ltr'><strong>est</strong></span> <span class='ocrx_word' id='word_1_507' title='bbox 1158 4444 1282 4499; x_wconf 84' lang='lat' dir='ltr'><strong>linis</strong></span> <span class='ocrx_word' id='word_1_508' title='bbox 1315 4462 1329 4498; x_wconf 94' lang='lat'>:</span> <span class='ocrx_word' id='word_1_509' title='bbox 1383 4453 1439 4498; x_wconf 93' lang='lat' dir='ltr'><strong>ut</strong></span> <span class='ocrx_word' id='word_1_510' title='bbox 1474 4445 1691 4499; x_wconf 89' lang='lat' dir='ltr'><strong>scilicet</strong></span> <span class='ocrx_word' id='word_1_511' title='bbox 1722 4446 2036 4515; x_wconf 74' lang='lat' dir='ltr'><strong>huiusmodi</strong></span> <span class='ocrx_word' id='word_1_512' title='bbox 2079 4447 2166 4500; x_wconf 77' lang='lat' dir='ltr'><strong>tli-</strong></span> 
     </span>
    </p>
   </div>
   <div class='ocr_carea' id='block_1_75' title="bbox 581 4534 2165 4604">
    <p class='ocr_par' dir='ltr' id='par_1_75' title="bbox 581 4534 2165 4604">
     <span class='ocr_line' id='line_1_75' title="bbox 581 4534 2165 4604; baseline 0.003 -14"><span class='ocrx_word' id='word_1_513' title='bbox 581 4534 831 4604; x_wconf 87' lang='lat' dir='ltr'><strong>scipulus</strong></span> <span class='ocrx_word' id='word_1_514' title='bbox 880 4536 1078 4599; x_wconf 88' lang='lat' dir='ltr'><strong>bonus,</strong></span> <span class='ocrx_word' id='word_1_515' title='bbox 1104 4537 1322 4603; x_wconf 87' lang='lat' dir='ltr'><strong>sapiens</strong></span> <span class='ocrx_word' id='word_1_516' title='bbox 1342 4535 1629 4599; x_wconf 74' lang='lat' dir='ltr'><strong>efﬁciatur,</strong></span> <span class='ocrx_word' id='word_1_517' title='bbox 1658 4544 1711 4590; x_wconf 93' lang='lat' dir='ltr'><strong>et</strong></span> <span class='ocrx_word' id='word_1_518' title='bbox 1744 4535 1906 4592; x_wconf 89' lang='lat' dir='ltr'><strong>Deus.</strong></span> <span class='ocrx_word' id='word_1_519' title='bbox 1931 4538 2165 4595; x_wconf 85' lang='lat' dir='ltr'><strong>Abunde</strong></span> 
     </span>
    </p>
   </div>
   <div class='ocr_carea' id='block_1_76' title="bbox 582 4627 2163 4700">
    <p class='ocr_par' dir='ltr' id='par_1_76' title="bbox 582 4627 2163 4700">
     <span class='ocr_line' id='line_1_76' title="bbox 582 4627 2163 4700; baseline 0.004 -20"><span class='ocrx_word' id='word_1_520' title='bbox 582 4627 751 4697; x_wconf 82' lang='lat' dir='ltr'><strong>igitur</strong></span> <span class='ocrx_word' id='word_1_521' title='bbox 772 4628 1011 4683; x_wconf 75' lang='lat' dir='ltr'><strong>diximus</strong></span> <span class='ocrx_word' id='word_1_522' title='bbox 1046 4644 1295 4698; x_wconf 69' lang='lat' dir='ltr'><strong>quaenam</strong></span> <span class='ocrx_word' id='word_1_523' title='bbox 1343 4638 1397 4682; x_wconf 92' lang='lat' dir='ltr'><strong>et</strong></span> <span class='ocrx_word' id='word_1_524' title='bbox 1447 4639 1582 4696; x_wconf 90' lang='lat' dir='ltr'><strong>quot</strong></span> <span class='ocrx_word' id='word_1_525' title='bbox 1626 4629 1737 4683; x_wconf 88' lang='lat' dir='ltr'><strong>sint</strong></span> <span class='ocrx_word' id='word_1_526' title='bbox 1765 4629 1929 4699; x_wconf 80' lang='lat' dir='ltr'><strong>hujus</strong></span> <span class='ocrx_word' id='word_1_527' title='bbox 1977 4632 2163 4700; x_wconf 87' lang='lat' dir='ltr'><strong>operis</strong></span> 
     </span>
    </p>
   </div>
   <div class='ocr_carea' id='block_1_77' title="bbox 581 4720 2162 4792">
    <p class='ocr_par' dir='ltr' id='par_1_77' title="bbox 581 4720 2162 4792">
     <span class='ocr_line' id='line_1_77' title="bbox 581 4720 2162 4792; baseline -0.003 -17"><span class='ocrx_word' id='word_1_528' title='bbox 581 4720 941 4786; x_wconf 81' lang='lat' dir='ltr'><strong>intentiones,</strong></span> <span class='ocrx_word' id='word_1_529' title='bbox 982 4729 1033 4775; x_wconf 88' lang='lat' dir='ltr'><strong>et</strong></span> <span class='ocrx_word' id='word_1_530' title='bbox 1065 4730 1267 4791; x_wconf 88' lang='lat' dir='ltr'><strong>quanta</strong></span> <span class='ocrx_word' id='word_1_531' title='bbox 1297 4735 1361 4773; x_wconf 81' lang='lat' dir='ltr'><strong>ex</strong></span> <span class='ocrx_word' id='word_1_532' title='bbox 1395 4720 1481 4775; x_wconf 86' lang='lat' dir='ltr'><strong>his</strong></span> <span class='ocrx_word' id='word_1_533' title='bbox 1518 4722 1807 4775; x_wconf 87' lang='lat' dir='ltr'><strong>commoda</strong></span> <span class='ocrx_word' id='word_1_534' title='bbox 1848 4736 2162 4792; x_wconf 84' lang='lat' dir='ltr'><strong>consequa.</strong></span> 
     </span>
    </p>
   </div>
   <div class='ocr_carea' id='block_1_78' title="bbox 580 4810 2159 4881">
    <p class='ocr_par' dir='ltr' id='par_1_78' title="bbox 580 4810 2159 4881">
     <span class='ocr_line' id='line_1_78' title="bbox 580 4810 2159 4881; baseline 0.001 -15"><span class='ocrx_word' id='word_1_535' title='bbox 580 4828 727 4873; x_wconf 89' lang='lat' dir='ltr'><strong>mur,</strong></span> <span class='ocrx_word' id='word_1_536' title='bbox 784 4820 840 4867; x_wconf 89' lang='lat' dir='ltr'><strong>et</strong></span> <span class='ocrx_word' id='word_1_537' title='bbox 883 4813 1007 4881; x_wconf 90' lang='lat' dir='ltr'><strong>quis</strong></span> <span class='ocrx_word' id='word_1_538' title='bbox 1050 4812 1195 4866; x_wconf 85' lang='lat' dir='ltr'><strong>fluis.</strong></span> <span class='ocrx_word' id='word_1_539' title='bbox 1250 4810 1440 4865; x_wconf 80' lang='lat' dir='ltr'><strong>Restat</strong></span> <span class='ocrx_word' id='word_1_540' title='bbox 1504 4826 1651 4865; x_wconf 90' lang='lat' dir='ltr'><strong>nunc</strong></span> <span class='ocrx_word' id='word_1_541' title='bbox 1692 4821 1751 4865; x_wconf 91' lang='lat' dir='ltr'><strong>ut</strong></span> <span class='ocrx_word' id='word_1_542' title='bbox 1791 4811 2159 4880; x_wconf 81' lang='lat' dir='ltr'><strong>disseramus,</strong></span> 
     </span>
    </p>
   </div>
   <div class='ocr_carea' id='block_1_79' title="bbox 580 4903 2161 4976">
    <p class='ocr_par' dir='ltr' id='par_1_79' title="bbox 580 4903 2161 4976">
     <span class='ocr_line' id='line_1_79' title="bbox 580 4903 2161 4976; baseline 0.003 -18"><span class='ocrx_word' id='word_1_543' title='bbox 580 4920 649 4958; x_wconf 91' lang='lat' dir='ltr'><strong>an</strong></span> <span class='ocrx_word' id='word_1_544' title='bbox 686 4906 942 4976; x_wconf 89' lang='lat' dir='ltr'><strong>proprius</strong></span> <span class='ocrx_word' id='word_1_545' title='bbox 966 4906 1036 4959; x_wconf 91' lang='lat' dir='ltr'><strong>sit</strong></span> <span class='ocrx_word' id='word_1_546' title='bbox 1069 4906 1156 4958; x_wconf 90' lang='lat' dir='ltr'><strong>hic</strong></span> <span class='ocrx_word' id='word_1_547' title='bbox 1194 4905 1330 4958; x_wconf 89' lang='lat' dir='ltr'><strong>liber</strong></span> <span class='ocrx_word' id='word_1_548' title='bbox 1362 4903 1502 4958; x_wconf 85' lang='lat' dir='ltr'><strong>beati</strong></span> <span class='ocrx_word' id='word_1_549' title='bbox 1540 4904 1731 4969; x_wconf 83' lang='lat' dir='ltr'><strong>David,</strong></span> <span class='ocrx_word' id='word_1_550' title='bbox 1768 4916 1823 4959; x_wconf 91' lang='lat' dir='ltr'><strong>et</strong></span> <span class='ocrx_word' id='word_1_551' title='bbox 1850 4905 1918 4960; x_wconf 90' lang='lat' dir='ltr'><strong>ab</strong></span> <span class='ocrx_word' id='word_1_552' title='bbox 1942 4920 2009 4959; x_wconf 89' lang='lat' dir='ltr'><strong>eo</strong></span> <span class='ocrx_word' id='word_1_553' title='bbox 2041 4908 2161 4963; x_wconf 92' lang='lat' dir='ltr'><strong>solo</strong></span> 
     </span>
    </p>
   </div>
   <div class='ocr_carea' id='block_1_80' title="bbox 578 4997 2157 5071">
    <p class='ocr_par' dir='ltr' id='par_1_80' title="bbox 578 4997 2157 5071">
     <span class='ocr_line' id='line_1_80' title="bbox 578 4997 2157 5071; baseline 0.002 -18"><span class='ocrx_word' id='word_1_554' title='bbox 578 4998 864 5055; x_wconf 82' lang='lat' dir='ltr'><strong>confectus</strong></span> <span class='ocrx_word' id='word_1_555' title='bbox 896 4999 987 5071; x_wconf 85' lang='lat' dir='ltr'><strong>[an</strong></span> <span class='ocrx_word' id='word_1_556' title='bbox 1011 5000 1173 5053; x_wconf 85' lang='lat' dir='ltr'><strong>etiam</strong></span> <span class='ocrx_word' id='word_1_557' title='bbox 1203 5001 1271 5051; x_wconf 92' lang='lat' dir='ltr'><strong>ab</strong></span> <span class='ocrx_word' id='word_1_558' title='bbox 1305 4997 1451 5070; x_wconf 90' lang='lat' dir='ltr'><strong>aliis]</strong></span> <span class='ocrx_word' id='word_1_559' title='bbox 1484 5015 1497 5051; x_wconf 91' lang='lat'><strong>:</strong></span> <span class='ocrx_word' id='word_1_560' title='bbox 1529 5013 1692 5067; x_wconf 88' lang='lat' dir='ltr'><strong>quam</strong></span> <span class='ocrx_word' id='word_1_561' title='bbox 1736 5000 2157 5069; x_wconf 86' lang='lat' dir='ltr'><strong>appellationem</strong></span> 
     </span>
    </p>
   </div>
   <div class='ocr_carea' id='block_1_81' title="bbox 582 5090 2158 5164">
    <p class='ocr_par' dir='ltr' id='par_1_81' title="bbox 582 5090 2158 5164">
     <span class='ocr_line' id='line_1_81' title="bbox 582 5090 2158 5164; baseline 0.001 -19"><span class='ocrx_word' id='word_1_562' title='bbox 582 5092 801 5147; x_wconf 88' lang='lat' dir='ltr'><strong>habeat.</strong></span> <span class='ocrx_word' id='word_1_563' title='bbox 845 5091 984 5158; x_wconf 85' lang='lat' dir='ltr'><strong>Quid</strong></span> <span class='ocrx_word' id='word_1_564' title='bbox 1041 5092 1107 5147; x_wconf 88' lang='lat' dir='ltr'><strong>sit</strong></span> <span class='ocrx_word' id='word_1_565' title='bbox 1160 5090 1510 5160; x_wconf 73' lang='lat' dir='ltr'><strong>psalterium,</strong></span> <span class='ocrx_word' id='word_1_566' title='bbox 1566 5092 1693 5158; x_wconf 86' lang='lat' dir='ltr'><strong>quid</strong></span> <span class='ocrx_word' id='word_1_567' title='bbox 1742 5096 1976 5161; x_wconf 80' lang='lat' dir='ltr'><strong>psaltus,</strong></span> <span class='ocrx_word' id='word_1_568' title='bbox 2026 5092 2158 5164; x_wconf 75' lang='lat' dir='ltr'><strong>quid</strong></span> 
     </span>
    </p>
   </div>
   <div class='ocr_carea' id='block_1_82' title="bbox 578 5178 2157 5256">
    <p class='ocr_par' dir='ltr' id='par_1_82' title="bbox 578 5178 2157 5256">
     <span class='ocr_line' id='line_1_82' title="bbox 578 5178 2157 5256; baseline 0.004 -23"><span class='ocrx_word' id='word_1_569' title='bbox 578 5180 848 5249; x_wconf 85' lang='lat' dir='ltr'><strong>psalmus,</strong></span> <span class='ocrx_word' id='word_1_570' title='bbox 899 5181 1029 5248; x_wconf 87' lang='lat' dir='ltr'><strong>quid</strong></span> <span class='ocrx_word' id='word_1_571' title='bbox 1066 5178 1407 5248; x_wconf 79' lang='lat' dir='ltr'><strong>psalmodiis,</strong></span> <span class='ocrx_word' id='word_1_572' title='bbox 1451 5180 1582 5249; x_wconf 90' lang='lat' dir='ltr'><strong>quid</strong></span> <span class='ocrx_word' id='word_1_573' title='bbox 1635 5180 1969 5249; x_wconf 86' lang='lat' dir='ltr'><strong>diapsalma,</strong></span> <span class='ocrx_word' id='word_1_574' title='bbox 2018 5184 2157 5256; x_wconf 86' lang='lat' dir='ltr'><strong>quid</strong></span> 
     </span>
    </p>
   </div>
   <div class='ocr_carea' id='block_1_83' title="bbox 577 5271 2155 5342">
    <p class='ocr_par' dir='ltr' id='par_1_83' title="bbox 577 5271 2155 5342">
     <span class='ocr_line' id='line_1_83' title="bbox 577 5271 2155 5342; baseline 0.003 -16"><span class='ocrx_word' id='word_1_575' title='bbox 577 5271 1027 5341; x_wconf 88' lang='lat' dir='ltr'><strong>canticum,quid</strong></span> <span class='ocrx_word' id='word_1_576' title='bbox 1059 5272 1318 5342; x_wconf 84' lang='lat' dir='ltr'><strong>hymnus,</strong></span> <span class='ocrx_word' id='word_1_577' title='bbox 1349 5271 1479 5339; x_wconf 83' lang='lat' dir='ltr'><strong>quid</strong></span> <span class='ocrx_word' id='word_1_578' title='bbox 1517 5271 1657 5337; x_wconf 87' lang='lat' dir='ltr'><strong>laus,</strong></span> <span class='ocrx_word' id='word_1_579' title='bbox 1694 5273 1823 5341; x_wconf 91' lang='lat' dir='ltr'><strong>quid</strong></span> <span class='ocrx_word' id='word_1_580' title='bbox 1852 5274 2155 5340; x_wconf 82' lang='lat' dir='ltr'><strong>confessio,</strong></span> 
     </span>
    </p>
   </div>
   <div class='ocr_carea' id='block_1_84' title="bbox 579 5362 2154 5435">
    <p class='ocr_par' dir='ltr' id='par_1_84' title="bbox 579 5362 2154 5435">
     <span class='ocr_line' id='line_1_84' title="bbox 579 5362 2154 5435; baseline 0.003 -17"><span class='ocrx_word' id='word_1_581' title='bbox 579 5364 714 5433; x_wconf 92' lang='lat' dir='ltr'><strong>quid</strong></span> <span class='ocrx_word' id='word_1_582' title='bbox 754 5364 953 5427; x_wconf 90' lang='lat' dir='ltr'><strong>oratio,</strong></span> <span class='ocrx_word' id='word_1_583' title='bbox 1010 5364 1141 5431; x_wconf 88' lang='lat' dir='ltr'><strong>quid</strong></span> <span class='ocrx_word' id='word_1_584' title='bbox 1179 5373 1386 5427; x_wconf 81' lang='lat' dir='ltr'><strong>votum,</strong></span> <span class='ocrx_word' id='word_1_585' title='bbox 1420 5362 1552 5433; x_wconf 90' lang='lat' dir='ltr'><strong>quid</strong></span> <span class='ocrx_word' id='word_1_586' title='bbox 1595 5364 1870 5418; x_wconf 88' lang='lat' dir='ltr'><strong>canticum</strong></span> <span class='ocrx_word' id='word_1_587' title='bbox 1913 5368 2107 5435; x_wconf 89' lang='lat' dir='ltr'><strong>psalmi</strong></span> <span class='ocrx_word' id='word_1_588' title='bbox 2142 5387 2154 5422; x_wconf 91' lang='lat'>:</span> 
     </span>
    </p>
   </div>
   <div class='ocr_carea' id='block_1_85' title="bbox 580 5454 2159 5527">
    <p class='ocr_par' dir='ltr' id='par_1_85' title="bbox 580 5454 2159 5527">
     <span class='ocr_line' id='line_1_85' title="bbox 580 5454 2159 5527; baseline 0.002 -16"><span class='ocrx_word' id='word_1_589' title='bbox 580 5458 715 5527; x_wconf 87' lang='lat' dir='ltr'><strong>quid</strong></span> <span class='ocrx_word' id='word_1_590' title='bbox 743 5460 985 5527; x_wconf 87' lang='lat' dir='ltr'><strong>psalmus</strong></span> <span class='ocrx_word' id='word_1_591' title='bbox 1016 5456 1215 5511; x_wconf 89' lang='lat' dir='ltr'><strong>cantici</strong></span> <span class='ocrx_word' id='word_1_592' title='bbox 1242 5472 1256 5508; x_wconf 85' lang='lat'><strong>:</strong></span> <span class='ocrx_word' id='word_1_593' title='bbox 1288 5466 1417 5523; x_wconf 88' lang='lat' dir='ltr'><strong>quot</strong></span> <span class='ocrx_word' id='word_1_594' title='bbox 1444 5454 1551 5511; x_wconf 87' lang='lat' dir='ltr'><strong>sint</strong></span> <span class='ocrx_word' id='word_1_595' title='bbox 1578 5456 1769 5524; x_wconf 88' lang='lat' dir='ltr'><strong>psalmi</strong></span> <span class='ocrx_word' id='word_1_596' title='bbox 1794 5465 1848 5510; x_wconf 90' lang='lat' dir='ltr'><strong>et</strong></span> <span class='ocrx_word' id='word_1_597' title='bbox 1880 5473 2049 5527; x_wconf 89' lang='lat' dir='ltr'><strong>quare</strong></span> <span class='ocrx_word' id='word_1_598' title='bbox 2080 5468 2159 5514; x_wconf 88' lang='lat' dir='ltr'><strong>t0t</strong></span> 
     </span>
    </p>
   </div>
   <div class='ocr_carea' id='block_1_86' title="bbox 582 5548 2155 5619">
    <p class='ocr_par' dir='ltr' id='par_1_86' title="bbox 582 5548 2155 5619">
     <span class='ocr_line' id='line_1_86' title="bbox 582 5548 2155 5619; baseline 0.003 -18"><span class='ocrx_word' id='word_1_599' title='bbox 582 5551 714 5613; x_wconf 76' lang='lat' dir='ltr'><strong>sint,</strong></span> <span class='ocrx_word' id='word_1_600' title='bbox 746 5559 799 5605; x_wconf 91' lang='lat' dir='ltr'><strong>et</strong></span> <span class='ocrx_word' id='word_1_601' title='bbox 837 5566 864 5602; x_wconf 85' lang='lat' dir='ltr'><strong>a</strong></span> <span class='ocrx_word' id='word_1_602' title='bbox 897 5565 1135 5619; x_wconf 84' lang='lat' dir='ltr'><strong>quonam</strong></span> <span class='ocrx_word' id='word_1_603' title='bbox 1180 5548 1384 5601; x_wconf 83' lang='lat' dir='ltr'><strong>fuerint</strong></span> <span class='ocrx_word' id='word_1_604' title='bbox 1412 5548 1625 5602; x_wconf 79' lang='lat' dir='ltr'><strong>collecti</strong></span> <span class='ocrx_word' id='word_1_605' title='bbox 1657 5565 1669 5611; x_wconf 88' lang='lat'>;</span> <span class='ocrx_word' id='word_1_606' title='bbox 1707 5561 1842 5617; x_wconf 87' lang='lat' dir='ltr'><strong>quot</strong></span> <span class='ocrx_word' id='word_1_607' title='bbox 1873 5561 2155 5619; x_wconf 87' lang='lat' dir='ltr'><strong>cantores,</strong></span> 
     </span>
    </p>
   </div>
   <div class='ocr_carea' id='block_1_87' title="bbox 2265 3332 3854 3409">
    <p class='ocr_par' dir='ltr' id='par_1_87' title="bbox 2265 3332 3854 3409">
     <span class='ocr_line' id='line_1_87' title="bbox 2265 3332 3854 3409; baseline -0.007 -17"><span class='ocrx_word' id='word_1_608' title='bbox 2265 3340 2429 3402; x_wconf 83' lang='grc' dir='ltr'>νέοις,</span> <span class='ocrx_word' id='word_1_609' title='bbox 2454 3337 2604 3409; x_wconf 80' lang='grc' dir='ltr'>πάσῃ</span> <span class='ocrx_word' id='word_1_610' title='bbox 2630 3336 2791 3405; x_wconf 79' lang='grc' dir='ltr'>φύσει</span> <span class='ocrx_word' id='word_1_611' title='bbox 2828 3337 2923 3389; x_wconf 73' lang='grc' dir='ltr'>καὶ</span> <span class='ocrx_word' id='word_1_612' title='bbox 2954 3335 3165 3405; x_wconf 78' lang='grc' dir='ltr'>ἡλικία,</span> <span class='ocrx_word' id='word_1_613' title='bbox 3204 3336 3299 3387; x_wconf 77' lang='grc' dir='ltr'>καὶ</span> <span class='ocrx_word' id='word_1_614' title='bbox 3330 3332 3492 3404; x_wconf 78' lang='grc' dir='ltr'>τύχῃ.</span> <span class='ocrx_word' id='word_1_615' title='bbox 3527 3332 3622 3384; x_wconf 72' lang='grc' dir='ltr'>καὶ</span> <span class='ocrx_word' id='word_1_616' title='bbox 3654 3347 3854 3401; x_wconf 83' lang='grc' dir='ltr'>προαι-</span> 
     </span>
    </p>
   </div>
   <div class='ocr_carea' id='block_1_88' title="bbox 2269 3424 3854 3501">
    <p class='ocr_par' dir='ltr' id='par_1_88' title="bbox 2269 3424 3854 3501">
     <span class='ocr_line' id='line_1_88' title="bbox 2269 3424 3854 3501; baseline -0.004 -17"><span class='ocrx_word' id='word_1_617' title='bbox 2269 3433 2442 3501; x_wconf 83' lang='grc' dir='ltr'>ρέσει,</span> <span class='ocrx_word' id='word_1_618' title='bbox 2469 3430 2769 3499; x_wconf 69' lang='grc' dir='ltr'>καὶκοινῇ,</span> <span class='ocrx_word' id='word_1_619' title='bbox 2799 3430 2893 3481; x_wconf 80' lang='grc' dir='ltr'>καὶ</span> <span class='ocrx_word' id='word_1_620' title='bbox 2923 3428 3049 3498; x_wconf 77' lang='grc' dir='ltr'>ἰδίᾳ,</span> <span class='ocrx_word' id='word_1_621' title='bbox 3083 3427 3177 3481; x_wconf 76' lang='grc' dir='ltr'>καὶ</span> <span class='ocrx_word' id='word_1_622' title='bbox 3211 3427 3464 3491; x_wconf 77' lang='grc' dir='ltr'>πάντοτε,</span> <span class='ocrx_word' id='word_1_623' title='bbox 3523 3425 3617 3478; x_wconf 71' lang='grc' dir='ltr'>καὶ</span> <span class='ocrx_word' id='word_1_624' title='bbox 3663 3426 3720 3477; x_wconf 83' lang='grc' dir='ltr'>ὲν</span> <span class='ocrx_word' id='word_1_625' title='bbox 3777 3424 3854 3477; x_wconf 65' lang='lat' dir='ltr'><strong>of-</strong></span> 
     </span>
    </p>
   </div>
   <div class='ocr_carea' id='block_1_89' title="bbox 2266 3516 3853 3591">
    <p class='ocr_par' dir='ltr' id='par_1_89' title="bbox 2266 3516 3853 3591">
     <span class='ocr_line' id='line_1_89' title="bbox 2266 3516 3853 3591; baseline -0.005 -13"><span class='ocrx_word' id='word_1_626' title='bbox 2266 3542 2406 3587; x_wconf 87' lang='grc' dir='ltr'>κοις,</span> <span class='ocrx_word' id='word_1_627' title='bbox 2461 3525 2556 3577; x_wconf 80' lang='grc' dir='ltr'>καὶ</span> <span class='ocrx_word' id='word_1_628' title='bbox 2605 3524 2663 3575; x_wconf 84' lang='grc' dir='ltr'>ὲν</span> <span class='ocrx_word' id='word_1_629' title='bbox 2698 3523 2963 3591; x_wconf 60' lang='grc' dir='ltr'>ἣγοραῖς,</span> <span class='ocrx_word' id='word_1_630' title='bbox 3011 3520 3107 3574; x_wconf 81' lang='grc' dir='ltr'>καὶ</span> <span class='ocrx_word' id='word_1_631' title='bbox 3165 3522 3223 3571; x_wconf 79' lang='grc' dir='ltr'><strong>έν</strong></span> <span class='ocrx_word' id='word_1_632' title='bbox 3269 3518 3613 3589; x_wconf 75' lang='grc' dir='ltr'>ἐκκλησίαις,</span> <span class='ocrx_word' id='word_1_633' title='bbox 3652 3516 3752 3571; x_wconf 69' lang='grc' dir='ltr'>καὶ</span> <span class='ocrx_word' id='word_1_634' title='bbox 3793 3520 3853 3570; x_wconf 80' lang='grc' dir='ltr'>ὲν</span> 
     </span>
    </p>
   </div>
   <div class='ocr_carea' id='block_1_90' title="bbox 2266 3611 3853 3688">
    <p class='ocr_par' dir='ltr' id='par_1_90' title="bbox 2266 3611 3853 3688">
     <span class='ocr_line' id='line_1_90' title="bbox 2266 3611 3853 3688; baseline -0.004 -17"><span class='ocrx_word' id='word_1_635' title='bbox 2266 3619 2481 3688; x_wconf 84' lang='grc' dir='ltr'>ἀγροῖς,</span> <span class='ocrx_word' id='word_1_636' title='bbox 2515 3616 2610 3669; x_wconf 75' lang='grc' dir='ltr'>καὶ</span> <span class='ocrx_word' id='word_1_637' title='bbox 2638 3619 2694 3667; x_wconf 84' lang='grc' dir='ltr'><strong>έν</strong></span> <span class='ocrx_word' id='word_1_638' title='bbox 2732 3614 3015 3686; x_wconf 78' lang='grc' dir='ltr'>ἐρημίαις,</span> <span class='ocrx_word' id='word_1_639' title='bbox 3046 3615 3139 3667; x_wconf 77' lang='grc' dir='ltr'>καὶ</span> <span class='ocrx_word' id='word_1_640' title='bbox 3167 3616 3227 3667; x_wconf 81' lang='grc' dir='ltr'>ὲν</span> <span class='ocrx_word' id='word_1_641' title='bbox 3256 3614 3415 3678; x_wconf 75' lang='grc' dir='ltr'>ὁδοῖς,</span> <span class='ocrx_word' id='word_1_642' title='bbox 3448 3613 3545 3665; x_wconf 71' lang='grc' dir='ltr'>καὶ</span> <span class='ocrx_word' id='word_1_643' title='bbox 3571 3611 3853 3680; x_wconf 73' lang='grc' dir='ltr'>πανταχῆ,</span> 
     </span>
    </p>
   </div>
   <div class='ocr_carea' id='block_1_91' title="bbox 2266 3705 3853 3781">
    <p class='ocr_par' dir='ltr' id='par_1_91' title="bbox 2266 3705 3853 3781">
     <span class='ocr_line' id='line_1_91' title="bbox 2266 3705 3853 3781; baseline -0.005 -16"><span class='ocrx_word' id='word_1_644' title='bbox 2266 3711 2520 3781; x_wconf 77' lang='grc' dir='ltr'>καθάπερ</span> <span class='ocrx_word' id='word_1_645' title='bbox 2549 3709 2710 3778; x_wconf 81' lang='grc' dir='ltr'>ἀέρος</span> <span class='ocrx_word' id='word_1_646' title='bbox 2730 3707 3025 3777; x_wconf 79' lang='grc' dir='ltr'>πνεῦσις.ἢ</span> <span class='ocrx_word' id='word_1_647' title='bbox 3052 3707 3230 3778; x_wconf 79' lang='grc' dir='ltr'>φωτὸς</span> <span class='ocrx_word' id='word_1_648' title='bbox 3259 3706 3433 3778; x_wconf 76' lang='grc' dir='ltr'>χύσις,</span> <span class='ocrx_word' id='word_1_649' title='bbox 3459 3707 3491 3775; x_wconf 77' lang='grc' dir='ltr'>ἦ</span> <span class='ocrx_word' id='word_1_650' title='bbox 3520 3706 3692 3777; x_wconf 71' lang='grc' dir='ltr'>πυρὸς</span> <span class='ocrx_word' id='word_1_651' title='bbox 3715 3705 3853 3776; x_wconf 80' lang='grc' dir='ltr'><strong>χρῆ-</strong></span> 
     </span>
    </p>
   </div>
   <div class='ocr_carea' id='block_1_92' title="bbox 2268 3800 3853 3873">
    <p class='ocr_par' dir='ltr' id='par_1_92' title="bbox 2268 3800 3853 3873">
     <span class='ocr_line' id='line_1_92' title="bbox 2268 3800 3853 3873; baseline -0.004 -16"><span class='ocrx_word' id='word_1_652' title='bbox 2268 3821 2353 3866; x_wconf 90' lang='grc' dir='ltr'><strong>σις</strong></span> <span class='ocrx_word' id='word_1_653' title='bbox 2389 3804 2484 3857; x_wconf 63' lang='grc' dir='ltr'><strong>καὶ⁵</strong></span> <span class='ocrx_word' id='word_1_654' title='bbox 2521 3801 2794 3873; x_wconf 78' lang='grc' dir='ltr'>ὓδατος.ἢ</span> <span class='ocrx_word' id='word_1_655' title='bbox 2826 3802 2927 3855; x_wconf 85' lang='grc' dir='ltr'>ὃσα</span> <span class='ocrx_word' id='word_1_656' title='bbox 2949 3801 3058 3853; x_wconf 83' lang='grc' dir='ltr'><strong>τῶν</strong></span> <span class='ocrx_word' id='word_1_657' title='bbox 3099 3800 3415 3869; x_wconf 68' lang='grc' dir='ltr'>παγκοίιων</span> <span class='ocrx_word' id='word_1_658' title='bbox 3456 3815 3517 3851; x_wconf 83' lang='grc' dir='ltr'><strong>τε</strong></span> <span class='ocrx_word' id='word_1_659' title='bbox 3562 3800 3659 3852; x_wconf 74' lang='grc' dir='ltr'>καὶ</span> <span class='ocrx_word' id='word_1_660' title='bbox 3710 3814 3853 3865; x_wconf 83' lang='grc' dir='ltr'>παγ-</span> 
     </span>
    </p>
   </div>
   <div class='ocr_carea' id='block_1_93' title="bbox 2268 3889 3852 3967">
    <p class='ocr_par' dir='ltr' id='par_1_93' title="bbox 2268 3889 3852 3967">
     <span class='ocr_line' id='line_1_93' title="bbox 2268 3889 3852 3967; baseline -0.008 -17"><span class='ocrx_word' id='word_1_661' title='bbox 2268 3897 2537 3967; x_wconf 77' lang='grc' dir='ltr'>χρήστων.</span> <span class='ocrx_word' id='word_1_662' title='bbox 2574 3895 2684 3947; x_wconf 78' lang='grc' dir='ltr'><strong>Καὶ</strong></span> <span class='ocrx_word' id='word_1_663' title='bbox 2713 3895 2775 3947; x_wconf 82' lang='grc' dir='ltr'>τὸ</span> <span class='ocrx_word' id='word_1_664' title='bbox 2803 3891 3277 3966; x_wconf 82' lang='grc' dir='ltr'>παραδοξώτατον,</span> <span class='ocrx_word' id='word_1_665' title='bbox 3311 3891 3432 3961; x_wconf 84' lang='grc' dir='ltr'>μηδ’</span> <span class='ocrx_word' id='word_1_666' title='bbox 3463 3889 3852 3960; x_wconf 75' lang='grc' dir='ltr'>ἀφισταμένων</span> 
     </span>
    </p>
   </div>
   <div class='ocr_carea' id='block_1_94' title="bbox 2267 3982 3850 4057">
    <p class='ocr_par' dir='ltr' id='par_1_94' title="bbox 2267 3982 3850 4057">
     <span class='ocr_line' id='line_1_94' title="bbox 2267 3982 3850 4057; baseline -0.006 -15"><span class='ocrx_word' id='word_1_667' title='bbox 2267 3989 2376 4042; x_wconf 81' lang='grc' dir='ltr'>τῶν</span> <span class='ocrx_word' id='word_1_668' title='bbox 2402 3986 2600 4057; x_wconf 75' lang='grc' dir='ltr'>ἔργων,</span> <span class='ocrx_word' id='word_1_669' title='bbox 2627 3987 2765 4040; x_wconf 81' lang='grc' dir='ltr'>ἀλλὰ</span> <span class='ocrx_word' id='word_1_670' title='bbox 2796 3987 2892 4040; x_wconf 73' lang='grc' dir='ltr'>καὶ</span> <span class='ocrx_word' id='word_1_671' title='bbox 2918 3985 3047 4047; x_wconf 89' lang='grc' dir='ltr'>τοὺς</span> <span class='ocrx_word' id='word_1_672' title='bbox 3078 3985 3359 4053; x_wconf 79' lang='grc' dir='ltr'>καμάτους</span> <span class='ocrx_word' id='word_1_673' title='bbox 3386 3982 3475 4036; x_wconf 60' lang='grc' dir='ltr'><strong>διὰ</strong></span> <span class='ocrx_word' id='word_1_674' title='bbox 3518 3982 3618 4051; x_wconf 87' lang='grc' dir='ltr'>τῆς</span> <span class='ocrx_word' id='word_1_675' title='bbox 3671 3982 3850 4051; x_wconf 73' lang='grc' dir='ltr'>μελφο</span> 
     </span>
    </p>
   </div>
   <div class='ocr_carea' id='block_1_95' title="bbox 2265 4073 3850 4149">
    <p class='ocr_par' dir='ltr' id='par_1_95' title="bbox 2265 4073 3850 4149">
     <span class='ocr_line' id='line_1_95' title="bbox 2265 4073 3850 4149; baseline -0.008 -14"><span class='ocrx_word' id='word_1_676' title='bbox 2265 4084 2381 4142; x_wconf 81' lang='grc' dir='ltr'>δίας</span> <span class='ocrx_word' id='word_1_677' title='bbox 2412 4080 2864 4149; x_wconf 75' lang='grc' dir='ltr'>ὲπικουφίζουσιν</span> <span class='ocrx_word' id='word_1_678' title='bbox 2900 4097 2913 4110; x_wconf 90' lang='grc'><strong>·</strong></span> <span class='ocrx_word' id='word_1_679' title='bbox 2968 4073 3045 4133; x_wconf 82' lang='grc' dir='ltr'>ὧν</span> <span class='ocrx_word' id='word_1_680' title='bbox 3077 4078 3300 4132; x_wconf 82' lang='grc' dir='ltr'>πάντων</span> <span class='ocrx_word' id='word_1_681' title='bbox 3320 4077 3475 4137; x_wconf 87' lang='grc' dir='ltr'>τέλος</span> <span class='ocrx_word' id='word_1_682' title='bbox 3507 4074 3589 4138; x_wconf 78' lang='grc' dir='ltr'>ἓν,</span> <span class='ocrx_word' id='word_1_683' title='bbox 3643 4074 3850 4141; x_wconf 81' lang='grc' dir='ltr'>ἀγαθὸν</span> 
     </span>
    </p>
   </div>
   <div class='ocr_carea' id='block_1_96' title="bbox 2266 4164 3850 4241">
    <p class='ocr_par' dir='ltr' id='par_1_96' title="bbox 2266 4164 3850 4241">
     <span class='ocr_line' id='line_1_96' title="bbox 2266 4164 3850 4241; baseline -0.005 -17"><span class='ocrx_word' id='word_1_684' title='bbox 2266 4172 2525 4241; x_wconf 69' lang='grc' dir='ltr'>γενέσθαι</span> <span class='ocrx_word' id='word_1_685' title='bbox 2577 4171 2671 4223; x_wconf 79' lang='grc' dir='ltr'>τὸν</span> <span class='ocrx_word' id='word_1_686' title='bbox 2716 4168 2923 4223; x_wconf 78' lang='grc' dir='ltr'>τούτων</span> <span class='ocrx_word' id='word_1_687' title='bbox 2982 4166 3262 4239; x_wconf 83' lang='grc' dir='ltr'>μαθητὴν,</span> <span class='ocrx_word' id='word_1_688' title='bbox 3321 4168 3416 4220; x_wconf 81' lang='grc' dir='ltr'>καὶ</span> <span class='ocrx_word' id='word_1_689' title='bbox 3488 4164 3694 4233; x_wconf 80' lang='grc' dir='ltr'>σοφὸν,</span> <span class='ocrx_word' id='word_1_690' title='bbox 3755 4164 3850 4217; x_wconf 74' lang='grc' dir='ltr'>καὶ</span> 
     </span>
    </p>
   </div>
   <div class='ocr_carea' id='block_1_97' title="bbox 2266 4256 3847 4331">
    <p class='ocr_par' dir='ltr' id='par_1_97' title="bbox 2266 4256 3847 4331">
     <span class='ocr_line' id='line_1_97' title="bbox 2266 4256 3847 4331; baseline -0.007 -12"><span class='ocrx_word' id='word_1_691' title='bbox 2266 4264 2421 4321; x_wconf 84' lang='grc' dir='ltr'>Θεόν.</span> <span class='ocrx_word' id='word_1_692' title='bbox 2442 4265 2598 4326; x_wconf 83' lang='grc' dir='ltr'>Τίνες</span> <span class='ocrx_word' id='word_1_693' title='bbox 2629 4262 2728 4331; x_wconf 78' lang='grc' dir='ltr'>μὲν</span> <span class='ocrx_word' id='word_1_694' title='bbox 2754 4261 2848 4315; x_wconf 82' lang='grc' dir='ltr'>οὖν</span> <span class='ocrx_word' id='word_1_695' title='bbox 2868 4262 2918 4315; x_wconf 74' lang='grc' dir='ltr'><strong>οἱ</strong></span> <span class='ocrx_word' id='word_1_696' title='bbox 2951 4261 3146 4314; x_wconf 70' lang='grc' dir='ltr'>σκοποὶ</span> <span class='ocrx_word' id='word_1_697' title='bbox 3177 4260 3278 4329; x_wconf 82' lang='grc' dir='ltr'>τῆς</span> <span class='ocrx_word' id='word_1_698' title='bbox 3304 4259 3588 4329; x_wconf 83' lang='grc' dir='ltr'>παρούσης</span> <span class='ocrx_word' id='word_1_699' title='bbox 3638 4256 3847 4327; x_wconf 79' lang='grc' dir='ltr'>βίϐλου,</span> 
     </span>
    </p>
   </div>
   <div class='ocr_carea' id='block_1_98' title="bbox 2267 4348 3847 4423">
    <p class='ocr_par' dir='ltr' id='par_1_98' title="bbox 2267 4348 3847 4423">
     <span class='ocr_line' id='line_1_98' title="bbox 2267 4348 3847 4423; baseline -0.008 -12"><span class='ocrx_word' id='word_1_700' title='bbox 2267 4359 2361 4411; x_wconf 76' lang='grc' dir='ltr'>καὶ</span> <span class='ocrx_word' id='word_1_701' title='bbox 2393 4356 2576 4418; x_wconf 86' lang='grc' dir='ltr'>πόσοι,</span> <span class='ocrx_word' id='word_1_702' title='bbox 2610 4356 2701 4408; x_wconf 73' lang='grc' dir='ltr'>καὶ</span> <span class='ocrx_word' id='word_1_703' title='bbox 2724 4355 2848 4407; x_wconf 84' lang='grc' dir='ltr'>τίνα</span> <span class='ocrx_word' id='word_1_704' title='bbox 2874 4354 2944 4406; x_wconf 87' lang='grc' dir='ltr'>τὰ</span> <span class='ocrx_word' id='word_1_705' title='bbox 2975 4353 3245 4423; x_wconf 84' lang='grc' dir='ltr'>χρήσιμα,</span> <span class='ocrx_word' id='word_1_706' title='bbox 3273 4353 3370 4404; x_wconf 75' lang='grc' dir='ltr'>καὶ</span> <span class='ocrx_word' id='word_1_707' title='bbox 3396 4352 3551 4403; x_wconf 86' lang='grc' dir='ltr'>ποῖον</span> <span class='ocrx_word' id='word_1_708' title='bbox 3578 4350 3641 4402; x_wconf 72' lang='grc' dir='ltr'>τὸ</span> <span class='ocrx_word' id='word_1_709' title='bbox 3668 4348 3847 4416; x_wconf 83' lang='grc' dir='ltr'>τέλος,</span> 
     </span>
    </p>
   </div>
   <div class='ocr_carea' id='block_1_99' title="bbox 2268 4443 3848 4519">
    <p class='ocr_par' dir='ltr' id='par_1_99' title="bbox 2268 4443 3848 4519">
     <span class='ocr_line' id='line_1_99' title="bbox 2268 4443 3848 4519; baseline -0.007 -15"><span class='ocrx_word' id='word_1_710' title='bbox 2268 4452 2471 4513; x_wconf 72' lang='grc' dir='ltr'>ἱκανῶς</span> <span class='ocrx_word' id='word_1_711' title='bbox 2502 4449 2833 4519; x_wconf 78' lang='grc' dir='ltr'>εἰρήκαμεν.</span> <span class='ocrx_word' id='word_1_712' title='bbox 2858 4446 3061 4500; x_wconf 72' lang='grc' dir='ltr'>Λοιπὸν</span> <span class='ocrx_word' id='word_1_713' title='bbox 3099 4445 3145 4498; x_wconf 87' lang='grc' dir='ltr'>δ’</span> <span class='ocrx_word' id='word_1_714' title='bbox 3186 4444 3253 4498; x_wconf 81' lang='grc' dir='ltr'>ἂν</span> <span class='ocrx_word' id='word_1_715' title='bbox 3285 4443 3371 4513; x_wconf 88' lang='grc' dir='ltr'><strong>εῖη</strong></span> <span class='ocrx_word' id='word_1_716' title='bbox 3406 4444 3605 4509; x_wconf 84' lang='grc' dir='ltr'>λέγειν,</span> <span class='ocrx_word' id='word_1_717' title='bbox 3639 4443 3687 4494; x_wconf 82' lang='grc' dir='ltr'><strong>εί</strong></span> <span class='ocrx_word' id='word_1_718' title='bbox 3718 4458 3848 4511; x_wconf 78' lang='grc' dir='ltr'>γνη-</span> 
     </span>
    </p>
   </div>
   <div class='ocr_carea' id='block_1_100' title="bbox 2268 4534 3847 4613">
    <p class='ocr_par' dir='ltr' id='par_1_100' title="bbox 2268 4534 3847 4613">
     <span class='ocr_line' id='line_1_100' title="bbox 2268 4534 3847 4613; baseline -0.007 -15"><span class='ocrx_word' id='word_1_719' title='bbox 2268 4545 2359 4598; x_wconf 90' lang='grc' dir='ltr'><strong>σία</strong></span> <span class='ocrx_word' id='word_1_720' title='bbox 2385 4544 2479 4597; x_wconf 73' lang='grc' dir='ltr'>καὶ</span> <span class='ocrx_word' id='word_1_721' title='bbox 2505 4543 2669 4613; x_wconf 85' lang='grc' dir='ltr'>μόνου</span> <span class='ocrx_word' id='word_1_722' title='bbox 2704 4539 2871 4594; x_wconf 74' lang='grc' dir='ltr'>Δασιδ</span> <span class='ocrx_word' id='word_1_723' title='bbox 2895 4542 2928 4608; x_wconf 81' lang='grc' dir='ltr'>ὴ</span> <span class='ocrx_word' id='word_1_724' title='bbox 2960 4538 3162 4607; x_wconf 81' lang='grc' dir='ltr'>βίόλος,</span> <span class='ocrx_word' id='word_1_725' title='bbox 3188 4538 3382 4591; x_wconf 85' lang='grc' dir='ltr'>όποίαν</span> <span class='ocrx_word' id='word_1_726' title='bbox 3405 4552 3462 4591; x_wconf 82' lang='grc' dir='ltr'><strong>τε</strong></span> <span class='ocrx_word' id='word_1_727' title='bbox 3488 4535 3680 4605; x_wconf 74' lang='grc' dir='ltr'>κλῆσιν</span> <span class='ocrx_word' id='word_1_728' title='bbox 3712 4534 3847 4604; x_wconf 80' lang='grc' dir='ltr'>ἔχει,</span> 
     </span>
    </p>
   </div>
   <div class='ocr_carea' id='block_1_101' title="bbox 2271 4618 3849 4705">
    <p class='ocr_par' dir='ltr' id='par_1_101' title="bbox 2271 4618 3849 4705">
     <span class='ocr_line' id='line_1_101' title="bbox 2271 4618 3849 4705; baseline -0.008 -13"><span class='ocrx_word' id='word_1_729' title='bbox 2271 4639 2365 4692; x_wconf 69' lang='grc' dir='ltr'>καὶ</span> <span class='ocrx_word' id='word_1_730' title='bbox 2401 4637 2453 4691; x_wconf 90' lang='grc' dir='ltr'><strong>τί</strong></span> <span class='ocrx_word' id='word_1_731' title='bbox 2484 4640 2599 4690; x_wconf 72' lang='grc' dir='ltr'>ἐστι</span> <span class='ocrx_word' id='word_1_732' title='bbox 2629 4618 2963 4705; x_wconf 68' lang='grc' dir='ltr'>Ψαλτήριον,</span> <span class='ocrx_word' id='word_1_733' title='bbox 2989 4633 3082 4687; x_wconf 71' lang='grc' dir='ltr'>καὶ</span> <span class='ocrx_word' id='word_1_734' title='bbox 3107 4632 3159 4684; x_wconf 87' lang='grc' dir='ltr'><strong>τί</strong></span> <span class='ocrx_word' id='word_1_735' title='bbox 3185 4632 3407 4702; x_wconf 57' lang='lat' dir='ltr'><strong>quam.</strong></span> <span class='ocrx_word' id='word_1_736' title='bbox 3444 4632 3538 4683; x_wconf 73' lang='grc' dir='ltr'>καὶ</span> <span class='ocrx_word' id='word_1_737' title='bbox 3587 4629 3643 4682; x_wconf 84' lang='grc' dir='ltr'><strong>τί</strong></span> <span class='ocrx_word' id='word_1_738' title='bbox 3706 4628 3849 4697; x_wconf 72' lang='grc' dir='ltr'>ψαλ-</span> 
     </span>
    </p>
   </div>
   <div class='ocr_carea' id='block_1_102' title="bbox 2275 4718 3846 4795">
    <p class='ocr_par' dir='ltr' id='par_1_102' title="bbox 2275 4718 3846 4795">
     <span class='ocr_line' id='line_1_102' title="bbox 2275 4718 3846 4795; baseline -0.006 -14"><span class='ocrx_word' id='word_1_739' title='bbox 2275 4728 2397 4795; x_wconf 83' lang='grc' dir='ltr'>μδς,</span> <span class='ocrx_word' id='word_1_740' title='bbox 2434 4728 2529 4780; x_wconf 75' lang='grc' dir='ltr'><strong>καὶ</strong></span> <span class='ocrx_word' id='word_1_741' title='bbox 2555 4727 2607 4779; x_wconf 91' lang='grc' dir='ltr'><strong>τί</strong></span> <span class='ocrx_word' id='word_1_742' title='bbox 2631 4724 2945 4795; x_wconf 79' lang='grc' dir='ltr'>ψαλμῳδὸς,</span> <span class='ocrx_word' id='word_1_743' title='bbox 2966 4724 3063 4776; x_wconf 71' lang='grc' dir='ltr'>καὶ</span> <span class='ocrx_word' id='word_1_744' title='bbox 3090 4722 3141 4775; x_wconf 85' lang='grc' dir='ltr'><strong>τί</strong></span> <span class='ocrx_word' id='word_1_745' title='bbox 3166 4721 3470 4791; x_wconf 78' lang='grc' dir='ltr'>διαψαλμα,</span> <span class='ocrx_word' id='word_1_746' title='bbox 3498 4719 3593 4773; x_wconf 78' lang='grc' dir='ltr'>καὶ</span> <span class='ocrx_word' id='word_1_747' title='bbox 3624 4719 3677 4772; x_wconf 88' lang='grc' dir='ltr'><strong>τί</strong></span> <span class='ocrx_word' id='word_1_748' title='bbox 3712 4718 3846 4788; x_wconf 82' lang='grc' dir='ltr'>ᾠδὴ,</span> 
     </span>
    </p>
   </div>
   <div class='ocr_carea' id='block_1_103' title="bbox 2270 4809 3845 4888">
    <p class='ocr_par' dir='ltr' id='par_1_103' title="bbox 2270 4809 3845 4888">
     <span class='ocr_line' id='line_1_103' title="bbox 2270 4809 3845 4888; baseline -0.007 -15"><span class='ocrx_word' id='word_1_749' title='bbox 2270 4823 2367 4873; x_wconf 58' lang='grc' dir='ltr'><strong>καὶ⁵</strong></span> <span class='ocrx_word' id='word_1_750' title='bbox 2381 4821 2433 4872; x_wconf 88' lang='grc' dir='ltr'><strong>τί</strong></span> <span class='ocrx_word' id='word_1_751' title='bbox 2465 4818 2653 4888; x_wconf 79' lang='grc' dir='ltr'>ὕμνος,</span> <span class='ocrx_word' id='word_1_752' title='bbox 2672 4818 2763 4869; x_wconf 74' lang='grc' dir='ltr'>καὶ</span> <span class='ocrx_word' id='word_1_753' title='bbox 2784 4816 2837 4869; x_wconf 89' lang='grc' dir='ltr'><strong>τί</strong></span> <span class='ocrx_word' id='word_1_754' title='bbox 2859 4810 3027 4878; x_wconf 82' lang='grc' dir='ltr'>αῐνος,</span> <span class='ocrx_word' id='word_1_755' title='bbox 3051 4816 3145 4867; x_wconf 78' lang='grc' dir='ltr'>καὶ</span> <span class='ocrx_word' id='word_1_756' title='bbox 3160 4814 3213 4866; x_wconf 89' lang='grc' dir='ltr'><strong>τί</strong></span> <span class='ocrx_word' id='word_1_757' title='bbox 3236 4814 3647 4882; x_wconf 73' lang='grc' dir='ltr'>ἐξομολόγησις,</span> <span class='ocrx_word' id='word_1_758' title='bbox 3673 4811 3771 4865; x_wconf 75' lang='grc' dir='ltr'>καὶ</span> <span class='ocrx_word' id='word_1_759' title='bbox 3792 4809 3845 4863; x_wconf 85' lang='grc' dir='ltr'><strong>τί</strong></span> 
     </span>
    </p>
   </div>
   <div class='ocr_carea' id='block_1_104' title="bbox 2272 4904 3847 4983">
    <p class='ocr_par' dir='ltr' id='par_1_104' title="bbox 2272 4904 3847 4983">
     <span class='ocr_line' id='line_1_104' title="bbox 2272 4904 3847 4983; baseline -0.006 -18"><span class='ocrx_word' id='word_1_760' title='bbox 2272 4910 2573 4983; x_wconf 78' lang='grc' dir='ltr'>προσευχὴ,</span> <span class='ocrx_word' id='word_1_761' title='bbox 2595 4910 2683 4961; x_wconf 65' lang='grc' dir='ltr'>καὶ</span> <span class='ocrx_word' id='word_1_762' title='bbox 2700 4908 2749 4961; x_wconf 86' lang='grc' dir='ltr'><strong>τί</strong></span> <span class='ocrx_word' id='word_1_763' title='bbox 2773 4908 2925 4977; x_wconf 73' lang='grc' dir='ltr'>εὐχὴ,</span> <span class='ocrx_word' id='word_1_764' title='bbox 2954 4908 3046 4960; x_wconf 72' lang='grc' dir='ltr'>καὶ</span> <span class='ocrx_word' id='word_1_765' title='bbox 3064 4906 3115 4958; x_wconf 88' lang='grc' dir='ltr'><strong>τί</strong></span> <span class='ocrx_word' id='word_1_766' title='bbox 3136 4906 3247 4976; x_wconf 77' lang='grc' dir='ltr'><strong>ᾠδὴ</strong></span> <span class='ocrx_word' id='word_1_767' title='bbox 3268 4906 3509 4976; x_wconf 81' lang='grc' dir='ltr'>ψαλμοῦ,</span> <span class='ocrx_word' id='word_1_768' title='bbox 3532 4906 3625 4958; x_wconf 75' lang='grc' dir='ltr'>καὶ</span> <span class='ocrx_word' id='word_1_769' title='bbox 3648 4904 3699 4958; x_wconf 87' lang='grc' dir='ltr'><strong>τί</strong></span> <span class='ocrx_word' id='word_1_770' title='bbox 3714 4905 3847 4973; x_wconf 71' lang='grc' dir='ltr'>ψαλο</span> 
     </span>
    </p>
   </div>
   <div class='ocr_carea' id='block_1_105' title="bbox 2274 4998 3843 5075">
    <p class='ocr_par' dir='ltr' id='par_1_105' title="bbox 2274 4998 3843 5075">
     <span class='ocr_line' id='line_1_105' title="bbox 2274 4998 3843 5075; baseline -0.006 -19"><span class='ocrx_word' id='word_1_771' title='bbox 2274 5005 2372 5075; x_wconf 79' lang='grc' dir='ltr'>μὸς</span> <span class='ocrx_word' id='word_1_772' title='bbox 2418 5003 2605 5073; x_wconf 81' lang='grc' dir='ltr'>ᾠδῆς,</span> <span class='ocrx_word' id='word_1_773' title='bbox 2684 5001 2837 5053; x_wconf 87' lang='grc' dir='ltr'>πόσοι</span> <span class='ocrx_word' id='word_1_774' title='bbox 2894 5000 3135 5068; x_wconf 73' lang='grc' dir='ltr'>ψαλμοὶ,</span> <span class='ocrx_word' id='word_1_775' title='bbox 3191 4998 3309 5053; x_wconf 58' lang='lat' dir='ltr'><strong>xuii</strong></span> <span class='ocrx_word' id='word_1_776' title='bbox 3351 4998 3490 5050; x_wconf 70' lang='grc' dir='ltr'>διιτί</span> <span class='ocrx_word' id='word_1_777' title='bbox 3562 4998 3843 5059; x_wconf 71' lang='grc' dir='ltr'>τοσοίτοι,</span> 
     </span>
    </p>
   </div>
   <div class='ocr_carea' id='block_1_106' title="bbox 2269 5089 3846 5166">
    <p class='ocr_par' dir='ltr' id='par_1_106' title="bbox 2269 5089 3846 5166">
     <span class='ocr_line' id='line_1_106' title="bbox 2269 5089 3846 5166; baseline -0.008 -15"><span class='ocrx_word' id='word_1_778' title='bbox 2269 5098 2362 5151; x_wconf 73' lang='grc' dir='ltr'><strong>καὶ</strong></span> <span class='ocrx_word' id='word_1_779' title='bbox 2401 5099 2552 5166; x_wconf 74' lang='grc' dir='ltr'>παρὰ</span> <span class='ocrx_word' id='word_1_780' title='bbox 2577 5095 2719 5156; x_wconf 79' lang='grc' dir='ltr'>τίνος</span> <span class='ocrx_word' id='word_1_781' title='bbox 2769 5093 3157 5159; x_wconf 72' lang='grc' dir='ltr'>συνελέγησαν,</span> <span class='ocrx_word' id='word_1_782' title='bbox 3187 5092 3340 5143; x_wconf 83' lang='grc' dir='ltr'>πόσοι</span> <span class='ocrx_word' id='word_1_783' title='bbox 3380 5091 3642 5161; x_wconf 67' lang='grc' dir='ltr'>ἀρχῳδοὶ,</span> <span class='ocrx_word' id='word_1_784' title='bbox 3690 5089 3846 5143; x_wconf 82' lang='grc' dir='ltr'>πόσοι</span> 
     </span>
    </p>
   </div>
   <div class='ocr_carea' id='block_1_107' title="bbox 2270 5182 3845 5260">
    <p class='ocr_par' dir='ltr' id='par_1_107' title="bbox 2270 5182 3845 5260">
     <span class='ocr_line' id='line_1_107' title="bbox 2270 5182 3845 5260; baseline -0.004 -21"><span class='ocrx_word' id='word_1_785' title='bbox 2270 5188 2445 5260; x_wconf 76' lang='grc' dir='ltr'>χοροὶ.</span> <span class='ocrx_word' id='word_1_786' title='bbox 2474 5190 2569 5240; x_wconf 69' lang='grc' dir='ltr'>καὶ</span> <span class='ocrx_word' id='word_1_787' title='bbox 2605 5188 2667 5238; x_wconf 79' lang='grc' dir='ltr'>ἐκ</span> <span class='ocrx_word' id='word_1_788' title='bbox 2699 5185 2890 5246; x_wconf 88' lang='grc' dir='ltr'>ποίων,</span> <span class='ocrx_word' id='word_1_789' title='bbox 2922 5184 3019 5237; x_wconf 70' lang='lat' dir='ltr'><strong>xui.</strong></span> <span class='ocrx_word' id='word_1_790' title='bbox 3055 5182 3199 5236; x_wconf 86' lang='grc' dir='ltr'>διατί</span> <span class='ocrx_word' id='word_1_791' title='bbox 3231 5182 3498 5248; x_wconf 81' lang='grc' dir='ltr'>τοσοῦτοι,</span> <span class='ocrx_word' id='word_1_792' title='bbox 3522 5182 3617 5235; x_wconf 77' lang='grc' dir='ltr'>καὶ</span> <span class='ocrx_word' id='word_1_793' title='bbox 3651 5184 3716 5235; x_wconf 67' lang='grc' dir='ltr'>ἐκ</span> <span class='ocrx_word' id='word_1_794' title='bbox 3761 5197 3845 5233; x_wconf 80' lang='grc' dir='ltr'>το-</span> 
     </span>
    </p>
   </div>
   <div class='ocr_carea' id='block_1_108' title="bbox 2270 5274 3845 5348">
    <p class='ocr_par' dir='ltr' id='par_1_108' title="bbox 2270 5274 3845 5348">
     <span class='ocr_line' id='line_1_108' title="bbox 2270 5274 3845 5348; baseline -0.005 -13"><span class='ocrx_word' id='word_1_795' title='bbox 2270 5281 2498 5343; x_wconf 79' lang='grc' dir='ltr'>σούτων,</span> <span class='ocrx_word' id='word_1_796' title='bbox 2512 5281 2591 5343; x_wconf 79' lang='grc' dir='ltr'><strong>τίς</strong></span> <span class='ocrx_word' id='word_1_797' title='bbox 2615 5277 2894 5348; x_wconf 74' lang='grc' dir='ltr'>ήδιαφορὰ</span> <span class='ocrx_word' id='word_1_798' title='bbox 2913 5274 3297 5346; x_wconf 58' lang='grc' dir='ltr'>τοῦψαλτῆρος</span> <span class='ocrx_word' id='word_1_799' title='bbox 3318 5275 3453 5346; x_wconf 74' lang='grc' dir='ltr'>πρὸς</span> <span class='ocrx_word' id='word_1_800' title='bbox 3474 5275 3543 5328; x_wconf 84' lang='grc' dir='ltr'><strong>τὰ</strong></span> <span class='ocrx_word' id='word_1_801' title='bbox 3561 5274 3697 5329; x_wconf 69' lang='grc' dir='ltr'>ᾱλλα</span> <span class='ocrx_word' id='word_1_802' title='bbox 3720 5292 3845 5345; x_wconf 83' lang='grc' dir='ltr'>μου·</span> 
     </span>
    </p>
   </div>
   <div class='ocr_carea' id='block_1_109' title="bbox 2271 5367 3844 5443">
    <p class='ocr_par' dir='ltr' id='par_1_109' title="bbox 2271 5367 3844 5443">
     <span class='ocr_line' id='line_1_109' title="bbox 2271 5367 3844 5443; baseline -0.006 -17"><span class='ocrx_word' id='word_1_803' title='bbox 2271 5374 2401 5426; x_wconf 75' lang='grc' dir='ltr'>σικὰ</span> <span class='ocrx_word' id='word_1_804' title='bbox 2422 5372 2654 5443; x_wconf 80' lang='grc' dir='ltr'>ὄργανα,</span> <span class='ocrx_word' id='word_1_805' title='bbox 2671 5371 2753 5431; x_wconf 79' lang='grc' dir='ltr'><strong>τίς</strong></span> <span class='ocrx_word' id='word_1_806' title='bbox 2770 5373 2801 5439; x_wconf 83' lang='grc' dir='ltr'>ἠ</span> <span class='ocrx_word' id='word_1_807' title='bbox 2820 5370 2975 5432; x_wconf 80' lang='grc' dir='ltr'>τάσις</span> <span class='ocrx_word' id='word_1_808' title='bbox 3000 5368 3372 5437; x_wconf 71' lang='grc' dir='ltr'>τῶνψαλμῶν,</span> <span class='ocrx_word' id='word_1_809' title='bbox 3393 5367 3474 5429; x_wconf 83' lang='grc' dir='ltr'><strong>τίς</strong></span> <span class='ocrx_word' id='word_1_810' title='bbox 3498 5368 3530 5436; x_wconf 75' lang='grc' dir='ltr'>ἡ</span> <span class='ocrx_word' id='word_1_811' title='bbox 3556 5371 3612 5419; x_wconf 80' lang='grc' dir='ltr'><strong>έν</strong></span> <span class='ocrx_word' id='word_1_812' title='bbox 3633 5368 3844 5429; x_wconf 84' lang='grc' dir='ltr'>πολλοῖς</span> 
     </span>
    </p>
   </div>
   <div class='ocr_carea' id='block_1_110' title="bbox 2268 5458 3843 5533">
    <p class='ocr_par' dir='ltr' id='par_1_110' title="bbox 2268 5458 3843 5533">
     <span class='ocr_line' id='line_1_110' title="bbox 2268 5458 3843 5533; baseline -0.004 -16"><span class='ocrx_word' id='word_1_813' title='bbox 2268 5467 2378 5517; x_wconf 81' lang='grc' dir='ltr'><strong>τῶν</strong></span> <span class='ocrx_word' id='word_1_814' title='bbox 2408 5464 2639 5533; x_wconf 75' lang='grc' dir='ltr'>ψαλμῶν</span> <span class='ocrx_word' id='word_1_815' title='bbox 2666 5462 2927 5527; x_wconf 79' lang='grc' dir='ltr'>ἀσάφεια,</span> <span class='ocrx_word' id='word_1_816' title='bbox 2964 5461 3127 5517; x_wconf 81' lang='grc' dir='ltr'>πόσαι</span> <span class='ocrx_word' id='word_1_817' title='bbox 3152 5460 3447 5529; x_wconf 66' lang='grc' dir='ltr'>μεταϐολαὶ</span> <span class='ocrx_word' id='word_1_818' title='bbox 3477 5460 3578 5527; x_wconf 80' lang='grc' dir='ltr'>τῆς</span> <span class='ocrx_word' id='word_1_819' title='bbox 3620 5458 3843 5526; x_wconf 70' lang='grc' dir='ltr'><strong>Ἐὕρατ-</strong></span> 
     </span>
    </p>
   </div>
   <div class='ocr_carea' id='block_1_111' title="bbox 2266 5547 3840 5623">
    <p class='ocr_par' dir='ltr' id='par_1_111' title="bbox 2266 5547 3840 5623">
     <span class='ocr_line' id='line_1_111' title="bbox 2266 5547 3840 5623; baseline -0.006 -15"><span class='ocrx_word' id='word_1_820' title='bbox 2266 5556 2354 5615; x_wconf 87' lang='grc' dir='ltr'>δο;</span> <span class='ocrx_word' id='word_1_821' title='bbox 2392 5554 2675 5607; x_wconf 76' lang='grc' dir='ltr'>διαλέκτου</span> <span class='ocrx_word' id='word_1_822' title='bbox 2702 5553 2835 5623; x_wconf 70' lang='grc' dir='ltr'>πρὸς</span> <span class='ocrx_word' id='word_1_823' title='bbox 2873 5551 2970 5621; x_wconf 80' lang='grc' dir='ltr'>τὴν</span> <span class='ocrx_word' id='word_1_824' title='bbox 3014 5551 3319 5621; x_wconf 80' lang='grc' dir='ltr'>Ἑλληνίδα,</span> <span class='ocrx_word' id='word_1_825' title='bbox 3355 5550 3453 5602; x_wconf 77' lang='grc' dir='ltr'>καὶ</span> <span class='ocrx_word' id='word_1_826' title='bbox 3484 5547 3636 5620; x_wconf 75' lang='grc' dir='ltr'>παρὰ</span> <span class='ocrx_word' id='word_1_827' title='bbox 3659 5550 3840 5605; x_wconf 76' lang='grc' dir='ltr'>τίνων,</span> 
     </span>
    </p>
   </div>
   <div class='ocr_carea' id='block_1_112' title="bbox 1921 5665 2481 5729">
    <p class='ocr_par' dir='ltr' id='par_1_112' title="bbox 1921 5665 2481 5729">
     <span class='ocr_line' id='line_1_112' title="bbox 1921 5665 2481 5729; baseline -0.004 -4"><span class='ocrx_word' id='word_1_828' title='bbox 1921 5665 2060 5727; x_wconf 81' lang='lat' dir='ltr'><strong>Vari</strong></span> <span class='ocrx_word' id='word_1_829' title='bbox 2087 5690 2117 5724; x_wconf 72' lang='grc' dir='ltr'>ιε</span> <span class='ocrx_word' id='word_1_830' title='bbox 2148 5666 2481 5729; x_wconf 78' lang='lat' dir='ltr'><strong>lectiones.</strong></span> 
     </span>
    </p>
   </div>
   <div class='ocr_carea' id='block_1_113' title="bbox 659 5760 2159 5831">
    <p class='ocr_par' dir='ltr' id='par_1_113' title="bbox 659 5760 2159 5831">
     <span class='ocr_line' id='line_1_113' title="bbox 659 5760 2159 5831; baseline 0 -14"><span class='ocrx_word' id='word_1_831' title='bbox 659 5766 734 5831; x_wconf 69' lang='lat' dir='ltr'><strong>ft)</strong></span> <span class='ocrx_word' id='word_1_832' title='bbox 762 5764 949 5819; x_wconf 61' lang='grc' dir='ltr'><strong>(ἑτεροῖα</strong></span> <span class='ocrx_word' id='word_1_833' title='bbox 989 5766 1148 5817; x_wconf 82' lang='lat' dir='ltr'><strong>verba</strong></span> <span class='ocrx_word' id='word_1_834' title='bbox 1190 5764 1263 5815; x_wconf 91' lang='lat' dir='ltr'><strong>ita</strong></span> <span class='ocrx_word' id='word_1_835' title='bbox 1294 5770 1489 5816; x_wconf 86' lang='lat' dir='ltr'><strong>sonant</strong></span> <span class='ocrx_word' id='word_1_836' title='bbox 1522 5781 1533 5815; x_wconf 90' lang='lat'><strong>:</strong></span> <span class='ocrx_word' id='word_1_837' title='bbox 1584 5760 1698 5817; x_wconf 85' lang='lat' dir='ltr'><strong>Uno</strong></span> <span class='ocrx_word' id='word_1_838' title='bbox 1752 5762 1905 5817; x_wconf 71' lang='lat' dir='ltr'><strong>verba</strong></span> <span class='ocrx_word' id='word_1_839' title='bbox 1936 5780 2159 5830; x_wconf 68' lang='lat' dir='ltr'><strong>pravum</strong></span> 
     </span>
    </p>
   </div>
   <div class='ocr_carea' id='block_1_114' title="bbox 588 5832 2167 5905">
    <p class='ocr_par' dir='ltr' id='par_1_114' title="bbox 588 5832 2167 5905">
     <span class='ocr_line' id='line_1_114' title="bbox 588 5832 2167 5905; baseline -0.001 -14"><span class='ocrx_word' id='word_1_840' title='bbox 588 5836 833 5905; x_wconf 69' lang='lat' dir='ltr'><strong>a/fcrtum</strong></span> <span class='ocrx_word' id='word_1_841' title='bbox 874 5850 1076 5890; x_wconf 84' lang='lat' dir='ltr'><strong>omnem</strong></span> <span class='ocrx_word' id='word_1_842' title='bbox 1106 5832 1269 5900; x_wconf 80' lang='lat' dir='ltr'><strong>tollit,</strong></span> <span class='ocrx_word' id='word_1_843' title='bbox 1306 5833 1461 5903; x_wconf 79' lang='lat' dir='ltr'><strong>idque</strong></span> <span class='ocrx_word' id='word_1_844' title='bbox 1496 5837 1645 5888; x_wconf 74' lang='lat' dir='ltr'><strong>suavi</strong></span> <span class='ocrx_word' id='word_1_845' title='bbox 1672 5836 1902 5901; x_wconf 80' lang='lat' dir='ltr'><strong>quadam</strong></span> <span class='ocrx_word' id='word_1_846' title='bbox 1931 5852 2045 5890; x_wconf 81' lang='lat' dir='ltr'><strong>cum</strong></span> <span class='ocrx_word' id='word_1_847' title='bbox 2075 5836 2167 5890; x_wconf 84' lang='lat' dir='ltr'><strong>de-</strong></span> 
     </span>
    </p>
   </div>
   <div class='ocr_carea' id='block_1_115' title="bbox 2267 5761 3840 5846">
    <p class='ocr_par' dir='ltr' id='par_1_115' title="bbox 2267 5761 3840 5846">
     <span class='ocr_line' id='line_1_115' title="bbox 2267 5761 3840 5846; baseline 0.001 -28"><span class='ocrx_word' id='word_1_848' title='bbox 2267 5766 2570 5846; x_wconf 65' lang='lat' dir='ltr'><strong>lectatione.</strong></span> <span class='ocrx_word' id='word_1_849' title='bbox 2597 5766 2799 5823; x_wconf 82' lang='lat' dir='ltr'><strong>Saulus</strong></span> <span class='ocrx_word' id='word_1_850' title='bbox 2820 5776 3000 5822; x_wconf 82' lang='lat' dir='ltr'><strong>autem</strong></span> <span class='ocrx_word' id='word_1_851' title='bbox 3024 5765 3153 5837; x_wconf 80' lang='lat' dir='ltr'><strong>legit</strong></span> <span class='ocrx_word' id='word_1_852' title='bbox 3180 5761 3402 5834; x_wconf 78' lang='grc' dir='ltr'>πλῆθος,</span> <span class='ocrx_word' id='word_1_853' title='bbox 3431 5764 3840 5829; x_wconf 77' lang='lat' dir='ltr'><strong>multitudinem,</strong></span> 
     </span>
    </p>
   </div>
   <div class='ocr_carea' id='block_1_116' title="bbox 2275 5846 2663 5892">
    <p class='ocr_par' dir='ltr' id='par_1_116' title="bbox 2275 5846 2663 5892">
     <span class='ocr_line' id='line_1_116' title="bbox 2275 5846 2663 5892; baseline -0.003 0"><span class='ocrx_word' id='word_1_854' title='bbox 2275 5852 2456 5892; x_wconf 76' lang='lat' dir='ltr'><strong>mlllUS</strong></span> <span class='ocrx_word' id='word_1_855' title='bbox 2496 5846 2663 5892; x_wconf 75' lang='grc' dir='ltr'>τοοιυ.</span> 
     </span>
    </p>
   </div>
  </div>
