4130 6304
516 233 588 292 ss
1745 241 2132 306 summu
2167 245 2526 308 ZIGABENI
3694 237 3769 305 56

520 345 802 399 nominum
861 345 1297 420 inscriptionem,
1333 353 1587 422 privatim
1624 356 1690 410 ad
1743 357 2083 426 psallendum

2203 360 2482 431 ἀλλοτρίας
2505 357 2838 430 ἐπιγραφὰς,
2872 357 2932 413 ού
2964 356 3058 412 τοῦ
3094 357 3285 423 δεῖνος,
3315 357 3452 413 ἀλλὰ
3506 358 3583 429 τῷ
3627 359 3770 413 δεῖνι

519 436 593 489 sit
622 438 858 494 traditus
887 458 900 492 :
928 454 1051 494 cum
1083 442 1173 497 alii
1211 446 1405 514 psalmi
1431 447 1500 502 ab
1549 449 1827 504 universis
1855 450 2094 504 cantori-

521 531 643 593 bus,
698 540 862 600 atque
914 534 969 588 in
1031 550 1328 592 commune
1375 549 1726 596 canerentur.
1789 540 1869 596 illi
1930 545 2096 612 igitur

519 621 738 685 psalmi,
774 624 865 691 qui
916 625 1174 695 privatim
1209 629 1278 682 ab
1318 630 1506 701 aliquo
1567 648 1757 688 eorum
1821 634 2094 690 decantati

521 722 671 775 sunt,
707 717 948 772 cantoris
979 719 1064 773 sui
1099 719 1512 789 inscriptionem
1559 727 1864 781 retulerunt
1893 745 1906 781 :
1951 727 2096 796 quod

518 807 686 861 etiam
721 809 1063 866 manifestius
1115 813 1165 866 lit
1199 830 1262 868 ex
1307 817 1392 871 his
1441 833 1561 886 qua:
1614 819 1668 873 in
1702 821 1843 874 libro
1885 821 2096 874 Parali-

519 914 793 967 pomenon
845 903 1076 972 legimus
1099 906 1140 960 ⁸.
1171 905 1394 972 Cecinit,
1441 909 1637 978 inquit,
1687 916 1949 968 canticum
2001 914 2098 968 hoc

517 995 576 1046 in
661 1012 824 1049 manu
885 996 1084 1066 Asaph.
1153 1000 1292 1066 Quin
1374 1004 1539 1057 etiam
1610 1003 1680 1059 ab
1739 1005 2098 1076 inscriptione

520 1085 719 1154 psalmi
745 1103 976 1152 xxxvm,
1009 1104 1132 1159 quae
1162 1091 1472 1158 huiusmodi
1509 1094 1657 1160 est’,
1692 1094 1758 1150 In
1790 1097 1950 1166 ﬁnem
1977 1097 2098 1151 ldi-

524 1177 672 1232 thum
699 1181 963 1233 canticum
995 1182 1095 1250 ipsi
1125 1181 1314 1236 David.
1352 1183 1726 1255 Compositum
1769 1189 1971 1259 quippe
1997 1190 2098 1243 l'uit

524 1269 578 1322 id
623 1270 957 1326 canticuma
1004 1274 1165 1328 beato
1221 1275 1414 1340 David,
1471 1286 1527 1332 et
1582 1279 1650 1334 ab
1711 1295 1777 1335 eo
1837 1282 2097 1337 traditum

518 1363 781 1429 lditbum,
819 1375 876 1418 nt
909 1366 1037 1420 illud
1090 1378 1336 1423 caneret.
1377 1368 1628 1426 Psalmus
1667 1374 1832 1430 etiam
1860 1391 1987 1430 mn
2017 1376 2097 1432 sic

521 1455 848 1511 inscribitur
886 1458 973 1511 ‘°:
1012 1457 1076 1511 In
1111 1460 1269 1529 ﬁnem
1318 1461 1450 1530 ﬁliis
1499 1460 1652 1528 Care,
1696 1465 1936 1534 psalmus
1995 1468 2098 1536 ipsi

527 1545 716 1600 David.
741 1547 1011 1604 Praeterea
1037 1551 1233 1621 psalmi
1267 1569 1486 1619 omnes,
1519 1555 1613 1625 qui
1645 1556 1875 1612 aliorum
1905 1559 2098 1614 inscri-

521 1640 737 1708 ptiones
784 1640 1009 1709 habent,
1042 1660 1149 1697 non
1179 1661 1273 1715 per
1305 1650 1605 1720 genitivum
1632 1664 1840 1715 casum,
1875 1651 1968 1705 sed
2002 1667 2096 1720 per

2197 454 2660 523 ὲπιγεγράφαται,
2699 453 2728 507 ὃ
2762 453 2856 508 καὶ
2895 451 3028 506 αὐτὸ
3085 454 3311 523 σημεῖον
3371 453 3625 523 ἐναργὲς,
3687 454 3769 507 ὅτι

2195 545 2272 614 τῷ
2292 546 2456 600 Δαύὶδ
2488 546 2825 616 ποιηθέντες,
2884 545 3100 609 τούτοις
3156 544 3445 616 ἰδιαίτερον
3509 546 3644 614 πρὸς
3706 545 3772 599 16

2194 639 2420 708 ψάλλειν
2447 640 2789 709 ὲνετέθησαν.
2818 639 2881 692 El
2911 639 2956 691 δ’
2984 640 3126 692 εἴποι
3158 656 3263 703 τις,
3307 638 3391 692 ὅτι
3420 639 3516 692 καὶ
3543 640 3650 708 μὴν
3677 640 3773 693 καὶ

2195 725 2408 796 ψαλμδς
2434 726 2512 796 τῷ
2537 725 2704 780 Δαὸὶδ
2725 727 3134 796 ἐπιγέγραπται
3160 728 3274 790 τοῖς
3303 727 3568 788 πλείοσιν.
3617 727 3774 797 ἐροῦ-

2199 834 2319 888 μεν,
2349 818 2433 870 ὅτι
2471 818 2564 869 καὶ
2596 816 2810 879 πολλοῖς
2833 815 3016 878 πάλιν,
3054 814 3267 882 ψαλμὸς
3291 814 3388 867 τοῦ
3421 815 3604 876 Δαϐὶδ,
3627 816 3774 883 ὅπερ

2196 911 2290 962 ἐπὶ
2322 908 2431 961 τῶν
2484 907 2662 962 ἄλλων
2711 908 2808 978 οὐχ
2865 908 3142 978 εὑρήσεις,
3176 907 3264 961 ἵνα
3287 907 3525 976 γνῶμεν,
3551 908 3632 959 ὅτι
3674 907 3773 959 τοῦ

2197 999 2360 1054 Δαδὶδ
2398 1000 2503 1053 εἰσι
2541 1001 2635 1054 καὶ
2670 1001 3048 1070 πεποιημένοι,
3081 999 3142 1052 ού
3189 998 3464 1068 δεδομένοι
3495 1000 3588 1053 καὶ
3633 999 3774 1052 dva-

2197 1092 2478 1162 κείμενοιο
2510 1091 2668 1145 τοῦτο
2701 1089 2808 1162 γὰρ
2837 1090 2936 1161 τὴν
2969 1090 3233 1162 διαφορὰν
3269 1092 3587 1160 εἰσήγαγεν.
3629 1091 3690 1143 ’0
3731 1090 3778 1142 δ’

2198 1186 2278 1247 εἰς
2306 1184 2396 1235 16v
2435 1184 2675 1253 Μωῢσῆν
2722 1181 3151 1252 ἀναφερόμενος,
3199 1180 3459 1250 τοιαύτην
3519 1180 3633 1250 εχει
3672 1181 3779 1247 τὴν

2197 1276 2512 1346 ἐπιγραφήν
2545 1291 2560 1307 ο
2641 1272 2962 1344 Προσευχὴ
3035 1272 3261 1343 Μωῐξσῇ
3318 1272 3610 1341 ἀνθρώπῳ
3662 1274 3779 1327 τοῦ

2201 1367 2370 1430 Θεοῦ,
2421 1368 2701 1437 μονονουχὶ
2750 1365 3134 1432 διδάσκουσαν,
3158 1365 3232 1429 ὠς
3275 1367 3303 1420 6
3343 1365 3559 1435 ψαλμὸς
3613 1361 3779 1428 οὗτος

2199 1458 2430 1527 ἁρμόζει
2470 1461 2583 1522 τοῖς
2609 1459 2699 1513 διὰ
2734 1457 2828 1511 τοῦ
2867 1459 3013 1513 Gelon
3040 1459 3254 1521 ὓδατος,
3313 1459 3430 1528 ἦτοι
3463 1458 3558 1511 τοῦ
3592 1475 3780 1526 σωτηο

2204 1553 2318 1622 ρίου
2360 1550 2759 1622 βαπτίσματος,
2785 1549 3095 1621 ἀνθρώποις
3119 1549 3211 1604 τοῦ
3242 1549 3380 1604 Θεοῦ
3421 1550 3732 1620 γινομένοις
3758 1563 3780 1579 ⁸

2199 1643 2437 1710 Μωῦτῆς
2483 1640 2590 1714 γὰρ
2661 1638 2915 1709 ληφθεὶς
2973 1640 3044 1704 ἐξ
3095 1640 3315 1706 ὕδατος
3387 1636 3781 1710 ἑρμηνεύεται.

519 1732 762 1786 dativum
823 1732 1248 1791 inscribuntur:
1286 1754 1410 1805 quae
1469 1753 1559 1794 res
1593 1738 1812 1795 abunde
1863 1740 2091 1803 indicat,

2203 1737 2584 1804 Δαμϐἁνονται
2609 1735 2665 1789 δὲ
2704 1735 2762 1800 ἐξ
2795 1733 3007 1800 ὓδατος,
3038 1736 3133 1788 καὶ
3161 1733 3298 1787 Θεοῦ
3322 1733 3600 1803 ἄνθρωποι
3634 1748 3781 1800 χρη-

520 1823 765 1891 psalmos
789 1824 1013 1892 quidem
1048 1841 1077 1880 a
1123 1827 1281 1883 beato
1317 1830 1487 1886 David
1524 1831 1695 1888 fuisse
1727 1835 2090 1902 conscriptos.

520 1914 617 1969 sed
652 1915 760 1970 illis
809 1919 1128 1973 cantoribus
1193 1920 1444 1989 privatim
1503 1925 1735 1979 traditos
1789 1924 1854 1978 ad
1900 1939 2096 1980 canen-

521 2005 675 2059 dum.
705 2006 860 2072 Quod
881 2007 926 2061 si
950 2009 1075 2077 quis
1105 2018 1320 2076 coiitra,
1342 2012 1474 2067 illud
1500 2011 1688 2069 dicat:
1718 2015 1906 2085 plures
1929 2018 2093 2070 etiam

522 2113 642 2154 esse
675 2103 940 2165 psalmos,
995 2103 1088 2171 qni
1143 2105 1195 2156 in
1246 2104 1606 2176 inscriptione
1652 2108 1858 2164 habent
1898 2125 2093 2164 nomen

524 2191 714 2255 David,
738 2193 789 2246 in
813 2196 1161 2277 tertio'casu,
1198 2197 1450 2255 videlicet
1487 2199 1730 2255 Psalmus
1765 2201 1865 2271 ipsi
1890 2201 2094 2258 David:

2201 1829 2536 1899 ματίξουσιν,
2569 1828 2618 1881 ol
2666 1827 3072 1899 βαπτιζόμενοι.
3097 1827 3236 1888 Τοὺς
3268 1825 3325 1878 δὲ
3355 1824 3450 1878 τοῦ
3490 1824 3782 1888 Σολομῶν-

2196 1938 2285 1983 τος
2312 1920 2639 1991 λεγομένους
2690 1921 2773 1976 εἰς
2833 1920 2923 1973 τὸν
2965 1919 3202 1989 Χριστὸν
3257 1917 3514 1988 εἰρῆσθαί
3567 1933 3780 1985 φαμεν.

2197 2013 2451 2084 Σολομὼν
2509 2013 2617 2082 γὰρ
2669 2013 3128 2081 εἶρηνικώτατος
3181 2010 3579 2081 ἑρμηνεύεται,
3639 2010 3782 2078 ὅπερ

2198 2106 2347 2160 ἐστὶν
2395 2107 2424 2159 6
2479 2103 2736 2175 Χριστὸς,
2778 2104 2920 2159 κατὰ
2956 2103 3120 2173 φύσιν
3151 2105 3251 2169 τὴν
3298 2105 3524 2174 εἰρήνην
3582 2101 3725 2172 ἔχων
3767 2116 3776 2130 ”

2200 2195 2466 2266 Εἰρήνην
2493 2195 2621 2267 γὰρ,
2670 2198 2828 2266 φησι,
2891 2198 3007 2264 τὴν
3045 2197 3201 2266 ἐμὴν
3221 2197 3431 2266 δίδωμι
3477 2197 3639 2257 ὑμῖν.
3698 2198 3786 2249 ει-

520 2279 911 2353 replicabimus
941 2289 1144 2343 multos
1175 2306 1298 2346 esse
1329 2293 1493 2348 etiam
1523 2295 1616 2364 qui
1663 2311 1760 2365 per
1789 2297 2094 2352 secundum

2203 2287 2393 2356 ρήνην
2420 2288 2536 2354 τὴν
2567 2287 2721 2356 ἐμὴν
2743 2288 2956 2357 ἀφίημι
2987 2289 3148 2357 ὑμῖν.
3184 2289 3322 2361 Περὶ
3349 2288 3405 2341 δὲ
3448 2287 3559 2340 τῶν
3588 2289 3785 2341 civem-

519 2389 708 2431 casum
738 2376 987 2447 inscripti
1016 2389 1178 2434 sunt:
1214 2382 1464 2439 videlicet
1518 2385 1765 2442 Psalmus
1796 2389 1961 2454 ipsius
1998 2386 2098 2441 Da-

518 2466 607 2519 vid
638 2483 658 2520 :
687 2467 833 2536 quod
855 2477 1031 2524 tamen
1059 2470 1110 2523 in
1141 2471 1264 2527 aliis
1297 2475 1616 2530 nominibus
1641 2491 1748 2530 non
1783 2478 2092 2548 reperitur:

521 2569 584 2613 ut
622 2561 866 2617 sciamus
897 2564 1044 2633 quod
1084 2565 1151 2618 ab
1185 2565 1305 2634 ipso
1338 2567 1559 2635 quidem
1593 2567 1763 2624 David
1797 2569 2097 2636 conscripti

523 2660 820 2717 sunt,non
855 2657 901 2708 ei
946 2656 1059 2709 dati
1108 2663 1203 2708 aut
1233 2657 1402 2710 oblati
1441 2677 1454 2712 :
1489 2659 1596 2714 hoc
1652 2658 1797 2714 enim
1841 2657 2102 2714 diﬂeren-

525 2745 654 2796 tiam
685 2745 1006 2799 introduxit.
1045 2745 1139 2800 llle
1176 2757 1359 2802 autem
1392 2750 1639 2818 psalmus
1687 2750 1779 2820 qui
1814 2749 1979 2820 Moysi
2018 2749 2100 2802 in-

524 2833 808 2900 scribitur,
824 2835 1139 2904 huiusmodi
1171 2837 1336 2892 habet
1365 2838 1779 2906 inscriptionem
1806 2841 1847 2872 ¹¹
1874 2853 1889 2890 :
1914 2838 2099 2893 Oratio

525 2927 627 2993 ipsi
661 2924 833 2995 Moysi
867 2927 1066 2980 homini
1104 2929 1222 2990 Dei,
1249 2945 1370 2998 quae
1401 2931 1690 3000 inscriptio
1719 2931 1918 2986 docere
1942 2931 2100 2986 vide-

2201 2379 2450 2450 γράφων,
2475 2378 2646 2433 πολλὰ
2673 2378 2784 2432 τῶν
2819 2378 3125 2449 Ἐΰραῖκῶν
3163 2380 3517 2450 ἀντιγράφων
3576 2395 3784 2448 συνημ-

2204 2472 2363 2542 μένον
2421 2473 2606 2542 ἐχουσι
2647 2468 2725 2542 τῷ
2775 2470 2979 2543 πρώτῳ
3040 2471 3242 2542 ψαλμῷ
3283 2472 3375 2525 τὸν
3403 2472 3679 2541 δεύτερον,
3716 2469 3784 2522 οὐ

2201 2563 2603 2634 προσκειμένου
2638 2565 2752 2626 τοῖς
2795 2563 3033 2633 ψαλμοῖς
3072 2563 3307 2635 ἀριθμοῦ
3362 2564 3494 2634 παρ’
3548 2563 3734 2624 αὐτοῖς
3766 2579 3781 2591 ·

2199 2657 2230 2708 6
2257 2654 2313 2708 δὲ
2342 2654 2617 2725 δεύτερος.
2648 2654 3058 2726 ἀναντιῤῥήτως
3091 2658 3185 2711 τοῦ
3218 2656 3401 2712 Δαϐίδ.
3454 2657 3561 2709 Καὶ
3587 2655 3785 2709 τούτου

2205 2748 2484 2818 μάρτυρες
2512 2745 2895 2812 οἱὰπόστολοι,
2929 2747 3180 2814 λέγοντες
3220 2748 3355 2818 πρὸς
3410 2749 3502 2800 τὸν
3551 2747 3685 2801 Θεὸν
3723 2749 3788 2800 ὲν

2201 2839 2322 2902 ταῖς
2345 2836 2619 2908 Πράξεσιν
2642 2853 2656 2870 ·
2697 2839 2764 2893 '0
2794 2838 2894 2893 διὰ
2921 2841 3224 2907 στόματος
3249 2839 3429 2894 Δαόὶὸ
3472 2839 3580 2894 τοῦ
3640 2853 3786 2893 ποι-

2203 2930 2310 2996 δός
2339 2941 2456 2984 σου
2489 2928 2672 2982 εἰπών
2694 2945 2709 2961 ·
2742 2930 2877 2984 ἰνα
2906 2931 2963 2984 τί
2990 2931 3304 3001 ἐφρύαξαν
3345 2933 3512 2997 ἔθνη,
3564 2931 3659 2983 καὶ
3713 2931 3786 2985 τὰ

527 3027 619 3071 tur
642 3017 788 3087 quod
814 3017 902 3071 ille
931 3017 1176 3079 psalmus
1211 3019 1278 3074 iis
1302 3031 1589 3091 congruat,
1615 3022 1708 3090 qui
1735 3037 1830 3091 per
1855 3022 2096 3077 divinam

2205 3019 2350 3090 ἑξῆς.
2379 3019 2868 3075 Συναποδείκνυται
2894 3015 2988 3075 οὖν
3009 3022 3103 3075 καὶ
3133 3024 3160 3075 6
3191 3022 3409 3090 πρῶτος
3439 3021 3656 3091 ψαλμδς
3686 3020 3785 3074 τοῦ

525 3121 747 3176 aquam,
781 3107 884 3162 hoc
913 3116 998 3162 est
1042 3124 1137 3177 per
1175 3109 1420 3166 Salutarc
1479 3113 1757 3167 lavacrum
1801 3114 2103 3184 baptisma-

526 3201 617 3264 tis,
647 3199 899 3256 homines
954 3200 1049 3255 Dei
1091 3200 1266 3257 οπεοιί
1311 3216 1460 3258 sunt.
1509 3203 1726 3274 Moyses
1783 3207 1984 3276 quippe
2019 3207 2103 3261 in-

525 3299 885 3359 terpretatur,
938 3303 1247 3360 assumptus
1297 3310 1363 3348 ex
1421 3311 1583 3364 aqua.
1656 3293 1730 3348 Ex
1779 3310 1918 3366 aqua
1976 3309 2104 3350 vero

526 3391 889 3437 assumuntur
940 3400 1130 3438 omnes
1188 3386 1278 3454 qui
1339 3387 1707 3456 baptizantnr.
1741 3385 1896 3442 Unde
1940 3388 2103 3440 etiam

527 3474 622 3528 Dei
679 3475 930 3530 homines
986 3476 1180 3531 merito
1251 3478 1740 3546 cogumninantttr.
1795 3477 1903 3534 Eos
1977 3495 2105 3534 vero

527 3567 790 3634 psalmos,
839 3569 933 3638 qui
992 3567 1304 3623 Salomonis
1359 3569 1645 3635 dicuntur,
1702 3570 1759 3624 in
1822 3570 2103 3626 Christum

527 3659 703 3714 fuisse
751 3661 1100 3730 compositos
1152 3671 1496 3731 reputamus.
1557 3661 1818 3716 Salomon
1867 3678 2106 3733 namque

531 3754 923 3821 interpretatur
956 3753 1234 3821 paciﬁcus.
1268 3751 1470 3809 Verum
1533 3755 1789 3824 quisnam
1819 3756 1962 3810 alius
1995 3764 2104 3810 tam

530 3843 634 3897 fuit
685 3843 967 3913 paciﬁcus,
1011 3859 1174 3913 quam
1236 3844 1532 3900 Christus?
1582 3845 1675 3914 qui
1734 3854 1930 3901 natura
1989 3846 2106 3916 ipsa

527 3948 716 4002 pacem
742 3934 937 3990 habet?
968 3938 1008 3968 ¹²
1046 3939 1259 3998 Pacem,
1280 3936 1448 4001 enim,
1474 3935 1933 4005 inquit,meamdo
1948 3939 2103 4006 vobis,

525 4042 706 4091 pacem
722 4043 889 4080 meam
908 4028 1143 4097 relinquo
1162 4029 1322 4082 vobis.
1336 4029 1650 4099 De'psalmis
1668 4032 1758 4099 qui
1779 4030 1896 4086 sine
1911 4031 2108 4086 inscri-

529 4119 717 4186 ptione
748 4129 904 4184 sunt,
937 4121 1165 4177 illud.in
1216 4123 1406 4189 primis
1461 4122 1748 4177 sciendum
1794 4130 1906 4190 est,
1959 4123 2106 4193 quod

531 4211 701 4264 multa
736 4210 1091 4266 Hebrazorum
1122 4213 1488 4281 exemplaria,
1518 4214 1876 4283 coniunctum
1907 4214 2109 4270 habent

2206 3113 2370 3166 Δαόὶδ
2400 3110 2558 3168 εἶναι.
2592 3113 2654 3166 Εἰ
2687 3113 2742 3165 δὲ
2770 3117 2864 3167 καὶ
2887 3116 2914 3165 6
2946 3113 3155 3182 πρῶτος
3190 3115 3284 3167 καὶ
3308 3117 3336 3169 6
3368 3113 3622 3186 δεύτερος
3671 3112 3788 3166 τῶν

2204 3203 2613 3274 ἀνεπιγράφων,
2647 3201 2742 3256 τοῦ
2769 3204 2950 3268 Δαδὶδ,
2994 3206 3086 3258 καὶ
3116 3205 3167 3256 οἱ
3192 3202 3339 3258 ἄλλοι
3363 3204 3564 3268 πάντες
3594 3202 3790 3256 averri-

2205 3309 2428 3368 γραφοι,
2453 3296 2592 3350 καθὰ
2628 3297 2799 3364 δήπου
2824 3296 2917 3349 καὶ
2947 3297 2973 3347 6
2998 3296 3353 3366 ὲνενηκοστδς
3403 3295 3684 3364 τέταρτος,
3705 3294 3786 3358 ὡς

2209 3390 2478 3460 μαρτυρεῖ
2496 3390 2524 3440 6
2547 3388 2846 3450 ἀπόστολος
2887 3386 3098 3451 Παῦλος
3124 3390 3182 3441 ὲν
3209 3391 3274 3458 τῇ
3307 3389 3444 3458 πρὸς
3493 3387 3790 3456 Ἐϐραίους

2218 3477 2528 3547 Ἐπιστολῇ,
2567 3477 2793 3544 φάσκων
2822 3493 2835 3505 ’
2884 3477 3021 3531 de
3043 3476 3216 3545 ὁρίζει
3251 3477 3480 3544 ἡμέραν
3516 3475 3792 3544 σήμερον

2206 3569 2275 3621 ἐν
2311 3566 2507 3630 Δαϐὶό,
2539 3565 2734 3634 λέγων
2765 3569 2915 3634 μετὰ
2966 3567 3264 3621 τοσοῦτον
3312 3569 3558 3635 χρόνον,
3591 3566 3792 3629 καθὼς

2206 3660 2438 3728 εἴρηται
2478 3677 2494 3692 ο
2531 3659 2805 3728 Σήμερον
2841 3659 2950 3713 ἐὰν
2988 3656 3097 3724 τῆς
3134 3658 3343 3728 φωνῆς
3372 3659 3560 3713 αὑτοῦ
3611 3658 3794 3712 ἁκού-

2209 3768 2378 3819 σητε,
2412 3753 2500 3823 μὴ
2534 3754 2923 3820 σκληρύνητε
2962 3750 3066 3817 τὰς
3119 3751 3372 3818 καρδίας
3426 3749 3615 3818 ὑμῶν.
3678 3751 3793 3804 Καὶ

2210 3843 2261 3896 οἱ
2293 3841 2565 3914 ἀνώνυμοι
2596 3845 2653 3898 δὲ
2710 3843 2874 3898 Δαϐίδ
2913 3846 3071 3905 εἰσιν,
3098 3843 3175 3905 ὡς
3218 3843 3462 3896 διδάσκει
3513 3842 3792 3908 Στέφανος

2207 3938 2234 3989 6
2265 3935 2664 4006 πρωτομάρτυς
2696 3939 2754 3989 ὲν
2791 3937 2911 3998 ταῖς
2961 3934 3202 4004 Πράξεσι
3230 3951 3246 3967 ο
3310 3933 3445 4004 φησὶ
3504 3933 3611 4003 γὰρ
3652 3937 3793 4002 πρὸς

2223 4028 2554 4092 Ἰουδαίους·
2589 4028 2744 4092 Ἕως
2789 4025 2906 4081 τῶν
2962 4025 3200 4096 ἡμερῶν
3259 4026 3459 4090 Δαεὶδ,
3512 4026 3581 4092 ὃς
3648 4022 3792 4094 εὗρε

2211 4120 2391 4188 χάριν
2429 4118 2691 4173 ἐνώπιον
2722 4117 2830 4173 τοῦ
2881 4117 3052 4183 Θεοῦ,
3104 4117 3204 4170 καὶ
3239 4116 3513 4183 ᾐτήσατο
3587 4115 3792 4182 εὑρεῖν

2209 4213 2501 4282 σκήνωμα
2540 4211 2618 4277 τῷ
2659 4209 2782 4274 Θεῷ
2817 4209 3032 4264 Ἰακώϐ.
3067 4208 3241 4261 Τοῦτο
3278 4208 3336 4262 δὲ
3389 4209 3450 4261 τὸ
3495 4210 3659 4279 ῥητὸν
3694 4207 3789 4260 τού

4013 688 4015 758 4

4015 800 4017 840 i

4017 910 4019 986 ε

4019 1022 4021 1070 I

4027 1466 4029 1536 ι

4029 1665 4033 1764 l

4033 1800 4035 1860 l

4035 1910 4037 1974 4

4037 2022 4039 2050 η

529 4303 832 4359 secundum
889 4305 1163 4375 psalmum
1221 4320 1348 4360 cum
1401 4305 1774 4372 primozcum
1829 4308 1970 4376 apud
2012 4323 2099 4364 eos

2213 4303 2326 4374 ρλα¹
2353 4303 2594 4373 ψαλμοῦ,
2628 4303 2784 4373 δῆλόν
2804 4304 2975 4363 ἐστιν,
2998 4301 3074 4364 ὡς
3104 4301 3250 4354 ἐστιν
3269 4299 3573 4367 ἀνώνυμος.
3626 4299 3790 4352 Ἀλλὰ

530 4411 640 4451 non
672 4398 743 4451 sit
766 4409 1028 4452 numerus
1050 4398 1102 4451 in
1136 4398 1361 4467 psalmis
1399 4415 1410 4449 :
1446 4398 1721 4452 secundus
1755 4408 1964 4463 autem,
1987 4400 2099 4456 sine

2214 4398 2305 4451 καὶ
2325 4397 2375 4449 oi
2403 4398 2464 4448 τὸ
2501 4395 2864 4463 Ἀλληλούτα
2893 4391 3376 4462 ἐπιγεγραμμένον
3408 4392 3617 4460 ἔχοντες
3693 4389 3789 4442 τοῦ

527 4489 986 4548 contradictione.
1053 4489 1408 4557 conscriptus
1479 4489 1584 4542 fuit
1623 4503 1652 4542 a
1700 4491 1856 4545 beato
1911 4489 2099 4545 David.

2214 4488 2379 4542 Δαὸίδ
2403 4489 2540 4540 εἰσιν
2581 4502 2595 4516 ’
2633 4485 2834 4540 αὐτίκα
2863 4485 2971 4555 γὰρ
3010 4485 3038 4536 6
3065 4483 3285 4551 πρῶτος
3316 4481 3520 4548 αὐτῶν,
3554 4483 3582 4536 6
3625 4480 3700 4553 96!
3727 4482 3788 4533 ὲν

527 4577 702 4644 Cujus
737 4579 814 4633 rei
871 4587 1042 4633 testes
1097 4580 1365 4634 habemus
1421 4580 1718 4649 apostolos,
1774 4581 1828 4634 in
1875 4582 2099 4636 Actibus

2211 4582 2322 4644 τοῖς
2366 4579 2871 4649 Παραλειπομένοις
2906 4579 2984 4648 τῷ
3005 4576 3171 4630 Δαῦὶδ
3202 4574 3531 4643 πεποιῆσθαι
3582 4575 3792 4642 γέγρα-

529 4672 774 4726 dicentcs
828 4671 895 4725 ad
946 4671 1114 4726 Deum
1152 4689 1166 4727 :
1205 4673 1248 4704 "
1289 4672 1366 4726 Tu
1400 4675 1486 4742 qui
1524 4689 1615 4740 per
1659 4691 1714 4726 os
1753 4673 1920 4728 David
1953 4676 2099 4742 pueri

2213 4690 2364 4726 πται.
2394 4676 2553 4726 Δοκεῖ
2583 4671 2678 4726 οὖν
2707 4671 2859 4724 αἰτία
2888 4669 2981 4724 τοῦ
3018 4670 3116 4740 μὲν
3146 4662 3284 4721 εἶναι
3317 4684 3469 4730 τινας
3490 4663 3792 4736 ἀνεπιγρά-

533 4758 610 4809 tui
654 4758 841 4810 dixisti
869 4774 886 4811 :
917 4758 1095 4822 Quare
1122 4762 1526 4815 insurrexerunt
1557 4770 1754 4830 gentes,
1806 4773 1910 4818 etc.
1949 4763 2099 4820 Unde

2215 4779 2370 4832 φους,
2397 4763 2480 4815 ὅτι
2509 4764 2610 4817 οὐκ
2653 4765 2732 4825 εις
2764 4761 2938 4831 ὄνομα
2987 4761 3110 4825 ἑνὸς
3153 4759 3338 4824 ἔθνους
3389 4759 3622 4823 ἕκαστος
3679 4757 3791 4811 τῶν

529 4845 692 4900 ctiam
722 4847 1132 4902 demonstratur
1161 4852 1399 4918 primum
1456 4853 1727 4920 psalmum
1769 4853 1882 4920 pari
1947 4854 2108 4908 modo

529 4938 848 5006 ipsiuscsse
884 4940 1052 4994 David
1082 4955 1096 4993 :
1128 4941 1274 5011 quod
1308 4943 1352 4995 si
1410 4944 1649 5011 primum
1699 4952 1754 4997 et
1807 4945 2107 4998 secundum

529 5028 830 5097 psalmum.
885 5033 981 5101 qui
1009 5045 1200 5089 carent
1255 5035 1634 5103 inscriptione,
1691 5035 1930 5089 dicimus
1987 5047 2111 5090 esse

2216 4853 2471 4906 τοιούτων
2506 4854 2726 4920 λέγεται
2757 4869 2771 4884 ⁸
2804 4853 2898 4907 τοῦ
2951 4853 3008 4905 δὲ
3049 4851 3388 4921 ἀνωνύμους,
3432 4851 3514 4903 ὅτι
3566 4852 3646 4913 εἰς
3699 4849 3792 4902 τὸν

2218 4943 2424 5012 Κύριον
2463 4943 2713 5013 εἴρηνται
2736 4959 2749 4972 ·
2780 4944 2875 4995 τοῦ
2905 4943 2962 4997 δὲ
2994 4944 3184 5013 φέρειν
3259 4941 3649 5008 Ἀλληλούια,
3707 4941 3792 4994 ὅτι

2219 5034 2356 5104 πρὸς
2380 5035 2512 5087 Θεὸν
2539 5037 2680 5089 εἰσιν
2702 5038 3024 5108 εὐχαριστία
3059 5034 3152 5087 καὶ
3183 5032 3373 5101 ὕμνος.
3405 5033 3514 5086 Καὶ
3534 5031 3663 5103 περὶ
3692 5033 3792 5103 μὲν

532 5119 727 5182 David,
769 5132 1172 5190 consequenter
1197 5124 1287 5176 alii
1337 5139 1554 5186 omnes,
1588 5124 1680 5193 qni
1731 5125 1851 5179 sine
1907 5124 2099 5180 inscri-

2216 5128 2408 5178 τούτου
2431 5124 2707 5179 τοσαῦταο
2773 5126 2965 5197 καιρὸς
3021 5126 3078 5179 δὲ
3135 5126 3312 5179 εἰπεῖν
3356 5123 3453 5177 καὶ
3506 5124 3792 5193 περὶτῶν

539 5213 728 5280 ptione
772 5224 920 5277 sunt,
973 5216 1216 5285 ejusdem
1251 5227 1411 5270 erunt
1448 5233 1460 5268 :
1503 5216 1666 5270 sicuti
1695 5215 1837 5270 inter
1877 5226 2108 5271 cazteros
2214 5216 2412 5270 ἄλλων.

536 5318 661 5356 esse
683 5304 890 5358 scimus
936 5307 1206 5372 psalmum
1257 5306 1671 5374 nonagesimum
1727 5317 2007 5372 quartum,
2052 5318 2106 5358 ut
2148 5315 2437 5361 attestatur
2491 5310 2785 5376 Apostolus
2831 5309 2882 5362 in
2919 5307 3159 5377 Epistola
3211 5322 3310 5362 sua
3369 5307 3434 5360 ad
3504 5304 3786 5380 Hebraeos.

537 5395 726 5447 dicens
752 5397 794 5424 "
831 5413 842 5447 :
881 5394 1082 5450 Iterum
1114 5398 1399 5464 quamdam
1427 5397 1743 5451 determinat
1776 5414 1914 5452 atem
1939 5399 2090 5451 nodie
2120 5399 2171 5451 in
2216 5397 2408 5461 David,
2433 5403 2611 5454 dicens
2639 5409 2755 5468 post
2800 5408 3004 5453 tantum
3049 5410 3291 5470 tempus:
3323 5398 3473 5452 hodie
3513 5397 3560 5450 si
3612 5412 3787 5451 vocem

534 5493 653 5560 (jus
687 5495 981 5558 audieritis,
1011 5496 1170 5548 nolite
1201 5495 1461 5548 obdurare
1499 5511 1659 5548 coraa
1693 5495 2110 5551 vestraJ’salmi
2148 5510 2368 5564 quoque
2408 5495 2504 5564 qui
2565 5505 2693 5550 sunt
2724 5496 2845 5550 sine
2892 5495 3137 5558 nomine,
3211 5493 3388 5549 cidem
3450 5493 3763 5546 ascribendi

607 5608 625 5630 '
665 5603 808 5660 Psal.
863 5623 1023 5669 xxxv,
1078 5607 1160 5661 15.
1249 5609 1268 5638 °
1303 5607 1443 5660 Psal.
1502 5625 1730 5672 xxxviii,
1775 5611 1822 5661 1.

1923 5611 1962 5640 ⁸ο
2006 5607 2099 5663 Psa

2203 5622 2418 5673 Luxtv,
2465 5609 2514 5660 l.
2579 5610 2614 5638 ¹¹
2655 5608 2792 5663 l'sal.
2852 5622 3076 5678 tum,
3130 5609 3178 5663 i.
3256 5608 3296 5639 "
3350 5605 3502 5662 loau.
3553 5601 3784 5672 x1v,27.

542 5677 582 5707 ’³
614 5679 733 5729 Act.
783 5693 854 5745 tv,
883 5677 972 5740 ρει,
1046 5677 1094 5716 ’ἃ
1135 5677 1295 5734 Ilebr.
1333 5694 1414 5743 tn,
1443 5679 1488 5732 8.
