4130 6304
264 314 332 378 57
1415 312 1799 376 COMMENT.
1839 311 1926 374 IN
1959 292 2335 378 Psamos.‘
3451 310 3523 373 ss

262 435 410 492 sunt,
463 434 521 482 ut
564 430 719 484 docet
743 428 934 484 beatus
999 427 1311 499 Stephanus
1344 436 1715 498 protomartyr
1765 427 1821 482 in
1849 427 2082 484 Actibus
2107 425 2303 484 dicens
2325 423 2393 483 ad
2423 421 2685 482 Judzeos:
2726 422 2769 458 "
2808 421 2987 493 Usque
3039 426 3112 478 ad
3153 422 3267 479 dies
3324 422 3519 491 David,

261 526 353 592 qui
380 527 565 580 invenit
594 527 823 595 gratiam
848 542 1028 579 coram
1062 525 1192 592 Deo,
1215 535 1264 580 el
1289 526 1460 595 petiit,
1525 534 1582 578 ut
1649 525 1905 579 inveniret
1948 524 2352 579 tabernaculum
2388 521 2496 577 Deo
2523 513 2717 580 Iacob.
2759 519 2916 588 Quod
2969 519 3178 576 dictum
3230 522 3523 579 manifeste

263 627 539 688 sumptum
569 624 651 672 est
679 634 742 673 ex
769 617 980 688 psalmo
1033 627 1219 686 cxxxl,
1260 619 1352 690 qui
1400 619 1649 674 auctoris
1681 626 1834 673 caret
1871 618 2119 675 nomine.
2153 614 2510 672 Similimodo
2539 617 2704 670 etiam
2734 614 2954 685 psalmi,
2978 614 3074 684 qui
3137 615 3260 669 loco
3317 615 3520 670 inscri-

261 711 460 780 ptionis
526 710 729 765 habent
776 711 1032 776 Alleluia,
1107 711 1284 780 ipsius
1341 711 1513 768 David
1584 710 1874 780 reputaudi
1936 716 2107 766 sunt:
2140 707 2414 779 siquidem
2449 721 2640 764 eorum
2677 706 2887 777 primus
2931 705 3025 776 qui
3072 711 3156 764 est
3197 720 3307 768 crv,
3343 703 3524 759 mani-

261 799 399 858 feste
443 801 510 854 ab
557 814 625 855 eo
678 801 782 856 fuit
838 803 1194 872 compositus,
1246 811 1307 858 ut
1357 803 1594 873 legimus
1621 804 1682 860 in
1734 803 1879 877 libro
1945 802 2434 872 Paralipomenon.
2485 799 2648 854 Ratio
2711 806 2914 862 autem,
2967 813 3136 869 quare
3183 800 3523 873 psalmorum

263 899 429 971 aliqui
470 907 664 954 carent
711 900 1094 972 inscriptione,
1152 901 1373 956 videtur
1419 915 1480 957 ea
1527 914 1670 964 esse,
1738 900 1866 970 quia
1909 914 2018 954 non
2059 899 2114 954 in
2166 897 2335 954 unius
2365 904 2576 953 tantum
2637 897 2818 966 gentis
2861 894 3104 961 nomine,
3141 897 3526 967 unusquisque

263 1006 456 1049 eorum
496 993 676 1048 dictus
719 1002 802 1049 est
845 1011 860 1058 ;
891 995 1035 1064 quod
1066 1009 1198 1051 vero
1231 995 1342 1050 sint
1371 994 1494 1054 sine
1538 993 1783 1058 nomine,
1823 1007 1888 1048 ea
1919 991 2141 1048 videtur
2174 1006 2300 1051 esse
2328 991 2494 1056 ratio,
2561 989 2692 1061 quia
2729 990 2784 1044 in
2827 989 3008 1059 ipsum
3041 989 3332 1046 Dominum
3383 989 3519 1046 dicti

263 1094 430 1140 sunt:
463 1084 608 1155 quod
649 1085 853 1140 habent
879 1085 1135 1153 Alleluia,
1161 1087 1307 1141 ratio
1341 1093 1448 1156 est,
1480 1087 1608 1156 quia
1669 1083 1972 1156 gratiarum
1998 1082 2244 1140 actiones
2272 1089 2327 1139 et
2359 1081 2553 1138 laudes
2585 1081 2638 1135 in
2702 1079 2872 1136 Deum
2957 1083 3263 1137 continent.
3317 1080 3520 1138 Verum

260 1178 330 1234 de
357 1179 443 1233 bis
475 1179 591 1234 haec
616 1178 761 1235 dicta
790 1179 1064 1236 sulliciaut
1095 1197 1110 1236 :
1138 1190 1357 1253 tempus
1389 1191 1496 1246 est,
1539 1189 1598 1238 ut
1642 1181 1711 1238 de
1733 1179 1949 1237 caeteris
1973 1178 2138 1239 etiam
2161 1187 2482 1236 tractemus.

331 1274 550 1336 Ψαλτδς
572 1273 696 1345 μὲν,
722 1275 752 1327 ὀ
777 1274 1034 1345 ᾁδόμενος
1063 1274 1196 1338 Sed;
1216 1291 1230 1304 ·
1253 1275 1470 1346 ψαλμδς
1490 1277 1569 1341 δὲ,
1593 1275 1657 1331 es
1682 1291 1834 1344 ποιη-

1951 1330 1965 1343 ,
2018 1273 2240 1331 Psaltus
2273 1273 2498 1346 quidem
2525 1273 2671 1332 Deus
2704 1277 2790 1332 est
2830 1271 2924 1341 qui
2957 1270 3182 1325 canitur
3219 1287 3236 1326 ε
3269 1272 3522 1344 psalmus

265 1368 458 1439 μάτιον
485 1367 578 1421 καὶ
609 1367 670 1420 τὸ
705 1368 866 1437 μέλος
897 1369 1066 1422 αὐτοῦ
1087 1385 1102 1400 ·
1127 1369 1416 1442 ψαλμῳδδς
1443 1370 1522 1436 δὲ,
1549 1372 1580 1426 ὀ
1605 1371 1834 1440 ποιητὴς

1942 1380 2076 1424 vero
2105 1381 2298 1436 poema
2363 1373 2420 1424 et
2470 1379 2692 1422 carmen
2766 1364 2915 1434 quod
2973 1363 3037 1418 de
3091 1378 3158 1418 eo
3219 1363 3518 1418 canimus:

259 1459 498 1514 τούτων·
549 1457 828 1528 ψαλτῳδὸς
879 1459 960 1520 δὲ.
995 1461 1024 1512 ὀ
1053 1459 1273 1529 ψάλλων
1330 1460 1490 1519 τοῦτο
1533 1461 1695 1533 χορός
1717 1477 1732 1493 ·
1775 1461 1834 1514 τὸ

1939 1459 2286 1530 psalmodus,
2315 1467 2475 1532 poeta
2504 1466 2589 1516 est
2625 1457 2718 1529 qui
2757 1457 2875 1512 haec
2926 1455 3149 1512 coniicit
3206 1457 3452 1510 carmina
3503 1472 3520 1510 :

262 1550 448 1622 μέντοι
481 1550 766 1619 διάψαλμα
827 1551 1131 1622 μεταϐολήν
1161 1553 1418 1624 σημαίνει
1469 1554 1761 1625 νοήματος,
1801 1552 1834 1624 ἢ

1941 1561 1997 1610 et
2029 1550 2346 1620 Psallodus,
2408 1552 2614 1611 chorus
2669 1549 2982 1608 canentium
3043 1549 3335 1618 psalmos:
3401 1548 3522 1602 dia-

263 1642 480 1712 μέλους,
521 1642 556 1714 ἢ
595 1642 864 1712 ἀναϐολήν
901 1661 1021 1698 τινα
1075 1646 1409 1715 κρούματος,
1439 1646 1474 1717 ἢ
1531 1646 1834 1715 τηνικαῦτα

1941 1646 2175 1718 psalma,
2201 1647 2567 1704 mutationem
2599 1643 2911 1705 sententiae,
2937 1651 3034 1699 aut
3087 1650 3285 1699 cantus
3347 1639 3524 1712 signi,

261 1735 405 1790 θείου
465 1736 788 1807 Πνεύματος
853 1736 1125 1808 ἐλλαμψιν
1187 1741 1267 1804 είς
1318 1739 1447 1804 τοὺς
1494 1739 1833 1810 ψάλλοντας·

262 1829 652 1901 ἀπεγράφοντο
690 1830 799 1902 γὰρ
825 1830 999 1885 ταῦτα
1042 1833 1223 1887 πάντα
1259 1833 1348 1888 διὰ
1375 1834 1476 1906 τήν
1523 1834 1832 1907 ἀκρίϐειαν.

271 1916 433 1971 Ἀλλὰ
460 1918 674 1991 ψαλμὸς
708 1921 807 1990 μὲν
861 1921 1089 1992 κυρίως,
1123 1922 1152 1978 ὀ
1185 1923 1324 1994 μετὰ
1374 1925 1671 1995 ὀργανικοῦ
1700 1925 1837 1997 ψαλ-

255 2009 447 2080 τηρίου
501 2010 758 2081 ἐμμελῶς
809 2013 1254 2084 ἑκφωνούμενος·
1291 2016 1405 2087 ᾠδὴ
1434 2019 1512 2085 δὲ,
1568 2020 1719 2088 φωνή
1752 2035 1837 2082 τις

261 2103 497 2174 μουσική
551 2121 612 2158 τε
641 2104 734 2158 καὶ
788 2107 1134 2176 ἐναρμόνιος,
1186 2108 1295 2162 ἀπὸ
1346 2109 1510 2180 μόνου
1539 2112 1832 2176 στόματος.

262 2195 864 2268 Καταχρηστικώτερον
909 2198 967 2252 δὲ
1014 2199 1234 2268 λέγεται
1268 2202 1516 2268 κάκεῖνος
1555 2202 1687 2275 ᾠδὴ,
1740 2204 1835 2259 καὶ

255 2281 392 2356 αὕτη
409 2285 659 2357 ψαλμός·
691 2289 1050 2362 ἀρχαιότερον
1073 2291 1130 2347 δὲ
1157 2293 1190 2365 ή
1223 2292 1371 2365 ᾠδή·
1413 2295 1509 2349 καὶ
1529 2297 1640 2367 γὰρ
1665 2297 1835 2352 Matii-

259 2377 360 2447 σῆς
405 2375 549 2450 ἦρξε
577 2381 810 2451 ταύτης,
852 2383 949 2435 καὶ
978 2383 1269 2455 διήρκεσεν
1311 2386 1418 2451 ἕως
1446 2389 1631 2446 Δαϐίδ.
1663 2384 1836 2455 Οὗτος

255 2470 313 2525 δὲ
336 2472 558 2542 πρῶτος
588 2474 793 2544 ήρξατο
816 2475 927 2529 τῶν
957 2476 1190 2546 ψαλμῶν
1211 2496 1225 2510 ·
1278 2481 1327 2532 εί
1355 2480 1466 2551 γὰρ
1510 2483 1604 2537 καὶ
1635 2483 1836 2554 περιῆν

1942 1739 2066 1797 ﬁcat
2094 1758 2107 1796 :
2127 1748 2221 1796 aut
2239 1753 2597 1810 pausam,seu
2617 1737 3053 1808 interiectionem
3081 1734 3373 1810 quamdam
3394 1736 3522 1806 pul-

1939 1835 2197 1901 sationis,
2227 1835 2314 1891 vel
2343 1835 2638 1907 fulgorem,
2697 1844 2862 1904 atque
2915 1831 3378 1888 illuminationem
3438 1828 3525 1886 di—

1939 1927 2051 1984 vini
2083 1928 2347 1999 Spiritus,
2406 1943 2528 1997 qua
2587 1934 2721 1984 tunc
2779 1926 3108 1982 canentibus
3163 1921 3520 1993 apparebat:

1939 2018 2326 2077 scribebantur
2353 2021 2500 2075 enim
2535 2018 2718 2076 omnia
2747 2017 2867 2074 haec.
2927 2016 2997 2071 ab
3056 2015 3139 2072 eis
3202 2014 3520 2084 diligenter.

1937 2109 2193 2167 Psalmus
2221 2111 2445 2182 proprie
2474 2119 2559 2170 est
2583 2110 2714 2166 illud
2745 2123 2992 2175 carmen,
3033 2108 3177 2178 quod
3204 2106 3368 2164 simul
3393 2119 3523 2162 cum

1938 2202 2192 2261 Psalterii
2242 2205 2612 2262 instrumento
2671 2203 2828 2260 suavi
2881 2216 3020 2258 voce
3068 2199 3524 2274 prolertur:ode

1939 2310 2036 2351 seu
2062 2297 2366 2361 canticum,
2397 2310 2502 2350 vox
2542 2293 2788 2367 quaedam
2818 2302 2904 2348 est
2944 2293 3155 2348 musica
3198 2305 3323 2345 cum
3391 2290 3524 2343 bar-

1938 2386 2148 2455 monia,
2187 2386 2306 2443 solo
2354 2399 2452 2441 ore
2513 2386 2755 2455 prolata.
2819 2397 3157 2454 quamquam
3217 2381 3524 2450 improprie

1937 2479 2121 2547 ipsum
2193 2478 2471 2534 canticum
2523 2489 2899 2548 saepenumero
2974 2461 3226 2534 Psalmus
3282 2470 3524 2526 dicatur.

255 2561 558 2634 ψαλτήριον
584 2565 838 2637 ὄργανον,
870 2567 989 2622 ἀλλ’
1020 2568 1248 2640 ἄτεχνον
1273 2571 1364 2624 καὶ
1408 2571 1697 2638 ἰδιωτικὸν,
1739 2575 1834 2628 καὶ

1941 2571 2038 2627 Est
2071 2580 2254 2626 autem
2315 2569 2596 2625 canticum
2658 2568 2869 2637 psalmo
2944 2567 3270 2634 antiquius:
3308 2564 3524 2634 Moyses

255 2656 390 2725 πρὸς
416 2657 559 2727 μόνα
588 2658 793 2729 ψάλλον
821 2660 888 2714 τὰ
923 2661 1154 2731 ποίμνια
1173 2679 1189 2694 ·
1245 2663 1410 2717 Δαϐὶδ
1433 2665 1490 2717 δὲ
1522 2665 1834 2738 σοφώτερον

1940 2664 2143 2733 quippe
2174 2663 2378 2719 cantici
2411 2668 2608 2718 auctor
2635 2659 2759 2725 iuit,
2826 2659 3088 2728 illiusque
3150 2673 3287 2714 usus
3345 2670 3525 2725 usque

254 2747 410 2801 τοῦτο
440 2750 878 2815 κατεσκεύασεν,
902 2749 936 2822 ἢ
967 2751 1235 2822 ἥρμοσεν,
1268 2755 1370 2808 καὶ
1389 2753 1488 2827 τήν
1513 2755 1711 2827 χρῆσιν
1736 2759 1840 2812 αύ-

252 2837 345 2893 τοῦ
378 2839 526 2912 πρὸς
554 2840 690 2894 Θεὸν
721 2843 1081 2912 μετήνεγκεν.
1118 2845 1328 2916 ’Υμνος
1367 2847 1448 2912 δὶ,
1497 2849 1531 2919 ή
1577 2849 1836 2907 ὀπιτετα-

254 2931 387 3003 μίνη
421 2932 740 3000 δοξολογὶα·
771 2932 919 2998 αἶνος
957 2936 1037 3001 δὲ,
1069 2936 1099 2990 ὀ
1144 2936 1410 3009 σύντομος
1445 2940 1666 3005 ἔπαινος
1696 2959 1714 2975 ·
1752 2944 1840 3011 ιε-

247 3022 584 3093 ομολόγησις
610 3024 692 3091 δὲ,
724 3027 758 3097 ή
785 3028 907 3080 κατ’
933 3027 1188 3083 ἐπίτασιν
1215 3029 1480 3101 ὁμολογία
1496 3033 1532 3106 ἢ
1559 3035 1743 3090 καλῶν
1758 3031 1835 3092 ὧν

250 3117 668 3187 πεποιήκαμεν,
716 3120 750 3191 ἢ
797 3120 988 3176 κακῶν
1035 3115 1109 3176 ὧν
1139 3123 1518 3194 δεδράκαμεν·
1551 3132 1835 3202 προσευχὴ

250 3205 328 3270 δὲ,
360 3209 394 3280 ή
423 3207 618 3282 δέησις
637 3227 651 3242 ο
680 3213 816 3285 εὐχὴ
840 3214 921 3280 δὲ,
950 3216 984 3286 ἡ
1011 3217 1331 3287 ὑπόσχεσις.
1364 3219 1549 3275 Πάντα
1577 3220 1634 3274 δὲ
1655 3222 1840 3291 λέγον-

247 3313 338 3352 ται
366 3300 515 3371 πρὸς
541 3301 695 3358 Θεόν.
731 3305 798 3359 Τί
820 3306 922 3376 μὲν
951 3307 1046 3363 οῦν
1070 3310 1187 3363 ἑστι
1228 3309 1463 3380 ψαλμὸς,
1490 3312 1588 3366 καὶ
1608 3314 1661 3366 τί
1697 3313 1834 3385 ᾠδή,

251 3393 651 3463 προσηκόντως
672 3396 910 3468 εἴρηται.
949 3399 1106 3471 ᾮδὰς
1127 3401 1183 3455 δὲ
1217 3402 1450 3473 ψαλμῶν
1469 3405 1834 3476 ὑποληπτέον,

252 3479 334 3535 δτι
365 3481 744 3553 προτάσσεται
772 3487 874 3557 μὲν
906 3489 939 3557 ή
963 3489 1032 3542 δι’
1067 3489 1302 3561 ὀργάνου
1341 3495 1604 3565 μουσικὴ,
1643 3496 1836 3552 ’ἕπεται

253 3568 311 3624 δὲ
335 3573 368 3643 ή
394 3572 484 3626 διὰ
515 3575 793 3642 στόματος
827 3579 1002 3648 φωνὴ,
1035 3579 1299 3650 δευτέραν
1328 3582 1684 3653 λαμϐάνουσα
1717 3589 1833 3656 χώο

259 3678 386 3731 ραν·
419 3665 633 3737 ψαλμοὶ
656 3667 711 3721 δὲ
744 3667 921 3739 ᾠδῶν,
953 3671 1042 3724 ὅτε
1069 3672 1382 3725 τούναντίον
1405 3675 1646 3744 γίνηται.
1677 3677 1838 3731 Κατὰ

255 3753 312 3810 δὲ
340 3756 467 3821 τοὺς
509 3756 716 3826 νόμους
756 3760 856 3827 τῆς
887 3760 1207 3830 ἀναγωγῆς,
1246 3762 1462 3833 cuius;
1503 3765 1603 3836 μὲν
1635 3767 1704 3820 ἂν
1723 3768 1834 3839 εἴη,

256 3849 343 3904 ὅτε
379 3850 442 3904 τὸ
475 3851 642 3922 σῶμα
693 3851 984 3921 τείνοντες,
1035 3853 1111 3918 ὦς
1163 3856 1458 3927 ὀργανικὸν
1513 3859 1835 3932 ψαλτήριον,

1938 2758 2005 2812 ad
2039 2756 2185 2812 beati
2217 2755 2385 2811 David
2418 2763 2668 2824 tempora
2695 2753 3072 2824 perseveravit
3108 2767 3123 2804 :
3159 2750 3254 2819 qui
3309 2751 3524 2819 primus

1937 2849 2182 2906 omnium
2211 2849 2380 2920 coepit
2444 2847 2689 2918 psalmos
2743 2845 3121 2902 conscribere.
3181 2841 3316 2900 Nam
3366 2850 3422 2900 et
3475 2840 3526 2897 si

1937 2945 2100 2994 antea
2130 2939 2380 3010 psalterii
2427 2938 2797 2993 instrumento
2842 2926 3156 3000 uterentur}
3195 2934 3355 2990 illius
3389 2949 3525 2991 usus

1937 3041 1994 3087 et
2017 3032 2139 3087 sine
2173 3040 2290 3085 arte
2321 3029 2432 3085 ulla
2474 3036 2617 3097 erat,
2658 3037 2714 3086 et
2773 3028 3068 3086 admodum
3111 3027 3352 3098 vulgaris
3390 3043 3405 3094 ;
3451 3026 3520 3082 ad

1939 3123 2092 3181 solos
2117 3123 2264 3179 enim
2310 3138 2504 3193 greges
2556 3120 2877 3178 mulcendos
2929 3121 3277 3192 pulsabatur.
3353 3118 3524 3174 David

1938 3217 2105 3286 igitur
2135 3214 2343 3270 homini
2370 3216 2797 3272 instrumentum
2858 3215 3164 3285 sapientius
3225 3213 3524 3284 coaptavit,

1938 3317 1994 3364 et
2029 3308 2180 3362 illius
2217 3322 2378 3362 usum
2408 3307 2475 3362 ad
2505 3307 2676 3362 Deum
2731 3309 3037 3362 transtulit.
3087 3307 3332 3377 Hymnus
3391 3319 3525 3364 vero

1938 3407 2024 3454 est
2050 3400 2252 3454 divina
2279 3399 2471 3468 gloriae
2494 3401 2776 3455 extensinr
2803 3408 2970 3471 atque
3000 3401 3237 3469 amplior
3273 3398 3523 3466 quaedam

1937 3493 2082 3548 laus.
2119 3491 2253 3548 Nam
2285 3506 2413 3546 cum
2444 3491 2630 3546 laudis
2661 3507 2862 3550 nomen
2903 3492 3232 3564 simpliciter
3264 3491 3522 3554 dicimus,

1937 3583 2290 3654 vulgariores
2353 3596 2418 3638 ac
2480 3580 2770 3637 breviores
2849 3584 3038 3639 laudes
3125 3580 3522 3649 signiﬁcamus.

1937 3676 2236 3732 Confessio
2292 3675 2458 3731 etiam
2523 3673 2762 3744 amplum
2818 3673 3092 3742 quoddam
3137 3673 3524 3731 testimOnium

1937 3775 2024 3822 est
2053 3775 2109 3822 et
2137 3765 2294 3826 lldes.
2328 3779 2436 3835 qua
2474 3771 2569 3818 aut
2609 3763 2753 3817 bona
2781 3777 2904 3831 quae
2931 3763 3238 3829 recepimus
3265 3764 3526 3826 fatemur,

1939 3866 2034 3913 aut
2059 3857 2201 3912 mala
2231 3872 2355 3927 quze
2402 3855 2810 3910 commisimus.
2863 3851 3041 3908 Porro
3092 3854 3272 3908 oratio
3335 3868 3529 3922 preces

259 3941 350 3997 καὶ
378 3942 469 3997 διὰ
494 3942 611 3997 τῶν
639 3941 823 3996 καλῶν
860 3943 1041 4014 ἔργων
1075 3946 1432 4014 δπαφὼμενοι
1459 3948 1661 4018 τρόπον
1689 3951 1831 4017 τινὰ,

1939 3951 2241 4020 signiﬁcat,
2272 3956 2328 4004 et
2377 3955 2567 4004 votum
2637 3945 3089 4016 promissionem,
3133 3945 3428 4014 omniaque
3457 3943 3530 4000 ad

257 4036 350 4090 καὶ
376 4034 647 4104 ψαύοντες
669 4035 863 4096 αὐτοῦ.
891 4038 1094 4106 πρᾶξιν
1122 4039 1495 4109 ἀποτελοῦμεν
1531 4041 1741 4111 ἀγαθήν
1771 4059 1833 4097 τε

256 4125 351 4179 καὶ
394 4127 744 4200 ιναρμόνιον,
797 4130 844 4182 εί
876 4129 971 4181 καὶ
1020 4129 1191 4198 μήπω
1241 4128 1478 4201 θεωρίας
1521 4132 1830 4203 ἐπέϐημεν·

255 4213 363 4288 ᾠδὴ
391 4215 469 4284 δὲ,
495 4219 587 4272 ὅτε
618 4219 790 4289 χωρὶς
819 4217 916 4272 τοῦ
950 4222 1260 4290 πρακτικοῦ
1290 4221 1607 4292 θεωροῦμεν
1639 4226 1707 4279 τὰ
1734 4225 1833 4290 τῆς

255 4308 510 4380 ἀληθείας
543 4311 846 4382 μυστήρια,
898 4314 1344 4384 γεγυμνασμένοι
1385 4317 1486 4387 ήδη
1535 4318 1833 4389 τυγχάνον-

255 4415 371 4463 τες·
398 4400 511 4473 ᾠδὴ
540 4403 603 4456 δὲ
633 4402 874 4474 ψαλμοῦ,
905 4405 1035 4459 ὅταν
1063 4406 1418 4476 προαγούσης
1448 4409 1662 4480 ἀγαθῆς
1689 4411 1832 4481 πρά-

257 4488 408 4556 ξεως,
459 4495 540 4558 είς
575 4493 814 4563 θεωρίαν
855 4500 1310 4568 καταντήσωμεν,
1347 4501 1488 4554 κατὰ
1515 4501 1576 4553 τὸ
1603 4502 1833 4573 εἰρημέ-

257 4598 370 4634 νον·
409 4585 833 4654 Ἐπεθὺμησας
862 4589 1112 4657 σοφίαν.
1153 4589 1530 4657 διατήρησον
1554 4593 1832 4660 ἐντολὰς,

260 4676 352 4729 καί
380 4678 595 4746 Κύριος
617 4678 942 4748 χορηγήσει
964 4696 1064 4734 σοι
1091 4682 1305 4750 αὐτὴν.
1332 4683 1559 4752 Ψαλμὸς
1585 4685 1640 4738 δὲ
1667 4687 1830 4756 ᾠδῆς,

260 4763 344 4817 ὅτι
368 4766 468 4837 τῆς
507 4769 744 4839 θεωρίας
772 4771 1178 4840 σαφηνιζούσης
1209 4775 1330 4827 τινὰ
1354 4776 1464 4826 τῶν
1507 4779 1834 4847 κεκρυμμέ-

262 4875 364 4913 νων
406 4861 638 4928 ήθικῶν,
671 4864 751 4928 είς
810 4863 1077 4934 ἐργασίαν
1123 4865 1328 4918 τούτων
1380 4867 1676 4936 ἐρχόμεθα.
1724 4869 1834 4921 Καὶ

262 4949 396 5022 τάχα
417 4953 504 5008 διὰ
533 4955 697 5008 τοῦτο
726 4954 944 5026 πρῶτον
976 4957 1025 5009 οί
1054 4956 1282 5028 ψαλμοὶ,
1316 4955 1435 5012 εἶτα
1469 4960 1526 5012 αί
1561 4960 1718 5030 ᾠδαὶ,
1749 4961 1833 5016 ὅτι

263 5043 365 5114 χρὴ
391 5046 482 5100 καὶ
508 5046 595 5100 δια
631 5046 729 5116 τῆς
764 5048 1078 5118 πρακτικῆς
1123 5049 1323 5114 ίόντας,
1356 5053 1440 5114 εἰς
1479 5052 1716 5121 θεωρίαν
1741 5054 1833 5107 ὲλσ

267 5131 392 5188 θεῖν.
428 5137 620 5190 Ἔνθεν
659 5156 742 5191 τοι
767 5139 864 5192 καὶ
893 5139 1028 5209 πρὸς
1054 5158 1134 5209 τῳ
1158 5141 1301 5194 τέλει
1336 5141 1529 5196 πολλαὶ
1547 5144 1703 5214 ᾠδαί·
1739 5146 1832 5200 καὶ

266 5221 394 5280 ὅπου
426 5228 760 5300 ἀναϐαθμὺς,
789 5231 1026 5299 οὐδαμοῦ
1059 5231 1295 5304 ψαλμδς,
1317 5233 1442 5287 οὔτε
1477 5237 1594 5303 μετ’
1625 5237 1829 5307 ἐμπλο-

1938 4045 2108 4099 Deum
2137 4042 2434 4111 pertinent.
2488 4037 2628 4105 Quid
2667 4039 2854 4107 itaque
2876 4038 2950 4094 sit
2985 4038 3259 4108 psalmus,
3312 4046 3370 4092 et
3394 4037 3528 4103 quid

1937 4135 2243 4201 canticum,
2272 4131 2491 4188 abunde
2510 4130 2774 4188 diximus.
2803 4130 3092 4186 Canticum
3119 4136 3304 4183 autem
3329 4127 3528 4197 psalmi

1938 4236 2070 4284 tunc
2105 4232 2212 4289 est,
2271 4225 2493 4292 quando
2526 4223 2739 4279 musice
2785 4238 2886 4293 per
2936 4221 3258 4293 organicum
3319 4221 3529 4274 instru-

1939 4326 2187 4375 mentum
2221 4317 2373 4386 prius
2434 4316 2779 4387 disponitur,
2811 4324 2866 4371 et
2909 4313 3110 4370 deinde
3168 4311 3529 4380 consequitur

1936 4426 2037 4465 vox
2063 4426 2159 4465 ore
2210 4409 2437 4474 emissa,
2488 4422 2613 4477 qua
2666 4407 2969 4465 secundum
3028 4415 3262 4476 occupat
3320 4405 3526 4460 locum.

1938 4503 2189 4561 Psalmus
2223 4517 2350 4558 vero
2388 4501 2593 4556 cantici
2627 4508 2761 4557 tunc
2835 4500 3064 4564 dicitur,
3132 4500 3354 4567 quando
3405 4497 3526 4566 eius

1934 4597 2082 4668 quod
2106 4612 2254 4654 nunc
2288 4595 2527 4650 diximus
2558 4592 2905 4649 contrarium
2955 4595 3035 4647 lit.
3087 4591 3253 4646 Juxta
3317 4605 3526 4659 anago-

1936 4705 2039 4760 gen
2070 4704 2135 4745 ac
2161 4689 2426 4745 moralem
2454 4701 2712 4750 sensum,
2741 4685 3012 4756 psalmum
3056 4693 3191 4738 tunc
3251 4685 3523 4746 canimus,

1935 4780 2161 4850 quando
2214 4795 2417 4848 corpus
2475 4785 2729 4832 nostrum
2791 4777 2954 4847 quasi
3011 4775 3261 4846 psalterii
3320 4776 3522 4829 instru-

1937 4881 2187 4928 mentum
2231 4870 2596 4932 intcndimus,
2629 4878 2686 4923 et
2715 4884 2815 4938 per
2856 4868 3001 4923 bona
3037 4881 3205 4937 opera
3247 4867 3522 4935 quodam-

1936 4964 2098 5018 modo
2123 4964 2302 5034 ipsum
2333 4962 2643 5032 palpantes.
2664 4963 2849 5026 bonas
2879 4975 2945 5016 ac
2971 4961 3279 5016 concinnas
3343 4959 3520 5014 actio-

1936 5071 2036 5113 nes
2064 5056 2406 5127 perlicimus,
2431 5069 2754 5124 quanquam
2798 5053 2871 5114 ad
2907 5053 3134 5108 altiores
3180 5050 3520 5121 contempla-

1933 5152 2118 5206 tiones
2143 5147 2385 5206 nondnm
2417 5146 2858 5202 ascenderimus.
2889 5144 3047 5202 Odcn
3070 5160 3198 5199 vero
3261 5151 3356 5198 aut
3385 5157 3518 5195 can-

1937 5241 2109 5296 ticum
2134 5254 2333 5295 canere
2359 5247 2490 5293 tunc
2525 5237 2633 5294 dici
2669 5251 2994 5306 possumus,
3027 5237 3254 5307 quando
3310 5237 3519 5304 absque

269 5315 366 5382 κῆς
407 5319 565 5392 ᾠδῆς.
610 5323 700 5377 Ἔν
727 5323 837 5395 γὰρ
866 5327 986 5389 ταῖς
1020 5327 1348 5382 ἀναϐάσεσιν
1415 5330 1464 5381 oi
1502 5329 1647 5400 ἅγιοι
1696 5332 1832 5403 πρὸς

1939 5332 2068 5387 ullis
2098 5328 2516 5399 operationibus
2546 5328 2799 5387 veritatis
2833 5337 3053 5384 tantum
3096 5326 3352 5398 mysteria
3380 5341 3516 5382 con-

275 5405 414 5474 μόνῳ
438 5409 514 5480 τῷ
543 5411 769 5483 θεωρεῖν
807 5415 968 5468 εἰσιν.

1942 5424 2293 5491 templamur,
2325 5421 2504 5477 ell'ecti
2533 5420 2648 5493 jam
2684 5422 2738 5478 in
2766 5436 2829 5477 ea
2861 5437 2921 5478 re
2984 5420 3280 5476 admodum
3309 5418 3518 5473 exerci-

273 5495 366 5548 tati
397 5514 410 5551 :
443 5509 496 5553 et
521 5504 796 5560 canticum
849 5509 1070 5578 psalmi,
1124 5511 1346 5579 quando
1397 5512 1838 5584 praecedentibus
1870 5514 2030 5572 bonis
2059 5515 2398 5582 actionibus,
2436 5517 2490 5571 in
2544 5513 3066 5582 contemplationem
3140 5511 3464 5567 devenimus
3502 5528 3515 5563 :

272 5587 417 5658 iuxta
441 5597 583 5663 quod
642 5599 849 5657 dicitur
884 5620 897 5657 :
931 5601 1240 5676 Concupisti
1272 5606 1827 5676 sapientiamuerva
1905 5609 2241 5679 mandatum,
2327 5620 2376 5663 ct
2433 5609 2688 5665 Dominus
2744 5608 2839 5663 tibi
2909 5622 3026 5662 eam
3104 5604 3512 5660 minislrabil".

381 5772 422 5804 "
452 5776 567 5835 Act.
597 5794 692 5848 ut,
732 5779 798 5837 46
902 5782 945 5816 ¹⁶
977 5785 1143 5841 Eccli.
1177 5803 1215 5856 ι,
1250 5788 1337 5842 55.
