4130 6304
672 309 744 373 50
1904 296 2243 363 ΕΠΤΗΥΜῙ

2345 298 2704 361 ZIGABENI
3869 295 3926 358 (ιθ

665 423 945 477 Psalmum
979 422 1147 479 etiam
1182 420 1383 478 cantici
1415 427 1705 482 tuoc,vere
1736 415 2257 488 canimus,quando
2298 416 2788 486 contemplatione,
2854 416 3070 472 occulta
3144 415 3393 487 quaedam
3451 427 3572 484 quae
3629 413 3700 468 ad
3762 427 3925 465 lltOtes

663 519 959 588 pertinent,
1024 517 1183 573 nobis
1258 517 1556 579 revelante,
1588 529 1693 569 nos
1758 513 1812 567 iu
1875 526 2070 567 eorum
2130 509 2504 579 operationem
2566 508 2934 579 procedimus.
3008 507 3117 563 llae
3168 507 3381 563 ratione
3430 505 3686 562 fortassis
3750 499 3923 574 psalmi

663 612 842 677 primo
878 610 1023 673 loco,
1051 619 1104 664 et
1136 608 1336 664 deinde
1369 607 1586 662 cantica
1621 604 1889 660 collocata
1923 609 2055 657 sunt
2084 610 2248 652 :cum
2288 594 2479 650 deceat
2517 606 2578 651 ut
2628 612 2725 667 per
2749 598 2997 653 actiones
3060 597 3129 653 ad
3216 597 3735 665 contemplationem
3791 608 3925 647 accc-

661 707 877 759 datnus,
918 704 1089 758 Multa
1113 702 1259 758 enim
1294 702 1513 757 cantica
1543 698 1819 755 habentur
1856 695 2008 751 circa
2073 692 2238 747 tinem
2281 688 2429 754 libri,
2500 704 2691 745 verum
2768 690 2860 746 ubi
2888 690 3093 761 gradus
3146 701 3257 759 est,
3320 706 3419 748 seu
3476 706 3766 758 assensus,
3826 690 3925 744 illic

663 816 934 872 nusquam
966 808 1054 856 est
1087 802 1352 870 psalmus,
1375 814 1552 869 neque
1569 798 1734 854 etiam
1758 795 2093 866 coniunctus
2126 802 2251 845 cum
2292 786 2558 854 cantico;
2598 789 2779 844 sancti
2838 791 2985 847 enim
3054 788 3157 845 viri
3211 790 3266 845 in
3315 789 3745 845 ascensionibus
3804 802 3926 842 eon-

662 897 1007 969 templationi
1043 906 1255 952 tantum
1290 898 1487 956 intenti
1523 904 1678 953 sunt.

735 991 877 1048 Sunt
911 993 1004 1061 qui
1043 990 1294 1056 Esdratn,
1348 1000 1403 1046 et
1446 989 1540 1046 alii
1582 992 1676 1060 qui
1711 987 2009 1045 Ezechiam
2065 986 2243 1043 dicant

2427 978 2493 1031 Ol
2531 977 2630 1048 μὲν
2651 972 2747 1031 οὖν
2776 974 2931 1031 εἷπον
2965 976 3225 1046 Ἐοδραν,
3251 977 3301 1031 oi
3323 977 3379 1031 δὲ
3422 977 3673 1043 Ἐζεκίαν
3703 994 3928 1045 συναγα-

664 1085 910 1153 psalmos
950 1085 1004 1139 in
1064 1101 1234 1140 unum
1292 1084 1605 1155 collegisse,
1657 1084 1751 1154 qui
1830 1084 2145 1140 centenario
2197 1092 2254 1140 et

666 1178 1147 1251 quinquagenaria
1200 1193 1431 1233 numero
1480 1178 1865 1234 continentur.
1891 1177 1951 1232 In
1976 1192 2087 1248 quo
2142 1194 2252 1233 nu-

672 1285 825 1324 mero
858 1280 914 1325 et
975 1267 1493 1339 quinquagenarius
1552 1285 1820 1326 numerus
1892 1269 2255 1325 Pentecostes

667 1362 882 1424 dictus,
914 1370 1081 1430 atque
1108 1361 1175 1414 ab
1216 1360 1461 1417 Hebraeis
1498 1373 1821 1428 veneratus,
1852 1361 2124 1428 cernitur,
2154 1376 2253 1433 per

672 1453 1053 1509 hebdomadas
1115 1452 1587 1509 hebdomadarum
1619 1453 1924 1524 perfectus,
1956 1454 2011 1509 id
2045 1464 2129 1511 est
2163 1470 2252 1511 se-

663 1546 922 1615 ptenario
950 1546 1457 1616 multiplicatus,et
1510 1546 1806 1603 Trinitatis
1858 1549 2067 1618 pariter
2112 1564 2248 1604 con-

660 1634 924 1703 tcmplari
950 1643 1131 1704 potest
1160 1635 1507 1707 mysterium,
1539 1637 1724 1693 addita
1754 1639 2011 1694 videlicet
2038 1640 2251 1696 unitate

662 1735 888 1796 propter
922 1740 1088 1780 unam
1121 1742 1246 1795 quae
1279 1735 1365 1783 est
1406 1728 1460 1783 in
1516 1730 1695 1786 tribus
1747 1732 1999 1802 personis
2066 1733 2249 1788 unita-

663 1827 797 1871 tem.
823 1816 1126 1873 Cantorum
1154 1828 1394 1888 quatuor
1428 1828 1587 1877 erant
1640 1822 1941 1893 principes,
2010 1835 2247 1895 quatuor

660 1906 849 1963 choris
890 1908 1155 1977 praefecti,
1184 1910 1254 1967 ob
1285 1913 1507 1967 tetidem
1533 1915 1722 1969 mundi
1758 1916 2003 1981 climata,
2028 1918 2092 1971 ad
2125 1934 2246 1989 qua:

662 2000 1005 2070 psalmorum
1032 2018 1200 2060 voces
1233 2015 1580 2074 perventurae
1606 2016 1786 2063 erant.
1851 2008 2246 2083 Unusquisque

659 2099 844 2147 autem
879 2093 1107 2161 chorus,
1135 2111 1200 2151 ex
1228 2097 1446 2154 duobus
1463 2107 1519 2153 et
1543 2103 1891 2171 septuaginta
1922 2106 2244 2163 cantoribus

658 2186 991 2242 constabat:
1025 2196 1085 2242 ttt
1111 2188 1335 2259 quidam
1375 2192 1680 2247 retulerunt
1706 2210 1766 2250 se
1799 2197 1942 2266 apud
1986 2196 2246 2257 Hebrazos

658 2276 883 2345 legisse,
903 2277 1060 2348 juxta
1084 2280 1496 2349 proportionem
1529 2298 1593 2337 ac
1616 2300 1904 2340 numerum
1930 2289 2238 2358 linguarum

2358 1072 2477 1138 γεῖν
2508 1070 2636 1135 τοὺς
2663 1069 2937 1142 ψαλμοὺς,
2967 1072 3049 1134 είς
3086 1072 3281 1124 ἑκατὸν
3310 1072 3406 1125 καὶ
3437 1074 3785 1142 πεντήκοντα
3817 1088 3929 1124 συν-

2354 1164 2818 1236 αριθμουμένους.
2859 1165 3025 1237 Ὀμοῦ
3055 1166 3166 1237 γὰρ
3196 1169 3225 1219 6
3259 1167 3393 1238 παρ’
3427 1167 3705 1238 Ἑϐραίοις
3743 1167 3929 1221 ὲνθεωο

2359 1260 2529 1328 ρεῐται
2605 1259 2922 1329 τιμώμενος
2974 1259 3211 1331 ἀριθμδς
3266 1261 3365 1330 τῆς
3408 1261 3927 1331 Πεντηκοστῆς,ιδι’

2354 1351 2650 1421 ἑϐδομάδος
2679 1352 2993 1423 ἑϐδομάδων
3034 1352 3565 1425 συμπεραινόμενος,
3588 1355 3729 1423 ὁμοῦ
3760 1354 3818 1407 δὲ
3844 1354 3928 1406 καὶ

2354 1441 2416 1495 τὸ
2469 1441 2568 1511 τῆς
2622 1441 2854 1513 Τριάδος
2908 1444 3395 1515 συνεπιθεωρείται
3455 1445 3784 1515 μυστήριον,
3834 1444 3927 1511 τῆς

2358 1533 2583 1604 μονάδος
2619 1536 2733 1587 ἐκεῖ
2763 1535 3220 1607 προστιθεμένης,
3249 1536 3339 1589 διὰ
3372 1537 3471 1608 τὴν
3498 1537 3627 1607 μίαν
3660 1540 3724 1591 ὲν
3758 1538 3927 1607 τρισὶν

2355 1625 2671 1698 προσώποις
2700 1625 2966 1696 Θεότητα.
3016 1625 3295 1696 Τέσσαρες
3335 1626 3391 1679 δὲ
3437 1627 3488 1679 oi
3523 1627 3782 1698 ἀρχῳδοὶ,
3815 1643 3929 1679 τεσ-

2352 1720 2536 1787 σάρων
2560 1718 2854 1791 ἡγούμενοι
2885 1718 3082 1791 χορῶν,
3105 1719 3194 1773 διὰ
3223 1719 3293 1771 τὰ
3326 1718 3420 1772 τοῦ
3451 1720 3659 1789 κόσμου
3688 1720 3929 1788 τέσσαρα

2350 1812 2612 1882 κλίματα,
2661 1805 2736 1867 ὧν
2788 1813 2918 1885 άχρι
2965 1812 3289 1883 διαδραμεῖν
3338 1812 3564 1883 ἔμελλον
3598 1813 3650 1865 ot
3699 1811 3923 1882 ψαλμοί.

2362 1910 2456 1963 Ἕκ
2496 1908 2591 1962 δύο
2640 1908 2698 1961 δὲ
2758 1915 2851 1963 καὶ
2903 1908 3279 1978 ἑϐδομήκοντα
3336 1909 3497 1978 χορὸς
3552 1908 3813 1971 ἕκαστος,
3858 1905 3928 1967 ὡς

2350 2001 2561 2069 ἔφασάν
2621 2018 2788 2065 τινες,
2841 2001 2951 2054 ἀπὸ
3011 1998 3108 2052 τοῦ
3152 1999 3445 2071 Ἐϐραῖκοῦ
3510 2000 3925 2068 ἀναλεξάμενοι,

2348 2098 2490 2150 κατὰ
2526 2096 2825 2163 ἀναλογίαν
2854 2094 2966 2148 τῶν
2999 2094 3394 2162 συγχυθειοῶν,
3424 2094 3457 2166 ἢ
3496 2094 3698 2164 μᾶλλον
3719 2095 3925 2165 διακρι-

2347 2189 2545 2242 θεισῶν
2595 2192 2653 2242 ὲν
2694 2191 2755 2259 τῇ
2788 2193 3127 2262 πυργοποιία
3155 2180 3443 2256 γλωσσῶν,
3492 2189 3580 2243 διὰ
3615 2190 3677 2243 τὸ
3708 2190 3925 2257 μέλλειν

2348 2284 2530 2335 πᾶσαν
2558 2281 2831 2349 γλῶσσαν,
2865 2282 3014 2353 ᾄδειν
3041 2285 3171 2344 τοὺς
3196 2284 3479 2347 τοιούτους
3510 2282 3789 2352 ψαλμούς.
3824 2281 3926 2334 Καὶ

656 2382 781 2437 qua:
822 2368 875 2422 in
933 2367 1280 2441 Babylonica:
1319 2373 1492 2427 turris
1554 2374 1914 2433 adiﬁcatione
1972 2353 2239 2446 confuszr,

2345 2376 2391 2428 οἱ
2445 2377 2544 2445 μὲν
2585 2376 2736 2430 ἄλλοι
2812 2375 3078 2444 σάλπιγγι
3120 2377 3213 2431 καὶ
3254 2377 3525 2446 τυμπάνῳ
3574 2379 3667 2430 καὶ
3708 2378 3925 2445 ὀργάνῳ

658 2474 756 2516 seu
776 2463 960 2531 potius
982 2462 1173 2519 divisa
1213 2463 1455 2520 fuerunt.
1491 2463 1765 2523 Futurum
1819 2473 1964 2526 enim
2012 2480 2147 2535 erat,
2181 2484 2241 2528 ut

656 2556 843 2613 omnis
897 2558 1082 2630 lingua
1128 2559 1445 2630 huiusmodi
1499 2562 1744 2631 psalmos
1803 2563 2143 2618 decantaret.
2173 2564 2241 2621 Et

658 2649 753 2705 alii
786 2648 1008 2719 quidem
1074 2661 1360 2707 cantorum
1426 2654 1580 2721 tuba,
1642 2664 1925 2725 tympano,
2008 2671 2236 2723 organo,

654 2742 947 2814 cymbalis,
999 2743 1146 2814 lyra,
1196 2752 1290 2798 aut
1333 2745 1587 2816 cythara,
1653 2747 1816 2800 dulce
1869 2764 1933 2802 ac
1996 2750 2240 2804 suaviter

656 2836 930 2891 canebant
955 2853 969 2889 :
997 2834 1165 2891 David
1196 2852 1326 2893 vero
1376 2838 1585 2907 regium
1616 2840 1863 2909 psalt'erii
1900 2842 2240 2895 instrumen-

656 2935 776 2984 tum
814 2929 1053 2985 tenebat.
1085 2928 1277 2996 Tubae,
1332 2932 1569 3003 syringm
1617 2947 1681 2987 ac
1728 2933 1924 2988 ﬁstula:
1953 2933 2237 2999 inﬂantur,

657 3020 778 3091 lyra
806 3027 861 3075 et
887 3021 1112 3091 cythara
1141 3021 1529 3084 intenduntur,
1562 3024 1812 3093 cymbala
1869 3032 1923 3079 et
1980 3033 2239 3095 tympana

660 3112 974 3184 pulsantur,
1014 3122 1069 3168 et
1095 3114 1203 3166 alia
1258 3130 1604 3185 quaecunque
1656 3132 1856 3171 sonum
1903 3120 2086 3187 potius
2145 3121 2241 3174 ha-

657 3201 790 3257 bent
822 3215 989 3272 quam
1020 3216 1209 3258 vocem
1247 3206 1605 3272 :psalterium
1683 3222 1835 3272 vero,
1889 3209 2034 3278 quod
2074 3210 2236 3264 etiam

656 3293 859 3350 alicubi
899 3296 1142 3366 cinyram
1170 3298 1525 3369 ctcytharam
1574 3307 1629 3353 et
1684 3299 1856 3368 lyram
1923 3300 2226 3369 appellant,

659 3386 726 3441 ad
760 3386 813 3444 id
846 3403 1022 3459 genus
1054 3390 1550 3445 instrumentorum
1607 3394 1868 3461 pertinet,
1905 3408 2025 3460 qua:
2055 3396 2239 3449 inten-

657 3479 889 3536 duntur.
923 3482 1021 3538 Est
1052 3493 1233 3537 tamen
1282 3484 1709 3539 instrumentum
1761 3485 1864 3540 hoc
1917 3496 2151 3552 rectum,
2181 3498 2237 3543 et

655 3585 896 3642 superne
916 3586 1113 3628 causas
1142 3574 1303 3628 habet
1340 3575 1484 3629 unde
1507 3576 1722 3630 emittat
1745 3591 1942 3631 voces:
1976 3593 2040 3634 ea
2078 3580 2239 3633 nimi-

2349 2466 2445 2521 καὶ
2498 2466 2827 2535 κυμϐάλοις,
2877 2466 3081 2539 ἢλύρᾳ
3141 2468 3235 2522 καὶ
3292 2468 3498 2540 κιθάρᾳ
3562 2469 3924 2539 μελῳδοῦντες

2342 2556 2514 2630 ἦσαν·
2566 2558 2731 2612 Δαϐὶδ
2759 2559 2816 2612 δὲ
2871 2560 2931 2614 τὸ
2976 2559 3258 2630 βασιλικὸν
3301 2562 3553 2633 κατεῖχεν
3584 2562 3841 2632 ὄργανον,
3870 2561 3925 2613 τὸ

2339 2652 2661 2722 ψαλτήριον.
2705 2652 3011 2720 Σάλπιγγες
3067 2652 3167 2723 μὲν
3210 2652 3305 2706 οὖν
3350 2654 3444 2707 καὶ
3491 2653 3781 2723 σύριγγες,
3824 2656 3922 2722 ἐμ·

2343 2746 2618 2799 πνευστά·
2657 2744 2798 2817 λύρα
2848 2745 2905 2798 δὲ
2947 2746 3041 2799 καὶ
3098 2746 3323 2818 κιθάρα,
3382 2748 3612 2801 ἑντατά·
3670 2746 3922 2818 κύμϐαλα

2340 2837 2397 2891 δὲ
2425 2837 2520 2890 καὶ
2548 2836 2834 2906 τύμπανα,
2877 2838 3121 2907 κρουστά
3141 2880 3157 2900 ,
3190 2840 3288 2892 καὶ
3315 2840 3414 2892 ὅσα
3443 2840 3644 2909 μᾶλλον
3674 2841 3865 2909 ἤχους,
3891 2837 3921 2906 ἧ

2343 2929 2619 2997 φθόγγους
2643 2929 2847 3000 ἔχουσι.
2878 2930 3194 3001 Ψαλτήριον
3231 2933 3309 2997 δὲ,
3345 2931 3372 2984 6
3412 2934 3506 2985 καὶ
3538 2933 3781 3003 ἀλλαχοῦ
3824 2950 3921 2986 κα-

2342 3022 2497 3077 λοῦσι
2525 3022 2773 3094 κινύραν,
2815 3025 2911 3077 καὶ
2942 3024 3177 3093 κιθάραν
3204 3026 3294 3078 καὶ
3322 3025 3513 3095 λύραν,
3552 3024 3661 3076 τῶν
3685 3026 3920 3078 ἅντατῶν

2345 3117 2447 3186 μὲν
2472 3132 2563 3186 ην.
2586 3114 2756 3186 Πλὴν,
2789 3116 2993 3186 ὄρθιον,
3022 3117 3118 3169 καὶ
3152 3116 3360 3170 ἀνωθεν
3389 3114 3502 3185 εἶχε
3530 3116 3644 3169 τῶν
3666 3116 3921 3184 φθόγγων

2342 3209 2442 3273 τὰς
2479 3208 2759 3278 ἀφορμὰς,
2812 3208 2900 3262 ἵνα
2950 3208 3048 3262 καὶ
3093 3209 3255 3278 ἡμεῖς
3287 3210 3465 3273 εύθεῖς
3504 3203 3677 3279 ὦμεν,
3713 3211 3813 3264 καὶ
3857 3207 3919 3260 τὰ

2341 3302 2455 3356 ἄνω
2491 3301 2827 3371 μελετῶμεν,
2876 3301 2971 3354 καὶ
3019 3301 3302 3370 γινώμεθα
3333 3300 3658 3372 ψαλτήριον,
3698 3318 3922 3372 συμφω-

2341 3395 2580 3450 νούντων
2613 3397 2671 3450 ὲν
2703 3397 2839 3464 ἡμῖν
2866 3393 3045 3464 ψυχῆς
3082 3396 3178 3447 καὶ¹
3220 3393 3494 3463 σώματος,
3530 3396 3625 3448 καὶ
3655 3395 3919 3467 πλήττονο

2339 3505 2431 3551 τος
2459 3488 2611 3558 ἡμᾶς
2653 3484 2744 3541 οἷα
2779 3486 3027 3556 τεχνίτου
3067 3485 3212 3549 τινὸς
3256 3486 3350 3538 τοῦ
3391 3486 3548 3554 ἁγίου
3582 3486 3917 3559 Πνεύματος.

2341 3584 2483 3635 Mm
2528 3580 2637 3650 γὰρ
2684 3579 2905 3634 κόλαϐοι
2958 3578 3113 3649 παρά
3141 3579 3235 3632 τδν
3271 3582 3455 3650 πῆχυν
3506 3581 3601 3633 τοῦ
3647 3580 3919 3651 ψαλτῆρος

654 3677 780 3716 rum
813 3665 1048 3728 ratione,
1093 3672 1151 3717 ut
1204 3664 1565 3721 addiscamus
1593 3676 1648 3721 et
1676 3683 1798 3731 nos,
1866 3670 2000 3725 recti
2047 3670 2233 3725 consi-

2345 3673 2722 3742 στρεφόμενοι,
2764 3671 2971 3726 ἔτεινόν
3020 3689 3077 3725 τε
3136 3672 3232 3725 καὶ
3284 3672 3492 3743 ὲχάλων
3538 3674 3639 3735 τὰς
3701 3674 3919 3744 χορδὰς.

663 3761 835 3819 stcre,
870 3770 1223 3825 supernaque
1258 3770 1320 3810 ac
1354 3757 1601 3812 cmlestia
1638 3760 1917 3823 meditari,
1981 3771 2145 3831 atque
2179 3771 2238 3816 ut

657 3848 763 3903 hoc
792 3858 957 3918 pacto
990 3847 1292 3905 cﬂiciamur
1320 3850 1608 3919 spirituale
1641 3852 1986 3922 psalterium,
2009 3869 2241 3909 consen-

657 3940 829 3994 tiente
871 3939 1016 3993 intra
1057 3956 1159 3994 nos
1192 3940 1245 3995 in
1271 3957 1441 3996 unum
1466 3942 1646 3997 anima
1680 3954 1735 3998 et
1787 3960 2062 4015 corpore:
2092 3947 2241 4015 ipso.

654 4046 763 4099 que
808 4040 1001 4085 sancto
1051 4031 1283 4100 Spiritu,
1360 4034 1530 4088 veluti
1603 4036 1945 4103 peritissimo
1999 4040 2238 4108 quodam

656 4122 895 4185 artiﬁce,
932 4122 1189 4192 pulsante
1226 4139 1326 4180 nos
1363 4140 1426 4179 ac
1446 4129 1787 4194 percutiente
1819 4145 1831 4181 :
1864 4129 2051 4185 decem
2103 4147 2235 4186 vero

653 4214 798 4270 clavi
834 4216 890 4268 in
932 4215 1106 4285 ipsius
1159 4217 1403 4286 psalterii
1460 4219 1690 4275 brachio
1734 4222 2115 4278 circumvoluti
2153 4226 2240 4279 in-

655 4304 954 4360 tendebant
1042 4306 1308 4373 chordas,
1401 4325 1605 4381 easque
1726 4314 2081 4370 remittebant
2169 4318 2237 4371 ad

653 4394 829 4463 ipsius
902 4398 1234 4453 modulantis
1300 4402 1586 4457 arbitrium
1651 4418 1715 4458 ac
1746 4416 2099 4461 concentum.
2168 4410 2237 4462 Et

652 4486 876 4539 dextera
908 4488 1131 4556 quidem
1160 4504 1357 4545 manus
1386 4492 1656 4560 plectrum
1695 4495 1933 4560 tenebat,
2010 4499 2238 4555 sinistra

653 4590 782 4630 vero
875 4577 1111 4646 desuper
1200 4589 1556 4637 contrectans
1623 4592 1678 4639 et
1734 4585 2137 4645 circumferens
2206 4595 2417 4656 clavos,

2339 3766 2477 3833 πρὸς
2528 3765 2589 3817 τὸ
2645 3762 2741 3817 τοῦ
2798 3762 3323 3833 μεταχειριζομένου
3384 3763 3634 3833 βούλημα
3673 3766 3775 3818 καὶ
3834 3764 3920 3817 τὸν

2340 3858 2565 3928 ῥυθμόν.
2600 3856 2710 3911 Καὶ
2737 3858 2769 3926 ἡ
2795 3856 2895 3926 μὲν
2924 3857 3071 3920 δεξιά
3094 3858 3217 3926 χεὶρ
3273 3859 3493 3926 κατεῖχε
3523 3859 3584 3911 τὸ
3611 3858 3917 3929 πλῆκτρονο

2338 3952 2370 4022 ἡ
2406 3950 2451 4003 δ’
2482 3951 2773 4020 ἀριστερὰ,
2800 3947 2908 4000 τῶν
2945 3947 3193 4001 κολάϐων
3224 3948 3433 4002 ἄνωθεν
3467 3950 3808 4022 ἑπαφωμένη
3832 3949 3918 4003 καὶ

2340 4043 2804 4112 περιστρέφουσα,
2840 4038 3031 4109 βαρὺν,
3062 4040 3094 4109 ἢ
3129 4040 3278 4104 ὀξὺν,
3312 4040 3343 4111 ἢ
3378 4042 3723 4111 κεκραμένον
3756 4042 3918 4113 φθόγ-

2340 4154 2436 4205 γον
2458 4134 2765 4204 είργάζετο.
2800 4134 2945 4186 Δέκα
2991 4132 3047 4185 δὲ
3091 4133 3288 4203 χορδὰς
3325 4134 3726 4203 ἀντιφθέγγους
3751 4135 3917 4204 ἀλλή-

2343 4228 2450 4289 λως
2483 4222 2621 4295 εἶχε,
2655 4224 2948 4289 διδάσκων,
2977 4224 3060 4277 ὅτι
3096 4225 3179 4277 δεῖ
3218 4227 3313 4278 καὶ
3358 4226 3507 4295 ἡμᾶς
3537 4226 3598 4290 ἐξ
3626 4227 3915 4297 ἀντιφθότ·

2345 4338 2457 4388 γων
2478 4318 2684 4389 χορδῶν
2723 4319 2877 4378 δέκα.
2925 4318 3035 4371 τῶν
3065 4316 3164 4386 μὲν
3209 4316 3312 4387 τῆς
3339 4317 3519 4389 ψυχῆς
3554 4319 3715 4372 πέντε
3763 4319 3917 4375 δυνά·

2348 4427 2513 4480 μεων,
2546 4410 2708 4461 πέντε
2738 4408 2796 4461 δὲ
2837 4406 2947 4461 τῶν
2973 4405 3070 4459 τοῦ
3107 4406 3361 4477 σώματος
3395 4408 3728 4481 αἰσθήσεων,
3764 4412 3915 4481 ἔναρα

2349 4502 2529 4572 μόνιον
2563 4498 2720 4571 μέλος
2749 4498 3157 4571 ἀνακρούεσθαι
3180 4498 3258 4571 τῷ
3283 4500 3423 4570 Θεῷ.

2510 4606 2751 4657 gravem,
2824 4601 2918 4644 aut
2984 4600 3226 4656 acutam,
3337 4607 3434 4647 seu
3469 4594 3633 4648 etiam
3700 4594 3914 4649 mistam

650 4686 843 4727 vocem
908 4675 1191 4732 reddebat.
1250 4678 1445 4734 Decem
1513 4695 1779 4751 praeterea
1855 4688 2113 4753 chordas,
2179 4695 2405 4749 vocibus
2473 4694 2577 4749 sibi
2650 4693 2883 4747 invicem
2967 4694 3271 4749 contrariis
3341 4694 3615 4756 habebat,
3668 4708 3735 4747 ex
3814 4706 3914 4759 quo

650 4765 939 4830 docemur,
977 4778 1233 4837 oportere
1264 4786 1476 4836 nos,ex
1507 4774 1698 4831 decem
1731 4780 1833 4834 sibi
1893 4792 2087 4840 mutuo
2121 4786 2547 4844 adversantibus
2613 4784 2863 4851 chordis,
2905 4800 2970 4841 cx
3043 4786 3291 4857 quinque
3358 4787 3605 4856 corporis
3667 4788 3914 4841 sensibus

654 4861 1065 4916 harmoniacuun
1108 4872 1163 4918 et
1210 4867 1545 4922 concinnum
1581 4881 1805 4927 cantum
1863 4880 1916 4930 in
1970 4878 2071 4933 hac
2119 4883 2233 4933 vita
2275 4882 2383 4935 Deo
2410 4880 2732 4949 prmludere.

721 4953 1066 5009 Psalmorum
1126 4957 1376 5013 ordoille
1417 4962 1655 5031 amplius
1725 4980 1835 5019 non
1902 4978 2008 5031 est.
2082 4972 2235 5041 quia
2271 4979 2313 5032 ο

652 5046 931 5117 principio
960 5046 1085 5111 fuit,
1118 5050 1343 5117 quando
1371 5050 1524 5108 tuere
1562 5058 1867 5127 conscripti
1902 5077 1918 5115 :
1987 5077 2089 5117 nec
2154 5073 2237 5117 ta-

655 5155 778 5195 men
802 5156 958 5207 casu,
988 5151 1081 5196 aut
1110 5143 1339 5200 fortuito
1369 5145 1690 5215 huiusmodi
1724 5152 1860 5205 ordo
1914 5152 2079 5209 datus
2131 5165 2239 5218 est,

655 5235 752 5291 sed
776 5238 959 5303 potius
987 5252 1055 5292 ex
1102 5238 1523 5307 dispensatione
1579 5242 1785 5308 divina,
1853 5261 1975 5315 quze
2034 5262 2238 5302 conse-

655 5330 942 5399 quentium
981 5342 1290 5401 temporum
1324 5334 1528 5391 nullam
1570 5337 1761 5392 habuit
1786 5339 2238 5395 rationem.Nam

656 5424 1119 5493 quemadmodum
1158 5428 1212 5480 in
1238 5428 1476 5491 artibus,
1510 5437 1622 5482 tam
1687 5430 1905 5486 factivis
1954 5449 2119 5502 quam
2154 5448 2243 5487 ra-

657 5515 977 5579 tionalihus.
1009 5518 1117 5571 alia
1151 5527 1234 5573 est
1298 5521 1791 5577 instrumentorum
1853 5534 1907 5579 et
1964 5541 2239 5579 canonum

658 5607 902 5661 inventio
926 5616 980 5665 et
1007 5611 1167 5678 ordo,
1200 5622 1365 5683 atque
1402 5615 1542 5669 alius
1595 5617 1762 5669 etiam
1826 5632 2016 5671 eorum
2084 5634 2241 5683 usus,

660 5701 814 5764 iuxta
871 5701 985 5771 ipsa
1025 5712 1274 5774 tempora
1331 5707 1596 5760 nimirum
1654 5717 1749 5761 aut
1812 5712 1994 5762 varias
2056 5726 2240 5763 rerum

663 5793 909 5847 rationes
962 5794 1128 5864 (alius
1180 5798 1325 5851 cnim
1377 5798 1633 5855 fortassis
1688 5800 1937 5855 medicus
2004 5805 2240 5869 primum

2427 4971 2489 5026 'll
2522 4973 2577 5026 δὲ
2620 4972 2728 5026 τῶν
2772 4971 3005 5042 ψαλμῶν
3050 4972 3225 5037 τάξις,
3282 4971 3399 5026 οὗθ’
3449 4970 3527 5035 ῶς
3579 4973 3698 5025 κατ’
3748 4974 3912 5045 ἀρχάς

2339 5064 2697 5135 ἐποιήθησαν,
2730 5063 2857 5118 οὗτε
2886 5066 2993 5134 μὴν
3020 5064 3096 5127 ὠς
3131 5065 3343 5133 ἔτυχεν,
3376 5065 3511 5118 ἀλλὰ
3541 5064 3747 5135 μᾶλλον
3776 5072 3909 5120 οἰκος

2340 5162 2559 5233 νομικὴ,
2598 5161 2763 5231 μηδὲν
2787 5161 2889 5230 τῆς
2932 5161 3189 5231 χρονικῆς
3214 5161 3653 5230 ἐπιστρεφομένη
3695 5163 3910 5215 ἀκολουο

2342 5254 2492 5316 θίας⁸
2554 5254 2808 5321 καθάπερ
2863 5252 2974 5321 γὰρ
3045 5252 3138 5304 ἐπὶ
3197 5252 3306 5304 τῶν
3366 5253 3541 5305 ἄλλων
3598 5256 3913 5322 πρακτικῶι

2338 5346 2544 5415 τεχνῶν
2577 5345 2608 5413 ἦ
2648 5345 2905 5410 λογικῶν,
2966 5343 3128 5415 ἑτέρα
3167 5344 3289 5413 μὲν,
3330 5346 3364 5415 ἢ
3414 5346 3523 5399 τῶν
3572 5346 3842 5417 ὀργάνων,
3885 5349 3911 5414 ἦ

2338 5437 2447 5489 τῶν
2474 5436 2718 5487 κανόνων
2744 5433 2963 5504 εὕρεσις
3002 5436 3093 5488 καὶ
3123 5435 3302 5500 τάξις
3348 5439 3508 5507 ἑτέρα
3541 5439 3617 5503 δὲ,
3654 5442 3687 5508 ἡ
3722 5441 3911 5509 χρῆσις

2342 5528 2495 5597 παρά
2546 5528 2672 5589 τοὺς
2721 5528 2967 5596 καιροὺς,
3030 5526 3162 5597 ﬁt}:
3212 5528 3549 5597 πράγματα’
3596 5532 3686 5581 καὶ
3741 5532 3770 5582 6
3820 5531 3913 5598 μὲν

2342 5622 2533 5689 τέμνει
2556 5620 2716 5688 τυχὸν
2750 5618 2993 5688 πρῶτον,
3024 5619 3051 5670 6
3096 5618 3154 5672 δὲ
3198 5623 3568 5689 φαρμακεύει,
3606 5617 3714 5673 οδε
3753 5626 3910 5690 χρίει,

2343 5712 2439 5765 καὶ
2471 5712 2499 5764 6
2535 5710 2636 5781 μὲν
2664 5709 2820 5777 φοϐεῖ
2854 5710 3137 5779 πρότερον,
3169 5714 3196 5762 6
3239 5711 3293 5762 δὲ
3340 5713 3668 5781 παρακαλεῖ,
3704 5719 3797 5766 καὶ
3836 5718 3893 5767 οὐ

2340 5802 2431 5855 ὁὲν
2480 5803 2556 5871 τῷ
2610 5801 2824 5873 τεχνίτῃ
2883 5800 3035 5863 μέλει
3086 5800 3182 5868 τῆς
3216 5802 3436 5855 ἐκεῖνον)
3484 5803 3718 5868 τάξεως·
3781 5804 3910 5860 ἀλλὰ
