4050 6278
551 316 623 376 63
1792 315 2183 377 EUTIIYMlI
2220 317 2582 378 ZlGAllENi
3761 317 3836 378 64

545 427 844 484 admodum
894 431 1308 498 pertractarunt
1351 444 1363 479 :
1397 439 1464 480 ne
1505 425 1550 480 si
1583 423 2022 480 iuvidentissima
2047 426 2138 480 illa

2245 431 2582 498 εσκιασμένα
2612 429 2720 499 γὰρ
2748 429 2815 483 τὰ
2855 429 3085 484 πλεῖστα
3126 430 3213 484 διὰ
3251 432 3350 500 τὴν
3383 429 3493 483 τῶν
3543 429 3848 502 ἀκροατῶν

545 519 869 575 Iudaeorum
947 533 1082 589 gens
1117 517 1358 573 futuram
1395 519 1745 589 primogeniti
1773 518 1996 574 lsraelis
2028 519 2138 573 rui-

545 628 673 667 nam
708 621 765 667 et
813 613 1059 682 gentium
1104 611 1455 681 adoptionem
1507 613 1875 683 cognovisset,
1947 625 2138 666 saeros

547 705 743 770 libros,
773 705 864 758 ubi
899 705 1013 759 haec
1040 703 1301 774 praedicta
1334 714 1485 771 sunt,
1534 718 1725 759 omnes
1753 704 1863 774 igni
1897 705 2139 773 tradere,

548 805 719 866 atque
749 812 940 851 eorum
974 798 1298 853 memoriam
1323 797 1620 852 obliterare
1651 796 1924 860 studeret,
1962 812 2142 867 neque

546 889 694 942 enim
771 889 1016 960 alioquin
1073 891 1470 947 sustinuissent
1535 901 1684 947 tanta
1759 891 2025 949 adversus
2081 908 2142 950 se

546 980 682 1036 ferri
734 983 1075 1039 testimonia.
1122 984 1276 1041 Unde
1304 1000 1415 1040 non
1448 986 1727 1041 mediocre
1749 985 2010 1041 damnum
2050 999 2143 1056 po-

551 1074 722 1129 steris
753 1075 970 1130 illatum
1016 1076 1240 1142 fuisset,
1291 1080 1440 1148 quod
1467 1077 1558 1132 Dei
1588 1077 1878 1134 consilium
1903 1078 2141 1150 quodam

547 1166 604 1219 in
630 1169 752 1225 loco
787 1185 934 1227 unus
966 1171 1362 1244 prophetarum
1419 1173 1578 1229 nobis
1627 1171 1915 1237 indicavit,
1950 1172 2141 1228 dicens

544 1276 614 1315 ex
647 1277 884 1331 persona
909 1264 1003 1322 Dci
1022 1265 1089 1321 ad
1105 1265 1423 1322 Iudaeorum
1451 1276 1668 1337 gentem
1701 1266 1744 1298 "
1771 1279 1786 1321 :
1817 1264 2001 1336 Neque
2027 1281 2143 1319 cre-

2246 523 2531 577 ἀπείθειαν
2586 525 2680 576 καὶ
2741 524 3109 595 σκληρότητα,
3142 522 3236 576 καὶ
3285 523 3487 592 ὀλίγοις
3516 524 3624 578 τῶν
3660 525 3836 590 ἁγίων

2245 616 2775 686 παραγυμνούμενα,
2816 615 2910 670 καὶ
2937 615 3113 685 ὀρθῶς
3144 615 3251 669 ἀπὸ
3284 613 3379 668 τοῦ
3427 615 3614 674 τέλους
3665 615 3834 685 μόνου

2245 711 2562 781 κρινόμενα.
2593 709 2918 762 Τελευταῖον
2955 709 3012 761 δέ
3040 709 3236 775 αἴτιον,
3259 710 3292 778 ἡ
3321 708 3430 760 ἀπὸ
3461 711 3560 778 τῆς
3610 708 3836 777 Ἐϐραῖ-

2243 800 2333 864 δος
2384 800 2478 853 ἰπὶ
2529 798 2631 870 τὴν
2684 799 2964 870 Ἑλληνίδα
2990 797 3239 867 γλῶτταν
3271 798 3479 851 τούτων
3520 797 3833 867 μεταϐολή·

2245 895 2396 949 πᾶσα
2421 877 2532 965 γὰῥ
2557 893 2772 965 γλῶττα
2801 891 3206 963 μετατιθεμένη
3243 893 3380 963 πρὸς
3409 892 3721 960 ἀλλοτρίαν,
3760 891 3835 953 ὡς

2241 986 2468 1051 ἐπίπαν,
2491 984 2605 1057 ἔχει
2647 986 2707 1040 τδ
2761 985 2967 1054 ἀσαφὲς
2995 985 3089 1039 καὶ
3121 984 3572 1055 δυσκατανόητον.
3608 983 3836 1054 M50119-

2244 1081 2597 1152 μηνεύθησαν
2625 1080 2683 1137 δέ
2721 1083 2813 1134 ἐπὶ
2845 1080 3183 1152 Πτολεμαίου
3223 1079 3317 1134 τοῦ
3375 1077 3733 1145 Φιλαδέλφου,
3757 1076 3839 1128 διο

2241 1171 2468 1237 έποντος
2499 1172 2596 1242 τῆς
2625 1171 2903 1240 Λίγύπτου
2929 1171 3030 1242 τὴν
3083 1170 3384 1241 βασιλείαν.
3435 1169 3609 1223 Ἑπτὰ
3638 1168 3696 1220 δέ
3729 1168 3833 1236 τῆς

2242 1264 2479 1327 παλαιᾶς
2514 1263 2738 1334 Γραφῆς
2771 1263 3240 1336 μεθερμηνεύσεις
3270 1263 3526 1332 γεγόνασι

545 1353 755 1425 didisti,
782 1374 946 1428 neque
967 1375 999 1413 a
1029 1360 1295 1427 principio
1321 1361 1504 1427 aperui
1537 1359 1634 1412 tibi
1663 1375 1844 1414 aures.
1874 1357 2142 1414 Noveram
2182 1359 2322 1414 enim
2350 1357 2490 1427 quod
2523 1357 2828 1412 inobedieus
2851 1373 2954 1412 non
2985 1359 3249 1428 pareres).
3288 1357 3560 1412 Praeterea
3635 1354 3838 1408 obscu-

548 1447 732 1505 ritatis
825 1451 931 1505 alia
983 1451 1151 1507 etiam
1201 1463 1288 1509 est
1338 1455 1502 1518 ratio,
1552 1453 1758 1510 idioma
1813 1453 2026 1510 scilicet
2069 1452 2351 1510 llebraicae
2418 1453 2618 1525 linguae
2684 1451 2968 1508 diversum
3015 1466 3044 1507 a
3079 1451 3263 1508 Graeca
3301 1468 3317 1507 :
3361 1449 3528 1504 variis
3559 1447 3705 1503 enim
3780 1461 3837 1501 ac

547 1546 947 1617 multiplicibus
999 1549 1260 1622 loquendi
1320 1554 1498 1608 modis
1547 1553 1828 1624 prophetae
1891 1567 2266 1625 saepenumero
2293 1552 2378 1608 usi
2414 1557 2565 1616 sunt,
2595 1551 2935 1621 (quanquam
2995 1565 3104 1604 non
3165 1547 3245 1604 sic
3313 1543 3578 1616 semper.)
3637 1544 3839 1598 adum:

548 1639 706 1693 brate
741 1640 907 1695 etiam
961 1644 1134 1698 multa
1193 1645 1404 1708 dixere.
1457 1647 1528 1702 oh
1590 1646 2038 1704 incredulitatem
2091 1654 2146 1701 et
2221 1644 2479 1701 duritiem
2537 1642 2892 1698 auditorum:
2952 1657 3075 1712 qure
3117 1650 3296 1696 tamen
3365 1636 3724 1710 paucioribus
3780 1648 3840 1690 ac

548 1732 764 1788 sanctis
817 1734 954 1791 viris
992 1739 1234 1793 revelata
1271 1748 1424 1806 sunt,
1473 1755 1705 1811 qumque
1736 1754 1768 1794 a
1803 1739 1925 1796 solo
1955 1753 2139 1794 rerum
2179 1737 2330 1794 exitu
2381 1751 2447 1791 ac
2506 1736 2612 1790 line
2665 1741 2816 1790 recte
2872 1733 3214 1804 iudicantur.
3303 1729 3595 1786 Postremo
3668 1728 3838 1781 etiam

548 1824 641 1883 illa
683 1829 923 1885 addatur
972 1831 1138 1901 ratio,
1175 1833 1321 1905 quod
1351 1835 1419 1890 de
1451 1835 1626 1906 patria
1699 1851 1765 1890 ac
1839 1834 2065 1906 propria
2132 1831 2407 1888 Hebraica
2467 1831 2658 1903 lingua
2709 1830 2762 1886 in
2819 1830 3004 1895 aliam,
3059 1827 3286 1897 antiqua
3338 1824 3524 1879 omnia
3591 1822 3835 1893 legimus

547 1928 842 1985 translata.
895 1927 1088 1986 Omnis
1128 1939 1310 1994 autem
1357 1931 1542 2003 lingua
1578 1935 1629 1987 in
1675 1933 1835 1988 aliam
1870 1947 2160 1999 conversa,
2200 1943 2261 1987 ut
2301 1929 2627 2004 plurimum,
2659 1927 3036 1984 diﬂicultatem
3079 1934 3247 1994 atque
3277 1925 3673 1978 obscuritatem
3749 1935 3838 1988 ge.

547 2029 728 2074 nerat.
765 2019 1082 2077 Translatio
1111 2022 1213 2078 ista
1251 2023 1395 2081 facta
1427 2033 1511 2082 est
1539 2038 1804 2096 tempore,
1831 2042 1940 2097 quo
1972 2024 2312 2081 Prolemaaus
2367 2021 2790 2094 Philadelphus,
2839 2035 3069 2090 regnum
3129 2017 3348 2091 Αἴθῃ)ιὶ
3391 2013 3840 2070 administrabat.

551 2114 771 2184 Septem
825 2115 972 2170 enim
1029 2113 1184 2171 luere
1243 2118 1634 2179 translationes
1682 2119 1899 2176 Veteris
1946 2118 2310 2176 Testamenti.

618 2207 802 2262 Prima
817 2224 848 2262 a
865 2207 1008 2262 LXX
1026 2209 1160 2265 viris
1187 2208 1354 2277 facta,
1373 2211 1464 2280 qui
1491 2209 1700 2266 Hebraei
1725 2219 1884 2268 erant
1908 2220 1961 2267 et
1985 2210 2138 2266 electi

2323 2211 2544 2283 Πρώτη,
2588 2213 2622 2282 η
2654 2210 2764 2267 τῶν
2792 2207 3187 2281 ἐϐδομήκοντα,
3231 2209 3428 2271 οἵτινες
3476 2206 3724 2284 Ἑϐραῖοι
3751 2206 3840 2265 δν-

553 2302 799 2366 fuerunt,
861 2301 1021 2372 juxta
1084 2318 1374 2357 numerum
1429 2304 1775 2375 septuaginta
1831 2303 2136 2378 seni-orum,

550 2405 692 2460 quos
722 2390 885 2461 elegit
923 2389 1160 2462 Moyses.
1206 2392 1270 2446 Hi
1323 2392 1511 2464 igitur,
1546 2394 1961 2450 commemorati
1996 2395 2140 2464 regis

551 2485 804 2548 hortatu,
855 2485 921 2539 ad
981 2486 1124 2542 hanc
1158 2488 1500 2558 provinciam
1541 2488 1836 2559 designati,
1873 2490 1928 2547 in
1971 2505 2138 2543 unam

550 2591 651 2650 per
683 2577 868 2632 omnia
926 2579 1434 2649 interpretationem
1489 2596 1820 2637 convenere.
1887 2579 2141 2637 Secunda

549 2670 765 2742 Aquila:
799 2670 1149 2742 Sinopensis.
1172 2672 1270 2728 ilic
1301 2673 1524 2731 Graecus
1547 2674 1671 2742 luit,
1698 2684 1864 2747 atque
1888 2691 1918 2731 e
1944 2675 2137 2752 Ponto,

552 2769 611 2820 et
651 2763 1048 2839 Hierosolymis
1077 2765 1392 2837 baptizatus
1430 2786 1445 2824 :
1480 2768 1681 2824 deinde
1725 2784 1851 2829 cum
1897 2769 2143 2829 odensns

552 2855 932 2928 inimicusque
961 2856 1190 2914 etl'eetus
1225 2868 1375 2916 esset
1419 2861 1749 2930 quibusdam
1783 2862 2140 2930 Christianis,

552 2959 740 3020 Spreto
759 2949 1109 3021 baptismate,
1127 2950 1334 3009 Judaris
1348 2968 1409 3009 se
1433 2953 1778 3028 adjunxit,fet
1793 2953 2140 3026 Seripturam

555 3045 838 3100 transtulit
867 3045 968 3101 sub
993 3045 1236 3101 Adriano
1290 3047 1622 3120 imperatore
1665 3063 1754 3113 eo,
1778 3049 1874 3118 qui
1933 3048 2139 3120 lepram

554 3151 754 3212 passus
788 3146 873 3193 est
903 3138 1033 3195 CCC
1065 3149 1119 3196 et
1170 3137 1319 3194 XXX
1360 3140 1520 3196 annis
1553 3150 1680 3211 post
1716 3142 2138 3196 translationem

555 3224 717 3281 LXX.
744 3225 844 3283 Hic
881 3232 1066 3297 itaque
1111 3230 1290 3286 iratus
1321 3228 1680 3298 Christianis,
1722 3233 1891 3291 multa
1919 3248 2141 3301 perver-

554 3319 641 3374 tit.
674 3318 914 3376 Tertiam
934 3321 1063 3378 fecit
1087 3320 1476 3394 Symmachus,
1507 3324 1684 3393 patria
1713 3325 2135 3381 Samaritanus:

553 3417 647 3486 qui
669 3432 792 3478 cum
831 3418 974 3488 apud
1007 3434 1163 3484 suos,
1193 3429 1460 3489 quantum
1508 3419 1738 3476 honoris
1772 3421 1996 3490 Optabat
2029 3437 2139 3482 non

555 3518 972 3580 assequeretur,
998 3509 1219 3567 Iudaeos
1242 3511 1397 3578 adiit,
1423 3521 1477 3568 et
1509 3529 1728 3570 rursum
1752 3515 2136 3576 circumcisus.

556 3603 611 3657 in
645 3601 1116 3663 Samaritanorum
1148 3605 1438 3669 oti‘ensam,
1472 3620 1686 3661 sacram
1746 3606 2136 3677 interpretatus

554 3703 642 3751 cst
666 3694 1031 3764 Seriptnram,
1077 3697 1181 3751 sub
1210 3696 1414 3753 Severo
1453 3697 1804 3767 imperatore.
1837 3698 1938 3765 Qui
1971 3699 2136 3754 etiam

555 3798 617 3842 ut
639 3786 842 3844 Iudaeis
876 3791 1132 3858 placeret,
1175 3806 1518 3860 quaecunque
1548 3790 1614 3844 ad
1649 3790 1930 3847 Christum
1967 3792 2138 3861 perti-

556 3879 784 3945 nebant,
842 3897 951 3936 non
1013 3896 1145 3937 sane
1186 3882 1473 3938 transtulit
1509 3897 1521 3933 :
1560 3883 1722 3938 annis
1757 3899 1848 3938 sex
1899 3886 2138 3953 etquin-

554 3970 977 4046 quagintaOpost
1001 3971 1298 4030 editionem
1330 3973 1561 4043 Aquilae.
1600 3973 1803 4042 Quarta
1837 3976 1937 4032 fuit
1959 3977 2140 4033 Theo-

553 4065 799 4122 dotionis
846 4063 1095 4138 Ephesii,
1125 4066 1218 4136 qui
1247 4081 1371 4121 cum
1406 4081 1473 4124 ex
1506 4067 1802 4126 Marcionis
1832 4070 2023 4127 haeresi
2050 4085 2138 4125 es-

558 4167 667 4225 set,
696 4157 993 4229 aliquando
1032 4157 1280 4215 otIensus
1306 4150 1425 4214 s'uis
1460 4160 1830 4226 colitereticis,
1859 4165 2136 4236 propriam

559 4251 1069 4320 interpretationem
1100 4249 1295 4314 edidit,
1327 4252 1780 4323 subimperatore
1813 4254 2135 4321 Commodo,

557 4343 760 4410 Quinta
792 4355 1003 4400 certum
1032 4359 1140 4399 non
1161 4344 1325 4400 habet
1362 4355 1664 4411 auctorem;
1695 4346 1912 4403 inventa
1935 4357 2019 4401 est
2043 4363 2140 4400 au-

559 4444 668 4489 tem
696 4437 750 4490 in
778 4435 1058 4503 lliericho,
1091 4437 1240 4492 dolio
1269 4447 1480 4507 operta,
1517 4438 1621 4492 sub
1654 4437 1934 4498 Caracalla
1963 4440 2138 4508 impc-

558 4537 765 4583 ratore.
786 4528 955 4582 Sexta
981 4529 1099 4582 sine
1117 4528 1362 4583 auctoris
1389 4528 1610 4582 nomine
1633 4539 1845 4596 reperta
1865 4539 1948 4583 est
1973 4528 2139 4582 Nico-

557 4619 691 4689 poli,
729 4618 872 4688 apud
900 4618 1135 4684 Actium,
1193 4619 1296 4673 sub
1346 4619 1657 4674 Alexandro
1688 4619 1930 4675 Mammas
1962 4622 2139 4689 impc-

557 4722 765 4768 ratore.
813 4711 1052 4784 Septima
1086 4711 1289 4782 prodiit
1316 4729 1342 4766 a
1373 4711 1617 4767 Lueiano
1662 4728 1858 4784 magno
1905 4714 2139 4769 crcmita

558 4817 614 4863 et
667 4814 910 4877 martyre
945 4824 958 4859 :
988 4806 1082 4875 qui
1151 4805 1412 4860 omnibus
1467 4805 1556 4860 his
1602 4806 1937 4861 editionibus
1979 4807 2140 4870 visis,

2242 2321 2356 2369 τες,
2412 2303 2743 2372 ἐξελέγησαν
2801 2301 2945 2354 κατὰ
3002 2300 3238 2370 ἀριθμὸν
3285 2300 3396 2353 τῶν
3432 2301 3538 2354 ὑπὸ
3591 2301 3842 2365 Μωσέως

2242 2397 2577 2464 ἐκλεγέντων
2604 2395 2976 2466 ἐϐδομήκοντα
3014 2395 3426 2470 πρεσϐυτέρων1
3458 2395 3602 2448 κατὰ
3651 2393 3839 2464 παρὰ·

2243 2491 2435 2560 κλησιν
2462 2489 2556 2542 τοῦ
2598 2487 2928 2559 δηλωθέντος
2969 2487 3254 2566 βασιλέως,
3300 2488 3393 2549 καὶ
3434 2487 3730 2557 σύμφωνον
3761 2487 3840 2549 είς

2242 2585 2388 2638 ὅιπαν
2417 2582 2717 2655 ἑρμηνείαν
2757 2582 3022 2648 ἐξέθεντο.
3055 2581 3319 2652 Δευτέρα,
3352 2584 3386 2654 ἡ
3414 2579 3508 2636 τοῦ
3546 2581 3842 2643 Σινωπέως

2255 2675 2476 2730 ’Ᾱκύλση
2509 2667 2678 2744 Οὗτος
2707 2673 3031 2746 γὰρ”Ελλην
3053 2672 3128 2728 ὢν
3150 2675 3215 2727 ἐκ
3245 2674 3348 2743 τῆς
3375 2673 3667 2739 Ποντικῆς,
3703 2671 3840 2725 ἐϐα-

2245 2768 2448 2838 πτίσθη
2473 2770 2530 2822 ἐν
2561 2765 2997 2843 Ἱεροσολύμοις
3028 2762 3149 2820 εἷτα
3166 2766 3552 2838 προσκρούσας
3575 2767 3832 2838 Χριστια-

2242 2864 2355 2926 νοῖς
2381 2878 2544 2929 τισιν,
2578 2859 2813 2932 ἡθέτησέ
2839 2877 2898 2914 τε
2925 2860 2986 2914 τὸ
3025 2859 3335 2935 βάπτισμα,
3383 2860 3476 2913 καὶ
3507 2857 3839 2930 συνδραμὼν

2257 2954 2554 3020 Ἰουδαίοις,
2602 2953 2900 3026 ἑρμηνείαν
2952 2954 3051 3024 τῆς
3109 2953 3334 3025 Γραφῆς
3395 2954 3680 3022 ἐξέδωκεν,
3745 2951 3842 3006 ἐπὶ

2257 3048 2537 3119 Ἀδριανοῦ
2570 3047 2835 3119 βασιλέως
2863 3047 2956 3103 τοῦ
2986 3046 3382 3120 λεπρωθέντος,
3419 3045 3518 3117 τὴν
3548 3045 3655 3098 τῶν
3693 3044 3839 3098 ἑϐδοο

2247 3144 2515 3214 μήκοντα,
2547 3144 2843 3212 τριάκοντα
2891 3143 2985 3194 καὶ
3014 3141 3393 3210 τετρακοσίοις
3444 3141 3624 3192 ἔτεσιν
3675 3139 3834 3192 ὑστε-

2249 3234 2524 3303 ρίζουσαν.
2555 3232 2736 3286 Πολλά
2769 3232 2825 3286 δὲ
2877 3231 3240 3303 παρέφθειρε,
3289 3231 3640 3302 Χριστιανοῖς
3675 3233 3837 3299 ἐγκο-

2242 3327 2370 3384 τῶν.
2398 3328 2589 3398 Τρίτη,
2623 3330 2656 3397 ἡ
2687 3326 2779 3381 τοῦ
2809 3326 3128 3398 Συμμὰχου,
3159 3325 3215 3390 ὃς
3239 3325 3314 3379 ὢν
3343 3324 3714 3395 Σαμαρείτης,
3745 3325 3837 3378 καὶ

2247 3424 2323 3498 μὴ
2345 3423 2630 3493 τυγχάνων
2665 3422 2800 3490 ὅσης
2845 3419 3100 3482 ἐϐούλετο
3131 3419 3328 3489 τιμῆς,
3371 3419 3653 3487 πρόσεισιν
3705 3419 3835 3472 Ἰου-

2243 3517 2434 3580 δαίοις.
2473 3516 2568 3569 καὶ
2616 3514 2869 3586 δεύτερον
2917 3512 3328 3584 περιτέμνεται,
3376 3510 3470 3565 καὶ
3521 3511 3656 3582 πρὸς
3685 3513 3834 3565 ἀντι-

2243 3609 2475 3664 πάθειαν
2513 3606 2893 3676 Σαμαρειτῶν,
2925 3607 3026 3676 τὴν
3045 3606 3197 3659 θείαν
3225 3606 3527 3674 ἐρμηνεύει
3578 3605 3830 3676 Γραφὴν,

2241 3703 2335 3756 ἐπὶ
2385 3701 2624 3772 Σεὸήρου
2662 3700 2949 3771 βασιλέως.
2998 3703 3096 3764 Ὃς
3140 3700 3234 3758 καὶ
3264 3702 3378 3764 τοῖς
3427 3700 3706 3770 Ἐὁραίοις
3739 3719 3835 3771 χα-

2242 3793 2544 3872 ριζόμενος.
2578 3792 2680 3846 ὅσα
2700 3785 2768 3862 ἦν
2798 3791 2926 3863 περὶ
2949 3788 3188 3860 Χριστοῦ
3221 3789 3669 3861 παρερμήνευσε,
3691 3790 3835 3861 μετὰ

2242 3885 2301 3949 ἓξ
2347 3883 2441 3954 ἔτη
2488 3884 2583 3936 καὶ
2622 3883 2961 3952 πεντήκοντα
3011 3880 3111 3951 τῆς
3143 3878 3240 3934 τοῦ
3300 3880 3502 3945 ’Δκύλα
3537 3881 3828 3944 ἐκδόσεως.

2242 3975 2494 4046 Τετάρτη
2523 3973 2618 4027 καλ⁹
2664 3971 2914 4042 Ἐφεσίου
2941 3971 3318 4045 Θεοδοτίωνος,
3351 3971 3412 4043 ὃς
3433 3972 3534 4041 τῆς
3562 3972 3831 4042 αἱρέσεως

2240 4067 2568 4146 Μαρκίωνος
2597 4065 2695 4140 ὢν,
2737 4066 2832 4122 καὶ
2891 4065 3124 4135 μηνίσας
3151 4065 3283 4118 ποτὲ
3310 4066 3422 4130 τοῖς
3473 4065 3832 4134 συναιρεσιώο

2242 4179 2384 4225 ταις,
2426 4159 2641 4218 ἔκδοσιν
2686 4157 2823 4218 ίδίαν
2872 4157 3198 4226 ἐποιήσατο,
3253 4156 3637 4227 βασιλεύοντος
3676 4161 3830 4230 Κομο

2246 4255 2430 4323 μόδου.
2477 4253 2541 4304 Ἦ
2565 4251 2620 4305 δὲ
2649 4250 2877 4320 πέμπτη
2900 4250 3188 4325 ἑρμηνεία,
3224 4251 3436 4320 πατέρα
3466 4253 3566 4319 μὲν
3593 4254 3692 4306 οὐκ
3717 4253 3827 4322 ἔχει

2242 4347 2541 4415 γνώριμον,
2574 4344 2772 4415 εὑρέθη
2801 4344 2847 4398 δ’
2874 4344 2966 4404 οὖν
2988 4345 3046 4395 ἐν
3081 4345 3312 4414 ’ἰεριχῶ,
3337 4346 3478 4416 πίθῳ
3505 4347 3826 4419 κεκρυμμέ-

2243 4456 2332 4509 νη,
2383 4436 2745 4505 Καρακάλλου
2796 4435 3196 4506 βασιλεύοντος.
3241 4438 3351 4490 Καὶ
3399 4438 3589 4506 ἡέκτη
3625 4438 3703 4500 δὲ,
3738 4440 3828 4492 ἀν-

2243 4529 2458 4598 ώνυμος
2483 4526 2638 4593 οὖσα,
2660 4531 2757 4597 τὴν
2777 4528 2994 4599 εὕρεσιν
3031 4528 3222 4597 ὁμοίαν
3247 4530 3405 4599 ἔσχεν
3429 4533 3484 4582 ἐν
3513 4530 3824 4592 Νικοπόλει,

2244 4625 2309 4690 τῇ
2336 4621 2475 4675 κατὰ
2502 4622 2562 4674 τὸ
2589 4621 2830 4683 Ἀκτιον,
2884 4620 2977 4672 ἐπὶ
3007 4620 3359 4691 Ἀλεξάνδρου
3403 4619 3498 4672 τοῦ
3544 4621 3822 4693 Μαμαίου.

2258 4713 2489 4783 Ἑϐδόμη
2525 4711 2581 4765 δὲ
2635 4711 2852 4781 προέϐη
2901 4712 3055 4782 παρὰ
3086 4712 3389 4765 Λουκιανοῦ
3437 4712 3528 4765 τοῦ
3588 4715 3822 4782 μεγάλου

2245 4804 2488 4882 ἀσκητοῦ
2541 4803 2633 4856 καὶ
2667 4802 2965 4873 μάρτυρος,
3015 4802 3076 4872 ὃς
3104 4804 3221 4864 ταῖς
3253 4803 3686 4874 προῤῥηθείσαις
3710 4806 3822 4857 ἐπι-

555 4914 758 4959 etcum
793 4902 1059 4958 llebraica
1092 4903 1324 4957 veritate
1353 4903 1801 4973 diligentissime,
1840 4913 1895 4963 et
1935 4921 2134 4974 magno

2247 4896 2452 4964 στήσας
2485 4893 2752 4955 ἐκδόσεσι,
2785 4895 2878 4953 καὶ
2911 4893 3022 4954 τοῖς
3064 4891 3375 4960 Ἑϐραϊκοῖς
3399 4892 3822 4964 φιλοπονώτερον

560 5010 686 5050 cum
751 4995 939 5051 labore
985 4994 1224 5058 collatis,
1277 4995 1555 5063 propriam
1618 4994 1944 5060 editionem,
1999 4996 2136 5057 nihil

560 5100 817 5141 mancum
859 5094 913 5142 et
945 5085 1080 5145 nihil
1116 5085 1412 5140 habentem
1450 5085 1816 5155 superﬂuum,
1859 5085 2137 5140 Christia-

559 5180 645 5235 nis
668 5178 896 5234 tradidit
929 5195 942 5232 :
973 5192 1094 5248 qua:
1135 5177 1279 5246 apud
1335 5176 1733 5238 Nicomediam.
1796 5191 1959 5231 manu
2012 5178 2137 5245 ejus

558 5271 872 5342 conscripta
919 5278 1134 5337 reperta
1171 5277 1246 5321 est
1293 5267 1346 5322 in
1381 5277 1530 5322 turre
1559 5269 1818 5337 quadam,
1862 5270 2005 5339 apud
2036 5268 2132 5323 Ju-

559 5365 705 5419 da’os
733 5363 883 5417 calce
925 5360 1083 5424 illita,
1142 5367 1262 5428 post
1316 5359 1493 5429 ipsius
1547 5361 1775 5414 Luciani
1831 5371 2130 5423 certamen,

561 5466 612 5518 et
651 5467 773 5526 post
813 5455 1275 5526 persecutionem,
1323 5469 1444 5522 qua:
1498 5468 1524 5506 a
1581 5451 1918 5508 Diocletiano
1958 5463 2010 5507 et
2053 5453 2130 5524 (7)

649 5638 689 5671 ιν
727 5633 887 5690 Deut.
946 5649 1026 5698 in,
1058 5633 1151 5684 es.

2242 4988 2498 5060 ἐντυχὼν,
2532 4988 2626 5042 καὶ
2647 4986 3098 5061 ἀκριϐωσάμενος
3139 4985 3352 5038 ἔκδοσιν
3381 4985 3707 5055 ἰδιόκληρον,
3732 4985 3821 5038 καὶ

2242 5081 2413 5152 μηδὲν
2459 5080 2707 5134 ἐλλεῖπον
2760 5079 2794 5151 ἢ
2851 5077 3106 5148 περιττὸν
3142 5077 3412 5147 ἔχουσαν,
3479 5079 3819 5148 Χριστιανοῖς

2239 5175 2557 5246 ἐποιήσατο.
2587 5173 2709 5243 ἥτις
2737 5170 2938 5248 ei)pr
2972 5171 3115 5224 κατὰ
3160 5171 3551 5239 Νικομήδειαν,
3585 5171 3815 5238 ίδιὸγρα·

2243 5282 2340 5333 (po;
2364 5263 2552 5327 αὑτοῦ,
2584 5259 2646 5314 ἐν
2673 5257 3151 5331 πυργίσκῳ,παρᾶι
3176 5256 3450 5320 Ἰουδαίοις
3483 5256 3816 5326 κεχρισμένῳ

2243 5358 2555 5426 κονιάματι,
2594 5354 2728 5423 μετὰ
2781 5352 2877 5424 τὴν
2924 5353 3152 5420 ἄθλησιν
3184 5349 3372 5416 αὐτοῦ,
3406 5349 3500 5402 καὶ
3546 5349 3638 5401 τὸν
3671 5345 3815 5417 παρὰ

2243 5445 2626 5518 Διοκλητιανοῦ
2697 5447 2788 5502 καὶ
2825 5441 3169 5513 Μαξιμιανοῦ
3217 5441 3476 5511 διωγμὸν,
3536 5442 3815 5493 Κωνστανιη

1944 5728 2141 5791 νοτία)
2177 5722 2502 5785 lectiones.

632 5835 706 5909 (7)
737 5837 871 5893 Cod.
913 5837 1042 5892 Ven.
1083 5835 1458 5904 Μαξῑμιανοῦ,
1501 5831 1848 5893 .llaximiani,
1907 5842 1957 5890 ct
1985 5841 2130 5888 recte
2163 5827 2402 5900 quidem.
