4050 6278
209 314 280 378 1-35
1337 300 1734 365 COMMENT.
1763 301 1847 362 IN
1890 299 2256 362 PSALMOS.
3375 304 3448 367 65

209 426 338 481 ’τίνου
389 422 474 476 τοῦ
503 419 757 488 Μεγάλου
807 417 906 488 τὴν
955 415 1236 487 βασιλείαν
1287 412 1588 476 διέποντος.
1618 410 1770 481 Αὕτη

1881 408 2180 464 Maximino
2223 411 2366 464 tacta
2396 418 2500 476 est,
2539 410 2645 467 sub
2693 424 2896 482 magno
2933 412 3269 484 imperatore
3299 414 3451 470 Con-

216 515 402 585 συνᾲδει
433 516 495 583 τῇ
526 511 634 564 τῶν
655 509 1052 580 ἐϐδομήκοντα,
1080 506 1149 559 τά
1175 503 1634 577 περιεφθαρμένα
1656 502 1764 556 τῶν

214 606 364 661 ἄλλων
391 602 575 659 ἁϐετοῦ
583 619 672 660 σα.

284 781 473 836 Ἐκεῖνο
509 781 608 850 μὲν
631 777 726 834 οὖν
758 779 1047 851 πρόδηλον,
1078 779 1160 832 ὅτι
1195 775 1445 846 καθάπερ
1488 773 1557 828 τὰ
1593 770 1764 843 Θρέμ-

215 891 344 945 ματα
366 875 470 936 τοῖς
500 873 832 943 αὑλήμασιν,
864 869 1008 924 οὕτω
1037 870 1094 923 δὲ
1145 869 1238 921 καὶ
1272 869 1301 921 ὁ
1341 868 1511 930 πολὺς
1556 866 1764 936 ἄνθρω-

215 985 300 1032 πος
321 970 496 1035 ἄγεται
542 967 637 1020 καὶ
672 965 919 1019 καλεῖται
964 965 1175 1034 μέλεσι.
1211 963 1353 1018 Πολὺ
1381 963 1437 1017 δὲ
1472 960 1602 1032 παρ’
1633 962 1765 1031 ἡμῖν

212 1062 265 1113 τὸ
294 1061 412 1130 Θῆλυ
465 1057 558 1112 τοῦ
591 1060 845 1129 ἄρρενος,
867 1059 962 1112 καὶ
996 1057 1096 1111 οὐκ
1126 1057 1348 1110 ἔλαττον
1370 1056 1430 1110 τὸ
1466 1055 1646 1124 ἄωρον
1667 1051 1762 1106 τοῦ

214 1147 602 1223 καθεστηκότος,
631 1153 692 1204 τὸ
726 1152 915 1220 ἄγριον
951 1149 1043 1203 τοῦ
1093 1151 1463 1220 ήμερωτέρου,
1515 1150 1575 1201 τὸ
1601 1146 1766 1199 ἀπαί-

209 1245 371 1299 δευτον
396 1244 486 1298 τοῦ
522 1244 983 1315 πεπαιδευμένου.
1021 1245 1128 1297 Καὶ
1157 1244 1214 1299 ἐν
1246 1243 1396 1312 αύτῷ
1431 1243 1532 1313 μὲν
1562 1243 1638 1311 τῷ
1667 1241 1766 1313 ερ-

214 1339 312 1409 ρενι
334 1337 388 1388 τὸ
417 1337 514 1406 μὲν
540 1335 760 1398 λογικὸν
789 1337 881 1405 τῆς
910 1335 1092 1405 ψυχῆς
1141 1335 1338 1404 μέροςο
1367 1334 1430 1386 τὸ
1460 1333 1517 1386 δὲ
1568 1333 1763 1400 ἄλογον

206 1427 291 1481 καὶ
320 1427 592 1498 θηριῶδες,
623 1421 702 1482 ὧν
723 1428 942 1481 πάντων
990 1427 1022 1496 ὴ
1060 1425 1221 1498 ἡδονὴ
1257 1427 1470 1496 κρατεῖ.
1504 1425 1604 1477 Διά
1634 1422 1764 1492 γοῦν

209 1517 356 1571 ταῦτα
381 1520 469 1570 καὶ
525 1519 688 1588 μέλος
734 1518 841 1573 τῶν
870 1517 1123 1588 ψαλμῶν,
1177 1517 1247 1572 δι’
1292 1513 1353 1572 οὗ
1413 1517 1761 1582 συνειλεῖται,

208 1609 436 1681 καθάπερ
485 1611 575 1664 διὰ
628 1612 885 1684 περόνης,
941 1613 1062 1675 ταῖς
1089 1610 1294 1684 ψυχαῖς
1328 1613 1362 1682 ἡ
1417 1612 1523 1664 ἀπὸ
1555 1610 1763 1664 τούτων

205 1702 438 1771 ὠφέλεια,
463 1702 526 1756 τὸ
555 1704 829 1775 αὐστηρὸν
858 1705 968 1758 τῶν
1009 1704 1400 1776 πνευματικῶν
1429 1703 1760 1774 φαρμάκων,

205 1795 272 1859 ὡς
300 1795 506 1865 μέλιτός
535 1814 702 1862 τινος,
741 1797 1154 1864 ωναλοιοῦντος
1203 1797 1417 1862 τούτου,
1452 1798 1549 1852 καὶ
1595 1813 1764 1852 καταο

208 1888 658 1958 φαρμακεύοντος,
689 1888 787 1944 καὶ
814 1890 931 1953 τοῖς
975 1889 1129 1960 ἡδέσι
1160 1889 1229 1947 τά
1261 1887 1518 1959 λυσιτελῆ
1553 1903 1770 1959 παραρ-

204 1980 423 2045 τύοντος.
478 1982 556 2035 To
596 1981 948 2054 χαριέστερον
1012 1983 1123 2053 γὰρ
1166 1982 1336 2053 ἡδέως
1388 1980 1770 2051 ὲγκαταδύνει,

202 2073 290 2124 καὶ
321 2072 690 2143 μονιμώτερον
714 2072 949 2142 γίνεται.
979 2074 1204 2144 Πρῶτον
1234 2074 1333 2144 μὲν
1361 2073 1521 2126 τοῦτο
1549 2071 1644 2126 τοῦ
1674 2073 1772 2142 μέ-

205 2161 320 2226 λους
343 2163 533 2220 αἴτιον.
557 2164 710 2217 Ἐπεὶ
734 2165 790 2218 δὲ
818 2164 906 2218 διὰ
940 2167 1036 2235 τῆς
1065 2163 1356 2236 ἀπατηλῆς
1384 2162 1578 2235 ἡδονῆς
1602 2163 1770 2217 ἀπόλ-

207 2253 316 2306 λυσι
343 2255 431 2307 τὸν
478 2254 770 2326 ἄνθρωπον
823 2255 853 2308 δ
916 2254 1130 2326 ἐχθρὸς,
1174 2256 1335 2309 πάλιν
1367 2253 1455 2307 διὰ
1506 2255 1605 2324 τῆς
1643 2254 1772 2308 anc-

210 2361 323 2414 χνου
346 2347 418 2417 (8)
457 2347 663 2418 ’ταύτης
686 2349 778 2402 καὶ
799 2348 1146 2419 οίκονομικῆς
1181 2346 1556 2410 ἀνασώζεσθαι
1584 2347 1773 2400 τοῦτον

204 2438 376 2500 ὁΘεδς
419 2441 740 2508 ἐπενόησεν.
791 2440 973 2494 Αἴτιον
1024 2441 1116 2493 καὶ
1161 2439 1323 2492 τοῦτο
1375 2439 1630 2508 δεύτερον
1676 2437 1771 2492 τοῦ

205 2525 549 2596 μελξσματος.
584 2520 657 2582 Τὸ
675 2530 732 2582 δὲ
760 2530 963 2602 τρίτον,
995 2531 1078 2583 ὅτι
1108 2531 1182 2601 (9)
1215 2533 1306 2582 καὶ
1335 2530 1556 2600 ἀγάπην
1587 2532 1774 2583 ἐπινε-

208 2612 378 2682 νόηται
413 2614 507 2668 καὶ
537 2615 812 2687 ὁμόνοιαν,
857 2617 1047 2690 ὥσπερ
1075 2619 1172 2682 τὰς
1197 2618 1449 2688 γλώσσας
1475 2619 1585 2673 τῶν
1616 2620 1774 2691 ᾀδόν-

207 2719 324 2769 των,
354 2705 494 2758 οὕτω
543 2707 763 2772 καὶτὰς
788 2709 1012 2779 γνώμας
1043 2711 1121 2772 είς
1153 2709 1211 2762 ἓν
1242 2710 1495 2777 συνάγειν
1544 2710 1778 2782 δυνάμε-

205 2811 308 2860 νον,
341 2798 434 2851 καὶ
468 2799 920 2871 συναρμολογεῖν,
949 2803 1130 2865 πάσας
1159 2819 1218 2863 τε
1250 2802 1342 2855 καὶ
1371 2802 1609 2875 ἑκάστην
1649 2802 1777 2857 ἑκά-

204 2901 303 2960 στῃ
342 2891 438 2944 καὶ
491 2891 730 2955 πάσαις
760 2895 812 2948 τί
862 2893 973 2966 γὰρ
1001 2894 1175 2958 οὕτως
1200 2894 1318 2947 ἐστὶ
1340 2892 1776 2963 διαλλακτήριον,

199 2979 274 3044 ὡς
306 2977 456 3052 ᾆσμα
485 2985 671 3038 κοινὸν
708 2985 1002 3057 ίκετήριον,
1055 2984 1116 3051 ἐξ
1168 2985 1400 3041 ἑκάστου
1431 2986 1524 3040 καὶ⁴
1557 2986 1776 3041 πάντων

203 3072 337 3142 ὑπὲρ
355 3075 594 3132 ἑκάστου
623 3076 720 3130 καὶ
751 3078 969 3132 πάντων
999 3077 1440 3149 άναφερόμενον;
1476 3077 1584 3131 Καὶ
1608 3078 1778 3149 χωρὶς

199 3165 255 3218 δὲ
276 3170 497 3234 τούτων,
540 3169 741 3243 πολλὴν
763 3171 876 3243 εχει
901 3170 961 3225 τὸ
997 3172 1157 3242 μέλος
1185 3171 1416 3242 δύναμιν
1449 3173 1587 3242 πρὸς
1615 3173 1779 3243 ἤθους

205 3262 564 3332 κατασκευὴν,
591 3262 622 3334 ἢ
647 3262 1040 3332 ἐπανόρθωσιν,
1075 3263 1442 3333 μεταλλάττον
1474 3266 1566 3318 καὶ
1586 3263 1782 3335 ῥυθμί-

200 3349 288 3412 ζον
317 3352 479 3404 αύτὸο
542 3354 863 3424 σωφρονικά
887 3371 946 3406 τε
995 3354 1104 3424 γὰρ
1137 3355 1285 3424 παρὰ
1325 3348 1436 3419 τοῖς
1493 3356 1783 3426 ἀρχαιοτέ-

205 3459 311 3511 ροις
339 3441 481 3498 εἶναι
525 3446 644 3518 (10)
681 3446 839 3516 μέλη,
893 3447 988 3500 καὶ¹
1018 3447 1330 3501 τούναντίον
1378 3449 1620 3519 ἰρωτικὰ
1641 3487 1654 3513 ,
1686 3450 1781 3502 καὶ

201 3535 562 3608 πολεμοποιὰ,
602 3540 698 3592 καὶ
726 3540 1001 3611 είρηνικὰ,
1054 3539 1148 3592 καὶ
1175 3538 1417 3610 λυπηρὰ,
1449 3543 1541 3594 καὶ
1568 3541 1782 3611 χαρίεν-

198 3643 280 3690 τα,
322 3632 417 3680 καλ⁵
451 3632 793 3700 ῥωννύοντα,
846 3631 942 3684 καὶ
975 3631 1343 3702 ἀμϐλύνοντα.
1375 3634 1545 3686 Φασὶν
1577 3635 1658 3687 ὅτι
1683 3635 1781 3686 καὶ

199 3719 542 3793 Πυθαγόρας,
582 3724 871 3794 μειράκιον
897 3725 1144 3790 ἐκτόπως
1177 3725 1340 3796 ἐρῶν,
1395 3725 1780 3798 μεταστρέψας

199 3812 282 3864 τὸν
321 3815 508 3881 αὐλὸν,
566 3817 900 3889 μετέστρεψε
947 3822 1042 3872 καὶ
1092 3818 1187 3871 τοῦ
1231 3817 1465 3888 ἔρωτος·
1505 3821 1598 3872 καὶ
1651 3818 1781 3874 ἄλλο

203 3906 332 3973 μετὰ
368 3906 560 3975 ξίφους
596 3908 784 3979 ὁρμῶν
807 3908 1081 3975 ἐξέλυσεν.
1110 3909 1171 3963 '0
1201 3910 1258 3963 δὲ
1283 3909 1545 3982 Τιμόθεος
1576 3909 1779 3981 μεταξὺ

197 3998 466 4069 τραπέζης
514 3999 617 4052 καὶ
660 4001 852 4072 ἡδονῆς
883 4001 972 4054 τὸν
1027 4002 1191 4071 νόμον
1253 4002 1396 4073 ᾅσας
1433 4003 1526 4054 τὸν
1574 4002 1776 4073 δροιον,

198 4089 284 4140 τὸν
328 4090 502 4161 Θυμδν
529 4094 725 4162 incipe
765 4093 858 4146 τοῦ
900 4093 1248 4159 Μακεδόνος,
1304 4093 1401 4147 καὶ
1455 4094 1780 4164 ἁρπάσαντα

200 4181 294 4249 τὴν
326 4183 533 4254 σκευὴν
565 4184 916 4254 ἀναπηδῆσαι
954 4185 1248 4251 πεποίηκε.
1278 4183 1435 4239 Οὕτω
1464 4184 1596 4252 γοῦν
1623 4185 1779 4254 ἡμῶν

201 4269 232 4338 ὴ
262 4270 417 4337 φύσις
439 4272 667 4335 οἰκείως
691 4273 803 4342 ἔχει
839 4273 973 4343 πρὸς
1001 4275 1068 4326 τὰ
1100 4273 1236 4344 μέλη
1260 4273 1370 4328 τῶν
1393 4275 1653 4344 ᾀσμάτων
1685 4275 1779 4328 καὶ¹

201 4359 380 4426 ἡδέως,
417 4361 495 4425 ὡς
524 4362 620 4416 καὶ
653 4366 722 4416 τὰ
760 4364 1044 4433 ύπομάζια
1075 4363 1264 4418 παιδία
1300 4364 1781 4435 κλαυθμυριζόμεο

1868 505 2136 557 siantiuo.
2171 502 2297 557 Haec
2321 518 2447 556 cum
2477 502 2621 556 LXX
2657 501 3018 574 lnterprctum
3039 505 3282 562 editione
3311 523 3453 563 con-

1864 597 2062 660 sentit,
2091 603 2146 650 et
2176 610 2299 665 qua:
2330 595 2400 650 ab
2435 595 2558 651 aliis
2581 595 2876 666 depravata
2908 595 3150 664 fuerant,
3180 600 3451 670 reproba-

1868 686 1966 741 vit.

1941 777 2077 833 Illud
2142 787 2328 834 autem
2392 779 2655 835 omnibus
2716 779 3068 836 manifestum
3124 791 3244 849 est,
3305 785 3453 854 quod

1866 873 2334 942 quemadmodum
2393 887 2587 944 greges
2653 872 2879 938 ﬁstula,
2930 876 3012 930 sic
3073 877 3238 932 etiam
3293 880 3452 934 multi

1867 963 2152 1018 hominum
2188 973 2426 1032 aguntur
2480 975 2532 1017 ct
2565 965 2874 1019 mulcentur
2900 967 3237 1024 carminibus
3267 985 3281 1023 :
3311 969 3458 1025 inter

1869 1055 2122 1108 homines
2158 1063 2342 1108 autem
2389 1056 2564 1107 multo
2621 1056 2794 1126 magis
2854 1057 3054 1110 femina
3113 1075 3277 1128 quam
3317 1061 3445 1126 vir;

1867 1161 1971 1199 nec
2006 1145 2192 1199 minus
2220 1144 2384 1198 ctiam
2425 1148 2470 1200 is
2502 1147 2595 1216 qui
2625 1147 2926 1202 immaturae
2950 1157 3035 1203 est
3067 1150 3264 1216 atatis,
3289 1167 3458 1222 quam

1871 1237 1964 1307 qui
2037 1236 2196 1292 senio
2281 1236 2609 1316 confectus;
2688 1245 2782 1292 aut
2855 1241 2951 1308 qni
3017 1238 3260 1296 ferocior
3331 1251 3459 1311 est,

1869 1343 2033 1399 quam
2096 1329 2189 1398 qui
2253 1330 2482 1396 mitior;
2549 1340 2641 1384 aut
2681 1330 2860 1385 .docto
2914 1330 3235 1389 indoctior:
3283 1345 3338 1392 et
3398 1337 3460 1394 in

1867 1419 1985 1488 ipso
2025 1418 2247 1489 quidem
2297 1421 2520 1476 nomine
2591 1421 2698 1474 alia
2760 1432 2848 1476 est
2907 1423 3196 1481 rationalis
3257 1429 3462 1483 anima

1865 1528 1993 1582 pars
2050 1525 2108 1569 et
2164 1514 2270 1568 alia
2327 1512 2671 1571 irrationalis
2732 1529 2796 1569 ac
2847 1513 3049 1585 ferina,
3088 1533 3228 1588 quas
3264 1535 3460 1577 omnes

1869 1613 2051 1659 tamen
2098 1605 2352 1676 voluptas
2393 1606 2564 1661 vincit
2602 1622 2664 1660 ac
2704 1616 2949 1677 superat.
3004 1610 3117 1666 Hac
3168 1611 3342 1680 igitur
3389 1612 3462 1670 de

1873 1697 2439 1767 causa'psalmorum
2497 1683 2695 1754 cantus
2767 1700 3115 1758 introductus
3178 1712 3306 1771 est,
3361 1720 3464 1778 per

1798 1774 2031 1859 “quem
2091 1791 2324 1857 utilitas,
2387 1807 2508 1861 quae
2567 1791 2640 1848 ab
2693 1793 2828 1861 ipsis
2882 1794 3120 1863 psalmis
3178 1774 3461 1867 provenit,

1874 1883 2133 1938 humanis
2171 1883 2372 1939 animis
2421 1883 2590 1939 veluti
2638 1898 2736 1954 per
2765 1882 2985 1940 ﬁbulam
3025 1888 3320 1958 quamdam
3356 1890 3463 1944 ad-

1875 1974 2117 2031 nectitur
2155 1983 2210 2030 et
2236 1975 2594 2048 coniungitur
2626 1995 2640 2032 :
2683 1976 2807 2048 ipso
2839 1977 3058 2033 scilicet
3081 1987 3275 2045 cantu,
3303 1980 3464 2052 quasi

1875 2067 2033 2124 melle
2063 2067 2324 2139 quodam,
2370 2068 2643 2124 alterante
2689 2085 2754 2125 ac
2793 2070 3115 2126 moderante
3144 2073 3459 2144 spiritualis

1875 2162 2167 2217 medicina
2204 2162 2630 2228 -austeritatem,
2687 2169 2744 2219 et
2797 2163 2956 2217 utilia
3009 2163 3261 2220 dulcibus
3317 2178 3462 2223 eon-

1875 2254 2081 2310 diente.
2120 2253 2254 2310 Nam
2293 2253 2439 2326 quod
2478 2255 2696 2328 gratuiti
2736 2266 2852 2320 est,
2893 2256 2944 2309 id
2990 2256 3290 2325 jucundius
3319 2258 3464 2313 reci-

1878 2349 2024 2419 pitur
2050 2359 2103 2404 et
2131 2349 2480 2404 constantius
2504 2348 2793 2403 retinetur.
2824 2347 2950 2402 Hzcc
2975 2358 3062 2403 est
3099 2349 3262 2419 igitur
3285 2349 3462 2418 prima

1876 2448 2072 2495 cantus
2106 2441 2264 2496 ratio.
2305 2439 2558 2495 Secunda
2590 2455 2721 2495 vero
2755 2440 2846 2494 illa
2885 2450 2968 2494 est
3000 2457 3014 2494 :
3048 2439 3175 2510 quia
3209 2439 3358 2521 inani
3397 2455 3466 2496 ac

1880 2533 2012 2589 l'alsa
2055 2534 2356 2603 voluptate,
2387 2533 2608 2587 daemon
2655 2533 2934 2586 hominem
2979 2532 3317 2602 perdiderat,
3359 2548 3460 2588 co-

1877 2625 2076 2696 gitavit
2113 2625 2255 2681 Deus
2295 2640 2388 2694 per
2427 2624 2702 2690 eamdem,
2757 2623 3057 2678 artiﬁciose
3111 2625 3462 2695 dispositam,

1879 2718 2032 2773 illum
2067 2731 2266 2773 rursus
2318 2716 2549 2772 salvare.
2601 2714 2812 2779 Tertio,
2868 2724 3068 2770 cantus
3118 2716 3185 2770 ad
3215 2725 3461 2773 mutuam

1880 2810 2233 2866 concordiam
2269 2819 2326 2864 et
2377 2809 2730 2864 dilectionem
2782 2809 3050 2863 inventus
3092 2819 3223 2864 est:
3273 2817 3466 2879 utpote

1881 2901 1974 2972 qui
2006 2901 2200 2973 possit,
2234 2911 2293 2956 ut
2325 2900 2642 2956 canentium
2682 2913 2870 2965 voces,
2909 2901 2982 2955 ita
3015 2905 3071 2956 et
3113 2913 3304 2956 eorum
3345 2902 3468 2957 ani-

1882 3007 2023 3056 mos,
2057 2990 2113 3046 in
2155 3006 2326 3046 unum
2355 3004 2704 3062 componere.
2736 2989 2878 3055 Ouid
2917 2991 3062 3045 enim
3099 3000 3186 3046 est
3211 2993 3358 3063 quod
3389 2994 3466 3050 ita

1804 3109 1850 3172 α
1884 3083 2204 3138 inimicitias
2243 3091 2493 3150 generet,
2530 3089 2589 3136 ut
2633 3092 2839 3139 cantus
2874 3083 3177 3138 amicitiam
3225 3095 3280 3140 et
3311 3097 3470 3140 amo-

1889 3190 2001 3229 rem
2030 3172 2343 3228 conciliat?
2378 3173 2470 3228 ill-e
2505 3172 2762 3229 videlicet
2796 3182 3015 3239 cantus,
3055 3175 3148 3246 qui
3179 3191 3208 3229 a
3237 3176 3469 3247 singulis

1886 3275 2052 3337 atque
2094 3267 2163 3320 ab
2204 3265 2492 3330 omnibus,
2544 3279 2647 3334 pro
2695 3265 2928 3334 singulis
2977 3276 3031 3321 et
3071 3280 3169 3336 pro
3206 3268 3477 3324 omnibus

1886 3360 2252 3414 communiter
2283 3360 2523 3414 ~otTertur
2575 3357 2709 3412 Deo.
2748 3356 2878 3430 [Aut
2912 3361 3162 3428 quisnam
3195 3360 3333 3416 adeo
3381 3367 3472 3416 es:

1887 3451 2112 3506 immitis
2137 3459 2191 3506 et
2220 3451 2394 3514 ferox,
2421 3451 2514 3520 qui
2542 3449 2693 3504 illum
2726 3451 2902 3519 possit
2926 3451 3214 3505 inimicum
3240 3452 3467 3519 ducere,

1886 3555 2047 3609 quem
2105 3542 2245 3596 sciat
2278 3542 2442 3595 Deum
2481 3555 2579 3608 pro
2610 3555 2668 3596 se
2698 3539 2942 3610 placasse
2958 3539 3001 3612 1’]
3064 3540 3284 3595 Multam
3327 3556 3469 3612 pra:-

1888 3642 2032 3688 terea
2067 3633 2174 3686 vim
2226 3632 2512 3687 harmonia
2555 3632 2717 3686 habet
2777 3641 2833 3684 et
2885 3640 3102 3695 cantus,
3147 3641 3204 3685 ut
3255 3633 3468 3702 possint

1884 3729 1939 3777 et
1968 3723 2143 3777 bonos
2165 3736 2345 3777 mores
2379 3736 2604 3793 parare,
2647 3729 2702 3776 ct
2753 3719 3027 3785 labantes,
3077 3729 3171 3776 aut
3223 3722 3469 3792 perditos

1886 3813 2142 3883 dirigere,
2196 3820 2361 3882 atque
2411 3813 2470 3866 in
2534 3812 2734 3867 melius
2786 3827 3140 3881 componere.
3208 3811 3472 3884 Legimus

1885 3903 2051 3957 etiam
2087 3901 2232 3972 apud
2273 3904 2533 3972 antiquos
2585 3909 2868 3965 auctores,
2909 3901 3064 3953 varia
3113 3900 3288 3956 fuisse
3335 3916 3470 3957 can-

1888 4004 2040 4049 tuum
2077 4009 2302 4065 geuera,
2334 3995 2409 4048 ita
2444 4001 2502 4048 ut
2539 3993 2627 4047 alii
2666 3994 2804 4047 casti
2838 4000 3025 4047 essent
3068 4001 3121 4047 et
3155 3995 3464 4063 temperati,

1883 4087 1974 4141 alii
2017 4086 2294 4150 amatorii,
2346 4086 2439 4139 alii
2480 4087 2646 4140 etiam
2689 4085 2892 4148 bellici,
2931 4085 3011 4140 sic
3047 4093 3102 4138 ct
3151 4085 3364 4154 paciﬁci
3410 4094 3469 4140 et

1885 4179 2064 4233 mmsti
2118 4192 2182 4232 ac
2243 4177 2550 4248 lugubres:
2604 4178 2696 4231 alii
2749 4177 2986 4247 denique
3038 4179 3227 4242 robur,
3283 4189 3339 4232 et
3371 4179 3465 4233 alii

1886 4272 2274 4328 hcbetudinem
2305 4280 2650 4342 praestantes.
2691 4272 2860 4325 Aiunt
2901 4270 3043 4324 enim
3080 4271 3462 4343 Pythagormn,

1885 4364 2247 4419 adolescentis
2305 4363 2597 4418 immodice
2661 4364 2944 4428 amantis,
3023 4363 3246 4419 mutatis
3319 4364 3467 4419 tibia:

201 4467 281 4513 να,
332 4451 547 4516 τούτοις
595 4455 693 4507 καὶ
735 4454 916 4524 μόνοις
966 4454 1486 4524 κατακοιμίζεσθαι·
1537 4456 1774 4528 κατεπᾴ-

1884 4455 2080 4521 modis,
2138 4470 2379 4508 amorem
2429 4454 2592 4510 simul
2635 4463 2900 4519 mutasse,
2955 4463 3006 4508 et
3060 4454 3224 4507 alium
3283 4454 3468 4524 gladio

201 4538 338 4594 ὕουσι
367 4543 477 4614 γὰρ
506 4544 736 4615 ᾅσματα
767 4546 992 4598 παιδικὰ
1019 4545 1234 4608 τούτοις
1255 4547 1309 4598 αί
1336 4544 1537 4608 τὶτθαι,
1584 4547 1679 4598 καὶ
1710 4545 1780 4598 δι’

203 4631 369 4684 αὐτῶν
392 4634 854 4704 κατακοιμίζουσι
879 4637 946 4689 τὰ
978 4638 1247 4705 βλέφαρα.
1267 4638 1376 4691 Καὶ
1406 4637 1676 4708 ὁδοιπόροι
1699 4638 1778 4703 δὲ,

204 4724 450 4788 πολλάκις
485 4728 632 4780 κατὰ
668 4729 1017 4798 μεσημϐρίαν
1059 4728 1396 4791 ἐλαύνοντες,
1427 4728 1633 4799 ᾄσματι
1678 4747 1781 4782 πα-

207 4814 566 4884 ραμυθοῦνται
600 4817 700 4887 τὴν
718 4817 780 4870 ὲκ
801 4818 900 4887 τῆς
915 4817 1224 4890 ὁδοιπορίας
1247 4817 1640 4888 ταλαιπωρίαν.
1667 4820 1777 4873 Καὶ

207 4911 537 4979 χειροτέχναι
597 4909 796 4971 πάντες
847 4910 1209 4980 ἐργαζόμενοι
1257 4910 1512 4982 ᾅδουσιν,
1567 4910 1644 4974 ὡς
1677 4910 1776 4979 τῆς

205 4998 366 5069 ψυχῆς
384 5001 465 5070 τῷ
495 4999 654 5071 μέλει
686 5000 1081 5072 κυκλουμένης,
1113 5002 1207 5055 καὶ
1242 5003 1372 5071 ῥᾷον
1402 5001 1676 5073 φερούσης
1708 5002 1778 5055 τὰ

207 5089 399 5162 ὀχληρά
428 5096 526 5148 καὶ
556 5093 813 5148 ἐπίπονα.
861 5095 970 5147 Καὶ
997 5094 1050 5147 τί
1079 5094 1158 5148 δεῖ
1185 5096 1367 5163 λέγειν
1399 5094 1661 5165 περὶτῶν
1693 5095 1782 5147 λο-

209 5185 404 5248 γικὼνς
439 5187 585 5240 ὃπου
640 5202 706 5254 γε
755 5186 849 5241 καὶ
896 5188 1051 5241 ῐπποι
1091 5189 1391 5258 σάλπιγγος
1426 5191 1526 5259 μὲν
1555 5188 1780 5243 ἀκούον-

208 5290 310 5341 uc,
333 5278 465 5348 πρὸς
498 5279 741 5351 πόλεμον
767 5279 1179 5348 εὐτρεπίζονται
1199 5300 1214 5314 ·
1239 5283 1532 5353 Θρέμματα
1553 5282 1611 5335 δὲ
1662 5285 1784 5344 ταῖς

213 5365 443 5436 σύριγξιν
491 5370 743 5439 ἕπονται,
793 5373 889 5426 καὶ
936 5373 1062 5441 τόγε
1121 5373 1284 5427 πλέον
1325 5377 1640 5445 τέρπονται,
1680 5376 1777 5427 καὶ

1884 4545 2216 4599 insilientem
2249 4545 2363 4613 pari
2410 4545 2573 4598 modo
2611 4545 2874 4599 molliissc
2909 4558 2973 4597 ac
3004 4543 3412 4612 compescuisse
3445 4560 3464 4601 :

1883 4648 1937 4690 et
1983 4635 2336 4690 Timotheum
2386 4637 2438 4689 in
2490 4650 2670 4699 castra,
2705 4644 2868 4703 atque
2926 4636 3068 4689 inter
3130 4638 3466 4704 voluptates,

1885 4728 2015 4782 dum
2062 4737 2288 4782 cautum
2324 4729 2622 4798 quemdam
2654 4737 2897 4792 caneret,
2931 4727 3024 4795 qui
3058 4725 3285 4781 Ortbius
3316 4727 3466 4780 dice—

1886 4821 2076 4886 batur,
2111 4821 2355 4876 animum
2385 4819 2569 4874 ferunt
2615 4820 2932 4874 Macedonis
2979 4819 3256 4873 excitasse
3298 4825 3466 4886 atque

1887 4913 2157 4980 eﬂ‘ecisse,
2204 4922 2283 4979 ut,
2318 4920 2539 4982 arrepta
2567 4921 2869 4976 armatura,
2913 4909 3165 4982 protinus
3196 4908 3462 4963 exsiliret.

1886 5006 2037 5060 Adeo
2069 5003 2217 5059 enim
2252 5005 2494 5059 humana
2523 5017 2716 5059 natura
2748 5005 3004 5058 cautibus
3035 5000 3326 5056 familiaris
3357 5010 3468 5063 est,

1886 5098 2077 5167 eisque
2111 5097 2434 5162 delectatur,
2475 5107 2536 5152 ut
2571 5098 2850 5167 vagientes
2897 5097 3061 5151 etiam
3111 5093 3348 5148 infantes
3382 5094 3467 5148 bis

1888 5189 2022 5244 solis
2073 5198 2517 5259 compescantur.
2556 5188 2776 5242 Canuut
2816 5188 3019 5257 quippe
3062 5185 3169 5239 illis
3217 5184 3463 5238 nutrices

1890 5279 2128 5349 pueriles
2186 5281 2416 5344 naenias,
2470 5281 2670 5350 quibus
2719 5294 2910 5333 eorum
2957 5278 3100 5332 oculi
3147 5276 3458 5344 sopiuutur.

1897 5371 2152 5428 Viatores
2214 5381 2502 5443 praeterea,
2553 5374 2754 5442 saapius
2786 5372 2853 5426 de
2891 5371 3065 5426 media
3103 5369 3192 5422 die
3227 5366 3462 5437 fatigati,

1546 5528 1743 5593 Varia:
1774 5528 2108 5590 lectiones.

281 5680 352 5748 (8)
377 5682 462 5734 τσ.
491 5683 767 5750 ὲντὲχνου,
794 5687 929 5751 utet
961 5677 1188 5751 Latinus
1221 5678 1349 5750 legit
1386 5680 1673 5751 interpres.

281 5753 352 5810 (9)
385 5753 475 5805 ῖσ.
503 5754 590 5806 ὅτι
625 5749 721 5815 είς,
744 5749 967 5819 exploso
998 5750 1110 5802 καί.

1967 5677 2079 5746 (l0)
2123 5674 2493 5746 Desidemtur,
2534 5676 2617 5730 vel
2658 5689 2808 5733 certe
2856 5676 3180 5735 subauditur
3214 5672 3459 5738 rcrbum,

1893 5743 2002 5817 quo
2033 5743 2275 5804 inﬁnitus
2308 5743 2445 5800 εἶναι
2486 5758 2725 5810 regatur.
