4050 6278
561 326 631 393 6'1
1796 306 2185 371 EUTHYMII
2235 304 2599 368 ZIGABENI
3750 309 3821 373 σε

552 440 773 499 itineris
821 436 1090 498 laborem,
1132 440 1299 489 cantu
1348 442 1413 484 ac
1457 426 1704 483 carmine
1746 425 2127 482 consolantur.

2249 424 2515 477 πιαίονται
2542 438 2555 453 ⁶
2600 423 2814 487 πολλοῖς
2865 424 2922 478 δὲ
2956 426 3052 479 καὶ
3081 425 3355 497 θέλγητρα
3407 424 3579 481 ταῦτα
3614 426 3821 499 θηρῶν,

550 535 760 592 Omnes
814 534 977 585 etiam
1034 526 1278 583 artiﬁces
1326 522 1608 593 operando
1666 527 1916 584 cantant,
1969 517 2128 589 quasi

548 625 831 695 operautis
880 620 1098 676 animus
1131 615 1373 671 carmine
1406 613 1744 677 mulceatur,
1785 618 1842 667 et
1893 611 2140 667 canendo

2239 517 2335 570 καὶ
2373 516 2624 587 θήρατρα
2645 533 2659 549 ·
2694 517 2788 571 καὶ
2823 515 2915 585 ὅγε
2949 518 3286 589 μονόκερως,
3343 517 3539 591 μέλους
3569 522 3665 574 καὶ
3690 521 3822 574 καλ-

2245 611 2368 674 λους
2394 610 2659 677 λάφυρον.

549 718 765 772 facilius
794 718 1073 771 molcstlas
1119 726 1310 765 omnes
1356 708 1594 780 perferat
1630 722 1695 762 ac
1743 707 1983 761 labores.
2055 702 2162 759 Sed
2239 704 2369 774 quid
2439 719 2581 775 Opus
2642 712 2729 761 est
2797 702 3093 760 rationales
3158 706 3412 762 homines
3488 720 3814 775 percensere

545 810 767 878 quando
814 804 1154 861 irrationalia
1192 804 1334 872 ipsa,
1372 801 1501 872 equi
1545 800 1833 862 nimirum,
1886 798 2019 853 tuba
2059 797 2127 853 ad
2167 797 2414 868 praelium
2448 806 2733 867 parentur,
2790 807 2846 853 et
2873 813 3005 854 oves
3045 797 3285 855 ﬁstulam
3348 813 3674 872 sequantur,
3754 816 3821 857 ac

550 907 684 956 tunc
782 898 957 969 magis
1017 896 1290 967 gaudeant
1349 903 1405 949 et
1456 892 1860 965 pinguescant?
1909 901 1967 948 et
2026 889 2161 946 feris
2200 891 2390 946 multis
2441 900 2638 947 cantus
2693 900 2749 947 et
2812 894 3081 959 carmina,
3147 895 3346 949 solatio
3393 895 3550 961 sint,
3635 892 3827 950 multis

548 1013 611 1055 ea
643 998 753 1051 sint
776 1012 875 1067 pro
901 993 1095 1065 plagis,
1132 999 1228 1045 aut
1258 991 1464 1061 laqueis
1486 991 1509 1043 ?
1534 991 1652 1061 ipse
1682 989 1953 1061 siquidem
1996 988 2286 1045 unlcornis
2317 990 2730 1059 pulchritudine
2764 1007 2829 1046 ac
2856 998 3024 1046 cantu
3057 1003 3373 1063 superatur.

626 1092 830 1147 Verum
865 1092 899 1145 ii
927 1092 1020 1160 qni
1060 1090 1244 1146 divina
1279 1089 1499 1143 doctius
1526 1102 1589 1141 ac
1628 1087 1922 1142 sublimius
1959 1086 2134 1141 inter-

553 1186 751 1257 prctati
784 1191 935 1245 sunt,
964 1183 1121 1235 aiunt
1166 1196 1263 1251 per
1297 1188 1518 1234 cantum
1553 1179 1877 1249 organicum
1909 1177 2136 1234 concin-

551 1279 773 1331 nitatem
801 1278 994 1330 anima:
1021 1274 1343 1346 signiﬁcari.
1375 1274 1583 1328 Anium
1613 1283 1797 1328 autem
1844 1269 2135 1327 concinni-

547 1382 634 1424 tas
664 1378 750 1423 est
778 1368 1143 1421 consonantia
1177 1366 1426 1436 quaedam
1463 1375 1517 1420 et
1564 1368 1866 1421 concentus
1911 1363 2130 1418 illarum

550 1461 789 1529 partium
823 1467 877 1513 et
906 1459 1277 1529 pOIentiarum
1322 1474 1445 1527 qua:
1489 1458 1631 1511 intra
1664 1457 1907 1511 animam
1946 1463 2079 1511 sunt
2115 1473 2130 1511 :

549 1553 620 1608 tle
643 1568 750 1621 qua
782 1552 946 1606 latius
989 1550 1263 1606 dicemus.
1295 1549 1674 1605 Consonantia
1709 1548 1854 1604 enim
1895 1556 1981 1603 est
2012 1547 2139 1602 har—

549 1646 735 1700 monia
768 1660 949 1700 rerum
984 1644 1353 1699 differentium
1397 1645 1619 1713 quidem
1650 1659 1747 1714 per
1775 1657 1919 1709 sese,
1952 1641 2049 1698 sed
2080 1642 2134 1695 in

549 1755 718 1793 unam
746 1747 935 1807 postea
958 1737 1430 1793 consentientium
1458 1748 1515 1791 et
1539 1737 1991 1792 convenientium
2016 1749 2135 1789 nte.-

550 1833 773 1886 lodiam.
806 1831 919 1886 Hoc
948 1838 1130 1886 autem
1166 1831 1352 1885 videre
1378 1830 1591 1893 licebit,
1622 1831 1844 1899 quando
1867 1831 2140 1899 praecipue

557 1928 1051 1981 cnnsonantiartttn
1083 1927 1346 1987 rationes,
1382 1925 1741 1979 interioribus
1776 1926 1977 1979 animae
2013 1938 2139 1992 par-

551 2017 702 2071 tibus
726 2018 1091 2088 congruerint
1125 2034 1138 2070 :
1174 2024 1229 2071 et
1284 2017 1433 2071 aliud
1490 2016 1709 2084 quidem
1755 2017 1809 2071 in
1860 2016 2037 2087 primo
2069 2017 2139 2071 sit

549 2107 769 2171 ordine,
802 2118 853 2160 et
884 2107 1265 2161 tantummodo
1295 2108 1551 2175 imperet,
1612 2121 1888 2177 nunquam
1936 2108 2145 2163 serviat

553 2202 899 2270 (rationalem
920 2210 1124 2269 partem
1156 2198 1327 2267 όιεο),
1360 2197 1505 2253 aliud
1531 2208 1713 2253 autem
1747 2198 1898 2268 (pars
1930 2199 2143 2255 scilicet

550 2292 881 2361 irascibilis)
944 2292 1183 2346 medium
1239 2293 1416 2347 locum
1476 2292 1696 2357 habeat,
1744 2302 1799 2347 et
1848 2303 2072 2363 regatur
2110 2307 2141 2346 a

556 2385 754 2453 primo,
792 2386 969 2455 ipsqu
1000 2394 1184 2440 autem
1218 2386 1513 2456 posteriori
1548 2384 1811 2454 imperet:
1838 2385 1985 2455 quod
2012 2400 2142 2440 vero

552 2485 860 2534 extremum
907 2486 1058 2533 tenet
1106 2480 1315 2542 locum,
1382 2493 1513 2549 pars
1564 2478 1635 2532 sit
1674 2479 2140 2549 concupiscibilis,

552 2586 675 2639 quin
710 2579 923 2625 tantum
974 2580 1186 2640 pareat,
1241 2585 1521 2639 nunquam
1586 2571 1839 2641 imperet.
1879 2571 2035 2627 Tunc
2063 2572 2144 2625 si-

553 2665 778 2734 quidem
805 2666 1002 2719 animte
1045 2665 1415 2719 consonantia
1469 2664 1711 2718 inveniri
1768 2666 1971 2730 poterit
2030 2665 2144 2736 (ra-

553 2759 780 2813 tionalis
808 2759 936 2811 dico
969 2758 1137 2826 partis
1160 2759 1227 2811 ad
1253 2756 1638 2827 irascibilem),
1670 2767 1729 2812 ut
1757 2758 1877 2827 ejus
1896 2759 2137 2824 chordae,

554 2864 677 2919 qua
711 2846 934 2919 Hypatae
963 2848 1188 2910 dicitur.
1230 2848 1295 2901 ad
1335 2847 1538 2903 Mesen.
1574 2846 1723 2903 Hanc
1753 2849 1899 2902 enim
1939 2863 2137 2918 supre-

557 2956 701 2995 mam
746 2948 799 2993 ct
849 2941 1231 3009 gravissimam
1262 2954 1451 2994 vocem
1482 2940 1774 3008 appellant,
1806 2954 1928 3010 qua
1962 2948 2148 2995 servat

556 3035 977 3087 consonantiam
1016 3034 1360 3087 diatessaron
1394 3050 1410 3098 ;
1460 3030 1715 3087 similiter
1754 3042 1809 3087 et
1847 3033 2147 3089 irascibilis

2326 1088 2468 1142 Ἀλλ’
2526 1089 2643 1156 οἵγε
2699 1089 2765 1142 τὰ
2838 1091 2958 1143 θεῖα
3011 1090 3353 1161 κομψότερον
3405 1089 3828 1161 ἑρμηνεύοντες,

2243 1185 2399 1253 φασὶ,
2432 1182 2517 1235 διὰ
2540 1182 2633 1234 τοῦ
2665 1181 2961 1253 όργανικοῦ
2999 1184 3199 1252 μέλους
3228 1184 3329 1252 τὴν
3364 1183 3669 1253 ἐμμέλειαν
3699 1186 3831 1237 ὑπο-

2244 1274 2613 1345 σημαίνεσθαι
2664 1275 2766 1343 τῆς
2797 1275 2998 1346 ψυχῆς.
3052 1276 3408 1347 Μουσουργία
3441 1277 3495 1329 δὲ
3540 1277 3743 1347 ψυχῆς,
3796 1280 3826 1344 ἡ

2244 1369 2353 1423 τῶν
2404 1370 2550 1423 ἔνδον
2578 1370 2750 1438 αὐτῆς
2788 1370 2971 1439 μερῶν
3004 1370 3321 1439 συμφωνία,
3356 1368 3482 1438 περὶ
3507 1366 3575 1440 ἦς
3598 1368 3833 1440 ἐροῦμεν

2241 1460 2601 1532 πλατύτερον.
2642 1460 2938 1531 Συμφωνία
2993 1461 3102 1531 γάρ
3136 1461 3286 1513 ἐστιν
3316 1461 3553 1532 ἁρμονία
3583 1461 3835 1531 διαφερο-

2238 1554 2417 1626 μένων
2456 1556 2575 1626 μὲν,
2607 1553 3018 1624 ὁμολογούντων
3057 1553 3152 1607 δέ·
3193 1554 3352 1606 τοῦτο
3394 1554 3453 1606 δὲ
3490 1554 3641 1607 ἐστιν
3683 1554 3832 1619 ίδεῖν,

2240 1646 2368 1701 ὅταν
2412 1648 2461 1699 οἱ
2507 1646 2787 1699 κάλλιστοι
2819 1642 2928 1697 τῶν
2978 1643 3311 1713 συμφωνιῶν
3343 1645 3494 1713 λόγοι
3540 1648 3653 1708 τοῖς
3685 1646 3835 1699 ενδ-ν

2173 1790 2213 1845 Β
2240 1739 2338 1809 τῆς
2366 1738 2545 1810 ψυχῆς
2566 1738 2791 1809 μέρεσιν
2819 1738 3199 1807 ὲφαρμόσωστ,
3228 1738 3404 1791 καὶτὸ
3436 1738 3537 1808 μὲν
3558 1739 3657 1809 τὴν
3683 1739 3835 1810 πρὼὀ

2240 1849 2342 1901 την
2371 1832 2468 1903 ἔχῃ
2498 1831 2672 1899 τάξιν,
2713 1830 2807 1884 καὶ
2834 1832 2997 1905 μόνον
3024 1830 3191 1901 ἄρχῃ,
3236 1830 3385 1899 λέγω
3416 1830 3471 1884 δὲ
3500 1833 3559 1885 τὸ
3587 1833 3833 1899 λογιστιο

2243 1923 2339 1978 κόν
2362 1941 2376 1955 ·
2411 1925 2472 1976 το
2492 1924 2549 1977 δὲ
2572 1925 2673 1995 τὴν
2701 1922 2894 1995 μέσην,
2927 1916 3040 1975 οἷον
3071 1923 3133 1975 τὸ
3159 1924 3411 1994 θυμικὸν,
3432 1924 3538 1977 ὑπὸ
3557 1923 3652 1977 τοῦ
3683 1924 3837 1996 πρὼ-

2243 2036 2337 2073 του
2374 2018 2473 2089 μὲν
2507 2019 2836 2090 ἀρχόμενον,
2862 2018 3029 2090 ἄρχον
3069 2017 3127 2070 δὲ
3172 2016 3268 2069 τοῦ
3303 2016 3618 2071 τελευταίου
3642 2033 3657 2046 ⁸
3687 2026 3752 2071 το
3777 2018 3834 2071 δὲ

2244 2111 2343 2182 τὴν
2368 2111 2625 2181 ἐσχάτην,
2649 2110 2724 2175 ὡς
2754 2110 2816 2163 τὸ
2842 2109 3261 2179 ἐπιθυμητικὸν,
3293 2110 3598 2180 ἀρχόμενον
3629 2110 3831 2180 μόνως.

2244 2205 2381 2259 Τότε
2404 2204 2514 2275 γὰρ
2548 2204 2613 2257 ἂν
2640 2204 2725 2274 εἴη
2764 2204 2857 2258 καὶ
2889 2203 3181 2272 συμφωνία
3211 2202 3391 2271 ψυχῆς
3414 2218 3427 2231 ’
3472 2202 3569 2255 τοῦ
3602 2204 3705 2273 μὲν
3746 2203 3808 2256 lc

2246 2298 2497 2366 γιστικοῦ
2524 2295 2659 2368 πρὸς
2690 2296 2750 2349 τὸ
2775 2295 3077 2367 Θυμοειδὲς,
3111 2296 3188 2359 ὡς
3223 2294 3437 2365 ὑπάτης
3466 2297 3603 2363 πρὸς
3634 2297 3833 2366 μέσην,

2247 2391 2405 2445 τοῦτο
2466 2390 2570 2459 γὰρ
2616 2389 2708 2442 τὸν
2761 2388 3036 2443 ἀνώτατον
3085 2389 3178 2441 καὶ
3234 2387 3539 2457 βαρύτατον
3602 2386 3833 2442 καλοῦσι

2248 2486 2509 2557 φθόγγον,
2563 2484 2662 2551 τὴν
2706 2484 2793 2537 διὰ
2822 2482 3107 2552 τεσσάρων
3165 2480 3488 2551 συμφωνίαν
3534 2479 3832 2544 σώζοντος*

2245 2576 2340 2631 τοῦ
2379 2576 2437 2629 δὲ
2484 2574 2801 2646 Θυμοειδοῦς
2837 2574 2971 2645 πρὸς
3001 2574 3063 2627 τὸ
3110 2573 3526 2643 ἐπιθυμητικὸν,
3554 2572 3630 2637 ὡς
3660 2574 3835 2643 μέσης

2248 2672 2386 2741 πρὸς
2413 2672 2604 2739 νήτην,
2636 2667 2795 2720 τοῦτο
2846 2668 2955 2737 γὰρ
2986 2667 3077 2719 τὸν
3109 2666 3414 2735 ἀκρότατον
3444 2665 3538 2719 καὶ
3569 2664 3838 2730 ὀξύτατον

2246 2761 2577 2832 ὀνομάζουσι
2618 2759 2719 2831 τὴν
2748 2758 2835 2812 διὰ
2866 2760 3025 2812 πέντε
3054 2759 3220 2812 πάλιν
3241 2775 3255 2790 ο
3290 2757 3456 2812 αὑτοῦ
3487 2758 3544 2812 δὲ
3568 2756 3664 2811 τοῦ
3694 2756 3839 2826 λογι-

2250 2854 2438 2909 στικοῦ
2481 2853 2618 2925 πρὸς
2647 2852 2709 2905 τὸ
2744 2853 3174 2922 ὲπιθυμητικὸν,
3219 2853 3295 2915 ὡς
3328 2852 3543 2920 ὑπάτης
3580 2851 3718 2923 πρὸς
3746 2852 3841 2919 νή-

2247 2965 2348 3018 την
2366 2965 2377 2977 ·
2410 2947 2567 3002 τοῦτο
2595 2946 2704 3017 γὰρ
2736 2946 2955 3015 λέγουσι
2986 2946 3079 2998 τὸν
3116 2945 3419 3015 βαρύτατον
3441 2945 3577 3014 πρὸς
3602 2944 3698 2997 τὸν
3719 2942 3841 3009 ὀξύ-

2248 3058 2410 3094 τατον
2441 3040 2544 3109 τὴν
2591 3039 2679 3092 διὰ
2720 3039 2932 3093 πασῶν.
2968 3039 3030 3092 Εἰ
3060 3039 3116 3091 δὲ
3145 3038 3227 3091 δεῖ
3262 3038 3337 3108 μὴ
3370 3041 3483 3101 τοῖς
3523 3039 3716 3101 τόποις
3748 3046 3841 3089 και

559 3125 628 3180 ad
656 3124 1159 3195 concupiscibilem,
1194 3135 1251 3179 ut
1284 3123 1445 3180 Messe
1481 3124 1722 3193 chordae,
1759 3124 1825 3181 ad
1856 3142 1976 3183 eam
2023 3142 2145 3197 qua:

2252 3135 2366 3196 τοῖς
2390 3133 2617 3202 ὀνόμασι
2649 3132 2958 3203 προσέχειν,
2986 3131 3120 3184 ἀλλὰ
3151 3135 3271 3191 ταῖς
3316 3132 3578 3202 δυνάμεσι
3610 3135 3703 3186 καὶ
3729 3134 3843 3193 τοῖς

561 3216 765 3272 dicitur
797 3214 931 3270 Nete
964 3233 977 3269 :
1010 3216 1151 3269 banc
1177 3224 1357 3270 autem
1386 3217 1714 3271 altissimam
1746 3227 1913 3289 atque
1941 3220 2145 3275 acutis-

562 3310 757 3364 simam
789 3324 975 3363 vocem
1013 3311 1322 3371 nominant,
1363 3326 1484 3379 quae
1506 3319 1588 3366 est
1620 3310 1897 3381 diapente.
1937 3312 2141 3368 Eodem

562 3402 728 3455 modo
781 3403 945 3456 etiam
1002 3403 1299 3458 irascibilis
1357 3403 1423 3456 ad
1484 3406 2016 3473 concupiscibilem,
2082 3416 2145 3461 ιιι

565 3494 785 3548 chord:e
815 3494 985 3557 illius,
1054 3509 1221 3564 quam
1272 3494 1515 3565 Hypaten
1561 3496 1801 3553 diximus
1852 3501 1915 3553 ad
1945 3497 2141 3563 Neten,

562 3586 707 3639 hanc
747 3587 1018 3655 siquidem
1047 3601 1259 3649 vocem,
1286 3603 1409 3656 quae
1436 3589 1504 3641 de
1536 3590 1833 3658 gravisinta
1890 3591 2147 3645 acutissi-

566 3693 765 3748 maquc
796 3679 1109 3744 conﬁcitur,
1137 3678 1410 3748 Diapason
1444 3682 1746 3749 appellant.
1774 3681 1933 3747 Quod
1965 3683 2011 3737 si
2046 3697 2145 3752 par

562 3782 668 3831 est,
724 3785 832 3823 non
891 3772 1033 3833 loca,
1091 3778 1185 3823 aut
1246 3771 1491 3837 nomina,
1551 3774 1856 3838 attendere,
1909 3775 2004 3828 sed
2034 3776 2145 3829 vim

566 3863 751 3931 potius
783 3863 955 3931 ipsam
1000 3862 1176 3931 sequi,
1208 3872 1261 3916 ct
1298 3877 1482 3917 rerum
1526 3861 1823 3920 efficaciam
1857 3883 1870 3919 :
1906 3867 2147 3921 rationa-

568 3954 634 4008 lis
671 3969 795 4023 pars
819 3970 951 4009 sane
981 3954 1164 4023 potius
1203 3953 1350 4009 Hcse
1379 3955 1705 4024 appellanda
1752 3965 1857 4021 est,
1903 3974 1970 4013 eo
1998 3959 2145 4029 quod

568 4047 634 4099 ad
660 4047 1010 4111 irascihilcm,
1046 4047 1203 4115 quasi
1235 4048 1301 4101 ad
1339 4048 1598 4101 chordatn
1633 4046 1802 4104 Neten
1835 4050 1975 4121 (hac
1996 4053 2143 4107 enim

566 4139 881 4193 acutissima
913 4150 995 4193 est
1028 4150 1083 4194 et
1118 4138 1552 4193 concitatissima
1594 4140 1790 4195 animae
1844 4144 1991 4212 pars)
2024 4159 2146 4199 eam

571 4230 840 4284 rationem
894 4232 1271 4285 consonantia:
1320 4230 1515 4285 habeat
1565 4247 1688 4301 quae
1721 4245 1807 4287 est
1847 4234 2145 4304 Diapente;

568 4332 622 4378 et
648 4324 714 4377 ad
765 4324 1255 4393 concupiscibilem
1319 4334 1378 4378 ut
1424 4324 1489 4379 ad
1521 4326 1768 4395 Hypaten
1825 4326 1961 4395 (haec
2001 4329 2146 4381 enim

568 4415 743 4469 latior
790 4425 872 4469 est
925 4424 979 4469 et
1024 4415 1266 4484 mollior)
1322 4416 1590 4469 rationem
1646 4431 1764 4469 eam
1810 4425 1990 4472 servat
2028 4434 2149 4488 qua:

2252 3225 2646 3296 ἔνεργήμασιν,
2687 3223 2773 3294 εἴη
2814 3224 2881 3276 ἂν
2936 3224 3075 3294 μέση
3138 3223 3341 3291 μᾶλλον
3387 3224 3448 3275 τὸ
3495 3225 3840 3291 λογιστικόν·

2253 3318 2391 3385 πρὸς
2422 3316 2522 3386 μὲν
2552 3316 2611 3370 τὸ
2641 3316 2897 3385 θυμικὸν,
2948 3316 3023 3378 ὼς
3065 3316 3202 3386 πρὸς
3230 3317 3421 3386 νήτην,
3449 3317 3613 3370 τοῦτο
3641 3318 3754 3389 γὰρ
3783 3317 3841 3369 τδ

2253 3412 2532 3477 ὀξύτατον,
2562 3410 2657 3463 καὶ
2683 3410 3140 3480 ὁρμητικώτατον
3170 3410 3269 3478 τῆς
3293 3408 3471 3479 ψυχῆς
3505 3412 3672 3479 μέρος
3714 3411 3841 3473 τοὺς

2251 3503 2443 3569 λόγους
2474 3500 2574 3568 τῆς
2601 3499 2691 3553 διὰ
2717 3501 2878 3553 πέντε
2911 3498 3084 3563 σῶζον
3113 3499 3434 3569 συμφωνίας
3463 3516 3477 3531 ·
3527 3501 3663 3571 πρὸς
3692 3502 3751 3555 δὲ
3785 3502 3844 3554 τὸ

2253 3596 2671 3666 ἐπιθυμητικὸν,
2702 3594 2777 3657 ὡς
2803 3594 2941 3665 πρὸς
2969 3595 3205 3664 ὑπάτην,
3242 3594 3402 3648 τοῦτο
3431 3596 3540 3666 γὰρ
3565 3596 3738 3666 αὐτῆς
3783 3598 3844 3650 τδ

2253 3688 2638 3759 χαλαρὼτερον
2694 3688 2787 3740 καὶ
2834 3687 3185 3758 χαυνότερον,
3220 3689 3347 3748 τοὺς
3385 3688 3483 3755 τῆς
3532 3689 3620 3741 διὰ
3648 3691 3847 3743 τεσσά-

2257 3799 2397 3852 ρων·
2434 3780 2687 3833 κάκείνου
2719 3779 2817 3850 μὲν
2849 3779 2946 3849 τὴν
2975 3779 3252 3843 ἐπίτασιν,
3285 3780 3475 3833 τούτου
3508 3781 3565 3835 δὲ
3595 3783 3697 3851 τὴν
3726 3784 3847 3837 ἄνε-

2256 3893 2340 3929 σιν
2373 3872 2635 3945 ρυθμίζον
2658 3874 2753 3925 καὶ
2789 3873 3163 3941 κατακιρνῶν,
3216 3873 3516 3942 καλλίστην
3572 3875 3842 3944 ἁρμονίαν

2254 3967 2568 4037 ἐργάζεται.
2612 3963 2831 4017 Τούτων
2860 3962 2956 4016 οὖν
3010 3964 3539 4034 προαποδεδομὲνων
3573 3967 3727 4036 ἡμῖν,
3764 3967 3845 4017 ἔτι

2257 4055 2605 4125 παραστῆσαι
2628 4052 2898 4124 βούλεται,
2923 4052 2955 4122 ἢ
2977 4052 3182 4120 μᾶλλον
3216 4054 3399 4105 εἰπεῖν
3425 4050 3695 4112 λείπεται,
3724 4052 3844 4104 πῶς

2255 4147 2315 4200 ἓν
2342 4146 2403 4200 ὃν
2433 4146 2494 4199 τὸ
2518 4146 2666 4198 θεῖον
2705 4142 2954 4212 Πνεῦμα,
2984 4142 3118 4194 ποτὲ
3174 4142 3270 4211 μὲν
3304 4142 3538 4205 ὲνίζεται
3557 4160 3573 4173 ·
3601 4141 3781 4209 Πνιεῦ,⁵
3807 4157 3847 4193 a

2257 4240 2395 4311 γὰρ,
2431 4240 2585 4307 φησι,
2610 4238 2828 4305 Κυρίου
2856 4234 2949 4288 ἐπ’
2973 4235 3099 4302 ἐμὲ,
3133 4230 3203 4290 οὗ
3238 4234 3446 4288 ἕνεκεν
3491 4232 3697 4303 Elpias"
3732 4249 3841 4302 με’

2256 4332 2350 4385 καί
2370 4349 2383 4363 ο
2416 4333 2485 4384 To
2524 4326 2764 4395 Πνεῦμά
2797 4341 2915 4380 σου
2956 4327 3023 4379 τὸ
3058 4324 3236 4394 ἅγιον
3265 4324 3347 4394 μὴ
3375 4324 3709 4392 ἀντανέλῃ(
3741 4321 3845 4378 ἀπ’

2256 4425 2441 4494 ἐμοῦ⁸
2488 4422 2614 4475 καί’
2658 4418 2748 4485 Τῷ
2800 4420 3107 4488 Πνεύματι
3137 4418 3244 4472 τοῦ
3295 4420 3595 4485 στόματος
3631 4416 3842 4477 αὐτοῦ,

566 4516 651 4559 est
702 4506 1075 4570 Diatessaron,
1134 4508 1609 4577 intensiouemque
1662 4507 1832 4574 illius,
1882 4520 1935 4564 et
1980 4510 2145 4579 hujus

2255 4516 2421 4571 πᾶσα
2471 4516 2509 4581 ἠ
2564 4513 2819 4579 δύναμις
2869 4507 3109 4564 αὐτῶνθ
3164 4511 3295 4563 ποτὲ
3354 4509 3413 4562 δὲ
3471 4507 3841 4578 πληθύνεταιο

572 4600 951 4653 remissionem
985 4608 1202 4667 coaptat
1230 4608 1393 4668 atque
1415 4600 1709 4653 concinnat
1736 4616 1751 4665 ;
1779 4615 1886 4668 qua
1921 4602 2152 4659 mistura

571 4691 831 4758 optimam
866 4690 1212 4743 harmoniam
1244 4689 1478 4759 perﬁcit.
1519 4692 1615 4745 llis
1667 4690 1851 4761 itaque
1902 4696 1984 4749 sic
2012 4712 2151 4764 prte-

571 4782 779 4846 missis,
814 4791 981 4835 restat
1014 4790 1074 4835 ut
1134 4782 1411 4846 dicamus,
1453 4784 1729 4853 quomodo
1768 4785 1992 4841 divinus
2028 4786 2151 4855 Spi-

572 4877 712 4929 ritus
745 4891 887 4929 unus
927 4890 1051 4929 cum
1098 4876 1194 4939 sit,
1251 4877 1553 4945 aliquando
1598 4878 1863 4946 singulari
1921 4896 2150 4936 numero

571 4967 787 5021 dicatur
821 4976 922 5022 :ut
953 4968 1083 5021 illud
1119 4968 1161 4999 ¹⁶
1201 4984 1215 5021 :
1267 4968 1503 5037 Spiritus
1538 4969 1752 5024 Domini
1812 4987 1969 5039 super
2030 4988 2149 5027 me:

570 5070 845 5128 propterea
898 5062 1051 5113 unxit
1088 5077 1213 5125 me;
1272 5062 1400 5113 item
1433 5062 1477 5093 ”
1529 5077 1543 5111 :
1608 5060 1866 5131 Spiritum
1907 5074 2151 5117 sanctum

570 5162 721 5207 tuum
751 5170 814 5208 ne
844 5158 1060 5222 auferas
1092 5170 1124 5207 a
1168 5171 1288 5207 me:
1324 5156 1453 5207 item
1486 5156 1532 5185 "
1571 5172 1583 5208 :
1640 5154 1704 5207 Et
1754 5154 1987 5223 Spiritus
2045 5160 2155 5212 oris

571 5247 686 5311 cjus
734 5248 904 5300 omnis
945 5248 1109 5299 virtus
1142 5263 1372 5311 eorum;
1428 5256 1483 5301 et
1544 5248 1845 5317 aliquando
1902 5249 2096 5318 plurali
2133 5268 2147 5303 :

578 5335 835 5405 Spiritus,
873 5340 1048 5408 inquit
1082 5341 1148 5404 ³⁸,
1203 5342 1578 5409 prophetarum
1614 5343 1879 5410 prophetis
1926 5342 2151 5411 subjecti

578 5442 697 5483 sunt
731 5448 748 5494 ;
785 5432 912 5483 item
941 5432 987 5461 "
1028 5449 1040 5483 :
1081 5429 1423 5500 Requiesrent
1453 5448 1609 5499 super
1635 5449 1751 5485 eum
1782 5442 1975 5501 septem
1997 5434 2154 5498 spiri-

575 5532 679 5576 tus.
719 5522 1071 5577 Manifestum
1106 5533 1190 5578 est
1218 5533 1399 5578 autem
1434 5522 1698 5593 Spiritum
1728 5525 1950 5593 quidem
1981 5540 2151 5579 unum

575 5631 698 5669 esse
754 5616 1213 5684 quemadmodum
1275 5625 1328 5669 et
1378 5631 1543 5669 unum
1599 5617 1902 5679 Artiﬁcem,
1955 5617 2161 5670 instru-

579 5715 760 5761 menta
792 5716 973 5761 autem
1008 5713 1183 5775 plura.
1236 5705 1453 5776 Organa
1486 5706 1630 5761 cnim
1676 5707 1916 5763 Artiﬁcis
1952 5704 2171 5762 fuerunt

655 5823 696 5853 "
719 5822 861 5877 Psal.
895 5840 1039 5885 suv.
1064 5824 1115 5879 8.
1195 5825 1235 5857 "
1265 5823 1410 5880 Psal.
1447 5838 1497 5884 L.
1531 5824 1619 5881 i3.
1678 5825 1725 5855 "
1771 5825 1917 5882 l‘sal.
1955 5838 2129 5885 χχιιι,
2157 5824 2210 5880 6.

2260 4604 2577 4671 Πνεύματα
2607 4602 2741 4671 γὰρ,
2763 4600 2920 4671 φησὶ,
2943 4599 3287 4668 προφητῶν,
3316 4600 3651 4667 προφήταις
3691 4601 3843 4652 ὑπο-

2257 4697 2547 4750 τάσσεται
2568 4710 2582 4725 ·
2611 4692 2704 4745 καί
2724 4708 2737 4720 ·
2783 4691 3312 4745 Ἐπαναπαύσεται
3351 4688 3446 4742 ἐπ’
3476 4686 3665 4742 αὑτὸν
3691 4684 3844 4741 ἑπτὰ

2258 4788 2587 4856 πνεύματα.
2618 4784 2786 4853 Δῆλον
2816 4779 2912 4835 οὖν
2954 4783 3037 4835 ὅτι
3068 4782 3127 4834 τι
3161 4782 3258 4851 μὲν
3287 4781 3511 4851 Πνεῦμα
3542 4780 3624 4843 ἓν,
3675 4780 3842 4833 καθά-

2257 4897 2364 4950 περ
2410 4881 2503 4933 καὶ
2532 4880 2562 4930 ό
2592 4877 2854 4945 Τεχνίτης
2908 4869 2987 4937 εἷς
3009 4892 3021 4904 ο
3058 4873 3261 4943 ὄργανα
3312 4872 3393 4939 δὲ,
3443 4874 3615 4927 πολλά
3638 4890 3652 4904 ο
3686 4871 3844 4925 τοῦτο

2258 4972 2368 5041 γὰρ
2394 4972 2443 5023 οἱ
2472 4969 2769 5039 προφῆται,
2798 4968 2888 5019 καὶ
2910 4966 2999 5019 διὰ
3020 4966 3178 5019 τοῦτο
3210 4966 3445 5037 διάφορα
3469 4966 3565 5020 καὶ
3584 4965 3652 5019 τὰ
3677 4964 3843 5035 κρού-

2264 5080 2431 5134 ματα,
2464 5062 2499 5132 ἢ
2530 5059 2917 5131 ἑμπνεύματα.
2973 5059 3083 5110 Καὶ
3133 5058 3233 5111 οὐκ
3281 5060 3373 5111 ἐπὶ
3416 5056 3631 5111 πολλῶν
3677 5060 3838 5129 μόνον

2263 5156 2455 5219 πολλὰ,
2492 5154 2625 5206 ἀλλὰ
2655 5153 2747 5204 καὶ
2780 5152 2874 5203 ἐπὶ
2904 5151 2998 5203 τοῦ
3039 5149 3204 5203 αὐτοῦ
3260 5151 3431 5203 πολλὰ
3464 5152 3555 5205 καὶ
3588 5152 3839 5220 διάφορα,

2257 5247 2352 5300 τοῦ
2386 5244 2642 5315 Τεχνίτου
2674 5243 2741 5295 τὰ
2776 5242 2874 5311 μὲν
2906 5241 3161 5304 ὲνιέντος,
3191 5242 3257 5294 τὰ
3294 5241 3338 5293 δ’
3369 5239 3751 5303 ἐπιτείνοντος,
3776 5241 3842 5290 τὶ

2257 5338 2315 5391 δὲ
2349 5333 2801 5406 μεταϐάλλοντος,
2840 5332 2911 5385 τὰ
2938 5332 2995 5385 δὲ
3028 5335 3127 5384 καὶ
3161 5331 3461 5401 κιρνῶντος
3487 5348 3500 5363 ’
3535 5334 3711 5387 πάντα
3744 5331 3841 5401 μὲν

2260 5430 2354 5484 οὖν
2377 5428 2625 5497 οὐδαμῶς
2645 5444 2659 5455 ο
2701 5426 2782 5488 τίς
2812 5424 2921 5494 γὰρ
2946 5423 3127 5477 αὐτῶν
3154 5423 3373 5491 ἀτόμων
3409 5425 3443 5494 η
3486 5424 3725 5493 γνῶσις;
3776 5426 3841 5476 τα

2261 5520 2603 5589 γενικώτατα
2655 5518 2732 5581 δὲ,
2798 5521 2961 5584 μέχρι
3016 5515 3127 5567 τῶν
3192 5513 3531 5568 ίδικωτάτων
3588 5514 3838 5585 ὥρισται.

2270 5613 2407 5667 κατά
2433 5628 2490 5665 τε
2526 5610 2785 5679 ποιότητα
2816 5609 2906 5662 καὶ
2954 5608 3229 5678 ποσότητα
3250 5623 3263 5637 ο
3299 5609 3610 5680 περαιτέρω
3643 5609 3747 5680 γὰρ
3779 5607 3839 5660 οὐ

2280 5704 2495 5775 πρόεισι
2526 5702 2633 5755 τῶν
2662 5703 2820 5755 ἑπτά.

2289 5825 2329 5855 ²¹
2363 5823 2381 5878 1
2414 5822 2541 5877 Cur.
2576 5837 2687 5884 xlv,
2727 5816 2815 5873 '52.
2885 5817 2928 5849 ²¹
2962 5815 3067 5872 lsa.
3102 5831 3179 5883 st,
3208 5814 3265 5869 ἓ.
