4050 6278
231 372 302 440 69
1375 363 1766 427 COMMENT.
1818 364 1830 422 ]

1890 363 1896 419 l
1958 356 2324 422 PSALMOS.
3417 361 3489 425 70

233 485 506 556 propheta,
531 481 680 538 unde
705 488 763 536 et
791 481 961 536 variat.
990 487 1123 536 sunt
1156 490 1495 551 organorum
1535 487 1698 530 voces
1723 487 1787 528 ac
1820 470 1967 534 soni,
2028 484 2129 523 nec
2158 477 2370 522 tantum
2409 467 2462 522 in
2524 468 2693 523 variis
2755 468 3142 530 inshumentis
3179 474 3328 529 varia
3372 479 3488 534 haec

230 594 340 633 esse
369 578 736 647 reperiuntur,
767 578 865 631 sed
914 576 968 630 in
1024 589 1133 630 uno
1175 584 1340 644 atque
1369 572 1562 628 eodem
1598 566 1917 638 multiplicia
1951 579 2016 619 ac
2040 564 2276 625 diversa,
2331 562 2553 616 Δικιὶίὶου
2585 563 2794 617 scilicet
2841 565 2953 620 lizec
2995 566 3236 632 laxante,
3271 568 3360 622 illa
3404 571 3487 624 in-

233 671 489 734 ιρηάεηιε,
548 672 656 725 ana
712 671 1064 734 immmame,
1137 671 1244 724 alia
1290 668 1459 723 etiam
1546 666 1819 720 miscente
1874 675 1938 716 ac
1990 664 2351 728 temperante.
2412 656 2606 708 Omnia
2651 671 2779 709 vero
2839 666 2894 711 et
2953 657 3167 728 singula
3238 659 3481 731 Spiritus

229 778 412 832 organa
451 763 668 817 deliniri
701 777 812 817 non
842 769 1098 833 possunt,
1138 776 1263 816 cum
1306 760 1459 814 nulla
1526 757 1601 814 sit
1665 754 2079 810 individuorum
2121 751 2364 838 cognitio
2422 765 2436 801 :
2493 756 2725 816 possunt
2797 757 2980 802 tamen
3029 765 3219 804 eorum
3268 754 3484 810 diversa

230 874 409 930 gem-ra
443 869 499 913 et
531 859 748 928 species
788 858 1096 914 secundum
1139 855 1464 927 qualitatem
1524 861 1582 910 et
1641 852 2009 923 quantitatem
2061 843 2302 909 deliniri,
2342 851 2509 912 atque
2545 842 2668 896 ideo
2713 857 2820 896 non
2886 845 3024 914 plus;
3057 859 3221 914 quam
3271 859 3483 918 septem

227 964 340 1007 esse
384 952 670 1006 dicuntur.

289 1046 482 1101 Λοιπὸν
517 1045 610 1099 οῦν
665 1045 915 1115 ἔλθωμεν
963 1045 1057 1100 ἐπὶ
1093 1047 1220 1110 τοὺς
1251 1046 1489 1118 τρόπους
1516 1046 1616 1116 τῆς
1653 1062 1791 1116 προ·
1823 1047 1866 1106 Δ

1968 1037 2237 1093 Caeterum
2255 1037 2320 1090 de
2345 1036 2645 1106 prophetia:
2669 1036 2846 1091 modis
2862 1036 3112 1092 dicamus
3137 1055 3150 1090 :
3169 1040 3312 1097 alius
3331 1042 3479 1098 enim

225 1139 434 1209 φητείας
457 1155 475 1170 ο
510 1139 539 1192 6
575 1138 675 1208 μὲν
695 1138 804 1208 γὰρ
830 1139 938 1193 τῶν
961 1138 1367 1210 παρελθόντων,
1402 1139 1432 1191 6
1473 1139 1530 1191 δὲ
1569 1137 1678 1190 τῶν
1703 1137 1792 1188 ὲν-

1895 1131 2171 1202 preterita
2191 1136 2400 1194 narrat,
2427 1130 2570 1184 alius
2588 1130 2900 1198 prmseutia,
2915 1132 3122 1186 etalins
3141 1132 3322 1188 futura
3347 1151 3483 1205 pra-

227 1227 486 1292 ιττώτων,
516 1228 546 1280 6
567 1228 624 1280 δὲ
644 1228 756 1280 τῶν
785 1229 1090 1299 μελλόντων
1118 1229 1217 1298 τὴν
1248 1227 1450 1297 γνῶσιν
1473 1226 1702 1297 ἔσχηκεν
1724 1243 1738 1257 ·
1763 1226 1791 1277 6

1895 1225 2062 1289 dicit:
2090 1232 2144 1277 et
2171 1222 2258 1276 liic
2281 1222 2500 1292 quidem
2530 1221 2733 1291 aliquid
2766 1223 2974 1287 dicens,
3003 1225 3088 1278 ille
3125 1240 3255 1282 vero
3273 1228 3480 1300 aliquid

230 1321 340 1387 μὲν,
370 1321 490 1372 τάδε
514 1337 566 1371 τι
618 1321 814 1387 λέγων,
865 1321 894 1373 6
929 1319 1009 1382 δὲ,
1042 1319 1162 1373 τόδε
1201 1336 1254 1373 τι
1289 1322 1545 1390 πράττων
1585 1335 1602 1350 ο
1635 1319 1729 1370 καὶ
1763 1320 1792 1371 6

1897 1313 2130 1379 iaciens,
2159 1313 2299 1368 alius
2324 1314 2454 1368 item
2482 1313 2792 1379 manifeste,
2816 1315 2959 1370 alius
2987 1332 3117 1371 vero
3143 1320 3376 1375 obscure
3397 1332 3483 1375 at-

225 1413 334 1480 μὶν,
367 1410 646 1481 ὲναργῶςο
675 1414 706 1463 6
730 1412 808 1476 δὲ,
840 1411 1282 1482 αἰνιγματωδῶς.
1318 1413 1428 1465 Καὶ
1456 1411 1652 1484 τρόποι
1682 1411 1788 1463 πά-

1895 1421 2005 1474 que
2050 1404 2394 1475 mmgmatice
2428 1422 2439 1456 :
2477 1403 2669 1458 borum
2709 1405 2874 1459 etiam
2922 1407 3234 1475 modorum,
3286 1424 3479 1469 rursus

222 1501 297 1556 λιν
339 1501 540 1553 τούτων
587 1502 698 1555 τῶν
723 1504 944 1572 τρόπων
978 1502 1155 1572 ἕτεροι
1179 1519 1194 1534 ο
1226 1502 1254 1555 6
1284 1501 1384 1572 μὲν
1430 1501 1496 1555 δι’
1524 1501 1788 1572 ὁράσεως.

1893 1498 1986 1550 alii
2017 1497 2340 1562 suntlmodi.
2387 1495 2483 1550 llic
2506 1513 2600 1566 per
2625 1499 2916 1561 visionem,
2946 1501 3034 1555 ille
3059 1517 3152 1570 per
3206 1502 3480 1570 auditum,

222 1597 249 1647 6
278 1593 328 1647 δι
353 1593 419 1647 δι’
449 1591 648 1661 ἀκοῆς,
689 1595 717 1645 ὁ
746 1593 804 1646 δὲ
831 1593 899 1647 δι’
923 1595 1249 1665 ὀσφρήσεως
1282 1593 1381 1647 καὶ
1435 1593 1725 1655 συνέσεως.
1753 1593 1787 1663 ἢ

1892 1590 2034 1643 alius
2055 1603 2150 1658 per
2174 1589 2486 1654 odoratum,
2511 1590 2652 1644 alius
2676 1604 2770 1659 per
2795 1602 3041 1659 gustum,
3063 1602 3118 1646 et
3147 1607 3242 1662 per
3266 1602 3474 1648 tactum

219 1686 371 1754 ἁφῆς,
395 1686 595 1756 νοερῶς
617 1683 799 1738 πάντα
821 1701 833 1712 ·
869 1683 1131 1738 τοσαῦται
1166 1685 1275 1755 γὰρ
1309 1686 1406 1738 καὶ
1434 1683 1554 1748 νοὸς
1588 1683 1787 1754 αἰσθή-

1894 1681 2040 1736 alius
2077 1699 2088 1736 :
2123 1681 2311 1736 omnia
2351 1691 2541 1736 tamen
2580 1683 2886 1737 secundum
2941 1683 3299 1739 intellectum.
3329 1684 3481 1742 Toti-

222 1796 345 1843 σεις,
371 1782 491 1834 ὅσαι
545 1782 644 1833 καὶ
679 1778 931 1849 σώματος
957 1793 972 1806 ·
1009 1776 1125 1831 ἀλλ’
1153 1779 1375 1849 ὁράσεις
1401 1776 1651 1845 λέγονται
1683 1777 1789 1830 πᾶ·-

1895 1771 2020 1827 dem
2041 1774 2188 1828 enim
2230 1788 2429 1829 sensus
2469 1774 2781 1829 intellectus
2819 1776 3002 1840 habet,
3039 1787 3175 1846 quot
3225 1793 3475 1850 corpus:

221 1887 321 1933 σαι,
350 1873 488 1927 κατὰ
527 1873 593 1925 τὸ
642 1870 1028 1942 γενικώτερον,
1063 1872 1097 1944 ᾗ
1129 1870 1479 1941 τιμιώτερον.
1525 1869 1658 1942 Ὁρᾷ
1689 1869 1790 1941 μὲν

1891 1878 2083 1918 verum
2115 1879 2308 1921 omnes
2332 1865 2386 1920 lii
2420 1867 2566 1920 modi
2603 1866 2846 1922 visiones
2895 1870 3062 1923 etiam
3101 1871 3475 1941 appellantur,

213 1959 301 2018 οὖν
349 1966 645 2035 Ἰιζεκιήλυ
688 1966 797 2020 Καὶ
841 1965 1063 2033 ἐώρων,
1119 1967 1290 2034 φησὶ,
1337 1966 1437 2020 καὶ
1471 1963 1790 2021 ἀνέϐαινον

1895 1958 1980 2012 vel
2008 1959 2137 2026 quia
2170 1959 2478 2028 generalior
2535 1960 2607 2013 sit
2664 1961 2894 2016 visionis
2957 1963 3177 2028 modus,
3219 1965 3301 2018 vel
3350 1968 3478 2035 quia

215 2057 445 2123 σάρκες,
464 2057 570 2112 καὶ
597 2057 981 2125 παρετείνετο
1005 2057 1210 2127 δέρμα,
1236 2059 1331 2112 καὶ
1364 2058 1433 2111 τὰ
1461 2057 1587 2126 ἑξῆς
1604 2073 1622 2089 ο
1653 2055 1790 2110 ἀλλὰ

1895 2048 2142 2120 digniOr.
2177 2048 2325 2105 Vidit
2350 2051 2574 2120 quidem
2607 2052 2858 2108 Ezechiel
2898 2074 2910 2108 ι
2948 2052 3016 2108 Et
3046 2056 3168 2122 ridi,
3205 2057 3400 2125 inquit,
3426 2068 3477 2112 et

217 2150 301 2203 καὶ
328 2149 514 2204 ἀκούει
535 2167 551 2183 ·
593 2151 703 2205 Καὶ
734 2151 841 2216 σὺ,
882 2152 1069 2222 φησιν,
1101 2149 1194 2206 υίὲ
1234 2149 1574 2220 ἀνθρώπου,
1605 2149 1792 2204 ἄκουε

1891 2141 2250 2197 ascendebant
2279 2158 2490 2208 carnes,
2515 2153 2566 2198 et
2588 2145 2976 2200 extendebatur
3004 2149 3142 2201 cutis
3175 2151 3241 2203 ⁸³.
3269 2147 3474 2205 Verum

213 2241 310 2296 τοῦ
341 2242 687 2310 λαλοῦντος
724 2245 876 2312 πρὸς
904 2243 980 2298 σέ
1006 2258 1022 2273 °
1061 2242 1202 2297 ἀλλὰ
1255 2244 1353 2298 καὶ
1380 2240 1604 2312 γεύεται
1625 2258 1641 2274 ο
1674 2243 1788 2298 Καὶ

1891 2242 1949 2290 et
1978 2234 2108 2289 alibi
2135 2236 2372 2300 audivit,
2421 2251 2550 2290 cum
2597 2237 2721 2290 ait:
2766 2236 2871 2303 Tu,
2904 2239 2988 2306 ﬁli
3039 2240 3292 2302 hominis,
3348 2241 3477 2294 audi

212 2335 488 2405 ἑψώμισσ,
537 2339 698 2408 φησι,
756 2339 873 2404 τὴν
901 2337 1201 2407 κεφαλίδα
1231 2338 1481 2401 ταύτην,
1521 2337 1621 2392 καὶ
1657 2337 1791 2394 εἷπε

1891 2341 2012 2382 eum
2039 2329 2130 2396 qui
2160 2327 2398 2396 loquitur
2436 2327 2505 2381 ad
2557 2339 2604 2382 te
2630 2331 2698 2382 “.
2730 2329 2873 2382 Alibi
2921 2333 3087 2384 etiam
3122 2331 3365 2400 gustavit
3388 2332 3474 2387 di-

215 2429 349 2494 .‘tpdc
373 2445 450 2497 με
476 2445 490 2460 ’
668 2405 1005 2497 ἀνθρώπου,
1034 2429 1102 2482 τὸ
1129 2430 1323 2498 στόμα
1347 2443 1466 2483 σου
1517 2431 1788 2500 φάγεται,

1891 2434 2024 2474 cens
2059 2437 2073 2472 :
2117 2417 2186 2471 Et
2212 2421 2406 2474 cibaoit
2460 2436 2539 2473 me
2560 2421 2652 2474 illo
2692 2421 2972 2484 uolumine.
3001 2433 3052 2476 et
3083 2423 3216 2476 dixit
3242 2423 3311 2476 ad
3341 2439 3422 2478 me
3456 2441 3477 2479 :

215 2519 300 2572 καί
333 2521 371 2587 ἠ
421 2521 630 2575 κοιλία
667 2535 785 2574 σου
841 2519 1267 2588 πλησθήσεται
1296 2518 1407 2588 τῆς
1457 2523 1788 2591 κεφαλίδας

1891 2511 1996 2564 Fili
2035 2512 2285 2577 hominis,
2317 2528 2375 2566 os
2402 2523 2548 2565 tuum
2581 2514 2836 2575 comedet,
2873 2525 3052 2569 venter
3083 2525 3203 2570 tuus
3227 2516 3474 2581 implebi.

213 2607 449 2674 ταύτης·
481 2608 548 2662 τὺ
588 2609 688 2678 μὲν
719 2610 890 2680 ἀκρον
921 2612 1015 2663 καὶ
1048 2610 1487 2682 δραστικώτερον
1538 2613 1633 2666 τοῦ
1666 2615 1787 2678 νοὸς

1892 2605 1980 2658 tur
2007 2605 2103 2659 hoc
2139 2607 2406 2660 volumine
2436 2623 2455 2659 :
2490 2620 2763 2662 summam
2795 2606 2944 2659 illam
2999 2608 3259 2661 nimirum
3291 2608 3475 2664 elﬁca—

215 2697 374 2768 στόμα
428 2700 644 2766 καλῶν,
687 2701 749 2756 τὸ
805 2702 898 2756 καὶ
931 2701 1167 2773 πρώτως
1216 2703 1624 2775 ἀπογενόμενον
1675 2706 1786 2760 τῶν

1889 2695 2283 2766 cissimamque
2306 2711 2371 2751 ac
2396 2696 2699 2766 principem
2733 2709 2944 2765 partem
2979 2697 3316 2761 intellectus,
3346 2713 3471 2768 qua:

213 2785 360 2841 θείων
388 2789 709 2861 βρωμάτων
729 2809 744 2824 ·
774 2792 838 2846 τὸ
863 2792 1120 2864 δεύτερον
1157 2793 1214 2847 6t
1276 2794 1372 2848 καὶ
1398 2796 1784 2867 χωρητικώτε-

1888 2785 2107 2841 divinos
2132 2787 2286 2842 cibos
2315 2787 2551 2856 primum
2579 2797 2783 2858 gustat,
2813 2803 2901 2855 os,
2930 2790 3229 2844 secundam
3261 2804 3395 2845 vero
3419 2799 3475 2846 et

213 2897 314 2950 ρον,
348 2882 466 2952 ἤτοι
503 2885 610 2956 τὴν
631 2884 889 2953 διάνοιαν,
910 2885 1119 2939 κοιλίαν
1138 2885 1448 2957 ὀνομάζων,
1483 2887 1550 2960 ἢν
1582 2889 1678 2942 καὶ
1699 2890 1785 2942 λέ-

1889 2877 2230 2945 capaciorem
2262 2877 2581 2944 admodum,
2617 2887 2854 2934 mentem
2886 2876 3032 2945 dico,
3065 2890 3307 2934 ventrem
3369 2894 3469 2951 ap-

210 2987 306 3038 γει·
328 2972 711 3044 [liqueﬁunt
730 2974 834 3046 τῆς
858 2977 1170 3046 κεφαλίδος,
1193 2977 1270 3040 ώς
1294 2979 1355 3032 ἐκ
1378 2979 1594 3051 μικρῶν
1615 2997 1782 3052 σπερ-

1889 2971 2129 3039 pellans,
2169 2984 2333 3040 quam
2391 2969 2673 3024 volumine
2727 2969 3056 3040 implendam
3114 2983 3237 3027 esse
3285 2971 3472 3028 dixit:

213 3063 384 3130 μάτων
417 3067 513 3119 τοῦ
543 3067 881 3137 Πνεῦματος,
901 3068 1113 3123 πολλῶν
1144 3069 1532 3143 πληρουμένην
1563 3073 1674 3143 ἄρα
1698 3075 1784 3126 λο-

1888 3062 2047 3130 quasi
2077 3076 2143 3116 ex
2173 3061 2414 3116 minimis
2442 3061 2684 3132 Spiritus
2715 3063 2892 3116 sancti
2925 3061 3253 3130 seminibus,
3281 3065 3472 3121 multis

207 3156 350 3220 γίων.
370 3157 502 3228 Ὁρᾷ
522 3158 586 3211 δὲ
619 3160 715 3212 καὶ
744 3159 933 3213 ἀκούει
957 3161 1051 3215 καὶ
1076 3161 1328 3224 Ἡσαΐαςο
1359 3164 1474 3231 Τίς,
1503 3168 1657 3236 φησι,
1677 3183 1776 3220 που

1895 3154 2113 3224 ἱιιιριετί
2168 3156 2398 3210 deberet
2453 3155 2656 3210 divinis
2694 3157 2950 3225 eloquiis.
2989 3155 3149 3212 Videt
3200 3158 3364 3213 etiam
3417 3166 3477 3215 et

199 3249 468 3314 ρεύσεται
496 3254 654 3318 πρὸς
684 3249 790 3304 τόν
811 3254 970 3305 λαὸν
985 3253 1242 3319 τοῦτον;
1263 3252 1372 3309 Καὶ
1391 3251 1585 3319 εἶπον,
1626 3257 1781 3312 Ἰδοὺ

1891 3250 2046 3303 audit
2073 3247 2245 3303 Isaias
2280 3265 2294 3302 :
2327 3247 2482 3314 Quis,
2534 3249 2736 3317 inquit,
2763 3250 2973 3302 accedet
2997 3251 3065 3302 ad
3122 3251 3261 3303 nunc
3299 3266 3472 3320 popu-

202 3337 328 3403 ἐγὼ,
359 3340 567 3407 Κύριε.
598 3338 714 3392 Νῦν
739 3342 770 3394 6
818 3340 1034 3394 ἁκούων
1057 3356 1071 3370 ⁸
1103 3342 1187 3405 τίς
1219 3342 1276 3395 δὲ
1307 3344 1336 3396 6
1381 3343 1635 3413 βλέπων;
1669 3347 1778 3400 Καὶ

1889 3341 2001 3393 tum
2026 3341 2120 3394 "?
2152 3339 2218 3393 Et
2250 3339 2365 3393 dixi
2393 3354 2412 3392 :
2446 3338 2582 3393 Ecce
2601 3357 2714 3411 ego,
2744 3340 2982 3395 Domine.
3007 3341 3162 3397 Nunc
3186 3344 3350 3412 igitur
3377 3359 3471 3397 auo

202 3429 383 3496 ἐώρων
401 3432 516 3498 ἕως
549 3433 752 3502 θρόνοι
772 3434 1089 3502 ἐτέθησαν,
1121 3435 1220 3489 καί
1250 3436 1515 3503 Παλαιὸς
1545 3437 1780 3506 ἡμερῶν

1887 3428 2046 3494 divit,
2105 3428 2234 3483 alibi
2267 3445 2395 3483 vero
2424 3430 2584 3484 vidit.
2619 3429 2686 3483 Et
2714 3431 2841 3497 vidi,
2875 3430 3076 3501 inquit,
3100 3433 3264 3485 donec
3284 3435 3472 3500 posittc

202 3522 511 3594 ἐιὰθησεν,
546 3527 758 3596 ἀμφοῖν
794 3527 1006 3581 τούτοιν
1054 3527 1151 3580 τοῦ
1179 3529 1278 3598 μὲν
1328 3529 1428 3599 τὴν
1455 3530 1776 3597 ἀνάστασιν,

1886 3531 2011 3576 sunt
2067 3522 2237 3586 sedes,
2296 3531 2346 3576 et
2393 3523 2484 3591 qui
2537 3525 2799 3594 Antiquus
2865 3534 2978 3578 erat
3037 3527 3264 3590 dierum,
3314 3526 3467 3579 sedit.

201 3617 288 3670 τοῦ
314 3619 368 3672 δὲ
386 3620 487 3690 τὴν
519 3621 708 3688 κρίσιν
740 3620 1122 3690 μερισαμένων
1150 3622 1286 3693 (Η).
1317 3622 1495 3678 Πολλὰ
1518 3623 1652 3690 γοῦν
1682 3624 1775 3678 τοῦ

1888 3609 2096 3668 Horum
2126 3620 2308 3667 autem
2339 3613 2571 3668 duorum
2609 3615 3018 3684 prophetarum,
3047 3625 3102 3670 ut
3127 3617 3300 3682 vides,
3329 3617 3470 3671 alter

202 3709 429 3774 ἀκούειν,
463 3713 561 3765 καὶ
601 3711 843 3780 βλέπειν,
881 3713 974 3767 καὶ
1005 3713 1267 3782 γεύεσθαι
1290 3715 1360 3768 τὰ
1390 3716 1780 3787 παραδείγμα-

1891 3707 2379 3767 resurrectionem,
2399 3714 2452 3760 et
2483 3707 2914 3776 alterjudicium
2969 3709 3075 3762 sibi
3107 3711 3289 3778 partiti
3318 3719 3467 3765 sunt.

202 3814 280 3851 τα.
311 3801 444 3856 Τίνα
475 3803 535 3856 δὲ
578 3803 674 3856 καὶ
709 3804 803 3856 τοῦ
837 3803 1144 3870 ἃπτεσθαις
1175 3804 1290 3877 (12)
1322 3805 1520 3875 Ναοὺμ
1551 3806 1613 3860 τὸ
1638 3805 1780 3862 Θεῐον

1888 3797 2059 3852 Multa
2090 3799 2194 3852 alia
2226 3807 2377 3862 sunt,
2409 3798 2653 3865 auditus,
2685 3799 2835 3855 visus
2872 3808 2924 3855 et
2962 3809 3154 3870 gustus
3193 3806 3467 3873 exempla.

204 3886 386 3960 λῆμμα
405 3892 507 3963 τὴν
530 3892 824 3964 θεοληψίαν
855 3893 1000 3948 οῦτω
1025 3896 1340 3964 καλοῦντος,
1366 3897 1620 3967 καθάπερ
1678 3901 1778 3953 ἑπ-

1889 3889 2095 3946 Tactua
2129 3893 2446 3960 exemplum
2503 3891 2674 3944 babes
2713 3892 2859 3961 apud
2916 3891 3090 3947 Nautn
3123 3911 3136 3947 :
3165 3896 3256 3964 qui
3307 3894 3465 3964 juxta

212 3983 493 4052 αφωμένου
530 3983 628 4039 τοῦ
663 3985 994 4056 ἡγεμονικοῦ
1027 3986 1129 4058 τῆς
1155 3987 1354 4059 ψυχῆς,
1385 3990 1478 4042 καὶ
1502 3988 1779 4059 τυπουμέ-

1890 3983 2312 4038 translationem
2367 3981 2534 4049 LXX,
2595 3984 2741 4053 quod
2787 3985 2880 4036 alii
2929 3986 3262 4055 interpretes
3319 3983 3466 4040 Onus

204 4091 292 4128 νου
314 4076 524 4131 καὶτοῦ
559 4078 718 4146 ἁγίου
750 4079 1092 4149 Πνεῦματος.

1889 4075 2081 4131 Νἱηὶυε
2109 4075 2489 4138 reddiderunt,
2528 4076 2952 4146 Assumptionem
2998 4080 3188 4134 Ninise
3224 4081 3463 4150 appella-

206 4169 320 4221 vit:
359 4172 797 4240 assumptionem
843 4173 1134 4241 quamdam
1176 4173 1437 4241 divinam,
1474 4174 1878 4244 principalioris
1912 4171 2109 4225 animae
2161 4169 2331 4239 partis
2405 4171 2734 4240 inteliigeus,
2808 4186 2914 4223 utin
2957 4187 3120 4227 secus
3188 4188 3254 4228 ac
3316 4176 3363 4228 si
3431 4187 3463 4226 a

210 4271 391 4316 sancto
422 4264 665 4334 Spiritu,
719 4264 978 4321 manibus
1043 4266 1374 4337 quibusdam
1434 4278 1775 4325 contrectata
1815 4266 2010 4322 fuisset
2039 4271 2092 4318 et
2117 4263 2371 4317 formata.

283 4358 419 4410 Ἀλλ’
461 4359 554 4412 ἵνα
615 4359 866 4430 είπωμεν
934 4361 1371 4434 συντομώτερον,
1432 4365 1609 4420 ἄλλων
1655 4365 1778 4419 κατ’

1972 4359 2177 4415 Verum
2213 4366 2271 4412 ut
2301 4358 2542 4413 breviter
2587 4373 2896 4413 sermonem
2930 4359 3308 4429 expediamus,
3335 4376 3461 4414 cum

207 4448 354 4502 ἄλλον
383 4450 806 4520 ινεργουμένων
869 4451 967 4504 ναὶ
1011 4454 1202 4523 χρόνον
1235 4455 1330 4507 καὶ
1380 4455 1622 4526 τρόπονς,
1684 4455 1780 4508 καὶ

1875 4462 2196 4508 ceterorum
2298 4451 2683 4522 preplietarum
2786 4451 2877 4505 alii
2933 4467 3029 4522 per
3093 4453 3242 4508 varia
3326 4464 3456 4509 tem-

212 4539 390 4610 κομιδῇ
419 4556 478 4608 γε
512 4539 715 4606 ὀλίγων
753 4541 848 4592 καὶ
879 4541 971 4593 ἐπ’
1004 4543 1212 4612 ὀλίγον,
1264 4546 1406 4599 κατὰ
1435 4545 1531 4600 δύο
1581 4546 1776 4617 μόνους

1876 4559 2008 4617 pora
2039 4554 2094 4599 et
2133 4544 2367 4598 modos:
2403 4555 2567 4612 atque
2620 4544 2675 4597 lii
2718 4545 2939 4613 quidem
3000 4546 3159 4615 pauci
3205 4557 3259 4602 et
3310 4563 3457 4614 raro,

209 4631 444 4699 χρόνους,
477 4630 510 4698 ἢ
555 4630 656 4682 καὶ
681 4631 941 4698 τρόπους,
1002 4633 1259 4699 πολλάκις
1310 4639 1457 4706 τρεῖς
1485 4653 1501 4671 ·
1549 4638 1709 4708 μόνος
1750 4641 1780 4692 6

1876 4636 2076 4707 quippe
2117 4651 2245 4689 cum
2271 4649 2367 4704 per
2411 4634 2520 4688 duo
2557 4645 2766 4689 tantum
2803 4644 3070 4706 tempora,
3104 4639 3186 4691 vel
3239 4640 3453 4704 modos,

210 4716 482 4788 θεοπάτωρ
515 4715 672 4780 οὗτος
687 4718 901 4788 λέγοιτο
923 4721 1052 4775 δ’ἃν
1079 4725 1174 4778 καὶ
1202 4726 1661 4798 προφητοπάτωρ,
1683 4730 1772 4785 δα

1880 4730 1948 4782 ad
1981 4743 2260 4784 summum
2297 4736 2428 4792 tres,
2457 4728 2538 4797 agi
2580 4729 2660 4783 eis
2700 4730 3014 4798 contigerit,
3051 4732 3204 4785 solus
3238 4730 3326 4784 hic
3363 4748 3455 4786 uo-

213 4807 414 4861 πάντων
440 4803 578 4878 ἦλθε
612 4810 706 4862 καὶ
729 4808 937 4880 χρόνων
993 4813 1089 4866 καὶ
1124 4813 1343 4886 τρόπων
1377 4832 1391 4848 ο
1422 4821 1516 4870 καὶ
1546 4820 1639 4872 νῦν
1669 4822 1769 4880 μὲν

1877 4829 2008 4883 ster,
2035 4818 2130 4872 Dei
2149 4828 2199 4873 et
2213 4818 2591 4886 prophetarum
2609 4817 2973 4888 etiamil‘ater,
2991 4822 3171 4873 omnia
3187 4822 3455 4889 percurrit

211 4896 342 4965 λέγει
367 4901 436 4952 τὰ
469 4898 838 4974 παρελθόντα,
861 4900 960 4958 νῦν
1007 4904 1065 4957 δὲ
1124 4905 1194 4960 τὰ
1255 4907 1408 4972 ὄντα,
1446 4907 1540 4962 νῦν
1583 4908 1636 4962 δὲ
1699 4911 1770 4964 τὰ

1879 4917 2128 4980 tempora
2183 4917 2241 4965 et
2298 4910 2491 4964 modos
2529 4927 2543 4964 :
2584 4917 2638 4964 ct
2699 4925 2845 4964 nunc
2899 4912 3121 4980 quidem
3180 4915 3453 4981 praeterita

215 4989 488 5058 μέλλοντα,
522 4993 623 5046 καὶ
647 4991 743 5045 νῦν
777 4993 878 5064 μὲν
904 4996 1045 5067 όρᾷο
1090 4996 1198 5051 Καὶ
1244 4993 1388 5064 εἶδε,
1449 5001 1609 5071 φησὶ,
1662 5003 1769 5056 τὸν
1792 4992 1814 5071 '_

1877 4999 2030 5065 dicit,
2057 5014 2203 5053 nunc
2236 4999 2547 5069 praesentia,
2579 4997 2740 5053 modo
2769 4999 2933 5053 etiam
2966 4999 3179 5062 futura,
3207 5007 3262 5054 et
3292 5000 3453 5053 modo

213 5078 496 5152 Κύριον,ἢ
540 5082 616 5136 τὰ
646 5081 740 5136 τοῦ
785 5065 1033 5155 Κυρίου·
1081 5085 1179 5139 νῦν
1223 5086 1282 5141 δὲ
1335 5065 1525 5143 ἀκοῦει
1560 5107 1573 5119 ’
1599 5086 1768 5158 Eius,
1803 5066 1812 5120 1

1877 5093 2046 5148 videt.
2087 5065 2256 5178 Vidit;
2289 5092 2491 5162 inquit,
2537 5091 2709 5145 David
2765 5091 3071 5156 Dominum,
3114 5100 3210 5146 aut
3240 5107 3304 5146 ea
3333 5108 3450 5162 quze

213 5169 331 5237 γὰρ,
351 5173 505 5242 φησι,
543 5174 761 5242 Κύριος
786 5175 867 5238 τῷ
900 5175 1080 5230 Δασίδ
1103 5195 1122 5213 ο
1155 5177 1252 5232 νῦν
1280 5178 1334 5233 δὲ
1371 5181 1605 5236 ἅπτεται
1631 5198 1646 5213 ο
1703 5184 1768 5238 Ἠ

1875 5182 2089 5238 Domini
2113 5169 2242 5238 suni
2269 5201 2284 5240 ε
2314 5183 2476 5238 modo
2499 5183 2685 5238 audit:
2720 5182 2886 5248 Dixit,
2921 5185 3089 5250 enim,
3121 5184 3317 5254 inquit,
3346 5184 3449 5238 Do-

215 5260 447 5326 γλῶσσά
496 5281 620 5335 μου
649 5265 922 5336 κάλαμος
969 5274 1356 5341 γραμματέως
1397 5275 1765 5346 όξυγράφου,

1882 5276 2056 5330 minus
2089 5279 2155 5329 ad
2192 5276 2360 5329 David
2387 5277 2432 5309 “
2461 5293 2474 5328 :
2501 5274 2657 5330 Nunc
2688 5279 2863 5345 tangit
2906 5295 2918 5332 :
2960 5277 3164 5349 Lingua
3198 5294 3332 5337 mea.
3370 5278 3445 5331 ἱει-

221 5350 447 5417 γλῶτταν
465 5357 526 5410 οῦ
554 5357 649 5429 τὴν
666 5357 772 5422 ἔξω
800 5358 994 5428 λέγων,
1022 5362 1203 5432 λέγειν
1232 5366 1340 5438 γὰρ
1367 5365 1434 5420 ἂν
1461 5367 1629 5439 αὐτὴν
1654 5367 1701 5440 (ι
1713 5370 1766 5439 5)

1883 5371 2026 5440 quit,
2061 5370 2299 5423 calamus
2323 5369 2508 5424 scriba:
2531 5369 2778 5424 velociter
2821 5371 3100 5426 scribentis
3131 5412 3145 5425 .
3186 5372 3447 5443 linguam.

276 5486 318 5516 ⁸⁸
348 5485 540 5545 Eaech.
576 5505 786 5558 xxxm,
823 5493 878 5548 8.
951 5496 1002 5529 “
1038 5497 1236 5554 Ezech.
1273 5516 1314 5563 i,
1348 5502 1399 5564 ί,
1425 5503 1478 5557 5.
1555 5503 1728 5559 "lsa.
1759 5521 1836 5567 vr,
1868 5510 1875 5557 ι

861 5531 878 5548 .
951 5496 1002 5529 ⁸⁸
1038 5497 1236 5554 Ezech.
1273 5516 1314 5563 i.
1348 5502 1399 5564 Ι,
1425 5503 1478 5557 5.
1555 5503 1601 5534 "
1622 5505 1728 5559 lsa.
1759 5521 1836 5567 vr,
1868 5505 1923 5560 8.
1999 5507 2045 5538 “
2067 5505 2214 5562 Psal.
2235 5523 2382 5571 των,
2403 5507 2458 5560 2.

1521 5595 1720 5657 Varia;
1763 5596 2088 5660 lectiones.

279 5676 382 5770 illi
412 5680 945 5770 £€:_W°av*v°v-
1591 5764 1629 5770 --
1867 5715 1878 5768 ³

1867 5699 2260 5770 ρνείιθηδὶοηρηι
2280 5700 2355 5753 sic
2376 5700 2669 5769 appellans,
2690 5701 2841 5770 quasi
2863 5701 3102 5769 princeps
3131 5700 3295 5752 animi
3314 5715 3441 5767 pars

421 5749 755 5836 Graecorum:
793 5760 1093 5836 verborum
1132 5776 1329 5836 sensus
1382 5772 1469 5820 est
1511 5783 1522 5818 :
1579 5764 1761 5819 Naum
1867 5749 2297 5836 'prelteiidereiur:

218 5815 406 5872 quidem
451 5819 692 5878 divinum
743 5825 940 5884 lemma
990 5815 1759 5895 dicit.—‘idiainain—quamdam
1869 5815 3086 5905 rv‘iiigijavildeivvelsubaudiExcivn'claliud
3106 5838 3438 5906 huiusmodi.
