4130 6304
589 302 655 363 7,
1814 291 2196 352 EUTIIYMII
2255 290 2621 354 ZIGABENI
3794 293 3859 361 τε

590 414 833 483 inquam,
870 419 978 462 non
1010 404 1157 460 hanc
1191 389 1520 458 exteriorem
1576 402 1926 476 intelligens;
1962 406 2157 478 quippe

2272 407 2499 477 μᾶλλον,
2534 407 2651 460 ἀλλ’
2684 406 2715 477 ἢ
2759 408 3015 479 γράφειν,
3047 408 3183 463 ἀλλὰ
3215 409 3311 480 τὴν
3341 408 3434 463 τοῦ
3470 413 3613 464 νοεῖν
3663 410 3856 482 δηλον-

589 517 712 560 eum
749 500 900 570 loqui
927 513 1047 554 eam
1093 497 1273 568 potius
1303 511 1468 566 quam
1503 496 1748 552 scribere
1796 512 1894 567 par
1943 497 2160 564 fuisset,

592 597 684 653 sed
716 595 1033 648 interiorem
1068 591 1378 644 intellectus
1411 590 1675 660 linguam,
1703 606 1827 659 qua)
1881 605 2022 645 novo
2082 600 2163 643 at-

593 703 696 756 que
735 684 993 741 ineffabili
1028 684 1267 754 quodam
1300 685 1479 745 modo,
1518 685 1693 753 ipsum
1745 683 2007 752 Spiritum
2041 693 2163 737 tan—

593 782 775 852 gebat,
810 780 1175 849 palpabatque
1205 792 1269 831 co
1309 778 1569 831 nimirum
1621 777 1802 841 modo,
1834 790 1942 844 quo
1972 790 1999 827 a
2026 776 2162 830 scri-

593 885 749 945 ptore
801 875 1043 942 tangitur
1103 870 1515 938 calamus:per
1570 885 1758 939 quem,
1810 884 1871 923 ea
1930 884 2053 939 qua:
2084 867 2164 922 illi

593 967 830 1021 revelata
866 975 1044 1030 erant,
1076 966 1357 1034 eleganter
1375 962 1658 1017 scribebat
1701 980 1716 1016 :
1753 978 1928 1031 neque
1956 964 2005 1016 id
2039 974 2162 1016 tan-

588 1067 729 1125 tum,
761 1059 853 1113 sed
887 1070 939 1115 et
972 1058 1231 1110 velociter
1260 1056 1309 1110 id
1335 1057 1547 1126 agebat.
1577 1054 1728 1109 Unde
1760 1068 1813 1110 et
1844 1056 2162 1110 manifesra-

591 1151 790 1203 tionem
818 1147 1116 1218 proplictite
1143 1147 1368 1209 iudicat,
1396 1154 1449 1201 et
1472 1147 1846 1201 vehementem
1880 1149 2067 1209 etiam,
2100 1161 2164 1199 ac

591 1242 822 1296 validam
862 1239 1107 1309 Spiritus
1151 1241 1599 1304 concitationem,
1643 1240 1772 1294 dum
1817 1240 2163 1293 velocissimo

589 1336 785 1390 scriba
824 1350 949 1388 eam
1006 1344 1308 1401 comparat.
1372 1333 1515 1385 Alibi
1558 1344 1775 1401 gustum
1832 1332 1936 1385 sibi
1969 1330 2162 1385 adesse

587 1439 882 1484 attestatur
911 1429 1101 1482 dicens
1130 1445 1142 1479 :
1176 1427 1347 1492 Quam
1382 1426 1561 1477 dulcia
1590 1424 1833 1494 faucibus
1868 1425 1995 1477 meis
2047 1425 2162 1478 clo-

587 1524 711 1591 quia
742 1533 833 1575 tua
862 1536 1018 1587 super
1070 1520 1276 1573 metari
1310 1536 1420 1572 meo
1446 1520 1516 1571 ’⁷.
1552 1518 1725 1586 ipsius
1759 1517 1961 1571 etenim
1996 1518 2160 1572 intel-

588 1615 767 1668 lectus
829 1628 890 1667 os
952 1628 1012 1665 ac
1070 1612 1260 1665 fauces
1324 1611 1761 1672 delectabantur,
1801 1623 1923 1661 cum
1974 1609 2160 1663 divina

585 1708 939 1760 oraculorum
977 1703 1195 1773 eloquia
1229 1703 1544 1770 deglutiret,
1584 1715 1646 1755 ac
1699 1715 1891 1755 rursus
1936 1714 2161 1756 revoca-

2273 501 2377 562 ότι,
2412 502 2599 554 καινόν
2643 518 2762 554 τινα
2822 503 3023 572 τρόπον
3054 502 3440 573 ἐφαπτομένην
3476 503 3569 556 τοῦ
3606 506 3861 574 πνεύμα-

2272 610 2383 656 τος,
2414 594 2489 649 ὡς
2519 596 2885 666 ὑπογραφέως
2921 597 3188 666 κάλαμος,
3212 597 3279 648 δ.’
3304 597 3474 666 αὐτῆς
3496 598 3593 659 τὰς
3619 598 3858 665 γνώσεις

2274 687 2799 759 καλ).ιγραφοῦντος,
2846 690 2939 742 καὶ
2976 690 3036 741 οὑ
3087 688 3246 742 τοῦτο
3291 690 3476 758 μόνον,
3537 689 3684 743 ἀλλά
3771 692 3863 742 καὶ

2272 778 2709 849 όξυγραφοῦντος
2749 797 2761 809 '
2792 780 2936 833 οὕτω
2968 781 3057 834 διὰ
3092 782 3189 851 μὲν
3220 783 3333 834 τῶν
3360 787 3721 853 γραμμάτων
3766 783 3862 853 τὴν

2272 873 2564 943 ἐνάργειαν
2588 874 2685 940 τῆς
2721 875 3060 944 προφητείας
3094 875 3361 945 ἐδήλωσεν
3394 893 3406 905 ·
3456 876 3555 948 τὴν
3614 877 3863 945 ὀξύτητα

2271 962 2346 1028 δὲ,
2376 964 2464 1018 διὰ
2493 965 2593 1035 τῆς
2624 964 2980 1035 όξυγραφίας.
3007 967 3121 1021 Νῦν
3148 968 3203 1021 δὲ
3238 968 3337 1039 τὴν
3356 971 3661 1041 γευστικὴν
3679 968 3865 1039 ἑαυτῷ

2274 1045 2694 1129 προσμαρτυρεῖ
2727 1059 2960 1127 δύναμιν
2993 1074 3007 1088 '
3081 1062 3181 1126 Ὠς
3232 1064 3463 1130 γλυκέα
3526 1063 3664 1133 γάρ,
3707 1064 3864 1133 φησὶ,

2271 1148 2351 1213 τῷ
2382 1151 2639 1220 λάρυγγί
2660 1168 2780 1220 μου
2816 1150 2886 1205 τὰ
2918 1154 3093 1222 λόγιά
3117 1169 3254 1210 σου.
3317 1156 3427 1208 Καὶ
3448 1156 3554 1227 γάρ
3584 1156 3650 1208 τὸ
3669 1155 3867 1223 νοητὸν

2273 1239 2494 1309 ἡδύνετο
2526 1241 2720 1307 στόμα,
2747 1241 2816 1294 τά
2855 1242 3010 1309 λόγια
3036 1243 3145 1296 τῶν
3205 1247 3471 1316 χρησμῶν
3526 1248 3866 1311 καταπίνον,

2271 1334 2367 1383 καὶ
2394 1329 2463 1385 αὗ
2498 1334 2791 1403 ἀναφέρον,
2832 1334 3032 1405 πολλῆς
3062 1335 3252 1406 ήίονῆς
3292 1337 3421 1408 περί
3454 1355 3517 1390 τε
3540 1338 3639 1408 τὴν
3693 1340 3868 1391 κατά-

2272 1440 2429 1475 ποσίν
2458 1426 2553 1476 καὶ
2591 1428 2689 1495 τὴν
2717 1426 2973 1478 ἀνάδοσιν
3004 1427 3400 1498 αἰσθανόμενος
3429 1446 3443 1460 ⁸
3509 1429 3759 1500 ἀλλαχοῦ
3812 1430 3868 1483 δὲ

2271 1516 2364 1568 καὶ
2392 1512 2491 1585 τὴν
2522 1516 2748 1585 καρδίαν
2789 1518 3161 1589 ἐρευγομένην
3192 1518 3345 1585 λέγει
3396 1520 3457 1572 τὸ
3490 1522 3732 1587 ἀγαθὸν,
3761 1522 3867 1589 τὴν

2272 1606 2607 1677 βαθυτάτην,
2646 1608 2722 1671 ὼς
2752 1608 2819 1662 ἂν
2848 1610 3047 1674 εἴποις,
3082 1612 3176 1664 καὶ
3208 1612 3575 1681 ὑποδεκτικὴν
3632 1613 3868 1666 πάντων

2267 1698 2360 1752 τοῦ
2381 1700 2497 1764 νοὸς
2530 1700 2783 1770 δύναμιν,
2812 1701 2887 1765 ῶς
2916 1703 3584 1776 ὑπερεμπεπληρωμένην
3606 1705 3750 1775 ὃλην
3770 1706 3871 1758 καὶ

587 1807 695 1850 ret.
734 1794 1027 1848 Maximam
1055 1795 1202 1848 enim
1239 1797 1525 1864 propheta,
1547 1803 1663 1847 tum
1695 1793 2046 1864 deglutiendo
2076 1808 2157 1859 ea,

2267 1792 2405 1845 ὅλων
2432 1792 2540 1845 τῶν
2570 1792 2794 1861 ἀγαθῶν
2831 1796 3143 1865 βρωμάτων
3168 1796 3262 1847 τοῦ
3306 1797 3655 1866 Πνεῦματος.
3715 1796 3869 1850 Σπά-

583 1897 699 1941 tum
736 1888 1042 1942 revocando
1074 1888 1414 1957 percipiebat
1443 1888 1800 1955 voluptatem.
1838 1887 1960 1939 Alio
1994 1887 2157 1941 etiam

582 1981 637 2035 in
673 1966 793 2035 loco
816 1992 1098 2034 eructassc
1122 1980 1254 2033 dicit
1279 1992 1373 2034 cor
1403 1995 1562 2034 suum
1588 1980 1815 2033 verbum
1835 1980 2043 2033 bonum
2072 1980 2116 2009 "'
2142 1995 2158 2033 :

584 2072 691 2125 vim
718 2072 1011 2140 quamdam
1047 2062 1357 2125 intellectus
1381 2070 1888 2140 profundissimam,
1919 2081 1970 2125 et
1996 2080 2053 2124 ut
2086 2072 2158 2125 ita

582 2166 785 2227 dicam,
820 2165 1069 2219 omnium
1107 2166 1524 2234 capacissimam
1547 2166 1627 2219 sic
1661 2164 1962 2234 appellans,
1991 2164 2158 2219 veluti

581 2272 706 2325 qua:
746 2258 1007 2311 omnibus
1056 2257 1235 2311 sancti
1288 2258 1528 2326 Spiritus
1566 2256 1708 2310 cibis
1766 2255 1833 2308 ad
1882 2271 2159 2311 summum

584 2351 743 2419 plena
776 2360 941 2404 esset.
979 2348 1175 2403 Rarior
1207 2350 1259 2402 in
1295 2364 1360 2404 eo
1404 2348 1505 2401 fuit
1531 2348 1792 2403 odoratus
1814 2348 2031 2417 frg-ara.
2064 2348 2159 2403 sed

584 2441 801 2495 caeteris
830 2442 1088 2495 omnibtrs
1121 2441 1294 2493 multo
1324 2438 1627 2493 molestior.
1666 2438 1809 2492 Nam
1850 2440 1995 2508 quod
2029 2441 2161 2509 legi-

584 2548 709 2588 mus
759 2530 1033 2601 :Hyrrha
1087 2542 1134 2585 et
1174 2541 1338 2585 stacte
1402 2541 1448 2584 et
1508 2532 1683 2583 cassia
1746 2548 1778 2582 a
1838 2533 2159 2585 vesti-menti;

583 2629 686 2679 tiri;
718 2626 783 2689 ",
825 2626 875 2679 id
905 2626 973 2679 ab
1018 2641 1082 2679 eo
1114 2625 1319 2678 dictum
1347 2633 1452 2687 est,
1485 2637 1605 2675 cum
1650 2622 1938 2693 [adversus
1968 2632 2159 2689 putre-

582 2716 765 2769 dinem
797 2726 850 2770 et
882 2715 1295 2791 corruptionem
1329 2714 1647 2768 cicatricum
1674 2712 1925 2784 suarum]
1958 2714 2158 2767 bonum

584 2822 648 2863 ac
674 2822 895 2863 suavem
923 2806 1131 2862 Christi
1162 2804 1385 2859 odorem
1419 2804 1823 2872 prmsensisset.
1860 2802 1971 2857 Hoc
1999 2810 2160 2871 pacto

584 2917 683 2971 per
722 2901 909 2955 omnia
940 2899 1253 2954 intellectus
1290 2898 1563 2961 sensoria,
1600 2899 1858 2951 scientias
1887 2911 1950 2949 ac
1984 2897 2159 2949 virtu-

587 3004 669 3047 tes
709 3008 902 3047 omnes
964 2990 1283 3060 spirituales
1346 2990 1578 3059 adeptus
1629 3000 1741 3046 cst.
1777 2990 2157 3044 Conditionem

581 3098 789 3149 autem,
832 3095 998 3151 atque
1038 3082 1289 3135 habitum
1352 3079 1664 3151 Prophetae,
1705 3083 1955 3136 oratione
1994 3090 2159 3151 atque

2264 1901 2376 1946 νιος
2404 1885 2433 1937 ὁ
2460 1885 2562 1954 τῆς
2596 1885 2973 1957 όσφραντικῆς
3010 1888 3069 1941 ὲν
3108 1887 3261 1956 αὐτῷ
3325 1888 3518 1954 τύπος,
3576 1890 3671 1943 καὶ
3726 1889 3866 1942 πολὺ

2261 1977 2373 2031 τῶν
2398 1979 2573 2033 ἀλλων
2606 1978 3107 2049 δυσφωρατώτερος
3136 1996 3150 2010 ’
3200 1982 3465 2051 Σμύρνα,
3539 1983 3699 2053 φησι,
3762 1982 3867 2035 καί

2262 2071 2519 2139 στακτὴ,
2550 2071 2649 2125 καὶ
2698 2073 2952 2137 κασσία,
2985 2072 3103 2128 ἀπὸ
3133 2072 3250 2127 τῶν
3300 2076 3547 2143 ἱματίων
3584 2091 3732 2138 σου,
3767 2074 3867 2142 τῆς

2264 2164 2492 2226 εὐωδίας
2523 2163 2623 2232 τῆς
2645 2165 2789 2217 κατὰ
2816 2165 3066 2235 Χριστὸν
3105 2167 3665 2237 ἀντιλαμϐανόμενος.
3698 2166 3865 2220 Οὕτω

2261 2257 2329 2310 δι’
2363 2257 2504 2310 ὅλων
2538 2256 2630 2310 τοῦ
2653 2259 2769 2318 νοὸς
2798 2256 2907 2310 τῶν
2939 2257 3271 2325 αἰσθήσεων,
3294 2259 3403 2311 τῶν
3458 2259 3551 2312 τοῦ
3601 2260 3866 2328 Πνεῦμα-

2262 2366 2354 2412 τος
2382 2349 2523 2403 ὅλων
2564 2349 2919 2415 ἀντελάϐετο,
2953 2349 3051 2402 καὶ
3078 2349 3339 2417 γνώσεων
3397 2352 3490 2404 γα).
3537 2350 3859 2421 δυνάμεων.

2265 2441 2425 2510 Δηλοῖ
2442 2441 2500 2493 δὲ
2526 2441 2632 2512 τὴν
2669 2441 3021 2511 προφητικὴν
3088 2441 3201 2505 ἕξιν
3242 2440 3329 2495 διὰ
3390 2441 3481 2495 τοῦ
3541 2442 3729 2510 λόγου,
3771 2442 3865 2495 καὶ

2262 2534 2418 2587 οὐδὲν
2458 2534 2608 2602 αὐτῷ
2631 2532 2895 2603 διαφέρον
2924 2534 2991 2587 τὰ
3025 2533 3369 2604 παρελθόντα
3419 2534 3535 2603 (14)
3592 2534 3807 2602 λέγειν,
3828 2534 3864 2602 ἢ

2265 2624 2362 2676 καὶ
2401 2623 2471 2674 τὰ
2507 2623 2797 2692 μέλλοντα.
2826 2624 3095 2687 Πολλάκις
3167 2622 3305 2691 γοῦν
3364 2624 3692 2678 ὲναλλάττει
3763 2622 3864 2691 τὴν

2262 2716 2417 2779 τάξιν
2437 2733 2451 2745 ·
2483 2718 2575 2769 καὶ
2605 2717 2665 2768 τὸ
2699 2717 2819 2787 μὲν,
2852 2717 2926 2780 ὡς
2957 2718 3058 2787 ἤδη
3092 2717 3358 2786 γεγονότα
3398 2717 3546 2786 λέγει
3584 2719 3655 2771 τά
3691 2735 3861 2787 γενη-

2266 2808 2469 2876 σόμενα
2503 2824 2518 2839 ο
2548 2809 2609 2860 τδ
2635 2809 2689 2861 δὲ
2722 2809 3039 2861 τούναντίον
3065 2825 3079 2838 ·
3143 2807 3288 2861 οὕτω
3330 2807 3441 2878 γάρ
3502 2808 3564 2861 τό
3589 2825 3603 2840 ο
3634 2808 3778 2863 Ἵνα
3807 2808 3861 2860 τί

2256 2900 2719 2970 μὲν-ἐφρύαξαν
2750 2900 2919 2965 ἔθνη,
2952 2900 3060 2953 καὶ
3105 2898 3502 2968 παρέστησαν
3549 2899 3648 2953 καί
3700 2914 3859 2954 συν·

2263 2990 2570 3058 ἤχθησαν,
2606 2992 2700 3043 καὶ
2734 2990 2867 3043 ἄλλα
2894 2990 3143 3057 τοιαῦτα,
3184 2990 3307 3043 ἀντὶ
3336 2991 3427 3043 τοῦ
3482 2990 3858 3060 Φρυάξονται,

2265 3085 2353 3135 καὶ
2388 3085 2868 3155 Παραστήσονται,
2906 3085 2999 3137 καὶ
3016 3084 3479 3154 Συναχθήσονται.
3511 3084 3586 3137 Τὸ
3609 3084 3706 3136 δέ·
3762 3085 3858 3135 Ἐγ

579 3191 834 3231 sermone
862 3189 964 3229 suo
998 3175 1210 3228 clarum
1248 3173 1398 3237 facit,
1440 3188 1563 3226 cum
1596 3174 1732 3226 nihil
1773 3173 1991 3228 dill'erst
2014 3174 2157 3243 apud

2268 3133 2512 3244 ποτιτμῷ
2527 3133 2947 3229 διελεύσονται
2966 3176 3105 3231 ποδι
3118 3217 3132 3241 ,
3152 3133 3272 3230 ἔνιά
3296 3176 3409 3241 τοῦ,
3430 3177 3855 3248 Διεληλύθεσαν,

577 3284 727 3333 eum,
751 3267 1035 3336 prreseutia
1057 3268 1257 3330 dicere,
1284 3278 1376 3320 aut
1402 3266 1605 3320 futura.
1632 3266 2017 3335 Smpenu'mero
2050 3283 2155 3321 non

579 3363 823 3416 ordinent
854 3364 1124 3422 immutat,
1164 3370 1214 3413 ct
1250 3358 1455 3427 aliquid
1492 3365 1550 3410 ut
1590 3357 1703 3426 jam
1732 3356 1935 3410 factum
1970 3367 2160 3411 narrat

2265 3267 2292 3319 ὃ
2319 3268 2529 3320 καὶτοῦ
2568 3268 2713 3321 θείου
2748 3268 3067 3337 Πνεύματος
3128 3270 3421 3323 ίδιαίτατον
3442 3309 3457 3334 ,
3505 3270 3671 3340 μηδὲν
3705 3286 3856 3340 παρ·-

2266 3358 2525 3428 εληλυθδς
2555 3360 2777 3430 ἔχειν,ῆ
2807 3360 3021 3429 μέλλον,
3051 3360 3166 3412 ἀλλ’
3196 3362 3466 3415 ἐνεστῶτα
3489 3363 3691 3415 πάντα.

577 3457 721 3526 quod
754 3456 991 3509 futurum
1028 3461 1111 3507 est.
1146 3469 1159 3503 :
1198 3464 1390 3507 contra
1417 3454 1586 3506 etiam
1612 3452 1907 3521 aliquando
1933 3450 2112 3504 futura
2144 3467 2243 3520 pro
2259 3452 2370 3521 jam
2406 3452 2583 3517 faelis,
2607 3452 2912 3522 cujusmodi
2948 3454 3076 3507 illud
3106 3461 3215 3508 est:
3242 3454 3419 3517 Quare
3449 3456 3854 3507 insurrexerunt

576 3560 749 3622 gentes
772 3551 838 3611 ⁸ο,
869 3547 936 3619 [et
964 3546 1142 3617 populi
1176 3548 1419 3599 meditati
1490 3555 1613 3598 sunt
1686 3544 1950 3615 inania?]
2029 3542 2099 3597 Et
2168 3547 2451 3599 astiterunt
2522 3563 2663 3616 reges
2724 3558 2912 3611 tome,
2963 3558 3013 3601 et
3070 3549 3333 3617 principes
3383 3556 3737 3601 convenerunt
3796 3548 3851 3598 in

574 3659 756 3704 unum,
788 3656 916 3701 cxc.,
963 3655 1060 3708 pro
1110 3654 1175 3692 eo
1216 3640 1357 3706 quod
1396 3650 1500 3702 est,
1562 3638 1863 3707 Insurgent,
1921 3637 2339 3704 meditabantur,
2374 3639 2645 3703 astabant,
2706 3642 3034 3693 convenient.
3088 3641 3223 3695 'Item
3292 3641 3460 3695 illud:
3505 3639 3570 3693 In
3625 3640 3851 3709 ﬂumine

572 3736 966 3805 pertransibunt
1009 3734 1135 3802 pede
1160 3733 1229 3797 ³¹,
1263 3733 1365 3785 hoc
1422 3743 1501 3787 est
1541 3732 2001 3800 pertransierunt.
2050 3729 2143 3785 Est
2183 3734 2327 3786 cnim
2369 3735 2469 3786 hoc
2497 3733 2667 3787 divini
2697 3732 2935 3802 Spiritus
2994 3736 3290 3803 peculiare,
3328 3744 3385 3788 ut
3445 3733 3581 3788 nihil
3620 3746 3850 3805 prater-

577 3835 708 3888 itum
742 3833 927 3893 ducm,
955 3838 1050 3881 aut
1101 3826 1369 3890 futurum,
1399 3841 1523 3881 eum
1556 3827 1634 3881 illi
1676 3826 1862 3880 omnia
1901 3828 2197 3894 praesentia
2238 3828 2369 3883 sint.

646 3928 741 3981 llis
764 3928 1022 3981 oumihus
1057 3923 1447 3987 consideratis,
1482 3925 1813 3980 accedamus
1868 3926 1935 3979 ad
1990 3928 2157 3996 parti-

574 4023 815 4075 cularem
867 4018 1303 4086 tutiuscujusque
1360 4020 1554 4085 psalmi
1616 4019 2151 4089 interpretationem,

575 4128 685 4166 uno
713 4120 923 4165 tantum
954 4109 1263 4163 necessario
1288 4120 1338 4163 et
1366 4112 1601 4178 generali
1632 4111 1781 4165 dicto
1813 4111 1990 4164 adhuc
2018 4128 2156 4180 pne-

575 4204 746 4258 misso
778 4218 791 4255 :
820 4202 963 4271 quod
1001 4216 1108 4253 non
1146 4199 1327 4252 omnia
1363 4200 1530 4259 dicta,
1563 4214 1673 4254 uno
1700 4200 1860 4252 modo
1888 4201 2156 4267 interpre-

576 4297 847 4359 tabimur,
906 4294 1159 4347 videlicet
1195 4294 1497 4347 secundum
1544 4292 1856 4357 historiam,
1916 4301 2011 4345 aut
2063 4307 2152 4347 se-

575 4386 814 4443 cundum
842 4388 1205 4457 pr0phetiam,
1234 4393 1327 4437 aut
1358 4384 1659 4439 secundum
1688 4384 2024 4452 allegoriam,
2059 4392 2153 4435 aut

576 4483 879 4537 secundum
943 4480 1206 4533 moralem
1262 4495 1485 4533 sensum
1543 4476 1684 4531 :sed
1754 4492 1925 4529 unum
1991 4489 2153 4545 atque

575 4576 717 4630 idem
746 4575 974 4639 dictum,
1010 4587 1390 4642 satpenumero
1425 4572 1585 4625 variis
1606 4570 1862 4626 sensibus
1890 4570 2145 4639 subjicie-

2336 3924 2591 3979 Τοσαῦτα
2639 3925 3197 3996 παραθεωρήσαντες,
3238 3927 3330 3981 ἐπὶ
3382 3928 3481 3998 τὴν
3513 3928 3654 3981 κατά
3694 3928 3844 3992 λέξιν

2261 4018 2598 4087 ὁρμήσωμεν
2635 4015 2745 4067 τῶν
2778 4015 3019 4086 ψαλμῶν
3076 4018 3362 4088 ἐξήγησιν,
3409 4021 3587 4071 ἐκεῖνο
3648 4023 3848 4082 κοινῶς

2264 4112 2360 4164 καὶ
2391 4111 2709 4176 ἀναγκαίως
2736 4110 3173 4179 ἀποφηνάμενοι,
3233 4112 3307 4173 ὡς
3365 4111 3462 4180 οὐχ
3509 4110 3726 4165 ἅπαντα
3775 4114 3845 4166 τὰ

2266 4202 2408 4273 ῥητὰ
2440 4201 2561 4253 καθ’
2596 4200 2693 4252 ἕνα
2728 4201 2933 4271 τρόπον
2992 4202 3441 4271 ἐξετασθήσεται,
3509 4198 3623 4254 οἷον
3654 4205 3686 4270 ἢ
3718 4205 3842 4256 καθ’

2267 4294 2507 4363 ἱστορίαν
2537 4292 2720 4361 μόνον,
2759 4293 2791 4362 ἤ
2836 4294 2976 4347 κατά
3029 4294 3452 4364 προφητείαν,ῆ
3496 4297 3639 4347 κατὰ
3668 4296 3841 4365 ἀλλη-

2262 4384 2475 4453 γορίαν,
2506 4383 2538 4451 ἢ
2575 4382 2715 4434 κατὰ
2770 4382 2867 4453 τὴν
2907 4383 3104 4453 ἠθικὴν
3158 4383 3545 4435 διδασκαλίαν·
3610 4384 3749 4437 ἀλλά
3778 4386 3843 4438 τὸ

2261 4477 2390 4528 αὐτὸ
2428 4474 2691 4535 πολλάκις
2726 4474 2945 4537 πολλοῖς
2984 4474 3079 4527 καὶ
3121 4474 3404 4543 διαφόροις
3442 4475 3665 4544 τρόποις
3699 4476 3838 4528 ὐπο-

2264 4564 2618 4635 6ληθήσεται,
2651 4565 2746 4617 καὶ
2781 4564 3057 4633 ὥσπερέν
3086 4563 3349 4634 δένῖροις,
3384 4566 3495 4616 εῑτε
3542 4567 3638 4619 καὶ
3668 4566 3841 4635 σπέρ-

574 4685 717 4723 mus.
746 4666 879 4721 Nam
911 4665 1377 4735 quemadmodum
1424 4665 1478 4718 in
1511 4663 1806 4719 arboribus
1838 4670 1895 4715 et
1926 4660 2150 4717 semini-

2265 4674 2417 4727 μασι,
2457 4654 2653 4707 πολλαί
2682 4671 2827 4715 τινες
2861 4655 2917 4706 αἱ
2951 4652 3212 4722 ἐκφύσεις
3244 4655 3335 4706 καὶ
3366 4654 3630 4724 δυνάμεις
3662 4671 3679 4685 ·
3742 4657 3841 4708 καὶ

575 4762 701 4825 bus,
740 4762 896 4830 plura
934 4774 998 4813 ac
1024 4758 1178 4810 varia
1209 4763 1340 4810 sunt
1381 4754 1631 4825 germina
1664 4763 1717 4808 et
1767 4753 1935 4817 vires,
1978 4749 2154 4820 siqui-

575 4856 699 4909 dem
740 4854 793 4906 in
824 4854 1019 4908 arbore
1049 4859 1104 4905 et
1135 4849 1287 4904 radix
1316 4858 1419 4915 est,
1451 4857 1504 4904 et
1534 4855 1797 4910 truncus;
1837 4846 1963 4898 item
1990 4842 2153 4908 rami,

575 4956 785 5011 cortex,
816 4943 946 4998 folia
990 4950 1046 4997 et
1077 4940 1314 4996 medulla
1347 4957 1361 4994 :
1400 4947 1454 4993 et
1508 4939 1561 4992 lu
1599 4936 1926 5000 seminibus,
1960 4934 2154 4998 herba,

576 5037 802 5105 stipula,
861 5035 1068 5097 aristae,
1130 5030 1493 5101 squammulze
1551 5038 1603 5083 et
1636 5028 1849 5083 fructus
1908 5041 2005 5095 pro
2048 5040 2154 5077 uno

577 5129 1008 5185 irntumerabiles
1051 5144 1065 5181 :
1108 5128 1187 5180 sic
1213 5127 1378 5179 etiam
1424 5134 1479 5179 et
1524 5124 1696 5177 lllllllO
1740 5121 1916 5189 magis
1972 5122 2024 5173 in
2067 5119 2151 5171 his

575 5239 697 5292 quae
730 5231 856 5277 sunt
890 5222 1137 5291 spiritus.
1172 5218 1359 5290 Neque
1405 5217 1691 5272 accusabis
1748 5223 2027 5269 auctorem
2082 5210 2151 5264 de

575 5318 834 5378 inventis,
869 5318 962 5371 sed
994 5316 1245 5384 ignosces
1275 5313 1456 5383 potius
1486 5312 1538 5364 in
1564 5309 1806 5365 omissis.
1841 5308 1973 5373 Quis
2000 5304 2147 5359 enim

576 5410 723 5479 quod
753 5408 891 5463 satis
925 5423 988 5462 ac
1014 5408 1224 5477 justum
1261 5414 1345 5461 est
1374 5405 1535 5475 digne
1564 5402 1803 5457 dixerit?
1833 5400 1887 5451 In
1932 5398 2153 5451 univer-

646 5578 690 5609 "
724 5574 870 5632 Psal.
907 5589 1094 5641 cxvm,
1143 5573 1264 5631 103.
1348 5574 1393 5604 ⁸⁸
1450 5571 1599 5627 Psal.
1660 5586 1803 5633 xuv,
1837 5567 1893 5621 9..

1970 5567 2014 5597 ”
2075 5563 2220 5618 Psal.
2264 5576 2407 5626 κων,
2438 5563 2491 5615 9.

2258 4750 2367 4817 γὰρ
2399 4750 2457 4799 ἐν
2494 4744 2694 4815 δένδρῳ
2723 4744 2870 4814 ῥίζα,
2908 4746 3003 4796 καὶ
3037 4744 3310 4812 στέλεχος,
3345 4746 3438 4796 καὶ
3488 4744 3706 4807 κλάδος,
3741 4744 3841 4795 καὶ

2262 4840 2471 4909 φλοιὸς,
2506 4838 2599 4890 καὶ
2632 4838 2831 4904 φύλλα,
2857 4837 2954 4889 καλ⁵
2972 4835 3269 4907 ὲντεριὼνη
3297 4852 3309 4866 ’
3348 4837 3441 4889 καὶ
3463 4839 3521 4887 ὲν
3553 4836 3838 4906 σπέρμασι

2259 4933 2414 5003 χλόη,
2447 4932 2544 4985 καὶ
2573 4931 2844 4999 κάλαμος,
2880 4931 2973 4982 καὶ
2991 4928 3329 4999 ἀνθερίσκοι,
3363 4930 3455 4980 καὶ
3476 4928 3663 4994 λέπος,
3686 4929 3781 4980 καὶ
3808 4930 3838 4981 ό

2260 5024 2472 5094 καρπὸς
2514 5023 2632 5076 ἀνθ’
2665 5023 2781 5085 ἐνὸς
2841 5020 3061 5092 μυρίος,
3115 5019 3259 5073 οὕτω
3302 5022 3395 5073 καὶ
3438 5020 3619 5089 πολλῷ
3673 5019 3837 5071 πλέον

2262 5119 2354 5169 ἐπὶ
2378 5116 2471 5168 τοῦ
2507 5115 2847 5183 Πνεόματος.
2881 5116 2989 5165 Καὶ
3011 5114 3069 5165 οὐ
3100 5113 3305 5181 μέμψις
3337 5112 3447 5164 τῶν
3473 5111 3833 5181 εὑρεθέντων,

2258 5209 2396 5261 ἀλλά
2461 5207 2759 5276 συγγνώμη
2823 5206 2935 5259 τῶν
3009 5204 3501 5273 παρευρεθέντωνο
3568 5203 3665 5272 τῆς
3726 5204 3837 5274 γὰρ

2258 5302 2413 5365 ἀξίας
2443 5301 2617 5362 οὐδεὶς
2646 5298 2711 5353 ἂν
2740 5300 2964 5361 δικαίως
2984 5298 3250 5365 ἐφίκοιτο.
3269 5297 3515 5349 Καθόλου
3546 5296 3603 5350 δὲ
3632 5298 3833 5359 εἰπεῖν,

2264 5392 2547 5461 δυνάμεθα
2573 5392 2696 5453 τοὺς
2720 5390 2966 5459 ψαλμοὺς
3010 5388 3441 5458 προσαρμόζειν,
3484 5387 3833 5467 ἐχθροὺςδτοῦ

2573 5562 2616 5593 ³⁸
2646 5562 2793 5617 Psal.
2824 5575 2883 5624 ιι,
2918 5558 2965 5611 t.
3050 5558 3090 5589 ⁸¹
3123 5555 3269 5613 Psal.
3305 5571 3433 5623 ων,
3469 5554 3525 5612 6.

1916 5682 2124 5742 Varia)
2180 5677 2508 5739 lectiones.

650 5794 763 5869 (Η)
810 5794 995 5852 Graece
1046 5792 1409 5863 παρελθόντα,
1441 5788 1735 5857 praterita.
1784 5783 1985 5841 Saulus
2033 5784 2159 5853 legit
2200 5781 2463 5847 παρόντα.
