4130 6304
387 419 459 481 93
1604 418 1991 484 COMMENT.
2028 420 2109 483 lN
2148 420 2508 486 PSALMOS.
3570 419 3642 485 94

389 538 669 611 Πολλιαχοῦ
710 538 767 593 δὲ
810 537 887 610 τῷ
912 532 1101 610 τρόπῳ
1148 538 1325 609 τούτῳ
1369 539 1596 610 χρῆται,
1626 540 1837 595 δίκαιον
1871 543 1962 595 καὶ

2072 555 2193 597 sum
2222 582 2237 607 ,
2269 540 2399 596 dum
2428 538 2721 611 iustiorem
2760 553 2983 595 causam
3023 538 3197 595 foveo.
3254 538 3438 609 Neque
3493 541 3640 595 enim

384 632 557 695 ὅσιον,
585 633 681 686 καὶ
703 631 773 685 τὰ
803 629 1027 685 τοιαῦτα
1060 631 1243 687 καλῶν
1286 633 1501 699 ἑαυτὸν,
1540 634 1604 687 ού
1635 634 1960 703 κομπάζων,

387 724 526 779 ἀλλὰ
555 724 695 796 πρὸς
740 725 841 790 τὰς
865 725 979 791 τῶν
1017 723 1405 796 πολεμούντων
1452 724 1963 797 παρεξεταζόμενος

387 819 678 891 πονηρίας.

457 1081 567 1138 Ἐν
608 1083 815 1153 θλίψει
867 1081 1220 1151 ἐπλάτυγάς
1263 1100 1363 1156 με.
1405 1084 1595 1156 Διακεῖ
1624 1083 1725 1155 μὲν
1771 1083 1882 1155 τᾶρ
1927 1084 1961 1154 ἠ

383 1179 556 1252 χαρὰ,
594 1179 776 1232 στινοῐ
801 1177 858 1231 at
881 1178 916 1249 ἡ
946 1177 1128 1247 θλίψις
1154 1195 1167 1209 ·
1194 1179 1295 1249 ἐμὲ
1328 1177 1405 1243 δὲ,
1429 1177 1764 1239 τούναντίον,
1796 1178 1856 1231 ἑν
1882 1176 1962 1247 τῷ

384 1271 570 1344 καιρῷ
609 1271 709 1341 τῆς
740 1268 922 1343 λύπης
972 1270 1179 1343 μᾶλλον
1241 1271 1506 1342 ἐποίησας
1559 1269 1958 1343 μεγαλόψυχον,

383 1365 463 1430 ὡς
512 1364 607 1419 καὶ
657 1364 1065 1437 παραγγέλλειν
1112 1365 1398 1437 φείδεσθαι
1465 1364 1562 1419 τοῦ
1624 1363 1961 1436 πατραλοίου

383 1459 597 1522 παιδός.

458 1640 852 1711 οἰκτείρησόν
894 1656 974 1710 με
1025 1639 1124 1695 καί
1179 1640 1554 1697 εισάκουσον
1606 1641 1719 1711 τῆς
1773 1656 1961 1710 προσ-

381 1734 579 1805 ευχῆς
612 1752 755 1802 μου.
801 1728 1119 1804 Ἐλεηθῆναι
1153 1734 1249 1788 καὶ
1274 1734 1357 1788 ἔτι
1384 1731 1648 1803 δυσωπεῖ,
1681 1735 1776 1789 καὶ
1801 1752 1959 1806 περιρ

2066 636 2217 690 illmn
2245 648 2367 704 ego,
2397 631 2493 689 sed
2525 632 2614 688 ille
2644 648 2728 688 mc
2760 632 2943 687 affecit
2993 632 3210 701 injuria.
3276 630 3341 685 Et
3385 647 3634 701 saepenu-

2064 741 2216 782 mero
2284 724 2389 780 hoc
2448 724 2705 793 loquendl
2766 723 2929 779 modo
2986 724 3159 777 utitur
3206 720 3518 793 Propheta,
3580 734 3641 777 ut

2062 829 2314 875 sanctum
2344 831 2405 874 se
2440 826 2537 873 aut
2565 817 2773 885 justum
2802 815 3057 887 appellet,
3097 826 3187 868 aut
3240 813 3447 884 aliquid
3486 814 3639 882 ejus-

2064 912 2232 977 modi,
2289 925 2399 965 non
2429 909 2597 965 veluti
2632 908 3020 979 iactabundus,
3056 909 3151 965 scd
3198 908 3637 963 adversariorum

2062 1020 2123 1061 se
2146 1018 2476 1076 comparans
2514 1004 2791 1074 pravitati.

2137 1092 2202 1151 In
2241 1096 2581 1151 tribulatione
2635 1095 2887 1150 dilatasti
2931 1112 3031 1150 me.
3086 1093 3356 1150 Gaudium
3414 1093 3641 1149 dilatare

2061 1190 2200 1246 solet
2231 1197 2287 1246 et
2315 1188 2623 1245 dilfundere
2655 1189 2924 1255 animum,
2964 1186 3184 1242 amictio
3214 1201 3396 1242 autem
3434 1201 3641 1257 angere

2062 1290 2228 1355 atque
2259 1292 2578 1352 angustare.
2615 1282 2814 1340 Verum
2855 1291 2935 1347 tu,
2978 1284 3173 1354 inquit,
3207 1284 3261 1336 in
3293 1282 3551 1337 interm-is
3572 1294 3638 1336 ac

2061 1377 2306 1445 tristitia:
2335 1385 2603 1447 tempore,
2636 1392 2744 1431 non
2778 1374 3185 1445 pusillanimem
3212 1415 3228 1438 ,
3264 1372 3361 1428 sed
3415 1386 3642 1443 magna-

2061 1474 2269 1525 nimum
2295 1470 2477 1541 potius
2513 1485 2598 1525 me
2622 1469 2800 1526 fecisti
2834 1487 2849 1524 ε
2893 1468 2966 1524 ita
3003 1476 3062 1523 ut
3108 1466 3213 1539 ipsi
3265 1468 3428 1522 etiam
3457 1467 3635 1539 parri-

2059 1564 2198 1618 cida:
2238 1560 2348 1617 lilio
2379 1563 2532 1632 parci
2565 1561 2960 1617 mandaverint.
3578 1576 3579 1579 ‘

2132 1654 2384 1711 Miserere
2433 1654 2534 1709 mei
2568 1666 2617 1710 et
2659 1653 2854 1710 exaudi
2903 1655 3194 1709 orationem
3222 1668 3414 1707 meam.
3447 1648 3643 1705 Adhuc

2060 1746 2233 1803 Duum
2273 1748 2450 1818 magis
2506 1748 2572 1801 ad
2627 1747 3060 1803 misericordiam
3115 1745 3327 1811 allicit,
3379 1752 3642 1812 rcgatque

378 1828 683 1891 πίπτοντος
723 1825 882 1889 αὖθις
932 1825 1065 1890 ἴσως
1110 1829 1439 1898 πειρασμοῖς
1486 1826 1563 1899 μὴ
1610 1825 1958 1900 παροφθῆναι

2064 1857 2252 1914 preces
2287 1856 2420 1896 suas
2449 1856 2557 1894 non
2586 1839 2795 1909 despici
2827 1882 2841 1906 ,
2875 1840 2918 1895 si
2972 1838 3196 1911 quando
3224 1838 3280 1892 in
3313 1834 3641 1892 teutatioues

380 1917 486 1989 τὴν
517 1915 937 1989 προφερομένην
967 1916 1269 1986 τηνικαῦτα
1297 1914 1504 1987 δέησιν.

458 2011 583 2068 Υἱοὶ
613 2009 977 2079 ἀνθρώπων.
1022 2010 1138 2078 ἕως
1168 2011 1315 2066 κότε
1352 2009 1785 2082 βαρυκάρᾶρου
1816 2013 1962 2083 Πρὸς

382 2106 517 2169 τοὺς
571 2103 761 2175 φίλους
792 2104 887 2159 καὶ
937 2105 1215 2174 γνωστοὺς
1265 2106 1296 2160 ό
1342 2102 1523 2174 λόγος,
1581 2106 1962 2177 πειρωμένους

380 2194 612 2270 βοηθεῖν
639 2198 704 2252 ὲκ
728 2197 839 2252 τῶν
871 2198 1185 2268 παρόντων,
1214 2198 1305 2253 ὅτι
1331 2198 1400 2252 τὰ
1424 2198 1525 2269 τῆς
1551 2202 1840 2272 συμφορᾶς
1864 2202 1967 2252 ὲπο

378 2292 635 2362 expiret.
664 2290 829 2360 Λέγει
862 2291 994 2359 γοῦν
1022 2292 1105 2346 ὅτι
1125 2290 1305 2363 Μέχρι
1338 2290 1485 2356 τίνος
1513 2291 1612 2361 οὐχ
1637 2290 1835 2362 bona“
1866 2291 1964 2363 τὴν

383 2377 617 2446 καρδίαν
671 2378 733 2431 ἐν
780 2381 902 2442 ταῖς
936 2378 1183 2448 θλίψεσιν
1212 2382 1296 2444 είς
1324 2379 1481 2447 Θεὸν,
1512 2382 1649 2437 ἀλλὰ
1699 2383 1964 2454 βαρύνετε

380 2471 617 2541 ταύτην,
649 2472 1046 2536 κατασπῶντες
1105 2472 1479 2545 ἀνθρωπίνοις
1525 2474 1838 2546 λογισμοῖς,
1868 2478 1966 2530 καὶ

382 2566 510 2629 ταῖς
559 2564 842 2635 βιωτικαῖς
891 2566 1175 2636 φροντίσις
1214 2565 1421 2627 Τὸ.δὶ.
1453 2567 1502 2622 Υ
1501 2570 1574 2624 lol
1609 2567 1962 2639 ἀνθρώπων,

384 2651 547 2720 αὖθις
595 2657 948 2727 περίφρασις,
977 2658 1099 2711 ἀντὶ
1129 2657 1246 2724 τοῦ,
1304 2653 1347 2714 ὦ
1369 2660 1653 2732 ἄνθρωποι
1680 2678 1695 2692 ⁸
1733 2661 1965 2733 σύνηθες

384 2746 498 2820 γὰρ
529 2748 687 2803 τοῦτο
716 2751 784 2822 τῇ
815 2751 924 2805 τῶν
962 2750 1232 2821 Ἐϐραίων
1259 2751 1549 2824 διαλέκτῳ.

1998 1906 2039 1962 Β
2068 1932 2320 1988 fortassis
2351 1947 2546 1987 rursus
2588 1931 2864 1988 inciderit.

2137 2021 2303 2077 Vens.
2353 2024 2408 2077 3.
2448 2019 2573 2076 Filii
2610 2022 2907 2089 hominum,
2950 2036 3216 2092 usquequo
3256 2017 3402 2090 gravi
3439 2013 3647 2071 corde?

2064 2115 2381 2173 Sermonem
2411 2116 2477 2170 ad
2509 2124 2671 2172 notos
2702 2116 2828 2179 sibi,
2862 2123 3025 2185 atque
3059 2116 3122 2168 ad
3174 2117 3382 2169 amicos
3415 2112 3601 2182 dirigit
3626 2149 3642 2174 ,

2063 2209 2156 2279 qui
2187 2207 2649 2263 invalescentibus
2682 2207 3092 2262 calamitatibus
3148 2205 3447 2260 studebant
3504 2217 3645 2272 ρεςε-

2063 2296 2309 2352 scutibus
2343 2310 2409 2351 ac
2441 2297 2835 2367 temporalibus
2891 2297 3115 2353 auxiliis
3168 2296 3216 2353 ei
3267 2311 3427 2366 opem
3481 2293 3645 2355 ferre,

2065 2390 2248 2458 aitque
2280 2409 2294 2444 :
2325 2387 2620 2459 Usqueauo
2656 2390 2799 2445 inter
2826 2388 3150 2446 afﬂictionvs
3179 2404 3273 2444 cor
3296 2399 3537 2444 vestrum
3575 2385 3643 2440 ad

2068 2480 2234 2535 Deum
2267 2497 2375 2535 non
2415 2480 2645 2535 tollitis?
2681 2497 2969 2552 usquequo
3006 2480 3245 2535 auiumm
3289 2493 3355 2534 ac
3402 2492 3497 2534 cor
3548 2492 3645 2530 ve—

2068 2582 2242 2627 strum
2276 2574 2530 2628 humanis
2560 2573 2873 2629 rationibus
2906 2573 3301 2646 gravabitis,ct
3327 2570 3482 2625 vanis
3525 2569 3646 2625 dis-

2068 2666 2357 2721 trahcmini
2389 2666 2856 2722 sollicitudinibus
2879 2667 2905 2720 ?
2930 2665 3085 2733 Quod
3113 2680 3245 2719 vero
3274 2664 3369 2729 ait,
3404 2659 3535 2717 Filii
3551 2663 3646 2717 I.J~

2069 2756 2289 2819 minam,
2335 2754 2671 2825 periphrasis
2702 2766 2783 2811 est
2824 2765 2877 2810 et
2927 2753 3342 2810 circumlocutio
3373 2793 3387 2818 ,
3428 2766 3527 2821 pro
3580 2766 3651 2807 ο)

2070 2847 2215 2917 quod
2235 2858 2338 2907 est,
2362 2847 2623 2904 llumiucs
2646 2867 2659 2902 :
2679 2859 2871 2917 estque
2902 2848 3103 2902 idioma
3133 2846 3648 2915 llebraicaalinguzc.

477 2928 660 2984 Ἰνατί
677 2927 948 3000 ἀγαπᾶτε
958 2932 1345 3001 paratarum,
1368 2931 1465 2988 καί
1483 2930 1704 3001 ζητεῖτε
1720 2932 1962 3004 ψεῦδος

2140 2941 2253 2995 Cur
2281 2940 2502 3009 diligitis
2550 2943 2839 2996 vanitatem
2896 2952 2943 2995 et
2993 2940 3230 3011 quarritis
3277 2938 3650 2994 mendacium?

386 3020 788 3093 ’Λνωιῖελεῖςαί
806 3024 1148 3109 ἀνθρώπιναι
1163 3028 1430 3096 μηχαναὶ,
1446 3028 1538 3081 καὶ
1563 3028 1747 3083 σαίνου
1756 3047 1846 3085 σαι
1869 3029 1962 3099 μὲν

2075 3033 2302 3088 Inutiles
2351 3046 2479 3088 sunt
2523 3034 2743 3087 humani
2789 3042 3061 3089 conatus:
3104 3044 3156 3087 et
3208 3034 3383 3100 primo
3428 3030 3649 3101 quidem

386 3118 510 3179 ταῖς
527 3115 761 3184 ἐλπίσιν,
778 3117 1158 3187 ἀποτυγχάνοι)
1169 3134 1256 3172 σαι
1273 3118 1428 3174 δὲ.Ἢ
1441 3120 1535 3174 καὶ
1553 3120 1643 3175 διὰ
1655 3121 1780 3185 τοὺς
1796 3140 1962 3195 προσ-

2072 3133 2322 3191 aspectu,
2346 3134 2624 3194 conceptae
2653 3125 2837 3178 animo
2874 3124 2987 3193 spei
3020 3124 3272 3177 videntur
3296 3120 3649 3192 applaudere,

387 3209 688 3279 τετηκότας
720 3212 834 3275 τοῖς
870 3211 1161 3282 παροῦσιν.
1192 3211 1270 3275 ὡς
1304 3212 1557 3282 μένουσι,
1577 3212 1752 3267 ταῦτά
1776 3231 1962 3285 φησιν,

2078 3215 2174 3271 sed
2206 3217 2555 3288 postmodum
2602 3217 2958 3272 frustrantur.
3020 3214 3115 3271 Vel
3174 3214 3427 3269 fortassis
3482 3209 3652 3268 verba

388 3296 535 3369 ἅπερ
572 3299 671 3370 οὐχ
700 3299 994 3368 ὑφίσταται
1014 3320 1027 3333 ο
1058 3301 1318 3357 δοκοῦντα
1354 3304 1474 3374 μὶν,
1506 3302 1594 3357 διὰ
1615 3304 1676 3358 τὸ
1696 3306 1962 3376 φαινόμε-

2074 3308 2190 3364 base
2220 3309 2285 3363 ad
2318 3308 2442 3365 illos
2467 3309 2615 3365 dicta
2673 3318 2839 3371 sunt,
2888 3308 2979 3377 qui
3031 3306 3391 3378 pra-sentibus
3436 3304 3606 3360 rebus
3634 3343 3650 3368 ,

389 3405 481 3442 νον
504 3404 518 3418 ·
538 3389 640 3443 οὐκ
668 3388 798 3443 ὄντα
819 3389 898 3457 δὲ,
931 3390 1020 3445 διὰ
1040 3392 1141 3463 τὴν
1166 3390 1494 3463 μεταϐολήν·
1522 3392 1617 3447 καὶ
1640 3392 1749 3466 γὰρ
1780 3393 1962 3463 αὐτὸς,

2073 3408 2331 3471 tanquam
2365 3402 2641 3472 perpetuis
2672 3402 2895 3456 student
2923 3443 2939 3465 ,
2993 3398 3213 3454 tametsi
3266 3396 3495 3453 stabiles
3541 3409 3653 3449 non

393 3482 654 3554 βασιλεὺς
686 3481 784 3549 ὣν,
807 3483 1137 3551 ίδιώτευσεν,
1166 3485 1263 3539 καὶ
1287 3484 1677 3541 κατεδιιῖικετο.

2072 3500 2245 3560 euut;
2282 3493 2536 3548 videntur
2570 3495 2791 3563 quidem
2831 3508 2953 3548 esse
3011 3500 3231 3563 propter
3281 3490 3335 3545 id
3401 3490 3545 3561 quod
3598 3488 3654 3543 in

392 3577 688 3647 superﬁcie
720 3584 967 3647 apparet,
1000 3592 1187 3633 revera
1222 3587 1403 3634 tamen
1435 3580 1506 3635 ob
1556 3578 1810 3637 assiduas
1850 3581 2188 3639 mutationes
2223 3584 2291 3640 de
2319 3584 2425 3638 illis
2488 3586 2646 3639 aliter
2706 3583 3064 3657 judicandum
3115 3596 3225 3638 non
3295 3587 3420 3647 est,
3488 3594 3653 3649 quam

393 3671 441 3725 si
479 3684 585 3725 non
616 3676 823 3725 essent.
856 3668 993 3723 Nam
1020 3681 1071 3726 et
1110 3669 1227 3742 ipse
1254 3671 1445 3726 beatus
1481 3671 1648 3728 David
1687 3687 1782 3729 rex
1826 3682 1967 3741 erat,
2007 3684 2064 3734 et
2098 3687 2280 3733 tamen
2311 3677 2576 3744 privatam
2606 3677 2769 3733 vitam
2830 3677 3023 3750 agebat
3045 3716 3060 3741 ,
3092 3686 3145 3731 et
3212 3672 3655 3746 persecutionem

394 3763 729 3820 sustinebat.

467 3858 578 3915 Kal
606 3856 794 3927 γνῶτε
829 3858 923 3912 ὅτι
954 3858 1390 3928 Mast
1418 3860 1635 3931 Κύριος
1664 3861 1771 3918 τὸν
1794 3861 1962 3917 ὅσιον

2139 3857 2308 3918 Vens.
2324 3862 2376 3918 4.
2395 3860 2445 3915 Ε
2451 3872 2465 3913 ι
2484 3862 2667 3915 scitote
2679 3860 2926 3930 quoniam
2944 3856 3246 3925 miriﬁcavit
3264 3853 3517 3909 Dominus
3529 3868 3661 3908 san-

393 3951 608 4009 αὐτοῦ.
641 3949 902 4022 Περιττδς
926 3952 959 4003 ὁ
984 3950 1084 4005 καὶ
1116 3952 1417 4023 σύνδεσμος
1448 3953 1712 4008 ἐνταῦθα’
1740 3956 1837 4010 καὶ
1862 3956 1962 4028 γὰρ

2071 3966 2214 4011 ctum
2243 3972 2416 4010 suum.
2442 3955 2792 4025 Corijunctio,
2813 3965 2883 4019 et,
2907 3951 3181 4023 superflua
3200 3958 3286 4005 est
3306 3950 3411 4005 hoc
3433 3951 3487 4005 in
3513 3950 3659 4016 loco,

399 4046 598 4116 ίδέωμα
636 4042 919 4098 καὶτοῦτο
945 4044 1044 4112 τῆς
1081 4045 1363 4113 Ἐδραῖδος
1401 4038 1741 4117 γραφῆς,ὡς
1773 4046 1962 4100 πολλα·

2074 4046 2537 4115 quemadmodum
2568 4060 2633 4099 ex
2672 4058 2826 4099 more
2859 4042 3112 4097 Hebraici
3160 4040 3435 4096 idiomatis
3484 4052 3658 4109 sarpe-

396 4136 497 4209 χοῦ
531 4134 983 4208 παρατηροῦντες
1012 4136 1290 4208 εὕρωμεν,
1342 4139 1375 4209 ἢ
1409 4139 1615 4209 μᾶλλον
1656 4142 1853 4205 εἰπεῖν,
1886 4140 1962 4194 εύ-

2078 4152 2306 4192 numcro
2333 4136 2464 4191 alibi
2496 4138 2680 4205 aliqua
2715 4135 3061 4204 reperiuntur
3095 4130 3395 4201 superflua.
3455 4130 3663 4187 Discite

402 4230 679 4302 ρήσωμεν.
712 4228 932 4284 Μάθετε
967 4225 1085 4291 οὖν,
1120 4231 1309 4301 φησιν,
1363 4232 1447 4285 ὅτι
1473 4233 1507 4286 ό
1536 4232 1671 4297 Θεὸς
1709 4232 1962 4304 περιὸόιγ

2076 4229 2263 4301 igitur,
2300 4228 2500 4297 inquit,
2534 4227 2681 4297 quod
2720 4225 2990 4280 celebrem
3026 4240 3113 4279 me
3146 4222 3289 4278 Deus
3320 4236 3384 4276 ac
3436 4219 3663 4291 conspi-

395 4337 491 4375 τον
522 4320 783 4389 ἐποίησεν
813 4322 913 4392 ἐμὲ
947 4321 1038 4375 τὸν
1066 4323 1461 4395 ἁφωσιωμίνον
1487 4324 1579 4379 καὶ
1614 4326 1962 4397 ἀνακείμενοι

2073 4336 2237 4375 cuum
2269 4317 2505 4375 reddidit
2532 4336 2546 4385 ;
2581 4333 2687 4384 me,
2718 4319 2964 4387 inquam,
3007 4315 3102 4385 qui
3156 4315 3205 4369 ei
3238 4312 3615 4368 sanctiﬁcatus
3641 4351 3659 4376 ,

396 4410 572 4480 αὐτῷ,
598 4412 696 4464 καὶ
733 4412 821 4464 ἐπ’
846 4410 999 4483 αύτῷ
1032 4413 1183 4483 μόνῳ
1206 4414 1305 4479 τὰς
1332 4414 1557 4479 ἐλπίδας
1595 4414 1789 4485 ἔχοντα
1816 4432 1832 4446 '
1880 4418 1962 4469 au"

2076 4411 2182 4466 hoc
2238 4418 2320 4465 est
2377 4411 2596 4465 oblatus
2642 4425 2707 4463 ac
2733 4408 3016 4462 dedicatus
3059 4421 3180 4460 sum
3212 4446 3227 4471 ,
3262 4404 3467 4474 quique
3501 4402 3556 4457 in
3594 4418 3664 4459 eo

398 4502 521 4568 πῶς
590 4504 703 4576 γὰρ
752 4505 815 4557 ού
883 4505 1210 4575 περιϐόητος
1270 4507 1490 4577 γέγονε,
1552 4508 1799 4563 καθελὼν
1886 4510 1962 4563 τοι

2070 4505 2195 4559 solo
2230 4518 2354 4573 spes
2395 4519 2546 4558 meas
2586 4509 2731 4557 ratas
2774 4516 2895 4555 esse
2940 4499 3200 4556 constitui
3236 4514 3255 4564 ;
3310 4513 3433 4552 vere
3480 4504 3661 4550 autem

396 4596 722 4664 καθελόντα,
782 4598 877 4650 καὶ
904 4598 1134 4668 νικήσας
1160 4600 1191 4651 ό
1225 4599 1404 4667 φυγὰς
1433 4598 1526 4653 τὸν
1554 4599 1844 4666 διώκοντα,
1877 4602 1962 4655 κα]

2079 4595 2310 4652 celebris
2335 4611 2398 4650 ac
2422 4596 2603 4650 clarus
2635 4593 2735 4650 fuit
2756 4594 2947 4648 beatus
2986 4589 3173 4653 David,
3195 4591 3283 4659 qui
3310 4588 3422 4659 (24)
3449 4588 3665 4643 destru-

397 4688 544 4759 μετὰ
573 4688 971 4762 εύαριθμήτων
1021 4689 1258 4761 ἀνδρῶν,
1290 4690 1385 4744 τδν
1412 4694 1533 4757 ταῖς
1566 4694 1796 4764 μυριάσι
1823 4693 1962 4764 χρώ·

2085 4703 2289 4747 ctorem
2329 4690 2638 4751 destruxit,
2669 4687 2765 4757 qui
2818 4686 3076 4757 fugitivus
3123 4691 3537 4752 persequentem
3584 4679 3668 4733 vi-

401 4796 609 4852 μινονί
1356 4823 1361 4827 -
2083 4782 2161 4838 cit
2204 4802 2219 4837 :
2257 4782 2351 4851 qui
2384 4795 2550 4852 parva
2582 4780 2818 4835 militum
2860 4794 3049 4843 manu,
3086 4776 3287 4831 multas
3318 4773 3510 4845 copias
3567 4787 3669 4828 su—

2084 4872 2318 4945 perarit.

473 4963 687 5032 Κύριος
714 4963 1146 5020 εἰσακούσεταί
1171 4982 1287 5035 μου
1320 4962 1391 5020 ὲν
1411 4963 1491 5031 τῷ
1525 4964 1879 5034 κεκραγέναι
1907 4983 1962 5032 (ιι

2152 4965 2413 5021 Dowinus
2461 4963 2708 5020 exaudiet
2766 4978 2847 5017 me
2897 4976 3015 5015 cum
3066 4959 3364 5013 clamavero
3412 4956 3481 5008 ad
3516 4968 3660 5007 cuin.

401 5056 550 5123 πρὸς
582 5057 790 5111 αὐτόν.
821 5056 1055 5127 Ταχείας
1085 5054 1230 5109 οὕτω
1250 5039 1558 5127 τυχὼντῆς
1588 5056 1834 5126 ἀρωγῆς,
1884 5062 1962 5110 κα

2081 5056 2373 5123 Postquam
2408 5057 2497 5111 Dei
2545 5072 2667 5125 ope,
2746 5063 2855 5108 tam
2888 5053 3139 5108 celeriter
3165 5070 3192 5103 a
3226 5059 3377 5105 tanto
3411 5048 3660 5119 periculo

397 5149 722 5218 τηλικούτου
777 5150 1024 5203 κινδύνου
1072 5150 1206 5219 παρ’
1240 5149 1431 5203 ἐλπίδα
1457 5147 1765 5212 διασωθεὶς,
1798 5149 1962 5218 ἔγνων

2090 5167 2177 5207 me
2210 5152 2495 5205 liberatum
2531 5151 2805 5219 perspexi,
2838 5161 3107 5201 summam
3156 5147 3210 5198 in
3243 5160 3328 5199 me
3356 5142 3452 5197 Dei
3500 5142 3668 5195 misec

401 5240 488 5294 ὃτι
520 5241 659 5294 ἐλεεῖ
695 5259 765 5311 με
814 5243 843 5294 ό
895 5241 1051 5305 Θεδς,
1114 5243 1209 5296 καὶ
1242 5239 1505 5307 πέποιθα,
1540 5240 1633 5293 καὶ
1669 5239 1832 5293 πάλιν
1855 5242 1962 5293 είς·

2090 5244 2387 5299 ricordiam
2419 5244 2601 5296 statim
2641 5241 2871 5309 agnovi:
2913 5248 3078 5306 atque
3108 5238 3228 5290 ideo
3263 5232 3667 5301 cotitido,quod

400 5331 702 5389 ακούσεταί
739 5349 845 5403 μου
876 5335 1214 5404 κεκραγότος
1260 5333 1399 5407 πρὸς
1424 5332 1590 5386 αὐτὸν
1628 5335 1685 5385 ὲν
1713 5331 1962 5403 περιστάε

2090 5351 2281 5391 rursus
2301 5349 2386 5389 me
2407 5334 2732 5389 clamantem
2761 5339 2924 5401 atque
2954 5331 3006 5385 in
3031 5328 3423 5383 afflictionibus
3459 5326 3668 5382 consti-

405 5442 467 5479 σε
476 5442 579 5480 σιν.

2093 5438 2268 5481 tutum
2300 5424 2575 5481 exaudiet.

477 5518 811 5586 Ὀργίζεσθε
839 5519 937 5573 καὶ
974 5521 1062 5589 μὴ
1094 5518 1483 5589 ἁμαρτάνετε.
1504 5516 1853 5589 Ὀργίζεσθαι
1880 5516 1962 5587 μὲι

2167 5517 2330 5573 Vens.
2373 5517 2426 5574 5.
2460 5516 2766 5571 Irascimini
2790 5523 2841 5568 et
2874 5514 3034 5568 nolite
3062 5528 3302 5583 peccare.
3338 5508 3503 5565 Irasci
3545 5508 3675 5577 qui-

401 5611 482 5676 ὡς
510 5610 834 5684 ἀνθρώπους
879 5612 942 5667 ού
1001 5611 1237 5667 κωλύει·
1297 5611 1373 5683 μὴ
1423 5610 1765 5683 ἁμαρτάνειν
1792 5609 1869 5674 δὲ,
1904 5611 1962 5679 τῇ

2096 5613 2218 5667 dem
2280 5620 2341 5665 ut
2382 5609 2627 5666 homines
2673 5625 2781 5664 non
2833 5608 3124 5680 prohibet,
3162 5605 3255 5661 sed
3305 5602 3560 5658 admonet
3609 5610 3675 5656 ut

1737 5788 1938 5851 Variae
1973 5787 2304 5851 lectiones.

490 5895 601 5969 (24)
629 5895 750 5952 lee
784 5896 837 5950 in
881 5894 1073 5951 Greco
1105 5904 1251 5950 textu
1285 5910 1381 5966 per
1423 5894 1908 5967 intet‘rOgatimtcm
1948 5911 1958 5950 :
2003 5890 2422 5957 Quomodoenint
2450 5890 2661 5949 (curris
2688 5909 2786 5947 non
2815 5892 2994 5956 erasit,
3025 5889 3132 5958 qui,
3162 5895 3272 5944 etc.
