4050 6278
510 293 581 354 95
1754 299 2144 360 EU'l‘IIYMIl
2191 300 2554 361 Z'G.\BENI
3693 301 3752 365 96

513 423 621 460 nnn
662 418 965 472 peccemus.
993 414 1046 459 et
1074 420 1140 460 nc
1176 405 1419 460 sinamus
1451 421 1477 459 a
1508 406 1778 475 passionis
1799 410 2091 466 vehemen-

2222 409 2292 463 τοῦ
2329 410 2537 473 πάθους
2583 409 2803 480 ὀξύτητι
2844 412 3338 483 παρασυρομένοις
3374 414 3539 483 ἡμᾶς,
3568 415 3597 483 ἦ
3631 417 3755 489 πέρα

511 504 585 550 tia
623 514 721 551 nos
750 498 1025 566 pertrahi:
1063 514 1129 550 nc
1162 513 1324 568 supra
1360 499 1579 553 modum
1619 502 1958 557 irascamur:
1988 520 2094 559 neu

511 600 716 642 tomcrc
748 590 982 658 aliquem
1036 590 1391 646 ulciscantur.
1451 594 1652 649 Contra
1706 595 1896 650 vitium
1951 598 2096 652 enim

513 682 675 735 insita
705 683 1117 738 esthominihns
1144 684 1244 737 ira.
1274 682 1407 739 Nam
1439 688 1530 755 qui
1562 688 1815 745 irascitur
1840 698 1898 744 ut
1922 690 2100 747 illatas

513 775 615 827 sihi
650 775 880 841 injurias
917 775 1217 829 ulciscatur
1248 818 1263 840 ,
1301 777 1559 834 irascitur
1589 822 1603 845 ,
1630 789 1681 836 et
1704 792 1894 851 peccat
1941 800 1957 838 :
2004 783 2100 853 qui

514 882 643 921 \cro
681 874 887 921 tantum
919 869 1201 933 irascitur,
1245 878 1300 921 ut
1332 869 1561 925 alterum
1594 875 1858 943 corrigat,
1895 875 2101 929 irasci-

518 971 604 1013 tur
626 961 878 1031 quidem,
917 961 1012 1016 scd
1050 978 1155 1016 non
1212 975 1443 1033 peccat,
1495 967 1954 1035 quemadmodum
2000 980 2101 1023 nec

520 1064 707 1123 peccat
740 1065 911 1125 pater,
951 1056 1041 1124 qui
1078 1071 1184 1109 non
1216 1058 1616 1124 ohlemperanti
1672 1058 1780 1111 lilio
1816 1059 2096 1115 irascitur.

594 1146 723 1211 Quir
748 1148 931 1201 d-citis
958 1151 1009 1201 in
1037 1148 1289 1202 cordibus
1322 1151 1528 1211 uestris,
1551 1151 1601 1203 in
1624 1151 1883 1205 cubilibus
1915 1154 2102 1207 castris

518 1242 951 1311 compungimini.
994 1243 1159 1312 Perge
1183 1282 1197 1304 ,
1238 1242 1435 1311 inquit,
1477 1243 1527 1297 in
1562 1252 1712 1299 tuum
1764 1245 1942 1300 cubile
1968 1288 1981 1310 ,
2012 1246 2099 1299 uhi

521 1331 758 1383 maxima
792 1333 946 1386 adest
977 1335 1245 1388 src:zritas
1276 1348 1289 1387 :
1345 1343 1397 1389 et
1431 1334 1545 1389 illic
1577 1335 1756 1404 amplo
1807 1352 1930 1390 eum
1987 1337 2104 1390 otio

520 1436 581 1473 ac
608 1423 789 1490 quiete
819 1428 1052 1493 lvipSttm
1083 1427 1318 1496 dijudica
1349 1444 1362 1479 :
1392 1434 1447 1480 et
1483 1427 1844 1497 cogitationes
1868 1428 2102 1495 discute,

519 1530 656 1581 quas
690 1517 927 1572 habuisti
964 1533 1059 1586 per
1088 1520 1269 1585 diem,
1307 1530 1471 1575 noctu
1529 1534 1785 1589 prrcterea
1839 1530 2005 1592 atque
2049 1525 2102 1576 in

520 1610 684 1661 cuhili
749 1618 840 1663 tuo
889 1619 947 1664 ut
992 1611 1100 1665 dixi
1156 1611 1365 1675 doleas,
1402 1623 1455 1666 et
1501 1613 1876 1682 pmnitentiam
1923 1621 2103 1667 tecum

524 1716 653 1765 agzas
679 1703 751 1756 ob
782 1713 1000 1771 peccata
1033 1720 1153 1773 quzc
1186 1704 1421 1759 interdiu
1452 1706 1505 1758 in
1534 1706 1717 1758 animo
1744 1713 1841 1759 tuo
1865 1703 2101 1759 revolvi-

2202 502 2299 556 τοῦ
2357 503 2583 573 μετρίου
2622 502 3037 572 θυμουμένους,
3104 507 3514 574 προτρέπεται,
3572 508 3605 576 ἡ
3653 526 3759 562 τινα

2204 595 2474 665 ἀκαίρως,
2533 595 2561 665 ἢ
2621 598 2881 660 ἀναιτίως
2928 597 3307 666 ἀμυνομένους
3330 615 3343 627 ’
3376 598 3518 651 κατᾶ
3551 599 3649 670 τῆς
3677 619 3761 656 κα-

2204 688 2330 751 κίας
2357 687 2465 759 γὰρ
2501 689 2530 740 ὁ
2554 687 2725 758 θυμὸς
2776 688 3090 756 ἀνθρώποις
3114 689 3409 758 ἐφυτεύθη.
3449 691 3510 743 Ὀ
3544 692 3640 761 μὲν
3666 695 3760 761 γὰρ

2204 780 2400 833 ἑαυτὸν
2450 780 2706 846 ἐκδικῶν,
2760 781 3064 853 ὀργίζεται,
3126 783 3219 835 καὶ
3254 783 3599 854 ἁμαρτάνει·
3644 786 3671 839 6
3711 785 3761 838 δὴ

2204 874 2392 943 ἕτερον
2421 872 2828 944 διορθούμενος,
2856 874 3141 945 ὀργίζεται
3159 914 3174 939 ,
3203 874 3297 928 καὶ
3330 875 3431 947 οὐχ
3455 876 3765 950 ἁμαρτάνει,

2204 966 2282 1030 ὡς
2319 965 2505 1038 πατὴρ
2537 965 2640 1039 υἱῷ
2670 964 3056 1037 ὀργιζόμενος.

2282 1148 2350 1203 Ἀ
2408 1150 2617 1218 λέγετε
2651 1147 2750 1203 ἐπι
2790 1148 2921 1216 ταῖς
2962 1150 3240 1218 καρδίαις
3276 1147 3463 1216 ὑμῶν,
3522 1149 3624 1203 ἐπὶ
3659 1148 3772 1214 ταῖς

2208 1244 2440 1308 κοίταις
2468 1241 2635 1311 ὑμῶν
2663 1246 3060 1314 κατανύγητε.
3095 1242 3221 1295 Ἐπὶ
3251 1244 3350 1313 τὴν
3382 1242 3571 1311 κοίτην
3597 1244 3771 1304 ἰόντες.

2210 1338 2267 1387 ὲν
2316 1330 2351 1407 ἦ
2383 1336 2575 1406 καιρὸς
2608 1335 2796 1399 ἀδείας
2829 1336 3001 1400 ἐστὶν,
3039 1336 3367 1405 ἀνακρίνετε
3400 1336 3540 1389 κατὰ
3592 1336 3777 1405 σχολὴν

2210 1428 2437 1490 ἑαυτοὺς
2475 1427 2603 1497 περὶ
2650 1427 2760 1481 τῶν
2818 1428 3099 1498 ἡμερινῶν
3148 1428 3579 1499 ἐνθυμημάτων,
3611 1431 3698 1483 καὶ
3748 1430 3781 1485 ἃ.

2210 1520 2555 1589 πλημμελῶς
2613 1522 2672 1574 ἐν
2724 1521 2913 1592 ἡμέρᾳ
2967 1520 3365 1589 διαλογίζεσθε,
3423 1523 3516 1577 ὲπί
3578 1522 3781 1585 τούτοις

2213 1611 2613 1683 μεταμέλεσθε,
2671 1612 2765 1665 ἐπὶ
2823 1614 2916 1667 τὸν
2964 1614 3064 1684 τῆς
3116 1614 3307 1684 κοίτης
3359 1614 3578 1683 χρόνον,
3635 1614 3782 1668 Οὕτω

2210 1706 2368 1772 κάγὼ
2398 1704 2590 1771 ποιῶν,
2638 1705 2933 1774 εὐοδοῦμαι
2956 1745 2970 1770 ,
3004 1707 3100 1761 καὶ
3136 1709 3304 1779 πείρᾳ
3337 1706 3450 1778 (25)
3476 1708 3580 1779 τὴν
3610 1708 3783 1761 ἐντεῦ-

524 1795 615 1845 sti.
661 1770 791 1847 Mihi
819 1797 988 1859 enim,
1019 1770 1214 1867 inquit,
1257 1798 1447 1853 heatus
1484 1796 1647 1851 David
1678 1838 1693 1861 ,
1726 1797 1806 1851 sic
1842 1796 2061 1851 facienti
2088 1838 2105 1859 ,

2222 1800 2308 1853 θεν
2366 1799 2638 1867 ὠφέλειαν
2694 1799 2905 1870 μαθὼν,
2964 1800 3125 1855 τοῦτο
3180 1805 3356 1854 ποιεῖν
3408 1802 3666 1872 παραινιῦ
3699 1802 3789 1855 καὶ

526 1891 583 1934 ut
632 1894 683 1935 te
721 1899 955 1950 meum,
989 1902 1248 1955 prospere
1295 1897 1493 1943 cuncta
1547 1891 1872 1942 succedunt.
1938 1886 2108 1942 Sume

526 1977 708 2045 ἰιησιιιο
738 1989 791 2033 et
826 1989 881 2033 tu
915 1982 1348 2050 experimentum
1382 2024 1397 2048 ,
1441 1999 1563 2037 cum
1616 1999 1678 2036 cx
1723 1998 1807 2035 me
1850 1980 2110 2036 didiceris

526 2071 841 2135 huiusmodi
874 2075 1163 2130 utilitatem
1199 2079 1501 2145 percipere.
1547 2074 1658 2130 lloc
1712 2076 1855 2127 enim
1906 2073 2004 2127 tibi
2054 2082 2116 2128 ut

528 2163 698 2221 facias
730 2169 953 2222 suadeo.
985 2168 1139 2233 Quod
1175 2168 1219 2221 si
1254 2183 1310 2222 ut
1338 2169 1597 2238 proiiheta
1622 2167 1829 2221 indicat
1863 2209 1876 2232 ,
1904 2170 2113 2237 cogita-

525 2259 732 2313 tionum
774 2276 964 2329 pmnas
997 2262 1176 2315 daturi
1210 2277 1423 2327 sumus,
1454 2270 1663 2331 quanto
1699 2262 1871 2331 magis
1906 2277 2106 2330 opera-

526 2351 736 2405 tinuum
761 2353 785 2406 ?
809 2352 1106 2409 Considera
1132 2354 1295 2408 etiam
1326 2355 1604 2426 quomodo
1634 2362 1743 2407 tam
1775 2353 1839 2407 ad
1878 2368 2107 2420 praeser-

2218 1894 2372 1963 ὑμῖν.
2437 1894 2499 1946 El
2546 1893 2604 1945 δὲ
2654 1895 2753 1954 τὰς
2789 1893 3122 1963 ἐνθυμήσεις
3168 1894 3251 1947 δεῖ
3278 1894 3548 1957 κολάζειν,
3619 1894 3789 1966 πολλῷ

2223 1986 2426 2057 μᾶλλον
2478 1986 2577 2048 τὰς
2612 1970 2863 2055 πράξεις.
2904 1986 3048 2057 Ὅρα
3108 1986 3186 2053 δὲ,
3227 1987 3337 2048 πῶς
3384 1987 3477 2039 καὶ
3515 1987 3791 2057 πρτφυλα-

2219 2078 2432 2138 κτικοῖς
2477 2075 2569 2129 καὶ
2619 2075 2994 2143 διορθωτικοῖς
3030 2075 3307 2145 ἐχρήσατο
3338 2074 3693 2145 φαρμάκοιςο
3738 2073 3795 2127 τὺ

2221 2170 2320 2239 μὲν
2348 2170 2479 2239 γὰρ,
2518 2167 2875 2237 Ὀργίζεσθε,
2896 2167 3088 2237 καὶμὴ
3111 2167 3499 2237 ἁμαρτάνετε,
3518 2166 3795 2237 προφυλα-

2217 2260 2440 2313 κτικόνο
2494 2258 2555 2312 τὸ
2580 2259 2660 2325 δὲ,
2694 2260 2766 2311 Ἀ
2800 2257 3011 2327 ,λέγετε
3033 2257 3103 2312 ἐν
3138 2257 3270 2324 ταῖς
3305 2256 3582 2325 καρδίαις
3610 2255 3795 2328 ὑμῶν,

2213 2352 2313 2405 ἐπὶ
2346 2349 2479 2417 ταῖς
2515 2351 2751 2416 κοίταις
2790 2350 2959 2418 ὑμῶν
2987 2352 3390 2419 κατανύγητε,
3420 2350 3798 2419 διορθωτικόν.

526 2439 761 2495 vandum
820 2458 847 2496 a
892 2444 1148 2513 peccatis,
1190 2461 1351 2515 quam
1398 2448 1464 2502 ad
1508 2444 1888 2515 castigandum
1922 2454 2291 2514 peccatorem,
2328 2444 2630 2515 aptissimis
2682 2443 2954 2515 Propheta
2994 2460 3127 2500 usus
3180 2445 3251 2500 sit
3292 2442 3628 2513 pharmacis.
3666 2443 3797 2497 Nam

525 2538 669 2605 quod
702 2538 799 2605 ait,
829 2539 1132 2595 Irascimini
1156 2549 1205 2594 et
1240 2541 1405 2595 nolite
1429 2557 1668 2610 peccare,
1698 2540 1938 2595 custodit
1974 2549 2025 2595 et
2054 2546 2348 2608 pracservat
2378 2554 2409 2594 a
2443 2549 2709 2609 peccato:
2735 2548 2789 2593 et
2819 2538 2865 2593 si
2907 2538 3156 2594 fortassis
3194 2538 3245 2592 iu
3284 2539 3636 2608 peceataquis
3664 2536 3800 2591 inci-

524 2630 688 2694 derit,
732 2632 971 2689 vicissim
1008 2635 1240 2705 castigat
1284 2647 1336 2691 et
1392 2636 1638 2707 corrigit,
1682 2636 1812 2691 dum
1856 2634 1929 2687 ait
1963 2651 1977 2687 :
2035 2632 2165 2699 Qua:
2211 2633 2388 2687 dicitis
2422 2633 2476 2686 in
2526 2631 2775 2687 cordibus
2810 2633 3016 2696 vestris,
3048 2634 3102 2686 iu
3141 2631 3402 2686 cubilibus
3442 2632 3632 2687 vestris
3660 2644 3801 2685 τοικ-

525 2742 842 2793 pungtmtm.

600 2816 769 2875 Vsus.
794 2820 847 2874 6.
883 2819 1196 2891 Sacriﬁcate
1223 2823 1545 2892 sacri/icium
1570 2821 1821 2891 justitiaz,
1844 2832 1893 2876 et
1914 2830 2124 2892 sperate

528 2916 580 2967 in
620 2915 861 2967 Domino.
887 2913 1167 2968 Justitiam
1201 2925 1437 2971 vestram
1477 2918 1634 2986 quasi
1667 2916 1903 2971 fructum
1935 2933 2121 2986 quem-

528 3008 653 3062 dam
692 3007 821 3071 Deo,
851 3006 1051 3078 inquit,
1094 3008 1309 3073 ollerte,
1344 3010 1618 3064 nemiuem
1652 3010 1851 3075 iniuria
1882 3010 2119 3064 allicien-

528 3112 652 3157 tes:
695 3110 747 3158 et
782 3105 1042 3159 auxilium
1076 3120 1105 3160 a
1140 3104 1250 3162 Deo
1296 3114 1612 3175 exspectate
1640 3149 1653 3171 ,
1689 3107 1779 3176 qui
1832 3106 2113 3177 Oppressis

2297 2822 2535 2876 Θύσατε
2561 2821 2787 2876 θυσίαν
2812 2818 3232 2887 δικαιοσύνης,
3263 2818 3363 2873 καὶ
3387 2819 3684 2874 ἐλπίσατε
3711 2817 3807 2872 ἐπὶ

2223 2917 2459 2984 Κύριον.
2484 2914 2964 2986 Καρποφορὴσατε
3000 2914 3161 2983 μόνον
3190 2911 3542 2978 δικαιοσύνην
3562 2910 3646 2983 τῷ
3669 2909 3807 2981 Θεῷ,

2218 3008 2538 3070 ἀδικοῦντες
2569 3006 2798 3077 μηδένα,
2838 3005 2933 3060 καὶ
2963 3003 3338 3075 ἀπεκδέχεσθε
3388 3005 3489 3077 τὴν
3529 3008 3691 3076 παρὰ
3718 3003 3809 3058 τοῦ

2220 3099 2357 3154 Θεοῦ
2386 3099 2667 3171 βοήθειαν,
2693 3097 2752 3161 ὃς
2776 3100 2891 3162 τοῖς
2914 3097 3385 3170 ἑπηρεαζομένοις
3411 3096 3654 3167 μάλιστα
3684 3114 3815 3166 συμο

531 3197 875 3265 potissimum
936 3199 1142 3252 auxilio
1201 3215 1325 3254 esse
1392 3200 1550 3255 solet.
1616 3199 2108 3255 Couversationem

2226 3196 2413 3263 μαχεῖ.
2456 3190 2869 3264 Προδιαγρὰφει
2905 3191 3003 3245 καὶ
3051 3189 3152 3262 τὴν
3200 3190 3681 3259 ὲκκλησιαστικὴν
3716 3207 3813 3245 πο·

534 3302 794 3358 prznterea
826 3306 887 3343 ac
918 3292 1079 3345 vitam
1111 3292 1305 3347 futurae
1332 3291 1588 3349 Ecclesia:
1613 3294 1965 3363 prtenuutiat,
1996 3308 2117 3363 quin

531 3383 650 3436 vice
690 3382 1027 3448 animalium,
1052 3386 1336 3455 spirituale
1359 3387 1620 3440 virtutum
1654 3387 1985 3442 sacriﬁcium
2010 3386 2119 3443 Deo

534 3482 647 3528 crat
691 3473 959 3529 ohlatura.
990 3474 1270 3532 Justitiam
1298 3475 1444 3531 enim
1474 3478 1562 3532 hic
1597 3494 1702 3533 non
1728 3479 2117 3546 particularem

535 3566 789 3621 virtutem
817 3606 833 3633 ,
873 3568 964 3623 scd
1006 3569 1335 3625 trcneralitcr
1358 3586 1456 3641 pro
1507 3572 1655 3626 omni
1712 3572 1918 3627 virtute
1960 3573 2117 3629 intel-

538 3659 679 3727 ligit.

607 3750 968 3807 Multidicunt
995 3769 1013 3807 :
1040 3753 1172 3821 Quis
1199 3754 1435 3809 ostendet
1470 3757 1617 3811 nobis
1651 3756 1788 3811 bona
1814 3758 1837 3809 ?
1866 3757 1999 3814 Cum
2035 3758 2121 3813 sui

541 3842 791 3909 exemplo
854 3845 1204 3899 admonuerit
1264 3854 1430 3917 atque
1492 3849 1817 3903 exhortatus
1881 3848 1954 3903 sit
2022 3864 2123 3905 nos

546 3932 838 4003 Propheta,
865 3946 924 3990 ut
975 3939 1028 3992 iu
1060 3940 1441 4008 superioribus
1484 3940 1737 4003 vidimus,
1780 3940 1943 3996 modo
1970 3942 2124 4009 ohje-

544 4028 783 4081 ctioucrn
832 4031 1128 4097 quamdam
1178 4046 1206 4085 a
1248 4032 1691 4103 pusillaminihus
1734 4033 1849 4087 ﬁeri
1905 4035 2122 4089 solitam

549 4120 793 4189 apponit.
829 4120 1060 4187 Quidam
1102 4126 1271 4188 enim,
1303 4126 1501 4195 inquit.
1530 4141 1651 4179 eum
1690 4126 1743 4179 in
1785 4126 2127 4183 calamitates

544 4212 867 4277 inciderint,
916 4231 1061 4282 :egre
1113 4216 1374 4279 ferentes.
1427 4220 1611 4273 Statim
1667 4220 1981 4287 desperant,
2022 4235 2127 4274 nec.

547 4308 781 4363 credunt
816 4307 984 4364 Deum
1013 4326 1181 4380 prope
1208 4327 1329 4366 esse
1370 4311 1753 4367 invocantibus
1782 4327 1928 4366 eum.
1959 4313 2128 4377 Quin-

548 4402 657 4455 imo
725 4402 870 4456 omni
942 4418 1039 4472 spc
1103 4403 1372 4470 destituti,
1427 4406 1553 4458 talia
1626 4406 1791 4459 etiam
1841 4404 2127 4460 effundunt

547 4497 712 4549 \‘rrla
747 4512 760 4549 :
799 4493 933 4561 Quis
964 4498 1187 4565 adiutor
1210 4499 1474 4568 deinceps
1504 4498 1608 4552 erit
1643 4497 1839 4552 nobis?
1863 4498 2020 4567 quasi
2045 4497 2126 4551 di—

2221 3285 2454 3353 λιτείαν,
2504 3284 2896 3355 πνευματικῶς
2950 3284 3100 3337 θύειν
3138 3282 3441 3353 μέλλουσαν
3489 3282 3613 3336 ἀντὶ
3654 3281 3814 3346 ζώων

2220 3378 2321 3441 τὰς
2374 3378 2618 3448 ἀρετάςο
2674 3377 2790 3447 εἴγε
2845 3378 3200 3446 δικαιοσύνην
3251 3375 3354 3430 οὐκ
3408 3374 3620 3441 ἰδικῶς,
3671 3374 3815 3433 ἀλλὰ

2223 3472 2454 3528 καθόλου
2490 3474 2590 3554 τὴν
2623 3473 2828 3545 ἀρετὴν
2862 3473 3044 3527 πᾶσαν
3071 3469 3493 3544 ὑποληψόμεθα.

2299 3743 2527 3801 Πολλοὶ
2553 3743 2841 3815 λέγουσι’
2896 3744 2992 3812 Τίς
3033 3743 3225 3809 δείξει
3269 3742 3417 3813 ἡμῖν
3462 3742 3535 3799 τὰ
3568 3743 3817 3812 ἀγαθάῗ

2228 3836 2608 3910 Προσαγαγὼν
2641 3838 2743 3909 τὴν
2789 3840 3121 3907 παραίνεσιν
3152 3835 3260 3889 ἀπὸ
3290 3836 3386 3890 τοῦ
3440 3835 3592 3889 καθ’.
3615 3836 3816 3890 ἑαυτὸν

2229 3932 2658 4001 ὕποδείγματος,
2702 3931 2917 4001 τίθησιν
2964 3929 3245 3984 ἀντίθεσιν
3277 3946 3403 3984 τινα
3448 3928 3561 3982 τῶν
3620 3946 3821 4000 μικρο-

2227 4028 2437 4099 ψύχων.
2467 4026 2624 4089 Τινὲς
2654 4026 2785 4096 γὰρ,
2820 4025 3009 4095 φησὶν,
3039 4027 3168 4080 ὅταν
3204 4024 3653 4096 προσομιλήσωσι
3691 4042 3817 4077 πει-

2232 4121 2465 4190 ρασμοῖς
2487 4161 2502 4185 ,
2555 4118 3004 4190 βαρυθυμοῢντες
3028 4159 3044 4183 ,
3092 4116 3540 4185 ἁπογινὼσκουσι
3566 4157 3583 4181 ,
3615 4118 3712 4170 καὶ
3753 4116 3819 4170 οὐ

2230 4211 2583 4267 πιστεύουσιν
2637 4211 2711 4276 ὡς
2738 4212 2907 4279 ἐγγὺς
2942 4212 3148 4282 Κύριος
3187 4213 3299 4274 τοῖς
3354 4208 3818 4277 ἐπικαλουμένοις

2230 4304 2418 4366 αὑτὸν,
2479 4303 2617 4357 ἀλλὰ
2676 4302 2935 4372 λέγουσι·
2991 4302 3089 4367 Τίς
3135 4302 3397 4375 βοηθήσει
3447 4302 3613 4371 ἡμῖνς
3675 4300 3820 4370 ὅπερ

2230 4397 2465 4467 ἐσχάτης
2492 4397 2860 4465 ἀπογνώσεως
2896 4395 2976 4459 ὃν,
3035 4396 3221 4449 δίδωσι
3276 4397 3443 4461 νοεῖν,
3480 4394 3554 4457 ὡς
3612 4392 3818 4455 οὐδείς.

2232 4489 2302 4541 Ἣ
2326 4488 2423 4541 καὶ
2457 4488 2584 4557 περὶ
2609 4486 2719 4540 τῶν
2746 4487 3095 4557 φιλοσάρκων
3125 4487 3153 4539 ὁ
3177 4486 3356 4554 λόγος,
3380 4486 3577 4548 οἵτινες
3608 4483 3819 4550 ἀγαθὶν

547 4598 699 4653 cant,
722 4588 929 4648 Nullus,
956 4587 1086 4653 Quae
1105 4591 1266 4645 verba
1286 4599 1543 4645 extrema:
1558 4590 1779 4643 omnino
1798 4590 2114 4656 desperatio

2238 4581 2534 4653 ἡγούμενοι
2557 4579 2656 4651 τὴν
2686 4581 2875 4635 ἄνεσιν
2898 4583 2992 4634 καὶ
3016 4579 3444 4651 τρυφὴν,ταῦτα
3479 4578 3617 4648 μόνα
3647 4593 3817 4646 μεταο

544 4682 633 4734 nis
664 4688 812 4735 sunt.
842 4678 930 4735 Vel
964 4682 1145 4749 alimr,
1223 4683 1293 4736 de
1337 4684 1403 4738 iis
1452 4683 1765 4736 hominibus
1811 4696 1991 4736 sermo
2016 4689 2126 4746 est,

549 4773 642 4840 qui
692 4773 878 4829 carnis
910 4785 1219 4843 sequuntur
1258 4775 1530 4829 desideria
1563 4793 1575 4829 :
1611 4775 1702 4843 qui
1760 4792 1880 4828 cum
1920 4775 1972 4828 in
2009 4775 2126 4829 otio

548 4874 715 4933 atque
764 4866 817 4919 in
861 4866 1073 4922 deliciis
1109 4884 1384 4923 summum
1429 4870 1631 4923 bonum
1680 4869 1986 4937 pOSllCI‘inl,
2032 4883 2127 4924 cas

2235 4673 2515 4738 διώκουσι,
2580 4673 2787 4744 σφόδρα
2854 4670 3145 4742 μισοῦντες
3180 4670 3277 4735 τὰς
3308 4666 3703 4727 κακοπαθείας,
3760 4662 3819 4716 αἶ

2235 4768 2358 4820 κατ’
2388 4766 2703 4837 οἰκονομίαν
2736 4765 3056 4835 ἐπάγονται.
3089 4763 3163 4818 Τὸ
3188 4763 3265 4828 δὲ,
3297 4762 3395 4828 Τίς
3433 4760 3617 4825 δείξει
3648 4756 3819 4828 ἠμῖγε

2235 4862 2416 4932 ψυχῆς
2445 4862 2666 4933 νοητέον
2687 4862 3025 4934 ὀρεγομένης
3052 4861 3316 4923 διακαῶς.

552 4956 684 5009 totis
720 4957 855 5010 velis
886 4959 1254 5027 insequuntur
1289 4977 1302 5012 :
1339 4959 1662 5013 alnictioncs
1707 4974 1836 5011 vero
1891 4973 2011 5029 quae
2076 4956 2259 5010 divina
2306 4954 2719 5024 dispensatione
2771 4953 2933 5010 nobis
3013 4953 3384 5007 immittuntur
3457 4949 3615 5005 valde
3682 4948 3817 5003 ode-

543 5050 812 5107 rnnt.Per
838 5052 926 5104 illa
948 5052 1112 5106 etiam
1137 5054 1324 5116 verba,
1357 5052 1487 5117 Quis
1528 5050 1763 5104 ostendet
1793 5052 1941 5105 nobis
1976 5050 2151 5106 bona?
2191 5052 2389 5105 anima:
2416 5049 2659 5104 ardentis
2678 5057 2841 5118 atque
2867 5045 3159 5103 immodice
3196 5045 3505 5117 appetentis
3564 5043 3819 5099 aﬂectum

546 5144 787 5213 intellige
812 5143 1205 5198 demonstrari.

620 5237 785 5292 Vens.
820 5238 869 5291 7.
900 5236 1173 5309 Signa/unt
1208 5249 1282 5294 cs:
1305 5256 1460 5308 super
1485 5256 1577 5292 nos
1616 5240 1790 5292 lumen
1825 5240 1997 5293 vultus
2026 5240 2127 5304 tui,

550 5332 789 5386 Domine.
840 5331 1042 5387 Verum
1092 5349 1214 5404 ego,
1280 5335 1477 5399 inquit,
1525 5334 1684 5403 longe
1735 5333 1893 5386 aliter
1928 5332 2129 5385 sentio.

554 5424 613 5476 lu
696 5440 780 5477 tllt‘.
855 5427 999 5477 enim
1078 5426 1350 5497 signatura
1401 5438 1485 5479 est
1555 5409 1737 5478 lumen
1835 5425 2135 5493 protectio-

556 5516 642 5570 nis
684 5523 842 5569 ture:
890 5531 1055 5586 quam
1112 5518 1313 5580 lucem,
1366 5516 1511 5569 illam
1558 5530 1681 5571 csse
1720 5515 2133 5585 intelligendum

2333 5231 2681 5301 Εσημειώθη
2738 5231 2831 5300 ἐφ’
2863 5229 3021 5301 ἡμᾶς
3060 5229 3126 5283 τὸ
3179 5227 3306 5297 φῶς
3351 5226 3459 5282 τοῦ
3491 5224 3821 5295 προσώπου

2240 5344 2379 5387 σου,
2412 5327 2608 5393 Κύριε.
2634 5325 2779 5379 Ἀλλ’
2807 5323 2918 5391 ἐγὼ
2957 5326 3055 5393 οὐχ
3099 5322 3273 5385 οὕτως
3306 5321 3434 5390 ἔχω,
3469 5322 3565 5372 καὶ
3594 5318 3701 5386 γὰρ
3733 5320 3822 5369 ὲν-

2242 5419 2531 5491 εσημάνθη
2565 5437 2656 5489 μοι
2686 5420 2718 5490 ἡ
2744 5417 3031 5489 ἀντίληψις
3055 5416 3153 5485 τῆς
3186 5419 3286 5485 σῆς
3316 5413 3657 5483 ὲπισκοπῆς’
3687 5410 3824 5472 ταύ-

2241 5530 2344 5585 την
2372 5514 2481 5584 γὰρ
2507 5514 2623 5583 φῶς
2652 5512 3015 5583 ὑποληπτέον,
3057 5510 3134 5572 ὡς
3177 5508 3503 5561 διαλύουσαν
3535 5506 3595 5559 τὸ
3628 5504 3819 5566 σκότος

1923 5626 2130 5688 Υίιιίιο
2165 5626 2501 5690 lectiones.

630 5731 743 5796 (€25)
777 5730 1087 5786 Grmcorum
1120 5730 1408 5789 vcrliornm
1454 5746 1649 5788 sensus
1674 5739 1755 5787 cst
1793 5747 1803 5783 :
1844 5730 2010 5801 Atque
2037 5732 2361 5800 experientia
2420 5747 2535 5785 cum
2580 5740 2779 5802 qvanta
2816 5731 2883 5787 sit
2944 5730 3151 5786 utilitas
3192 5727 3491 5794 didicerim,
3561 5722 3692 5779 idem
3762 5729 3819 5778 ut

553 5813 602 5857 ct
641 5805 739 5871 ipsi
773 5804 987 5870 faciatis
1023 5802 1226 5856 hortor.
