4130 6304
436 425 535 491 105

1593 415 1987 480 COMMENT.
2022 411 2102 475 IN
2152 410 2517 476 PSALMOS.

3579 410 3679 477 106

498 534 638 601 Ταῖς
669 534 976 603 γλώσσαις
1021 531 1221 588 αὐτῶν
1273 532 1659 590 ἐδολιοῦσαν.
1694 532 1761 586 Et
1786 548 1871 596 τις
1902 530 2000 598 μὲν

2175 522 2397 595 Linguis
2427 524 2541 579 suis
2570 522 2749 578 dolose
2774 522 3020 594 agebant.
3076 520 3256 577 Dolosr
3310 536 3502 578 omnes
3532 541 3683 579 incn-

422 625 617 690 δόλιος,
645 619 800 688 οὗτος
827 625 920 678 καὶ
947 624 1208 694 ψεύστης
1241 625 1341 677 οὐκ
1365 626 1419 677 εἴ
1440 642 1525 690 τις
1540 625 1597 680 δὲ
1625 625 1889 697 ψεύστης,
1908 617 2003 679 οὗ·

422 734 514 780 τος
539 717 633 770 καὶ
663 716 858 779 δόλιος.
906 716 968 770 Ἦ
1015 716 1125 787 γὰρ
1147 715 1240 770 τοῦ
1266 717 1442 769 δολίου
1469 718 1803 787 κακουργία,
1836 716 2001 787 χαλε-ο

423 803 664 875 πωτέρα.
683 802 845 874 Λέγει
876 804 1057 860 τοίνυν
1087 806 1169 859 ὅτι
1211 805 1542 873 Ἐπιϐούλως
1565 808 1684 862 κατ’
1713 805 1850 878 ἐμοῦ
1875 823 2000 862 συν-

421 897 718 967 εμελέτων,
757 896 854 952 καὶ
876 899 1325 954 συνεσκέπτοντο.

492 1013 719 1083 Κρῖνον
748 1012 995 1080 αὐτοὺς,
1024 1016 1057 1068 ό
1104 1014 1270 1081 Θεός.
1318 1013 1564 1070 Τοιαῦτα
1590 1014 1999 1085 ἐργαζομένους

421 1110 748 1175 κατὰκρινε,
776 1107 806 1159 ὁ
835 1105 1013 1175 μισῶν
1057 1105 1267 1168 πάντας
1304 1101 1583 1169 τοιούτους
1615 1101 1690 1168 ὡς
1720 1099 1835 1174 (50)
1866 1120 2003 1175 προ-

421 1194 717 1265 εδήλωσεν.

508 1305 1012 1363 Ἀποπεσάτωσαν
1060 1307 1178 1363 ἀπὸ
1216 1306 1337 1362 τῶν
1377 1307 1739 1363 διαϐουλιων
1780 1305 1997 1363 αὐτῶν.

435 1398 852 1471 Ἀστοχητωσαν
900 1399 1010 1453 τῶν
1044 1399 1449 1470 βουλευμάτων.

492 1516 655 1570 Κατὰ
687 1513 757 1568 τὸ
783 1513 1019 1585 πλῆθος
1047 1512 1166 1567 τῶν
1195 1512 1485 1568 ἀσεϐειῶν
1515 1513 1713 1569 αυτῶν
1766 1512 2004 1578 ἕξωσον

419 1606 668 1672 αὐτούς.
703 1606 804 1662 Διὰ
823 1605 920 1676 τὴν
943 1605 1199 1661 ἀσέϐειαν
1224 1605 1406 1660 αὐτῶν
1435 1606 1717 1672 Ἕξωσον
1746 1607 1998 1673 αὐτούς’

421 1700 484 1754 οὒ
521 1698 633 1772 γὰρ
653 1698 856 1769 τιμῶσί
881 1715 942 1753 σε
962 1713 977 1728 °
1006 1700 1098 1754 xui.
1128 1701 1206 1771 μὴ
1232 1700 1300 1755 δι’
1322 1700 1447 1773 ἐμὲ,
1481 1703 1531 1754 εί
1555 1702 1650 1755 καὶ
1678 1700 1771 1765 ab;
1802 1702 2003 1772 κλῆρος

420 1790 554 1860 ἐγώ.
599 1793 668 1846 Ἦ
703 1792 801 1846 καὶ
852 1792 1029 1858 ἄλλως
1050 1810 1068 1826 ο
1121 1794 1249 1849 ὅσον
1297 1796 1436 1849 είσὶν
1477 1795 1717 1863 ἀσεϐεῖς,
1749 1794 2004 1848 τοσοῦτον

2112 616 2279 672 dares
2303 624 2457 683 sunt,
2489 630 2601 671 non
2633 616 2950 686 quicunque
2985 614 3216 671 mendax
3238 614 3405 670 etiam
3432 616 3681 671 dolosus.

2114 708 2233 764 Doli
2304 709 2509 764 etenim
2573 706 2765 762 vitium
2823 721 3120 779 perversus
3184 715 3287 763 est.
3346 706 3437 763 Ait
3492 708 3680 779 igitur,

2111 802 2258 873 quod
2289 800 2523 858 insidias
2547 810 2603 858 et
2630 799 2789 856 dolos
2822 815 2926 856 una
2958 800 3229 857 adversus
3258 814 3377 855 eam
3422 808 3685 856 contexe-

2112 894 2266 949 bant.

2180 1009 2378 1064 Judica
2411 1010 2560 1076 illos,
2595 1008 2761 1064 Deus.
2818 1007 2922 1073 Tu,
2980 1007 3176 1079 inquit,
3233 1006 3328 1077 qui
3368 1005 3685 1078 hujusmoili

2113 1102 2386 1165 homines,
2418 1117 2482 1156 ac
2508 1102 2639 1156 talia
2675 1109 2966 1172 operautcs
2988 1100 3178 1166 odisti,
3211 1110 3270 1155 ut
3298 1114 3462 1169 supra
3499 1108 3688 1155 osten-

2109 1192 2268 1259 disti,
2299 1208 2396 1251 eos
2421 1193 2587 1249 etiam
2616 1192 2943 1249 condemns.

2181 1306 2443 1363 Decidant
2476 1325 2508 1363 a
2533 1305 2942 1379 cogitationibus
2971 1308 3104 1363 suis.
3140 1305 3255 1365 lioc
3282 1315 3369 1364 est
3417 1308 3689 1363 frustren-

2114 1410 2199 1455 tur
2230 1402 2470 1473 propriis
2499 1401 2772 1458 consiliis.

2182 1516 2486 1571 Secundum
2537 1513 2935 1570 multitudinem
2992 1515 3323 1584 impietatum
3368 1530 3550 1569 eorum
3596 1528 3688 1568 ea:-

2111 1607 2246 1676 pelte
2268 1624 2380 1664 eos.
2416 1605 2650 1677 Propter
2680 1606 2904 1661 illorum
2959 1605 3297 1678 impietatem
3330 1621 3449 1674 eos,
3487 1606 3686 1676 inquit.

2114 1700 2358 1771 Expone,
2385 1700 2515 1772 quia
2544 1708 2596 1757 te
2618 1714 2728 1756 non
2758 1708 3115 1756 venerantur.
3166 1698 3355 1770 Neque
3385 1700 3529 1755 enim
3554 1713 3687 1771 pro-

2115 1802 2234 1866 pter
2262 1810 2347 1848 me
2368 1792 2422 1849 id
2455 1792 2744 1864 expostulo
2779 1812 2793 1846 :
2829 1793 3043 1847 tametsi
3070 1792 3340 1864 alioquin,
3373 1808 3495 1849 sors
3522 1802 3689 1863 atque

424 1886 624 1958 πόρρω
651 1886 753 1959 τῆς
794 1887 896 1958 σῆς
937 1887 1227 1958 εὐμενείας
1275 1885 1726 1959 ἀπελαθητωσαν.
1776 1889 2000 1961 ’Δσεῦὴς

2114 1885 2406 1941 liaarcditas
2429 1891 2519 1939 tua
2540 1897 2643 1955 ego
2668 1898 2814 1939 sum.
2839 1879 2939 1939 Vel
2960 1883 3159 1940 aliter:
3184 1881 3403 1949 Quanto
3433 1883 3511 1939 illi
3532 1883 3690 1955 impii

418 1976 500 2043 δὲ,
533 1977 595 2031 οὐ
625 1978 787 2049 μόνον
816 1978 1040 2047 ὀᾶθεος,
1065 1978 1204 2035 ἀλλὰ
1230 1977 1327 2033 καὶ
1349 1979 1378 2032 ὁ
1404 1977 1480 2051 μὴ
1504 1980 1890 2051 προσηκόντως
1910 1982 2003 2033 τὸν

420 2068 555 2126 Θεὸν
585 2071 899 2142 σεδόμενος.

494 2379 615 2433 ’Ὁτι
646 2378 1098 2449 παρεπίκρανάν
1122 2392 1217 2445 σε,
1246 2377 1448 2447 Κύριε.
1479 2379 1556 2434 Οὐ
1585 2378 1740 2451 μέλει
1775 2396 1869 2451 μοι
1892 2380 2002 2450 γὰρ

419 2470 676 2526 τοσοῦτον
697 2472 839 2544 ὑπὲρ
868 2465 943 2526 ὧν
979 2472 1063 2533 εἰς
1094 2470 1194 2542 ἐμὲ
1221 2469 1488 2537 ποιοῦσιν,
1534 2469 1675 2525 ἀλλὰ
1719 2471 1863 2543 ὑπὲρ
1890 2470 2003 2525 τῶν

422 2563 534 2617 σῶν
584 2562 739 2632 ἀλγῶ
760 2579 775 2596 ο
810 2562 1234 2635 παρεπίκραναν
1258 2561 1368 2634 γάρ
1415 2578 1500 2627 σε,
1528 2561 1618 2618 διὰ
1654 2563 1728 2617 τὰ
1755 2564 2002 2636 προῤῥηο

420 2654 586 2710 θέντα
622 2655 829 2710 τούτων
881 2652 1315 2726 ἐπιτηδεύματα.
1354 2654 1566 2718 Ἄλλως
1602 2672 1683 2709 τε·
1718 2656 1829 2711 Καὶ
1877 2658 2002 2728 ἐμοὶ

421 2748 807 2821 πολεμοῦντες,
843 2751 941 2813 τὰς
992 2748 1094 2813 σὰς
1148 2747 1370 2811 ἐντολὰς
1415 2745 1760 2818 φυλάττοντι,
1807 2745 1865 2802 σὲ
1908 2748 2001 2803 τὸν

421 2841 557 2913 ἐμὸν
588 2843 867 2914 Δεσπότην
891 2842 1417 2915 παραπικραίνουσι.

492 3046 601 3102 Kal
624 3046 1136 3116 εὐφρανθήτωσαν
1162 3046 1387 3116 πάντες
1417 3050 1472 3105 ot
1516 3048 1864 3114 ἐλπίζοντες
1902 3043 2002 3099 ἐπὶ

420 3138 520 3192 σέ.
552 3138 675 3192 Τῶν
704 3137 813 3192 σῶν
844 3137 956 3209 γὰρ
1003 3138 1217 3209 ἐχθρῶν
1266 3139 1607 3212 ἀνιωμένων,
1665 3139 1713 3194 οἱ
1756 3137 2000 3201 εὐσεϐεῖς

2112 1980 2288 2053 magis
2321 1991 2474 2046 sunt,
2502 1988 2658 2038 tanto
2688 1993 2721 2035 a
2751 1984 2843 2034 tua
2878 1977 3261 2035 benevolentia
3294 1978 3513 2050 longius
3545 1977 3689 2048 abji-

2108 2073 2350 2128 ciantur.
2383 2072 2588 2144 Impius
2606 2085 2737 2128 vero
2762 2086 2874 2128 non
2903 2071 2996 2127 ille
3027 2078 3235 2126 tantum
3281 2080 3362 2129 cst
3387 2071 3481 2142 qui
3515 2070 3687 2127 Deum

2110 2179 2219 2220 non
2245 2165 2400 2231 colit,
2435 2165 2533 2220 sed
2565 2171 2620 2220 et
2645 2165 2692 2221 is
2719 2164 2815 2234 qui
2852 2177 2962 2219 non
2993 2172 3055 2219 ut
3082 2163 3340 2235 congruit
3363 2178 3487 2219 eum
3520 2178 3687 2219 vene-

2107 2269 2282 2313 ratur.

2176 2372 2438 2440 Quoniam
2474 2376 2926 2431 exacerbaverunt
2963 2385 3035 2443 te,
3077 2374 3317 2430 Domine.
3371 2373 3489 2430 Non
3546 2373 3688 2428 adeo

2105 2467 2245 2522 mihi
2294 2480 2442 2523 cura:
2495 2476 2630 2522 sunt
2683 2482 2806 2538 qua:
2858 2468 3151 2524 adversum
3206 2481 3293 2522 me
3357 2475 3681 2537 operantur,

2102 2569 2364 2631 quantum
2397 2560 2559 2614 doleo
2579 2559 2650 2615 ob
2675 2575 2738 2615 ea
2768 2575 2889 2630 quae
2921 2568 3114 2617 contra
3138 2567 3190 2616 te
3226 2566 3417 2631 agunt.
3446 2558 3682 2614 Exacer-

2103 2652 2307 2709 barum
2329 2652 2478 2707 enim
2503 2660 2555 2708 te
2573 2653 2627 2707 in
2649 2653 2872 2720 studiis,
2896 2664 3060 2725 atque
3081 2653 3138 2709 in
3163 2650 3680 2709 conversationibus

2102 2749 2242 2816 suis,
2272 2763 2410 2819 quas
2439 2748 2698 2819 superius
2725 2751 3301 2807 commemoravimus.
3340 2748 3435 2805 Vel
3465 2749 3627 2804 aliter
3661 2764 3676 2799 :

2102 2838 2240 2905 Quia
2304 2840 2775 2895 exacerliaverunt
2834 2850 2886 2896 te
2937 2840 3229 2896 Dominum
3273 2855 3479 2908 meum,
3546 2838 3679 2894 dum

2102 2930 2239 2987 mihi
2271 2934 2527 2987 mandata
2558 2942 2649 2988 tua
2673 2932 2991 2989 observanti
3026 2933 3238 2990 molesti
3273 2942 3421 2989 sunt.

2176 3042 2339 3101 Vens.
2372 3045 2459 3103 12.
2505 3044 2573 3101 Et
2622 3053 2871 3103 testentur
2922 3063 3098 3103 omnes
3135 3047 3225 3117 qui
3256 3057 3470 3117 sperant
3518 3047 3575 3098 in
3625 3054 3677 3100 te

2104 3138 2332 3205 Quoties
2356 3139 2567 3195 inimici
2602 3139 2697 3196 Dei
2736 3156 2973 3198 mwrore
3009 3156 3071 3198 ac
3102 3140 3324 3197 tristitia
3346 3138 3677 3203 afﬁciuntur,

422 3225 720 3290 ἀντιθέτως
741 3224 1049 3296 χαίρουσιν,
1077 3229 1160 3282 ὄτι
1192 3230 1276 3282 σοὶ
1302 3230 1451 3301 μόνῳ
1473 3228 1825 3303 θαρροῦντες,
1846 3244 1997 3299 περι·

2108 3228 2294 3288 fideles
2325 3245 2388 3285 ac
2422 3232 2496 3303 pii
2530 3233 2848 3305 quicunque
2878 3241 3009 3289 sunt
3042 3248 3107 3289 ex
3135 3231 3362 3289 adverso
3393 3231 3634 3304 gaudent
3663 3251 3677 3288 :

422 3315 666 3385 γίνονται
687 3317 798 3372 τῶν
824 3318 1098 3375 τοσούτων
1129 3321 1225 3375 καὶ
1245 3320 1601 3393 τηλικούτων.

498 3498 604 3566 Eii;
633 3501 821 3554 aiwra
853 3499 1357 3569 ἀγαλλιάσονται.
1390 3503 1537 3557 Ἀντὶ
1576 3501 1671 3557 τοῦ
1715 3499 2000 3572 διηνεκῶς,

421 3595 594 3662 ἐγγὺς
619 3593 707 3647 ἀεὶ
739 3593 841 3663 τὴν
870 3592 969 3665 σὴν
1000 3595 1352 3669 παράκλησιν
1376 3594 1615 3667 ἔχοντες.

491 3776 603 3833 Καὶ
629 3776 1121 3845 κατασκηνώσεις
1171 3778 1242 3833 ἐν
1272 3778 1501 3845 αὐτοῖς.
1545 3774 2002 3844 Ἐπαναπαυόμε-

424 3886 505 3924 vos
522 3870 590 3940 τῇ
623 3868 921 3940 ὡραιότητι
948 3868 1058 3922 τῶν
1078 3869 1267 3939 ψυχῶν
1296 3870 1497 3923 αὐτῶν.
1524 3866 1846 3935 Ἐνοικήσω
1870 3865 1999 3937 γὰρ,

422 3960 608 4029 φησὶν,
647 3958 718 4013 ἐν
739 3958 966 4024 αὐτοῖς,
995 3959 1097 4014 καὶ
1129 3960 1613 4028 ἐμπεριπατήσω,
1650 3958 1746 4012 καί
1784 3957 2001 4026 ἔσομαι

421 4050 626 4107 αὐτῶν
654 4049 816 4117 Θεὸς,
848 4051 948 4105 καὶ
980 4052 1151 4107 αὐτοὶ
1175 4052 1424 4107 ἔσονταί
1445 4068 1551 4121 μοι
1571 4050 1741 4115 λαός.

496 4225 605 4280 Καὶ
625 4225 1039 4294 καυχήσονται
1078 4227 1150 4281 ἐν
1177 4228 1302 4293 σοι,
1333 4230 1392 4281 οἱ
1408 4227 1758 4298 ἀγαπῶντες
1782 4227 1847 4282 τὸ
1876 4228 2002 4284 ὄνοι

415 4315 506 4385 μά
529 4330 662 4370 σου.
691 4314 839 4369 Διὸτι
868 4316 1021 4386 μόνοι
1049 4317 1290 4387 συνῆκαν
1318 4317 1409 4370 τὸν
1441 4315 1695 4389 ἀληθινὸν
1716 4316 1872 4385 Θεὸν,
1902 4318 2000 4373 καὶ

418 4411 507 4470 είς
534 4406 724 4461 τοῦτον
750 4408 914 4491 μόνον
941 4408 1041 4474 τὰς
1068 4410 1290 4473 ἐλπίδας
1314 4409 1582 4464 ἐνέθεντο.
1609 4411 1721 4464 Καὶ
1741 4409 1917 4475 ἄλλως
1943 4410 1999 4465 δὲ

416 4503 469 4555 oi
497 4502 815 4574 Χριστιανοὶ
842 4502 1100 4555 τοσοῦτον
1131 4503 1393 4572 ἀγαπῶσι
1415 4502 1516 4573 τὴν
1541 4501 1693 4556 θείαν
1726 4500 1824 4555 τοῦ
1853 4502 1996 4573 Χρι-

2108 3323 2258 3395 quod
2284 3324 2405 3379 solo
2434 3325 2554 3379 freti
2594 3324 2724 3391 Deo,
2765 3334 2952 3382 tantos
2983 3340 3047 3381 ac
3080 3323 3217 3381 tales
3263 3334 3524 3394 superent
3569 3324 3679 3380 iui-

2108 3420 2303 3474 micos.

2180 3510 2245 3565 In
2293 3512 2545 3566 sarculum
2576 3511 2943 3568 exsultabant.
2972 3510 3085 3568 Hoc
3114 3518 3439 3580 estsemper
3468 3518 3521 3566 et
3553 3524 3679 3581 per-

2106 3610 2294 3673 petuo,
2350 3619 2475 3659 cum
2537 3620 2708 3676 prope
2763 3614 2927 3677 atque
2976 3604 3199 3662 assidue
3250 3602 3676 3660 consolationem

2106 3705 2256 3752 tuam
2291 3699 2529 3755 habituri
2561 3700 2694 3755 sint.

2174 3787 2244 3843 Et
2282 3789 2549 3846 habitabis
2611 3793 2666 3845 in
2717 3791 2814 3847 eis.
2869 3790 3248 3863 Requiescens
3305 3788 3564 3845 nimirum
3621 3790 3677 3845 in

2104 3880 2516 3950 pulchritudine
2548 3884 2726 3952 latque
2773 3882 3045 3952 elegantia
3096 3880 3402 3935 animarum
3434 3896 3622 3935 eorum
3662 3899 3677 3933 :

2105 3968 2425 4024 Inhabitabo
2452 3972 2593 4025 enim
2620 3972 2772 4036 alibi,
2817 3971 3016 4041 inquit,
3070 3972 3124 4025 in
3177 3971 3273 4037 eis,
3321 3979 3371 4025 et
3433 3972 3679 4025 inambu-

2102 4061 2244 4127 labo,
2273 4070 2323 4116 et
2355 4078 2445 4116 ero
2484 4063 2704 4118 illorum
2746 4063 2909 4130 Deus,
2938 4073 2989 4118 et
3018 4065 3121 4132 ipsi
3158 4073 3313 4118 erant
3348 4063 3478 4117 mihi
3510 4079 3679 4133 popa--

2102 4152 2185 4207 lus
2211 4154 2280 4209 “.

2178 4245 2337 4303 Vens.
2378 4247 2466 4302 15.
2523 4251 2591 4303 Et
2651 4246 3028 4319 gloriabuntur
3073 4249 3127 4301 in
3185 4259 3254 4312 te,
3305 4251 3395 4315 qui
3448 4251 3676 4321 diligunt

2102 4353 2290 4392 nomen
2322 4346 2493 4392 tuum.
2526 4336 2664 4405 Quia
2701 4340 2912 4396 scilicet
2942 4340 3047 4412 ipsi
3093 4339 3194 4395 soli
3252 4339 3426 4395 Deum
3482 4358 3673 4398 verum

2102 4429 2518 4498 intellexerunt,
2552 4439 2718 4503 atque
2746 4431 2803 4487 in
2830 4432 2937 4487 hoc
2964 4433 3082 4489 solo
3129 4448 3280 4504 spem
3314 4448 3472 4488 suam
3506 4434 3677 4489 collo-

2102 4530 2321 4587 carunt,
2357 4521 2423 4577 Et
2457 4522 2620 4578 aliter
2669 4523 2971 4580 Christiani
3017 4525 3115 4579 viri
3170 4524 3415 4582 divinum
3465 4528 3674 4584 Christi

416 4594 547 4647 στοῦ
570 4593 783 4662 κλῆσιν,
812 4592 891 4657 ὠς
912 4593 1023 4648 ἀπὸ
1066 4594 1238 4665 μόνης
1263 4593 1471 4664 ταύτης
1502 4592 1680 4648 θέλειν
1726 4592 1992 4663 γνωρίζε-

2106 4627 2299 4669 nomen
2357 4614 2495 4670 adeo
2550 4615 2804 4686 diligunt,
2842 4626 2900 4672 ut
2955 4633 3019 4672 ex
3076 4618 3170 4675 illo
3227 4627 3439 4675 tantum
3502 4620 3677 4677 velint

415 4685 564 4751 εθαι,
611 4686 707 4737 καὶ
739 4686 800 4738 ὲν
832 4685 981 4756 μόνῳ
1039 4685 1262 4756 Χριστῷ
1316 4682 1650 4756 καυχῶνται,
1705 4684 1849 4738 κατὰ
1897 4684 1992 4738 τὸν

426 4774 790 4831 ’Λπόστολονο
843 4775 1007 4847 Ἐμοί
1037 4776 1168 4846 γὰρ,
1202 4779 1358 4848 φησι,
1377 4774 1465 4843 μὴ
1504 4772 1738 4842 γένοιτο
1770 4773 2000 4843 καυχᾶ-

412 4871 580 4934 σθαι,
601 4870 657 4924 ει
676 4868 765 4939 μὴ
791 4868 863 4923 ἐν
893 4867 976 4934 τῷ
1006 4867 1247 4937 σταυρῷ
1286 4867 1392 4921 τοῦ
1413 4867 1640 4934 Κυρίου
1683 4864 1855 4935 ήμῶν
1895 4865 2002 4935 Ἰη-

412 4959 535 5015 σοῦ
572 4960 835 5030 Χριστοῦ
860 4997 878 5023 ,
920 4961 1200 5015 τουτέστιν
1231 4960 1289 5013 ὲν
1338 4958 1418 5030 τῷ
1446 4958 1817 5029 σταυρωθέντι
1856 4958 1995 5029 Χρι-

416 5068 552 5122 στῳ.

492 5143 621 5198 ὀτι
649 5142 733 5196 σὺ
778 5140 1139 5214 εὐλογήσας
1186 5144 1442 5209 δίκαιον,
1479 5142 1676 5211 Κύριε.
1729 5141 1802 5195 Οὐ
1837 5142 1998 5211 μόνον

416 5233 564 5289 κατὰ
586 5233 681 5289 τὸν
709 5235 953 5307 παρόντα
978 5236 1092 5307 βίον
1122 5235 1517 5307 ἀνακηρύττων
1538 5232 1724 5299 αὐτὸν,
1750 5234 1884 5287 ἀλλὰ
1902 5237 1998 5288 καὶ

418 5327 565 5380 κατὰ
593 5326 685 5382 τὸν
710 5328 996 5398 μέλλοντα,
1022 5329 1151 5382 ὅταν
1176 5330 1319 5398 ἐρεῖς
1339 5346 1353 5359 ο
1385 5328 1563 5383 Δεῦτε
1590 5330 1645 5383 oi
1664 5329 1996 5396 εὐλογημέ-

2101 4708 2388 4777 coguosci.
2419 4706 2476 4763 in
2508 4709 2628 4764 solo
2659 4710 2862 4764 etenim
2897 4709 3120 4766 Christo
3140 4711 3299 4781 juxta
3351 4715 3675 4784 Apostolum

2102 4797 2435 4869 gloriantur,
2499 4800 2778 4856 dicentem
2823 4819 2837 4855 :
2876 4801 3009 4856 Mihi
3070 4814 3251 4859 autem
3293 4805 3430 4859 absit
3469 4816 3528 4860 ut
3568 4810 3676 4878 glo-

2100 4889 2227 4957 rier,
2255 4891 2359 4945 nisi
2385 4892 2441 4945 iu
2465 4908 2618 4945 cruce
2646 4890 2865 4947 Domini
2890 4893 3060 4947 nostri
3077 4892 3209 4949 Iesu
3237 4893 3435 4951 Christi
3464 4897 3506 4927 “’
3531 4913 3546 4963 ;
3574 4899 3677 4954 hoc

2115 4992 2200 5036 est
2232 4981 2337 5038 nisi
2372 4982 2427 5038 in
2453 4983 2673 5039 Christo
2707 4985 2828 5054 ipso
2862 4984 3147 5041 crucifixo.

2172 5154 2438 5222 Quoniam
2468 5165 2524 5209 tu
2555 5156 2825 5212 benedices
2836 5161 3012 5227 justo,
3032 5159 3272 5217 Domine.
3310 5161 3428 5219 Non
3462 5172 3673 5222 tantum

2100 5248 2152 5301 in
2188 5250 2444 5318 praesenti
2480 5250 2683 5306 saeculo
2728 5260 2785 5306 tu
2814 5250 2895 5308 eis
2926 5252 3243 5321 benedices,
3271 5257 3459 5312 laudes
3484 5272 3674 5312 eorum

2102 5340 2365 5399 omnibus
2403 5354 2563 5398 notas
2596 5343 2826 5409 faciens,
2866 5347 2963 5402 sed
3000 5356 3055 5402 et
3102 5350 3157 5403 in
3192 5350 3380 5405 futuro
3412 5370 3425 5406 :
3453 5354 3674 5421 quando

414 5437 514 5474 νοι
537 5419 645 5474 τοῦ
671 5420 904 5489 Πατρός
920 5437 1064 5491 μου.
1106 5421 1178 5474 Σὺ
1202 5420 1294 5475 οὖν
1325 5420 1645 5490 εὐλογήσας
1680 5417 1864 5485 αὑτὸν,
1899 5419 1994 5473 καὶ

2106 5433 2315 5489 vocabis
2343 5434 2671 5503 eos,dicens
2702 5453 2716 5493 :
2756 5436 2954 5507 Venite,
2981 5439 3239 5497 benedicti
3267 5443 3451 5500 Patris
3471 5417 3584 5501 *ηπεὶ
3607 5449 3672 5501 ⁸⁸.

496 5620 544 5653 ⁸⁸
573 5619 754 5680 Ιιειίι.
799 5641 951 5692 χιιι,
978 5625 1084 5692 iis;
1118 5624 1137 5679 l
1167 5623 1297 5679 Cor.
1334 5641 1409 5689 vr,
1445 5626 1531 5681 i6.

1628 5631 1674 5664 '7
1714 5627 1893 5685 Calai.
1920 5647 1995 5699 τι,
2032 5628 2120 5688 ﬂ.
2200 5634 2245 5667 ⁸⁸
2272 5635 2469 5697 Matth.
2522 5657 2649 5710 xxv,
2681 5642 2770 5697 34.

1760 5748 1961 5813 Variae
2009 5749 2313 5820 lectiones

492 5868 606 5939 (30)
637 5868 723 5923 ισ.
758 5868 1166 5938 προεδήλωσας.

735 5964 1006 6030 Panos.
1047 5966 1166 6029 Gn.
1199 5964 1524 6031 CXXVIII.
