4050 6278
572 301 677 368 ῙΟἿ

1809 307 2196 401 ΕΗΤΗΥΜΙΙ
2232 312 2603 378 ZIGABENI

3727 315 3826 382 108

571 415 652 470 Tu
691 414 872 483 itaque
909 411 1198 468 benedices
1248 411 1326 467 eis
1384 412 1603 468 tametsi
1658 415 1882 487 maligni
1929 430 2138 484 contra,

2251 426 2298 478 οί
2330 429 2560 500 πονηροὶ
2580 427 2767 484 τοῦτον
2791 429 3098 496 κακίζουσι.
3132 430 3450 502 Παρηγορεῖ
3480 428 3536 484 δὲ
3562 431 3620 486 ὲν
3649 431 3826 505 τούτῳ

571 504 649 558 eis
683 502 1029 558 maledicam.
1063 501 1385 573 llnjusmodi
1417 513 1599 558 autem
1631 505 1808 562 verbis
1831 522 1926 563 eos
1952 524 2146 564 conso-

572 600 713 650 latur
745 597 838 665 qni
872 605 1098 666 propter
1135 597 1400 651 virtutem
1436 597 1791 668 blasphcmiis
1823 616 1882 656 ac
1919 602 2146 659 maledi-

569 690 846 745 ctionibus
885 689 1072 759 impcti
1100 691 1300 746 solent.

643 781 712 836 Ut
751 792 900 836 scuto
928 784 1077 837 bona:
1107 783 1398 838 voluntatis
1437 787 1704 841 coronasti
1740 803 1854 842 nos.
1903 786 2006 852 Tn,
2045 788 2148 843 Do-

570 877 736 938 mine,
766 874 969 946 inquit,
1004 876 1254 932 muniisti
1288 891 1389 933 nos
1425 879 1604 946 valde,
1650 891 1704 936 et
1735 881 2145 938 circumdedisti

567 985 734 1025 cruce
769 980 882 1035 tua,
920 987 1043 1041 quae
1077 983 1298 1028 scutum
1337 981 1424 1030 est
1456 974 1614 1029 bona:
1664 975 1962 1031 voluntatis
1997 995 2010 1032 :
2045 978 2148 1033 hoc

567 1072 650 1119 est
681 1074 899 1120 scutum
946 1067 1043 1119 tibi
1094 1075 1315 1137 gratum
1359 1081 1422 1122 ac
1453 1068 1739 1137 placitum.
1788 1067 2148 1125 Animadver-

568 1159 794 1212 tendum
829 1169 1015 1214 autem
1043 1170 1127 1214 cst
1179 1174 1304 1216 csse
1340 1162 1488 1216 hunc
1528 1161 1822 1232 quemdam
1885 1162 2146 1233 loquendi

570 1249 790 1301 modum
834 1250 976 1318 apud
1012 1265 1227 1305 sacram
1263 1250 1630 1322 Scripturam,
1681 1267 1793 1322 quo
1848 1253 2020 1323 ﬁlium
2048 1270 2146 1323 po-

565 1344 746 1396 tentia:
770 1343 951 1397 dicere
977 1345 1115 1398 solet
1143 1360 1241 1413 pro
1271 1353 1548 1414 potentem
1576 1362 1590 1411 ;
1618 1357 1694 1411 et,
1728 1348 1895 1399 virum
1928 1347 2147 1417 sangui-

568 1450 691 1486 nnm
728 1450 828 1503 pro
857 1434 1312 1504 sanguinarium;
1355 1438 1621 1489 hominem
1653 1436 1818 1492 etiam
1850 1438 1997 1507 pacis
2045 1440 2147 1493 hoc

567 1539 649 1582 est
676 1528 964 1597 pacificum
1007 1547 1021 1584 :
1055 1531 1131 1582 ita
1183 1537 1239 1582 ct
1273 1531 1380 1594 hic,
1418 1539 1630 1585 sentum
1666 1529 1819 1584 bona:
1862 1531 2145 1585 voluntatis

568 1635 668 1689 pro
714 1631 930 1674 scutum
963 1621 1226 1689 placitum
1265 1629 1320 1676 et
1356 1621 1492 1676 bene
1523 1629 1759 1692 gratum.
1801 1620 1948 1676 Ordo
1979 1614 2144 1676 etiam

564 1713 660 1764 tiat
689 1713 792 1767 hoc
823 1713 984 1767 modo
1016 1731 1030 1766 :
1067 1712 1313 1768 Muniisti
1343 1729 1467 1779 nos,
1506 1714 1759 1779 Domine,
1781 1713 2024 1783 potentia
2052 1723 2145 1768 tua

2247 517 2372 581 τοὺς
2395 518 2482 571 διὰ
2521 520 2619 590 τὴν
2654 520 2853 592 ἀρετὴν
2877 519 3423 593 βλασφημουμένους.

2331 785 2429 853 Ὠς
2474 787 2640 852 ὅπλῳ
2685 788 2967 856 εὐδοκίας
3017 788 3446 859 ἐστεφάνωσας
3476 791 3652 860 ἡμας.
3696 791 3828 844 Δίαν

2247 878 2566 942 ὲκύκλωσας
2599 887 2690 933 καὶ
2721 881 3128 951 περιετείχισας
3163 883 3312 950 ἡμᾶς
3341 881 3420 953 τῷ
3467 883 3710 955 σταυρῷ,
3747 884 3824 954 τῷ

2248 971 2397 1044 ὅπλῳ
2425 973 2523 1043 τῆς
2550 975 2821 1038 εὐδοκίας,
2846 975 2964 1045 ἦτοι
2985 975 3086 1045 τῆς
3112 977 3354 1048 ἀρρήτου
3375 977 3686 1047 οἰκονομίας
3710 993 3826 1036 σου.

2251 1066 2323 1118 Ἢ
2367 1065 2461 1118 καὶ
2489 1067 2683 1120 ὅπλον
2711 1067 3012 1135 εὐδοκίας,
3074 1069 3136 1122 τὸ
3183 1070 3470 1140 εὐδόκιμον
3503 1070 3666 1124 ὅπλον
3694 1071 3830 1124 ὐπο-

2247 1158 2504 1230 ληπτέον.
2537 1161 2784 1231 Συνήθης
2813 1161 2922 1231 γὰρ
2959 1165 3024 1233 τῇ
3058 1162 3274 1234 Παλαιᾷ
3296 1164 3391 1218 καὶ
3434 1157 3594 1227 οὗτος
3622 1165 3652 1217 6
3697 1180 3830 1233 σχη-

2252 1253 2554 1322 ματισμός·
2583 1253 2720 1306 υιὸν
2784 1255 2895 1325 γὰρ
2926 1255 3084 1308 καλεῖ
3114 1254 3427 1325 δυνάμεως
3460 1257 3547 1308 τὸν
3578 1255 3828 1322 δυνατὸν,

2248 1345 2340 1398 καὶ
2389 1345 2579 1415 ἄνδρα
2611 1346 2895 1415 αἱμάτων,
2927 1347 3020 1401 τὸν
3073 1350 3295 1418 φονικὸν
3317 1389 3333 1415 ,
3368 1350 3464 1402 καὶ
3510 1349 3832 1418 ἀνθρωπον

2246 1437 2516 1505 εἰρήνης,
2540 1437 2630 1491 τὸν
2660 1438 2954 1508 εἰρηνικόν.
2993 1436 3100 1492 Καὶ
3130 1438 3456 1493 σνντακτέον
3482 1437 3694 1501 οὕτως·
3723 1439 3831 1491 ﬂ:-

2249 1529 2580 1600 ριετείχισας
2607 1530 2753 1600 ἡμᾶς
2777 1532 2846 1601 τῇ
2874 1528 3103 1599 δυνάμει
3150 1545 3270 1592 σου,
3297 1526 3550 1598 καθάπερ
3578 1529 3636 1581 ἐν
3679 1527 3832 1600 ὅπλῳ

2248 1621 2518 1692 εὐδοκίμῳ
2546 1621 2641 1673 καὶ
2672 1617 2937 1690 στερῤεῷ.
2967 1619 3212 1688 Στεφάνη
3245 1615 3376 1687 γὰρ,
3399 1618 3431 1670 δ
3457 1615 3659 1680 κύκλος
3681 1632 3696 1647 ⁸
3730 1634 3828 1669 xu-

2249 1711 2510 1781 κλοτερὴς
2539 1710 2617 1777 δὲ,
2649 1709 2743 1763 καὶ
2770 1712 2798 1762 ὁ
2832 1709 3130 1779 τειχισμός.

548 1808 726 1875 quasi
764 1817 921 1861 scuto
951 1807 1187 1878 quodam
1212 1809 1444 1878 probato
1476 1823 1541 1862 ac
1570 1809 1720 1865 torti.
1755 1810 1971 1865 Corona
1991 1810 2138 1866 enim
2182 1809 2472 1864 circularis
2496 1811 2687 1863 formae
2715 1815 2839 1872 est;
2872 1814 2926 1861 et
2956 1805 3291 1863 munitiones
3323 1807 3486 1864 ctiam
3559 1821 3656 1879 per
3723 1806 3830 1862 cir-

555 1899 751 1952 culum
777 1907 940 1970 atque
968 1900 1022 1953 in
1047 1900 1286 1955 circuitu
1328 1900 1444 1955 ﬁeri
1481 1900 1681 1957 solent.

561 1992 634 2045 ιιι
684 1991 843 2060 ﬁnem
899 1992 953 2044 in
1025 1992 1238 2063 hymnis
1305 2008 1401 2062 pro
1478 2001 1665 2048 octava
1736 1992 1974 2061 psalmus
2036 1993 2138 2063 ipsi

2243 1993 2344 2059 Είς
2375 1991 2444 2046 τὸ
2471 1988 2646 2057 τέλος
2668 1987 2985 2059 ἐνοῦμνοις,
3012 1987 3168 2056 ὑπὲρ
3193 1987 3304 2056 τῆς
3319 1987 3557 2058 ὀγδόης,
3582 1988 3833 2059 Ψαλμὸς

1257 2085 1446 2141 David.

1112 2175 1438 2232 PSALMUS
1491 2176 1580 2231 Vl.

637 2267 782 2334 Quid
808 2269 1082 2338 signiﬁcet
1127 2267 1194 2323 In
1244 2270 1402 2335 ﬁnem
1456 2270 1664 2326 dictum
1721 2280 1806 2328 est
1844 2289 1857 2326 :
1890 2274 2142 2340 prmsetitl

563 2373 697 2413 vero
738 2361 950 2429 psalmo
983 2361 1166 2414 laudat
1195 2376 1260 2416 ac
1291 2363 1608 2434 magnilicat
1637 2363 1803 2419 Deum
1830 2363 2100 2436 Propheta
2125 2379 2144 2422 :

565 2461 832 2521 rogatque
861 2463 917 2508 et
951 2467 1144 2522 preces
1176 2451 1358 2508 fundit
1392 2471 1492 2526 pro
1532 2464 1751 2520 octava,
1785 2457 1891 2511 hoc
1923 2465 2007 2513 est
2043 2473 2144 2528 pro

567 2542 755 2597 futuro
781 2544 1004 2599 saeculo.
1038 2542 1290 2600 Przesens
1321 2546 1467 2599 enim
1516 2547 1778 2600 saeculum
1836 2547 2144 2604 revolutum

565 2651 630 2691 ac
662 2635 1011 2704 completum,
1046 2647 1100 2691 et
1145 2639 1302 2707 quasi
1337 2638 1691 2693 hebdomadas
1729 2652 2147 2696 commcnsura-

564 2736 705 2794 tum,
739 2730 1051 2797 septenario
1080 2732 1335 2800 signatur
1366 2745 1621 2794 numero,
1653 2740 1706 2786 et
1734 2732 2025 2801 septimum
2059 2731 2146 2786 di-

564 2818 741 2884 citur;
780 2818 1025 2874 futurum
1051 2835 1180 2876 vero
1202 2823 1467 2876 szeculum
1519 2831 1775 2876 octavum
1809 2823 2142 2894 appellatur,

565 2910 734 2964 veluti
764 2910 910 2980 quod
935 2913 1233 2980 septimum
1281 2914 1554 2982 sequitur.
1595 2913 1654 2967 ln
1691 2928 1924 2983 persona
1960 2922 2140 2971 autem

566 3015 674 3055 non
701 3016 798 3054 sua
831 3010 1043 3056 tantum
1075 3001 1373 3072 Pmplieta,
1410 3006 1504 3058 sed
1529 3013 1584 3058 et
1615 3004 1865 3059 omnium
1894 3017 2140 3060 nostrum

557 3093 745 3148 tundit
783 3108 970 3163 preces
1007 3094 1073 3148 ad
1124 3092 1315 3160 Deum,
1349 3096 1442 3165 qui
1490 3096 1545 3150 in
1577 3097 1762 3151 futuro
1795 3098 1891 3152 illo
1943 3099 2145 3154 saeculo

563 3202 756 3241 omnes
776 3186 1123 3255 judicaturns
1156 3198 1258 3242 est.
1295 3185 1453 3243 Hunc
1480 3197 1661 3244 autem
1691 3191 1966 3259 psalmum
1997 3207 2142 3246 com-

2877 2080 2960 2148 τῷ
2993 2081 3192 2136 Δαϐίδ.

2841 2172 3137 2226 “mox
3172 2173 3264 2240 qv.

2321 2267 2388 2322 Τί
2417 2266 2518 2338 μὲν
2533 2264 2682 2338 δηλοῖ
2705 2264 2767 2319 τὸ
2798 2267 2902 2332 Eli:
2925 2265 2995 2319 τὸ
3024 2263 3225 2331 τέλος,
3246 2263 3834 2337 προείρηται.Ύμνῶν

2250 2352 2309 2409 δὲ
2338 2359 2431 2410 καὶ
2475 2358 2798 2429 μεγαλύνων
2848 2357 2940 2412 τὸν
2977 2356 3111 2411 Θεὸν
3145 2359 3175 2410 ὀ
3205 2359 3519 2430 προφήτης,
3547 2357 3694 2430 ὑπὲρ
3733 2361 3834 2429 τῆς

2250 2449 2442 2520 ὀγδόης
2475 2450 2802 2521 παρακαλεῖ,
2848 2451 3153 2521 τουτέστιν,
3206 2451 3351 2522 ὕπὲρ
3398 2451 3493 2504 τοῦ
3545 2451 3833 2523 μέλλοντος

2246 2543 2465 2607 αἰῶνος.
2494 2544 2760 2615 Ἕϐδομος
2795 2546 2952 2615 γὰρὸ
2982 2544 3193 2613 παρὼν,
3249 2545 3398 2608 ὅστις
3433 2543 3692 2614 ὲόδομάδι
3741 2561 3834 2614 ps-

2244 2636 2570 2706 τρούμενος,
2607 2638 2701 2690 καὶ
2750 2636 3246 2708 ἀνακυκλούμενος,
3274 2637 3369 2691 καὶ
3409 2637 3834 2710 συμπληρούμε-

2245 2743 2366 2790 νοςο
2393 2726 2577 2796 ὄγδοος
2602 2728 2659 2781 δὲ
2692 2731 2919 2795 ἐκεῖνος,
2952 2727 3029 2792 ὡς
3063 2729 3204 2799 μετὰ
3234 2729 3324 2782 τὸν
3360 2727 3589 2798 ἕϐδομον
3615 2729 3831 2784 τοῦτον.

2247 2819 2324 2874 Οὐ
2357 2819 2636 2890 προσώπῳ
2662 2819 2718 2872 δὲ
2749 2820 2910 2890 μόνον
2948 2819 3083 2889 ίδίῳ,
3123 2818 3260 2874 ἀλλὰ
3284 2819 3378 2873 καὶ
3417 2819 3637 2874 πάντων
3670 2821 3829 2891 ἡμῶν

2246 2914 2512 2984 προσάγει
2533 2911 2613 2982 τῷ
2654 2913 2839 2982 κρῖναι
2880 2910 3182 2982 τηνικαῦτα
3217 2912 3466 2983 μέλλοντι
3506 2914 3701 2986 Κυρίῳ
3734 2917 3832 2980 τλν

2245 3006 2454 3077 δέησιν.
2495 3004 2742 3068 Ἐξέθετο
2781 3003 2839 3057 δὲ
2870 3003 2965 3057 τὸν
3015 3004 3253 3075 ψαλμὸν,
3311 3008 3640 3077 πειρασμοῖς
3677 3023 3832 3076 περι-

2249 3098 2483 3170 σχεθεὶς,
2556 3097 2930 3168 ὲπενεχθεῖσιν
2994 3095 3146 3168 αὐτῷ
3199 3097 3292 3152 διὰ
3333 3114 3458 3152 τινα
3499 3099 3833 3171 πλημμελή-

2251 3208 2419 3262 ματα.

560 3280 747 3349 posuit
781 3279 973 3335 beatus
1001 3278 1167 3333 David
1193 3288 1486 3349 postquam
1515 3280 1569 3333 in
1603 3280 1896 3352 angustias
1927 3292 2094 3352 atque
2133 3282 2190 3338 in
2237 3283 2563 3338 alilictiones
2600 3282 2827 3350 decidit,
2870 3298 2994 3354 qua:
3027 3283 3080 3339 ei
3147 3285 3219 3338 ob
3255 3291 3479 3352 peccata
3555 3283 3681 3354 ejus
3731 3284 3832 3340 ob-

558 3377 848 3426 evenerant.

637 3462 798 3517 Vsns.
830 3464 885 3517 2.
918 3461 1163 3526 Domine,
1196 3480 1258 3515 ne
1290 3465 1342 3515 in
1368 3462 1549 3532 furore
1575 3473 1662 3516 tuo
1691 3478 1886 3533 arguas
1921 3480 2020 3529 me,
2050 3480 2138 3518 ne-

2316 3463 2515 3529 Κύριε,
2541 3460 2630 3530 μὴ
2660 3459 2738 3526 τῷ
2785 3459 2951 3530 θυμῷ
2980 3474 3100 3515 σου
3133 3459 3392 3530 ἐλέγξῃς
3415 3477 3512 3530 με,
3565 3462 3724 3530 μηδὲ
3758 3459 3829 3528 τῇ

561 3575 660 3624 qne
688 3560 742 3610 in
768 3559 850 3610 ira
885 3567 975 3610 tua
1009 3557 1274 3623 corripias
1309 3571 1407 3610 me.
1441 3556 1550 3611 Sed
1595 3557 1871 3626 quomodo
1911 3556 2140 3627 legimus

557 3652 704 3720 apud
753 3652 968 3703 beatum
992 3646 1096 3703 10b
1143 3666 1154 3702 :
1202 3648 1400 3702 Beatus
1455 3649 1611 3703 homo
1661 3665 1816 3719 quem
1869 3650 2139 3719 redarguit

570 3747 825 3799 Dominus
863 3747 916 3796 in
973 3752 1116 3796 terra
1144 3745 1188 3773 ⁶⁹
1218 3763 1232 3809 ;
1268 3753 1326 3798 et
1368 3744 1646 3812 quomodo
1679 3743 1801 3814 ipse
1838 3743 2004 3798 etiam
2034 3743 2140 3815 Da-

551 3841 649 3891 vid
683 3838 807 3889 alibi
846 3837 984 3888 dixit
1015 3853 1028 3887 :
1064 3835 1255 3888 Beatus
1294 3836 1447 3888 homo
1499 3851 1651 3904 quem
1701 3852 1757 3888 tu
1786 3836 2135 3903 corripueris,

553 3931 784 3983 Domine
811 3930 896 3981 "‘2
925 3928 1120 3981 Verum
1147 3929 1250 3980 hoc
1290 3930 1341 3980 in
1373 3929 1494 3981 loco
1521 3926 1786 3998 Pmpheta
1816 3943 1924 3981 non
1951 3942 2139 3997 repre-

565 4022 724 4076 hendi
753 4024 936 4075 renuit
970 4032 1062 4073 aut
1114 4020 1372 4089 castigari
1406 4034 1434 4072 a
1465 4018 1596 4084 Deo,
1632 4020 1725 4073 sed
1761 4021 1905 4089 quod
1961 4018 2138 4088 poscit

551 4117 614 4171 .id
649 4126 856 4170 tantum
892 4125 998 4180 εει,
1040 4130 1108 4169 ne
1172 4130 1294 4168 cum
1353 4113 1732 4185 indignatione
1768 4115 2134 4184 redarguatnr

559 4220 649 4264 aut
684 4224 808 4262 cum
835 4208 934 4262 ira.
967 4206 1102 4260 Nam
1132 4221 1255 4260 cum
1294 4205 1700 4260 intolerabilem
1735 4219 1864 4260 esse
1920 4206 2136 4262 noverit

561 4303 698 4354 iram
731 4300 846 4363 Dei,
893 4299 1049 4353 timet
1074 4313 1141 4351 ne
1170 4299 1238 4350 ab
1279 4311 1342 4353 ea
1375 4310 1607 4366 prorsus
1665 4299 1928 4367 perdatur
1961 4313 1976 4352 :
2019 4313 2136 4353 mo-

560 4392 687 4445 dice
735 4400 916 4444 tamen
950 4389 1154 4458 corripi
1205 4395 1379 4457 Optat,
1443 4398 1500 4440 ut
1557 4389 1838 4456 probatior
1881 4389 2133 4458 effectus,

556 4485 742 4537 .tntnri
772 4483 963 4550 indicii
992 4497 1182 4551 poenas
1215 4479 1412 4536 melius
1438 4478 1685 4550 effugiat.
1725 4480 2135 4550 Consequenter

558 4579 722 4629 etiam
765 4583 892 4645 post
926 4573 1399 4643 redargutionezn,
1429 4573 1847 4642 correptioncm
1900 4573 2133 4641 subjun-

563 4670 641 4722 xit
670 4686 683 4722 :
726 4676 778 4722 et
808 4682 1126 4737 quanquam
1156 4666 1300 4719 Deus
1327 4680 1356 4718 a
1394 4665 1579 4720 lurore
1601 4676 1654 4720 et
1677 4667 1756 4719 ira
1787 4675 1840 4720 et
1877 4668 1948 4720 ab
1978 4665 2131 4720 omni

544 4776 788 4830 prorsus
836 4760 1088 4830 passione
1127 4758 1263 4812 liber
1298 4758 1392 4822 sit,
1419 4759 1699 4828 propheta:
1737 4767 1916 4814 tamen
1963 4773 2132 4828 saepe-

2247 3553 2395 3623 ὀργῇ
2419 3568 2532 3608 σου
2555 3553 2888 3620 παιδεύσῃς
2917 3570 3014 3622 με.
3045 3554 3154 3606 Καὶ
3189 3552 3295 3624 μὴν
3333 3554 3389 3607 ἐν
3428 3556 3493 3625 τῇ
3523 3553 3691 3625 βίϐλῳ
3735 3557 3827 3610 τοῦ

2259 3643 2377 3696 Ἰὼϐ
2406 3645 2734 3714 γέγραπται·
2793 3643 3100 3712 Μακάριος
3130 3643 3442 3713 ἀνθρωπος
3492 3644 3565 3699 ὃν
3605 3646 3829 3717 ἤλεγξε

2247 3739 2461 3806 Κύριος
2489 3737 2588 3790 ἐπὶ
2619 3737 2731 3805 τῆς
2778 3737 2962 3805 ὀργῆς
2982 3755 2996 3768 ο
3037 3739 3132 3791 καὶ
3157 3739 3321 3802 αὐτὸς
3353 3738 3411 3790 δι
3438 3755 3604 3809 φησιν
3628 3743 3690 3795 ἐν
3737 3741 3827 3794 ἆλ-

2245 3829 2386 3893 λοι;’
2421 3829 2723 3898 Μακάριος
2775 3831 3089 3900 ἄνθρωπος
3117 3830 3190 3885 ὃν
3219 3831 3297 3885 ἂν
3326 3830 3684 3900 παιδεύσῃς,
3713 3834 3827 3888 Κύ-

2236 3938 2349 3990 ριε.
2392 3922 2467 3976 Οὐ
2506 3921 2698 3991 φεύγει
2731 3922 2861 3991 γοῦν
2886 3923 2976 3976 τὸν
3007 3923 3250 3994 ἔλεγχον,
3291 3924 3415 3977 οὐδὲ
3439 3922 3540 3996 τὴν
3577 3927 3826 3981 παιδείαν

2243 4014 2464 4076 ἁπλῶς·
2497 4015 2632 4068 ἀλλὰ
2666 4015 2754 4068 τὸν
2801 4016 2941 4085 μετὰ
2974 4016 3171 4087 θυμοῦ,
3202 4017 3296 4070 καὶ
3343 4016 3432 4070 τὸν
3467 4020 3585 4088 μετ’
3627 4019 3822 4089 ὀργῆς,

2244 4107 2331 4161 ίνα
2363 4107 2438 4178 μὴ
2473 4107 2550 4179 τῷ
2581 4107 2892 4179 ἀνυποίστῳ
2925 4109 3294 4180 διαφθαρείη⁸
3329 4109 3465 4164 ἀλλὰ
3497 4112 3575 4180 τῷ
3613 4116 3823 4184 μετρίῳ

2244 4196 2469 4270 βελτίων
2496 4199 2807 4270 γενόμενος,
2840 4199 3056 4272 ἐκφύγῃ
3085 4203 3186 4264 τὰς
3219 4202 3278 4254 ὲν
3299 4203 3365 4271 τῇ
3403 4200 3675 4275 μελλούσῃ
3709 4205 3825 4275 κρῐο

2242 4308 2326 4345 σει
2358 4292 2630 4354 κολάσεις.
2679 4293 3011 4356 Ἀκολούθως
3040 4295 3096 4346 δὲ
3129 4294 3207 4362 τῷ
3234 4295 3442 4366 ἐλέγχῳ
3463 4296 3562 4367 τὴν
3601 4299 3823 4351 παίδευ-

2241 4401 2326 4436 σιν
2369 4383 2444 4446 ὡ;
2474 4384 2749 4453 ἑπομένην
2795 4384 3046 4449 ἱπέταξε.
3077 4385 3149 4438 Τὸ
3182 4385 3337 4440 Θεῖον
3365 4387 3442 4449 δὲ,
3494 4389 3587 4442 καὶ
3617 4389 3819 4460 θυμοῦ,

2241 4471 2332 4524 καὶ
2363 4472 2561 4535 παντὸς
2619 4473 2826 4538 πάθους
2856 4473 3162 4544 ἐλεύθερον.
3215 4477 3278 4529 Ol
3317 4476 3599 4549 προφῆται
3631 4479 3688 4532 δὲ
3719 4482 3818 4544 τὰς

2238 4564 2490 4627 τοιαύτας
2523 4566 2701 4630 Οέσεις
2749 4568 3037 4639 προσῆψαν
3076 4569 3247 4639 αὐτῷ,
3286 4570 3602 4641 βουλόμενοι
3634 4575 3817 4625 πεῖσαι

2236 4659 2348 4719 τοῖς
2373 4657 2703 4727 ἀνθρώποις,
2737 4661 2821 4713 ὅτι
2875 4663 3188 4730 προνοεῖται
3221 4661 3315 4716 τοῦ
3349 4664 3553 4726 παντὸς
3599 4667 3626 4718 ὁ
3659 4663 3810 4728 Θεὸς.

2237 4752 2336 4804 καὶ
2353 4751 2475 4821 ὁρᾷ,
2506 4754 2599 4804 καὶ
2632 4752 2843 4819 ἀκούει,
2881 4755 2972 4807 καὶ
3021 4754 3229 4825 ἥδεται,
3285 4758 3380 4810 καὶ
3414 4742 3816 4826 λυπεῖταιηιαὶ

558 4868 790 4906 munero
841 4851 1159 4920 hujusmodi
1193 4848 1533 4903 affectionem
1576 4850 1624 4903 ei
1657 4847 1989 4915 tribuerunt,
2021 4866 2138 4918 per—

2247 4842 2441 4912 κρίνει,
2477 4844 2572 4896 καὶ
2603 4841 2889 4913 θυμοῦται,
2923 4847 3016 4899 καὶ
3052 4847 3358 4918 ὀργίζεται,
3385 4850 3479 4903 καὶ
3501 4850 3602 4904 ὅσα
3637 4847 3815 4903 τοιαῦο

543 4943 786 4997 suadere
818 4942 1102 4998 studentes
1151 4941 1454 4995 lectoribus
1497 4954 1512 4993 :
1545 4939 1689 5008 quod
1724 4940 1973 4993 omnium
2029 4941 2131 4994 ho-

559 5037 766 5089 minum
803 5035 945 5089 Deus
976 5047 1164 5087 curam
1201 5032 1400 5100 habet;
1453 5031 1603 5101 quod
1653 5031 1838 5086 omnia
1881 5031 2026 5086 videt
2072 5043 2128 5088 et

553 5129 742 5195 endit;
776 5127 922 5197 quod
950 5127 1189 5191 laetatur,
1241 5135 1294 5181 et
1323 5127 1600 5192 tristatur,
1627 5133 1682 5179 et
1707 5124 1940 5194 judicat,
1973 5124 2129 5192 furit,

2231 4949 2322 4999 τα,
2355 4933 2421 4986 ἵν’
2456 4934 2600 4987 οὓτω
2657 4935 3005 5007 φοϐηθέντες,
3039 4943 3138 5009 τῆς
3183 4942 3383 5006 κακίας
3441 4944 3808 5014 ἀπόσχωνται.

2232 5023 2442 5090 uno;
2469 5043 2526 5078 τε
2552 5026 2611 5080 δὲ
2643 5026 2752 5082 ἀπὸ
2781 5026 2889 5081 τῶν
2917 5029 3275 5102 ἀνθρωπίνων
3299 5034 3591 5104 ἐνεργειῶν
3615 5036 3811 5107 ὲμφαξο

2231 5135 2381 5173 νουσι
2411 5119 2510 5184 τὰς
2539 5121 2712 5187 θείας,
2752 5123 2837 5176 ὅτι
2865 5125 2957 5176 καὶ
2997 5126 3046 5178 οί
3067 5123 3318 5193 λέγοντες
3357 5129 3453 5181 καὶ
3490 5126 3543 5180 οἱ
3584 5126 3808 5180 ἀκούον-

553 5222 938 5285 ctirascitur;
983 5231 1036 5272 et
1077 5232 1422 5286 quaecunque
1469 5215 1572 5270 alia
1627 5216 1946 5283 hujusmodi
2001 5233 2127 5272 eum

2243 5227 2340 5274 ιες,
2373 5211 2652 5281 ἂνθρωποι
2675 5229 2689 5244 ’
2734 5217 2830 5267 καὶ
2867 5215 2901 5284 ἡ
2931 5215 3250 5286 ἀπόκρισις,
3302 5217 3646 5290 ἀνθρωπίνη.
3703 5221 3808 5272 Καὶ

552 5311 736 5364 facere
761 5310 972 5373 dicunt,
1009 5318 1068 5363 ut
1098 5311 1296 5363 saltem
1331 5307 1434 5360 hoc
1463 5313 1624 5375 pacto
1656 5305 1858 5360 timore
1887 5308 2125 5376 correpti

553 5404 807 5455 homines
844 5401 1230 5456 desisterenta
1271 5397 1442 5452 vitiis.
1478 5395 1543 5450 Et
1578 5398 1739 5452 aliter
1769 5414 1781 5451 :
1810 5397 1892 5452 Ab
1927 5397 2126 5452 huma-

556 5493 644 5545 nis
681 5491 1103 5559 Operationibus
1135 5490 1418 5561 propheta:
1470 5489 1658 5544 divina
1710 5488 1995 5544 declarant
2028 5507 2043 5544 :
2073 5498 2127 5545 et

557 5585 683 5652 quia
715 5585 807 5637 aui
834 5586 1131 5654 loquuntur
1160 5590 1214 5636 et
1247 5582 1338 5653 qui
1393 5581 1626 5634 audiunt
1674 5581 1924 5640 homines
1969 5593 2121 5650 sunt,

623 5763 668 5796 εν
695 5759 813 5814 Job
851 5776 899 5825 ν,
947 5758 1032 5812 l7.
1069 5759 1113 5790 το
1147 5756 1292 5813 Psal.
1329 5770 1478 5826 wn.
1518 5754 1604 5810 12.

2234 5303 2404 5368 ἄλλως
2441 5306 2541 5358 οὐκ
2569 5308 2813 5376 ἐγχειρεῖ
2841 5307 3186 5376 διαλέγεσθαι
3239 5310 3366 5373 τοὺς
3403 5311 3463 5365 ἑν
3496 5309 3727 5382 σώματι,
3759 5312 3806 5362 εξ

2237 5397 2313 5469 μὴ
2366 5400 2694 5467 σωματικῶς
2715 5416 2728 5429 °
2761 5403 2854 5454 καὶ
2883 5402 2992 5472 γὰρ
3024 5404 3117 5455 καὶ
3152 5403 3464 5473 Βαρδάροις
3492 5403 3805 5473 διαλεγόμε-

2235 5508 2336 5552 νοι.
2367 5492 2434 5561 τῇ
2465 5491 2667 5544 τούτων
2689 5492 2951 5564 χρώμεθα
2979 5494 3276 5567 διαλέκτῳ·
3308 5497 3400 5549 καὶ
3420 5495 3617 5567 παιδίῳ
3644 5511 3805 5566 προσ-

2233 5583 2538 5649 λαλοῦντες,
2587 5585 3058 5658 ὑπςψελλλζομενο
3109 5588 3204 5642 καὶ
3259 5590 3306 5642 εί
3366 5589 3623 5660 μυριάκις
3655 5581 3803 5658 ὦμεν
