4130 6304
294 330 398 393 109

1452 335 1848 399 COMMENT.
1896 334 1975 396 IN
2020 334 2397 396 PSALMOS.

3461 330 3563 402 ill)

288 448 467 517 σοφοὶ,
497 448 631 518 πρὸς
662 455 759 520 τὴν
790 450 1012 504 ἐκείνων
1041 452 1444 522 καταϐαίνομεν
1468 456 1860 526 ταπεινότητα.

1972 452 2221 506 humana
2254 451 2439 523 lingua
2475 451 2792 521 exprimunt
2832 451 2977 519 qvod
3008 438 3329 519 lopnintur.
3368 448 3556 519 Neque

291 541 402 592 Καὶ
439 540 615 594 ταῦτά
663 559 743 595 σοι
774 542 1036 615 χαθολική
1062 560 1144 604 τις
1177 545 1317 599 ἔστω
1348 546 1485 617 πρὸς
1514 545 1687 601 ταῦτα
1721 546 1869 599 διδα-

289 631 508 683 σκαλία.
540 632 612 684 Τὸ
635 632 784 701 γοῦν,
808 633 903 701 Μὴ
928 633 1007 699 τῷ
1038 634 1202 703 θυμῷ
1250 653 1367 691 σου
1406 638 1745 706 παιδεύσῃς
1771 655 1867 708 με,

286 720 439 789 μηδὲ
468 720 543 791 τῇ
565 723 712 792 όρτ]
741 739 879 789 σευ,
904 726 1023 778 ἀντὶ
1048 725 1165 787 τοῦ,
1188 727 1278 797 Μὴ
1298 726 1463 792 ἀξίως
1498 728 1870 798 καταδικὰσῃς

292 829 384 881 με,
424 814 499 884 μὴ
531 815 687 880 ἀξίαν
710 817 1022 888 ἀπαιτήσῃς
1058 835 1125 889 με
1154 817 1330 889 δίκην.

288 904 665 975 balhutimus;
696 922 748 964 et
779 926 1094 979 quanquam
1140 911 1299 967 valde
1364 915 1642 984 sapientes
1701 912 1896 977 simus,

1975 543 2131 598 enim,
2148 543 2417 613 possibile
2442 552 2526 597 est
2560 552 2619 596 ut
2648 542 2757 596 alio
2786 543 2948 596 modo
2996 542 3316 610 loquantur,
3367 542 3459 610 qui
3505 543 3559 595 in

1979 648 2208 703 corpore
2239 642 2367 689 sunt
2419 649 2582 703 quam
2629 634 3017 703 corporaliter.
3045 632 3180 687 Nam
3231 644 3286 688 et
3348 634 3563 703 quoties

1978 728 2257 781 Barbaros
2310 727 2666 795 alloquimur,
2701 725 2920 781 illorum
2985 726 3165 795 lingua
3215 724 3462 782 utimur:
3499 732 3555 779 et

1980 833 2101 872 cum
2135 818 2322 887 pueris
2368 817 2577 887 aliquid
2611 817 2795 872 dicere
2826 816 3099 879 volumus,
3159 832 3347 872 eorum
3402 834 3556 879 more

1984 912 2050 965 ad
2111 912 2336 967 illorum
2382 918 2564 966 tamen
2622 911 2988 965 humilitatem
3045 909 3554 966 condescendimus.

287 998 417 1054 Haec
475 1002 639 1074 igitur
685 1003 782 1058 tibi
830 1007 898 1060 sit
956 1021 1145 1062 norma
1203 1008 1449 1079 quaedam
1485 1008 1840 1064 universalis.
1883 1006 2040 1073 Quod
2074 1009 2241 1078 igitur
2269 1008 2346 1061 ait
2377 1024 2389 1060 :
2419 1004 2502 1061 Ne
2523 1008 2577 1061 in
2618 1007 2802 1075 furore
2838 1015 2928 1059 tuo
2987 1021 3184 1076 arguas
3248 1022 3350 1071 me,
3415 1006 3555 1061 idem

285 1090 393 1145 sibi
432 1092 565 1159 vult,
600 1092 744 1163 quod
781 1093 934 1152 Nolis
970 1106 1057 1153 me
1101 1096 1257 1169 juxta
1308 1111 1455 1152 mea-
1479 1096 1673 1154 merita
1725 1094 2119 1160 condemnare,
2152 1111 2328 1165 neque.
2350 1095 2563 1151 debitas
2597 1109 2627 1148 a
2660 1109 2744 1149 me
2779 1108 2969 1164 poenas
3002 1094 3244 1165 exigere.

359 1206 657 1273 Ἐλέησόν
691 1226 782 1275 με,
808 1211 1003 1280 Κύριε,
1031 1213 1121 1267 ὅτι
1167 1213 1439 1281 ἀσθενὴς
1474 1214 1613 1283 ειμι.
1667 1212 1730 1266 El
1791 1212 1868 1282 μὴ

290 1296 405 1370 γὰρ
432 1301 777 1371 ὴσϐἐνησενὸ
804 1304 952 1368 νοῦς,
996 1306 1096 1359 οὐκ
1116 1307 1185 1360 ἂν
1216 1307 1283 1360 τὰ
1309 1306 1456 1376 πάθη
1483 1305 1675 1359 τούτου
1712 1322 1869 1375 περι-

282 1390 558 1458 εγένοντο.
603 1392 675 1447 Ἦ
703 1397 800 1449 καὶ
823 1397 907 1449 ὃτι
930 1398 1165 1471 ἀσθενής
1194 1401 1337 1471 εἰμι,
1370 1401 1507 1469 πρὸς
1528 1400 1620 1452 τὸν
1638 1397 1868 1467 ἀόρατον

283 1480 504 1552 ἐχθρὸν,
544 1484 637 1539 τὸν
682 1489 934 1558 φανερῶς
976 1492 1071 1543 καὶ
1114 1491 1358 1561 κρύϐδην
1421 1489 1862 1545 ἐπιϐουλεύοντα.

289 1575 363 1626 ἰι
405 1578 500 1628 καὶ
532 1576 616 1630 ὅτι
668 1579 1004 1651 συντριϐεὶς,
1054 1577 1414 1653 ὲξησθὲνησα.
1511 1580 1866 1648 ’Υπολόγισαι

283 1664 384 1719 οὖν
409 1666 507 1736 τὴν
554 1667 693 1740 ἐμὴν
726 1670 1038 1735 ἀσθένειαν,
1096 1674 1189 1727 καὶ
1233 1673 1308 1744 μὴ
1365 1672 1738 1741 καταδικάτῃς
1797 1687 1865 1741 με

282 1758 491 1822 τέλεον,
527 1760 601 1823 ὡς
625 1761 891 1826 ἑκουσίως
924 1765 1283 1835 νενικημένον
1313 1781 1325 1795 °
1352 1769 1447 1834 τῆς
1477 1764 1534 1816 δὲ
1570 1762 1663 1817 τοῦ
1706 1761 1867 1817 Ἑλέ-

278 1852 448 1916 nardi-
468 1869 544 1919 με
569 1854 775 1926 φωνῆς,
812 1858 1011 1917 πάντες
1052 1856 1285 1911 πάντοτε
1324 1855 1557 1927 δεόμεθα
1596 1872 1608 1884 ·
1655 1853 1866 1926 προῖὼν

2054 1210 2219 1267 Vsus.
2257 1212 2310 1267 ὅ.
2350 1208 2603 1265 Miserere
2657 1209 2780 1274 mei,
2842 1208 3084 1269 Domine.
3114 1211 3365 1277 quoniam
3407 1210 3561 1280 inﬁr-

1974 1322 2089 1358 mus
2115 1320 2254 1359 sunt.
2288 1301 2345 1357 Si
2372 1303 2715 1369 intellectus,
2776 1302 2977 1371 inquit,
3038 1317 3191 1357 meus
3223 1302 3417 1357 debilis
3450 1318 3557 1356 non

1980 1396 2201 1461 luisset,
2250 1396 2538 1465 passiones
2605 1403 2756 1451 certe
2818 1394 2971 1448 illum
3032 1411 3137 1448 non
3174 1406 3551 1463 superassent.

1983 1488 2065 1542 vel
2093 1487 2227 1557 quia
2258 1487 2512 1543 iulirmus
2539 1502 2663 1543 sunt
2691 1486 2957 1540 adversas
3000 1486 3335 1540 invisibilem
3373 1488 3559 1542 inimi-

1972 1595 2123 1643 cum,
2149 1578 2245 1649 qui
2277 1586 2332 1634 et
2367 1579 2545 1645 palam
2598 1586 2653 1632 et
2712 1578 2850 1631 clam
2887 1578 3123 1633 insidias
3150 1579 3391 1648 disponit
3420 1599 3433 1634 :
3470 1581 3557 1635 vel

1974 1672 2103 1741 quia
2142 1670 2380 1727 assiduis
2433 1670 2825 1726 afflictionibus
2871 1669 3192 1727 debilitatus
3229 1688 3377 1728 sum.
3413 1673 3557 1728 Con-

1974 1764 2155 1819 sidera
2186 1763 2351 1832 igitur
2372 1771 2427 1819 et
2461 1771 2540 1829 tu,
2572 1760 2737 1826 Deus,
2771 1761 3113 1817 debilitatem
3145 1777 3343 1826 meam,
3371 1770 3426 1818 et
3446 1764 3561 1819 noli

1974 1873 2062 1912 tne
2099 1857 2319 1926 penitus
2367 1855 2780 1910 condemnare:
2818 1853 2975 1923 quasi
3046 1863 3242 1921 sponte
3311 1868 3428 1908 mea
3462 1870 3559 1910 su-

281 1943 394 2014 γάρ
424 1959 621 2015 φησιν·
662 1946 799 2000 Ἐὰν
845 1947 1101 2017 ἀνομίας
1142 1950 1598 2018 παρατηρήσῃς,
1662 1948 1864 2017 Κύριε,

1975 1956 2197 2016 pet-atus
2259 1948 2384 2002 sim.
2449 1946 2561 2001 Hac
2628 1956 2809 2000 autem
2874 1959 3045 2009 voce,
3103 1944 3357 2001 Miserere
3435 1948 3556 2009 mei,

278 2032 367 2097 τίς
422 2032 871 2101 ὺποστήσεταις
920 2036 1058 2105 καὶ,
1119 2036 1251 2090 Ὀτι
1294 2038 1370 2090 οὐ
1415 2034 1864 2097 δικαιωθήσεται

1972 2054 2165 2093 omnes
2197 2052 2299 2092 nos
2333 2047 2597 2106 perpetuo
2627 2036 2955 2105 indigemus.
2989 2034 3124 2091 Nam
3155 2044 3212 2093 et
3259 2038 3390 2093 alibi
3423 2038 3501 2093 ait
3539 2055 3554 2092 :

278 2121 543 2177 ἐνώπιόν
564 2142 681 2179 σου
721 2123 842 2191 πᾶς
878 2123 1012 2187 ζῶν.
1057 2127 1165 2182 Καὶ
1196 2126 1358 2181 πάλιν
1392 2125 1583 2195 ἕτερος
1636 2124 1828 2195 εἴρηκε
1856 2141 1868 2154 ·

285 2214 381 2280 Τίς
412 2213 784 2283 καυχήσεται
810 2218 1008 2287 ἁγνὴν
1038 2217 1204 2287 ἔχειν
1229 2216 1342 2284 τὴν
1370 2214 1657 2283 καρδιάνὶ
1711 2212 1750 2280 ἢ
1784 2214 1864 2279 τίς

1970 2221 2292 2274 stinebit"?
2330 2220 2460 2273 Item
2492 2220 2619 2273 alibi
2661 2238 2673 2273 :

281 2306 769 2375 παρῤησιάσεται
798 2307 1058 2379 καθαρὸς
1096 2305 1251 2363 εἶναι
1290 2307 1409 2363 ἀπὸ
1442 2308 1684 2375 ῥύπους
1730 2304 1872 2357 [lav-

277 2413 375 2460 τες
398 2393 607 2467 μὲνοῦν
642 2399 828 2461 ἐλέους
877 2398 1118 2470 δεόμεθα
1150 2416 1163 2431 ο
1186 2398 1247 2452 οὐ
1280 2397 1485 2459 πάντες
1514 2397 1573 2450 δὲ
1616 2395 1872 2465 ἐλεούμε-

278 2488 351 2541 θα
374 2506 387 2519 ·
416 2489 445 2542 ὁ
475 2489 584 2562 γὰρ
610 2490 753 2555 θεῖος
779 2492 927 2555 ἔλεος
950 2493 1041 2547 τὸν
1068 2490 1219 2558 ἄξιον
1248 2488 1518 2559 ἐπιζητεῖ.
1559 2490 1672 2543 Καὶ
1704 2486 1866 2541 ἀσθεο

278 2584 394 2643 vel;
425 2581 481 2635 δὲ
511 2584 713 2647 πάντες
750 2583 873 2636 καθ’
897 2584 1127 2649 ἑαυτοὺς
1182 2583 1371 2655 ἐσμέν.
1437 2584 1583 2637 Ἐὰν
1626 2579 1736 2651 γὰρ
1777 2578 1865 2648 μὴ

276 2674 499 2739 Κύριος
520 2671 893 2743 οἰκοδομήσῃ
916 2669 1108 2741 οἷκον,
1140 2678 1228 2741 εις
1272 2672 1473 2743 μάτην
1528 2672 1869 2726 ἐκοπίασαν

274 2767 334 2817 οἱ
358 2765 835 2835 οἰκοδομοῦντες.
884 2768 1021 2819 Ἐὰν
1042 2766 1128 2837 μὴ
1153 2768 1369 2835 Κύριος
1400 2762 1646 2836 φυλάξῃ
1668 2763 1871 2824 πόλιν,

276 2856 369 2921 εις
395 2856 596 2925 μάτην
635 2857 1036 2927 ἠγρύπνησεν
1076 2862 1109 2914 ό
1133 2856 1495 2928 φυλάσσων.

1972 2128 2033 2184 Si
2062 2130 2367 2199 iniquitates
2389 2128 2763 2188 observaveris.
2788 2126 3029 2196 Domine,
3052 2127 3293 2196 Domine,
3325 2131 3441 2201 quis
3466 2148 3560 2186 su-

2725 2217 2849 2273 Non
2906 2219 3309 2290 justi/imbitur
3345 2222 3399 2275 in
3436 2240 3563 2278 con-

1969 2322 2150 2379 spectu
2208 2322 2297 2365 tuo
2350 2314 2520 2366 omnis
2576 2314 2745 2365 vivens
2770 2313 2863 2367 7".
2920 2312 2986 2367 Et
3050 2327 3248 2369 rursus
3294 2314 3559 2384 propheta

1969 2404 2113 2459 alius
2142 2421 2155 2457 :
2187 2403 2317 2470 Quis
2341 2403 2685 2473 gloriabitur,
2712 2402 2913 2472 inquit,
2949 2403 3203 2456 mundum
3229 2416 3318 2458 cor
3347 2404 3558 2470 habere,

1974 2507 2067 2550 aut
2100 2496 2217 2566 quis
2246 2494 2473 2564 conﬁdet
2499 2495 2725 2548 mundus
2756 2509 2870 2548 esse
2900 2512 2933 2547 α
2968 2494 3215 2549 sordibus
3237 2496 3282 2526 "
3307 2495 3331 2549 Ἰ
3360 2493 3563 2551 Omnes

1973 2588 2160 2657 itaque
2218 2587 2527 2657 indigemus
2587 2584 2774 2639 divina
2840 2587 3282 2642 misericordia:
3339 2590 3560 2645 tametsi

1974 2691 2084 2732 non
2117 2690 2309 2731 omnes
2336 2674 2480 2729 illam
2508 2690 2921 2745 consequamur
2947 2718 2962 2741 ,
3004 2691 3131 2733 cum
3164 2678 3305 2735 Deus
3334 2689 3552 2750 quaerat

1976 2774 2190 2822 tantum
2220 2767 2413 2839 dignos
2469 2783 2549 2823 se.
2615 2765 2822 2823 Omnes
2882 2769 3050 2824 etiam
3086 2786 3190 2828 nos
3223 2771 3426 2827 inﬁrmi
3461 2787 3561 2829 su-

1981 2873 2102 2913 mus
2137 2878 2151 2914 :
2183 2860 2313 2930 quia
2350 2856 2473 2913 Nisi
2521 2859 2782 2915 Dominus
2839 2860 3183 2930 wdiﬁcaverit
3232 2862 3468 2930 domum,
3503 2865 3560 2917 in

277 2962 473 3001 vanum
507 2950 755 3005 laborant
780 2952 871 3021 qui
894 2950 1164 3021 wdiﬁcant
1187 2966 1305 3006 eam
1330 2951 1397 3003 ⁷³.
1446 2945 1513 3002 Et
1550 2962 1564 3001 :
1600 2946 1723 3002 Nisi
1754 2947 2013 3004 Dominus
2071 2951 2383 3006 custodierit
2449 2953 2736 3009 civitatem.
2808 2952 3016 3021 frustra
3075 2954 3260 3023 vigilat
3307 2958 3399 3027 qui
3462 2975 3559 3014 ευ·

275 3040 446 3100 stodit
486 3058 607 3097 eam
622 3042 686 3097 ".

352 3134 546 3189 Ἵασαι
567 3152 665 3204 με,
709 3135 904 3206 Κύριε,
937 3135 1026 3190 ὅτι
1062 3136 1361 3205 ἐταράχθη
1411 3136 1482 3189 τὰ
1518 3134 1673 3193 ὀστᾶ
1713 3153 1854 3204 μου.

279 3225 358 3279 Τὸ
395 3225 504 3279 ἀπὸ
535 3225 645 3279 τῶν
672 3225 997 3297 πειρασμῶν
1034 3224 1221 3295 ἄλγος,
1249 3228 1344 3280 καὶ
1366 3225 1549 3279 αὐτῶν
1581 3225 1855 3295 καθήκετο

2036 3129 2183 3183 Sana
2219 3145 2317 3195 me,
2383 3145 2604 3193 .omme,
2642 3146 2893 3198 quamam
2929 3132 3247 3187 conturbata
3281 3144 3403 3189 sunt
3428 3150 3555 3190 ossa

1964 3240 2102 3278 mea.
2168 3221 2333 3277 Dolor
2393 3221 2489 3293 qui
2548 3237 2801 3278 summus
2854 3222 2989 3277 mihi
3033 3222 3175 3280 inest
3217 3225 3289 3280 ab
3316 3228 3554 3285 assiduis
3648 3256 3653 3259 -

284 3318 390 3371 ’ὦν
424 3316 770 3388 ἀναισθήτων
795 3317 1001 3372 ὀστέων
1029 3336 1154 3389 μου,
1197 3320 1292 3373 καὶ
1351 3316 1646 3388 ὲκλόνησεν
1693 3315 1855 3371 αὑτά.

1970 3313 2382 3377 amictionibus,
2443 3312 2512 3367 ad
2568 3327 2743 3383 usque
2793 3329 2921 3370 ossa
2964 3314 3078 3384 ipsa
3105 3331 3272 3371 sensu
3304 3321 3554 3375 carentia

281 3406 382 3461 Διὰ
410 3410 572 3469 τοῦτο
605 3408 661 3461 δὲ
690 3409 1037 3479 παρέστησεν
1087 3410 1189 3480 τὴν
1240 3409 1549 3481 ὑπερϐολὴν
1604 3409 1696 3462 τοῦ
1760 3410 1866 3463 τιά-

280 3500 431 3563 θους.
467 3501 538 3553 Ἢ
578 3501 673 3555 καὶ⁵
698 3501 836 3557 ὀστᾶ
866 3501 1107 3572 νοητέον,
1150 3503 1250 3566 τὰς
1306 3502 1402 3557 τοῦ
1442 3502 1534 3557 νοῦ
1584 3502 1863 3573 δυνάμεις,

280 3588 371 3659 αἷς
398 3588 556 3659 οὗτος
589 3596 955 3667 ἐπερείδεται.

350 3777 462 3831 Καὶ
485 3776 525 3844 ἠ
554 3776 725 3847 ψυχή
747 3796 868 3847 μου
900 3778 1201 3849 ἐταράχθη
1229 3777 1489 3849 σφόδρα.
1541 3774 1633 3849 Μὴ
1664 3778 1862 3848 φέρου-

279 3888 351 3924 σα
373 3870 473 3940 τὴν
503 3870 626 3941 βίαν
656 3870 945 3939 ἀλγεινῶν.
980 3872 1299 3944 Προσφορον
1320 3870 1378 3925 δὲ
1412 3869 1472 3923 τὸ
1525 3870 1707 3942 ῥητὸν,
1760 3870 1864 3923 καὶ

274 3963 407 4015 ὅταν
428 3962 513 4025 τὶς
538 3963 802 4034 οἱστρηθῇ
837 3962 975 4032 πρὸς
999 3962 1173 4033 θυμὸν
1211 3962 1431 4031 ἄλογον,
1463 3963 1496 4034 ἢ
1525 3962 1661 4032 πρὸς
1728 3964 1855 4015 ἑπι-

278 4052 487 4122 θυμίαν
512 4053 766 4124 αἰσχράν.
805 4053 941 4106 Τότε
974 4053 1083 4125 γὰρ
1114 4053 1353 4117 πνεύσας
1382 4053 1553 4117 πολὺς
1600 4054 1627 4105 ὁ
1674 4051 1859 4106 διάϐο-

276 4145 392 4209 λος,
429 4146 663 4216 ἐτάραξε
683 4145 779 4199 καὶ
807 4146 869 4199 τὸ
894 4146 1075 4216 σῶμα,
1116 4148 1210 4199 καὶ
1252 4146 1353 4217 τὴν
1382 4145 1582 4215 ψυχὴν,
1640 4144 1713 4207 ὡς
1737 4144 1862 4199 ἄνευ

277 4256 383 4307 μος
442 4237 744 4303 θαλάσσας,
778 4236 1035 4307 ἐμπεσών
1058 4253 1071 4267 ⁶
1108 4238 1384 4292 κυκῶνται
1412 4238 1521 4310 γὰρ
1544 4238 1733 4307 ἄμφω,
1767 4237 1860 4289 καί

276 4329 665 4399 κυμαίνονται,
695 4329 790 4385 καὶ
814 4328 877 4382 οὐ
917 4328 1250 4398 φυλάττουσι
1278 4330 1380 4400 τὴν
1410 4328 1621 4382 ὲαυτῶν
1678 4326 1854 4391 τάξιν,

272 4420 372 4473 καὶ
422 4422 775 4476 κατάστασιν.

349 4600 457 4655 Kal
485 4600 590 4664 σὺ,
609 4600 804 4666 Κύριε,
830 4598 942 4663 ἕως
970 4600 1137 4653 πότε.
1160 4596 1467 4659 Τοῦτο,οὐκ
1498 4596 1858 4664 ἐγκαλοῦντός

1969 3403 2238 3473 pervenit,
2304 3412 2467 3472 atque
2516 3417 2581 3457 ea
2648 3404 2953 3459 concussit.
3014 3404 3109 3463 llis
3137 3414 3320 3462 autem
3365 3410 3551 3469 verbis

1967 3496 2240 3567 passionis
2272 3510 2387 3551 sua:
2415 3495 2812 3551 vehementiam
2855 3498 3276 3554 demonstravit.
3328 3498 3426 3557 Vel
3452 3517 3551 3573 per

1965 3602 2091 3643 ossa
2126 3586 2434 3659 intelligere
2462 3602 2759 3658 possumus
2791 3589 2933 3644 vires
2973 3603 3037 3644 ac
3075 3592 3374 3660 potentias,
3431 3596 3546 3664 qui.

1965 3679 2070 3734 bus
2102 3694 2258 3734 tuens
2291 3679 2409 3750 ipsa
2445 3678 2768 3734 sustinetur.

2039 3768 2206 3823 Vsus.
2243 3769 2295 3823 4.
2338 3768 2402 3823 Et
2461 3770 2643 3824 anima
2679 3787 2793 3825 mea
2842 3771 3061 3826 turbata
3092 3781 3173 3827 est
3228 3774 3402 3830 valde.
3431 3774 3547 3832 Non

1965 3865 2244 3921 sustinens
2318 3864 2530 3919 scilicet
2594 3865 2846 3919 dolorum
2904 3867 3034 3921 vim.
3089 3867 3551 3925 Commodissime

1964 3962 2145 4008 autem
2198 3952 2402 4007 dicitur
2458 3952 2547 4007 hic
2627 3955 2962 4021 versiculus,
3020 3956 3237 4025 quoties
3293 3958 3420 4027 quis
3480 3961 3547 4014 ad

1966 4049 2102 4101 iram
2131 4048 2372 4117 aliquam
2433 4047 2899 4114 irrationabilctu,
2954 4058 3052 4104 aut
3107 4064 3306 4120 pravas
3334 4066 3547 4107 concu-

1964 4140 2263 4211 pisceutias
2321 4138 2486 4193 fuerit
2533 4139 2871 4195 stimulatus.
2908 4137 3068 4195 Tunc
3099 4142 3246 4196 enim
3279 4143 3547 4199 diabolus

1964 4234 2253 4289 immodice
2300 4232 2517 4302 spirans
2563 4232 2802 4287 animam
2831 4233 2970 4289 solet
3003 4241 3056 4288 ct
3095 4249 3297 4305 corpus
3324 4244 3544 4305 pertur-

1964 4323 2113 4389 bare,
2142 4339 2247 4379 non
2283 4336 2447 4379 secus
2480 4336 2546 4378 ac
2571 4322 2786 4377 validus
2815 4334 3013 4379 ventus
3044 4324 3098 4377 in
3129 4339 3278 4379 mare
3301 4324 3542 4382 irruens.
3612 4320 3616 4323 ’

1962 4414 2264 4471 Miscentur
2292 4416 2440 4472 enim
2476 4432 2583 4471 una
2618 4415 2781 4470 ambo
2809 4425 2973 4485 atque
2997 4425 3254 4479 aestuant,
3283 4430 3383 4470 nec
3416 4431 3544 4485 pro~

1963 4510 2144 4578 prium
2169 4508 2403 4577 aliquem
2445 4508 2649 4572 locum,
2677 4514 2771 4560 aut
2801 4507 3051 4562 ordinem
3084 4516 3328 4562 servant.

2037 4596 2100 4650 Et
2128 4607 2205 4661 tu,
2249 4596 2490 4664 Domine,
2521 4614 2810 4668 usquequo.
2850 4597 3022 4652 Verba
3065 4596 3181 4653 haec
3218 4613 3335 4653 non
3376 4614 3544 4654 accu-

271 4693 446 4757 ιστιν,
501 4691 618 4744 ἀλλ’
674 4690 887 4753 ὀδύναις
950 4689 1430 4760 κατατεινομένου.
1484 4690 1690 4759 Μακρά
1739 4707 1851 4759 μοι,

1970 4691 2138 4741 ςειηιίε
2190 4697 2347 4751 sunt,
2381 4688 2477 4743 sed
2529 4687 2771 4743 hominis
2803 4688 2856 4741 in
2910 4686 3193 4743 doloribus
3230 4688 3541 4744 constituti.

275 4785 438 4855 φησι,
471 4783 749 4855 γέγονενή
784 4782 894 4837 ἀπὸ
946 4781 1042 4836 σοῦ
1075 4784 1403 4853 παρόρασις.
1438 4780 1614 4843 οὕτως
1653 4780 1851 4852 ἔχοντι.

272 4876 403 4937 Tot;
438 4874 539 4945 μιν
561 4872 657 4928 οὖν
689 4872 1108 4944 πειραζομένοις
1146 4870 1209 4938 ἐξ
1233 4873 1529 4944 ἁμαρτίας,
1558 4872 1659 4927 οὐκ
1693 4874 1856 4937 ebibe

269 4969 563 5037 intxoupsl'
595 4968 717 5021 κατ’
739 4966 1075 5037 οἰκονομίαν.
1108 4961 1303 5036 Καιρῷ
1330 4964 1460 5036 γὰρ,
1490 4964 1644 5035 φησὶ,
1669 4964 1858 5029 δεκτῷ

268 5058 603 5125 ἐπήκουσά
630 5072 748 5114 σου
769 5075 783 5090 ο
812 5059 926 5123 τοῖς
952 5057 1010 5111 δὲ
1047 5058 1108 5125 ἐξ
1145 5058 1411 5129 sumpsisti;
1463 5056 1558 5109 τοῦ
1595 5056 1855 5126 πονηροῦ,

268 5149 370 5204 καὶ
396 5150 543 5219 μάλα
568 5165 585 5181 ⁸
620 5151 744 5205 Ἔτι
773 5151 904 5220 γὰρ,
941 5150 1101 5221 φησὶ,
1131 5148 1477 5213 λαλοῦντός
1526 5164 1668 5211 σου,
1704 5146 1819 5215 ἐρῶ
1841 5163 1855 5178 ·

276 5242 436 5298 Ἰδοὺ
458 5240 713 5313 πάρειμι.
1078 5236 1086 5241 ’

358 5505 783 5575 ἘπΙστρεψ-ον,
836 5507 1045 5576 Κύριε,
1078 5505 1267 5576 ῥῦσαι
1315 5504 1430 5573 τὴν
1461 5503 1673 5574 ψυχήν
1704 5522 1845 5575 μου.

346 5752 390 5784 ἰ
430 5749 572 5804 l'sal.
634 5764 820 5817 suis,
865 5749 921 5805 5.
993 5747 1074 5784 τί*
1123 5747 1268 5804 Psal.
1345 5746 1595 5812 chn,2.
1660 5748 1705 5780 "
1746 5745 1881 5803 Ibid.

1968 4780 2091 4845 Diu,
2150 4781 2352 4850 inquit,
2384 4795 2414 4834 a
2443 4790 2495 4834 te
2519 4795 2620 4849 ego
2666 4780 2947 4849 neglectus
2998 4795 3145 4842 srnu,
3198 4796 3320 4835 cum
3358 4788 3540 4837 tamen

1964 4871 2168 4926 auxilio
2193 4880 2288 4926 tuo
2322 4872 2642 4943 indigerent.
2684 4870 2829 4925 Deus
2854 4870 3002 4926 enim
3055 4872 3122 4926 iis
3181 4871 3272 4942 qui
3313 4881 3540 4943 propter

1967 4964 2182 5034 propria
2222 4972 2440 5033 peccata
2495 4962 2828 5020 tentationcs
2881 4964 3183 5029 sustinent,
3238 4979 3347 5018 non
3399 4965 3543 5019 solet

1965 5056 2148 5110 statim
2180 5056 2433 5109 auxiliari
2480 5074 2493 5110 :
2539 5065 2703 5128 atque
2732 5055 2836 5111 hoc
2868 5071 3062 5127 magna
3084 5072 3208 5111 cum
3249 5055 3541 5125 dispensa-

1967 5147 2117 5201 tione
2141 5148 2271 5217 agit.
2311 5147 2562 5215 Tempore
2590 5150 2733 5201 enim
2766 5157 3005 5219 arrepto,
3062 5147 3261 5218 inquit,
3293 5149 3541 5203 exaudiri

1965 5245 2033 5289 te.
2070 5235 2144 5292 lis
2174 5244 2303 5292 vero
2341 5238 2435 5308 qui
2493 5238 2565 5293 ob
2596 5238 2863 5292 dan-mnis
2903 5240 3211 5294 calumnias
3240 5238 3291 5291 id
3321 5238 3543 5308 patiun-

1959 5334 2068 5391 tur,
2110 5328 2292 5382 statim
2329 5328 2482 5384 adest
2519 5348 2532 5384 :
2569 5330 2748 5382 Adhuc
2790 5331 2955 5395 enim,
2991 5330 3190 5400 inquit,
3225 5329 3460 5397 loquente
3489 5340 3540 5384 te

1954 5419 2150 5483 dicam,
2179 5410 2310 5473 Ecce
2337 5419 2549 5474 adstun.

2028 5497 2196 5564 Vens.
2223 5509 2618 5575 Convertere,
2649 5510 2886 5580 Domine,
2916 5513 3056 5583 eripe
3079 5511 3313 5567 animum
3343 5526 3537 5579 mrum,

1942 5720 2005 5780 ’⁷³
2047 5749 2191 5804 Psal.
2224 5762 2410 5816 cxxxt,
2440 5750 2489 5806 1.
2559 5750 2603 5783 ’⁸
2642 5749 2779 5806 liiid.
