4130 6304
602 380 706 444 111

1872 376 2255 440 EUTHYMII
2305 376 2667 439 ZIGABENI

3766 362 3862 429 112

599 503 935 552 Convertere
987 496 1053 551 ad
1114 510 1219 563 me,
1281 494 1479 566 inquit,
1542 495 1759 551 tametsi
1809 494 2078 551 hactenus
2107 495 2166 551 ot

2284 492 2567 565 Στράφηθι
2604 492 2739 562 πρός
2762 508 2851 564 με,
2881 487 2932 545 ει
2960 488 3053 545 καὶ
3078 486 3435 560 ἀπεστράφης
3489 483 3557 539 δι’
3586 482 3620 539 ἃ
3682 483 3861 554 ἧμαρο

602 602 823 660 pcccata
856 604 975 644 mea
1006 604 1229 645 aversus
1270 590 1443 645 fueris
1469 602 1498 642 a
1537 602 1623 644 me
1653 605 1666 642 :
1698 598 1752 644 et
1807 589 1964 661 eripe
1994 604 2080 643 me
2112 603 2175 643 ex

601 683 1013 738 :tﬂlictionibus.

668 772 888 826 Salvum
922 788 1001 825 me
1035 772 1123 842 {ac
1142 783 1355 841 propter
1403 772 1826 826 misericordiam
1863 781 2029 826 tuam.
2056 770 2176 827 Non

597 866 669 921 ob
690 867 920 920 virtutes
953 880 1125 928 meas,
1160 865 1361 934 inquit,
1395 862 1449 919 id
1476 873 1640 935 peto;
1668 864 1847 920 nullas
1896 866 2042 921 enim
2073 865 2175 920 ha-

600 960 704 1014 beo
739 959 940 1027 quibus
970 957 1021 1011 id
1049 972 1282 1012 merear.

669 1048 836 1104 Vens.
870 1048 925 1103 6.
963 1047 1229 1114 Quoniam
1277 1065 1381 1104 non
1434 1059 1511 1105 est
1552 1049 1608 1104 in
1665 1058 1833 1105 morte
1861 1051 1951 1121 qui
1978 1066 2179 1105 memor

593 1139 664 1192 sit
698 1140 799 1193 tui.
861 1138 964 1193 Per
1024 1150 1293 1206 mortem,
1339 1152 1623 1209 peccatum
1677 1140 1933 1211 intelligit
1982 1145 2177 1195 mortis

595 1233 961 1298 ministrum;
990 1233 1058 1286 ab
1097 1231 1253 1285 initio
1316 1233 1463 1285 enim
1523 1241 1813 1303 peccatum
1867 1233 2175 1287 introduxit

598 1331 865 1387 mortem;
896 1323 972 1377 ait
1031 1323 1219 1391 igitur.
1273 1323 1420 1393 quod
1445 1323 1538 1392 qui
1567 1332 1852 1391 peccatum
1878 1322 2030 1389 facit,
2064 1339 2174 1378 non

594 1422 681 1467 cst
705 1422 833 1467 tunc
887 1409 977 1467 Dei
1038 1428 1265 1466 memor.
1328 1412 1424 1467 Est
1468 1415 1613 1468 enim
1649 1415 1797 1469 velut
1848 1414 2041 1469 ebrius
2080 1423 2176 1468 aut

592 1505 925 1567 obcmcalus,
957 1504 1050 1574 qui
1082 1512 1291 1575 peccat.
1330 1502 1427 1559 Vel
1484 1516 1717 1561 mortem
1775 1506 2015 1576 appellat
2039 1515 2177 1561 tem-

582 1612 695 1664 pus
724 1598 935 1658 mortis,
966 1598 1095 1666 quia
1132 1597 1226 1652 ubi
1276 1598 1400 1667 quis
1432 1605 1683 1652 mortuus
1715 1600 1901 1662 fuerit,
1933 1599 2172 1654 ablatum

592 1691 639 1743 ei
673 1696 780 1751 est,
817 1699 874 1743 ut
922 1691 1093 1756 possit
1124 1689 1358 1760 amplius
1396 1688 1489 1744 Dei
1531 1690 1833 1755 reminisci,
1870 1700 1967 1745 aut
2002 1690 2171 1747 Deum

582 1796 804 1849 rogare.
844 1782 1068 1837 inutiles
1092 1782 1239 1836 enim
1267 1788 1399 1835 tunc
1419 1788 1610 1837 essent
1644 1795 1839 1838 omnes
1875 1797 2095 1853 preces.

2284 600 2380 640 τον
2413 602 2427 615 ·
2458 584 2556 639 καὶ
2584 584 2773 652 ἐξελοῦ
2810 601 2885 656 με
2910 584 3019 638 τῶν
3049 581 3305 653 θλίψεων.

2351 764 2566 820 Σῶσόν
2614 783 2691 836 με
2720 765 2934 820 ἕνεκεν
2988 764 3097 819 τοῦ
3152 762 3330 819 ἐλέου
3369 779 3510 818 σου.
3544 762 3617 816 οὐ
3650 760 3741 814 διὰ
3768 760 3862 822 τὰς

2277 856 2417 929 ἐμὰς
2446 857 2648 929 ἀρετάς
2669 873 2684 890 ο
2718 858 2819 911 οὐκ
2856 855 2967 929 ἔχω
2993 856 3124 930 γάρ.

2348 1038 2472 1091 ὀτι
2527 1038 2641 1091 οὐκ
2697 1035 2871 1091 ἔστιν
2907 1037 2977 1090 ἐν
3026 1033 3106 1100 τῷ
3143 1032 3381 1101 θανάτῳ
3404 1036 3439 1088 ὁ
3457 1031 3863 1104 μνημονεύων

2276 1144 2413 1184 σου.
2475 1127 2723 1182 Θάνατον
2774 1129 2933 1181 καὶεί
2989 1129 3087 1200 τὴν
3142 1127 3442 1198 ἁμαρτίαν,
3482 1126 3559 1190 ὡς
3622 1125 3861 1179 Θανάτου

2274 1222 2568 1293 πρόξενονο
2616 1222 2898 1293 καταρχὰς
2937 1221 3045 1293 γὰρ
3090 1222 3124 1291 ἡ
3164 1218 3435 1290 ἁμαρτία,
3492 1218 3580 1271 τὸν
3624 1216 3862 1270 Θάνατον

2274 1316 2671 1386 ἐπεισήγαγεν.
2722 1316 2863 1382 Φησὶ
2894 1313 3047 1383 γοῦν,
3086 1315 3163 1378 ὡς
3197 1312 3225 1364 ὁ
3250 1312 3351 1381 τὴν
3384 1311 3662 1382 ἁμαρτίαν
3689 1310 3863 1379 πράτ-

2273 1424 2405 1470 των,
2436 1408 2499 1463 οὐ
2533 1407 2871 1478 μνημονεύει
2904 1406 3209 1476 τηνικαῦτα
3248 1404 3406 1471 Θεοῦ,
3443 1403 3664 1473 μεθύων
3696 1402 3855 1471 αὐτῇ,

2272 1500 2370 1555 καὶ
2391 1499 2826 1570 πεπωρωμένος.
2879 1499 2951 1551 Ἢ
2988 1496 3218 1552 θάνατον
3256 1495 3407 1563 λέγει
3452 1494 3544 1547 τὸν
3596 1493 3709 1548 ἀπὸ
3762 1494 3860 1559 τῆς

2271 1588 2531 1657 τελευτῆς
2559 1588 2781 1658 καιρόψ
2818 1586 2939 1658 μεθ’
2969 1585 2998 1639 ὃ
3045 1585 3156 1657 γὰρ
3185 1585 3503 1655 τελευτήσει
3548 1600 3653 1647 τις,
3690 1582 3859 1650 ἀφαι-

2274 1685 2451 1755 ρεῖται
2480 1681 2542 1734 τὸ
2570 1680 2959 1753 μνημονεύειν,
2988 1681 3108 1752 ἦτοι
3152 1678 3493 1748 παρακαλεῖν
3542 1677 3636 1731 τὸν
3675 1674 3815 1730 Θεόν
3843 1690 3859 1705 ο

2271 1775 2506 1846 ἀνόνητα
2527 1775 2656 1847 γάρ.

666 1872 729 1925 lu
794 1873 1001 1941 inferno
1043 1884 1219 1927 autem
1280 1874 1399 1942 quis
1437 1873 1780 1940 conﬁtebitur
1833 1849 1984 1928 tibi.’
2027 1877 2166 1930 Ante

2355 1869 2454 1922 Ἐν
2481 1867 2551 1922 δὲ
2588 1868 2671 1934 τῷ
2699 1867 2835 1937 ἅδῃ,
2869 1867 2961 1933 τίς
2998 1865 3517 1937 ἐξομολογήσεται
3548 1878 3694 1926 σου
3749 1862 3861 1934 Πρὸ

589 1978 819 2019 mortem
852 1983 884 2033 p
906 1967 1115 2019 nuitem
1145 1982 1307 2035 quem
1337 1966 1553 2036 potest?
1613 1972 1738 2035 post
1764 1972 1996 2021 mortem
2041 1981 2172 2023 vero

578 2056 975 2109 .rc1ributiouis
1007 2056 1383 2109 t:mtumtuodo
1428 2063 1645 2124 tempus
1684 2063 1770 2110 est
1802 2054 1938 2125 (3i).

664 2146 823 2201 Vens.
860 2146 909 2199 7.
952 2144 1221 2201 Laboravi
1271 2149 1325 2199 in
1381 2148 1582 2218 gemitu
1637 2163 1775 2213 meo,
1834 2148 2023 2203 lavabo
2075 2165 2171 2217 per

586 2237 825 2306 singulas
874 2248 1050 2291 noctes
1108 2237 1299 2292 lectum
1359 2253 1549 2304 meum,
1582 2238 1835 2309 lacrymis
1866 2240 1995 2294 meis
2026 2251 2171 2295 stra-

592 2339 701 2380 tum
733 2344 903 2381 meum
930 2330 1133 2398 rigabo.
1175 2328 1295 2382 Non
1322 2328 1648 2398 simpliciter
1677 2331 1939 2396 laboravi,
1965 2331 2170 2401 inquit,

588 2422 833 2476 sedcum
858 2420 1153 2490 gemitibus
1182 2437 1199 2486 ;
1230 2435 1354 2489 qua:
1404 2435 1494 2475 res
1534 2420 1900 2478 intensionem
1944 2423 2171 2479 denotat

588 2513 810 2566 laboris.
842 2510 952 2565 Nec
1010 2510 1338 2581 simpliciter
1388 2513 1553 2566 etiam
1607 2513 1749 2569 dixit
1794 2530 1809 2568 :
1878 2513 2165 2569 Effundam

590 2606 997 2674 lacrymas,sed
1030 2601 1243 2658 Lavabo
1295 2603 1488 2658 lectum
1522 2621 1697 2660 meum
1729 2621 1748 2659 :
1780 2622 1960 2677 neque
2002 2608 2057 2662 id
2084 2622 2170 2663 se-

585 2694 698 2747 mel
730 2700 940 2745 tantum
978 2693 1204 2755 faciam,
1238 2694 1437 2763 inquit,
1473 2703 1565 2747 aut
1600 2695 1868 2760 secundo,
1921 2696 2015 2751 sed
2064 2695 2170 2751 Per

587 2786 826 2855 singulas
856 2794 1051 2838 noctes.
1090 2784 1155 2838 Et
1183 2785 1309 2854 quia
1342 2786 1394 2838 in
1424 2785 1513 2840 die
1546 2786 1709 2839 variae
1744 2802 1830 2842 me
1876 2788 2170 2858 cogitatio-

589 2893 688 2932 nes
728 2876 1066 2940 distrahunt,
1102 2876 1298 2931 faciam
1351 2877 1552 2946 quietis
1601 2886 1815 2948 tempus
1864 2878 2168 2934 confessio-

590 2974 679 3025 nis
705 2984 846 3035 esse,
914 2970 1131 3024 nemine
1197 2968 1407 3024 scilicet
1480 2984 1566 3023 me
1597 2978 1732 3024 tunc
1767 2972 2165 3038 perturbante;

588 3061 1093 3119 commodissimum
1133 3061 1277 3115 enim
1310 3070 1393 3115 est
1428 3060 1493 3114 ad
1524 3059 1904 3130 pcenitentiam
1931 3060 1985 3115 id
2022 3067 2166 3115 temo

2274 1959 2368 2015 τοῦ
2400 1960 2633 2014 Θανάτου
2664 1961 2772 2031 γὰρ
2807 1960 2839 2030 ἠ
2874 1960 3137 2031 μετάνοια
3179 1959 3428 2027 γίνεται·
3484 1957 3545 2010 τὸ
3603 1953 3861 2009 ἐντεῦθεν

2271 2052 2349 2119 es,
2380 2052 2572 2125 καιρὸς
2613 2054 2773 2124 μόνον
2800 2053 3233 2116 ἀνταποδόσεως.

2355 2143 2772 2199 Ἔκοπίασαὲν
2792 2144 2872 2211 τῷ
2904 2142 3222 2214 στεναγμῷ
3273 2160 3415 2213 μου,
3467 2141 3677 2197 λούσω
3728 2137 3861 2194 καθ’

2270 2237 2541 2309 ἑκάστην
2566 2240 2759 2295 νύκτα
2788 2240 2905 2307 τὴν
2932 2239 3154 2306 κλίνην
3173 2255 3315 2308 μου,
3346 2237 3417 2291 ἐν
3448 2236 3719 2304 δάκρυσί
3740 2250 3861 2303 μου

2269 2331 2386 2399 τὴν
2422 2332 2748 2403 στρωμνήν
2771 2349 2891 2403 μου
2926 2331 3151 2400 βρέξω.
3203 2331 3319 2400 Ούχ
3379 2329 3565 2392 ἁπλῶς
3619 2328 3857 2397 ἔκαμον.

2269 2422 2408 2476 ἀλλὰ
2462 2424 2558 2477 καὶ
2589 2424 2880 2490 ικοπίασα,
2917 2422 3194 2487 στενάζων
3227 2439 3240 2451 ·
3276 2420 3436 2474 τοῦτο
3490 2422 3599 2490 γὰρ
3652 2418 3857 2472 ἐπίτα-

2272 2525 2387 2577 σις⁶
2419 2512 2515 2567 καὶ
2556 2515 2657 2585 οὐχ
2686 2513 2878 2577 ἁπλῶς
2905 2514 3182 2585 δακρύσω,
3219 2512 3358 2567 ἀλλὰ
3390 2513 3484 2565 καὶ
3532 2510 3716 2564 λούσω
3760 2510 3860 2579 τὴν

2268 2603 2459 2676 κλίνην
2499 2621 2626 2675 μου,
2656 2604 2753 2659 καὶ
2773 2606 2870 2677 οὐχ
2896 2604 3041 2671 ἅπαξ
3080 2606 3113 2677 ἢ
3162 2606 3267 2671 δὶς,
3292 2603 3427 2658 ἀλλὰ
3460 2603 3581 2658 καθ’
3612 2603 3859 2673 ἑκάστην

2268 2697 2462 2752 νύκτα.
2513 2698 2669 2751 Ἐπεὶ
2698 2698 2807 2769 γὰρ
2842 2699 2905 2751 ἐν
2934 2699 3173 2770 ἡμέραις
3198 2696 3537 2767 περισπῶσιν
3585 2697 3643 2747 ai
3685 2712 3859 2765 φρονη

2268 2786 2553 2851 τίδες,τδν
2575 2790 2677 2858 τῆς
2730 2787 3097 2852 ἀναπαύσεως
3152 2788 3362 2860 καιρὸν,
3403 2786 3859 2858 ἐξομολογήσεως

2270 2877 2466 2949 καιρὸν
2504 2877 2615 2947 ἐγὼ
2646 2879 2971 2951 ποιήσομαι,
2996 2878 3230 2950 μηδενὸς
3256 2878 3609 2950 ἐνοχλοῦντος
3634 2896 3647 2909 ⁸
3699 2878 3857 2930 εὔθε-

2267 2985 2360 3031 τος
2412 2968 2522 3039 γὰρ
2566 2971 2596 3023 ὁ
2646 2969 2838 3041 καιρὸς
2894 2963 3052 3035 οὗτος
3113 2972 3196 3035 είς
3257 2971 3570 3040 μετάνοιαν.
3626 2971 3740 3024 Τοῦ
3802 2971 3857 3023 δὲ

2266 3062 2504 3125 Λυύσω,
2535 3061 2628 3116 καὶ
2657 3062 2766 3116 τῶν
2797 3062 2956 3135 ἑξῆς,
2986 3063 3065 3129 τὸ,
3135 3065 3237 3118 Ἐν
3269 3063 3531 3133 δάκρυσί
3571 3082 3722 3133 μου,
3764 3064 3859 3117 καὶ

588 3171 710 3225 pus.
751 3152 904 3220 Quoi
938 3167 1065 3206 vero
1098 3152 1173 3206 ait
1202 3167 1222 3208 :
1262 3150 1537 3222 Lacrymis
1571 3151 1701 3205 meis
1731 3160 1961 3205 stratum
1990 3169 2164 3207 meum

2268 3152 2338 3207 τὰ
2358 3152 2508 3223 ἑξῆς,
2532 3156 2978 3226 ὲφερμηνευτικά
3000 3158 3167 3223 ἐστιν,
3187 3159 3261 3222 ὡς
3290 3157 3621 3229 σαφέστερα.
3663 3157 3862 3210 Ἀκού-

591 3245 792 3316 rigabo,
850 3242 1155 3314 expositive
1214 3242 1421 3295 dictum
1460 3248 1546 3297 est
1594 3241 1659 3295 ad
1695 3241 2080 3311 praecedentia,
2111 3251 2166 3297 et

2275 3261 2459 3315 σωμεν
2522 3246 2576 3301 oi
2632 3245 2843 3300 ίδιῶται
2882 3247 3146 3319 βασιλέως
3189 3248 3505 3319 μετάνοιαν,
3535 3250 3627 3302 καὶ
3674 3248 3863 3319 ζηλὼ-

588 3335 656 3389 ad
690 3336 977 3388 clariorem
1034 3348 1257 3387 sensum
1308 3332 1528 3387 illorum
1576 3332 1871 3388 verborum
1907 3348 1922 3384 :
1953 3331 2165 3385 Lavabo

2275 3352 2481 3406 σωμεν.
2521 3337 2892 3407 [προϐάλλεται
2918 3340 2977 3392 δὲ
3010 3340 3190 3393 ταῦτα
3215 3346 3295 3405 εἱς
3330 3341 3587 3414 ἀφορμὴν
3645 3342 3857 3405 ἐλέους»

584 3442 681 3497 ρετ
707 3426 943 3495 singulas
977 3432 1153 3477 noctes
1199 3424 1391 3476 lectum
1455 3438 1647 3477 meum.
1708 3422 2013 3479 Audiamus
2036 3440 2168 3479 vero

586 3530 690 3570 nos
752 3512 1071 3567 homunculi
1112 3511 1247 3565 tanti
1300 3511 1446 3581 regis
1480 3512 1887 3581 paenitentiam,
1931 3527 2163 3583 eamque

588 3608 886 3661 imitemur.
914 3602 1151 3657 Protulit
1180 3611 1359 3657 autem
1392 3602 1509 3655 hzec
1540 3602 1708 3657 verba
1741 3603 1935 3658 beatus
1969 3604 2161 3671 David,

587 3701 653 3755 ad
677 3698 1021 3753 excitandam
1058 3697 1113 3750 in
1146 3710 1203 3751 se
1239 3694 1674 3750 misericordiam
1708 3696 1823 3761 Dei,
1857 3706 2026 3767 utque
2072 3700 2137 3755 ad
2174 3716 2293 3758 eam
2329 3704 2498 3762 Deum
2530 3710 2705 3781 magis
2729 3709 2970 3767 ﬂecteret

2274 3426 2361 3481 ἵνα
2402 3428 2497 3481 καὶ
2526 3429 2725 3499 μᾶλλον
2758 3430 2955 3503 κάμψῃ
2987 3432 3076 3485 τὸν
3118 3432 3519 3503 εὔσπλαγχνον,
3586 3433 3660 3503 μή
3722 3450 3856 3487 ποτε

2273 3518 2333 3570 τὸ
2361 3519 2462 3587 τῆς
2498 3518 2872 3591 ταλαιπωρίας
2920 3523 3259 3596 ὑπερϐάλλον
3298 3524 3614 3596 καταῦάλλῃ
3647 3526 3753 3595 τὴν
3800 3524 3858 3576 ὲν

2272 3610 2421 3681 αὐτῷ
2451 3611 2701 3683 δύναμιν,
2736 3616 2831 3669 καὶ
2855 3616 3129 3689 ἄχρηστον
3156 3618 3562 3690 ἀπεργάσηται.

3025 3732 3039 3768 :
3098 3728 3166 3769 ne
3226 3714 3521 3785 aliquando
3592 3712 3855 3769 fortassis

587 3792 813 3863 grandis
859 3790 1240 3845 calamitatum
1273 3789 1530 3843 cumulus
1578 3790 1724 3845 vires
1751 3806 1879 3847 suas
1914 3802 2309 3868 prosterneret,
2334 3808 2497 3872 atque
2530 3789 2655 3859 eum
2690 3804 2937 3861 inutilem
2969 3807 3244 3864 redderet.

660 3886 827 3941 Vens.
859 3887 912 3942 8.
944 3883 1210 3939 Turbatus
1228 3894 1307 3939 est
1331 3901 1362 3937 a
1387 3883 1567 3953 furore
1596 3886 1782 3939 oculus
1818 3903 1982 3942 meus.
2020 3888 2167 3944 0cu~

585 3980 671 4033 lus
706 3978 903 4032 animae
954 3976 1191 4041 scilicet,
1256 3976 1360 4029 hoc
1406 3984 1490 4029 est
1522 3991 1676 4032 mens
1706 3992 1849 4033 mea.
1892 3979 2165 4036 Conside-

584 4084 713 4123 rans
740 4069 884 4122 enim
908 4081 1030 4137 ego,
1064 4066 1264 4136 inquit,
1314 4065 1558 4120 furorem
1610 4066 1879 4123 adversus
1906 4080 2163 4139 peccato-

585 4176 697 4223 res,
735 4162 786 4215 in
820 4159 907 4214 die
959 4158 1178 4228 iudicii,
1212 4160 1567 4214 vehementer
1614 4161 1977 4230 perturbatus
2007 4178 2159 4219 sum.

582 4254 834 4323 Congrue
878 4266 1006 4307 vero
1076 4261 1313 4305 mentem
1375 4254 1549 4319 ipsam
1579 4251 1801 4306 oculum
1842 4255 2159 4324 appellavit,

583 4347 750 4399 veluti
815 4346 909 4415 qui
958 4344 1252 4399 itineribus
1310 4342 1566 4398 omnibus
1634 4342 1743 4399 dux
1794 4354 1898 4401 est.
1947 4344 2081 4399 Nam
2108 4356 2163 4401 et

584 4455 741 4495 mens
780 4439 924 4492 videt
984 4447 1041 4491 et
1073 4435 1247 4491 audit.
1302 4436 1483 4505 Aliqui
1519 4437 1684 4492 etiam
1716 4437 1907 4493 dicunt
1934 4439 2156 4495 oculum

586 4532 835 4601 corporis
862 4532 1005 4583 beati
1046 4528 1211 4583 David
1248 4528 1625 4598 perturbatum
1652 4527 1845 4597 fuisse,
1889 4548 2015 4585 eum
2046 4536 2159 4587 ira-

587 4633 676 4677 Ius
708 4630 857 4677 esset
902 4619 1166 4675 adversus
1226 4619 1503 4673 inimicos.
1548 4618 1841 4688 Proprium
1902 4623 2049 4676 enim
2101 4638 2167 4679 ac

585 4714 859 4783 peculiare
896 4721 981 4766 est
1020 4710 1089 4767 iis
1119 4712 1215 4781 qui
1266 4712 1603 4775 irascuntur,
1636 4720 1694 4765 ut
1724 4711 1870 4766 oculi
1914 4714 1996 4769 eis
2048 4722 2164 4767 tur-

588 4806 803 4857 bentur.

659 4894 987 4947 luveteratus
1028 4908 1143 4946 sum
1178 4895 1313 4947 inter
1343 4910 1519 4949 omnes
1565 4895 1809 4951 inimicos
1859 4912 2023 4951 meos.
2055 4896 2162 4953 Ve-

581 4987 974 5043 terasccntium
1006 4986 1457 5040 vestimentorum
1494 4987 1668 5042 instar
1716 4988 1999 5059 neglectus
2036 5005 2159 5045 sum

582 5091 649 5130 ac
674 5076 972 5146 vilipcnsus
1020 5077 1088 5130 ab
1136 5076 1376 5130 inimicis
1413 5077 1549 5133 meis
1599 5095 1615 5133 :
1674 5078 1767 5151 qui
1817 5087 1996 5136 tamen
2035 5090 2161 5137 ante

580 5169 876 5223 commissa
900 5183 928 5222 a
972 5184 1056 5222 me
1082 5168 1300 5232 delicta,
1334 5169 1600 5223 timebant
1632 5186 1742 5228 me.
1792 5170 1889 5226 Vel
1946 5171 2155 5228 lucet:-

579 5270 730 5313 ratus
762 5276 900 5322 sum,
936 5260 1039 5313 boc
1079 5268 1165 5313 est
1207 5258 1441 5314 debilior
1484 5260 1733 5319 eﬂ‘ectus.
1791 5258 1959 5319 Senes
2004 5266 2150 5319 enim

578 5352 871 5407 dehiliorcs
902 5352 1110 5406 viribus
1143 5350 1281 5406 caici
1314 5354 1513 5408 solent.

652 5441 817 5497 Vens.
868 5444 923 5497 9.
965 5442 1230 5497 Discedite
1280 5460 1312 5497 a
1368 5460 1448 5498 me
1489 5460 1667 5500 omnes
1723 5447 1813 5516 qui
1856 5451 2147 5517 operamini

2357 3897 2683 3968 Ἐιαριίχθη
2714 3899 2831 3954 ἀπὸ
2856 3903 3046 3971 θυμοῦ
3073 3906 3103 3957 ὀ
3131 3904 3439 3975 ὀφθαλμός
3460 3923 3601 3975 μου.
3656 3907 3718 3960 Ὀ
3758 3910 3857 3979 τῆς

2268 3985 2449 4058 ψυχῆς
2484 3990 2708 4063 δηλαδὴ,
2740 3994 3021 4047 τουτέστιν
3064 3996 3095 4049 ὀ
3126 3995 3250 4061 νοῦς
3277 4013 3291 4028 ⁸
3343 3998 3543 4051 ἐννοῶν
3602 4000 3711 4070 γὰρ
3762 4002 3855 4057 τὸν

2270 4079 2442 4150 Θυμόν
2476 4098 2598 4148 σου,
2637 4082 2729 4137 τὸν
2768 4085 3027 4158 svium-Ep;
3056 4089 3292 4161 κρίσεως
3321 4089 3461 4143 κατά
3506 4090 3614 4145 τῶν
3659 4093 3851 4165 ἀμαρ-

2238 4170 2478 4240 οτωλῶν,
2537 4173 2657 4228 λίαν
2698 4175 3082 4249 τεθορύϐηται.
3143 4180 3446 4251 Προσφυῶς
3505 4183 3560 4236 δὲ
3600 4184 3689 4237 τὸν
3719 4184 3852 4240 νοῦν

2267 4260 2549 4334 ὀφθαλμὸν
2587 4266 2868 4335 ἐκάλεσεν,
2903 4270 2976 4335 ὠς
3038 4272 3337 4342 ὀδηγοῦντα
3394 4275 3489 4328 τὸν
3535 4276 3850 4347 ἄνθρωπον.

2270 4354 2419 4420 Νοῦς
2450 4358 2559 4430 γὰρ
2587 4360 2709 4432 ὁρᾷ,
2748 4363 2839 4414 καὶ
2867 4362 2991 4426 νοῦς
3025 4364 3234 4421 ἀκούει.
3296 4367 3454 4432 Τινὲς
3502 4369 3559 4422 δὲ
3603 4371 3696 4422 καὶ
3752 4372 3848 4424 τὸν

2266 4446 2363 4499 τοῦ
2397 4446 2649 4518 σώματος
2677 4452 2957 4521 ὀφθαλμὸν
2989 4456 3156 4510 αὑτοῦ
3189 4459 3323 4527 φασὶ
3348 4458 3702 4530 τεταράχθαι,
3746 4461 3849 4514 θυ-

2273 4541 2547 4609 μουμένου
2584 4542 2729 4597 κατά
2758 4544 2868 4597 τῶν
2892 4543 3102 4616 ἐχθρῶν
3136 4564 3151 4580 ο
3188 4548 3319 4603 ἴδιον
3366 4549 3475 4621 γὰρ
3527 4552 3681 4604 τουτὶ
3736 4551 3847 4604 τῶν

2267 4628 2409 4698 ἄγαν
2440 4631 2831 4704 ὀργιζομένων.

2348 4898 2765 4971 Ἐπαλαιὼθην
2788 4903 2860 4959 ἐν
2896 4903 3048 4962 πᾶσι
3074 4906 3198 4974 τοῖς
3220 4908 3457 4980 ἐχθροῖς
3488 4929 3629 4982 μου.
3675 4911 3841 4984 Δίκην

2261 4990 2372 5045 τῶν
2402 4992 2875 5067 πεπαλαιωμένων
2908 4998 3139 5069 ἱματίων
3169 5002 3476 5073 ἡτιμὼθην,
3520 5006 3617 5059 καὶ
3672 5024 3840 5061 κατε-

2262 5084 2541 5156 φρονήθην
2584 5086 2689 5139 ὑπὸ
2718 5086 2828 5141 τῶν
2850 5090 3085 5160 ἐχθρῶν,
3107 5093 3217 5146 τῶν
3246 5096 3601 5167 φοϐουμένων
3626 5115 3695 5168 με
3732 5100 3840 5170 πρὸ

2263 5175 2361 5244 τῆς
2393 5177 2690 5246 ἁμαρτίας.
2724 5180 2794 5233 Ἦ
2823 5180 3233 5254 ἐπωαιὼθην,
3260 5187 3383 5243 ἀντὶ
3426 5189 3520 5243 τοῦ
3574 5190 3837 5263 Ἦσθένηρ

2266 5280 2333 5317 σα
2366 5283 2379 5298 ·
2411 5270 2459 5321 oi
2492 5271 2714 5341 γηραιοὶ
2745 5273 2876 5344 γὰρ,
2909 5274 3175 5339 ἀσθενεῖς.

2344 5445 2676 5517 Ἀπόστητε
2708 5450 2812 5507 ἀπ’
2852 5452 3035 5522 ἐμοῦ,
3089 5455 3314 5537 πάντες
3357 5461 3415 5515 οι
3462 5459 3832 5532 ἐργαζόμενοι

578 5534 930 5604 iniquitatem.
964 5534 1217 5589 Scutieus
1242 5534 1355 5605 jam
1402 5551 1463 5589 ac
1507 5550 1844 5606 cognoscens
1899 5538 2144 5595 divinum

2268 5538 2373 5607 τὴν
2409 5541 2689 5611 ἀνομίαν.
2726 5546 3059 5621 Δίσθόμενος
3094 5550 3195 5623 ήδη
3216 5534 3316 5623 τῆς
3342 5554 3496 5627 παρὰ
3519 5555 3654 5610 Θεοῦ
3687 5574 3831 5628 συμ-

1897 5712 2097 5777 νοτὶω
2124 5703 2456 5781 lectiones.

649 5806 767 5879 (fil)
820 5807 1007 5867 Graeca
1054 5812 1212 5868 verba
1260 5813 1342 5869 sic
1381 5831 1394 5868 :
1437 5812 1573 5868 Ante
1622 5822 1841 5869 mortem
1890 5815 2028 5871 enim
2074 5818 2137 5887 [it
2177 5822 2499 5878 vwnitcntia.
