4050 6278
538 377 642 441 115

1803 382 2184 442 EUTHYMII
2233 385 2591 445 ZlGABENl
3690 388 3778 452 illi

538 493 724 563 copias
760 492 1086 560 colligendi:
1122 493 1260 546 utin
1314 491 1468 548 libris
1517 491 1719 562 Regum
1768 492 1932 544 latius
1985 493 2104 546 scri-

2214 495 2405 560 λείας.
2435 495 2620 560 Οὕτως
2654 494 2748 549 οὖν
2777 496 2870 550 καὶ
2903 496 3031 563 υίὸς
3060 497 3286 564 δεξιᾶς,
3316 500 3344 552 6
3383 499 3552 565 δεξιός
3600 517 3659 552 τε
3697 505 3779 554 καὶ

538 594 690 655 ptum
716 585 1002 653 reperitur.
1029 585 1108 639 Al)
1136 583 1449 652 bujusmod‘i
1484 583 1552 654 igi
1583 598 1648 636 ur
1675 590 1899 638 strenuo
1928 599 2115 651 opere,

538 677 959 748 appellationem
989 677 1130 730 hanc
1154 676 1318 730 (Ilmsi
1340 685 1669 732 Consecutus
1685 684 1790 743 est,
1820 684 1879 728 ut
1904 674 2114 729 Jemeni

538 772 680 826 filius
699 771 991 826 diceretur.
1030 769 1088 826 Si
1117 771 1336 842 quidem
1378 770 2114 838 Jcmenidexterainterpre-

533 863 814 935 tatur(55).
844 864 958 920 Mos
977 879 1105 920 vero
1120 877 1206 918 est
1227 863 1522 934 Scriptura:
1542 879 1730 927 sacrm.
1757 865 1824 917 ab
1840 863 2116 917 exercitiis

533 956 811 1024 aliquibus
842 973 939 1013 seu
975 956 1200 1023 studiis,
1233 965 1492 1028 tanquam
1546 973 1574 1010 a
1601 957 1919 1026 parentibus
1973 955 2115 1011 ﬁlios

532 1048 912 1114 tlenominarc,
947 1050 1112 1105 veluti
1144 1051 1318 1118 [ilium
1349 1051 1493 1120 pacis
1518 1090 1533 1117 ,
1569 1050 1741 1120 ﬁlium
1793 1048 2064 1117 sapientia:
2096 1089 2112 1114 ,

530 1148 586 1193 et
634 1139 803 1209 ﬁlium
853 1140 1214 1210 perditionis;
1269 1141 1344 1194 ita
1393 1142 1554 1196 etiam
1603 1149 1657 1195 et
1697 1141 1842 1208 [ilius
1887 1142 2113 1194 dextere

529 1231 621 1286 ille
650 1232 872 1296 dicitur,
907 1234 1000 1304 qui
1042 1232 1236 1289 dexter
1273 1241 1328 1288 et
1378 1233 1700 1289 commodus
1740 1233 1918 1286 amico
1950 1229 2112 1288 fuerit

527 1321 766 1394 adjutor.
807 1325 941 1381 Illud
978 1328 1145 1382 etiam
1192 1324 1736 1380 animadvertendum
1773 1335 1898 1388 est,
1953 1326 2103 1395 quod

526 1417 816 1488 inscriptio
857 1418 989 1473 dicit
1021 1435 1121 1490 pro
1147 1419 1317 1474 verbis
1348 1418 1514 1473 Chusi
1539 1435 1557 1471 :
1591 1430 1641 1472 et
1670 1427 1854 1472 tamen
1905 1418 1957 1472 in
1996 1426 2111 1473 toto

524 1511 760 1579 psalmo,
800 1510 1073 1582 Propheta
1117 1511 1320 1566 nullam
1351 1509 1519 1565 Chusi
1568 1510 1883 1564 memoriam
1943 1510 2106 1576 fecit;

525 1599 668 1655 unde
696 1601 800 1656 alia
834 1603 1011 1656 oritur
1042 1603 1317 1656 dubitatio
1351 1621 1364 1656 :
1398 1601 1680 1671 quomodo
1709 1602 1920 1656 scilicet
1981 1616 2106 1672 pcr-

523 1693 693 1749 tineat
720 1694 785 1749 ad
820 1695 1087 1764 psalmum
1137 1694 1441 1764 inscriptio.
1479 1692 1588 1749 Nos
1618 1704 1797 1749 tamen
1843 1695 1986 1760 quod
2015 1708 2110 1748 eo-

522 1784 810 1854 gnovimus
848 1802 954 1840 non
985 1785 1310 1843 celabimus.
1343 1785 1478 1841 Cum
1515 1787 1804 1856 paeniteret
1863 1786 2106 1856 Prophe-

2220 588 2677 658 ἐπιτηδειότατος.
2723 589 2859 642 Ἀλλ’
2893 592 2923 659 ἡ
2958 591 3057 661 μὲν
3096 593 3401 662 ἐπιγραφὴ.
3452 593 3607 661 ὑπὲρ
3672 596 3777 648 τῶν

2219 680 2417 747 λόγων
2449 682 2580 749 φησὶ
2616 681 2799 734 Χουσὶ
2831 700 2845 714 ο
2873 683 3002 753 παρ’
3028 683 3147 736 ὅλον
3171 684 3228 736 δὲ
3259 685 3349 737 τὸν
3387 684 3638 753 Ψαλμὸν,
3688 688 3777 740 οὐκ

2220 769 2632 839 ἐμνημόνευσεν
2663 774 2690 824 6
2721 771 2887 825 Δαόὶδ
2916 776 3009 825 τοῦ
3045 775 3236 838 Χουσὶ,
3288 775 3381 827 καὶ
3427 775 3575 828 δοκεῖ
3627 776 3774 830 πάλιν

2218 860 2444 932 ἄπορον.
2483 864 2624 914 Ἀλλ’
2649 866 2779 932 ἡμῖν
2801 865 2858 917 δὲ
2889 863 2947 916 τὸ
2971 865 3369 935 διεγνωσμένον
3395 866 3494 920 οὐκ
3549 869 3782 938 ἀποκρυ-

2219 953 2388 1007 πτέον
2408 969 2424 985 ⁶
2463 956 2766 1024 μεταγνοὺς
2792 959 2901 1025 γὰρ
2936 959 2964 1010 6
2995 958 3284 1026 προφήτης
3328 956 3415 1025 ἐφ’
3440 951 3520 1022 οἷς
3559 957 3781 1029 ἦλπισεν

2216 1047 2308 1100 ἐπὶ
2333 1051 2396 1117 τῇ
2429 1049 2642 1101 συνέσει
2697 1050 2887 1107 Χουσὶ,
2938 1048 3280 1118 ὑποθεμένου
3327 1049 3494 1103 αὐτοῦ
3534 1050 3605 1102 τὰ
3665 1050 3782 1119 περὶ

2214 1140 2310 1210 τῆς
2343 1141 2559 1209 ἀπάτης
2598 1140 2940 1212 ’Δόεσαλὼμ,
2975 1144 3070 1196 καὶ
3098 1142 3165 1195 τὰ
3201 1143 3329 1212 περὶ
3360 1140 3456 1194 τοῦ
3499 1142 3778 1195 διασκεδά-

2214 1249 2303 1284 σαι
2334 1232 2432 1301 τὴν
2463 1232 2658 1302 βουλὴν
2696 1233 3004 1303 ’Δχιτᾶφελ,
3043 1232 3134 1285 τδν
3178 1231 3394 1301 ψαλμὸν
3449 1229 3641 1284 τοῦτον
3678 1229 3784 1302 ᾅδει

2213 1325 2290 1391 τῷ
2348 1325 2488 1396 Θεῷ,
2535 1327 2631 1396 οὐχ
2692 1327 2837 1398 ὑπὲρ
2883 1321 2957 1380 ὧν
3002 1326 3161 1398 ἔτυχε
3197 1326 3349 1396 παρὰ
3378 1326 3478 1393 τῆς
3503 1325 3594 1379 τοῦ
3626 1324 3785 1378 Χουσὶ

2216 1420 2509 1484 συνέσεως,
2569 1420 2683 1473 ἀλλ’
2741 1421 2886 1491 ὑπὲρ
2921 1415 2994 1474 ὧν
3037 1420 3137 1490 τῆς
3194 1420 3328 1491 πρὸς
3386 1418 3523 1472 Θεὸν
3581 1418 3786 1478 ἐλπίδος

2213 1512 2507 1581 ἀφέμενος,
2569 1512 2880 1585 τεθάῥρηκε
2938 1513 3051 1576 τοῖς
3114 1512 3317 1578 λόγοις,
3355 1507 3436 1574 οἷς
3489 1511 3714 1581 εἴρηκεν
3762 1510 3789 1561 6

2213 1605 2381 1658 Χουσὶ
2434 1604 2570 1673 πρὸς
2611 1605 2960 1676 Ἀϐεσαλὼμ,
3020 1605 3349 1667 ἀποσταλεὶς
3417 1605 3566 1672 παρά
3607 1602 3786 1656 αὑτοῦ.

2217 1698 2373 1751 Ἔστι
2406 1697 2499 1752 οὖν
2528 1698 2841 1769 ἱλαστήριος
2867 1700 2900 1769 ὴ
2927 1699 3061 1770 ᾠδὴ,
3106 1698 3199 1751 τὸν
3244 1698 3378 1750 Θεὸν
3416 1695 3791 1765 ἐξευμενίζον-

2215 1805 2305 1852 σα,
2341 1790 2433 1842 καὶ
2465 1789 2865 1858 παρακαλοῦσα
2893 1789 2972 1853 είς
2996 1788 3273 1859 βοήθειαν.

522 1885 654 1942 tam,
689 1878 835 1946 quod
903 1893 1054 1949 spem
1095 1879 1330 1948 aliquam
1377 1879 1652 1950 posuisset
1701 1879 1755 1933 in
1812 1880 2100 1948 prudentia
2143 1888 2198 1937 οι
2223 1882 2468 1938 consiliis
2502 1881 2692 1946 Chusi.
2759 1885 2851 1954 qui
2906 1884 2953 1939 ei
3005 1890 3257 1939 suaserat
3319 1881 3678 1946 deceptorum
3735 1890 3791 1932 se

519 1968 853 2024 Absalonem
882 2009 897 2034 ,
949 1978 1004 2025 et
1050 1969 1445 2038 dissipaturum
1473 1970 1703 2026 consilia
1731 1970 2094 2040 Acbitophel,
2140 1971 2455 2043 bujusmodi
2486 1976 2754 2044 psalmum
2795 1977 3105 2047 composnit
3139 1984 3190 2031 et
3221 1975 3422 2031 cecinit
3481 1974 3618 2036 Deo,
3685 1984 3789 2026 non

521 2075 618 2131 pro
647 2061 926 2116 beneﬁciis
953 2077 1073 2133 quae
1103 2070 1432 2118 consecutus
1462 2062 1637 2119 fuerat
1701 2080 1729 2118 a
1789 2064 2081 2134 prudentia
2110 2075 2164 2120 et
2205 2065 2437 2122 consilio
2461 2065 2633 2123 Chusi
2667 2084 2679 2118 :
2723 2067 2818 2124 sed
2853 2070 2982 2138 quia
3018 2070 3136 2138 ipse
3168 2070 3368 2122 amissa
3400 2067 3487 2120 illa
3520 2081 3640 2135 spe,
3667 2079 3782 2134 quae

523 2153 798 2224 praecipue
823 2155 877 2209 in
905 2155 1073 2210 Deum
1111 2156 1358 2211 habenda
1389 2164 1549 2222 erat,
1579 2158 1755 2228 magis
1813 2158 1985 2214 fretus
2025 2159 2098 2216 sit
2140 2160 2194 2216 in
2227 2162 2408 2217 verbis
2486 2162 2699 2228 Chusi,
2769 2179 2799 2217 a
2857 2177 2916 2219 se
2974 2161 3042 2218 ad
3089 2162 3414 2216 Absalonem
3468 2161 3648 2215 missi.
3704 2158 3790 2212 Est

521 2244 689 2315 igitur
750 2249 841 2303 hic
913 2249 1161 2318 psalmus
1217 2247 1679 2321 propitiatorius,
1736 2253 2025 2324 placatque
2074 2267 2129 2310 et
2168 2256 2491 2312 benevolum
2535 2257 2710 2312 reddit
2746 2256 2918 2313 Deum
2986 2256 3059 2312 ob
3132 2255 3486 2311 commissum
3553 2267 3792 2309 errorem

522 2341 785 2409 illumque
806 2341 860 2396 in
888 2341 1150 2396 auxilium
1184 2358 1344 2399 suum
1389 2344 1642 2398 advocat.

589 2430 760 2488 Vens.
789 2432 844 2488 2.
869 2431 1087 2488 Domine
1106 2433 1247 2487 Deus
1273 2451 1438 2497 meus,
1482 2436 1538 2488 in
1565 2443 1614 2488 te
1645 2435 1873 2501 speravi,
1905 2436 2104 2490 salvum

2287 2433 2461 2499 Κύριε
2500 2432 2534 2484 ὁ
2556 2431 2697 2495 Θεός
2724 2446 2865 2497 μου,
2893 2428 2993 2482 ἐπὶ
3040 2427 3140 2482 σοι
3171 2427 3410 2496 ἤλπισα
3447 2442 3458 2454 ·
3489 2425 3705 2481 σῶσιῗν
3723 2441 3793 2495 με

520 2543 600 2580 me
623 2525 710 2596 {ac
745 2541 810 2580 ea:
852 2526 1095 2580 omnibus
1142 2527 1568 2596 persequentibus
1607 2543 1708 2590 me,
1732 2534 1781 2580 et
1807 2527 1972 2580 libera
2000 2544 2102 2582 me.

522 2615 673 2671 Lit-et
698 2656 714 2680 ,
747 2615 926 2685 inquit
958 2656 973 2682 ,
1003 2615 1077 2670 ob
1112 2615 1456 2686 prudentiam
1490 2615 1657 2671 Chusi
1692 2615 1916 2685 adjutus
1951 2618 2053 2671 sim
2087 2657 2100 2682 ,

519 2721 572 2763 et
603 2706 883 2778 paululum
949 2707 1333 2776 respiraverim
1363 2747 1378 2771 ,
1422 2714 1748 2777 tempusque
1798 2711 2102 2776 acceperim

516 2800 585 2856 ad
614 2783 1058 2870 congregandum
1094 2801 1400 2854 exercitum
1427 2838 1442 2860 ,
1493 2815 1639 2853 nunc
1701 2808 1882 2853 tamen
1918 2802 1970 2854 iu
2012 2802 2104 2854 illo

519 2892 756 2960 amplius
809 2907 914 2945 non
967 2890 1185 2946 confido
1218 2907 1232 2944 :
1263 2899 1318 2945 et
1371 2906 1495 2946 cum
1557 2891 1872 2960 propediem
1905 2909 2103 2963 pugnae

518 2984 636 3040 dies
663 2984 791 3038 milii
826 2985 1028 3049 instet,
1065 2997 1093 3034 a
1124 2991 1178 3037 te
1214 2997 1322 3036 uno
1358 2983 1566 3051 pendeo
1593 3024 1608 3047 ,
1643 2984 1695 3038 in
1733 2999 1895 3052 quem
1934 3001 2100 3039 unum

517 3090 710 3131 omnes
743 3090 868 3144 spes
899 3090 1052 3129 meas
1078 3075 1370 3130 collocavi.
1402 3076 1515 3127 Alia
1548 3075 1693 3130 enim
1731 3077 1932 3139 omnia,
1967 3079 2101 3130 ami-

517 3181 614 3222 cos
644 3167 927 3232 nimirum,
955 3167 1138 3221 socios
1163 3210 1178 3233 ,
1209 3183 1271 3221 ac
1304 3168 1505 3222 milites
1535 3210 1549 3231 ,
1576 3169 1820 3222 secundo
1875 3169 1927 3222 iu
1981 3169 2102 3224 loco

518 3274 728 3329 reputo.
758 3260 1034 3330 Scriptum
1067 3266 1151 3314 est
1185 3259 1330 3314 enim
1360 3278 1375 3313 :
1433 3259 1755 3314 Maledictus
1812 3263 1964 3315 homo
2009 3266 2099 3333 qui

521 3370 660 3420 spem
695 3353 841 3420 ponit
922 3355 975 3406 in
1000 3353 1208 3407 homine
1237 3354 1307 3408 ’⁵.
1347 3353 1480 3407 Item
1515 3374 1530 3408 :
1581 3352 1780 3407 Beatus
1820 3355 1976 3410 homo
2013 3357 2102 3424 qui

516 3455 691 3513 sperat
729 3446 782 3499 in
833 3455 882 3501 te
926 3447 1014 3511 ἀς
1073 3455 1126 3499 et.
1179 3445 1642 3515 quemadmodum
1696 3445 1859 3499 alium
1921 3447 2101 3502 colere

516 3551 680 3606 quam
755 3537 919 3592 Deum
991 3552 1098 3591 non
1155 3537 1420 3591 debemus
1453 3575 1467 3600 ,
1517 3537 1596 3590 sic
1651 3536 1814 3590 etiam
1861 3536 1915 3590 in
1967 3538 2102 3591 alios

519 3642 740 3700 sperare
770 3644 871 3684 nos
919 3643 1027 3684 non
1077 3627 1234 3684 decet
1279 3643 1442 3698 quam
1477 3629 1530 3682 in
1582 3628 1713 3681 Deo.
1764 3626 1862 3684 llle
1914 3639 2097 3685 autem

519 3723 718 3776 salvari
739 3723 941 3776 dicitur
964 3723 1054 3791 qui
1087 3723 1139 3776 in
1164 3720 1308 3775 bello
1338 3724 1457 3776 sine
1476 3722 1701 3777 vulnere
1722 3733 2096 3790 conservatur,

2208 2529 2273 2579 ἐκ
2307 2524 2549 2578 πάντων
2579 2521 2699 2575 τῶν
2723 2520 3064 2575 διωκόντων
3089 2538 3187 2589 με,
3221 2522 3318 2574 καὶ
3363 2521 3553 2588 ῥῦσαι
3584 2536 3680 2587 με.
3733 2520 3791 2572 Et

2206 2619 2302 2672 καὶ
2332 2617 2484 2685 παρά
2514 2616 2610 2685 τῆς
2635 2614 2731 2668 τοῦ
2758 2614 2950 2679 Χουσὶ,
2972 2613 3159 2686 φησιν,
3178 2611 3470 2682 ὠφέλημαι
3500 2613 3791 2678 συνέσεως,

2209 2709 2563 2771 ἀναπνεύσας
2592 2707 2810 2777 μικρὸν,
2833 2706 2929 2758 καὶ
2956 2705 3139 2758 λαϐὼν
3170 2704 3363 2772 καιρὸν
3410 2706 3490 2766 εἰς
3541 2704 3792 2774 παράτα-

2209 2805 2290 2867 ξιν
2320 2820 2332 2832 ·
2370 2802 2508 2856 ἀλλά
2539 2799 2633 2852 νῦν
2678 2800 2778 2853 οὐκ
2812 2798 2901 2851 ἐπ’
2954 2798 3150 2868 ἐκείνῳ
3209 2797 3449 2868 θαρῤῶν,
3493 2797 3794 2866 ἀνταγωνί-

2208 2895 2396 2961 ζεσθαι
2430 2893 2612 2963 μέλλω
2639 2908 2651 2920 '
2682 2893 2850 2963 μόνης
2889 2891 2944 2944 δὲ
2967 2891 3065 2960 τῆς
3094 2892 3192 2961 σῆς
3243 2890 3459 2953 ἐλπίδος
3507 2889 3791 2958 ἐκκρέμα-

2210 3009 2332 3062 μαι,
2367 2989 2596 3060 δεύτερα
2613 2987 2661 3040 τ’
2691 2987 2827 3042 ἄλλα
2858 2986 3036 3041 πάντα
3067 2984 3439 3052 λογιζόμενος,
3467 2984 3560 3036 καὶ
3580 2983 3792 3052 φίλους,

2205 3085 2301 3137 καὶ
2336 3081 2683 3151 συμμάχους,
2729 3080 2826 3132 καὶ
2864 3075 3226 3149 στρατιώτας.
3271 3077 3586 3147 Γέγραπται
3632 3074 3746 3144 γάρ
3773 3091 3786 3104 ·

2219 3172 2688 3241 Ἐπικατάρατος
2727 3171 3036 3242 ἄνθρωπος,
3081 3171 3109 3222 6
3149 3169 3384 3234 ἐλπίζων
3440 3167 3528 3221 ἐπ’
3577 3167 3791 3238 ἄνθρω-

2206 3287 2326 3322 πον.
2364 3268 2478 3323 Καὶ
2496 3265 2684 3335 ὥσπερ
2711 3265 2772 3317 οὕ
2802 3261 2909 3334 χρὴ
2935 3263 3066 3318 ἄλλο
3114 3279 3169 3316 τι
3205 3261 3386 3315 σέϐειν
3431 3260 3584 3331 παρά
3631 3259 3787 3323 Θεὸν,

2204 3362 2379 3423 οὕτως
2411 3359 2532 3413 οὐδὲ
2564 3359 2650 3410 ἐπ’
2695 3356 2854 3411 ἄλλον
2880 3354 3145 3420 ἐλπίζειν,
3181 3355 3213 3422 ἢ
3243 3355 3334 3408 ἐπὶ
3357 3353 3451 3406 τὸν
3483 3352 3641 3410 Θεόν,
3678 3353 3792 3405 Καὶ

2206 3449 2439 3514 σώζεται
2479 3447 2579 3516 μέν
2611 3463 2695 3510 τις
2725 3445 3160 3515 διατηρούμενος
3193 3447 3251 3498 ἐν
3290 3444 3550 3514 πολέμοις
3601 3443 3790 3514 ἄτρω-

2203 3560 2296 3605 τος
2329 3557 2344 3572 ’
2379 3539 2569 3612 ῥύεται
2607 3540 2663 3593 δὲ
2695 3538 2897 3609 πάντῃ,
2927 3539 3037 3591 τῶν
3062 3536 3462 3607 ἐπιτιθεμένων
3508 3537 3792 3591 ἀπαλλατ-

2203 3635 2450 3704 τόμενος.
2487 3632 2739 3686 Πάντων
2765 3632 2833 3685 δὲ
2866 3630 2985 3685 τῶν
3007 3631 3347 3685 διωκόντων
3376 3625 3522 3695 εἷπε,
3548 3629 3636 3683 διὰ
3664 3630 3793 3692 τοὺς

2204 3725 2282 3794 τῷ
2340 3723 2646 3795 πατραλοίᾳ
2701 3724 3266 3794 συναποστήσαντας,
3323 3721 3603 3791 φονῶντας
3665 3717 3790 3775 κατ’

513 3822 567 3868 et
592 3814 727 3883 eripi
766 3814 811 3869 is
846 3815 939 3882 qui
984 3814 1052 3869 ab
1077 3814 1362 3867 invasione
1394 3821 1558 3882 atque
1589 3813 1793 3883 impetu
1848 3814 2101 3870 inimico—

2209 3816 2369 3870 αὑτοῦ
2423 3817 2518 3868 καὶ
2579 3815 2853 3884 διψῶντας
2890 3815 2981 3868 τὸν
3021 3814 3216 3868 τούτου
3261 3813 3513 3868 Θάνατον.
3578 3815 3652 3866 Ἦ
3697 3814 3792 3867 καὶ

520 3924 638 3962 rum
699 3907 990 3961 liberatur.
1042 3905 1123 3961 Ea:
1170 3907 1412 3960 omnibus
1460 3916 1634 3960 autem
1676 3909 2101 3976 persequentibus

518 4018 621 4065 me,
656 4001 816 4066 dixit,
850 4009 1073 4069 propter
1105 4014 1200 4054 eos
1241 4001 1332 4069 qui
1396 4000 1726 4070 parricidam
1789 4001 1956 4054 filium
2013 4017 2101 4055 se-

519 4094 856 4162 quebantur,
880 4101 934 4147 et
960 4094 1082 4162 ejus
1120 4105 1347 4146 mortem
1380 4093 1729 4162 appetebant.
1774 4092 1873 4147 Vel
1910 4093 2097 4149 aliter:

518 4186 611 4240 Ille
641 4186 838 4241 salvari
874 4186 1076 4241 dicitur
1116 4185 1207 4255 qui
1239 4186 1490 4238 inﬁrmus
1519 4193 1644 4251 est;
1675 4185 1813 4256 eripi
1849 4201 1977 4240 vero
2002 4201 2098 4242 seu

518 4276 739 4332 liberari
765 4278 853 4332 ille
881 4279 971 4348 qui
1009 4289 1092 4334 est
1127 4277 1399 4347 captivus.
1457 4276 1614 4329 Salva
1669 4293 1752 4331 me
1819 4278 1984 4346 igitur
2042 4285 2102 4331 ut

520 4371 796 4423 infirmum
838 4387 850 4422 :
908 4378 960 4424 et
1003 4371 1168 4424 libera
1216 4386 1302 4425 me
1352 4369 1505 4437 quasi
1552 4372 1865 4438 captivum;
1931 4370 2097 4424 timeo

518 4463 662 4516 enim
704 4478 770 4516 ne
810 4462 879 4517 ab
913 4461 1150 4518 inimicis
1177 4459 1632 4532 comprehendar.
1677 4459 1794 4527 Vel,
1824 4463 1972 4516 salva
2005 4477 2093 4516 me

519 4555 588 4608 ab
623 4554 864 4609 inimicis
901 4555 1190 4624 prtesentis
1220 4556 1344 4608 vita:
1383 4571 1396 4606 :
1425 4565 1479 4608 et
1508 4555 1676 4608 libera
1703 4570 1787 4609 me
1835 4553 1905 4608 ab
1951 4555 2097 4608 iuvi-

519 4646 772 4702 sibilibus
805 4646 1066 4708 inimicis,
1131 4645 1227 4715 qui
1264 4658 1385 4714 post
1421 4655 1650 4698 mortem
1682 4660 1855 4698 meam
1900 4646 2094 4701 animae

2206 3907 2441 3972 σώζεται
2475 3907 2642 3976 μὲν,ὁ
2666 3906 2910 3960 ἀσθενῶν
2928 3923 2941 3938 ⁸
2971 3906 3162 3977 ῥύεται
3185 3905 3241 3961 δὲ
3268 3907 3296 3960 6
3324 3908 3379 3958 ἐν
3410 3905 3789 3977 αἰχμαλωσίᾳ.

2202 3998 2384 4052 Σῶσόν
2422 4017 2490 4068 με
2519 3997 2632 4061 οὖν,
2657 3997 2731 4059 ὡς
2760 3997 2963 4067 ἀσθενῆ
2998 4015 3010 4026 ’
3041 3998 3205 4068 pem
3255 4016 3349 4068 με,
3377 3997 3451 4061 ὡς
3504 3997 3794 4068 αἰχμάλω-

2199 4110 2311 4153 τον,
2355 4092 2560 4153 ἐλπίζω
2610 4092 2744 4161 γὰρ,
2804 4091 2930 4145 ὅσον
2971 4091 3160 4155 οὔπω,
3207 4091 3618 4161 σαγηνευθῆναι
3672 4092 3791 4152 τοῖς

2202 4174 2436 4256 ὲίθροῖς.
2473 4187 2538 4238 Ἥ
2565 4184 2679 4246 καὶ,
2706 4184 2887 4238 Σῶσόν
2914 4203 3010 4254 με,
3036 4185 3224 4254 φησὶν,
3254 4183 3362 4238 ἀπὸ
3406 4184 3516 4237 τῶν
3553 4182 3793 4237 ἐνταῦθα

2208 4273 2659 4327 καταδιωχόντων
2691 4273 2758 4343 μὲ
2792 4274 3071 4344 πολεμίων
3101 4290 3115 4305 ·
3156 4273 3316 4346 ῥῦσαι
3354 4291 3422 4343 με
3445 4272 3501 4326 δὲ
3531 4273 3631 4326 καῖ
3680 4273 3792 4325 ἀπὸ

2205 4366 2315 4418 τῶν
2342 4366 2482 4436 μετά
2510 4365 2739 4419 θάνατον
2765 4365 2926 4427 εὐθὺς
2952 4364 3361 4436 ἐξερευνώντων
3410 4365 3480 4418 τὰ
3511 4364 3791 4433 στίγματα

2204 4460 2302 4529 τῆς
2332 4457 2511 4529 ψυχῆς
2540 4459 2792 4528 ἀοράτων
2832 4458 3068 4528 ἐχθρῶν,
3110 4459 3205 4512 ἐπὶ
3230 4456 3307 4527 τῷ
3347 4459 3666 4527 κατασχεῖν,
3710 4455 3788 4516 ὡς

2205 4547 2345 4604 εἶναι
2383 4552 2483 4620 τὴν
2520 4549 2706 4618 δέησιν
2740 4551 2957 4620 διπλὴν,
3009 4549 3152 4620 ὑπὲρ
3190 4549 3291 4619 τῆς
3341 4549 3650 4619 παρούσης,
3691 4548 3789 4602 καὶ

2203 4646 2302 4714 τῆς
2339 4642 2642 4714 μελλούσης
2671 4643 2815 4713 ζωῆς
2827 4684 2838 4696 .

521 4753 656 4792 meae
687 4738 930 4793 maculas
969 4752 1160 4791 omnes
1258 4737 1652 4803 perscrutaturi
1704 4745 1877 4803 sunt,
1939 4737 1986 4792 si
2066 4753 2176 4806 quo
2215 4743 2376 4808 pacto
2437 4735 2671 4790 fortasse
2717 4751 2836 4790 eam
2890 4737 3168 4804 potuerint
3241 4733 3707 4806 comprehendere
3767 4758 3783 4794 :

520 4829 829 4897 duplexque
856 4837 962 4881 erit
986 4827 1143 4896 juxta
1167 4827 1310 4879 hunc
1335 4842 1557 4881 sensum
1579 4829 1789 4896 petitio,
1820 4844 1919 4898 pro
1950 4830 2199 4898 praesenti
2229 4829 2440 4884 scilicet
2467 4828 2598 4890 vita.
2632 4838 2684 4882 et
2707 4843 2806 4897 pro
2841 4825 3045 4882 futura.

591 4924 742 4977 Vens
791 4923 844 4977 5.
882 4921 1179 4991 Nequaudo
1208 4923 1381 4989 rapiat
1418 4931 1474 4975 ut
1523 4921 1601 4974 leo
1635 4927 1869 4975 animum
1903 4939 2095 4976 meam.

2276 4922 2524 4990 Μήποτε
2550 4922 2793 4989 ἁρπάσῃ
2825 4921 2904 4987 ὡς
2927 4921 3085 4975 λέων
3109 4922 3226 4989 τὴν
3252 4920 3467 4990 ψυχήν
3486 4939 3628 4990 μου.
3671 4920 3786 4972 Τὸν

522 5017 849 5071 .-’11)εα1οιιοῐη
931 5015 1101 5068 filium
1158 5014 1300 5069 leoni
1351 5022 1655 5082 comparat,
1710 5015 1780 5069 ob
1834 5031 2104 5069 summam

523 5109 673 5162 illius
735 5110 1121 5173 temeritatem,
1203 5107 1484 5173 ferociam,
1545 5119 1710 5177 atque
1764 5109 2108 5178 impudentes

527 5219 719 5257 ausus.
758 5202 852 5256 Vel
888 5202 1139 5256 fortassis
1173 5201 1240 5256 de
1305 5200 1550 5254 daemone
1611 5216 1792 5254 sermo
1845 5212 1946 5265 est,
2011 5205 2104 5272 qui

527 5297 670 5350 leoni
713 5295 1103 5352 convenienter
1136 5301 1525 5362 comparatur;
1563 5294 1688 5362 quia
1744 5293 1904 5349 sicuti
1963 5295 2104 5350 leoni

525 5406 587 5444 os
623 5404 686 5442 ac
740 5389 925 5442 fam-es
968 5387 1107 5440 male
1138 5386 1305 5448 olent,
1366 5385 1438 5439 ita
1491 5386 1655 5440 etiam
1715 5401 1778 5441 os
1840 5387 2106 5444 (immunis

530 5488 788 5533 eructans
822 5478 1191 5547 blaspliemias
1233 5478 1371 5531 maie
1406 5477 1534 5531 olet.
1578 5477 1772 5547 Figura
1832 5477 1992 5531 etiam
2023 5479 2107 5532 vi-

606 5661 652 5690 ”
679 5656 878 5711 .lcrem.
929 5671 1060 5720 xv”,
1100 5656 1149 5707 ii.
1244 5653 1290 5684 ’⁸
1323 5651 1844 5718 Psal.l.uxm,15.

2215 5013 2541 5084 Ἀὁεσαλὼμ
2573 5013 2829 5083 ὀνομάζει
2859 5013 3072 5080 λέοντα,
3102 5013 3192 5067 διὰ
3229 5013 3327 5084 τὴν
3359 5014 3665 5082 ἀγριότητα
3685 5015 3784 5066 καὶ

2205 5106 2550 5176 θρασύτητα,
2599 5107 2694 5160 καὶ
2751 5107 3111 5176 ἀναίσχυντον
3166 5105 3365 5178 ὁρμήν.
3400 5107 3472 5158 Ἦ
3539 5107 3632 5159 καὶ
3686 5104 3785 5156 τὸν

2202 5198 2453 5252 διάϐολον
2498 5199 2831 5251 αἰνίττεται*
2890 5199 3125 5261 δυσῶδες
3180 5200 3291 5270 γὰρ
3340 5198 3401 5249 τὸ
3451 5198 3628 5267 στόμα
3679 5196 3781 5251 τοῦ

2203 5289 2415 5355 λεόντος
2437 5309 2451 5322 ·
2488 5289 2724 5352 δυσῶδες
2753 5291 2811 5343 δὲ
2835 5292 2926 5345 καὶ
2950 5291 3012 5345 τὸ
3057 5289 3151 5344 τοῦ
3204 5289 3474 5355 διαϐόλου,
3536 5288 3779 5360 βλασφη-

2206 5384 2335 5451 μίας
2369 5382 2817 5452 ἐξερευγόμενον.
2853 5383 2963 5436 Καὶ
3001 5383 3111 5452 γάρ
3158 5383 3187 5434 6
3235 5382 3439 5451 Κύριος
3495 5378 3634 5433 κατὰ
3683 5380 3782 5430 τὸν

2204 5476 2397 5545 καιρὸν
2419 5476 2511 5529 τοῦ
2534 5478 2740 5542 πάθους
2781 5475 2970 5546 ἔλεγε·
3006 5475 3135 5531 Νῦν
3184 5479 3216 5533 ό
3273 5474 3475 5543 ἄρχων
3529 5470 3636 5526 τοῦ
3677 5469 3775 5523 κό-

1877 5742 2072 5803 Varite
2106 5739 2434 5801 lectiones.

602 5852 709 5911 (53)
759 5849 989 5904 Graece:
1040 5849 1307 5918 Siquidem
1367 5849 1526 5904 (Νηιδὲ
1561 5847 1705 5902 filius
1745 5848 1985 5903 dexterae
2039 5844 2444 5912 interpretatur.
