4130 6304
229 344 327 408 l2!

1380 343 1771 404 COMMENT.
1807 342 1890 405 IN
1923 344 2295 409 PSALMOS.

3375 347 3479 412 1312

229 458 458 529 ’Υψηλδς
511 454 609 522 ῶν,
667 458 869 530 φάνηθι
923 457 1085 513 τοῦτο
1137 458 1232 512 καὶ
1288 460 1404 522 τοῖς
1457 454 1791 527 ἀνθρώποις.

1901 457 2044 515 altus
2104 461 2183 516 sis
2243 469 2300 517 et
2358 460 2632 528 sublimis,
2687 463 2760 518 ita
2811 474 2971 528 etiam
3025 483 3252 540 apparo,
3313 474 3480 534 atque

219 551 476 618 Φανήσεις
498 547 556 603 δὲ
580 548 740 604 τοῦτο
766 551 825 602 ἐν
855 550 966 614 τοῖς
988 548 1226 614 τέλεσιν,
1261 551 1381 621 ἤτοι
1404 551 1462 604 ὲν
1487 552 1606 613 ταῖς
1638 551 1797 603 ἀναι-

228 643 400 696 οέσεσι
430 641 541 694 τῶν
559 640 771 712 ἐχθρῶν
793 656 907 694 σου*
930 642 1086 705 τέλος
1106 640 1217 712 γὰρ
1239 642 1341 711 τῆς
1362 641 1596 696 ἑκάστου
1621 641 1792 710 ζωῆς,

224 739 250 788 ὁ
281 734 524 798 θάνατος’
556 734 605 786 οε
627 732 684 787 δὲ
711 733 836 804 ἐμοὶ
868 734 1078 805 ἐχθροὶ,
1119 735 1216 790 καὶ
1249 735 1334 789 σοι
1378 735 1540 800 εἰσιν,
1572 728 1661 788 οἷα
1693 733 1796 795 τὰς

229 827 320 892 σὰς
343 825 563 888 ἐντολὰς
591 825 1070 898 παραϐεϐηκότες.

295 999 687 1070 Ἕξεγέρθητι,
739 1001 918 1071 Κύριε
973 1005 1006 1058 ὁ
1039 1003 1184 1069 Θεός
1236 1022 1375 1073 μου,
1411 1004 1481 1058 ἐν
1536 1001 1802 1073 προστά-

217 1111 383 1164 γματι
427 1087 475 1162 ᾧ
511 1094 806 1150 ὲνετειλω.
863 1096 958 1166 Μὴ
1017 1098 1457 1170 μακροθυμήσῃς
1508 1096 1627 1151 ἔτι·
1677 1095 1795 1150 ἀλλ’

219 1187 422 1257 ἄμυνον
446 1188 536 1243 διὰ
563 1189 625 1243 τὺ
656 1191 990 1260 πρόσταγμα
1022 1189 1051 1243 δ
1076 1189 1352 1256 ὲνετείλω,
1391 1182 1435 1258 ᾧ
1461 1190 1683 1260 ἐχρήσω
1711 1189 1800 1243 διὰ

214 1279 476 1346 Μωσέως,
504 1282 567 1336 τὸ
596 1281 746 1352 Τίμα
776 1283 886 1338 τὸν
905 1282 1130 1353 πατέρα
1144 1300 1284 1350 σου,
1319 1284 1415 1337 καὶ
1437 1283 1555 1349 τὴν
1569 1283 1801 1352 μητέρα

214 1388 350 1427 σου.
382 1373 500 1428 Νῦν
523 1374 578 1428 δὲ
600 1375 628 1427 ὁ
652 1374 786 1445 ὲμδς
819 1377 974 1438 παῖς,
994 1376 1257 1446 ὲλύττησε
1281 1377 1421 1429 κατὰ
1445 1374 1538 1428 τοῦ
1568 1375 1799 1445 πατρός.

218 1465 369 1520 Ἐστι
397 1466 454 1520 δὲ
483 1467 578 1520 καὶ
601 1466 779 1531 ἄλλως
807 1467 1059 1522 ἐκλαϐεῖν
1087 1468 1380 1537 τὸνλόγον,
1411 1467 1494 1522 ὅτι
1527 1467 1660 1534 περὶ
1695 1465 1791 1519 τοῦ

219 1559 526 1630 μυστηρίου
581 1559 682 1630 τῆς
737 1561 1091 1624 ἀναστάσεως
1140 1563 1171 1614 ὁ
1220 1561 1508 1633 προφήτης
1558 1559 1800 1629 εὖχεται’

213 1655 401 1724 εἴρηκε
440 1653 552 1722 γὰρ
595 1653 654 1706 ὲν
680 1654 794 1716 τοῖς
827 1652 1186 1722 Εὐαγγελῑοις
1229 1658 1257 1708 ὁ
1305 1653 1513 1724 Κύριος
1541 1653 1673 1724 περὶ
1707 1650 1803 1705 τοῦ

214 1745 345 1799 ἰδίου
375 1747 632 1814 σώματος
665 1744 802 1816 πρὸς
841 1744 1166 1809 Ἰουδαίουςο
1217 1747 1457 1801 Λύσατε
1501 1744 1608 1799 τὸν
1649 1744 1804 1799 ναὸν

1897 557 2130 613 ostende
2167 567 2221 614 le
2250 558 2568 616 hominibus
2599 577 2615 617 :
2646 562 2954 631 bujusmodi
2978 577 3158 623 autem
3186 564 3482 634 apparebis

1899 648 1954 702 in
1980 647 2202 715 ﬁnibus,
2228 648 2330 704 hoc
2375 659 2462 706 est
2503 651 2556 705 in
2613 660 2788 708 morte
2845 655 3192 711 inimicorum
3237 662 3479 707 tuorum.

1899 734 2051 793 Mors
2101 739 2305 809 quippe
2336 741 2773 810 uniuscuiusque
2807 744 2930 800 finis
2956 757 3033 799 est
3080 764 3094 800 :
3155 759 3308 799 meos
3353 757 3483 795 vero

1903 828 2180 894 inimicos,
2239 830 2338 885 tibi
2388 831 2558 885 etiam
2607 832 2858 889 inimicos
2902 852 3025 892 esse
3077 852 3185 890 non
3240 836 3482 903 ambigo,

1898 935 2022 976 cum
2056 923 2313 977 mandata
2341 934 2429 977 tua
2459 926 2957 993 transgrediuntur.

1972 1011 2235 1086 Exsurge,
2279 1016 2501 1071 Domine
2555 1016 2691 1070 Deus
2731 1035 2896 1085 meus,
2939 1021 2991 1073 in
3039 1031 3294 1090 prmeepto
3351 1018 3488 1088 quod

1905 1107 2196 1162 mandasti.
2227 1107 2346 1163 Noli
2386 1109 2625 1178 amplius
2665 1125 2788 1164 esse
2837 1112 3186 1182 longanimis,
3223 1113 3316 1167 sed
3347 1113 3490 1166 ulci-

1904 1213 2059 1254 scere
2107 1207 2332 1268 propter
2379 1208 2714 1267 praeeeptum
2781 1201 2925 1266 quod
2999 1200 3288 1261 mandasti,
3346 1198 3492 1267 quod

1905 1289 2160 1345 videlicet
2210 1288 2488 1344 tradidisti
2541 1304 2636 1358 per
2665 1287 2915 1358 Moysem
2965 1289 3186 1355 iubens,
3237 1298 3496 1359 parentes

1903 1381 2265 1438 honorandos
2293 1396 2415 1436 esse
2444 1396 2473 1435 a
2511 1380 2663 1434 ﬁliis.
2699 1379 2903 1433 Verum
2932 1379 2988 1434 in
3016 1381 3308 1449 prtesentia
3350 1380 3494 1433 ﬁlius

1903 1489 2062 1530 meus
2101 1473 2290 1529 furore
2312 1474 2367 1529 in
2400 1479 2609 1543 patrem
2648 1479 2937 1542 correptus
2969 1480 3074 1526 est.
3110 1471 3415 1525 Possumus
3442 1479 3498 1523 et

1906 1567 2067 1622 aliter
2089 1566 2422 1634 intelligere,
2452 1564 2599 1634 quod
2632 1563 2906 1628 PrOpheta
2936 1577 3130 1630 preces
3164 1561 3360 1614 fundat
3393 1573 3495 1628 pro

1907 1658 2337 1715 resurrectionis
2375 1656 2662 1727 mysterio.
2715 1654 2861 1709 Dixit
2901 1654 3048 1709 enim
3106 1652 3374 1708 Dominus
3427 1650 3496 1705 ad

1908 1747 2152 1809 Judreos,
2209 1754 2268 1800 ut
2325 1747 2467 1815 apud
2536 1744 2905 1813 evangelistas
2969 1743 3243 1812 legimus:
3293 1740 3497 1794 Solvite

211 1833 318 1890 τοῦ
348 1834 526 1901 Θεοῦ,
555 1836 652 1891 καὶ
685 1837 756 1890 ἐν
784 1836 987 1905 τρισὶν
1009 1835 1258 1906 ἡμέραις
1289 1834 1667 1906 οἰκοδομήσω
1696 1838 1796 1890 αὺ-

1913 1840 2164 1906 templum
2203 1837 2319 1902 Dei,
2352 1848 2403 1892 et
2439 1838 2494 1891 in
2533 1836 2699 1891 tribus
2728 1835 2914 1889 diebus
2945 1835 3220 1902 wdiﬁcabo
3251 1832 3388 1886 illud
3425 1832 3493 1886 ’⁵.

213 1926 337 1980 τόν.
382 1926 740 1999 Ἐξεγέρθητι
770 1924 864 1980 οὖν
896 1926 984 1979 διὰ
1007 1925 1067 1979 τὸ
1099 1927 1453 1996 πρόσταγμα,
1478 1925 1506 1980 ὃ
1527 1924 1798 1980 ὲνετεῖλωο

210 2014 372 2080 εἶπας
405 2019 540 2088 γάρ·
572 2019 832 2080 Λύσατε,
866 2019 964 2071 καὶ
991 2017 1240 2074 λύσουσι.

281 2111 388 2164 Kal
418 2110 746 2180 συναγωγὴ
780 2109 949 2164 λαῶν
976 2114 1280 2167 κυκλώσει
1309 2128 1407 2168 σε.
1443 2115 1507 2167 Et
1533 2115 1644 2186 γὰρ
1676 2117 1800 2170 tm-

213 2204 502 2274 κουρήσεις
538 2220 649 2272 μοι,
683 2202 909 2274 ὄψονται
953 2204 1163 2270 πολλοὶ,
1211 2206 1310 2259 καὶ
1371 2207 1800 2277 φοϐηθήσονται,

214 2295 304 2347 καὶ
331 2291 734 2364 ἐπιστρέφουσι
780 2294 920 2366 πρὸς
955 2293 1190 2364 Κύριον.
1237 2298 1312 2350 Τὸ
1347 2298 1404 2351 δέ
1438 2316 1502 2367 γε
1555 2300 1801 2355 Κυκλώ-

211 2401 450 2453 σουσιν,
488 2385 615 2440 ἀντὶ
653 2385 772 2451 τοῦ,
804 2387 992 2456 κύκλῳ
1022 2388 1348 2456 γενήσονται
1386 2391 1495 2445 τῶν
1523 2392 1632 2444 σῶν
1659 2395 1803 2445 ἐντο-

209 2476 335 2540 λῶν,
369 2477 446 2549 μὴ
465 2477 831 2548 ἀφιστάμενοι
853 2477 1080 2532 τούτων·
1107 2480 1135 2532 ὁ
1158 2480 1266 2549 γὰρ
1287 2481 1442 2547 Θεὸς,
1471 2483 1798 2552 ἀπέραντος.

212 2569 320 2622 Καὶ
348 2570 438 2623 ἐπὶ
461 2569 566 2639 τῆς
594 2571 950 2635 ἀναστάσεως
974 2572 1030 2625 δὲ
1053 2573 1114 2625 τὸ
1146 2574 1310 2642 ῥητδν
1340 2574 1614 2643 δυνάμεθα
1640 2575 1802 2630 ἐκλα-

215 2661 358 2714 ϐεῖν·
390 2663 517 2714 τότε
568 2662 678 2734 γὰρ
732 2664 764 2735 ἡ
823 2663 935 2716 τῶν
985 2663 1155 2717 ἐθνῶν
1208 2665 1526 2734 συναγωγὴ,
1585 2667 1678 2720 ἐπὶ
1709 2666 1801 2720 τὸν

212 2755 444 2827 Χριστὸν
477 2756 761 2824 ἐγένοντο,
804 2755 1059 2826 καθάπερ
1089 2758 1147 2810 ὲν
1182 2756 1389 2827 κύκλῳ,
1439 2758 1550 2810 ἀπὸ
1581 2759 1801 2813 πάντων

209 2849 317 2900 τῶν
345 2849 609 2917 περάτων
644 2849 744 2918 τῆς
793 2850 916 2919 γῆς.
949 2849 1022 2903 Ἦ
1045 2849 1105 2902 τὸ
1154 2847 1461 2903 κυκλώσει
1497 2865 1572 2903 σε
1594 2890 1609 2913 ,
1642 2850 1796 2915 ἀντὶ,

215 2939 438 3011 ’ᾼσεται
471 2940 574 2994 καὶ
603 2939 838 3010 ὑμνήσει
867 2957 949 2994 σε.
988 2941 1211 3012 Ἐπειδὴ
1251 2940 1362 3012 γὰρ
1404 2944 1463 2994 ὲν
1496 2941 1646 3012 χορῷ
1673 2941 1801 3005 τοὺς

210 3031 410 3099 ὕμνους
440 3031 737 3103 ἀνέφερον,
770 3032 880 3086 ἀπὸ
912 3033 1008 3087 τοῦ
1055 3034 1340 3103 σχήματος
1388 3033 1483 3087 τοῦ
1539 3035 1800 3104 πράγμα-

213 3142 322 3192 τος,
355 3125 490 3181 αὐτὸ
516 3125 586 3180 τὸ
615 3127 851 3197 πρᾶγμα
879 3125 1124 3198 ᾐνίξατο.

275 3420 380 3473 Καὶ
410 3417 575 3486 ὑπὲρ
603 3417 829 3485 ταύτης
859 3420 949 3486 εἰς
981 3418 1138 3489 ὕψος
1182 3421 1596 3492 ἀπόστρεψον.
1639 3425 1799 3479 Ἐνε-

210 3527 302 3564 κεν
325 3512 538 3583 ταύτης
565 3511 665 3579 τῆς
686 3511 1033 3580 συναγωγῆς,
1066 3513 1258 3568 ἄνελθε
1296 3515 1434 3585 πρὸς
1455 3517 1548 3570 τὸν
1578 3518 1799 3590 Πατέρα

212 3604 455 3676 μεσίτηςο
490 3602 833 3674 ὲπίστρεψον
856 3605 1020 3668 εις-τδ
1039 3605 1187 3694 ⁸ὕψος
1209 3607 1312 3676 τῆς
1333 3607 1515 3678 δόξης,
1553 3603 1622 3679 ἦς
1653 3608 1800 3680 εἶχες

209 3696 309 3767 πρὸ
335 3695 431 3750 τοῦ
485 3695 701 3766 κόσμον
739 3695 1014 3766 γενέσθαι,
1070 3699 1134 3752 τὸ
1183 3698 1470 3772 ἄφραστον
1499 3703 1799 3774 πληρώσας

206 3789 302 3861 ἤδη
342 3790 522 3860 μυστή
536 3805 678 3860 ριον.

271 3903 491 3971 Κύριος
531 3900 734 3970 κρινεῖ
753 3903 964 3969 λαούς.
995 3903 1073 3957 Οὐ
1100 3904 1414 3977 παρόψεται
1435 3906 1547 3976 γὰρ
1573 3907 1642 3961 τὰ
1675 3907 1800 3963 κατ’

205 3992 334 4064 tum}
363 3993 834 4066 μεμηχανημένα.
870 3997 942 4049 Ἣ
977 3996 1071 4050 καὶ
1099 3999 1298 4068 κρινεῖ,
1331 3999 1460 4061 τοὺς
1495 4000 1598 4069 μὲν
1626 4017 1797 4070 πονηο

207 4082 330 4152 ροὺς
359 4083 739 4157 κατακρίνων,
783 4085 910 4151 τοὺς
931 4086 990 4142 δὲ
1016 4087 1258 4156 ἀγαθοὺς
1284 4089 1450 4144 ἱστῶν
1480 4091 1545 4144 ἐκ
1573 4091 1791 4158 δεξιῶν.

267 4285 487 4355 Κρῖνόν
503 4303 608 4356 με,
638 4287 836 4355 Κύριε,
870 4286 1019 4341 κατὰ
1046 4287 1164 4355 τὴν
1194 4287 1601 4357 δικαιοσύνην
1633 4308 1785 4360 μου,

207 4381 302 4434 καὶ
331 4382 481 4436 κατὰ
513 4379 639 4446 τὴν
665 4381 885 4434 κακίαν
921 4398 1040 4450 μου
1083 4380 1178 4435 ἐπ’
1207 4381 1362 4449 ἐμοί.
1411 4383 1633 4454 Ἐπειδὴ
1667 4383 1792 4456 κρει-

1909 1928 2158 1996 Exsurge
2217 1927 2408 1998 igitur,
2457 1928 2660 1997 inquit,
2697 1928 2857 1996 juxta
2919 1926 3053 1991 illud
3109 1925 3425 1979 mandatum
3475 1943 3489 1978 :

1906 2020 2093 2078 dixisti
2118 2021 2264 2074 enim
2290 2020 2508 2084 Solvite,
2535 2029 2589 2074 et
2614 2020 2846 2076 solvent.

1977 2113 2144 2170 Vens.
2166 2115 2219 2170 8.
2241 2113 2307 2168 Et
2330 2114 2667 2184 congregatio
2698 2113 3013 2182 populorum
3043 2109 3389 2165 circumdabit
3422 2117 3491 2162 te.

1907 2210 1961 2266 Si
1988 2211 2132 2266 enim
2160 2209 2290 2264 mihi
2312 2209 2529 2276 adjutor
2560 2206 2750 2272 fueris,
2791 2205 3054 2261 videbunt
3074 2205 3227 2259 multi
3254 2213 3306 2257 et
3338 2203 3497 2257 time-

1907 2302 2041 2356 bunt
2061 2311 2116 2356 et
2135 2310 2523 2356 convertentur
2537 2298 2603 2353 ad
2629 2297 2938 2355 Dominum.
2961 2297 3116 2363 Quod
3138 2311 3266 2352 vero
3289 2296 3361 2349 ait
3380 2297 3498 2350 Cir-

1908 2393 2182 2447 cumdabit
2224 2401 2290 2455 te,
2318 2393 2460 2447 idem
2494 2400 2577 2446 est
2603 2391 2770 2460 quod,
2794 2391 2951 2445 Circa
2973 2389 3228 2444 mandata
3262 2399 3352 2444 tua
3373 2403 3496 2444 ver-

1907 2487 2194 2545 Sahuntur,
2214 2494 2266 2539 et
2282 2500 2561 2551 nunquam
2582 2485 2649 2538 ab
2671 2485 2750 2538 eis
2776 2484 3031 2538 recedent
3055 2501 3068 2548 ;
3094 2499 3216 2535 nam
3247 2482 3489 2549 alioquin

1907 2578 2052 2632 Deus
2089 2576 2390 2631 immensus
2432 2585 2538 2640 est,
2583 2584 2638 2629 et
2669 2575 3064 2644 comprehendi
3123 2589 3232 2627 non
3285 2581 3490 2643 potest.

1903 2667 2208 2725 Possumus
2243 2667 2409 2721 etiarn
2457 2668 2561 2722 hoc
2606 2666 2912 2736 intelligere
2951 2666 3019 2721 de
3061 2664 3490 2720 resurrectionis

1905 2771 2186 2830 tempore;
2228 2761 2578 2830 congregatio
2610 2762 2757 2814 enim
2804 2760 3070 2829 gentium,
3108 2758 3258 2827 quasi
3289 2773 3492 2812 corona

1904 2848 2138 2917 quadam
2167 2847 2449 2903 Christum
2498 2849 2690 2912 cinxit,
2743 2863 2867 2902 cum
2923 2848 2991 2903 ab
3045 2849 3302 2903 omnibus
3335 2856 3495 2903 terrae

1904 2941 2106 2996 ﬁnibus
2149 2951 2344 3011 gentes
2384 2940 2449 2995 ad
2486 2955 2609 2994 eum
2648 2939 2995 2996 accederent.
3047 2938 3138 2993 Vel
3183 2939 3491 2991 circumda-

1905 3032 1980 3086 bit
2019 3041 2090 3094 te,
2125 3031 2228 3088 hoc
2249 3040 2354 3100 es',
2392 3032 2563 3087 Canet
2595 3042 2648 3087 et
2671 3031 3020 3097 laudabitte;
3051 3032 3105 3086 in
3136 3032 3308 3085 choro
3345 3033 3492 3087 enim

1905 3138 1969 3176 ac
2000 3131 2168 3186 catu,
2221 3122 2459 3192 hymnos
2495 3139 2558 3180 ac
2583 3123 2772 3178 laudes
2820 3121 2930 3176 Deo
2967 3138 3169 3177 canere
3227 3123 3489 3178 solemus.

1901 3213 1946 3266 A
1981 3213 2156 3268 forma
2195 3213 2364 3282 igitur
2394 3230 2490 3269 seu
2518 3214 2691 3285 ﬁgura
2731 3225 2909 3269 cretus
2953 3215 3262 3279 hominum,
3314 3214 3488 3269 Deum

1901 3304 2265 3371 laudantium,
2293 3305 2665 3359 laudationem
2689 3306 2860 3376 ipsam
2891 3305 3249 3375 signiﬁcavit.

1975 3419 2045 3473 Et
2074 3425 2286 3489 propter
2315 3419 2452 3472 hanc
2484 3419 2538 3472 in
2562 3419 2729 3472 altum
2750 3420 3040 3489 regredere.
3060 3420 3290 3488 Propter
3316 3420 3481 3484 hanc,

1901 3508 2148 3578 inquam,
2197 3508 2676 3578 congregationem
2725 3509 2994 3578 gentium,
3054 3508 3290 3564 ascende
3338 3517 3418 3573 tu,
3452 3524 3488 3563 ο

1900 3602 2189 3667 Mediator,
2229 3600 2293 3654 ad
2328 3601 2568 3662 Patrem,
2613 3609 2666 3655 et
2703 3602 2992 3670 regredere
3032 3601 3084 3655 in
3137 3601 3482 3656 altitudinem

1901 3693 2090 3762 gloria:
2121 3701 2247 3757 tum,
2293 3707 2456 3761 quam
2493 3692 2730 3748 habenas
2763 3695 3089 3762 priusquam
3116 3693 3352 3750 mundus
3399 3710 3462 3750 es

1901 3793 2007 3850 set,
2041 3793 2096 3840 et
2123 3783 2396 3839 ineffabile
2425 3785 2742 3855 mysterium
2768 3783 2987 3855 perﬁce.

1972 3897 2135 3954 Vens.
2183 3898 2238 3953 9.
2285 3898 2543 3952 Dominus
2568 3899 2843 3966 judicabit
2881 3901 3125 3954 oooulos.
3162 3899 3277 3955 Non
3311 3901 3486 3970 negli-

1901 3999 1990 4061 get
2015 3991 2281 4045 Dominus
2309 4005 2373 4044 ea
2407 4005 2528 4058 quae
2557 3991 2819 4047 adversus
2869 4006 2954 4045 me
2995 3993 3171 4046 moliti
3210 4003 3358 4057 sunt,
3388 3995 3484 4048 sed

1897 4081 2168 4151 disquiret
2190 4080 2394 4136 omnia.
2421 4079 2536 4143 Vel,
2562 4080 2828 4149 iudicabit
2854 4082 3083 4151 populos
3109 4084 3484 4141 condemnans

1898 4189 2118 4244 pravos,
2151 4172 2327 4229 bonos
2349 4188 2480 4226 vero
2513 4179 2764 4227 statuens
2793 4189 2822 4227 a
2863 4175 3093 4230 dextris.

1971 4287 2170 4342 Judica
2205 4288 2358 4352 mihi,
2383 4287 2627 4351 Domine,
2661 4289 2947 4342 secundum
2976 4289 3251 4359 justitiam
3284 4307 3478 4356 meam,

1897 4391 1949 4437 et
1999 4380 2290 4436 secundum
2341 4381 2697 4434 innocentiam
2735 4397 2906 4437 meam
2962 4397 3080 4452 qua:
3133 4383 3185 4435 in
3245 4399 3329 4435 me
3377 4394 3478 4438 est.

208 4489 341 4536 σεως
367 4471 646 4544 ἐμνήσθη,
679 4465 865 4536 Γενοῦ,
888 4473 1045 4543 φησὶ,
1065 4473 1246 4544 κάμοῦ
1279 4475 1494 4546 κριτὴς,
1520 4475 1784 4542 ἐξετάσας

1901 4473 2193 4543 Postquam
2235 4472 2481 4526 meminit
2515 4471 2709 4541 judicii
2753 4490 2768 4527 :
2807 4471 2956 4538 Esto,
2995 4474 3194 4542 inquit,
3236 4482 3291 4527 et
3344 4475 3477 4530 mihi

208 4563 300 4635 τὴν
325 4565 683 4638 δικαιοσύνην
709 4583 810 4636 μου
836 4567 904 4638 ἦν
934 4569 1178 4639 ἐτήρησα
1209 4569 1348 4639 πρός
1373 4588 1432 4624 τε
1454 4569 1546 4623 τὸν
1577 4587 1792 4638 πατρα-

206 4653 373 4724 λοίαν,
405 4659 504 4714 καὶ
528 4660 662 4721 τοὺς
692 4658 831 4728 ἀμφ’
865 4659 1049 4725 αὑτὸν,
1075 4660 1155 4714 ἔτι
1181 4679 1244 4729 γε
1266 4663 1375 4733 μὴν
1406 4665 1499 4716 καλ⁵
1530 4665 1671 4718 κατὰ
1691 4666 1792 4733 τὴν

209 4747 484 4820 ἁπλότητά
515 4766 644 4821 μου,
682 4749 770 4804 ἐπ’
795 4751 918 4816 ἐμοὶ
953 4751 1216 4820 γενέσθω.
1271 4753 1394 4816 Πῶς
1427 4749 1522 4808 οὖν
1548 4755 1784 4827 ἀλλαχοῦ

207 4837 396 4909 λέγων,
425 4841 524 4909 Μὴ
548 4841 838 4910 εἰσέλθῃς
863 4845 950 4908 εις
981 4844 1185 4911 κρίσιν
1209 4846 1360 4914 μετὰ
1404 4845 1514 4901 τοῦ
1561 4849 1789 4906 δούλου

209 4946 342 4996 σου,
387 4932 630 4987 ἐνταῦθα
657 4933 859 5002 μᾶλλον
911 4931 1131 5003 εὔχεται
1181 4936 1471 5006 κριθῆναι;
1505 4937 1631 4992 Ὀτι
1665 4939 1786 4992 ἐκεῖ

215 5018 331 5088 μὶν,
361 5023 453 5093 Μὴ
492 5022 718 5094 κριθῆς,
753 5024 914 5095 φησὶ,
943 5025 1080 5094 πρός
1113 5041 1181 5094 με
1226 5027 1313 5092 σὺ,
1350 5027 1484 5098 μηδὲ
1530 5029 1624 5081 τὸν
1653 5027 1788 5099 ἐμὸν

213 5113 322 5182 βίον
350 5116 488 5186 πρὸς
521 5114 624 5180 τὰς
650 5116 752 5179 σὰς
775 5117 1158 5189 παρεξετάσης
1175 5120 1520 5192 εὐεργεσίας·
1552 5121 1790 5176 ἐνταῦθα

212 5203 287 5270 δὲ,
322 5207 458 5278 πρὸς
501 5208 727 5280 ἑτέρους
753 5208 854 5280 τὴν
903 5209 1086 5279 κρίσιν
1121 5212 1392 5284 ἐπιζητεῖ,
1426 5214 1550 5280 τοὺς
1594 5214 1788 5288 ἀδική-

217 5315 432 5366 σαντας,
457 5300 557 5355 τοῦ
597 5301 805 5356 ἀνελεῖν
839 5302 1231 5373 ὲκζητοῦντας.

281 5501 747 5569 Συηελεσθήτω
793 5500 870 5570 δὴ
924 5505 1181 5572 πονηρία
1237 5507 1624 5577 ἁμαρτωλῶν,
1690 5509 1788 5564 καὶ

219 5593 598 5661 κατευθυνεῒς
632 5595 888 5650 δίκαιον.
943 5595 1006 5648 Ei
1051 5595 1159 5667 γὰρ
1203 5599 1464 5670 στήσεταῖ
1508 5617 1638 5655 ποτε
1680 5602 1788 5676 τῶν

291 5771 341 5805 τ’
362 5771 524 5829 Joau.
577 5789 635 5835 ιι.
676 5777 760 5835 l9.
840 5777 885 5808 ⁷⁸
921 5771 1068 5830 Psal.
1109 5786 1277 5840 exul,
1302 5773 1357 5830 2.

1895 4565 2084 4636 judex,
2118 4566 2434 4635 disquirens
2477 4565 2746 4636 justitiam
2801 4582 3001 4630 meam,
3054 4581 3220 4636 quam
3253 4569 3471 4622 servavi

1896 4657 2168 4714 adversus
2207 4657 2541 4728 parricidam
2596 4656 2792 4723 tilium,
2853 4667 2906 4713 et
2962 4659 3280 4728 complices.
3335 4660 3477 4715 Prm-

1894 4761 2037 4808 terea
2090 4751 2252 4806 etiam
2294 4749 2348 4806 id
2384 4758 2530 4821 peto,
2591 4757 2651 4803 ut
2699 4750 3004 4804 secundum
3067 4749 3473 4818 simplicitatem

1893 4858 2098 4910 meam,
2155 4844 2236 4900 sic
2289 4844 2382 4897 ﬁat
2437 4843 2592 4899 mihi.
2644 4841 2748 4899 Sed
2813 4843 3091 4914 quomodo
3123 4842 3248 4895 alibi
3312 4841 3466 4906 dicit,

1892 4935 1963 4990 Et
2025 4952 2126 4990 non
2171 4936 2335 4990 intres
2382 4936 2439 4989 in
2488 4935 2696 5003 judicio
2750 4951 2868 4989 cum
2906 4951 3054 4988 servo
3102 4944 3190 4987 tuo
3236 4933 3302 4998 ",
3349 4948 3473 4987 cum

1897 5027 1986 5083 hic
2030 5027 2261 5097 judicari
2320 5027 2554 5096 cupiat?
2614 5027 2752 5094 Quia
2817 5026 3026 5082 scilicet
3097 5026 3172 5081 ibi
3239 5024 3472 5096 judicari

1895 5117 2096 5189 refugit
2123 5133 2247 5172 cum
2287 5117 2417 5183 Deo,
2459 5126 2513 5173 et
2551 5119 2713 5172 vitam
2744 5134 2899 5173 suam
2941 5133 3064 5172 eum
3101 5117 3247 5170 illius
3276 5115 3472 5170 beneﬂ-

1895 5210 1997 5264 ciis
2026 5209 2375 5280 comparari:
2417 5225 2561 5264 nunc
2592 5219 2772 5264 autem
2805 5225 2863 5265 se
2894 5208 3044 5280 [eum
3080 5206 3212 5279 lilio]
3235 5208 3474 5277 judicari

1895 5300 2090 5371 quaerit
2120 5308 2176 5355 et
2207 5315 2332 5354 cum
2364 5299 2449 5356 his
2486 5300 2577 5367 qui
2605 5300 2834 5368 injurias
2863 5301 2912 5355 ei
2949 5301 3276 5362 intulerant,
3309 5307 3474 5368 atque

1896 5395 2211 5450 interimere
2249 5410 2375 5448 eum
2413 5395 2725 5464 cupiebant.

1967 5511 2132 5565 Vsus.
2172 5510 2258 5563 10.
2288 5509 2652 5564 Consumatur
2677 5510 3281 5581 nequitiapeccatorum.
3315 5515 3362 5560 et
3390 5507 3472 5558 di-

1896 5608 2030 5676 rigas
2052 5604 2282 5674 justum.
2319 5602 2452 5660 Nam
2483 5607 2527 5662 si
2560 5605 2857 5675 aliquando
2903 5619 3096 5660 eorum
3157 5599 3469 5670 malignitas
