  <div class='ocr_page' id='page_1' title='image "/cluster/home/n/w/nwhite01/storage/ocr_20150623/128/mdp.39015078384263/070.png"; bbox 0 0 4130 6304; ppageno 0'>
   <div class='ocr_carea' id='block_1_1' title="bbox 323 397 439 461">
    <p class='ocr_par' dir='ltr' id='par_1_1' title="bbox 323 397 439 461">
     <span class='ocr_line' id='line_1_1' title="bbox 323 397 439 461; baseline 0.017 -2"><span class='ocrx_word' id='word_1_1' title='bbox 323 397 439 461; x_wconf 71' lang='grc'><strong>125</strong></span> 
     </span>
    </p>
   </div>
   <div class='ocr_carea' id='block_1_2' title="bbox 1488 410 2401 477">
    <p class='ocr_par' dir='ltr' id='par_1_2' title="bbox 1488 410 2401 477">
     <span class='ocr_line' id='line_1_2' title="bbox 1488 410 2401 477; baseline 0.009 -8"><span class='ocrx_word' id='word_1_2' title='bbox 1488 410 1879 473; x_wconf 81' lang='lat' dir='ltr'><strong>COMMENT.</strong></span> <span class='ocrx_word' id='word_1_3' title='bbox 1929 414 2008 475; x_wconf 84' lang='grc' dir='ltr'><strong>ΙΝ</strong></span> <span class='ocrx_word' id='word_1_4' title='bbox 2038 414 2401 477; x_wconf 76' lang='lat' dir='ltr'><strong>PSALMOS.</strong></span> 
     </span>
    </p>
   </div>
   <div class='ocr_carea' id='block_1_3' title="bbox 3486 419 3590 483">
    <p class='ocr_par' dir='ltr' id='par_1_3' title="bbox 3486 419 3590 483">
     <span class='ocr_line' id='line_1_3' title="bbox 3486 419 3590 483; baseline 0 0"><span class='ocrx_word' id='word_1_5' title='bbox 3486 419 3590 483; x_wconf 81' lang='grc'>126</span> 
     </span>
    </p>
   </div>
   <div class='ocr_carea' id='block_1_4' title="bbox 316 513 1903 600">
    <p class='ocr_par' dir='ltr' id='par_1_4' title="bbox 316 513 1903 595">
     <span class='ocr_line' id='line_1_4' title="bbox 316 513 1903 595; baseline 0.01 -30"><span class='ocrx_word' id='word_1_6' title='bbox 316 513 609 583; x_wconf 70' lang='grc' dir='ltr'>ἑτοιμασία</span> <span class='ocrx_word' id='word_1_7' title='bbox 643 513 723 579; x_wconf 78' lang='grc' dir='ltr'>δὲ,</span> <span class='ocrx_word' id='word_1_8' title='bbox 759 515 820 569; x_wconf 81' lang='grc' dir='ltr'><strong>τὸ</strong></span> <span class='ocrx_word' id='word_1_9' title='bbox 874 516 1072 583; x_wconf 83' lang='grc' dir='ltr'>πλῆξαι</span> <span class='ocrx_word' id='word_1_10' title='bbox 1131 520 1370 587; x_wconf 68' lang='grc' dir='ltr'>πάντως,</span> <span class='ocrx_word' id='word_1_11' title='bbox 1405 522 1457 576; x_wconf 80' lang='grc' dir='ltr'><strong>εί</strong></span> <span class='ocrx_word' id='word_1_12' title='bbox 1515 523 1592 595; x_wconf 82' lang='grc' dir='ltr'>μὴ</span> <span class='ocrx_word' id='word_1_13' title='bbox 1629 524 1903 594; x_wconf 75' lang='grc' dir='ltr'>μεταϐάλ-</span> 
     </span>
    </p>
   </div>
   <div class='ocr_carea' id='block_1_5' title="bbox 2007 513 3591 600">
    <p class='ocr_par' dir='ltr' id='par_1_5' title="bbox 2009 528 3591 600">
     <span class='ocr_line' id='line_1_5' title="bbox 2009 528 3591 600; baseline 0.001 -21"><span class='ocrx_word' id='word_1_14' title='bbox 2009 528 2301 597; x_wconf 85' lang='lat' dir='ltr'><strong>quitatem,</strong></span> <span class='ocrx_word' id='word_1_15' title='bbox 2350 528 2422 584; x_wconf 90' lang='lat' dir='ltr'><strong>ob</strong></span> <span class='ocrx_word' id='word_1_16' title='bbox 2453 529 2828 585; x_wconf 77' lang='lat' dir='ltr'><strong>vehementem</strong></span> <span class='ocrx_word' id='word_1_17' title='bbox 2865 530 3096 600; x_wconf 85' lang='lat' dir='ltr'><strong>jactum.</strong></span> <span class='ocrx_word' id='word_1_18' title='bbox 3132 529 3224 584; x_wconf 80' lang='lat' dir='ltr'><strong>Vel</strong></span> <span class='ocrx_word' id='word_1_19' title='bbox 3267 529 3450 591; x_wconf 80' lang='lat' dir='ltr'><strong>aliter,</strong></span> <span class='ocrx_word' id='word_1_20' title='bbox 3494 544 3591 595; x_wconf 73' lang='lat' dir='ltr'><strong>per</strong></span> 
     </span>
    </p>
   </div>
   <div class='ocr_carea' id='block_1_6' title="bbox 318 605 517 660">
    <p class='ocr_par' dir='ltr' id='par_1_6' title="bbox 318 605 517 660">
     <span class='ocr_line' id='line_1_6' title="bbox 318 605 517 660; baseline 0.02 -5"><span class='ocrx_word' id='word_1_21' title='bbox 318 605 517 660; x_wconf 75' lang='grc' dir='ltr'>λοιντο.</span> 
     </span>
    </p>
   </div>
   <div class='ocr_carea' id='block_1_7' title="bbox 2010 621 3591 694">
    <p class='ocr_par' dir='ltr' id='par_1_7' title="bbox 2010 621 3591 694">
     <span class='ocr_line' id='line_1_7' title="bbox 2010 621 3591 694; baseline 0.001 -21"><span class='ocrx_word' id='word_1_22' title='bbox 2010 635 2202 675; x_wconf 83' lang='lat' dir='ltr'><strong>arcum</strong></span> <span class='ocrx_word' id='word_1_23' title='bbox 2247 621 2384 692; x_wconf 59' lang='lat'><strong>(&#39;58).</strong></span> <span class='ocrx_word' id='word_1_24' title='bbox 2442 623 2839 679; x_wconf 67' lang='lat' dir='ltr'><strong>vehementiam</strong></span> <span class='ocrx_word' id='word_1_25' title='bbox 2875 622 3455 694; x_wconf 77' lang='lat' dir='ltr'><strong>pmnarumintellige;</strong></span> <span class='ocrx_word' id='word_1_26' title='bbox 3494 637 3591 688; x_wconf 86' lang='lat' dir='ltr'><strong>per</strong></span> 
     </span>
    </p>
   </div>
   <div class='ocr_carea' id='block_1_8' title="bbox 334 703 3588 789">
    <p class='ocr_par' dir='ltr' id='par_1_8' title="bbox 334 703 3588 789">
     <span class='ocr_line' id='line_1_8' title="bbox 334 703 3588 789; baseline 0.005 -38"><span class='ocrx_word' id='word_1_27' title='bbox 334 716 503 756; x_wconf 87' lang='lat' dir='ltr'><strong>arcus</strong></span> <span class='ocrx_word' id='word_1_28' title='bbox 543 703 868 770; x_wconf 87' lang='lat' dir='ltr'><strong>tensionem,</strong></span> <span class='ocrx_word' id='word_1_29' title='bbox 893 708 1803 781; x_wconf 65' lang='lat' dir='ltr'><strong>appropinquationempoenarum,</strong></span> <span class='ocrx_word' id='word_1_30' title='bbox 1825 714 2115 771; x_wconf 81' lang='lat' dir='ltr'><strong>ettiemum</strong></span> <span class='ocrx_word' id='word_1_31' title='bbox 2159 730 2255 786; x_wconf 82' lang='lat' dir='ltr'><strong>per</strong></span> <span class='ocrx_word' id='word_1_32' title='bbox 2296 716 2544 786; x_wconf 79' lang='lat' dir='ltr'><strong>ejusdem</strong></span> <span class='ocrx_word' id='word_1_33' title='bbox 2580 725 2928 789; x_wconf 71' lang='lat' dir='ltr'><strong>apparatum,</strong></span> <span class='ocrx_word' id='word_1_34' title='bbox 2960 717 3235 787; x_wconf 89' lang='lat' dir='ltr'><strong>quomodo</strong></span> <span class='ocrx_word' id='word_1_35' title='bbox 3274 726 3588 787; x_wconf 65' lang='lat' dir='ltr'><strong>peccatores</strong></span> 
     </span>
    </p>
   </div>
   <div class='ocr_carea' id='block_1_9' title="bbox 323 792 2171 879">
    <p class='ocr_par' dir='ltr' id='par_1_9' title="bbox 323 792 2171 879">
     <span class='ocr_line' id='line_1_9' title="bbox 323 792 2171 879; baseline 0.01 -34"><span class='ocrx_word' id='word_1_36' title='bbox 323 792 466 850; x_wconf 80' lang='lat' dir='ltr'><strong>Deus</strong></span> <span class='ocrx_word' id='word_1_37' title='bbox 524 798 751 853; x_wconf 84' lang='lat' dir='ltr'><strong>omnino</strong></span> <span class='ocrx_word' id='word_1_38' title='bbox 807 814 1174 868; x_wconf 79' lang='lat' dir='ltr'><strong>percussurus</strong></span> <span class='ocrx_word' id='word_1_39' title='bbox 1224 805 1298 858; x_wconf 89' lang='lat' dir='ltr'><strong>sit</strong></span> <span class='ocrx_word' id='word_1_40' title='bbox 1357 802 1461 861; x_wconf 85' lang='lat' dir='ltr'><strong>nisi</strong></span> <span class='ocrx_word' id='word_1_41' title='bbox 1520 806 1897 876; x_wconf 71' lang='lat' dir='ltr'><strong>ptenitentiam</strong></span> <span class='ocrx_word' id='word_1_42' title='bbox 1937 808 2171 879; x_wconf 76' lang='lat' dir='ltr'><strong>egerint.</strong></span> 
     </span>
    </p>
   </div>
   <div class='ocr_carea' id='block_1_10' title="bbox 407 939 1904 1017">
    <p class='ocr_par' dir='ltr' id='par_1_10' title="bbox 407 939 1904 1017">
     <span class='ocr_line' id='line_1_10' title="bbox 407 939 1904 1017; baseline 0.003 -23"><span class='ocrx_word' id='word_1_43' title='bbox 407 941 511 994; x_wconf 76' lang='grc' dir='ltr'><em>Ἐν</em></span> <span class='ocrx_word' id='word_1_44' title='bbox 560 939 720 1005; x_wconf 83' lang='grc' dir='ltr'><strong>αὑτῷ</strong></span> <span class='ocrx_word' id='word_1_45' title='bbox 776 942 1069 1013; x_wconf 72' lang='grc' dir='ltr'><strong>ἡτοίμασε</strong></span> <span class='ocrx_word' id='word_1_46' title='bbox 1116 944 1312 1013; x_wconf 83' lang='grc' dir='ltr'>σκεύη</span> <span class='ocrx_word' id='word_1_47' title='bbox 1366 946 1649 1001; x_wconf 78' lang='grc' dir='ltr'>θανάτου.</span> <span class='ocrx_word' id='word_1_48' title='bbox 1702 947 1792 1001; x_wconf 84' lang='grc' dir='ltr'>Ἐν</span> <span class='ocrx_word' id='word_1_49' title='bbox 1825 946 1904 1017; x_wconf 82' lang='grc' dir='ltr'><strong>τῷ</strong></span> 
     </span>
    </p>
   </div>
   <div class='ocr_carea' id='block_1_11' title="bbox 316 1032 1905 1109">
    <p class='ocr_par' dir='ltr' id='par_1_11' title="bbox 316 1032 1905 1109">
     <span class='ocr_line' id='line_1_11' title="bbox 316 1032 1905 1109; baseline 0.007 -26"><span class='ocrx_word' id='word_1_50' title='bbox 316 1032 523 1102; x_wconf 77' lang='grc' dir='ltr'>τοξικῷ</span> <span class='ocrx_word' id='word_1_51' title='bbox 550 1032 604 1087; x_wconf 84' lang='grc' dir='ltr'>δὲ</span> <span class='ocrx_word' id='word_1_52' title='bbox 636 1033 738 1102; x_wconf 81' lang='grc' dir='ltr'>τῆς</span> <span class='ocrx_word' id='word_1_53' title='bbox 765 1033 1041 1097; x_wconf 82' lang='grc' dir='ltr'><strong>κολάσεως</strong></span> <span class='ocrx_word' id='word_1_54' title='bbox 1074 1035 1226 1100; x_wconf 74' lang='grc' dir='ltr'>εἴδει,</span> <span class='ocrx_word' id='word_1_55' title='bbox 1253 1038 1487 1091; x_wconf 76' lang='grc' dir='ltr'><strong>ποικίλοι</strong></span> <span class='ocrx_word' id='word_1_56' title='bbox 1522 1038 1714 1109; x_wconf 69' lang='grc' dir='ltr'>τρόποι</span> <span class='ocrx_word' id='word_1_57' title='bbox 1739 1037 1905 1095; x_wconf 84' lang='grc' dir='ltr'>θανά-</span> 
     </span>
    </p>
   </div>
   <div class='ocr_carea' id='block_1_12' title="bbox 318 1126 1901 1204">
    <p class='ocr_par' dir='ltr' id='par_1_12' title="bbox 318 1126 1901 1204">
     <span class='ocr_line' id='line_1_12' title="bbox 318 1126 1901 1204; baseline 0.006 -26"><span class='ocrx_word' id='word_1_58' title='bbox 318 1142 438 1191; x_wconf 83' lang='grc' dir='ltr'>του,</span> <span class='ocrx_word' id='word_1_59' title='bbox 462 1126 551 1181; x_wconf 79' lang='grc' dir='ltr'>διὰ</span> <span class='ocrx_word' id='word_1_60' title='bbox 582 1128 818 1198; x_wconf 63' lang='grc' dir='ltr'>σφαγῆς,</span> <span class='ocrx_word' id='word_1_61' title='bbox 851 1128 941 1183; x_wconf 84' lang='grc' dir='ltr'>διὰ</span> <span class='ocrx_word' id='word_1_62' title='bbox 971 1130 1163 1200; x_wconf 81' lang='grc' dir='ltr'>πυρὸς,</span> <span class='ocrx_word' id='word_1_63' title='bbox 1197 1130 1267 1185; x_wconf 77' lang='grc' dir='ltr'>δι’</span> <span class='ocrx_word' id='word_1_64' title='bbox 1297 1131 1510 1197; x_wconf 80' lang='grc' dir='ltr'>ὕδατος,</span> <span class='ocrx_word' id='word_1_65' title='bbox 1535 1132 1623 1185; x_wconf 70' lang='grc' dir='ltr'>διὰ</span> <span class='ocrx_word' id='word_1_66' title='bbox 1650 1133 1901 1204; x_wconf 80' lang='grc' dir='ltr'><strong>σεισμοῦ,</strong></span> 
     </span>
    </p>
   </div>
   <div class='ocr_carea' id='block_1_13' title="bbox 316 1208 1905 1295">
    <p class='ocr_par' dir='ltr' id='par_1_13' title="bbox 316 1208 1905 1295">
     <span class='ocr_line' id='line_1_13' title="bbox 316 1208 1905 1295; baseline 0.006 -25"><span class='ocrx_word' id='word_1_67' title='bbox 316 1218 409 1271; x_wconf 66' lang='grc' dir='ltr'>διὰ</span> <span class='ocrx_word' id='word_1_68' title='bbox 444 1218 746 1287; x_wconf 67' lang='grc' dir='ltr'>χάσματος,</span> <span class='ocrx_word' id='word_1_69' title='bbox 776 1221 869 1274; x_wconf 75' lang='grc' dir='ltr'><strong>καὶ</strong></span> <span class='ocrx_word' id='word_1_70' title='bbox 892 1221 993 1275; x_wconf 80' lang='grc' dir='ltr'><strong>ὅσα</strong></span> <span class='ocrx_word' id='word_1_71' title='bbox 1024 1222 1132 1276; x_wconf 82' lang='grc' dir='ltr'>τῶν</span> <span class='ocrx_word' id='word_1_72' title='bbox 1153 1208 1477 1294; x_wconf 72' lang='grc' dir='ltr'><strong>νοσημάτων</strong></span> <span class='ocrx_word' id='word_1_73' title='bbox 1499 1225 1616 1295; x_wconf 82' lang='grc' dir='ltr'>εῐδη</span> <span class='ocrx_word' id='word_1_74' title='bbox 1645 1227 1905 1293; x_wconf 83' lang='grc' dir='ltr'><strong>γινώσκο-</strong></span> 
     </span>
    </p>
   </div>
   <div class='ocr_carea' id='block_1_14' title="bbox 322 1308 1902 1382">
    <p class='ocr_par' dir='ltr' id='par_1_14' title="bbox 322 1308 1902 1382">
     <span class='ocr_line' id='line_1_14' title="bbox 322 1308 1902 1382; baseline 0.008 -23"><span class='ocrx_word' id='word_1_75' title='bbox 322 1326 446 1377; x_wconf 82' lang='grc' dir='ltr'>μεν,</span> <span class='ocrx_word' id='word_1_76' title='bbox 476 1308 695 1363; x_wconf 79' lang='grc' dir='ltr'>ἅπαντα</span> <span class='ocrx_word' id='word_1_77' title='bbox 720 1309 1128 1381; x_wconf 82' lang='grc' dir='ltr'><strong>καθεστήκασιν</strong></span> <span class='ocrx_word' id='word_1_78' title='bbox 1152 1312 1415 1382; x_wconf 74' lang='grc' dir='ltr'>ἐργαλεῖα</span> <span class='ocrx_word' id='word_1_79' title='bbox 1438 1314 1693 1380; x_wconf 79' lang='grc' dir='ltr'><strong>Θανάτου,</strong></span> <span class='ocrx_word' id='word_1_80' title='bbox 1726 1315 1796 1369; x_wconf 87' lang='grc' dir='ltr'><strong>δι’</strong></span> <span class='ocrx_word' id='word_1_81' title='bbox 1826 1310 1902 1371; x_wconf 81' lang='grc' dir='ltr'><strong>ὧν</strong></span> 
     </span>
    </p>
   </div>
   <div class='ocr_carea' id='block_1_15' title="bbox 316 1396 1906 1475">
    <p class='ocr_par' dir='ltr' id='par_1_15' title="bbox 316 1396 1906 1475">
     <span class='ocr_line' id='line_1_15' title="bbox 316 1396 1906 1475; baseline 0.005 -20"><span class='ocrx_word' id='word_1_82' title='bbox 316 1396 478 1465; x_wconf 70' lang='grc' dir='ltr'>οὗτος</span> <span class='ocrx_word' id='word_1_83' title='bbox 523 1403 889 1458; x_wconf 70' lang='grc' dir='ltr'>ύππελεῖται.</span> <span class='ocrx_word' id='word_1_84' title='bbox 922 1406 1042 1475; x_wconf 80' lang='grc' dir='ltr'>Χρὴ</span> <span class='ocrx_word' id='word_1_85' title='bbox 1068 1406 1124 1459; x_wconf 78' lang='grc' dir='ltr'>δὲ</span> <span class='ocrx_word' id='word_1_86' title='bbox 1153 1408 1445 1473; x_wconf 80' lang='grc' dir='ltr'><strong>γινώσκειν</strong></span> <span class='ocrx_word' id='word_1_87' title='bbox 1464 1448 1480 1474; x_wconf 94' lang='grc'><strong>,</strong></span> <span class='ocrx_word' id='word_1_88' title='bbox 1513 1408 1589 1473; x_wconf 83' lang='grc' dir='ltr'>ὡς</span> <span class='ocrx_word' id='word_1_89' title='bbox 1610 1411 1658 1463; x_wconf 81' lang='grc' dir='ltr'><strong>εί</strong></span> <span class='ocrx_word' id='word_1_90' title='bbox 1685 1410 1779 1462; x_wconf 70' lang='grc' dir='ltr'>καὶ</span> <span class='ocrx_word' id='word_1_91' title='bbox 1808 1410 1906 1463; x_wconf 88' lang='grc' dir='ltr'><strong>ἀν-</strong></span> 
     </span>
    </p>
   </div>
   <div class='ocr_carea' id='block_1_16' title="bbox 319 1494 1905 1575">
    <p class='ocr_par' dir='ltr' id='par_1_16' title="bbox 319 1494 1905 1575">
     <span class='ocr_line' id='line_1_16' title="bbox 319 1494 1905 1575; baseline 0.006 -30"><span class='ocrx_word' id='word_1_92' title='bbox 319 1494 575 1575; x_wconf 55' lang='grc' dir='ltr'>θρώπινα</span> <span class='ocrx_word' id='word_1_93' title='bbox 597 1496 665 1548; x_wconf 88' lang='grc' dir='ltr'><strong>τὰ</strong></span> <span class='ocrx_word' id='word_1_94' title='bbox 690 1496 755 1568; x_wconf 80' lang='grc' dir='ltr'><strong>ῥή</strong></span> <span class='ocrx_word' id='word_1_95' title='bbox 765 1514 935 1567; x_wconf 84' lang='grc' dir='ltr'><strong>ματα.</strong></span> <span class='ocrx_word' id='word_1_96' title='bbox 954 1497 1091 1551; x_wconf 81' lang='grc' dir='ltr'><strong>ἀλλά</strong></span> <span class='ocrx_word' id='word_1_97' title='bbox 1119 1497 1399 1571; x_wconf 82' lang='grc' dir='ltr'><strong>θεοπρεπῆ</strong></span> <span class='ocrx_word' id='word_1_98' title='bbox 1419 1499 1489 1553; x_wconf 80' lang='grc' dir='ltr'><strong>τὰ</strong></span> <span class='ocrx_word' id='word_1_99' title='bbox 1504 1502 1597 1570; x_wconf 81' lang='grc' dir='ltr'><strong>νοὴ</strong></span> <span class='ocrx_word' id='word_1_100' title='bbox 1607 1517 1773 1565; x_wconf 78' lang='grc' dir='ltr'>ματα’</span> <span class='ocrx_word' id='word_1_101' title='bbox 1808 1501 1905 1555; x_wconf 72' lang='grc' dir='ltr'>καὶ</span> 
     </span>
    </p>
   </div>
   <div class='ocr_carea' id='block_1_17' title="bbox 319 1588 1904 1663">
    <p class='ocr_par' dir='ltr' id='par_1_17' title="bbox 319 1588 1904 1663">
     <span class='ocr_line' id='line_1_17' title="bbox 319 1588 1904 1663; baseline 0.004 -24"><span class='ocrx_word' id='word_1_102' title='bbox 319 1588 601 1655; x_wconf 77' lang='grc' dir='ltr'>παρέλαϐε</span> <span class='ocrx_word' id='word_1_103' title='bbox 643 1588 741 1658; x_wconf 79' lang='grc' dir='ltr'><strong>τὴν</strong></span> <span class='ocrx_word' id='word_1_104' title='bbox 778 1590 1067 1661; x_wconf 81' lang='grc' dir='ltr'>παχύτητα</span> <span class='ocrx_word' id='word_1_105' title='bbox 1094 1592 1204 1645; x_wconf 81' lang='grc' dir='ltr'><strong>τῶν</strong></span> <span class='ocrx_word' id='word_1_106' title='bbox 1244 1592 1466 1659; x_wconf 73' lang='grc' dir='ltr'>λέξεων,</span> <span class='ocrx_word' id='word_1_107' title='bbox 1503 1592 1645 1645; x_wconf 85' lang='grc' dir='ltr'>ὥστε</span> <span class='ocrx_word' id='word_1_108' title='bbox 1668 1595 1766 1663; x_wconf 78' lang='grc' dir='ltr'>τῆς</span> <span class='ocrx_word' id='word_1_109' title='bbox 1795 1592 1904 1647; x_wconf 83' lang='grc' dir='ltr'>τῶν</span> 
     </span>
    </p>
   </div>
   <div class='ocr_carea' id='block_1_18' title="bbox 320 1682 1904 1756">
    <p class='ocr_par' dir='ltr' id='par_1_18' title="bbox 320 1682 1904 1756">
     <span class='ocr_line' id='line_1_18' title="bbox 320 1682 1904 1756; baseline 0.001 -20"><span class='ocrx_word' id='word_1_110' title='bbox 320 1683 606 1753; x_wconf 74' lang='grc' dir='ltr'><strong>ἀκροατῶν</strong></span> <span class='ocrx_word' id='word_1_111' title='bbox 643 1682 951 1754; x_wconf 82' lang='grc' dir='ltr'>παχύτητος</span> <span class='ocrx_word' id='word_1_112' title='bbox 982 1685 1327 1741; x_wconf 77' lang='grc' dir='ltr'>καθικέσθαι.</span> <span class='ocrx_word' id='word_1_113' title='bbox 1356 1686 1455 1740; x_wconf 81' lang='grc' dir='ltr'>Διά</span> <span class='ocrx_word' id='word_1_114' title='bbox 1478 1686 1637 1741; x_wconf 77' lang='grc' dir='ltr'><strong>τοῦτο</strong></span> <span class='ocrx_word' id='word_1_115' title='bbox 1660 1688 1769 1756; x_wconf 88' lang='grc' dir='ltr'><strong>γάρ</strong></span> <span class='ocrx_word' id='word_1_116' title='bbox 1808 1686 1904 1741; x_wconf 75' lang='grc' dir='ltr'><strong>καὶ</strong></span> 
     </span>
    </p>
   </div>
   <div class='ocr_carea' id='block_1_19' title="bbox 2078 940 3583 1011">
    <p class='ocr_par' dir='ltr' id='par_1_19' title="bbox 2078 940 3583 1011">
     <span class='ocr_line' id='line_1_19' title="bbox 2078 940 3583 1011; baseline 0.003 -15"><span class='ocrx_word' id='word_1_117' title='bbox 2078 944 2241 998; x_wconf 69' lang='lat' dir='ltr'><strong>Vnus.</strong></span> <span class='ocrx_word' id='word_1_118' title='bbox 2278 944 2365 999; x_wconf 75' lang='grc' dir='ltr'>Η.</span> <span class='ocrx_word' id='word_1_119' title='bbox 2402 940 2468 995; x_wconf 77' lang='lat' dir='ltr'><strong>Et</strong></span> <span class='ocrx_word' id='word_1_120' title='bbox 2504 942 2559 996; x_wconf 83' lang='lat' dir='ltr'><strong>in</strong></span> <span class='ocrx_word' id='word_1_121' title='bbox 2585 958 2644 995; x_wconf 83' lang='lat' dir='ltr'><strong>eo</strong></span> <span class='ocrx_word' id='word_1_122' title='bbox 2669 946 2877 1011; x_wconf 82' lang='lat' dir='ltr'><strong>paravit</strong></span> <span class='ocrx_word' id='word_1_123' title='bbox 2914 944 3261 997; x_wconf 78' lang='lat' dir='ltr'><strong>instrumento</strong></span> <span class='ocrx_word' id='word_1_124' title='bbox 3296 948 3501 1003; x_wconf 77' lang='lat' dir='ltr'><strong>mortis.</strong></span> <span class='ocrx_word' id='word_1_125' title='bbox 3527 949 3583 1003; x_wconf 86' lang='lat' dir='ltr'><strong>in</strong></span> 
     </span>
    </p>
   </div>
   <div class='ocr_carea' id='block_1_20' title="bbox 2002 1036 3585 1110">
    <p class='ocr_par' dir='ltr' id='par_1_20' title="bbox 2002 1036 3585 1110">
     <span class='ocr_line' id='line_1_20' title="bbox 2002 1036 3585 1110; baseline 0.003 -18"><span class='ocrx_word' id='word_1_126' title='bbox 2002 1051 2070 1092; x_wconf 88' lang='lat' dir='ltr'><strong>eo</strong></span> <span class='ocrx_word' id='word_1_127' title='bbox 2101 1037 2361 1091; x_wconf 79' lang='lat' dir='ltr'><strong>nimirum</strong></span> <span class='ocrx_word' id='word_1_128' title='bbox 2393 1036 2649 1105; x_wconf 84' lang='lat' dir='ltr'><strong>supplicii</strong></span> <span class='ocrx_word' id='word_1_129' title='bbox 2674 1050 2892 1104; x_wconf 75' lang='lat' dir='ltr'><strong>genere.</strong></span> <span class='ocrx_word' id='word_1_130' title='bbox 2917 1036 3059 1104; x_wconf 89' lang='lat' dir='ltr'><strong>quod</strong></span> <span class='ocrx_word' id='word_1_131' title='bbox 3094 1038 3195 1090; x_wconf 67' lang='lat' dir='ltr'><strong>sub</strong></span> <span class='ocrx_word' id='word_1_132' title='bbox 3220 1053 3379 1095; x_wconf 89' lang='lat' dir='ltr'><strong>arcus</strong></span> <span class='ocrx_word' id='word_1_133' title='bbox 3413 1040 3585 1110; x_wconf 70' lang='lat' dir='ltr'><strong>figura</strong></span> 
     </span>
    </p>
   </div>
   <div class='ocr_carea' id='block_1_21' title="bbox 2007 1127 3590 1204">
    <p class='ocr_par' dir='ltr' id='par_1_21' title="bbox 2007 1127 3590 1204">
     <span class='ocr_line' id='line_1_21' title="bbox 2007 1127 3590 1204; baseline 0.002 -20"><span class='ocrx_word' id='word_1_134' title='bbox 2007 1129 2311 1184; x_wconf 87' lang='lat' dir='ltr'><strong>denotavit.</strong></span> <span class='ocrx_word' id='word_1_135' title='bbox 2347 1127 2509 1182; x_wconf 84' lang='lat' dir='ltr'><strong>Varia</strong></span> <span class='ocrx_word' id='word_1_136' title='bbox 2556 1139 2738 1183; x_wconf 89' lang='lat' dir='ltr'><strong>autem</strong></span> <span class='ocrx_word' id='word_1_137' title='bbox 2777 1136 2905 1182; x_wconf 90' lang='lat' dir='ltr'><strong>sunt</strong></span> <span class='ocrx_word' id='word_1_138' title='bbox 2953 1130 3145 1184; x_wconf 90' lang='lat' dir='ltr'><strong>mortis</strong></span> <span class='ocrx_word' id='word_1_139' title='bbox 3179 1144 3377 1197; x_wconf 65' lang='lat' dir='ltr'><strong>genera</strong></span> <span class='ocrx_word' id='word_1_140' title='bbox 3417 1150 3431 1186; x_wconf 88' lang='lat'><strong>:</strong></span> <span class='ocrx_word' id='word_1_141' title='bbox 3474 1134 3590 1204; x_wconf 80' lang='lat' dir='ltr'><strong>gla-</strong></span> 
     </span>
    </p>
   </div>
   <div class='ocr_carea' id='block_1_22' title="bbox 2002 1224 3584 1295">
    <p class='ocr_par' dir='ltr' id='par_1_22' title="bbox 2002 1224 3584 1295">
     <span class='ocr_line' id='line_1_22' title="bbox 2002 1224 3584 1295; baseline 0 -16"><span class='ocrx_word' id='word_1_142' title='bbox 2002 1224 2127 1279; x_wconf 84' lang='lat' dir='ltr'><strong>dius</strong></span> <span class='ocrx_word' id='word_1_143' title='bbox 2147 1225 2414 1289; x_wconf 82' lang='lat' dir='ltr'><strong>videlicet,</strong></span> <span class='ocrx_word' id='word_1_144' title='bbox 2444 1226 2605 1290; x_wconf 70' lang='lat' dir='ltr'><strong>ignis,</strong></span> <span class='ocrx_word' id='word_1_145' title='bbox 2624 1240 2786 1295; x_wconf 81' lang='lat' dir='ltr'><strong>aqua,</strong></span> <span class='ocrx_word' id='word_1_146' title='bbox 2807 1234 2965 1279; x_wconf 69' lang='lat' dir='ltr'><strong>terra:</strong></span> <span class='ocrx_word' id='word_1_147' title='bbox 2982 1234 3184 1289; x_wconf 89' lang='lat' dir='ltr'><strong>motus,</strong></span> <span class='ocrx_word' id='word_1_148' title='bbox 3200 1225 3380 1281; x_wconf 88' lang='lat' dir='ltr'><strong>hiatus</strong></span> <span class='ocrx_word' id='word_1_149' title='bbox 3401 1234 3584 1293; x_wconf 66' lang='lat' dir='ltr'><strong>terra‘,</strong></span> 
     </span>
    </p>
   </div>
   <div class='ocr_carea' id='block_1_23' title="bbox 2000 1314 3583 1385">
    <p class='ocr_par' dir='ltr' id='par_1_23' title="bbox 2000 1314 3583 1385">
     <span class='ocr_line' id='line_1_23' title="bbox 2000 1314 3583 1385; baseline 0.001 -15"><span class='ocrx_word' id='word_1_150' title='bbox 2000 1314 2322 1385; x_wconf 56' lang='lat' dir='ltr'><strong>aegritudo:</strong></span> <span class='ocrx_word' id='word_1_151' title='bbox 2382 1331 2504 1385; x_wconf 80' lang='lat' dir='ltr'><strong>qua:</strong></span> <span class='ocrx_word' id='word_1_152' title='bbox 2547 1316 2730 1369; x_wconf 85' lang='lat' dir='ltr'><strong>o‘nmia</strong></span> <span class='ocrx_word' id='word_1_153' title='bbox 2761 1315 2957 1370; x_wconf 89' lang='lat' dir='ltr'><strong>mortis</strong></span> <span class='ocrx_word' id='word_1_154' title='bbox 3001 1323 3131 1369; x_wconf 89' lang='lat' dir='ltr'><strong>sunt</strong></span> <span class='ocrx_word' id='word_1_155' title='bbox 3176 1316 3583 1383; x_wconf 80' lang='lat' dir='ltr'><strong>instrumenta;</strong></span> 
     </span>
    </p>
   </div>
   <div class='ocr_carea' id='block_1_24' title="bbox 2003 1407 3585 1478">
    <p class='ocr_par' dir='ltr' id='par_1_24' title="bbox 2003 1407 3585 1478">
     <span class='ocr_line' id='line_1_24' title="bbox 2003 1407 3585 1478; baseline 0 -16"><span class='ocrx_word' id='word_1_156' title='bbox 2003 1425 2098 1478; x_wconf 83' lang='lat' dir='ltr'><strong>per</strong></span> <span class='ocrx_word' id='word_1_157' title='bbox 2125 1426 2187 1463; x_wconf 86' lang='lat' dir='ltr'><strong>ea</strong></span> <span class='ocrx_word' id='word_1_158' title='bbox 2228 1407 2373 1462; x_wconf 86' lang='lat' dir='ltr'><strong>enim</strong></span> <span class='ocrx_word' id='word_1_159' title='bbox 2412 1424 2562 1463; x_wconf 89' lang='lat' dir='ltr'><strong>mors</strong></span> <span class='ocrx_word' id='word_1_160' title='bbox 2621 1408 2777 1461; x_wconf 80' lang='lat' dir='ltr'><strong>finem</strong></span> <span class='ocrx_word' id='word_1_161' title='bbox 2833 1424 2995 1462; x_wconf 87' lang='lat' dir='ltr'><strong>suum</strong></span> <span class='ocrx_word' id='word_1_162' title='bbox 3037 1409 3418 1477; x_wconf 76' lang='lat' dir='ltr'><strong>consequitur.</strong></span> <span class='ocrx_word' id='word_1_163' title='bbox 3450 1408 3585 1462; x_wconf 84' lang='lat' dir='ltr'><strong>Illud</strong></span> 
     </span>
    </p>
   </div>
   <div class='ocr_carea' id='block_1_25' title="bbox 2002 1492 3588 1571">
    <p class='ocr_par' dir='ltr' id='par_1_25' title="bbox 2002 1492 3588 1571">
     <span class='ocr_line' id='line_1_25' title="bbox 2002 1492 3588 1571; baseline -0.001 -14"><span class='ocrx_word' id='word_1_164' title='bbox 2002 1514 2183 1559; x_wconf 89' lang='lat' dir='ltr'><strong>tamen</strong></span> <span class='ocrx_word' id='word_1_165' title='bbox 2222 1492 2773 1557; x_wconf 77' lang='lat' dir='ltr'><strong>animadvertendum</strong></span> <span class='ocrx_word' id='word_1_166' title='bbox 2834 1508 2937 1568; x_wconf 89' lang='lat' dir='ltr'><strong>est,</strong></span> <span class='ocrx_word' id='word_1_167' title='bbox 2983 1501 3128 1571; x_wconf 89' lang='lat' dir='ltr'><strong>quod</strong></span> <span class='ocrx_word' id='word_1_168' title='bbox 3180 1503 3300 1557; x_wconf 88' lang='lat' dir='ltr'><strong>licet</strong></span> <span class='ocrx_word' id='word_1_169' title='bbox 3345 1502 3588 1556; x_wconf 86' lang='lat' dir='ltr'><strong>humano</strong></span> 
     </span>
    </p>
   </div>
   <div class='ocr_carea' id='block_1_26' title="bbox 2004 1594 3587 1665">
    <p class='ocr_par' dir='ltr' id='par_1_26' title="bbox 2004 1594 3587 1665">
     <span class='ocr_line' id='line_1_26' title="bbox 2004 1594 3587 1665; baseline 0.001 -15"><span class='ocrx_word' id='word_1_170' title='bbox 2004 1612 2158 1650; x_wconf 88' lang='lat' dir='ltr'><strong>more</strong></span> <span class='ocrx_word' id='word_1_171' title='bbox 2184 1596 2342 1651; x_wconf 82' lang='lat' dir='ltr'><strong>verba</strong></span> <span class='ocrx_word' id='word_1_172' title='bbox 2381 1595 2489 1651; x_wconf 91' lang='lat' dir='ltr'><strong>sint</strong></span> <span class='ocrx_word' id='word_1_173' title='bbox 2536 1596 2772 1665; x_wconf 88' lang='lat' dir='ltr'><strong>prolata,</strong></span> <span class='ocrx_word' id='word_1_174' title='bbox 2805 1595 2989 1648; x_wconf 88' lang='lat' dir='ltr'><strong>omnia</strong></span> <span class='ocrx_word' id='word_1_175' title='bbox 3038 1602 3219 1649; x_wconf 87' lang='lat' dir='ltr'><strong>tamen</strong></span> <span class='ocrx_word' id='word_1_176' title='bbox 3271 1594 3435 1664; x_wconf 71' lang='lat' dir='ltr'><strong>digne</strong></span> <span class='ocrx_word' id='word_1_177' title='bbox 3476 1594 3587 1651; x_wconf 87' lang='lat' dir='ltr'><strong>Deo</strong></span> 
     </span>
    </p>
   </div>
   <div class='ocr_carea' id='block_1_27' title="bbox 2004 1687 3585 1764">
    <p class='ocr_par' dir='ltr' id='par_1_27' title="bbox 2004 1687 3585 1764">
     <span class='ocr_line' id='line_1_27' title="bbox 2004 1687 3585 1764; baseline -0.003 -18"><span class='ocrx_word' id='word_1_178' title='bbox 2004 1692 2355 1764; x_wconf 71' lang='lat' dir='ltr'><strong>intelligenda</strong></span> <span class='ocrx_word' id='word_1_179' title='bbox 2420 1700 2569 1747; x_wconf 91' lang='lat' dir='ltr'><strong>sunt.</strong></span> <span class='ocrx_word' id='word_1_180' title='bbox 2627 1689 2950 1757; x_wconf 83' lang='lat' dir='ltr'><strong>llujusmodi</strong></span> <span class='ocrx_word' id='word_1_181' title='bbox 3003 1689 3151 1743; x_wconf 87' lang='lat' dir='ltr'><strong>enim</strong></span> <span class='ocrx_word' id='word_1_182' title='bbox 3212 1687 3585 1743; x_wconf 81' lang='lat' dir='ltr'><strong>crassioribus</strong></span> 
     </span>
    </p>
   </div>
   <div class='ocr_carea' id='block_1_28' title="bbox 322 1772 1903 1853">
    <p class='ocr_par' dir='ltr' id='par_1_28' title="bbox 322 1772 1903 1845">
     <span class='ocr_line' id='line_1_28' title="bbox 322 1772 1903 1845; baseline 0 -20"><span class='ocrx_word' id='word_1_183' title='bbox 322 1774 597 1843; x_wconf 74' lang='grc' dir='ltr'>ῥομφαίαν</span> <span class='ocrx_word' id='word_1_184' title='bbox 618 1772 831 1842; x_wconf 80' lang='grc' dir='ltr'><strong>εἰσάγει</strong></span> <span class='ocrx_word' id='word_1_185' title='bbox 851 1772 943 1827; x_wconf 82' lang='grc' dir='ltr'><strong>τὸν</strong></span> <span class='ocrx_word' id='word_1_186' title='bbox 963 1773 1098 1825; x_wconf 78' lang='grc' dir='ltr'><strong>Θεὸν</strong></span> <span class='ocrx_word' id='word_1_187' title='bbox 1120 1773 1333 1845; x_wconf 83' lang='grc' dir='ltr'>ἔχοντα,</span> <span class='ocrx_word' id='word_1_188' title='bbox 1357 1774 1756 1842; x_wconf 63' lang='lat' dir='ltr'><strong>xa11650v,atal</strong></span> <span class='ocrx_word' id='word_1_189' title='bbox 1774 1773 1903 1843; x_wconf 67' lang='grc' dir='ltr'>βέλη</span> 
     </span>
    </p>
   </div>
   <div class='ocr_carea' id='block_1_29' title="bbox 2007 1772 3585 1853">
    <p class='ocr_par' dir='ltr' id='par_1_29' title="bbox 2010 1779 3585 1853">
     <span class='ocr_line' id='line_1_29' title="bbox 2010 1779 3585 1853; baseline -0.006 -14"><span class='ocrx_word' id='word_1_190' title='bbox 2010 1784 2192 1839; x_wconf 85' lang='lat' dir='ltr'><strong>verbis</strong></span> <span class='ocrx_word' id='word_1_191' title='bbox 2228 1783 2499 1852; x_wconf 86' lang='lat' dir='ltr'><strong>Propheta</strong></span> <span class='ocrx_word' id='word_1_192' title='bbox 2533 1797 2679 1853; x_wconf 72' lang='lat' dir='ltr'><strong>saepe</strong></span> <span class='ocrx_word' id='word_1_193' title='bbox 2712 1782 2787 1835; x_wconf 85' lang='lat' dir='ltr'><strong>uti</strong></span> <span class='ocrx_word' id='word_1_194' title='bbox 2820 1782 2979 1843; x_wconf 89' lang='lat' dir='ltr'><strong>solet,</strong></span> <span class='ocrx_word' id='word_1_195' title='bbox 3012 1779 3326 1834; x_wconf 87' lang='lat' dir='ltr'><strong>auditorum</strong></span> <span class='ocrx_word' id='word_1_196' title='bbox 3360 1779 3585 1834; x_wconf 80' lang='lat' dir='ltr'><strong>hebetu-</strong></span> 
     </span>
    </p>
   </div>
   <div class='ocr_carea' id='block_1_30' title="bbox 319 1866 1898 1938">
    <p class='ocr_par' dir='ltr' id='par_1_30' title="bbox 319 1866 1898 1938">
     <span class='ocr_line' id='line_1_30' title="bbox 319 1866 1898 1938; baseline 0 -19"><span class='ocrx_word' id='word_1_197' title='bbox 319 1867 419 1921; x_wconf 76' lang='grc' dir='ltr'>καὶ</span> <span class='ocrx_word' id='word_1_198' title='bbox 437 1866 605 1937; x_wconf 84' lang='grc' dir='ltr'>σκεύη</span> <span class='ocrx_word' id='word_1_199' title='bbox 634 1867 929 1938; x_wconf 82' lang='grc' dir='ltr'>πολεμικὰ,</span> <span class='ocrx_word' id='word_1_200' title='bbox 968 1869 1063 1922; x_wconf 73' lang='grc' dir='ltr'><strong>καὶ</strong></span> <span class='ocrx_word' id='word_1_201' title='bbox 1085 1868 1425 1931; x_wconf 74' lang='grc' dir='ltr'>στιλεοῧντα,</span> <span class='ocrx_word' id='word_1_202' title='bbox 1444 1868 1541 1922; x_wconf 73' lang='grc' dir='ltr'>καὶ</span> <span class='ocrx_word' id='word_1_203' title='bbox 1567 1866 1898 1927; x_wconf 74' lang='grc' dir='ltr'>ἐντείνοντα.</span> 
     </span>
    </p>
   </div>
   <div class='ocr_carea' id='block_1_31' title="bbox 320 1960 1899 2031">
    <p class='ocr_par' dir='ltr' id='par_1_31' title="bbox 320 1960 1899 2031">
     <span class='ocr_line' id='line_1_31' title="bbox 320 1960 1899 2031; baseline -0.001 -18"><span class='ocrx_word' id='word_1_204' title='bbox 320 1962 411 2015; x_wconf 76' lang='grc' dir='ltr'><strong>ἵνα</strong></span> <span class='ocrx_word' id='word_1_205' title='bbox 437 1961 530 2014; x_wconf 74' lang='grc' dir='ltr'><strong>τὸν</strong></span> <span class='ocrx_word' id='word_1_206' title='bbox 559 1960 725 2030; x_wconf 78' lang='grc' dir='ltr'>φόδον</span> <span class='ocrx_word' id='word_1_207' title='bbox 756 1964 869 2025; x_wconf 76' lang='grc' dir='ltr'>τοῖς</span> <span class='ocrx_word' id='word_1_208' title='bbox 891 1962 1185 2031; x_wconf 80' lang='grc' dir='ltr'><strong>ἀκροαταῖς</strong></span> <span class='ocrx_word' id='word_1_209' title='bbox 1202 1961 1311 2015; x_wconf 73' lang='grc' dir='ltr'><strong>ἀπὸ</strong></span> <span class='ocrx_word' id='word_1_210' title='bbox 1328 1962 1535 2015; x_wconf 85' lang='grc' dir='ltr'>τούτων</span> <span class='ocrx_word' id='word_1_211' title='bbox 1552 1960 1785 2029; x_wconf 77' lang='grc' dir='ltr'>αὐξήσῃ,</span> <span class='ocrx_word' id='word_1_212' title='bbox 1806 1961 1899 2012; x_wconf 79' lang='grc' dir='ltr'><strong>καὶ</strong></span> 
     </span>
    </p>
   </div>
   <div class='ocr_carea' id='block_1_32' title="bbox 317 2053 1901 2127">
    <p class='ocr_par' dir='ltr' id='par_1_32' title="bbox 317 2053 1901 2127">
     <span class='ocr_line' id='line_1_32' title="bbox 317 2053 1901 2127; baseline -0.001 -21"><span class='ocrx_word' id='word_1_213' title='bbox 317 2054 409 2107; x_wconf 72' lang='grc' dir='ltr'><strong>διὰ</strong></span> <span class='ocrx_word' id='word_1_214' title='bbox 441 2053 552 2107; x_wconf 73' lang='grc' dir='ltr'><strong>τῶν</strong></span> <span class='ocrx_word' id='word_1_215' title='bbox 588 2054 904 2125; x_wconf 79' lang='grc' dir='ltr'><strong>συντρόφων</strong></span> <span class='ocrx_word' id='word_1_216' title='bbox 934 2057 1216 2127; x_wconf 84' lang='grc' dir='ltr'><strong>ὀνομάτων</strong></span> <span class='ocrx_word' id='word_1_217' title='bbox 1244 2056 1546 2126; x_wconf 80' lang='grc' dir='ltr'>κατασείσῃ</span> <span class='ocrx_word' id='word_1_218' title='bbox 1566 2054 1663 2124; x_wconf 81' lang='grc' dir='ltr'>τὴν</span> <span class='ocrx_word' id='word_1_219' title='bbox 1691 2053 1901 2123; x_wconf 81' lang='grc' dir='ltr'>λιθίνην</span> 
     </span>
    </p>
   </div>
   <div class='ocr_carea' id='block_1_33' title="bbox 318 2144 1902 2217">
    <p class='ocr_par' dir='ltr' id='par_1_33' title="bbox 318 2144 1902 2217">
     <span class='ocr_line' id='line_1_33' title="bbox 318 2144 1902 2217; baseline -0.002 -17"><span class='ocrx_word' id='word_1_220' title='bbox 318 2144 504 2200; x_wconf 80' lang='grc' dir='ltr'>αὐτῶν</span> <span class='ocrx_word' id='word_1_221' title='bbox 526 2144 787 2200; x_wconf 72' lang='grc' dir='ltr'>διάνοιαν*</span> <span class='ocrx_word' id='word_1_222' title='bbox 815 2146 877 2199; x_wconf 85' lang='grc' dir='ltr'><strong>οὺ</strong></span> <span class='ocrx_word' id='word_1_223' title='bbox 910 2146 1017 2217; x_wconf 71' lang='grc' dir='ltr'>γὰρ</span> <span class='ocrx_word' id='word_1_224' title='bbox 1039 2145 1210 2199; x_wconf 78' lang='grc' dir='ltr'>δεῖται</span> <span class='ocrx_word' id='word_1_225' title='bbox 1228 2144 1477 2199; x_wconf 87' lang='grc' dir='ltr'>τούτωνό</span> <span class='ocrx_word' id='word_1_226' title='bbox 1503 2147 1661 2214; x_wconf 81' lang='grc' dir='ltr'><strong>μόνος</strong></span> <span class='ocrx_word' id='word_1_227' title='bbox 1686 2144 1902 2198; x_wconf 71' lang='grc' dir='ltr'>ἐπιϐλέ-</span> 
     </span>
    </p>
   </div>
   <div class='ocr_carea' id='block_1_34' title="bbox 319 2226 1894 2308">
    <p class='ocr_par' dir='ltr' id='par_1_34' title="bbox 319 2226 1894 2308">
     <span class='ocr_line' id='line_1_34' title="bbox 319 2226 1894 2308; baseline -0.003 -17"><span class='ocrx_word' id='word_1_228' title='bbox 319 2254 441 2291; x_wconf 86' lang='grc' dir='ltr'>πων</span> <span class='ocrx_word' id='word_1_229' title='bbox 470 2236 564 2289; x_wconf 68' lang='grc' dir='ltr'><strong>ἰπὶ</strong></span> <span class='ocrx_word' id='word_1_230' title='bbox 599 2234 700 2308; x_wconf 84' lang='grc' dir='ltr'>τὴν</span> <span class='ocrx_word' id='word_1_231' title='bbox 724 2235 848 2307; x_wconf 78' lang='grc' dir='ltr'>γὴν,</span> <span class='ocrx_word' id='word_1_232' title='bbox 876 2238 972 2291; x_wconf 74' lang='grc' dir='ltr'><strong>καὶ</strong></span> <span class='ocrx_word' id='word_1_233' title='bbox 996 2236 1165 2290; x_wconf 81' lang='grc' dir='ltr'>ποιῶν</span> <span class='ocrx_word' id='word_1_234' title='bbox 1195 2234 1364 2307; x_wconf 78' lang='grc' dir='ltr'>αὐτὴν</span> <span class='ocrx_word' id='word_1_235' title='bbox 1398 2235 1641 2306; x_wconf 79' lang='grc' dir='ltr'>τρέμειν,</span> <span class='ocrx_word' id='word_1_236' title='bbox 1671 2226 1731 2288; x_wconf 74' lang='grc' dir='ltr'><strong>οὗ</strong></span> <span class='ocrx_word' id='word_1_237' title='bbox 1750 2238 1807 2287; x_wconf 83' lang='grc' dir='ltr'><strong>ὲν</strong></span> <span class='ocrx_word' id='word_1_238' title='bbox 1830 2237 1894 2304; x_wconf 80' lang='grc' dir='ltr'><strong>τῇ</strong></span> 
     </span>
    </p>
   </div>
   <div class='ocr_carea' id='block_1_35' title="bbox 317 2326 1897 2402">
    <p class='ocr_par' dir='ltr' id='par_1_35' title="bbox 317 2326 1897 2402">
     <span class='ocr_line' id='line_1_35' title="bbox 317 2326 1897 2402; baseline -0.003 -19"><span class='ocrx_word' id='word_1_239' title='bbox 317 2330 463 2402; x_wconf 76' lang='grc' dir='ltr'>χειρὶ</span> <span class='ocrx_word' id='word_1_240' title='bbox 493 2331 641 2383; x_wconf 74' lang='grc' dir='ltr'>πᾶσα</span> <span class='ocrx_word' id='word_1_241' title='bbox 681 2330 836 2399; x_wconf 80' lang='grc' dir='ltr'>πνοὴ,</span> <span class='ocrx_word' id='word_1_242' title='bbox 867 2331 895 2383; x_wconf 92' lang='grc' dir='ltr'><strong>ὀ</strong></span> <span class='ocrx_word' id='word_1_243' title='bbox 923 2328 1155 2383; x_wconf 80' lang='grc' dir='ltr'><strong>διαλύων</strong></span> <span class='ocrx_word' id='word_1_244' title='bbox 1186 2328 1287 2398; x_wconf 69' lang='grc' dir='ltr'><strong>ὅρη</strong></span> <span class='ocrx_word' id='word_1_245' title='bbox 1334 2330 1392 2382; x_wconf 79' lang='grc' dir='ltr'><strong>ὲν</strong></span> <span class='ocrx_word' id='word_1_246' title='bbox 1422 2329 1486 2397; x_wconf 80' lang='grc' dir='ltr'>τῇ</span> <span class='ocrx_word' id='word_1_247' title='bbox 1538 2326 1897 2395; x_wconf 79' lang='grc' dir='ltr'>κραταιότητι</span> 
     </span>
    </p>
   </div>
   <div class='ocr_carea' id='block_1_36' title="bbox 317 2419 1901 2495">
    <p class='ocr_par' dir='ltr' id='par_1_36' title="bbox 317 2419 1901 2495">
     <span class='ocr_line' id='line_1_36' title="bbox 317 2419 1901 2495; baseline -0.004 -17"><span class='ocrx_word' id='word_1_248' title='bbox 317 2422 510 2487; x_wconf 81' lang='grc' dir='ltr'>αὑτοῦ,</span> <span class='ocrx_word' id='word_1_249' title='bbox 541 2424 636 2478; x_wconf 75' lang='grc' dir='ltr'>καὶ</span> <span class='ocrx_word' id='word_1_250' title='bbox 669 2423 772 2477; x_wconf 78' lang='grc' dir='ltr'><strong>ὅσα</strong></span> <span class='ocrx_word' id='word_1_251' title='bbox 795 2424 926 2492; x_wconf 76' lang='grc' dir='ltr'>περὶ</span> <span class='ocrx_word' id='word_1_252' title='bbox 950 2422 1049 2493; x_wconf 87' lang='grc' dir='ltr'>τῆς</span> <span class='ocrx_word' id='word_1_253' title='bbox 1075 2423 1318 2495; x_wconf 74' lang='grc' dir='ltr'>ἀρρήτου</span> <span class='ocrx_word' id='word_1_254' title='bbox 1350 2419 1517 2474; x_wconf 83' lang='grc' dir='ltr'>αὐτοῦ</span> <span class='ocrx_word' id='word_1_255' title='bbox 1537 2420 1821 2491; x_wconf 80' lang='grc' dir='ltr'>δυνάμεως</span> <span class='ocrx_word' id='word_1_256' title='bbox 1850 2420 1901 2472; x_wconf 81' lang='lat' dir='ltr'><strong>oi</strong></span> 
     </span>
    </p>
   </div>
   <div class='ocr_carea' id='block_1_37' title="bbox 320 2512 1123 2589">
    <p class='ocr_par' dir='ltr' id='par_1_37' title="bbox 320 2512 1123 2589">
     <span class='ocr_line' id='line_1_37' title="bbox 320 2512 1123 2589; baseline 0.001 -21"><span class='ocrx_word' id='word_1_257' title='bbox 320 2516 641 2589; x_wconf 76' lang='grc' dir='ltr'><strong>ἱεροφάνται</strong></span> <span class='ocrx_word' id='word_1_258' title='bbox 677 2512 1123 2588; x_wconf 82' lang='grc' dir='ltr'>παραδεδώκασι.</span> 
     </span>
    </p>
   </div>
   <div class='ocr_carea' id='block_1_38' title="bbox 397 2800 1898 2876">
    <p class='ocr_par' dir='ltr' id='par_1_38' title="bbox 397 2800 1898 2876">
     <span class='ocr_line' id='line_1_38' title="bbox 397 2800 1898 2876; baseline -0.007 -12"><span class='ocrx_word' id='word_1_259' title='bbox 397 2809 474 2864; x_wconf 84' lang='grc' dir='ltr'><em>Τὰ</em></span> <span class='ocrx_word' id='word_1_260' title='bbox 519 2808 678 2876; x_wconf 74' lang='grc' dir='ltr'><strong>βέλη</strong></span> <span class='ocrx_word' id='word_1_261' title='bbox 727 2804 916 2861; x_wconf 83' lang='grc' dir='ltr'>αὑτοῦ</span> <span class='ocrx_word' id='word_1_262' title='bbox 958 2804 1085 2871; x_wconf 82' lang='grc' dir='ltr'>τοῖς</span> <span class='ocrx_word' id='word_1_263' title='bbox 1110 2802 1450 2872; x_wconf 79' lang='grc' dir='ltr'><strong>καιομένοις</strong></span> <span class='ocrx_word' id='word_1_264' title='bbox 1499 2800 1898 2870; x_wconf 78' lang='grc' dir='ltr'><strong>ἐξηργάσατο.</strong></span> 
     </span>
    </p>
   </div>
   <div class='ocr_carea' id='block_1_39' title="bbox 330 2888 1903 2968">
    <p class='ocr_par' dir='ltr' id='par_1_39' title="bbox 330 2888 1903 2968">
     <span class='ocr_line' id='line_1_39' title="bbox 330 2888 1903 2968; baseline -0.008 -15"><span class='ocrx_word' id='word_1_265' title='bbox 330 2900 422 2953; x_wconf 80' lang='grc' dir='ltr'><strong>Ἐν</strong></span> <span class='ocrx_word' id='word_1_266' title='bbox 446 2897 622 2968; x_wconf 85' lang='grc' dir='ltr'>τούτῳ</span> <span class='ocrx_word' id='word_1_267' title='bbox 648 2894 1055 2967; x_wconf 81' lang='grc' dir='ltr'>παραμυθεῖται</span> <span class='ocrx_word' id='word_1_268' title='bbox 1091 2894 1219 2955; x_wconf 82' lang='grc' dir='ltr'><strong>τοὺς</strong></span> <span class='ocrx_word' id='word_1_269' title='bbox 1252 2890 1514 2960; x_wconf 82' lang='grc' dir='ltr'><strong>ἀγαθούς⁹</strong></span> <span class='ocrx_word' id='word_1_270' title='bbox 1553 2891 1608 2943; x_wconf 88' lang='grc' dir='ltr'><strong>αἱ</strong></span> <span class='ocrx_word' id='word_1_271' title='bbox 1640 2888 1903 2959; x_wconf 76' lang='grc' dir='ltr'>τιμωρίαι</span> 
     </span>
    </p>
   </div>
   <div class='ocr_carea' id='block_1_40' title="bbox 320 2982 1899 3063">
    <p class='ocr_par' dir='ltr' id='par_1_40' title="bbox 320 2982 1899 3063">
     <span class='ocr_line' id='line_1_40' title="bbox 320 2982 1899 3063; baseline -0.008 -17"><span class='ocrx_word' id='word_1_272' title='bbox 320 2992 452 3063; x_wconf 81' lang='grc' dir='ltr'>γὰρ,</span> <span class='ocrx_word' id='word_1_273' title='bbox 489 2991 647 3060; x_wconf 76' lang='grc' dir='ltr'>φησὶ,</span> <span class='ocrx_word' id='word_1_274' title='bbox 669 2989 763 3043; x_wconf 83' lang='grc' dir='ltr'><strong>τοῦ</strong></span> <span class='ocrx_word' id='word_1_275' title='bbox 788 2986 946 3054; x_wconf 77' lang='grc' dir='ltr'>Θεοῦ,</span> <span class='ocrx_word' id='word_1_276' title='bbox 970 2985 1114 3040; x_wconf 84' lang='grc' dir='ltr'><strong>κατά</strong></span> <span class='ocrx_word' id='word_1_277' title='bbox 1146 2986 1254 3039; x_wconf 83' lang='grc' dir='ltr'>τῶν</span> <span class='ocrx_word' id='word_1_278' title='bbox 1286 2985 1520 3049; x_wconf 77' lang='grc' dir='ltr'>ἀναξίων</span> <span class='ocrx_word' id='word_1_279' title='bbox 1540 2982 1899 3052; x_wconf 66' lang='grc' dir='ltr'>ἐποιήθησαν.</span> 
     </span>
    </p>
   </div>
   <div class='ocr_carea' id='block_1_41' title="bbox 321 3072 1899 3151">
    <p class='ocr_par' dir='ltr' id='par_1_41' title="bbox 321 3072 1899 3151">
     <span class='ocr_line' id='line_1_41' title="bbox 321 3072 1899 3151; baseline -0.001 -14"><span class='ocrx_word' id='word_1_280' title='bbox 321 3082 666 3151; x_wconf 82' lang='grc' dir='ltr'>Καιομένους</span> <span class='ocrx_word' id='word_1_281' title='bbox 721 3082 828 3151; x_wconf 81' lang='grc' dir='ltr'>γὰρ</span> <span class='ocrx_word' id='word_1_282' title='bbox 886 3078 1118 3133; x_wconf 78' lang='grc' dir='ltr'>ἐκάλεσε</span> <span class='ocrx_word' id='word_1_283' title='bbox 1179 3079 1308 3140; x_wconf 71' lang='grc' dir='ltr'>τοὺς</span> <span class='ocrx_word' id='word_1_284' title='bbox 1372 3074 1646 3145; x_wconf 79' lang='grc' dir='ltr'>μηδεμίαν</span> <span class='ocrx_word' id='word_1_285' title='bbox 1698 3072 1899 3143; x_wconf 80' lang='grc' dir='ltr'>ἀρετῆς</span> 
     </span>
    </p>
   </div>
   <div class='ocr_carea' id='block_1_42' title="bbox 317 3166 1898 3249">
    <p class='ocr_par' dir='ltr' id='par_1_42' title="bbox 317 3166 1898 3249">
     <span class='ocr_line' id='line_1_42' title="bbox 317 3166 1898 3249; baseline -0.01 -16"><span class='ocrx_word' id='word_1_286' title='bbox 317 3180 542 3249; x_wconf 77' lang='grc' dir='ltr'>ἔχοντας</span> <span class='ocrx_word' id='word_1_287' title='bbox 577 3174 798 3245; x_wconf 71' lang='grc' dir='ltr'>ἰκμάδα·</span> <span class='ocrx_word' id='word_1_288' title='bbox 826 3172 1084 3226; x_wconf 79' lang='grc' dir='ltr'>τοσοῦτον</span> <span class='ocrx_word' id='word_1_289' title='bbox 1109 3170 1165 3224; x_wconf 82' lang='grc' dir='ltr'>δὲ</span> <span class='ocrx_word' id='word_1_290' title='bbox 1212 3166 1585 3240; x_wconf 76' lang='grc' dir='ltr'>ξηρανθέντας</span> <span class='ocrx_word' id='word_1_291' title='bbox 1629 3168 1710 3230; x_wconf 83' lang='grc' dir='ltr'><strong>είς</strong></span> <span class='ocrx_word' id='word_1_292' title='bbox 1758 3168 1898 3234; x_wconf 85' lang='grc' dir='ltr'>ἀγα-</span> 
     </span>
    </p>
   </div>
   <div class='ocr_carea' id='block_1_43' title="bbox 318 3258 1900 3341">
    <p class='ocr_par' dir='ltr' id='par_1_43' title="bbox 318 3258 1900 3341">
     <span class='ocr_line' id='line_1_43' title="bbox 318 3258 1900 3341; baseline -0.009 -17"><span class='ocrx_word' id='word_1_293' title='bbox 318 3270 596 3341; x_wconf 84' lang='grc' dir='ltr'>θοεργίαν,</span> <span class='ocrx_word' id='word_1_294' title='bbox 621 3268 697 3331; x_wconf 83' lang='grc' dir='ltr'>ὡς</span> <span class='ocrx_word' id='word_1_295' title='bbox 732 3266 1070 3331; x_wconf 76' lang='grc' dir='ltr'>εύεξὰπτους</span> <span class='ocrx_word' id='word_1_296' title='bbox 1092 3258 1234 3317; x_wconf 72' lang='grc' dir='ltr'>εἶναι</span> <span class='ocrx_word' id='word_1_297' title='bbox 1268 3262 1407 3332; x_wconf 71' lang='grc' dir='ltr'>πρὸς</span> <span class='ocrx_word' id='word_1_298' title='bbox 1435 3262 1497 3313; x_wconf 80' lang='grc' dir='ltr'>τὸ</span> <span class='ocrx_word' id='word_1_299' title='bbox 1539 3258 1647 3329; x_wconf 79' lang='grc' dir='ltr'>πῦρ</span> <span class='ocrx_word' id='word_1_300' title='bbox 1668 3260 1769 3328; x_wconf 79' lang='grc' dir='ltr'>τῆς</span> <span class='ocrx_word' id='word_1_301' title='bbox 1802 3275 1900 3310; x_wconf 90' lang='grc' dir='ltr'>κο-</span> 
     </span>
    </p>
   </div>
   <div class='ocr_carea' id='block_1_44' title="bbox 316 3350 1907 3431">
    <p class='ocr_par' dir='ltr' id='par_1_44' title="bbox 316 3350 1907 3431">
     <span class='ocr_line' id='line_1_44' title="bbox 316 3350 1907 3431; baseline -0.008 -15"><span class='ocrx_word' id='word_1_302' title='bbox 316 3365 550 3428; x_wconf 81' lang='grc' dir='ltr'>λάσεως,</span> <span class='ocrx_word' id='word_1_303' title='bbox 576 3360 672 3415; x_wconf 76' lang='grc' dir='ltr'>καὶ</span> <span class='ocrx_word' id='word_1_304' title='bbox 694 3360 799 3431; x_wconf 71' lang='grc' dir='ltr'>ήδη</span> <span class='ocrx_word' id='word_1_305' title='bbox 824 3362 889 3430; x_wconf 80' lang='grc' dir='ltr'><strong>τῇ</strong></span> <span class='ocrx_word' id='word_1_306' title='bbox 940 3356 1240 3428; x_wconf 76' lang='grc' dir='ltr'>προσδοκίᾳ</span> <span class='ocrx_word' id='word_1_307' title='bbox 1267 3354 1355 3407; x_wconf 79' lang='grc' dir='ltr'><strong>κο)</strong></span> <span class='ocrx_word' id='word_1_308' title='bbox 1367 3352 1689 3423; x_wconf 78' lang='grc' dir='ltr'>αζομένους.</span> <span class='ocrx_word' id='word_1_309' title='bbox 1715 3353 1785 3404; x_wconf 85' lang='grc' dir='ltr'><em>Ἢ</em></span> <span class='ocrx_word' id='word_1_310' title='bbox 1812 3350 1907 3403; x_wconf 79' lang='grc' dir='ltr'><strong>καὶ</strong></span> 
     </span>
    </p>
   </div>
   <div class='ocr_carea' id='block_1_45' title="bbox 318 3443 1903 3523">
    <p class='ocr_par' dir='ltr' id='par_1_45' title="bbox 318 3443 1903 3523">
     <span class='ocr_line' id='line_1_45' title="bbox 318 3443 1903 3523; baseline -0.01 -14"><span class='ocrx_word' id='word_1_311' title='bbox 318 3460 438 3517; x_wconf 77' lang='grc' dir='ltr'>τοῖς</span> <span class='ocrx_word' id='word_1_312' title='bbox 477 3455 787 3523; x_wconf 65' lang='grc' dir='ltr'>καιομένοις</span> <span class='ocrx_word' id='word_1_313' title='bbox 819 3450 954 3519; x_wconf 78' lang='grc' dir='ltr'>φησὶ</span> <span class='ocrx_word' id='word_1_314' title='bbox 986 3447 1065 3520; x_wconf 81' lang='grc' dir='ltr'><strong>τῷ</strong></span> <span class='ocrx_word' id='word_1_315' title='bbox 1111 3448 1247 3517; x_wconf 70' lang='grc' dir='ltr'>πυρὶ</span> <span class='ocrx_word' id='word_1_316' title='bbox 1298 3447 1406 3499; x_wconf 84' lang='grc' dir='ltr'><strong>τῶν</strong></span> <span class='ocrx_word' id='word_1_317' title='bbox 1439 3444 1652 3509; x_wconf 85' lang='grc' dir='ltr'>παθῶν,</span> <span class='ocrx_word' id='word_1_318' title='bbox 1689 3443 1865 3510; x_wconf 79' lang='grc' dir='ltr'>θυμοῦ</span> <span class='ocrx_word' id='word_1_319' title='bbox 1889 3482 1903 3505; x_wconf 95' lang='grc'><strong>,</strong></span> 
     </span>
    </p>
   </div>
   <div class='ocr_carea' id='block_1_46' title="bbox 317 3535 1908 3618">
    <p class='ocr_par' dir='ltr' id='par_1_46' title="bbox 317 3535 1908 3618">
     <span class='ocr_line' id='line_1_46' title="bbox 317 3535 1908 3618; baseline -0.009 -16"><span class='ocrx_word' id='word_1_320' title='bbox 317 3548 539 3618; x_wconf 79' lang='grc' dir='ltr'>ἡδονῆς,</span> <span class='ocrx_word' id='word_1_321' title='bbox 594 3543 1051 3615; x_wconf 77' lang='grc' dir='ltr'>φιλοχρηματίας,</span> <span class='ocrx_word' id='word_1_322' title='bbox 1086 3541 1181 3594; x_wconf 77' lang='grc' dir='ltr'>καὶ</span> <span class='ocrx_word' id='word_1_323' title='bbox 1209 3539 1465 3592; x_wconf 85' lang='grc' dir='ltr'><strong>τοιούτων</strong></span> <span class='ocrx_word' id='word_1_324' title='bbox 1504 3536 1697 3591; x_wconf 84' lang='grc' dir='ltr'>ἀλλων.</span> <span class='ocrx_word' id='word_1_325' title='bbox 1751 3535 1908 3588; x_wconf 79' lang='grc' dir='ltr'><strong>Οὕτω</strong></span> 
     </span>
    </p>
   </div>
   <div class='ocr_carea' id='block_1_47' title="bbox 312 3629 1902 3710">
    <p class='ocr_par' dir='ltr' id='par_1_47' title="bbox 312 3629 1902 3710">
     <span class='ocr_line' id='line_1_47' title="bbox 312 3629 1902 3710; baseline -0.009 -15"><span class='ocrx_word' id='word_1_326' title='bbox 312 3640 781 3710; x_wconf 76' lang='grc' dir='ltr'>διαζωγραφήσας</span> <span class='ocrx_word' id='word_1_327' title='bbox 828 3634 927 3706; x_wconf 80' lang='grc' dir='ltr'>τὴν</span> <span class='ocrx_word' id='word_1_328' title='bbox 974 3633 1183 3687; x_wconf 83' lang='grc' dir='ltr'>ἄνωθεν</span> <span class='ocrx_word' id='word_1_329' title='bbox 1235 3631 1668 3701; x_wconf 60' lang='grc' dir='ltr'><strong>⁸ιτοικιλόμοριρον</strong></span> <span class='ocrx_word' id='word_1_330' title='bbox 1702 3629 1902 3698; x_wconf 77' lang='grc' dir='ltr'>ὁρμὴν,</span> 
     </span>
    </p>
   </div>
   <div class='ocr_carea' id='block_1_48' title="bbox 318 3720 1904 3801">
    <p class='ocr_par' dir='ltr' id='par_1_48' title="bbox 318 3720 1904 3801">
     <span class='ocr_line' id='line_1_48' title="bbox 318 3720 1904 3801; baseline -0.01 -13"><span class='ocrx_word' id='word_1_331' title='bbox 318 3734 420 3788; x_wconf 77' lang='grc' dir='ltr'><strong>καὶ</strong></span> <span class='ocrx_word' id='word_1_332' title='bbox 472 3732 680 3801; x_wconf 87' lang='grc' dir='ltr'>ταύτην</span> <span class='ocrx_word' id='word_1_333' title='bbox 723 3731 837 3793; x_wconf 82' lang='grc' dir='ltr'>τοϊς</span> <span class='ocrx_word' id='word_1_334' title='bbox 887 3728 1152 3797; x_wconf 78' lang='grc' dir='ltr'>πονηροῖς</span> <span class='ocrx_word' id='word_1_335' title='bbox 1197 3724 1603 3793; x_wconf 70' lang='grc' dir='ltr'>ἐπικρεμάσας,</span> <span class='ocrx_word' id='word_1_336' title='bbox 1656 3720 1904 3773; x_wconf 82' lang='grc' dir='ltr'>παιδεύει</span> 
     </span>
    </p>
   </div>
   <div class='ocr_carea' id='block_1_49' title="bbox 316 3813 1903 3891">
    <p class='ocr_par' dir='ltr' id='par_1_49' title="bbox 316 3813 1903 3891">
     <span class='ocr_line' id='line_1_49' title="bbox 316 3813 1903 3891; baseline -0.01 -12"><span class='ocrx_word' id='word_1_337' title='bbox 316 3824 509 3879; x_wconf 73' lang='grc' dir='ltr'>λοιπὸν</span> <span class='ocrx_word' id='word_1_338' title='bbox 532 3824 627 3878; x_wconf 75' lang='grc' dir='ltr'>καὶ</span> <span class='ocrx_word' id='word_1_339' title='bbox 659 3821 768 3876; x_wconf 86' lang='grc' dir='ltr'><strong>ἀπδ</strong></span> <span class='ocrx_word' id='word_1_340' title='bbox 794 3820 906 3873; x_wconf 85' lang='grc' dir='ltr'>τῶν</span> <span class='ocrx_word' id='word_1_341' title='bbox 926 3817 1231 3891; x_wconf 80' lang='grc' dir='ltr'>τηνικαῦτα</span> <span class='ocrx_word' id='word_1_342' title='bbox 1254 3816 1623 3887; x_wconf 84' lang='grc' dir='ltr'>πραγμάτων,</span> <span class='ocrx_word' id='word_1_343' title='bbox 1649 3814 1744 3867; x_wconf 67' lang='grc' dir='ltr'>καὶ</span> <span class='ocrx_word' id='word_1_344' title='bbox 1768 3813 1903 3884; x_wconf 82' lang='grc' dir='ltr'>πρὸς</span> 
     </span>
    </p>
   </div>
   <div class='ocr_carea' id='block_1_50' title="bbox 314 3910 1361 3986">
    <p class='ocr_par' dir='ltr' id='par_1_50' title="bbox 314 3910 1361 3986">
     <span class='ocr_line' id='line_1_50' title="bbox 314 3910 1361 3986; baseline -0.011 -12"><span class='ocrx_word' id='word_1_345' title='bbox 314 3917 415 3974; x_wconf 78' lang='grc' dir='ltr'><strong>τὸν</strong></span> <span class='ocrx_word' id='word_1_346' title='bbox 449 3914 773 3985; x_wconf 75' lang='grc' dir='ltr'>’Δῦεσαλὼμ</span> <span class='ocrx_word' id='word_1_347' title='bbox 809 3913 1036 3986; x_wconf 79' lang='grc' dir='ltr'>μετάγει</span> <span class='ocrx_word' id='word_1_348' title='bbox 1064 3912 1155 3964; x_wconf 84' lang='grc' dir='ltr'><strong>τὸν</strong></span> <span class='ocrx_word' id='word_1_349' title='bbox 1178 3910 1361 3978; x_wconf 86' lang='grc' dir='ltr'>λόγον.</span> 
     </span>
    </p>
   </div>
   <div class='ocr_carea' id='block_1_51' title="bbox 404 4109 1901 4185">
    <p class='ocr_par' dir='ltr' id='par_1_51' title="bbox 404 4109 1901 4185">
     <span class='ocr_line' id='line_1_51' title="bbox 404 4109 1901 4185; baseline -0.009 -10"><span class='ocrx_word' id='word_1_350' title='bbox 404 4119 552 4176; x_wconf 81' lang='grc' dir='ltr'>Ἰδοὺ</span> <span class='ocrx_word' id='word_1_351' title='bbox 579 4118 880 4185; x_wconf 74' lang='grc' dir='ltr'><strong>ὠόἰνησεγ</strong></span> <span class='ocrx_word' id='word_1_352' title='bbox 907 4115 1169 4171; x_wconf 82' lang='grc' dir='ltr'><strong>ἀδικίαν.</strong></span> <span class='ocrx_word' id='word_1_353' title='bbox 1208 4112 1497 4181; x_wconf 84' lang='grc' dir='ltr'>Ἐγκύμων</span> <span class='ocrx_word' id='word_1_354' title='bbox 1524 4112 1552 4162; x_wconf 89' lang='grc' dir='ltr'>ὁ</span> <span class='ocrx_word' id='word_1_355' title='bbox 1581 4109 1901 4175; x_wconf 81' lang='grc' dir='ltr'>ἀποστάτης</span> 
     </span>
    </p>
   </div>
   <div class='ocr_carea' id='block_1_52' title="bbox 311 4202 1900 4282">
    <p class='ocr_par' dir='ltr' id='par_1_52' title="bbox 311 4202 1900 4282">
     <span class='ocr_line' id='line_1_52' title="bbox 311 4202 1900 4282; baseline -0.011 -11"><span class='ocrx_word' id='word_1_356' title='bbox 311 4209 477 4279; x_wconf 73' lang='grc' dir='ltr'>οὗτος</span> <span class='ocrx_word' id='word_1_357' title='bbox 506 4215 730 4282; x_wconf 70' lang='grc' dir='ltr'>γέγονεν</span> <span class='ocrx_word' id='word_1_358' title='bbox 779 4211 1014 4275; x_wconf 79' lang='grc' dir='ltr'>ἀδικίας,</span> <span class='ocrx_word' id='word_1_359' title='bbox 1064 4206 1268 4273; x_wconf 83' lang='grc' dir='ltr'>ὲξῶσαί</span> <span class='ocrx_word' id='word_1_360' title='bbox 1312 4223 1379 4277; x_wconf 89' lang='grc' dir='ltr'><strong>με</strong></span> <span class='ocrx_word' id='word_1_361' title='bbox 1426 4205 1525 4274; x_wconf 77' lang='grc' dir='ltr'>τῆς</span> <span class='ocrx_word' id='word_1_362' title='bbox 1567 4204 1719 4270; x_wconf 79' lang='grc' dir='ltr'>παρᾶ</span> <span class='ocrx_word' id='word_1_363' title='bbox 1766 4202 1900 4255; x_wconf 81' lang='grc' dir='ltr'>Θεοῦ</span> 
     </span>
    </p>
   </div>
   <div class='ocr_carea' id='block_1_53' title="bbox 315 4295 1899 4379">
    <p class='ocr_par' dir='ltr' id='par_1_53' title="bbox 315 4295 1899 4379">
     <span class='ocr_line' id='line_1_53' title="bbox 315 4295 1899 4379; baseline -0.011 -15"><span class='ocrx_word' id='word_1_364' title='bbox 315 4309 613 4379; x_wconf 80' lang='grc' dir='ltr'>δεδομένης</span> <span class='ocrx_word' id='word_1_365' title='bbox 642 4306 819 4377; x_wconf 83' lang='grc' dir='ltr'>ἀρχῆς</span> <span class='ocrx_word' id='word_1_366' title='bbox 849 4302 1160 4373; x_wconf 86' lang='grc' dir='ltr'>μελετήσας</span> <span class='ocrx_word' id='word_1_367' title='bbox 1191 4300 1414 4361; x_wconf 87' lang='grc' dir='ltr'>ἀδίκως.</span> <span class='ocrx_word' id='word_1_368' title='bbox 1454 4297 1528 4349; x_wconf 80' lang='grc' dir='ltr'>Τὸ</span> <span class='ocrx_word' id='word_1_369' title='bbox 1558 4297 1614 4349; x_wconf 79' lang='grc' dir='ltr'>δὲ</span> <span class='ocrx_word' id='word_1_370' title='bbox 1644 4296 1743 4363; x_wconf 82' lang='grc' dir='ltr'><strong>τῆς</strong></span> <span class='ocrx_word' id='word_1_371' title='bbox 1774 4295 1899 4348; x_wconf 78' lang='grc' dir='ltr'><strong>ὠδῖ-</strong></span> 
     </span>
    </p>
   </div>
   <div class='ocr_carea' id='block_1_54' title="bbox 316 4386 1900 4468">
    <p class='ocr_par' dir='ltr' id='par_1_54' title="bbox 316 4386 1900 4468">
     <span class='ocr_line' id='line_1_54' title="bbox 316 4386 1900 4468; baseline -0.008 -16"><span class='ocrx_word' id='word_1_372' title='bbox 316 4417 412 4463; x_wconf 86' lang='grc' dir='ltr'>νος</span> <span class='ocrx_word' id='word_1_373' title='bbox 439 4398 610 4468; x_wconf 76' lang='grc' dir='ltr'>ὄνομα</span> <span class='ocrx_word' id='word_1_374' title='bbox 658 4393 992 4465; x_wconf 80' lang='grc' dir='ltr'>παρέλαϐεν,</span> <span class='ocrx_word' id='word_1_375' title='bbox 1039 4391 1379 4454; x_wconf 73' lang='grc' dir='ltr'>ἐνδείξασθαι</span> <span class='ocrx_word' id='word_1_376' title='bbox 1424 4387 1749 4459; x_wconf 78' lang='grc' dir='ltr'>βουλόμενος</span> <span class='ocrx_word' id='word_1_377' title='bbox 1780 4386 1900 4440; x_wconf 82' lang='grc' dir='ltr'>οἵαν</span> 
     </span>
    </p>
   </div>
   <div class='ocr_carea' id='block_1_55' title="bbox 2004 1870 3584 1943">
    <p class='ocr_par' dir='ltr' id='par_1_55' title="bbox 2004 1870 3584 1943">
     <span class='ocr_line' id='line_1_55' title="bbox 2004 1870 3584 1943; baseline -0.004 -12"><span class='ocrx_word' id='word_1_378' title='bbox 2004 1878 2120 1932; x_wconf 86' lang='lat' dir='ltr'><strong>dini</strong></span> <span class='ocrx_word' id='word_1_379' title='bbox 2149 1874 2619 1931; x_wconf 81' lang='lat' dir='ltr'><strong>condescendens.</strong></span> <span class='ocrx_word' id='word_1_380' title='bbox 2650 1876 2756 1929; x_wconf 91' lang='lat' dir='ltr'><strong>llac</strong></span> <span class='ocrx_word' id='word_1_381' title='bbox 2786 1875 2999 1928; x_wconf 80' lang='lat' dir='ltr'><strong>ratione</strong></span> <span class='ocrx_word' id='word_1_382' title='bbox 3020 1873 3256 1943; x_wconf 77' lang='lat' dir='ltr'><strong>gladium</strong></span> <span class='ocrx_word' id='word_1_383' title='bbox 3292 1870 3457 1925; x_wconf 82' lang='lat' dir='ltr'><strong>Deum</strong></span> <span class='ocrx_word' id='word_1_384' title='bbox 3486 1872 3584 1925; x_wconf 86' lang='lat' dir='ltr'><strong>ha-</strong></span> 
     </span>
    </p>
   </div>
   <div class='ocr_carea' id='block_1_56' title="bbox 2000 1962 3584 2036">
    <p class='ocr_par' dir='ltr' id='par_1_56' title="bbox 2000 1962 3584 2036">
     <span class='ocr_line' id='line_1_56' title="bbox 2000 1962 3584 2036; baseline -0.006 -12"><span class='ocrx_word' id='word_1_385' title='bbox 2000 1970 2131 2025; x_wconf 74' lang='lat' dir='ltr'><strong>here</strong></span> <span class='ocrx_word' id='word_1_386' title='bbox 2158 1969 2310 2032; x_wconf 87' lang='lat' dir='ltr'><strong>dicit,</strong></span> <span class='ocrx_word' id='word_1_387' title='bbox 2342 1982 2641 2036; x_wconf 80' lang='lat' dir='ltr'><strong>arcumque</strong></span> <span class='ocrx_word' id='word_1_388' title='bbox 2666 1976 2719 2019; x_wconf 90' lang='lat' dir='ltr'><strong>et</strong></span> <span class='ocrx_word' id='word_1_389' title='bbox 2756 1966 3013 2035; x_wconf 77' lang='lat' dir='ltr'><strong>sagittas,</strong></span> <span class='ocrx_word' id='word_1_390' title='bbox 3048 1975 3211 2032; x_wconf 86' lang='lat' dir='ltr'><strong>atque</strong></span> <span class='ocrx_word' id='word_1_391' title='bbox 3246 1964 3352 2017; x_wconf 91' lang='lat' dir='ltr'><strong>alia</strong></span> <span class='ocrx_word' id='word_1_392' title='bbox 3392 1962 3584 2016; x_wconf 82' lang='lat' dir='ltr'><strong>bellica</strong></span> 
     </span>
    </p>
   </div>
   <div class='ocr_carea' id='block_1_57' title="bbox 2000 2053 3584 2128">
    <p class='ocr_par' dir='ltr' id='par_1_57' title="bbox 2000 2053 3584 2128">
     <span class='ocr_line' id='line_1_57' title="bbox 2000 2053 3584 2128; baseline -0.004 -14"><span class='ocrx_word' id='word_1_393' title='bbox 2000 2062 2367 2116; x_wconf 85' lang='lat' dir='ltr'><strong>instrumenta</strong></span> <span class='ocrx_word' id='word_1_394' title='bbox 2401 2078 2413 2114; x_wconf 92' lang='lat'>:</span> <span class='ocrx_word' id='word_1_395' title='bbox 2452 2058 2797 2128; x_wconf 77' lang='lat' dir='ltr'><strong>nititlarcque</strong></span> <span class='ocrx_word' id='word_1_396' title='bbox 2820 2072 2944 2111; x_wconf 91' lang='lat' dir='ltr'><strong>eum</strong></span> <span class='ocrx_word' id='word_1_397' title='bbox 2977 2066 3029 2110; x_wconf 90' lang='lat' dir='ltr'><strong>et</strong></span> <span class='ocrx_word' id='word_1_398' title='bbox 3052 2055 3297 2118; x_wconf 82' lang='lat' dir='ltr'><strong>tendere.</strong></span> <span class='ocrx_word' id='word_1_399' title='bbox 3334 2062 3391 2108; x_wconf 86' lang='lat' dir='ltr'><strong>ut</strong></span> <span class='ocrx_word' id='word_1_400' title='bbox 3424 2053 3584 2108; x_wconf 79' lang='lat' dir='ltr'><strong>antli-</strong></span> 
     </span>
    </p>
   </div>
   <div class='ocr_carea' id='block_1_58' title="bbox 2003 2147 3582 2219">
    <p class='ocr_par' dir='ltr' id='par_1_58' title="bbox 2003 2147 3582 2219">
     <span class='ocr_line' id='line_1_58' title="bbox 2003 2147 3582 2219; baseline -0.005 -12"><span class='ocrx_word' id='word_1_401' title='bbox 2003 2153 2213 2208; x_wconf 88' lang='lat' dir='ltr'><strong>toribus</strong></span> <span class='ocrx_word' id='word_1_402' title='bbox 2239 2152 2493 2206; x_wconf 88' lang='lat' dir='ltr'><strong>timorem</strong></span> <span class='ocrx_word' id='word_1_403' title='bbox 2533 2156 2778 2219; x_wconf 78' lang='lat' dir='ltr'><strong>augeret,</strong></span> <span class='ocrx_word' id='word_1_404' title='bbox 2812 2157 2865 2203; x_wconf 90' lang='lat' dir='ltr'><strong>et</strong></span> <span class='ocrx_word' id='word_1_405' title='bbox 2902 2164 2995 2218; x_wconf 84' lang='lat' dir='ltr'><strong>per</strong></span> <span class='ocrx_word' id='word_1_406' title='bbox 3032 2158 3157 2202; x_wconf 83' lang='lat' dir='ltr'><strong>nata</strong></span> <span class='ocrx_word' id='word_1_407' title='bbox 3206 2147 3288 2200; x_wconf 89' lang='lat' dir='ltr'><strong>eis</strong></span> <span class='ocrx_word' id='word_1_408' title='bbox 3336 2148 3582 2206; x_wconf 83' lang='lat' dir='ltr'><strong>nomina.</strong></span> 
     </span>
    </p>
   </div>
   <div class='ocr_carea' id='block_1_59' title="bbox 2004 2237 3585 2313">
    <p class='ocr_par' dir='ltr' id='par_1_59' title="bbox 2004 2237 3585 2313">
     <span class='ocr_line' id='line_1_59' title="bbox 2004 2237 3585 2313; baseline -0.003 -17"><span class='ocrx_word' id='word_1_409' title='bbox 2004 2244 2269 2313; x_wconf 83' lang='lat' dir='ltr'><strong>lapideam</strong></span> <span class='ocrx_word' id='word_1_410' title='bbox 2295 2258 2486 2297; x_wconf 89' lang='lat' dir='ltr'><strong>eorum</strong></span> <span class='ocrx_word' id='word_1_411' title='bbox 2520 2252 2755 2296; x_wconf 88' lang='lat' dir='ltr'><strong>mentem</strong></span> <span class='ocrx_word' id='word_1_412' title='bbox 2790 2247 3109 2295; x_wconf 81' lang='lat' dir='ltr'><strong>concuteret</strong></span> <span class='ocrx_word' id='word_1_413' title='bbox 3138 2255 3151 2291; x_wconf 90' lang='lat'>:</span> <span class='ocrx_word' id='word_1_414' title='bbox 3187 2253 3368 2290; x_wconf 80' lang='lat' dir='ltr'><strong>verum</strong></span> <span class='ocrx_word' id='word_1_415' title='bbox 3393 2237 3585 2303; x_wconf 83' lang='lat' dir='ltr'><strong>hujus-</strong></span> 
     </span>
    </p>
   </div>
   <div class='ocr_carea' id='block_1_60' title="bbox 2007 2329 3586 2403">
    <p class='ocr_par' dir='ltr' id='par_1_60' title="bbox 2007 2329 3586 2403">
     <span class='ocr_line' id='line_1_60' title="bbox 2007 2329 3586 2403; baseline -0.006 -13"><span class='ocrx_word' id='word_1_416' title='bbox 2007 2336 2151 2390; x_wconf 87' lang='lat' dir='ltr'><strong>modi</strong></span> <span class='ocrx_word' id='word_1_417' title='bbox 2185 2335 2354 2390; x_wconf 89' lang='lat' dir='ltr'><strong>armis</strong></span> <span class='ocrx_word' id='word_1_418' title='bbox 2384 2350 2493 2388; x_wconf 89' lang='lat' dir='ltr'><strong>non</strong></span> <span class='ocrx_word' id='word_1_419' title='bbox 2530 2333 2758 2403; x_wconf 74' lang='lat' dir='ltr'><strong>indiget,</strong></span> <span class='ocrx_word' id='word_1_420' title='bbox 2789 2333 2881 2401; x_wconf 90' lang='lat' dir='ltr'><strong>qui</strong></span> <span class='ocrx_word' id='word_1_421' title='bbox 2908 2339 3127 2402; x_wconf 78' lang='lat' dir='ltr'><strong>aspectu</strong></span> <span class='ocrx_word' id='word_1_422' title='bbox 3166 2329 3282 2384; x_wconf 91' lang='lat' dir='ltr'><strong>solo</strong></span> <span class='ocrx_word' id='word_1_423' title='bbox 3314 2329 3444 2382; x_wconf 91' lang='lat' dir='ltr'><strong>facit</strong></span> <span class='ocrx_word' id='word_1_424' title='bbox 3473 2336 3586 2382; x_wconf 84' lang='lat' dir='ltr'><strong>ter-</strong></span> 
     </span>
    </p>
   </div>
   <div class='ocr_carea' id='block_1_61' title="bbox 2001 2420 3582 2493">
    <p class='ocr_par' dir='ltr' id='par_1_61' title="bbox 2001 2420 3582 2493">
     <span class='ocr_line' id='line_1_61' title="bbox 2001 2420 3582 2493; baseline -0.006 -11"><span class='ocrx_word' id='word_1_425' title='bbox 2001 2444 2118 2482; x_wconf 87' lang='lat' dir='ltr'><strong>ram</strong></span> <span class='ocrx_word' id='word_1_426' title='bbox 2166 2438 2424 2493; x_wconf 87' lang='lat' dir='ltr'><strong>tremere,</strong></span> <span class='ocrx_word' id='word_1_427' title='bbox 2484 2427 2539 2480; x_wconf 91' lang='lat' dir='ltr'><strong>iu</strong></span> <span class='ocrx_word' id='word_1_428' title='bbox 2585 2441 2749 2482; x_wconf 88' lang='lat' dir='ltr'><strong>manu</strong></span> <span class='ocrx_word' id='word_1_429' title='bbox 2786 2424 2947 2492; x_wconf 82' lang='lat' dir='ltr'><strong>cujus</strong></span> <span class='ocrx_word' id='word_1_430' title='bbox 2994 2434 3077 2476; x_wconf 89' lang='lat' dir='ltr'><strong>est</strong></span> <span class='ocrx_word' id='word_1_431' title='bbox 3121 2422 3301 2475; x_wconf 90' lang='lat' dir='ltr'><strong>omnis</strong></span> <span class='ocrx_word' id='word_1_432' title='bbox 3330 2420 3582 2486; x_wconf 84' lang='lat' dir='ltr'><strong>spiritus,</strong></span> 
     </span>
    </p>
   </div>
   <div class='ocr_carea' id='block_1_62' title="bbox 2003 2513 3581 2591">
    <p class='ocr_par' dir='ltr' id='par_1_62' title="bbox 2003 2513 3581 2591">
     <span class='ocr_line' id='line_1_62' title="bbox 2003 2513 3581 2591; baseline -0.004 -19"><span class='ocrx_word' id='word_1_433' title='bbox 2003 2521 2097 2591; x_wconf 86' lang='lat' dir='ltr'><strong>qui</strong></span> <span class='ocrx_word' id='word_1_434' title='bbox 2126 2518 2289 2574; x_wconf 86' lang='lat' dir='ltr'><strong>etiam</strong></span> <span class='ocrx_word' id='word_1_435' title='bbox 2327 2526 2542 2573; x_wconf 85' lang='lat' dir='ltr'><strong>montes</strong></span> <span class='ocrx_word' id='word_1_436' title='bbox 2571 2516 2821 2571; x_wconf 84' lang='lat' dir='ltr'><strong>dissolvit</strong></span> <span class='ocrx_word' id='word_1_437' title='bbox 2857 2515 2911 2568; x_wconf 90' lang='lat' dir='ltr'><strong>in</strong></span> <span class='ocrx_word' id='word_1_438' title='bbox 2949 2513 3268 2569; x_wconf 90' lang='lat' dir='ltr'><strong>fortitudine</strong></span> <span class='ocrx_word' id='word_1_439' title='bbox 3294 2528 3416 2577; x_wconf 83' lang='lat' dir='ltr'><strong>sua,</strong></span> <span class='ocrx_word' id='word_1_440' title='bbox 3460 2527 3581 2567; x_wconf 86' lang='lat' dir='ltr'><strong>om-</strong></span> 
     </span>
    </p>
   </div>
   <div class='ocr_carea' id='block_1_63' title="bbox 2004 2604 3584 2682">
    <p class='ocr_par' dir='ltr' id='par_1_63' title="bbox 2004 2604 3584 2682">
     <span class='ocr_line' id='line_1_63' title="bbox 2004 2604 3584 2682; baseline -0.006 -14"><span class='ocrx_word' id='word_1_441' title='bbox 2004 2612 2203 2682; x_wconf 87' lang='lat' dir='ltr'><strong>niaque</strong></span> <span class='ocrx_word' id='word_1_442' title='bbox 2234 2611 2339 2665; x_wconf 91' lang='lat' dir='ltr'><strong>alia</strong></span> <span class='ocrx_word' id='word_1_443' title='bbox 2371 2610 2495 2663; x_wconf 82' lang='lat' dir='ltr'><strong>facit</strong></span> <span class='ocrx_word' id='word_1_444' title='bbox 2538 2624 2875 2679; x_wconf 72' lang='lat' dir='ltr'><strong>quaecunque</strong></span> <span class='ocrx_word' id='word_1_445' title='bbox 2905 2610 2972 2664; x_wconf 91' lang='lat' dir='ltr'><strong>de</strong></span> <span class='ocrx_word' id='word_1_446' title='bbox 2994 2608 3114 2678; x_wconf 79' lang='lat' dir='ltr'><strong>ejus</strong></span> <span class='ocrx_word' id='word_1_447' title='bbox 3143 2606 3382 2676; x_wconf 80' lang='lat' dir='ltr'><strong>potentia</strong></span> <span class='ocrx_word' id='word_1_448' title='bbox 3408 2604 3584 2659; x_wconf 88' lang='lat' dir='ltr'><strong>divini</strong></span> 
     </span>
    </p>
   </div>
   <div class='ocr_carea' id='block_1_64' title="bbox 2006 2701 2869 2771">
    <p class='ocr_par' dir='ltr' id='par_1_64' title="bbox 2006 2701 2869 2771">
     <span class='ocr_line' id='line_1_64' title="bbox 2006 2701 2869 2771; baseline -0.003 -15"><span class='ocrx_word' id='word_1_449' title='bbox 2006 2702 2469 2771; x_wconf 82' lang='lat' dir='ltr'><strong>contemplatores</strong></span> <span class='ocrx_word' id='word_1_450' title='bbox 2499 2701 2869 2755; x_wconf 86' lang='lat' dir='ltr'><strong>tradiderunt.</strong></span> 
     </span>
    </p>
   </div>
   <div class='ocr_carea' id='block_1_65' title="bbox 2075 2810 3588 2885">
    <p class='ocr_par' dir='ltr' id='par_1_65' title="bbox 2075 2810 3588 2885">
     <span class='ocr_line' id='line_1_65' title="bbox 2075 2810 3588 2885; baseline -0.004 -15"><span class='ocrx_word' id='word_1_451' title='bbox 2075 2815 2317 2885; x_wconf 68' lang='lat' dir='ltr'><strong>Sagitta:</strong></span> <span class='ocrx_word' id='word_1_452' title='bbox 2375 2832 2500 2869; x_wconf 74' lang='lat' dir='ltr'><strong>suas</strong></span> <span class='ocrx_word' id='word_1_453' title='bbox 2547 2813 2856 2869; x_wconf 73' lang='lat' dir='ltr'><strong>ardentibus</strong></span> <span class='ocrx_word' id='word_1_454' title='bbox 2899 2814 3093 2881; x_wconf 75' lang='lat' dir='ltr'><strong>effecit.</strong></span> <span class='ocrx_word' id='word_1_455' title='bbox 3145 2812 3221 2866; x_wconf 73' lang='lat' dir='ltr'><strong>Ex</strong></span> <span class='ocrx_word' id='word_1_456' title='bbox 3270 2812 3355 2867; x_wconf 90' lang='lat' dir='ltr'><strong>bis</strong></span> <span class='ocrx_word' id='word_1_457' title='bbox 3404 2810 3588 2865; x_wconf 81' lang='lat' dir='ltr'><strong>verbis</strong></span> 
     </span>
    </p>
   </div>
   <div class='ocr_carea' id='block_1_66' title="bbox 2004 2902 3585 2979">
    <p class='ocr_par' dir='ltr' id='par_1_66' title="bbox 2004 2902 3585 2979">
     <span class='ocr_line' id='line_1_66' title="bbox 2004 2902 3585 2979; baseline -0.006 -16"><span class='ocrx_word' id='word_1_458' title='bbox 2004 2910 2206 2979; x_wconf 83' lang='lat' dir='ltr'><strong>probos</strong></span> <span class='ocrx_word' id='word_1_459' title='bbox 2252 2909 2502 2962; x_wconf 83' lang='lat' dir='ltr'><strong>homines</strong></span> <span class='ocrx_word' id='word_1_460' title='bbox 2552 2908 2893 2961; x_wconf 88' lang='lat' dir='ltr'><strong>consolatur.</strong></span> <span class='ocrx_word' id='word_1_461' title='bbox 2929 2904 3129 2961; x_wconf 70' lang='lat' dir='ltr'><strong>Poenas</strong></span> <span class='ocrx_word' id='word_1_462' title='bbox 3162 2905 3332 2967; x_wconf 88' lang='lat' dir='ltr'><strong>enim,</strong></span> <span class='ocrx_word' id='word_1_463' title='bbox 3383 2902 3585 2969; x_wconf 79' lang='lat' dir='ltr'><strong>inquit,</strong></span> 
     </span>
    </p>
   </div>
   <div class='ocr_carea' id='block_1_67' title="bbox 2008 2993 3589 3069">
    <p class='ocr_par' dir='ltr' id='par_1_67' title="bbox 2008 2993 3589 3069">
     <span class='ocr_line' id='line_1_67' title="bbox 2008 2993 3589 3069; baseline -0.006 -14"><span class='ocrx_word' id='word_1_464' title='bbox 2008 3001 2136 3057; x_wconf 81' lang='lat' dir='ltr'><strong>fecit</strong></span> <span class='ocrx_word' id='word_1_465' title='bbox 2183 2998 2327 3056; x_wconf 76' lang='lat' dir='ltr'><strong>Deus</strong></span> <span class='ocrx_word' id='word_1_466' title='bbox 2381 3007 2601 3069; x_wconf 82' lang='lat' dir='ltr'><strong>prepter</strong></span> <span class='ocrx_word' id='word_1_467' title='bbox 2642 3013 2740 3053; x_wconf 90' lang='lat' dir='ltr'><strong>eos</strong></span> <span class='ocrx_word' id='word_1_468' title='bbox 2795 2998 2886 3066; x_wconf 90' lang='lat' dir='ltr'><strong>qui</strong></span> <span class='ocrx_word' id='word_1_469' title='bbox 2930 2997 3145 3053; x_wconf 86' lang='lat' dir='ltr'><strong>scelesti</strong></span> <span class='ocrx_word' id='word_1_470' title='bbox 3188 3006 3315 3051; x_wconf 89' lang='lat' dir='ltr'><strong>sunt</strong></span> <span class='ocrx_word' id='word_1_471' title='bbox 3365 3010 3429 3050; x_wconf 86' lang='lat' dir='ltr'><strong>ac</strong></span> <span class='ocrx_word' id='word_1_472' title='bbox 3474 2993 3589 3047; x_wconf 84' lang='lat' dir='ltr'><strong>Deo</strong></span> 
     </span>
    </p>
   </div>
   <div class='ocr_carea' id='block_1_68' title="bbox 2009 3082 3586 3165">
    <p class='ocr_par' dir='ltr' id='par_1_68' title="bbox 2009 3082 3586 3165">
     <span class='ocr_line' id='line_1_68' title="bbox 2009 3082 3586 3165; baseline -0.006 -20"><span class='ocrx_word' id='word_1_473' title='bbox 2009 3092 2242 3165; x_wconf 76' lang='lat' dir='ltr'><strong>indigni.</strong></span> <span class='ocrx_word' id='word_1_474' title='bbox 2286 3092 2556 3147; x_wconf 81' lang='lat' dir='ltr'><strong>Ardentes</strong></span> <span class='ocrx_word' id='word_1_475' title='bbox 2595 3092 2737 3143; x_wconf 89' lang='lat' dir='ltr'><strong>enim</strong></span> <span class='ocrx_word' id='word_1_476' title='bbox 2793 3088 3088 3158; x_wconf 83' lang='lat' dir='ltr'><strong>appellavit</strong></span> <span class='ocrx_word' id='word_1_477' title='bbox 3130 3103 3246 3152; x_wconf 86' lang='lat' dir='ltr'><strong>eos,</strong></span> <span class='ocrx_word' id='word_1_478' title='bbox 3292 3086 3385 3155; x_wconf 91' lang='lat' dir='ltr'><strong>qui</strong></span> <span class='ocrx_word' id='word_1_479' title='bbox 3437 3082 3586 3140; x_wconf 91' lang='lat' dir='ltr'><strong>omni</strong></span> 
     </span>
    </p>
   </div>
   <div class='ocr_carea' id='block_1_69' title="bbox 2012 3177 3584 3255">
    <p class='ocr_par' dir='ltr' id='par_1_69' title="bbox 2012 3177 3584 3255">
     <span class='ocr_line' id='line_1_69' title="bbox 2012 3177 3584 3255; baseline -0.006 -16"><span class='ocrx_word' id='word_1_480' title='bbox 2012 3200 2243 3255; x_wconf 88' lang='lat' dir='ltr'><strong>prorsus</strong></span> <span class='ocrx_word' id='word_1_481' title='bbox 2291 3192 2478 3237; x_wconf 85' lang='lat' dir='ltr'><strong>carent</strong></span> <span class='ocrx_word' id='word_1_482' title='bbox 2524 3182 2746 3235; x_wconf 79' lang='lat' dir='ltr'><strong>virtutis</strong></span> <span class='ocrx_word' id='word_1_483' title='bbox 2794 3181 3073 3235; x_wconf 89' lang='lat' dir='ltr'><strong>humore:</strong></span> <span class='ocrx_word' id='word_1_484' title='bbox 3117 3179 3210 3249; x_wconf 90' lang='lat' dir='ltr'><strong>qui</strong></span> <span class='ocrx_word' id='word_1_485' title='bbox 3262 3180 3399 3232; x_wconf 88' lang='lat' dir='ltr'><strong>adeo</strong></span> <span class='ocrx_word' id='word_1_486' title='bbox 3449 3177 3584 3232; x_wconf 83' lang='lat' dir='ltr'><strong>sicci</strong></span> 
     </span>
    </p>
   </div>
   <div class='ocr_carea' id='block_1_70' title="bbox 2012 3268 3587 3341">
    <p class='ocr_par' dir='ltr' id='par_1_70' title="bbox 2012 3268 3587 3341">
     <span class='ocr_line' id='line_1_70' title="bbox 2012 3268 3587 3341; baseline -0.004 -12"><span class='ocrx_word' id='word_1_487' title='bbox 2012 3282 2139 3330; x_wconf 90' lang='lat' dir='ltr'><strong>sunt</strong></span> <span class='ocrx_word' id='word_1_488' title='bbox 2183 3273 2248 3325; x_wconf 92' lang='lat' dir='ltr'><strong>ad</strong></span> <span class='ocrx_word' id='word_1_489' title='bbox 2285 3271 2618 3341; x_wconf 73' lang='lat' dir='ltr'><strong>onerandum</strong></span> <span class='ocrx_word' id='word_1_490' title='bbox 2660 3270 2881 3341; x_wconf 86' lang='lat' dir='ltr'><strong>aliquod</strong></span> <span class='ocrx_word' id='word_1_491' title='bbox 2926 3272 3155 3337; x_wconf 86' lang='lat' dir='ltr'><strong>bonum,</strong></span> <span class='ocrx_word' id='word_1_492' title='bbox 3203 3278 3263 3323; x_wconf 92' lang='lat' dir='ltr'><strong>ut</strong></span> <span class='ocrx_word' id='word_1_493' title='bbox 3320 3268 3480 3322; x_wconf 87' lang='lat' dir='ltr'><strong>facile</strong></span> <span class='ocrx_word' id='word_1_494' title='bbox 3519 3268 3587 3323; x_wconf 87' lang='lat' dir='ltr'><strong>ab</strong></span> 
     </span>
    </p>
   </div>
   <div class='ocr_carea' id='block_1_71' title="bbox 2012 3359 3589 3435">
    <p class='ocr_par' dir='ltr' id='par_1_71' title="bbox 2012 3359 3589 3435">
     <span class='ocr_line' id='line_1_71' title="bbox 2012 3359 3589 3435; baseline -0.003 -18"><span class='ocrx_word' id='word_1_495' title='bbox 2012 3366 2135 3435; x_wconf 78' lang='lat' dir='ltr'><strong>igne</strong></span> <span class='ocrx_word' id='word_1_496' title='bbox 2168 3379 2453 3433; x_wconf 76' lang='lat' dir='ltr'><strong>pmnarutn</strong></span> <span class='ocrx_word' id='word_1_497' title='bbox 2490 3362 2855 3416; x_wconf 82' lang='lat' dir='ltr'><strong>incendantur</strong></span> <span class='ocrx_word' id='word_1_498' title='bbox 2888 3379 2901 3415; x_wconf 92' lang='lat'>:</span> <span class='ocrx_word' id='word_1_499' title='bbox 2936 3361 3029 3430; x_wconf 87' lang='lat' dir='ltr'><strong>qui</strong></span> <span class='ocrx_word' id='word_1_500' title='bbox 3057 3361 3219 3416; x_wconf 89' lang='lat' dir='ltr'><strong>etiam</strong></span> <span class='ocrx_word' id='word_1_501' title='bbox 3245 3360 3354 3429; x_wconf 84' lang='lat' dir='ltr'><strong>jam</strong></span> <span class='ocrx_word' id='word_1_502' title='bbox 3395 3359 3589 3413; x_wconf 84' lang='lat' dir='ltr'><strong>ardere</strong></span> 
     </span>
    </p>
   </div>
   <div class='ocr_carea' id='block_1_72' title="bbox 2009 3452 3587 3524">
    <p class='ocr_par' dir='ltr' id='par_1_72' title="bbox 2009 3452 3587 3524">
     <span class='ocr_line' id='line_1_72' title="bbox 2009 3452 3587 3524; baseline -0.003 -14"><span class='ocrx_word' id='word_1_503' title='bbox 2009 3456 2118 3510; x_wconf 77' lang='lat' dir='ltr'><strong>dici</strong></span> <span class='ocrx_word' id='word_1_504' title='bbox 2173 3464 2425 3524; x_wconf 76' lang='lat' dir='ltr'><strong>possant,</strong></span> <span class='ocrx_word' id='word_1_505' title='bbox 2473 3470 2535 3508; x_wconf 87' lang='lat' dir='ltr'><strong>ea</strong></span> <span class='ocrx_word' id='word_1_506' title='bbox 2593 3456 2825 3511; x_wconf 88' lang='lat' dir='ltr'><strong>ratione.</strong></span> <span class='ocrx_word' id='word_1_507' title='bbox 2878 3455 3007 3522; x_wconf 84' lang='lat' dir='ltr'><strong>quia</strong></span> <span class='ocrx_word' id='word_1_508' title='bbox 3039 3468 3196 3523; x_wconf 60' lang='lat' dir='ltr'><strong>paena</strong></span> <span class='ocrx_word' id='word_1_509' title='bbox 3230 3453 3318 3505; x_wconf 86' lang='lat' dir='ltr'><strong>illa</strong></span> <span class='ocrx_word' id='word_1_510' title='bbox 3340 3452 3453 3522; x_wconf 82' lang='lat' dir='ltr'><strong>jam</strong></span> <span class='ocrx_word' id='word_1_511' title='bbox 3489 3467 3587 3506; x_wconf 83' lang='lat' dir='ltr'><strong>eos</strong></span> 
     </span>
    </p>
   </div>
   <div class='ocr_carea' id='block_1_73' title="bbox 2010 3544 3588 3616">
    <p class='ocr_par' dir='ltr' id='par_1_73' title="bbox 2010 3544 3588 3616">
     <span class='ocr_line' id='line_1_73' title="bbox 2010 3544 3588 3616; baseline -0.001 -15"><span class='ocrx_word' id='word_1_512' title='bbox 2010 3557 2219 3602; x_wconf 87' lang='lat' dir='ltr'><strong>manet.</strong></span> <span class='ocrx_word' id='word_1_513' title='bbox 2254 3547 2319 3601; x_wconf 82' lang='lat' dir='ltr'><strong>Et</strong></span> <span class='ocrx_word' id='word_1_514' title='bbox 2375 3547 2557 3611; x_wconf 89' lang='lat' dir='ltr'><strong>aliter,</strong></span> <span class='ocrx_word' id='word_1_515' title='bbox 2606 3546 2942 3600; x_wconf 76' lang='lat' dir='ltr'><strong>Ardentibus.</strong></span> <span class='ocrx_word' id='word_1_516' title='bbox 2973 3547 3095 3616; x_wconf 74' lang='lat' dir='ltr'><strong>igne</strong></span> <span class='ocrx_word' id='word_1_517' title='bbox 3128 3544 3344 3598; x_wconf 79' lang='lat' dir='ltr'><strong>scilicet</strong></span> <span class='ocrx_word' id='word_1_518' title='bbox 3375 3545 3588 3614; x_wconf 81' lang='lat' dir='ltr'><strong>passio-</strong></span> 
     </span>
    </p>
   </div>
   <div class='ocr_carea' id='block_1_74' title="bbox 2009 3635 3585 3707">
    <p class='ocr_par' dir='ltr' id='par_1_74' title="bbox 2009 3635 3585 3707">
     <span class='ocr_line' id='line_1_74' title="bbox 2009 3635 3585 3707; baseline -0.004 -14"><span class='ocrx_word' id='word_1_519' title='bbox 2009 3656 2163 3703; x_wconf 87' lang='lat' dir='ltr'><strong>num,</strong></span> <span class='ocrx_word' id='word_1_520' title='bbox 2216 3640 2330 3703; x_wconf 76' lang='lat' dir='ltr'><strong>irte,</strong></span> <span class='ocrx_word' id='word_1_521' title='bbox 2370 3638 2686 3707; x_wconf 89' lang='lat' dir='ltr'><strong>voluptatis,</strong></span> <span class='ocrx_word' id='word_1_522' title='bbox 2717 3639 2981 3699; x_wconf 66' lang='lat' dir='ltr'><strong>avaritia).</strong></span> <span class='ocrx_word' id='word_1_523' title='bbox 3016 3646 3073 3690; x_wconf 91' lang='lat' dir='ltr'><strong>et</strong></span> <span class='ocrx_word' id='word_1_524' title='bbox 3118 3636 3404 3691; x_wconf 88' lang='lat' dir='ltr'><strong>similium.</strong></span> <span class='ocrx_word' id='word_1_525' title='bbox 3448 3635 3585 3689; x_wconf 89' lang='lat' dir='ltr'><strong>Cum</strong></span> 
     </span>
    </p>
   </div>
   <div class='ocr_carea' id='block_1_75' title="bbox 2011 3728 3587 3798">
    <p class='ocr_par' dir='ltr' id='par_1_75' title="bbox 2011 3728 3587 3798">
     <span class='ocr_line' id='line_1_75' title="bbox 2011 3728 3587 3798; baseline -0.003 -13"><span class='ocrx_word' id='word_1_526' title='bbox 2011 3740 2192 3785; x_wconf 90' lang='lat' dir='ltr'><strong>autem</strong></span> <span class='ocrx_word' id='word_1_527' title='bbox 2227 3729 2612 3784; x_wconf 84' lang='lat' dir='ltr'><strong>multiformem</strong></span> <span class='ocrx_word' id='word_1_528' title='bbox 2650 3728 2742 3784; x_wconf 91' lang='lat' dir='ltr'><strong>Dei</strong></span> <span class='ocrx_word' id='word_1_529' title='bbox 2778 3730 2911 3783; x_wconf 88' lang='lat' dir='ltr'><strong>iram</strong></span> <span class='ocrx_word' id='word_1_530' title='bbox 2939 3728 3314 3798; x_wconf 75' lang='lat' dir='ltr'><strong>descripserit,</strong></span> <span class='ocrx_word' id='word_1_531' title='bbox 3355 3741 3587 3796; x_wconf 85' lang='lat' dir='ltr'><strong>eamque</strong></span> 
     </span>
    </p>
   </div>
   <div class='ocr_carea' id='block_1_76' title="bbox 2007 3820 3589 3892">
    <p class='ocr_par' dir='ltr' id='par_1_76' title="bbox 2007 3820 3589 3892">
     <span class='ocr_line' id='line_1_76' title="bbox 2007 3820 3589 3892; baseline -0.002 -17"><span class='ocrx_word' id='word_1_532' title='bbox 2007 3824 2191 3892; x_wconf 77' lang='lat' dir='ltr'><strong>pravis</strong></span> <span class='ocrx_word' id='word_1_533' title='bbox 2214 3824 2531 3878; x_wconf 89' lang='lat' dir='ltr'><strong>hominibus</strong></span> <span class='ocrx_word' id='word_1_534' title='bbox 2562 3823 2849 3877; x_wconf 86' lang='lat' dir='ltr'><strong>imminere</strong></span> <span class='ocrx_word' id='word_1_535' title='bbox 2881 3820 3189 3882; x_wconf 86' lang='lat' dir='ltr'><strong>tradiderit.</strong></span> <span class='ocrx_word' id='word_1_536' title='bbox 3223 3820 3401 3875; x_wconf 89' lang='lat' dir='ltr'><strong>erudit</strong></span> <span class='ocrx_word' id='word_1_537' title='bbox 3435 3829 3589 3891; x_wconf 86' lang='lat' dir='ltr'><strong>post-</strong></span> 
     </span>
    </p>
   </div>
   <div class='ocr_carea' id='block_1_77' title="bbox 2012 3913 3588 3983">
    <p class='ocr_par' dir='ltr' id='par_1_77' title="bbox 2012 3913 3588 3983">
     <span class='ocr_line' id='line_1_77' title="bbox 2012 3913 3588 3983; baseline -0.002 -14"><span class='ocrx_word' id='word_1_538' title='bbox 2012 3916 2261 3979; x_wconf 87' lang='lat' dir='ltr'><strong>modum,</strong></span> <span class='ocrx_word' id='word_1_539' title='bbox 2322 3922 2377 3968; x_wconf 86' lang='lat' dir='ltr'><strong>et</strong></span> <span class='ocrx_word' id='word_1_540' title='bbox 2435 3917 2594 3969; x_wconf 75' lang='lat' dir='ltr'><strong>docet</strong></span> <span class='ocrx_word' id='word_1_541' title='bbox 2646 3929 2805 3969; x_wconf 89' lang='lat' dir='ltr'><strong>nosa</strong></span> <span class='ocrx_word' id='word_1_542' title='bbox 2854 3913 3212 3983; x_wconf 69' lang='lat' dir='ltr'><strong>prmsentibus</strong></span> <span class='ocrx_word' id='word_1_543' title='bbox 3268 3913 3475 3967; x_wconf 81' lang='lat' dir='ltr'><strong>rebus:</strong></span> <span class='ocrx_word' id='word_1_544' title='bbox 3530 3921 3588 3966; x_wconf 82' lang='lat' dir='ltr'><strong>et</strong></span> 
     </span>
    </p>
   </div>
   <div class='ocr_carea' id='block_1_78' title="bbox 2005 4007 3113 4061">
    <p class='ocr_par' dir='ltr' id='par_1_78' title="bbox 2005 4007 3113 4061">
     <span class='ocr_line' id='line_1_78' title="bbox 2005 4007 3113 4061; baseline -0.003 0"><span class='ocrx_word' id='word_1_545' title='bbox 2005 4022 2314 4061; x_wconf 72' lang='lat' dir='ltr'><strong>sermonem</strong></span> <span class='ocrx_word' id='word_1_546' title='bbox 2354 4007 2418 4061; x_wconf 89' lang='lat' dir='ltr'><strong>ad</strong></span> <span class='ocrx_word' id='word_1_547' title='bbox 2454 4008 2783 4060; x_wconf 79' lang='lat' dir='ltr'><strong>Absalonem</strong></span> <span class='ocrx_word' id='word_1_548' title='bbox 2818 4007 3113 4059; x_wconf 84' lang='lat' dir='ltr'><strong>convertit.</strong></span> 
     </span>
    </p>
   </div>
   <div class='ocr_carea' id='block_1_79' title="bbox 2076 4116 3583 4186">
    <p class='ocr_par' dir='ltr' id='par_1_79' title="bbox 2076 4116 3583 4186">
     <span class='ocr_line' id='line_1_79' title="bbox 2076 4116 3583 4186; baseline -0.001 -14"><span class='ocrx_word' id='word_1_549' title='bbox 2076 4118 2239 4173; x_wconf 72' lang='lat' dir='ltr'><strong>Vens.</strong></span> <span class='ocrx_word' id='word_1_550' title='bbox 2282 4120 2364 4174; x_wconf 83' lang='lat' dir='ltr'><strong>i5.</strong></span> <span class='ocrx_word' id='word_1_551' title='bbox 2404 4118 2535 4174; x_wconf 80' lang='lat' dir='ltr'><strong>Ecce</strong></span> <span class='ocrx_word' id='word_1_552' title='bbox 2564 4121 2813 4186; x_wconf 80' lang='lat' dir='ltr'><strong>parturiit</strong></span> <span class='ocrx_word' id='word_1_553' title='bbox 2840 4119 3180 4184; x_wconf 80' lang='lat' dir='ltr'><strong>iniustitiam.</strong></span> <span class='ocrx_word' id='word_1_554' title='bbox 3205 4116 3376 4172; x_wconf 82' lang='lat' dir='ltr'><strong>Filius</strong></span> <span class='ocrx_word' id='word_1_555' title='bbox 3406 4133 3583 4183; x_wconf 82' lang='lat' dir='ltr'><strong>meus,</strong></span> 
     </span>
    </p>
   </div>
   <div class='ocr_carea' id='block_1_80' title="bbox 2006 4210 3581 4282">
    <p class='ocr_par' dir='ltr' id='par_1_80' title="bbox 2006 4210 3581 4282">
     <span class='ocr_line' id='line_1_80' title="bbox 2006 4210 3581 4282; baseline -0.001 -17"><span class='ocrx_word' id='word_1_556' title='bbox 2006 4210 2209 4282; x_wconf 88' lang='lat' dir='ltr'><strong>inquit,</strong></span> <span class='ocrx_word' id='word_1_557' title='bbox 2244 4211 2421 4266; x_wconf 86' lang='lat' dir='ltr'><strong>factus</strong></span> <span class='ocrx_word' id='word_1_558' title='bbox 2455 4224 2537 4265; x_wconf 91' lang='lat' dir='ltr'><strong>est</strong></span> <span class='ocrx_word' id='word_1_559' title='bbox 2584 4210 2868 4280; x_wconf 71' lang='lat' dir='ltr'><strong>injustitiae</strong></span> <span class='ocrx_word' id='word_1_560' title='bbox 2900 4211 3181 4281; x_wconf 76' lang='lat' dir='ltr'><strong>gravidus,</strong></span> <span class='ocrx_word' id='word_1_561' title='bbox 3216 4226 3340 4263; x_wconf 91' lang='lat' dir='ltr'><strong>cum</strong></span> <span class='ocrx_word' id='word_1_562' title='bbox 3374 4210 3581 4278; x_wconf 77' lang='lat' dir='ltr'><strong>injuste</strong></span> 
     </span>
    </p>
   </div>
   <div class='ocr_carea' id='block_1_81' title="bbox 2005 4301 3587 4375">
    <p class='ocr_par' dir='ltr' id='par_1_81' title="bbox 2005 4301 3587 4375">
     <span class='ocr_line' id='line_1_81' title="bbox 2005 4301 3587 4375; baseline -0.003 -16"><span class='ocrx_word' id='word_1_563' title='bbox 2005 4306 2334 4375; x_wconf 80' lang='lat' dir='ltr'><strong>cogitaverit</strong></span> <span class='ocrx_word' id='word_1_564' title='bbox 2369 4320 2452 4359; x_wconf 91' lang='lat' dir='ltr'><strong>me</strong></span> <span class='ocrx_word' id='word_1_565' title='bbox 2497 4302 2566 4358; x_wconf 86' lang='lat' dir='ltr'><strong>de</strong></span> <span class='ocrx_word' id='word_1_566' title='bbox 2592 4318 2656 4358; x_wconf 89' lang='lat' dir='ltr'><strong>eo</strong></span> <span class='ocrx_word' id='word_1_567' title='bbox 2686 4318 2854 4371; x_wconf 71' lang='lat' dir='ltr'><strong>regno</strong></span> <span class='ocrx_word' id='word_1_568' title='bbox 2885 4302 3177 4370; x_wconf 80' lang='lat' dir='ltr'><strong>expellere,</strong></span> <span class='ocrx_word' id='word_1_569' title='bbox 3203 4301 3350 4371; x_wconf 90' lang='lat' dir='ltr'><strong>quod</strong></span> <span class='ocrx_word' id='word_1_570' title='bbox 3388 4301 3518 4354; x_wconf 89' lang='lat' dir='ltr'><strong>mihi</strong></span> <span class='ocrx_word' id='word_1_571' title='bbox 3553 4317 3587 4354; x_wconf 83' lang='lat' dir='ltr'><strong>a</strong></span> 
     </span>
    </p>
   </div>
   <div class='ocr_carea' id='block_1_82' title="bbox 2005 4394 3589 4451">
    <p class='ocr_par' dir='ltr' id='par_1_82' title="bbox 2005 4394 3589 4451">
     <span class='ocr_line' id='line_1_82' title="bbox 2005 4394 3589 4451; baseline -0.002 -1"><span class='ocrx_word' id='word_1_572' title='bbox 2005 4395 2117 4450; x_wconf 88' lang='lat' dir='ltr'><strong>Dco</strong></span> <span class='ocrx_word' id='word_1_573' title='bbox 2146 4397 2335 4450; x_wconf 87' lang='lat' dir='ltr'><strong>datum</strong></span> <span class='ocrx_word' id='word_1_574' title='bbox 2390 4403 2497 4451; x_wconf 89' lang='lat' dir='ltr'><strong>est.</strong></span> <span class='ocrx_word' id='word_1_575' title='bbox 2537 4395 2925 4449; x_wconf 81' lang='lat' dir='ltr'><strong>Parturitionis</strong></span> <span class='ocrx_word' id='word_1_576' title='bbox 2960 4402 3139 4447; x_wconf 87' lang='lat' dir='ltr'><strong>autent</strong></span> <span class='ocrx_word' id='word_1_577' title='bbox 3176 4394 3399 4448; x_wconf 86' lang='lat' dir='ltr'><strong>nomine</strong></span> <span class='ocrx_word' id='word_1_578' title='bbox 3455 4408 3589 4447; x_wconf 89' lang='lat' dir='ltr'><strong>usus</strong></span> 
     </span>
    </p>
   </div>
   <div class='ocr_carea' id='block_1_83' title="bbox 317 4479 1903 4562">
    <p class='ocr_par' dir='ltr' id='par_1_83' title="bbox 317 4479 1899 4562">
     <span class='ocr_line' id='line_1_83' title="bbox 317 4479 1899 4562; baseline -0.009 -17"><span class='ocrx_word' id='word_1_579' title='bbox 317 4493 518 4562; x_wconf 78' lang='grc' dir='ltr'>ὀδύνην</span> <span class='ocrx_word' id='word_1_580' title='bbox 574 4490 669 4544; x_wconf 65' lang='grc' dir='ltr'>καὶ</span> <span class='ocrx_word' id='word_1_581' title='bbox 694 4488 1003 4559; x_wconf 82' lang='grc' dir='ltr'>δριμύτητα</span> <span class='ocrx_word' id='word_1_582' title='bbox 1072 4485 1377 4554; x_wconf 76' lang='grc' dir='ltr'><strong>πάσχουσιν</strong></span> <span class='ocrx_word' id='word_1_583' title='bbox 1430 4481 1481 4535; x_wconf 84' lang='grc' dir='ltr'><strong>οἱ</strong></span> <span class='ocrx_word' id='word_1_584' title='bbox 1528 4480 1621 4533; x_wconf 73' lang='grc' dir='ltr'>τὸν</span> <span class='ocrx_word' id='word_1_585' title='bbox 1670 4479 1899 4550; x_wconf 79' lang='grc' dir='ltr'>πλησίον</span> 
     </span>
    </p>
   </div>
   <div class='ocr_carea' id='block_1_84' title="bbox 2007 4479 3585 4562">
    <p class='ocr_par' dir='ltr' id='par_1_84' title="bbox 2007 4485 3585 4557">
     <span class='ocr_line' id='line_1_84' title="bbox 2007 4485 3585 4557; baseline -0.005 -12"><span class='ocrx_word' id='word_1_586' title='bbox 2007 4500 2111 4555; x_wconf 79' lang='lat' dir='ltr'><strong>est,</strong></span> <span class='ocrx_word' id='word_1_587' title='bbox 2141 4488 2331 4545; x_wconf 86' lang='lat' dir='ltr'><strong>volens</strong></span> <span class='ocrx_word' id='word_1_588' title='bbox 2376 4488 2670 4545; x_wconf 79' lang='lat' dir='ltr'><strong>ostendere</strong></span> <span class='ocrx_word' id='word_1_589' title='bbox 2715 4487 2910 4557; x_wconf 85' lang='lat' dir='ltr'><strong>quales</strong></span> <span class='ocrx_word' id='word_1_590' title='bbox 2946 4493 3001 4540; x_wconf 89' lang='lat' dir='ltr'><strong>et</strong></span> <span class='ocrx_word' id='word_1_591' title='bbox 3032 4501 3196 4555; x_wconf 88' lang='lat' dir='ltr'><strong>quam</strong></span> <span class='ocrx_word' id='word_1_592' title='bbox 3230 4485 3459 4539; x_wconf 86' lang='lat' dir='ltr'><strong>accrhos</strong></span> <span class='ocrx_word' id='word_1_593' title='bbox 3486 4485 3585 4538; x_wconf 88' lang='lat' dir='ltr'><strong>do-</strong></span> 
     </span>
    </p>
   </div>
   <div class='ocr_carea' id='block_1_85' title="bbox 317 4579 1904 4657">
    <p class='ocr_par' dir='ltr' id='par_1_85' title="bbox 317 4579 1904 4657">
     <span class='ocr_line' id='line_1_85' title="bbox 317 4579 1904 4657; baseline -0.008 -13"><span class='ocrx_word' id='word_1_594' title='bbox 317 4590 582 4657; x_wconf 82' lang='grc' dir='ltr'>ἀδικῆσαι</span> <span class='ocrx_word' id='word_1_595' title='bbox 608 4586 992 4656; x_wconf 75' lang='grc' dir='ltr'>σκεπτόμενοιο</span> <span class='ocrx_word' id='word_1_596' title='bbox 1050 4581 1387 4652; x_wconf 77' lang='grc' dir='ltr'>πληροῦνται</span> <span class='ocrx_word' id='word_1_597' title='bbox 1419 4583 1529 4651; x_wconf 83' lang='grc' dir='ltr'><strong>γὰρ</strong></span> <span class='ocrx_word' id='word_1_598' title='bbox 1560 4579 1758 4648; x_wconf 82' lang='grc' dir='ltr'>θυμοῦ,</span> <span class='ocrx_word' id='word_1_599' title='bbox 1785 4579 1904 4633; x_wconf 82' lang='grc' dir='ltr'>δια-</span> 
     </span>
    </p>
   </div>
   <div class='ocr_carea' id='block_1_86' title="bbox 316 4674 1905 4747">
    <p class='ocr_par' dir='ltr' id='par_1_86' title="bbox 316 4674 1905 4747">
     <span class='ocr_line' id='line_1_86' title="bbox 316 4674 1905 4747; baseline -0.009 -9"><span class='ocrx_word' id='word_1_600' title='bbox 316 4684 621 4738; x_wconf 76' lang='grc' dir='ltr'>κόπτονται</span> <span class='ocrx_word' id='word_1_601' title='bbox 669 4679 776 4735; x_wconf 75' lang='grc' dir='ltr'>ὑπὸ</span> <span class='ocrx_word' id='word_1_602' title='bbox 823 4678 1019 4747; x_wconf 77' lang='grc' dir='ltr'>ὀργῆς,</span> <span class='ocrx_word' id='word_1_603' title='bbox 1049 4676 1406 4747; x_wconf 85' lang='grc' dir='ltr'>λυμαίνονται</span> <span class='ocrx_word' id='word_1_604' title='bbox 1454 4676 1567 4737; x_wconf 77' lang='grc' dir='ltr'>τοῖς</span> <span class='ocrx_word' id='word_1_605' title='bbox 1597 4674 1905 4741; x_wconf 80' lang='grc' dir='ltr'>λογισμοῖς,</span> 
     </span>
    </p>
   </div>
   <div class='ocr_carea' id='block_1_87' title="bbox 317 4762 1907 4843">
    <p class='ocr_par' dir='ltr' id='par_1_87' title="bbox 317 4762 1907 4843">
     <span class='ocr_line' id='line_1_87' title="bbox 317 4762 1907 4843; baseline -0.008 -18"><span class='ocrx_word' id='word_1_606' title='bbox 317 4774 480 4835; x_wconf 73' lang='grc' dir='ltr'>ὀδοὺς</span> <span class='ocrx_word' id='word_1_607' title='bbox 529 4773 783 4843; x_wconf 75' lang='grc' dir='ltr'>ερχονται</span> <span class='ocrx_word' id='word_1_608' title='bbox 833 4768 1057 4841; x_wconf 83' lang='grc' dir='ltr'>μυρίας,</span> <span class='ocrx_word' id='word_1_609' title='bbox 1097 4764 1418 4836; x_wconf 81' lang='grc' dir='ltr'>φοὸοὖνται,</span> <span class='ocrx_word' id='word_1_610' title='bbox 1477 4762 1778 4833; x_wconf 85' lang='grc' dir='ltr'>ἀγωνιῶσι,</span> <span class='ocrx_word' id='word_1_611' title='bbox 1812 4764 1907 4815; x_wconf 70' lang='grc' dir='ltr'><strong>καὶ</strong></span> 
     </span>
    </p>
   </div>
   <div class='ocr_carea' id='block_1_88' title="bbox 320 4856 1906 4935">
    <p class='ocr_par' dir='ltr' id='par_1_88' title="bbox 320 4856 1906 4935">
     <span class='ocr_line' id='line_1_88' title="bbox 320 4856 1906 4935; baseline -0.008 -14"><span class='ocrx_word' id='word_1_612' title='bbox 320 4868 467 4928; x_wconf 82' lang='grc' dir='ltr'>ὅλως</span> <span class='ocrx_word' id='word_1_613' title='bbox 495 4866 557 4919; x_wconf 81' lang='grc' dir='ltr'><strong>ού</strong></span> <span class='ocrx_word' id='word_1_614' title='bbox 585 4866 812 4935; x_wconf 80' lang='grc' dir='ltr'>φέρουσι</span> <span class='ocrx_word' id='word_1_615' title='bbox 842 4862 943 4926; x_wconf 85' lang='grc' dir='ltr'><strong>τάς</strong></span> <span class='ocrx_word' id='word_1_616' title='bbox 982 4860 1241 4924; x_wconf 81' lang='grc' dir='ltr'>τοιαύτας</span> <span class='ocrx_word' id='word_1_617' title='bbox 1267 4860 1564 4930; x_wconf 85' lang='grc' dir='ltr'>μάστιγας,</span> <span class='ocrx_word' id='word_1_618' title='bbox 1595 4857 1727 4928; x_wconf 74' lang='grc' dir='ltr'>πρὶν</span> <span class='ocrx_word' id='word_1_619' title='bbox 1767 4856 1906 4924; x_wconf 83' lang='grc' dir='ltr'>ἀγά-</span> 
     </span>
    </p>
   </div>
   <div class='ocr_carea' id='block_1_89' title="bbox 322 4949 1910 5029">
    <p class='ocr_par' dir='ltr' id='par_1_89' title="bbox 322 4949 1910 5029">
     <span class='ocr_line' id='line_1_89' title="bbox 322 4949 1910 5029; baseline -0.006 -16"><span class='ocrx_word' id='word_1_620' title='bbox 322 4975 500 5029; x_wconf 83' lang='grc' dir='ltr'>γωσιν</span> <span class='ocrx_word' id='word_1_621' title='bbox 545 4960 624 5021; x_wconf 80' lang='grc' dir='ltr'>εἰς</span> <span class='ocrx_word' id='word_1_622' title='bbox 674 4956 835 5024; x_wconf 74' lang='grc' dir='ltr'>εργον</span> <span class='ocrx_word' id='word_1_623' title='bbox 876 4956 1058 5026; x_wconf 83' lang='grc' dir='ltr'>μόνον,</span> <span class='ocrx_word' id='word_1_624' title='bbox 1104 4954 1154 5007; x_wconf 82' lang='grc' dir='ltr'>εἰ</span> <span class='ocrx_word' id='word_1_625' title='bbox 1198 4953 1295 5006; x_wconf 79' lang='grc' dir='ltr'>καὶ</span> <span class='ocrx_word' id='word_1_626' title='bbox 1338 4951 1477 5021; x_wconf 73' lang='grc' dir='ltr'>μηδὲ</span> <span class='ocrx_word' id='word_1_627' title='bbox 1538 4952 1677 5021; x_wconf 82' lang='grc' dir='ltr'><strong>μετά</strong></span> <span class='ocrx_word' id='word_1_628' title='bbox 1711 4949 1910 5019; x_wconf 81' lang='grc' dir='ltr'>πρᾶξιν</span> 
     </span>
    </p>
   </div>
   <div class='ocr_carea' id='block_1_90' title="bbox 324 5039 1905 5118">
    <p class='ocr_par' dir='ltr' id='par_1_90' title="bbox 324 5039 1905 5118">
     <span class='ocr_line' id='line_1_90' title="bbox 324 5039 1905 5118; baseline -0.006 -16"><span class='ocrx_word' id='word_1_629' title='bbox 324 5047 740 5118; x_wconf 71' lang='grc' dir='ltr'>ἐλευθεροῦνται</span> <span class='ocrx_word' id='word_1_630' title='bbox 765 5047 863 5117; x_wconf 80' lang='grc' dir='ltr'>τῆς</span> <span class='ocrx_word' id='word_1_631' title='bbox 888 5047 996 5100; x_wconf 84' lang='grc' dir='ltr'><strong>ἀπὸ</strong></span> <span class='ocrx_word' id='word_1_632' title='bbox 1028 5043 1121 5098; x_wconf 83' lang='grc' dir='ltr'>τοῦ</span> <span class='ocrx_word' id='word_1_633' title='bbox 1146 5042 1451 5106; x_wconf 77' lang='grc' dir='ltr'>συνειδότος</span> <span class='ocrx_word' id='word_1_634' title='bbox 1483 5039 1905 5117; x_wconf 74' lang='grc' dir='ltr'>καταγνῴσεως.</span> 
     </span>
    </p>
   </div>
   <div class='ocr_carea' id='block_1_91' title="bbox 322 5132 1907 5210">
    <p class='ocr_par' dir='ltr' id='par_1_91' title="bbox 322 5132 1907 5210">
     <span class='ocr_line' id='line_1_91' title="bbox 322 5132 1907 5210; baseline -0.009 -13"><span class='ocrx_word' id='word_1_635' title='bbox 322 5144 509 5196; x_wconf 80' lang='grc' dir='ltr'>Ὅπου</span> <span class='ocrx_word' id='word_1_636' title='bbox 561 5138 743 5193; x_wconf 83' lang='grc' dir='ltr'>τοίνυν</span> <span class='ocrx_word' id='word_1_637' title='bbox 799 5140 833 5208; x_wconf 77' lang='grc' dir='ltr'><strong>ἡ</strong></span> <span class='ocrx_word' id='word_1_638' title='bbox 883 5138 1076 5210; x_wconf 71' lang='grc' dir='ltr'><strong>Γραφὴ</strong></span> <span class='ocrx_word' id='word_1_639' title='bbox 1122 5134 1363 5209; x_wconf 74' lang='grc' dir='ltr'>βουληθῇ</span> <span class='ocrx_word' id='word_1_640' title='bbox 1390 5135 1664 5204; x_wconf 80' lang='grc' dir='ltr'>ἀφόρητον</span> <span class='ocrx_word' id='word_1_641' title='bbox 1712 5132 1907 5202; x_wconf 82' lang='grc' dir='ltr'>ὀδύνην</span> 
     </span>
    </p>
   </div>
   <div class='ocr_carea' id='block_1_92' title="bbox 320 5224 1910 5300">
    <p class='ocr_par' dir='ltr' id='par_1_92' title="bbox 320 5224 1910 5300">
     <span class='ocr_line' id='line_1_92' title="bbox 320 5224 1910 5300; baseline -0.007 -13"><span class='ocrx_word' id='word_1_642' title='bbox 320 5231 693 5297; x_wconf 76' lang='grc' dir='ltr'>ἐνδείξασθαι,</span> <span class='ocrx_word' id='word_1_643' title='bbox 734 5228 813 5300; x_wconf 83' lang='grc' dir='ltr'>τῷ</span> <span class='ocrx_word' id='word_1_644' title='bbox 850 5230 950 5299; x_wconf 82' lang='grc' dir='ltr'>τῆς</span> <span class='ocrx_word' id='word_1_645' title='bbox 982 5228 1205 5295; x_wconf 82' lang='grc' dir='ltr'>ὀδύνης</span> <span class='ocrx_word' id='word_1_646' title='bbox 1256 5227 1483 5295; x_wconf 84' lang='grc' dir='ltr'>ὀνόματι</span> <span class='ocrx_word' id='word_1_647' title='bbox 1514 5226 1720 5295; x_wconf 86' lang='grc' dir='ltr'>ταύτην</span> <span class='ocrx_word' id='word_1_648' title='bbox 1773 5224 1910 5276; x_wconf 78' lang='grc' dir='ltr'>ὑπο·</span> 
     </span>
    </p>
   </div>
   <div class='ocr_carea' id='block_1_93' title="bbox 320 5316 1911 5394">
    <p class='ocr_par' dir='ltr' id='par_1_93' title="bbox 320 5316 1911 5394">
     <span class='ocr_line' id='line_1_93' title="bbox 320 5316 1911 5394; baseline -0.005 -18"><span class='ocrx_word' id='word_1_649' title='bbox 320 5324 555 5394; x_wconf 68' lang='grc' dir='ltr'>γράφει.</span> <span class='ocrx_word' id='word_1_650' title='bbox 596 5322 804 5389; x_wconf 75' lang='grc' dir='ltr'>Ὀδύνη</span> <span class='ocrx_word' id='word_1_651' title='bbox 831 5320 931 5392; x_wconf 76' lang='grc' dir='ltr'>μὲν</span> <span class='ocrx_word' id='word_1_652' title='bbox 955 5319 1071 5386; x_wconf 80' lang='grc' dir='ltr'>οὖν,</span> <span class='ocrx_word' id='word_1_653' title='bbox 1108 5322 1172 5373; x_wconf 83' lang='grc' dir='ltr'>ὲκ</span> <span class='ocrx_word' id='word_1_654' title='bbox 1203 5317 1299 5372; x_wconf 82' lang='grc' dir='ltr'><strong>τοῦ</strong></span> <span class='ocrx_word' id='word_1_655' title='bbox 1321 5318 1601 5382; x_wconf 86' lang='grc' dir='ltr'>οἰδαίνειν,</span> <span class='ocrx_word' id='word_1_656' title='bbox 1631 5316 1911 5371; x_wconf 84' lang='grc' dir='ltr'>τουτέστιν</span> 
     </span>
    </p>
   </div>
   <div class='ocr_carea' id='block_1_94' title="bbox 321 5408 1906 5484">
    <p class='ocr_par' dir='ltr' id='par_1_94' title="bbox 321 5408 1906 5484">
     <span class='ocr_line' id='line_1_94' title="bbox 321 5408 1906 5484; baseline -0.008 -13"><span class='ocrx_word' id='word_1_657' title='bbox 321 5418 556 5482; x_wconf 80' lang='grc' dir='ltr'><strong>αὔξειν·</strong></span> <span class='ocrx_word' id='word_1_658' title='bbox 587 5416 649 5469; x_wconf 74' lang='grc' dir='ltr'><strong>τὸ</strong></span> <span class='ocrx_word' id='word_1_659' title='bbox 675 5414 787 5484; x_wconf 83' lang='grc' dir='ltr'>γὰρ</span> <span class='ocrx_word' id='word_1_660' title='bbox 835 5412 1035 5484; x_wconf 80' lang='grc' dir='ltr'>βρέφος</span> <span class='ocrx_word' id='word_1_661' title='bbox 1078 5410 1383 5474; x_wconf 79' lang='grc' dir='ltr'>τελειωθὲν,</span> <span class='ocrx_word' id='word_1_662' title='bbox 1426 5410 1615 5462; x_wconf 82' lang='grc' dir='ltr'>οὐκέτι</span> <span class='ocrx_word' id='word_1_663' title='bbox 1668 5408 1906 5479; x_wconf 78' lang='grc' dir='ltr'>φορητὸν</span> 
     </span>
    </p>
   </div>
   <div class='ocr_carea' id='block_1_95' title="bbox 322 5498 1904 5577">
    <p class='ocr_par' dir='ltr' id='par_1_95' title="bbox 322 5498 1904 5577">
     <span class='ocr_line' id='line_1_95' title="bbox 322 5498 1904 5577; baseline -0.008 -15"><span class='ocrx_word' id='word_1_664' title='bbox 322 5510 561 5577; x_wconf 86' lang='grc' dir='ltr'>γίνεται.</span> <span class='ocrx_word' id='word_1_665' title='bbox 592 5507 700 5561; x_wconf 74' lang='grc' dir='ltr'><strong>Καὶ</strong></span> <span class='ocrx_word' id='word_1_666' title='bbox 724 5504 811 5559; x_wconf 83' lang='grc' dir='ltr'><strong>διά</strong></span> <span class='ocrx_word' id='word_1_667' title='bbox 833 5502 995 5557; x_wconf 76' lang='grc' dir='ltr'>τοῦτο</span> <span class='ocrx_word' id='word_1_668' title='bbox 1023 5501 1261 5573; x_wconf 81' lang='grc' dir='ltr'>σφοδρὰς</span> <span class='ocrx_word' id='word_1_669' title='bbox 1282 5501 1475 5563; x_wconf 79' lang='grc' dir='ltr'>ὀδύνας</span> <span class='ocrx_word' id='word_1_670' title='bbox 1505 5502 1741 5569; x_wconf 80' lang='grc' dir='ltr'>ἐμποιεῖ,</span> <span class='ocrx_word' id='word_1_671' title='bbox 1768 5498 1904 5567; x_wconf 59' lang='grc' dir='ltr'>πρὸς</span> 
     </span>
    </p>
   </div>
   <div class='ocr_carea' id='block_1_96' title="bbox 322 5588 1906 5667">
    <p class='ocr_par' dir='ltr' id='par_1_96' title="bbox 322 5588 1906 5667">
     <span class='ocr_line' id='line_1_96' title="bbox 322 5588 1906 5667; baseline -0.008 -15"><span class='ocrx_word' id='word_1_672' title='bbox 322 5597 509 5663; x_wconf 67' lang='grc' dir='ltr'>ἔξοδον</span> <span class='ocrx_word' id='word_1_673' title='bbox 535 5596 915 5667; x_wconf 69' lang='grc' dir='ltr'>ἐπειγόμενον.</span> <span class='ocrx_word' id='word_1_674' title='bbox 949 5594 1238 5647; x_wconf 83' lang='grc' dir='ltr'>Δείκνυται</span> <span class='ocrx_word' id='word_1_675' title='bbox 1268 5592 1328 5646; x_wconf 81' lang='grc' dir='ltr'>δὲ</span> <span class='ocrx_word' id='word_1_676' title='bbox 1378 5588 1641 5655; x_wconf 75' lang='grc' dir='ltr'>ἐνταῦθα,</span> <span class='ocrx_word' id='word_1_677' title='bbox 1681 5590 1764 5643; x_wconf 83' lang='grc' dir='ltr'>ὅτι</span> <span class='ocrx_word' id='word_1_678' title='bbox 1804 5588 1906 5641; x_wconf 80' lang='grc' dir='ltr'>οὐκ</span> 
     </span>
    </p>
   </div>
   <div class='ocr_carea' id='block_1_97' title="bbox 2005 4576 3584 4651">
    <p class='ocr_par' dir='ltr' id='par_1_97' title="bbox 2005 4576 3584 4651">
     <span class='ocr_line' id='line_1_97' title="bbox 2005 4576 3584 4651; baseline -0.004 -16"><span class='ocrx_word' id='word_1_679' title='bbox 2005 4582 2155 4636; x_wconf 88' lang='lat' dir='ltr'><strong>lores</strong></span> <span class='ocrx_word' id='word_1_680' title='bbox 2186 4582 2223 4635; x_wconf 92' lang='lat' dir='ltr'><strong>ii</strong></span> <span class='ocrx_word' id='word_1_681' title='bbox 2260 4584 2558 4651; x_wconf 88' lang='lat' dir='ltr'><strong>patiantur,</strong></span> <span class='ocrx_word' id='word_1_682' title='bbox 2606 4581 2700 4650; x_wconf 87' lang='lat' dir='ltr'><strong>qui</strong></span> <span class='ocrx_word' id='word_1_683' title='bbox 2748 4582 3031 4649; x_wconf 81' lang='lat' dir='ltr'><strong>proximos</strong></span> <span class='ocrx_word' id='word_1_684' title='bbox 3067 4593 3199 4632; x_wconf 89' lang='lat' dir='ltr'><strong>suos</strong></span> <span class='ocrx_word' id='word_1_685' title='bbox 3243 4577 3440 4645; x_wconf 83' lang='lat' dir='ltr'><strong>injuria</strong></span> <span class='ocrx_word' id='word_1_686' title='bbox 3471 4576 3584 4630; x_wconf 81' lang='lat' dir='ltr'><strong>alli-</strong></span> 
     </span>
    </p>
   </div>
   <div class='ocr_carea' id='block_1_98' title="bbox 2006 4669 3587 4744">
    <p class='ocr_par' dir='ltr' id='par_1_98' title="bbox 2006 4669 3587 4744">
     <span class='ocr_line' id='line_1_98' title="bbox 2006 4669 3587 4744; baseline -0.006 -14"><span class='ocrx_word' id='word_1_687' title='bbox 2006 4691 2133 4730; x_wconf 88' lang='lat' dir='ltr'><strong>cere</strong></span> <span class='ocrx_word' id='word_1_688' title='bbox 2177 4675 2431 4741; x_wconf 83' lang='lat' dir='ltr'><strong>student;</strong></span> <span class='ocrx_word' id='word_1_689' title='bbox 2492 4673 2786 4744; x_wconf 86' lang='lat' dir='ltr'><strong>implentur</strong></span> <span class='ocrx_word' id='word_1_690' title='bbox 2839 4670 3109 4741; x_wconf 84' lang='lat' dir='ltr'><strong>siquidem</strong></span> <span class='ocrx_word' id='word_1_691' title='bbox 3168 4669 3540 4738; x_wconf 81' lang='lat' dir='ltr'><strong>indignationc</strong></span> <span class='ocrx_word' id='word_1_692' title='bbox 3571 4708 3587 4732; x_wconf 93' lang='lat'><strong>,</strong></span> 
     </span>
    </p>
   </div>
   <div class='ocr_carea' id='block_1_99' title="bbox 2005 4761 3583 4834">
    <p class='ocr_par' dir='ltr' id='par_1_99' title="bbox 2005 4761 3583 4834">
     <span class='ocr_line' id='line_1_99' title="bbox 2005 4761 3583 4834; baseline -0.004 -15"><span class='ocrx_word' id='word_1_693' title='bbox 2005 4765 2485 4834; x_wconf 84' lang='lat' dir='ltr'><strong>interrumpuntur</strong></span> <span class='ocrx_word' id='word_1_694' title='bbox 2518 4764 2585 4816; x_wconf 91' lang='lat' dir='ltr'><strong>ab</strong></span> <span class='ocrx_word' id='word_1_695' title='bbox 2620 4765 2700 4817; x_wconf 88' lang='lat' dir='ltr'><strong>ira</strong></span> <span class='ocrx_word' id='word_1_696' title='bbox 2734 4805 2747 4827; x_wconf 95' lang='lat'><strong>,</strong></span> <span class='ocrx_word' id='word_1_697' title='bbox 2795 4762 3220 4831; x_wconf 77' lang='lat' dir='ltr'><strong>cegitationibus</strong></span> <span class='ocrx_word' id='word_1_698' title='bbox 3270 4761 3583 4825; x_wconf 80' lang='lat' dir='ltr'><strong>tabescunt,</strong></span> 
     </span>
    </p>
   </div>
   <div class='ocr_carea' id='block_1_100' title="bbox 2009 4850 3589 4926">
    <p class='ocr_par' dir='ltr' id='par_1_100' title="bbox 2009 4850 3589 4926">
     <span class='ocr_line' id='line_1_100' title="bbox 2009 4850 3589 4926; baseline -0.004 -17"><span class='ocrx_word' id='word_1_699' title='bbox 2009 4870 2106 4926; x_wconf 88' lang='lat' dir='ltr'><strong>per</strong></span> <span class='ocrx_word' id='word_1_700' title='bbox 2150 4854 2470 4909; x_wconf 85' lang='lat' dir='ltr'><strong>innumeras</strong></span> <span class='ocrx_word' id='word_1_701' title='bbox 2519 4853 2803 4906; x_wconf 82' lang='lat' dir='ltr'><strong>ambulant</strong></span> <span class='ocrx_word' id='word_1_702' title='bbox 2845 4850 2993 4917; x_wconf 74' lang='lat' dir='ltr'><strong>vias,</strong></span> <span class='ocrx_word' id='word_1_703' title='bbox 3024 4853 3221 4905; x_wconf 88' lang='lat' dir='ltr'><strong>timore</strong></span> <span class='ocrx_word' id='word_1_704' title='bbox 3257 4852 3589 4913; x_wconf 75' lang='lat' dir='ltr'><strong>afficiuntur.</strong></span> 
     </span>
    </p>
   </div>
   <div class='ocr_carea' id='block_1_101' title="bbox 2011 4942 3585 5017">
    <p class='ocr_par' dir='ltr' id='par_1_101' title="bbox 2011 4942 3585 5017">
     <span class='ocr_line' id='line_1_101' title="bbox 2011 4942 3585 5017; baseline -0.003 -17"><span class='ocrx_word' id='word_1_705' title='bbox 2011 4947 2067 5002; x_wconf 93' lang='lat' dir='ltr'><strong>in</strong></span> <span class='ocrx_word' id='word_1_706' title='bbox 2112 4943 2381 5017; x_wconf 70' lang='lat' dir='ltr'><strong>angustiis</strong></span> <span class='ocrx_word' id='word_1_707' title='bbox 2414 4955 2753 5014; x_wconf 87' lang='lat' dir='ltr'><strong>permanent.</strong></span> <span class='ocrx_word' id='word_1_708' title='bbox 2795 4943 3118 5012; x_wconf 87' lang='lat' dir='ltr'><strong>llujusmodi</strong></span> <span class='ocrx_word' id='word_1_709' title='bbox 3164 4953 3344 4997; x_wconf 87' lang='lat' dir='ltr'><strong>autem</strong></span> <span class='ocrx_word' id='word_1_710' title='bbox 3380 4942 3585 5010; x_wconf 78' lang='lat' dir='ltr'><strong>ﬂagella</strong></span> 
     </span>
    </p>
   </div>
   <div class='ocr_carea' id='block_1_102' title="bbox 2014 5036 3591 5106">
    <p class='ocr_par' dir='ltr' id='par_1_102' title="bbox 2014 5036 3591 5106">
     <span class='ocr_line' id='line_1_102' title="bbox 2014 5036 3591 5106; baseline -0.003 -13"><span class='ocrx_word' id='word_1_711' title='bbox 2014 5039 2291 5093; x_wconf 86' lang='lat' dir='ltr'><strong>sustinere</strong></span> <span class='ocrx_word' id='word_1_712' title='bbox 2315 5037 2541 5092; x_wconf 87' lang='lat' dir='ltr'><strong>omnino</strong></span> <span class='ocrx_word' id='word_1_713' title='bbox 2569 5048 2871 5105; x_wconf 85' lang='lat' dir='ltr'><strong>nequeunt,</strong></span> <span class='ocrx_word' id='word_1_714' title='bbox 2888 5036 3061 5090; x_wconf 87' lang='lat' dir='ltr'><strong>donec</strong></span> <span class='ocrx_word' id='word_1_715' title='bbox 3084 5037 3443 5106; x_wconf 75' lang='lat' dir='ltr'><strong>cogitationes</strong></span> <span class='ocrx_word' id='word_1_716' title='bbox 3464 5051 3591 5090; x_wconf 87' lang='lat' dir='ltr'><strong>suas</strong></span> 
     </span>
    </p>
   </div>
   <div class='ocr_carea' id='block_1_103' title="bbox 2014 5127 3590 5197">
    <p class='ocr_par' dir='ltr' id='par_1_103' title="bbox 2014 5127 3590 5197">
     <span class='ocr_line' id='line_1_103' title="bbox 2014 5127 3590 5197; baseline -0.003 -15"><span class='ocrx_word' id='word_1_717' title='bbox 2014 5130 2068 5182; x_wconf 92' lang='lat' dir='ltr'><strong>iu</strong></span> <span class='ocrx_word' id='word_1_718' title='bbox 2116 5145 2254 5197; x_wconf 88' lang='lat' dir='ltr'><strong>opus</strong></span> <span class='ocrx_word' id='word_1_719' title='bbox 2286 5143 2393 5182; x_wconf 83' lang='lat' dir='ltr'><strong>non</strong></span> <span class='ocrx_word' id='word_1_720' title='bbox 2418 5127 2743 5183; x_wconf 78' lang='lat' dir='ltr'><strong>deduxerint</strong></span> <span class='ocrx_word' id='word_1_721' title='bbox 2781 5145 2795 5181; x_wconf 91' lang='lat'><strong>:</strong></span> <span class='ocrx_word' id='word_1_722' title='bbox 2836 5127 3052 5181; x_wconf 87' lang='lat' dir='ltr'><strong>tametsi</strong></span> <span class='ocrx_word' id='word_1_723' title='bbox 3102 5136 3287 5197; x_wconf 84' lang='lat' dir='ltr'><strong>postea</strong></span> <span class='ocrx_word' id='word_1_724' title='bbox 3324 5143 3429 5181; x_wconf 88' lang='lat' dir='ltr'><strong>non</strong></span> <span class='ocrx_word' id='word_1_725' title='bbox 3453 5127 3590 5182; x_wconf 80' lang='lat' dir='ltr'><strong>libo.-</strong></span> 
     </span>
    </p>
   </div>
   <div class='ocr_carea' id='block_1_104' title="bbox 2011 5219 3590 5288">
    <p class='ocr_par' dir='ltr' id='par_1_104' title="bbox 2011 5219 3590 5288">
     <span class='ocr_line' id='line_1_104' title="bbox 2011 5219 3590 5288; baseline -0.001 -14"><span class='ocrx_word' id='word_1_726' title='bbox 2011 5232 2200 5275; x_wconf 90' lang='lat' dir='ltr'><strong>rentur</strong></span> <span class='ocrx_word' id='word_1_727' title='bbox 2240 5234 2268 5273; x_wconf 86' lang='lat' dir='ltr'><strong>a</strong></span> <span class='ocrx_word' id='word_1_728' title='bbox 2300 5219 2589 5282; x_wconf 87' lang='lat' dir='ltr'><strong>sententia,</strong></span> <span class='ocrx_word' id='word_1_729' title='bbox 2612 5228 2778 5288; x_wconf 87' lang='lat' dir='ltr'><strong>atque</strong></span> <span class='ocrx_word' id='word_1_730' title='bbox 2807 5235 2836 5273; x_wconf 88' lang='lat' dir='ltr'><strong>a</strong></span> <span class='ocrx_word' id='word_1_731' title='bbox 2868 5219 3327 5273; x_wconf 83' lang='lat' dir='ltr'><strong>eomlemnatioue</strong></span> <span class='ocrx_word' id='word_1_732' title='bbox 3356 5219 3590 5288; x_wconf 62' lang='lat' dir='ltr'><strong>propria:</strong></span> 
     </span>
    </p>
   </div>
   <div class='ocr_carea' id='block_1_105' title="bbox 2012 5308 3589 5380">
    <p class='ocr_par' dir='ltr' id='par_1_105' title="bbox 2012 5308 3589 5380">
     <span class='ocr_line' id='line_1_105' title="bbox 2012 5308 3589 5380; baseline -0.004 -12"><span class='ocrx_word' id='word_1_733' title='bbox 2012 5312 2385 5368; x_wconf 71' lang='lat' dir='ltr'><strong>conseientim.</strong></span> <span class='ocrx_word' id='word_1_734' title='bbox 2412 5309 2641 5377; x_wconf 82' lang='lat' dir='ltr'><strong>Quando</strong></span> <span class='ocrx_word' id='word_1_735' title='bbox 2672 5310 2835 5380; x_wconf 78' lang='lat' dir='ltr'><strong>igitur</strong></span> <span class='ocrx_word' id='word_1_736' title='bbox 2864 5308 3148 5379; x_wconf 75' lang='lat' dir='ltr'><strong>Scriptura</strong></span> <span class='ocrx_word' id='word_1_737' title='bbox 3194 5309 3589 5363; x_wconf 73' lang='lat' dir='ltr'><strong>intolerabilem</strong></span> 
     </span>
    </p>
   </div>
   <div class='ocr_carea' id='block_1_106' title="bbox 2012 5402 3589 5475">
    <p class='ocr_par' dir='ltr' id='par_1_106' title="bbox 2012 5402 3589 5475">
     <span class='ocr_line' id='line_1_106' title="bbox 2012 5402 3589 5475; baseline -0.005 -14"><span class='ocrx_word' id='word_1_738' title='bbox 2012 5408 2249 5475; x_wconf 86' lang='lat' dir='ltr'><strong>aliquem</strong></span> <span class='ocrx_word' id='word_1_739' title='bbox 2287 5404 2529 5459; x_wconf 90' lang='lat' dir='ltr'><strong>dolorem</strong></span> <span class='ocrx_word' id='word_1_740' title='bbox 2573 5402 2688 5455; x_wconf 83' lang='lat' dir='ltr'><strong>vult</strong></span> <span class='ocrx_word' id='word_1_741' title='bbox 2719 5402 3051 5472; x_wconf 69' lang='lat' dir='ltr'><strong>exurimere,</strong></span> <span class='ocrx_word' id='word_1_742' title='bbox 3084 5403 3233 5456; x_wconf 92' lang='lat' dir='ltr'><strong>illum</strong></span> <span class='ocrx_word' id='word_1_743' title='bbox 3268 5404 3371 5456; x_wconf 90' lang='lat' dir='ltr'><strong>sub</strong></span> <span class='ocrx_word' id='word_1_744' title='bbox 3397 5412 3589 5470; x_wconf 82' lang='lat' dir='ltr'><strong>partu-</strong></span> 
     </span>
    </p>
   </div>
   <div class='ocr_carea' id='block_1_107' title="bbox 2013 5490 3589 5564">
    <p class='ocr_par' dir='ltr' id='par_1_107' title="bbox 2013 5490 3589 5564">
     <span class='ocr_line' id='line_1_107' title="bbox 2013 5490 3589 5564; baseline -0.004 -14"><span class='ocrx_word' id='word_1_745' title='bbox 2013 5497 2221 5550; x_wconf 71' lang='lat' dir='ltr'><strong>ritiouis</strong></span> <span class='ocrx_word' id='word_1_746' title='bbox 2279 5495 2500 5548; x_wconf 88' lang='lat' dir='ltr'><strong>nomine</strong></span> <span class='ocrx_word' id='word_1_747' title='bbox 2562 5494 2832 5547; x_wconf 78' lang='lat' dir='ltr'><strong>describit</strong></span> <span class='ocrx_word' id='word_1_748' title='bbox 2886 5493 3045 5564; x_wconf 85' lang='lat' dir='ltr'><strong>[quo</strong></span> <span class='ocrx_word' id='word_1_749' title='bbox 3120 5493 3342 5546; x_wconf 76' lang='lat' dir='ltr'><strong>nomine</strong></span> <span class='ocrx_word' id='word_1_750' title='bbox 3411 5490 3589 5545; x_wconf 66' lang='grc' dir='ltr'><strong>(Στῖρι-ἱ</strong></span> 
     </span>
    </p>
   </div>
   <div class='ocr_carea' id='block_1_108' title="bbox 2014 5584 3590 5657">
    <p class='ocr_par' dir='ltr' id='par_1_108' title="bbox 2014 5584 3590 5657">
     <span class='ocr_line' id='line_1_108' title="bbox 2014 5584 3590 5657; baseline -0.004 -17"><span class='ocrx_word' id='word_1_751' title='bbox 2014 5588 2286 5657; x_wconf 65' lang='lat' dir='ltr'><strong>praecipue</strong></span> <span class='ocrx_word' id='word_1_752' title='bbox 2323 5584 2667 5656; x_wconf 84' lang='lat' dir='ltr'><strong>frequentius</strong></span> <span class='ocrx_word' id='word_1_753' title='bbox 2714 5593 2946 5641; x_wconf 90' lang='lat' dir='ltr'><strong>utuntur</strong></span> <span class='ocrx_word' id='word_1_754' title='bbox 2987 5602 3084 5656; x_wconf 89' lang='lat' dir='ltr'><strong>pro</strong></span> <span class='ocrx_word' id='word_1_755' title='bbox 3143 5585 3352 5649; x_wconf 83' lang='lat' dir='ltr'><strong>dolore,</strong></span> <span class='ocrx_word' id='word_1_756' title='bbox 3402 5596 3590 5647; x_wconf 80' lang='lat' dir='ltr'><strong>partu-</strong></span> 
     </span>
    </p>
   </div>
   <div class='ocr_carea' id='block_1_109' title="bbox 1680 5746 2223 5810">
    <p class='ocr_par' dir='ltr' id='par_1_109' title="bbox 1680 5746 2223 5810">
     <span class='ocr_line' id='line_1_109' title="bbox 1680 5746 2223 5810; baseline -0.006 0"><span class='ocrx_word' id='word_1_757' title='bbox 1680 5748 1876 5810; x_wconf 65' lang='lat' dir='ltr'><strong>Variaa</strong></span> <span class='ocrx_word' id='word_1_758' title='bbox 1894 5746 2223 5809; x_wconf 86' lang='lat' dir='ltr'><strong>lectiones.</strong></span> 
     </span>
    </p>
   </div>
   <div class='ocr_carea' id='block_1_110' title="bbox 406 5847 3088 5928">
    <p class='ocr_par' dir='ltr' id='par_1_110' title="bbox 406 5847 3088 5928">
     <span class='ocr_line' id='line_1_110' title="bbox 406 5847 3088 5928; baseline -0.004 -14"><span class='ocrx_word' id='word_1_759' title='bbox 406 5860 518 5925; x_wconf 75' lang='lat'><strong>(38)</strong></span> <span class='ocrx_word' id='word_1_760' title='bbox 575 5860 761 5916; x_wconf 69' lang='lat' dir='ltr'><strong>Graece</strong></span> <span class='ocrx_word' id='word_1_761' title='bbox 820 5857 1041 5928; x_wconf 79' lang='grc' dir='ltr'>ὀξύτης,</span> <span class='ocrx_word' id='word_1_762' title='bbox 1106 5871 1196 5924; x_wconf 80' lang='lat' dir='ltr'><strong>per</strong></span> <span class='ocrx_word' id='word_1_763' title='bbox 1234 5852 1555 5909; x_wconf 79' lang='lat' dir='ltr'><strong>celeritatem</strong></span> <span class='ocrx_word' id='word_1_764' title='bbox 1589 5892 1603 5917; x_wconf 89' lang='lat'><strong>,</strong></span> <span class='ocrx_word' id='word_1_765' title='bbox 1663 5866 1762 5922; x_wconf 83' lang='lat' dir='ltr'><strong>pro</strong></span> <span class='ocrx_word' id='word_1_766' title='bbox 1819 5868 1929 5923; x_wconf 91' lang='lat' dir='ltr'><strong>quo</strong></span> <span class='ocrx_word' id='word_1_767' title='bbox 1970 5851 2171 5907; x_wconf 84' lang='lat' dir='ltr'><strong>Saulus</strong></span> <span class='ocrx_word' id='word_1_768' title='bbox 2207 5850 2407 5920; x_wconf 78' lang='lat' dir='ltr'><strong>legisse</strong></span> <span class='ocrx_word' id='word_1_769' title='bbox 2447 5848 2657 5902; x_wconf 76' lang='lat' dir='ltr'><strong>\idt-tur</strong></span> <span class='ocrx_word' id='word_1_770' title='bbox 2688 5847 2856 5913; x_wconf 77' lang='grc' dir='ltr'>τόξον,</span> <span class='ocrx_word' id='word_1_771' title='bbox 2885 5863 3088 5903; x_wconf 78' lang='lat' dir='ltr'><strong>(:rcum.</strong></span> 
     </span>
    </p>
   </div>
  </div>
