4050 6278
519 292 620 359 127

515 414 759 470 ritionem
818 412 1011 482 ὀδύνην
1042 412 1408 486 appellantes]
1440 428 1468 467 a
1512 413 1679 468 verbo
1705 414 1922 468 οἱδαίνω
1951 415 2089 469 idem

516 511 737 578 proprie
756 507 1096 577 signiﬁcante
1121 505 1265 575 quod
1298 516 1470 561 tumea
1490 522 1585 562 seu
1617 506 2089 577 augesco.Etcnim

1702 297 2092 360 EUTHYMII
2130 294 2495 356 ZIGABENI
3674 289 3761 351 128

2200 412 2440 484 ἔμφυτός
2476 414 2625 465 ἐστιν
2677 409 2711 480 ἡ
2754 404 2962 473 κακία,
3011 405 3124 459 ἀλλ’
3148 405 3345 471 ἔξωθεν
3376 407 3758 480 ἐμπειρομένη,

2202 506 2296 560 καὶ
2328 506 2625 577 αὐξομένη,
2653 506 2746 557 καί
2775 500 2930 556 ὠδῖσι
2967 499 3392 571 περιὸἀλλουσα.

516 616 641 655 cum
672 600 855 655 infans
928 601 980 653 in
1059 601 1250 655 matris
1293 612 1449 655 utero
1517 603 1793 671 perfectus
1844 609 1951 667 est,
2001 612 2055 656 et
2103 611 2320 668 auctus,
2378 602 2617 673 amplius
2674 599 2805 655 ferri
2858 615 2966 655 non
3023 606 3253 669 potest:
3319 598 3462 652 umle
3510 600 3764 655 maximos

516 689 680 744 eiiicit
725 690 961 755 doleres,
998 707 1119 744 cum
1154 694 1218 746 ad
1264 694 1470 747 exitum
1520 692 1766 748 festinet.
1819 692 1924 747 Per
1980 694 2096 749 hac
2138 704 2319 750 autem
2366 696 2702 757 ostenditur,
2745 693 2875 747 sitia
2935 692 2989 746 iu
3042 691 3203 747 nobis
3278 693 3600 747 naturaliter
3668 708 3765 745 non

516 796 642 835 esse
666 783 1062 851 complantata,
1099 786 1195 840 sed
1218 784 1425 841 deforis
1448 787 1611 840 insita
1645 802 1789 851 esse,
1825 796 1879 842 et
1903 804 2095 858 graves
2135 795 2322 859 postea
2354 788 2573 845 dolores
2614 788 2935 860 producere.

594 873 844 943 Concepit
872 875 1100 930 laborem
1133 887 1185 931 et
1222 881 1418 948 peperit
1452 880 1803 949 iniquitatem.
1836 883 1998 952 Atqui
2036 884 2090 937 in

2267 882 2573 938 Συνέλαϐε
2601 884 2815 946 πόνον,
2863 881 2959 936 καὶ
2991 882 3196 936 ἔτεκεν
3217 880 3492 951 ἀνομίαν.
3530 881 3638 935 Καὶ
3670 883 3768 953 μὴν

523 966 646 1019 aliis
680 966 883 1021 fetibus
922 969 1161 1036 primum
1197 972 1488 1042 conceptio
1528 984 1634 1038 est,
1659 982 1713 1029 et
1742 973 1942 1028 deinde
1971 989 2098 1043 par-

522 1058 715 1111 turitio
767 1061 1144 1129 consequitur,
1206 1072 1371 1118 aucto
1414 1080 1477 1119 ac
1540 1066 1786 1137 perfecto
1840 1067 2095 1126 infante:

523 1167 708 1206 verum
764 1152 817 1207 id
854 1154 935 1209 sic
958 1169 1019 1209 se
1058 1157 1241 1222 habet,
1282 1159 1502 1226 quando
1548 1160 1615 1216 de
1646 1163 2008 1232 conceptione
2044 1172 2101 1219 et

521 1246 891 1313 parturitione
939 1248 1030 1302 illa
1063 1250 1364 1321 loquimur,
1403 1269 1525 1322 quae
1563 1254 1618 1325 in
1663 1270 1774 1310 uno
1809 1268 1975 1323 atque
2003 1272 2101 1313 eo-

522 1338 644 1391 dem
670 1335 781 1393 fetu
804 1340 1072 1410 contingit
1100 1359 1114 1395 :
1140 1358 1286 1398 nunc
1311 1353 1494 1399 autem
1522 1346 1589 1401 de
1629 1347 1865 1404 diversis
1899 1349 2102 1407 fetibus

522 1436 609 1483 est
632 1445 834 1485 sermo.
861 1430 1046 1487 Primo
1068 1435 1210 1489 enim
1248 1436 1580 1493 Absaionem
1615 1440 1748 1495 dicit
1774 1443 2103 1510 parturiisse

525 1520 879 1590 iniustitiam.
920 1526 1117 1581 deinde
1150 1542 1274 1583 cum
1305 1530 1373 1583 ab
1413 1545 1474 1584 ea
1505 1532 1645 1588 male
1674 1532 1899 1589 affectus
1928 1544 2101 1601 esset,

525 1622 641 1667 tum
668 1616 741 1669 ob
769 1616 1008 1672 rationes
1032 1618 1145 1689 jam
1198 1620 1395 1684 dictas,
1435 1633 1549 1678 tum
1591 1626 1756 1680 etiam
1811 1628 1940 1695 quia
1975 1628 2102 1683 ido-

525 1720 691 1760 neum
715 1716 933 1778 tempus
966 1711 1030 1765 ad
1060 1715 1323 1781 patranda
1351 1716 1557 1771 scelera
1590 1718 1835 1773 nondum
1862 1719 2103 1774 invenis-

526 1806 631 1863 set,
661 1802 983 1870 concepisse
1008 1818 1133 1858 eum
1180 1818 1367 1861 narrat
1398 1809 1663 1872 laborem,
1717 1811 1817 1865 hoc
1848 1820 1933 1864 est
1978 1826 2105 1866 cor-

527 1890 679 1959 poris
732 1890 1012 1962 dolorem;
1077 1912 1201 1950 nam
1263 1898 1309 1953 si
1362 1900 1579 1956 animus
1633 1902 2104 1959 sollicitudinibus

529 1989 875 2053 torqueatur,
903 1989 1033 2057 ipsae
1053 1991 1214 2044 etiam
1247 1994 1495 2063 corporis
1525 1996 1668 2049 vires
1681 1995 1963 2052 deﬁciunt.
1987 1998 2106 2053 Non

530 2084 742 2129 tantum
775 2079 942 2147 igitur
971 2082 1139 2136 animi
1191 2100 1428 2141 mcerore
1470 2088 1707 2143 Absalon
1739 2090 2105 2155 distinebatur,

528 2170 626 2223 sed
661 2169 714 2224 in
739 2175 991 2243 corporis
1025 2177 1191 2230 etiam
1219 2179 1439 2235 dolores
1474 2181 1765 2249 inciderat,
1791 2184 1966 2239 donec
2006 2186 2109 2239 ini-

2199 977 2293 1031 ἐπὶ
2332 976 2442 1029 τῶν
2500 975 2745 1047 ὲμόρίων
2793 976 3014 1047 πρῶτον
3054 974 3336 1043 σύλληψις,
3387 974 3578 1027 ἔπειτα
3627 974 3765 1039 ὠδὶς,

2198 1066 2296 1121 τοῦ
2333 1068 2568 1139 βρέφους
2595 1068 2985 1138 αὐξανομένου·
3016 1067 3131 1120 ἀλλ’
3166 1067 3281 1118 ἐκεῖ
3317 1066 3438 1135 μὲν,
3475 1066 3609 1134 πρὸς
3646 1065 3769 1118 αὐτὸ

2198 1165 2260 1216 τὸ
2298 1162 2528 1234 ῑμόριον
2554 1160 2818 1233 σύλληψις
2852 1160 3096 1229 λέγεται,
3126 1160 3221 1213 καὶ
3248 1159 3398 1221 ὼδίς-
3423 1157 3659 1210 ἐνταῦθα
3694 1157 3768 1221 δὲ,

2201 1256 2340 1327 πρὸς
2368 1254 2497 1310 ἄλλο
2531 1255 2624 1309 καὶ
2658 1254 2805 1310 ἄλλο.
2855 1254 3139 1324 Ὀδινήσας
3168 1252 3404 1323 γὰρ.τήν
3429 1253 3665 1312 ἀδικίαν,
3686 1251 3772 1303 καὶ

2201 1349 2457 1420 χαλεπῶς
2486 1349 2581 1402 ὑπ’
2607 1348 2779 1418 αὐτῆς
2820 1347 3110 1411 διατεθεὶς,
3142 1345 3234 1400 διά
3272 1362 3334 1400 τε
3380 1344 3477 1407 τὰς
3518 1361 3775 1414 προειρη-

2205 1442 2376 1512 μένας
2414 1442 2617 1504 αίτίας,
2645 1439 2741 1494 καὶ
2775 1442 2836 1494 τὸ
2866 1439 3036 1512 μήπω
3067 1439 3259 1508 καιρὸν
3284 1438 3560 1507 εὑρίσκειν
3590 1438 3775 1505 ἐπιτή-

2200 1534 2367 1598 δειον,
2399 1532 2659 1588 συνέλαϐε
2704 1532 2890 1598 πόνον,
2924 1531 3093 1603 ἦγουν
3125 1529 3430 1602 προσέλαϐε
3470 1528 3774 1597 σωματικὸν

2202 1628 2390 1698 ἄλγος·
2421 1626 2885 1697 κατατεινομένης
2909 1627 3017 1696 γὰρ
3043 1624 3143 1694 τῆς
3173 1623 3375 1694 ψυχῆς,
3407 1625 3500 1675 καὶ
3526 1621 3639 1685 Ῐτοῦ
3676 1620 3778 1674 σώ-

2206 1738 2377 1791 ματος
2410 1718 2841 1773 καταδάλλονται
2865 1717 3146 1787 δυνάμεις.
3188 1716 3265 1769 Οὐ
3302 1717 3465 1785 μόνον
3493 1714 3587 1767 οὖν
3622 1714 3782 1783 δδυνᾷ

2203 1816 2264 1870 τὸ
2314 1813 2459 1867 κατᾶ
2504 1812 2705 1883 ψυχὴν,
2763 1810 2901 1865 ἀλλὰ
2952 1812 3047 1863 καὶ
3110 1811 3448 1878 σωματικοῖς
3503 1808 3781 1877 ἀλγήμασι

2208 1904 2590 1974 περιέπιπτεν,
2613 1901 2719 1967 ἕως
2752 1895 2812 1956 οὗ
2835 1901 2936 1971 τὴν
2954 1899 3187 1969 ἀνομίαν
3214 1900 3528 1970 ἐγέννησεν.
3553 1899 3781 1965 ’Δτιμον

2205 1994 2316 2064 γὰρ
2345 1994 2514 2059 ὅντως
2538 1996 2807 2063 ἀτιμάσαι
2839 1992 2931 2047 τὸν
2960 1990 3199 2061 πατέρι,
3226 1992 3320 2046 καὶ
3350 1990 3561 2056 διῶξαι,
3599 1992 3783 2060 μιᾶναι

2205 2087 2305 2151 τὰς
2331 2086 2498 2140 αὑτοῦ
2551 2084 2861 2149 παλλακάς.
2915 2085 3074 2148 Τινὲς
3123 2084 3180 2137 δὲ
3222 2084 3323 2155 τὴν
3372 2083 3783 2152 ἐπιτομωτέραν

2208 2178 2513 2251 ἑρμηνείαν
2568 2178 2981 2248 ἀποδεχόμενοι,
3038 2176 3205 2230 ὠδῖνα
3262 2174 3361 2246 μὲν
3418 2173 3653 2229 ἐνταῦοα
3705 2174 3785 2227 λέ-

530 2264 798 2329 quilatem
828 2270 1057 2337 peperit.
1092 2269 1267 2327 Porro
1292 2273 1425 2328 illud
1459 2274 1706 2346 iniquum
1734 2277 1834 2332 fuit
1871 2278 2108 2334 iubouo—

2213 2290 2389 2343 γουσι,
2417 2272 2517 2341 τὴν
2545 2271 2779 2324 ἔννοιανσ
2820 2268 3082 2340 σύλληψιν
3110 2270 3188 2333 δὲ,
3212 2268 3310 2339 τὴν
3353 2267 3545 2321 στάσιν
3577 2266 3678 2336 τῆς
3706 2266 3787 2317 ὲν-

531 2369 656 2411 rare
686 2371 748 2413 ac
774 2363 1027 2431 persequi
1064 2371 1303 2433 patrem,
1336 2373 1391 2420 et
1432 2367 1580 2425 illius
1612 2370 1839 2438 peilices
1874 2372 2099 2427 violare.

528 2446 759 2513 Quidam
798 2469 925 2508 vero
957 2455 1262 2512 breviorem
1301 2461 1703 2529 expositionem
1746 2463 1944 2529 secuti,
1974 2480 2101 2533 par-

530 2541 756 2599 turiisse
785 2559 1066 2616 exponunt
1091 2565 1191 2619 pro
1226 2553 1517 2621 cogitasse.
1554 2553 1657 2608 Per
1685 2558 2098 2626 conceptionem

533 2647 661 2689 vero
694 2641 1122 2695 constantiorem
1166 2644 1312 2698 illam
1350 2647 1656 2717 tyrannidis
1692 2649 2099 2703 meditationem

2210 2368 2359 2430 νοίας
2389 2366 2495 2437 τῆς
2515 2363 2848 2436 τυραννίδος.
2869 2366 2939 2417 Ἣ
2969 2364 3062 2417 καὶ
3084 2363 3167 2417 ὅτι
3193 2362 3477 2430 δδυνήσας,
3503 2363 3597 2412 καὶ
3622 2357 3787 2411 πολλά

2213 2460 2402 2514 παθὼν
2436 2459 2539 2514 ὑπὸ
2568 2456 2721 2511 τοῦδε
2757 2454 3055 2525 λογισμοῦ,
3093 2455 3188 2508 καὶ
3230 2454 3307 2524 μὴ
3343 2451 3606 2520 ἐνεγκὼν,
3643 2449 3787 2503 συνέ-

2209 2554 2341 2607 λα6ε
2376 2552 2539 2606 πάλιν
2567 2551 2757 2621 ἕτερον
2789 2550 2904 2620 (59)
2947 2548 3080 2618 περὶ
3103 2545 3198 2600 τοῦ
3230 2545 3394 2600 αὑτοῦ
3438 2544 3787 2614 πράγματος,

2209 2646 2268 2709 δς
2299 2644 2393 2699 καὶ
2425 2642 2588 2706 αὐτὸς
2618 2643 2842 2713 γέγονεν
2872 2640 3191 2701 αὐτόπονος,
3229 2639 3322 2691 καὶ
3372 2635 3603 2705 δευτέρα
3640 2636 3787 2700 ὠδξς,

532 2725 865 2797 intelligunt.
896 2732 989 2787 Vel
1025 2736 1220 2792 aliter:
1270 2738 1406 2794 Cum
1441 2740 1683 2797 Ahsalon
1716 2745 1955 2815 graviter
1988 2742 2174 2798 animo
2200 2748 2517 2812 angeretur,
2541 2748 2597 2794 et
2624 2740 2795 2793 multa
2848 2750 3048 2807 passus
3112 2742 3264 2791 esset
3310 2741 3532 2803 propter
3599 2731 3790 2799 hujus-

534 2819 680 2872 modi
727 2826 1113 2894 cogitationes,
1166 2844 1267 2885 nec
1323 2835 1504 2887 tamen
1546 2836 1728 2891 adhuc
1768 2838 2104 2907 quiesceret,
2147 2834 2401 2904 concepit
2433 2848 2628 2888 rursus
2653 2833 2821 2886 alium
2850 2831 3094 2884 dolorem
3117 2828 3363 2882 eamdem
3419 2826 3490 2880 ob
3544 2838 3790 2879 causam.

532 2915 627 2984 qui
672 2918 813 2973 alius
839 2922 885 2975 ei
936 2922 1036 2978 fuit
1075 2926 1248 2994 labor,
1282 2939 1336 2983 et
1367 2931 1505 2985 alius
1536 2933 1712 2998 dolor,
1744 2943 1799 2990 et
1832 2937 2106 2991 secundus
2147 2944 2357 3004 partus.

608 3010 773 3067 Vens.
811 3015 900 3071 16.
941 3016 1142 3074 Lucum
1184 3022 1319 3090 fodit
1349 3037 1393 3079 et
1429 3026 1620 3094 refodit
1655 3044 1796 3093 eum,
1834 3038 1881 3083 et
1920 3030 2111 3083 incidit

534 3102 589 3157 in
617 3103 821 3172 foveam
857 3126 1017 3174 quam
1050 3113 1193 3178 fecit.
1218 3112 1550 3183 Periculum,
1585 3118 1783 3188 inquit,
1818 3122 1948 3175 milii
1977 3138 2115 3192 prte-

2280 3026 2518 3081 Λάκκογ
2549 3022 2764 3091 ὤρυξε,
2786 3021 2882 3074 καὶ
2904 3016 3258 3083 ἀνέσκαψεν
3276 3013 3483 3076 αὐτὸν,
3501 3012 3599 3067 καὶ
3616 3014 3793 3082 ἐμπε-

2212 3119 2403 3175 σεῖται
2423 3120 2509 3184 εις
2534 3116 2755 3185 βόθρον
2788 3112 2862 3167 ὃν
2876 3110 3219 3180 εἶργὰσατο.
3241 3108 3498 3173 κίνδυνόν
3522 3123 3614 3177 μοι
3635 3123 3790 3159 κατε-

536 3201 768 3267 paravit,
798 3209 852 3254 ct
869 3202 1135 3271 ejusmodi
1160 3208 1486 3277 periculum,
1515 3223 1575 3267 ut
1606 3212 1675 3267 ab
1690 3228 1753 3268 co
1782 3215 1867 3267 vix
1896 3230 2108 3284 possem

2214 3211 2502 3272 σκεύασεν,
2528 3207 2624 3261 καὶ
2657 3205 2902 3259 κίνδυνον
2931 3200 3390 3256 δισαπάλλακτον.
3429 3198 3701 3267 Ἐδήλωσε
3734 3196 3789 3247 δὲ

541 3289 764 3345 liberari
802 3313 812 3344 :
874 3296 1018 3363 quod
1055 3299 1219 3355 latius
1253 3302 1617 3361 similitudine
1661 3308 1960 3362 denotavit.
2010 3309 2108 3375 Qui

2214 3304 2427 3367 τοῦτον,
2443 3301 2531 3354 διὰ
2557 3301 2655 3369 τῆς
2671 3296 2765 3352 τοῦ
2782 3297 2989 3350 λάκκου
3010 3293 3352 3366 ὁμοιότητοςο
3367 3292 3442 3353 ὡς
3456 3290 3567 3357 γὰρ
3588 3291 3795 3348 ἐκεῖνος

535 3384 682 3437 cnim
721 3386 773 3439 in
807 3387 983 3443 lacum
1022 3392 1235 3458 incidit,
1283 3396 1435 3451 illinc
1468 3399 1707 3468 amplius
1736 3398 1976 3469 eﬂugere
2005 3417 2108 3457 non

2215 3397 2329 3448 soi:
2354 3392 2777 3463 ίμπεπτωκόσιν
2807 3389 3049 3457 ἄθρυκτύς
3078 3388 3219 3450 ἐστι,
3257 3386 3354 3439 καὶ
3387 3382 3591 3454 μᾶλλον
3624 3380 3681 3433 εί
3715 3395 3796 3437 τις

541 3484 720 3541 potest
755 3496 765 3530 :
803 3482 1080 3552 praecipue
1143 3487 1187 3541 si
1246 3488 1293 3543 is
1335 3490 1485 3545 lacus
1536 3506 1647 3545 nou
1686 3493 1869 3548 fossus
1901 3502 2108 3547 tantum

2216 3489 2382 3543 αὐτὸν
2414 3484 2743 3553 ἀνασκάψει,
2797 3482 3046 3536 τουτέστι
3091 3478 3290 3542 δισσῶς
3313 3477 3496 3549 ὀρύξει
3543 3475 3684 3544 πρὸς
3736 3472 3795 3524 τὸ

541 3569 635 3631 sit,
667 3570 763 3625 sed
797 3573 1131 3642 refossus,et
1161 3580 1243 3635 bis
1270 3589 1589 3644 evacuatus,
1617 3585 1688 3637 ita
1712 3594 1768 3636 ut
1792 3585 2108 3653 prol‘nndior

2221 3581 2542 3652 βαθύτερον,
2574 3578 2745 3642 οὕτως
2792 3577 2885 3631 καὶ
2910 3575 2946 3629 ἃ
2978 3574 3099 3627 κατ’
3152 3571 3286 3640 ἐμοῦ
3316 3568 3727 3623 κατεσκεύασεν
3768 3565 3797 3616 δ

538 3662 633 3716 sit.
664 3663 984 3734 Hujusmodi
1025 3676 1291 3729 adversus
1322 3691 1427 3739 me,
1480 3677 1671 3747 inquit.
1706 3680 1935 3736 insidias
1973 3681 2108 3737 ﬁlius

2221 3673 2597 3745 πατραλοίας,
2650 3670 2812 3740 βάθος
2871 3668 3137 3739 πονηρίας
3185 3665 3407 3735 ἔχουσι,
3455 3662 3552 3714 καὶ
3600 3658 3799 3712 κύκλον

542 3768 699 3808 meus
728 3759 949 3817 molitus
971 3772 1078 3827 cst,
1106 3781 1228 3833 quae
1257 3775 1425 3821 vasta:
1457 3767 1617 3822 fossze
1646 3772 1820 3824 instar
1846 3774 2108 3841 quoddam

2221 3764 2623 3832 θανατηφόρονο
2664 3759 2781 3814 ἀλλ’
2819 3759 2982 3822 αὐτὸς
3034 3758 3356 3827 ἐμπεσεῖται
3407 3750 3487 3821 τῷ
3527 3750 3797 3817 κινδύνῳ,

544 3842 600 3896 in
651 3861 711 3900 se
751 3850 1010 3905 vitiorum
1047 3854 1379 3921 profundum
1416 3857 1641 3924 habent,
1675 3869 1729 3913 et
1770 3860 2108 3915 mortiferum

2223 3862 2321 3914 xui.
2350 3858 2471 3914 ἀνθ’
2502 3852 2579 3912 ὧν
2604 3858 2704 3927 ἐμὲ
2736 3853 3023 3908 συλλαϐεῖν
3050 3852 3337 3904 ἔσπευσεν.

543 3937 857 3999 circuitum.
930 3946 1130 4002 Verum
1208 3950 1300 4003 ille
1356 3950 1410 4004 in
1464 3952 1768 4021 periculum
1816 3953 1993 4020 ipsum
2051 3956 2183 4010 milii
2225 3954 2562 4010 destinatum
2615 3950 2855 4015 decidet,
2894 3957 2948 4002 et
2994 3940 3515 4015 comprehendetur.
3555 3938 3610 3991 in
3667 3948 3803 4006 pre-

545 4028 713 4086 mium
757 4049 947 4091 eorum
979 4054 1101 4108 quae
1154 4041 1417 4097 adversus
1456 4060 1543 4099 me
1590 4045 1767 4099 moliri
1818 4062 2098 4116 nunquam
2136 4047 2400 4103 cessavit.

622 4126 789 4185 Vens.
831 4132 919 4190 l7.
967 4132 1311 4190 Conoertetur
1347 4139 1499 4192 labor
1527 4140 1643 4208 ejus
1683 4141 1737 4194 in
1779 4148 1937 4209 caput
1977 4141 2108 4211 ejus.

2304 4140 2687 4209 Ἐπιστρέψει
2720 4141 2752 4193 ό
2792 4138 2982 4201 πόνος
3022 4130 3210 4187 αὑτοῦ
3240 4132 3327 4194 εις
3366 4124 3649 4196 κεφαλὴν
3696 4125 3804 4178 αὐ-

548 4224 797 4293 Utraque
851 4226 967 4281 hinc
1026 4229 1203 4299 reipsa
1262 4231 1337 4283 illi
1380 4235 1764 4302 contigerunt;
1821 4236 1939 4305 ipse
1975 4240 2108 4291 eniu‘

2221 4236 2347 4291 τοῦ.
2387 4236 2504 4288 Καὶ
2546 4234 2715 4305 ἄμφω
2751 4228 3133 4298 ἀποδεδήκασι
3158 4240 3173 4255 ο
3220 4222 3454 4290 κινδύνῳ
3481 4235 3541 4272 τε
3565 4219 3677 4288 γὰρ
3709 4218 3806 4285 ιμ-

550 4319 786 4373 Absalon
856 4320 908 4373 iu
960 4321 1263 4389 periculum
1324 4323 1554 4392 incidit,
1608 4334 1663 4380 et
1707 4328 1828 4397 ejus
1882 4329 2108 4384 studiun

2220 4329 2500 4391 πέπτωκε,
2532 4328 2625 4381 καὶ
2658 4324 2798 4379 κατὰ
2825 4321 3072 4387 κεφαλῆς
3094 4316 3263 4372 αὐτοῦ
3301 4314 3506 4377 καινῶς
3536 4315 3569 4378 ὴ
3603 4309 3804 4377 σπουδὴ

546 4415 770 4467 tandem
797 4412 852 4466 in
885 4413 1058 4481 ipsius
1083 4424 1241 4484 caput
1276 4419 1580 4471 revolutqu
1613 4430 1713 4474 cst.
1744 4419 1879 4475 Nam
1906 4437 2030 4478 cum
2071 4425 2108 4478 ir

2225 4421 2390 4475 αὑτοῦ
2443 4419 2815 4490 περιετράπη.
2869 4412 3127 4467 Σπεύδων
3184 4410 3294 4480 γὰρ
3359 4402 3805 4475 παραθαρρύνειν

551 4506 725 4560 aciem
785 4507 983 4564 milites
1026 4510 1345 4567 liortaturus
1376 4511 1681 4575 festinaret,
1720 4514 1863 4569 inter
1896 4531 2123 4570 curren~

553 4596 680 4649 ilum
739 4612 880 4667 equo
928 4610 1355 4669 praetervectus,
1397 4604 1622 4659 caesarie
1694 4620 1845 4659 ramo
1908 4606 2125 4663 arboris

554 4689 879 4758 complicata
936 4708 1239 4761 suspensus
1290 4696 1595 4762 remansit;
1641 4712 1752 4767 quo
1789 4707 1948 4767 pacto
1971 4713 2126 4755 acer-

555 4778 675 4834 bam
706 4793 930 4839 mortem
958 4784 1238 4841 sustinuit.

626 4879 695 4934 Et
723 4882 777 4934 in
809 4884 1048 4937 verticem
1080 4884 1247 4951 ipsius
1277 4883 1543 4953 injustitia
1581 4882 1697 4950 ejus
1726 4883 2022 4939 descendet.
2061 4884 2119 4940 lu

553 4989 676 5028 eum
711 4974 854 5029 enim
881 4976 1056 5032 irrnet
1086 4976 1378 5045 injustitia,
1400 4991 1563 5046 quam
1590 4976 1643 5028 in
1669 4975 1807 5030 alios
1844 4977 2121 5032 tendebat.

555 5068 637 5122 Ab
669 5081 731 5122 ea
762 5077 943 5122 autem
972 5068 1218 5137 corporis
1239 5076 1391 5137 parte
1418 5084 1539 5138 qua:
1568 5078 1651 5123 est
1687 5068 1861 5138 magis
1882 5069 2125 5132 letltalis.

556 5167 733 5215 totum
815 5160 1091 5215 hominem
1162 5161 1513 5232 signiﬁcavit,
1598 5160 1763 5216 veluti
1855 5168 2030 5214 totum
2096 5176 2127 5218 ε

558 5265 729 5323 parte.
781 5253 846 5307 Et
890 5269 1022 5309 sane
1064 5255 1137 5308 ita
1179 5264 1360 5309 actum
1405 5264 1523 5319 est;
1572 5270 1696 5308 nam
1748 5269 1873 5309 cum
1932 5255 2130 5309 bellum

558 5350 614 5401 in
654 5356 862 5415 patrem
893 5349 1209 5413 instrueret,
1237 5350 1350 5417 ipse
1382 5349 1433 5402 in
1471 5364 1533 5403 eo
1570 5347 1669 5401 fuit
1693 5349 2074 5417 interemptus.

632 5440 797 5496 Vsus.
838 5441 925 5497 i8.
956 5442 1253 5509 Conﬁtebor
1282 5442 1506 5496 Domino
1536 5441 1818 5494 secundum
1861 5441 2132 5509 justitiam

562 5533 698 5601 ejus.
743 5531 877 5601 Ego,
913 5533 1115 5603 inquit,
1165 5543 1287 5601 post
1347 5531 1659 5601 liujusmodi
1724 5530 1847 5585 belli
1899 5532 2131 5593 exitum,

562 5627 767 5696 gratias
800 5628 908 5680 Deo
934 5642 1087 5695 agam
1120 5627 1187 5681 de
1214 5627 1362 5695 justo
1397 5625 1515 5695 ejus
1546 5624 1777 5695 judicio.

2223 4516 2317 4569 τὸν
2347 4516 2551 4568 οἰκεῖον
2584 4513 2643 4564 ὲν
2671 4510 2751 4580 τῷ
2782 4507 3007 4577 πολέμῳ
3035 4504 3187 4569 λαδν,
3213 4502 3444 4563 κλάδους
3481 4498 3654 4567 φυτοῦ
3690 4496 3804 4548 Eta-

2226 4609 2367 4664 Θέων
2421 4607 2681 4677 ἔφιππος,
2730 4604 2831 4672 τὴν
2871 4602 2972 4671 τῆς
3016 4596 3264 4667 κεφαλῆς
3296 4592 3574 4660 ἑνεπλάκη
3606 4588 3801 4657 κόμην,

2230 4703 2328 4756 καὶ⁵
2348 4698 2689 4772 κρεμασθεὶς
2716 4695 2827 4751 ἀπὸ
2858 4693 3064 4763 ταύτης
3093 4686 3330 4762 ἀνῃρέθη
3356 4684 3593 4756 ⁴πικρῶς.

2305 4875 2411 4931 Καὶ
2443 4873 2541 4929 ἐπὶ
2573 4870 2847 4941 κορυφὴν
2896 4866 3086 4922 αὐτοῦ
3114 4865 3153 4932 ἠ
3178 4863 3383 4919 ἀδικία
3411 4858 3599 4916 αὐτοῦ
3630 4874 3806 4912 κατα-

2232 4969 2510 5035 ϐήσεται.
2556 4968 2621 5019 Ἦ
2652 4964 2839 5022 ἀδικία
2866 4958 2935 5035 ἧς
2975 4958 3307 5030 κατήρξατο,
3340 4955 3428 5009 ἐπ’
3449 4953 3614 5008 αὑτὸν
3638 4967 3804 5004 κατα-

2236 5061 2455 5131 σκήψει⁸
2486 5059 2593 5112 ἀπὸ
2623 5056 2734 5128 γὰρ
2774 5054 2872 5108 τοῦ
2913 5054 3284 5127 καιριωτάτου
3321 5048 3522 5117 μέρους
3562 5044 3654 5099 τοῦ
3704 5040 3806 5096 σώ-

2239 5169 2432 5223 ματος,
2473 5146 3007 5219 ἐκεῖνονξὲδήλωσεν.
3056 5145 3167 5199 Καὶ
3203 5143 3388 5214 μέντοι
3424 5140 3519 5194 καὶ
3541 5136 3683 5192 οὕτω
3713 5136 3806 5203 γέ-

2235 5260 2385 5314 γονεο
2418 5244 2657 5312 πόλεμον
2706 5242 2817 5314 γὰρ
2854 5240 3235 5311 συγκροτήσας
3266 5235 3411 5290 κατά
3452 5232 3548 5287 τοῦ
3603 5228 3804 5299 πατρὸς

2235 5335 2425 5402 αὑτοῦ,
2457 5335 2700 5407 ἀνῃρέθη
2737 5334 2938 5405 μᾶλλον
2970 5332 3155 5395 αὑτός.

2317 5430 2865 5500 Ἐξομολογήσομαι
2894 5427 2973 5494 τῷ
2996 5428 3188 5496 Κυρίῳ
3204 5442 3352 5479 κατα
3372 5441 3487 5491 την
3503 5416 3805 5477 υικαιοσύ-

2234 5544 2352 5595 νην
2371 5525 2578 5581 αὐτοῦ.
2612 5524 2755 5593 Ἐγὼ
2769 5523 2846 5587 δὲ,
2866 5521 3108 5576 τοιοῦτον
3130 5520 3282 5582 τέλος
3294 5515 3564 5585 λαδούσης
3587 5514 3683 5583 τῆς
3704 5509 3807 5580 μά-

2241 5616 2752 5691 χης,εὕχαριστήσω
2767 5614 2845 5687 τῷ
2863 5613 2983 5685 Θεῷ
3003 5615 3094 5669 ἐπὶ
3110 5614 3173 5685 τῇ
3204 5608 3387 5679 δικαίᾳ
3417 5606 3596 5680 κρίσει
3617 5600 3805 5658 αὐτοῦ.

1896 5717 2092 5779 Variae
2126 5714 2458 5779 lectiones.

639 5822 752 5885 (39)
787 5821 1028 5880 Subaudi
1060 5823 1241 5877 πόνον.
