4130 6304
315 379 411 446 129
1454 367 1848 432 COMMENT.
1882 369 1962 431 IN
2005 369 2371 432 PSALMOS.
3456 368 3558 431 130

382 487 710 561 Halyn-alti»
756 486 837 554 τῷ
885 487 1137 556 ὀνόματι
1171 486 1396 554 Κυρίου
1443 482 1551 540 τοῦ
1593 482 1887 552 ὑψίστου.

2060 480 2130 535 Et
2187 481 2418 551 psallam
2487 483 2694 539 nomini
2760 485 2975 540 Domini
3024 487 3291 544 altissimi.
3349 490 3555 546 Cariam

315 586 456 656 ’ᾼσω
483 582 562 653 τῷ
591 582 817 652 ὀνόματι
859 580 1027 634 αὑτοῦ
1075 580 1144 632 τὰ
1185 580 1505 650 νικητήρια,
1554 578 1638 630 ὅτι
1671 577 1872 628 ἐπεκα-

2009 576 2189 644 nquil,
2224 576 2432 630 nomini
2463 577 2584 644 ejus
2615 592 2712 648 pro
2740 577 2968 634 victoria
3003 596 3017 634 :
3050 582 3178 652 quia
3207 583 3328 652 ejus
3357 599 3558 638 nomen

313 677 544 747 λεοάμην
583 674 749 728 αὐτὸν
777 674 872 727 καὶ
908 670 1174 742 ἐϐοήθησέ
1209 687 1322 742 μοι.
1372 669 1435 722 Εἰ
1473 669 1583 739 γὰρ
1623 667 1683 720 τὸ
1707 666 1876 732 ὄνομα

2003 670 2257 732 uvocavi,
2305 677 2360 724 et
2402 670 2694 726 exauditus
2728 686 2869 727 sum.
2906 671 3062 739 Quod
3107 675 3153 729 si
3181 676 3327 730 illius
3361 693 3561 732 nomen

313 767 466 824 aiatait
491 767 761 837 τοσαύτην
793 767 909 835 ἔχει
937 765 1192 834 δύναμιν,
1238 763 1324 827 τίς
1359 764 1459 815 οὐκ
1488 763 1554 815 ἂν
1582 762 1744 814 αὐτὸν
1783 777 1878 829 φο-

2004 771 2164 816 antas
2201 762 2364 816 habet
2401 763 2544 818 vires
2574 802 2590 825 ,
2621 761 2744 834 quis
2776 779 2883 818 non
2917 765 3094 834 ipsum
3129 768 3418 822 Dominum
3447 771 3560 822 for-

313 863 493 934 6ηθείη
515 879 529 925 ;
559 859 855 929 Ὑψίστου
878 857 956 921 δὲ,
977 856 1071 910 τοῦ
1088 855 1229 927 ὑπὲρ
1258 854 1498 917 ἅπαντα,
1516 851 1610 905 τοῦ
1639 853 1881 922 ἀνυπερ-

2003 854 2209 908 nidabit
2236 854 2258 908 ’Ξ
2286 855 2550 910 Altissimi
2579 866 2784 919 autem,
2817 856 2871 912 id
2901 867 3005 922 est,
3040 858 3210 925 illius,
3237 864 3329 931 qui
3360 875 3444 918 est
3468 881 3565 920 su-

314 958 521 1028 δλὴτου,
564 954 600 1026 ἢ
636 953 734 1008 καὶ
775 950 872 1006 τοῦ
913 952 1269 1020 ἐπουρανεου,
1317 948 1461 1002 καθὰ
1511 946 1879 1018 προλαϐόντες

2003 960 2077 997 ira
2111 945 2315 1011 omnia,
2350 945 2442 1015 qui
2482 947 2874 1016 insuperabilis
2909 959 3014 1012 est,
3041 950 3124 1003 vel
3154 953 3317 1007 etiam
3373 970 3565 1025 supcr-

313 1050 550 1121 εἴπομεν.
585 1046 772 1101 Ταῦτα
806 1045 864 1098 δὲ
911 1047 975 1099 οὐ
1027 1043 1310 1115 χαίροντός
1371 1044 1521 1096 ἐστιν
1573 1041 1880 1112 ἀνθρώπων

2003 1037 2239 1102 :oelestis,
2262 1039 2590 1110 utsuperius
2615 1040 2875 1096 diximus.
2902 1039 3028 1098 Haec
3058 1054 3238 1100 autem
3272 1048 3432 1100 verba
3454 1062 3566 1103 non

316 1140 678 1212 σφαγαῖς,κα“ι
703 1138 939 1210 μάλιστα
982 1135 1174 1200 παιδὸς
1217 1135 1432 1206 αἵματι·
1485 1132 1603 1198 πῶς
1655 1131 1768 1204 γὰρ
1821 1133 1882 1198 ὃς

2003 1130 2274 1200 gaudentis
2304 1141 2433 1186 sunt
2463 1131 2695 1187 aliorum
2730 1136 2900 1196 czede.
2934 1151 3033 1190 nec
3069 1137 3164 1190 lilii
3190 1139 3563 1206 potissimum,

316 1235 402 1288 καὶ
430 1233 690 1302 πένθιμον
715 1231 939 1301 ἐποίησε
982 1230 1081 1298 τὴν
1126 1227 1342 1302 ἡμέραν
1375 1227 1476 1297 τῆς
1523 1227 1716 1296 νίκηςς
1765 1225 1882 1280 ἀλλ’

315 1325 713 1397 ἁπιδεχομένου
756 1324 856 1395 τὴν
905 1323 1000 1377 τοῦ
1058 1320 1197 1375 Θεοῦ
1246 1321 1451 1391 ψῆφον,
1483 1321 1706 1383 δικαξως
1759 1321 1885 1384 τοὺς

315 1421 526 1482 ὰδέκους
585 1417 1136 1487 καταλαμϐάνουσαν.
1203 1415 1360 1477 Τινὲς
1412 1415 1469 1467 δὲ
1525 1413 1587 1467 τὸ
1644 1413 1887 1468 Λάκκον

313 1513 520 1582 ὤρυξε,
552 1515 649 1564 καὶ
676 1513 746 1563 τὰ
766 1508 914 1581 ἑξῆς,
945 1508 1075 1580 ἄχρι
1104 1508 1199 1562 τοῦ
1239 1507 1458 1562 Ἀδικία
1486 1506 1674 1561 αὑτοῦ
1711 1522 1887 1560 κατα-

315 1604 577 1673 ϐήσεται,
629 1605 1043 1674 συντομώτερον
1114 1600 1537 1673 ἑρμηνεύοντες,
1591 1598 1752 1652 τοῦτο
1795 1596 1888 1651 λέ-

314 1716 466 1768 γουσι
491 1694 690 1767 δηλοῦν
745 1693 1147 1766 μεταφορικῶς,
1199 1694 1299 1747 ὅσα
1333 1691 1453 1746 κατ’
1493 1691 1628 1762 ἐμοῦ
1676 1693 1889 1762 ἐμηχα-

315 1793 533 1864 νήσατο,
579 1790 744 1853 αὐτὸς
774 1789 1043 1844 πείσεται.
1077 1787 1269 1843 Ταῦτα
1290 1786 1347 1843 δὲ
1389 1785 1771 1859 κατευχόμεθα
1794 1785 1888 1840 καὶ

315 1886 408 1940 τοῦ
434 1883 707 1939 διαὸόλου.

307 2067 407 2132 εἰς
431 2065 501 2121 τὸ
530 2065 708 2132 τέλος
732 2063 887 2134 ὑπὲρ
913 2062 1033 2118 τῶν
1056 2060 1284 2130 ληνῶν,
1315 2059 1559 2130 ψαλμός
1590 2056 1670 2125 τῷ
1688 2056 1888 2111 Δαϐἰδ.

887 2155 1186 2210 ΨΔΛΜΟΣ
1226 2151 1307 2208 H'.

377 2254 444 2307 Ti
474 2254 576 2325 μὶν
618 2250 870 2322 βούλεται
907 2248 1010 2315 Εἰς
1046 2246 1113 2301 τὸ
1157 2245 1364 2312 τέλος,
1420 2248 1479 2298 ἐν
1528 2245 1642 2307 τοῖς
1691 2242 1895 2311 προλα-

316 2345 466 2399 δοῦσι
499 2345 853 2415 προείρηται.
881 2341 1121 2410 Ληγοὺς
1146 2341 1204 2395 δὲ
1246 2338 1403 2394 καλεῖ
1435 2339 1561 2403 τοὺς
1604 2335 1893 2408 ἅπανταχῆ

312 2440 410 2509 τῆς
460 2439 792 2508 οἰκουμένης
839 2435 1023 2499 ναούς.
1079 2434 1360 2504 Ἀμπελος
1388 2431 1518 2504 γὰρ,
1570 2431 1600 2483 ὁ
1650 2430 1890 2502 Κύριος·

316 2532 574 2599 κλήματα
604 2528 682 2594 δὲ,
722 2529 772 2582 οἱ
803 2527 1118 2581 ἀπόστολοι·
1153 2525 1350 2597 βότρυς
1372 2524 1428 2578 δὲ
1473 2524 1506 2594 ἡ
1536 2522 1736 2587 πὶστις,
1773 2522 1894 2594 ἥτις

315 2618 780 2689 ὲναποθλιόομένη
811 2620 932 2681 ταῖς
973 2617 1346 2687 Ἐκκλησίαις,
1384 2613 1482 2686 τὴν
1511 2611 1894 2677 διδασκαλίαν¹,

316 2712 390 2774 ὡς
415 2708 581 2782 οἶνον,
611 2712 817 2777 δίδωσι,
868 2710 966 2773 τὰς
1012 2709 1123 2763 τῶν
1161 2709 1370 2762 πιστῶν
1398 2706 1626 2777 καρδίας
1664 2705 1897 2776 εὐφραί-

315 2821 537 2861 νουσαν.
572 2804 857 2876 Προσώπῳ
894 2797 986 2857 οὖν
1019 2802 1226 2857 τούτων
1249 2801 1359 2856 τῶν
1390 2799 1776 2870 πνευματικῶν
1801 2800 1897 2870 ληο

316 2901 446 2966 νῶν,
492 2902 522 2954 ὁ
579 2899 794 2969 suam;
847 2892 1002 2962 οὗτος
1054 2897 1443 2967 ὲκπεφώνηται
1492 2895 1569 2966 τῷ
1613 2896 1893 2967 προφήτῃ.

319 2991 492 3044 Πάλαι
520 2991 624 3060 μὲν
648 2989 756 3058 γὰρ
781 2984 858 3053 εἷς
893 2989 1020 3052 ναὸς
1051 2988 1391 3060 ᾠκοδόμητο,
1427 2987 1524 3041 καὶ
1555 2989 1610 3040 ὲν
1642 2985 1724 3039 ἑνὶ
1749 2986 1899 3056 τόπῳ

315 3091 412 3157 τῆς
452 3085 844 3158 Ἰερουσαλὴμ,
881 3084 965 3137 ὅτι
998 3084 1091 3137 καὶ
1137 3084 1216 3135 ἐνὶ
1256 3082 1398 3136 ἔθνει
1429 3079 1858 3149 ἀποκεκλήρωτο
1881 3119 1895 3143 ,

315 3183 442 3254 περὶ
471 3175 539 3236 οὗ
576 3197 740 3251 φησιν
783 3179 1044 3241 Ἠσαῖας’
1086 3175 1464 3247 ᾨκοδόμησα
1496 3175 1764 3244 πύργον,
1798 3174 1898 3227 καὶ

1985 1238 2113 1276 cum
2163 1224 2452 1294 lugubrem
2514 1228 2688 1294 egerit
2745 1228 2897 1282 illum
2951 1229 3204 1285 victoriae
3244 1231 3384 1286 diem
3409 1231 3564 1304 (40):

1985 1316 2081 1371 sed
2117 1316 2473 1387 suscipientis
2489 1319 2815 1373 sententiam
2853 1319 2966 1387 Dei,
3003 1337 3126 1391 qua:
3160 1323 3398 1387 iniustos
3447 1323 3570 1381 illos

1987 1411 2260 1465 coercuit.
2302 1411 2486 1480 Aliqui
2535 1428 2686 1478 vero,
2714 1412 2876 1467 verba
2918 1413 3010 1468 illa
3063 1413 3263 1468 Lacum
3300 1415 3458 1483 fodit,
3513 1429 3571 1471 et

1989 1517 2111 1572 qua:
2145 1514 2476 1573 sequuntur,
2513 1520 2688 1573 usque
2723 1505 2790 1559 ad
2839 1505 2951 1571 illa,
2993 1504 3275 1575 Injttstt'tia
3314 1507 3430 1575 ejus
3473 1507 3569 1562 deo

1990 1595 2476 1657 scendet,breviori
2501 1596 2842 1665 expositione
2872 1597 3178 1664 declarant,
3211 1598 3481 1665 dicentes,
3504 1614 3572 1656 ca

1992 1687 2157 1740 verba
2193 1702 2287 1756 per
2331 1688 2713 1756 metaphoram
2764 1687 3097 1756 signiﬁcare,
3147 1689 3294 1758 quod
3329 1691 3572 1745 Absalon

1991 1778 2108 1848 ipse
2132 1792 2193 1831 ea
2232 1792 2498 1846 passurus
2529 1787 2807 1849 erat,qua:
2843 1780 3107 1837 adversus
3141 1791 3348 1852 patrem
3383 1781 3574 1838 molie-

1994 1871 2177 1926 batur.
2239 1870 2568 1941 Hujusmodi
2620 1873 2787 1927 etiam
2843 1874 3026 1929 verbis
3053 1889 3352 1945 possumus
3388 1884 3445 1930 et
3475 1889 3577 1931 nos

1923 1941 1966 1996 Β
1995 1965 2261 2018 adversus
2289 1964 2591 2019 daemonem
2632 1965 2948 2033 imprecari.

2101 2055 2166 2112 In
2192 2057 2348 2127 ﬁnem
2376 2074 2473 2128 pro
2498 2056 2853 2112 torcularibus
2880 2057 3118 2128 psalmus
3146 2059 3246 2127 ipsi
3270 2058 3470 2115 David.

2544 2148 2862 2205 PSALMUS
2896 2149 3031 2206 Vill.

2067 2241 2208 2309 Quid
2249 2243 2351 2299 sibi
2387 2243 2557 2297 velint
2585 2242 2751 2297 verba
2786 2243 2878 2296 illa
2903 2244 2958 2296 in
2985 2244 3167 2312 ﬁnem,
3192 2243 3248 2299 in
3280 2245 3580 2315 superiori-

1996 2337 2100 2393 bus
2136 2337 2343 2392 dictutn
2375 2344 2478 2391 est.
2519 2334 2835 2389 Torcularia
2866 2339 3100 2408 appellat
3131 2335 3421 2406 Ecclesias,
3455 2354 3582 2409 quae

1998 2428 2205 2498 ubique
2242 2440 2513 2484 terrarum
2557 2436 2706 2482 sunt.
2749 2429 3006 2484 Christus
3046 2431 3191 2486 enim
3243 2431 3370 2488 vitis
3400 2440 3486 2486 est
3526 2441 3582 2486 et

1998 2525 2235 2595 apostoli
2265 2524 2522 2594 palmites
2552 2527 2598 2558 ⁸ο
2628 2542 2645 2592 ;
2684 2542 2785 2581 uva
2831 2535 3014 2581 autem
3055 2534 3109 2581 et
3147 2541 3397 2582 racemus
3421 2527 3578 2581 tidem

1997 2617 2332 2689 signiﬁcant,
2364 2633 2487 2688 qua:
2515 2621 2569 2673 in
2600 2618 2861 2674 Ecclesiis
2891 2634 3206 2690 compressa
3227 2660 3243 2684 ,
3272 2619 3580 2690 disciplina:

1997 2710 2327 2766 Christianae
2356 2712 2550 2766 vinum
2582 2711 2775 2767 tribuit
2806 2729 2820 2766 :
2850 2726 2960 2782 quo
2991 2711 3228 2766 lidelium
3251 2712 3416 2767 corda
3448 2712 3582 2767 laeti-

1998 2803 2254 2858 ﬁcantur.
2288 2803 2363 2856 Ex
2391 2818 2624 2873 persona
2645 2805 2812 2875 igitur
2833 2805 3206 2874 Spiritualium
3240 2805 3435 2860 borum
3464 2816 3581 2859 tor-

1999 2896 2291 2959 cularium,
2340 2897 2446 2952 hoc
2493 2905 2576 2951 est
2640 2897 3047 2962 Ecclesiarum,
3105 2898 3197 2953 hic
3257 2899 3498 2967 psalmus
3546 2913 3580 2953 ει

2000 2989 2276 3059 Propheta
2301 2993 2649 3061 conscriptus
2673 3001 2776 3047 est.
2803 2993 2944 3046 Olim
2975 2993 3176 3064 quippe
3211 2994 3433 3048 unicum
3457 3005 3582 3048 tan-

2004 3093 2118 3138 tum
2152 3085 2414 3154 templum
2435 3095 2814 3140 constructum
2841 3097 2979 3152 erat,
3013 3088 3066 3141 in
3108 3103 3215 3141 una
3247 3095 3460 3143 tantum
3500 3088 3584 3142 ci-

2004 3177 2173 3231 vitate
2220 3175 2528 3232 Jerusalem
2580 3196 2594 3231 :
2652 3178 2780 3248 quia
2837 3178 2932 3232 uni
2991 3187 3204 3232 tantum
3264 3189 3381 3234 erat
3433 3182 3580 3249 genti

311 3277 657 3347 προλήγιον
679 3273 879 3343 ὡρυξα
908 3272 977 3324 ἐν
999 3269 1181 3336 αὐτῷ,
1217 3270 1447 3337 πύργον
1477 3267 1579 3339 μὲν
1601 3265 1782 3319 καλῶν
1805 3264 1899 3319 τὸν

2003 3271 2234 3326 datum:
2283 3270 2350 3324 de
2412 3286 2521 3339 quo
2564 3269 2731 3326 lsaias
2783 3272 2861 3324 ait
2897 3287 2913 3324 :
2949 3269 3242 3340 .Ediﬁcaui
3272 3271 3485 3335 turrim,
3533 3281 3582 3324 et

310 3369 457 3435 ναόν,
494 3365 850 3436 Προλήνιον
885 3363 942 3417 δὲ
970 3362 1033 3415 τὸ
1070 3361 1477 3432 θυσιαστήριον.
1526 3359 1649 3413 Ἐπὶ
1677 3358 1820 3411 τέλει
1845 3357 1904 3411 δὲ

309 3463 418 3515 τῶν
447 3461 696 3524 αἰώνων,
746 3459 858 3529 (Ill)
894 3455 976 3510 ἔτι
1006 3457 1103 3509 καὶ
1148 3457 1207 3508 ὲν
1239 3453 1317 3523 τῷ
1348 3453 1492 3508 τέλει
1524 3455 1626 3524 τῆς
1669 3452 1904 3523 νομικῆς

309 3555 604 3626 λατρείας,
637 3551 947 3622 καθῄρηται
977 3550 1077 3618 μὲν
1107 3542 1261 3609 οὗτος
1281 3562 1297 3578 ο
1327 3544 1667 3616 ἀντέστησαν
1699 3543 1755 3596 δὲ
1783 3542 1905 3596 καθ’

313 3647 438 3717 ὅλης
465 3647 577 3716 τῆς
609 3645 710 3712 τῆς
739 3639 1023 3712 ἐκκλησίαι
1061 3636 1432 3708 παμπληθεῖς,
1473 3636 1556 3691 ὅτι
1593 3636 1688 3689 καὶ
1729 3635 1907 3688 πάντα

313 3740 379 3792 sit
409 3737 551 3805 ἒυνη
592 3733 688 3803 τὴν
719 3730 1049 3800 θεογνωσίαν
1073 3730 1371 3785 ἀπέλαϐον.

388 3921 572 3989 Κύριε
604 3918 640 3972 d
661 3915 878 3984 Κύριος
900 3911 1091 3982 ἡμῶν,
1125 3912 1204 3979 ὠς
1237 3911 1588 3982 θαυμαστὸν
1624 3910 1690 3965 τὸ
1721 3908 1910 3981 ὄνομά

321 4031 438 4069 σου
463 4014 534 4067 ἐν
556 4010 727 4079 πάσῃ
755 4007 831 4076 τῇ
856 4006 972 4077 γῇῖ
1008 4006 1130 4060 Τῶν
1167 4006 1266 4074 μὲν
1306 4004 1575 4064 ἀπίστων.
1616 4003 1698 4056 ἑνὶ
1721 4001 1910 4074 τρόπῳ

324 4105 529 4176 Κύριός
557 4104 711 4155 ἐστιν
759 4101 788 4153 ό
816 4097 1073 4168 Χριστὸς,
1123 4096 1202 4166 τῷ
1249 4093 1350 4164 τῆς
1394 4093 1672 4155 πλάσεως*
1717 4092 1826 4145 τῶν
1853 4090 1908 4144 δὲ

325 4200 559 4262 πιστῶν,
582 4193 778 4265 διπλῷ,
807 4191 885 4263 τῷ
906 4193 1004 4258 τῆς
1034 4190 1307 4252 πλάσεως,
1335 4187 1429 4241 καὶ
1453 4184 1531 4256 τῷ
1553 4184 1650 4254 τῆς
1675 4182 1911 4252 ὲπιγνώυ

328 4306 486 4353 σεως·
517 4288 602 4342 διὸ
633 4284 728 4338 καὶ
762 4281 1129 4342 ιἰναδξπὶωσις
1159 4276 1414 4332 ἐνταῦθα.
1446 4275 1680 4344 Λέγουσι
1711 4275 1821 4345 γὰρ
1853 4273 1910 4327 αἱ

326 4381 432 4434 τῶν
457 4378 674 4433 πιστῶν
709 4375 1049 4444 Ἑκκλησίαι·
1084 4370 1254 4441 Κύριε
1288 4367 1610 4438 δημιουργὲ,
1643 4367 1673 4418 ὁ
1708 4365 1912 4437 Κύριος

325 4473 484 4544 ἡμῶν
511 4471 642 4540 ἄρτι
676 4467 913 4537 γεγονὼ;
949 4466 1036 4518 διὰ
1065 4463 1166 4532 τῆς
1192 4459 1561 4529 ἐπιγνώσεως.
1593 4459 1743 4512 Λίαν
1776 4457 1910 4511 ἐστὶ

324 4559 681 4632 θαυμαστὸν
701 4558 769 4611 τὸ
801 4554 990 4626 ὄνομὰ
1024 4569 1141 4608 σου
1172 4554 1241 4606 ἐν
1271 4550 1441 4618 πάσῃ
1469 4548 1543 4618 τῇ
1589 4546 1690 4618 τῇ.
1734 4548 1912 4602 Μόνον

2009 3364 2244 3418 torcular
2265 3363 2380 3432 fodi
2423 3364 2478 3416 in
2525 3381 2586 3418 ea
2613 3363 2697 3431 3';
2739 3364 2928 3417 turrim
2971 3364 3233 3433 templum
3275 3366 3583 3434 appellans,

2005 3463 2062 3509 et
2097 3457 2334 3509 torcular
2383 3454 2574 3511 altare.
2621 3454 2680 3508 lu
2734 3453 2842 3508 line
2870 3461 3051 3507 autem
3087 3454 3436 3517 seculorum,
3480 3454 3584 3509 boc

2007 3553 2094 3597 est
2127 3543 2178 3596 in
2215 3543 2322 3600 line
2352 3543 2541 3612 legalis
2567 3544 2767 3602 cultus.
2813 3544 2901 3596 illa
2945 3543 3116 3597 turris
3158 3544 3437 3598 destructa
3475 3553 3585 3608 est,

2009 3644 2064 3690 et
2097 3637 2219 3690 loco
2247 3637 2368 3704 ejus
2393 3651 2488 3704 per
2519 3637 2836 3691 universum
2885 3635 3074 3690 orbem
3109 3645 3310 3694 erecta:
3336 3646 3467 3691 sunt
3502 3636 3588 3689 iu-

2013 3729 2382 3785 numerabiles
2405 3730 2670 3797 ecclesiae
2717 3747 2731 3782 :
2781 3729 3040 3799 quoniam
3082 3743 3275 3785 omnes
3306 3739 3498 3801 gentes
3529 3729 3586 3783 in

2012 3821 2104 3876 Dei
2147 3822 2510 3892 cognitionem
2555 3829 2844 3877 venerunt.

2085 3912 2250 3968 Vens.
2281 3915 2336 3968 2.
2371 3914 2613 3976 Domine,
2648 3912 2906 3968 Dominus
2937 3923 3116 3969 noster
3153 3931 3310 3986 quant
3359 3915 3586 3969 admira-

2013 4007 2116 4061 bile
2163 4016 2243 4060 εει
2282 4023 2469 4060 nomen
2506 4015 2652 4060 tuum
2698 4008 2753 4060 in
2785 4008 3027 4061 uniuersa
3057 4018 3200 4062 terra
3231 4009 3252 4060 .’
3283 4007 3587 4064 lulidelium

2013 4100 2232 4170 quidem
2261 4098 2524 4154 Dominus
2557 4098 2808 4154 Christus
2837 4100 3063 4167 dicitur,
3095 4100 3191 4155 sed
3231 4116 3337 4156 una
3375 4110 3587 4157 tantum

2014 4194 2314 4247 creationis
2333 4192 2545 4247 ratione
2570 4207 2586 4246 :
2617 4191 2855 4248 ﬁdelium
2881 4209 3010 4248 vero
3033 4195 3262 4265 duplici,
3290 4196 3590 4251 creationis

2014 4283 2227 4340 scilicet
2259 4293 2312 4338 et
2338 4285 2686 4356 cognitionis.
2725 4284 2897 4352 Quam
2921 4288 2991 4341 ob
3015 4302 3235 4342 causam
3262 4304 3456 4343 nomen
3487 4289 3590 4344 Do-

2015 4377 2148 4431 mini
2182 4375 2286 4430 lioc
2331 4375 2384 4429 in
2427 4377 2547 4431 loco
2581 4378 2744 4430 etiam
2782 4377 3114 4447 duplicatur.
3169 4378 3356 4433 Dicant
3405 4379 3591 4448 itaque

2015 4484 2207 4525 omnes
2241 4468 2480 4524 ﬁdelium
2509 4465 2767 4524 Ecclesiae
2805 4488 2820 4524 :
2861 4470 3089 4525 Domine
3132 4481 3347 4526 creator
3386 4481 3440 4524 et
3473 4474 3591 4541 opi-

2015 4561 2124 4629 fex,
2161 4560 2253 4629 qui
2302 4576 2477 4631 nuper
2524 4559 2687 4616 etiam
2723 4576 2821 4631 per
2857 4563 3221 4631 cognitionem
3259 4562 3432 4616 nostri
3483 4563 3585 4617 Do-

327 4620 932 4726 γὰρ’ὲπικαλούμενον,
981 4645 1275 4716 φυγαδεύει
1334 4643 1632 4714 δαίμονας,
1682 4640 1900 4711 νεκροὺς

2019 4655 2201 4711 minus
2230 4654 2410 4709 iactus
2431 4670 2490 4709 es
2523 4674 2538 4709 :
2572 4655 2743 4720 Quam
2781 4656 3097 4710 admirabile
3121 4666 3199 4710 est
3226 4673 3409 4710 nomen
3439 4666 3589 4710 tuum

328 4750 609 4818 ἀνίστησι,
660 4746 848 4807 νόσους
881 4741 1212 4806 ἀπελαύνει,
1274 4737 1601 4809 μεταϐάλλει
1638 4737 1900 4806 στοιχεῖα,

2019 4747 2253 4802 inomni
2290 4756 2451 4810 terra,
2470 4747 2631 4816 cujus
2661 4749 2776 4804 sola
2810 4750 3086 4804 invocatio
3107 4750 3384 4805 daemones
3420 4750 3592 4820 fugat,

331 4842 425 4893 καὶ
459 4841 640 4893 πάντα
668 4837 912 4889 δύναται.
944 4835 1020 4888 Τὸ
1051 4834 1096 4886 δ’
1123 4833 1256 4885 αὐτὸ
1286 4832 1380 4884 καὶ
1409 4830 1639 4900 φοϐερὸν
1679 4828 1900 4900 ἁλλαχοῐ

2022 4847 2268 4894 mortuos
2329 4841 2582 4904 suscitat,
2652 4841 3006 4910 aegritudines
3067 4843 3258 4911 pellit,
3321 4844 3590 4897 elementa

332 4932 511 4984 καλεῖ.
541 4927 870 4998 Θαυμαστὸν
899 4925 999 4992 μὲν
1028 4923 1143 4988 οὖν,
1177 4923 1266 4975 διὰ
1302 4923 1399 4984 τὰς
1430 4922 1730 4993 ὑπερφυεῖς
1757 4923 1900 4990 ἐνερ·

2019 4939 2342 4995 commutat,
2386 4940 2440 4987 et
2489 4933 2674 4986 omnia
2727 4943 2924 5002 patcst.
2968 4934 3110 4988 Alibi
3161 4950 3291 4989 vero
3347 4935 3593 4990 terribile

332 5022 491 5089 τείας
517 5037 533 5053 ·
567 5018 801 5090 φοῦερὸν
848 5017 928 5080 δὲ,
975 5015 1061 5069 διὰ
1095 5017 1193 5082 τὴν
1221 5013 1458 5085 appara;
1484 5012 1738 5082 δύναμιν.
1771 5012 1900 5082 Ὅρα

2022 5024 2186 5078 etiam
2242 5023 2548 5092 appellatur
2595 5037 2690 5076 seu
2738 5022 3062 5079 timendum.
3111 5024 3450 5079 Admirabile
3509 5034 3593 5078 est

334 5115 390 5166 δὲ
423 5114 542 5176 πῶς
572 5112 765 5166 ἑαυτὸν
795 5112 926 5180 ἡμῖν
957 5108 1248 5171 συνέταξεν
1277 5109 1304 5160 ό
1338 5105 1524 5169 Δαϐὶδ,
1580 5103 1816 5176 προϊδὼν
1857 5122 1900 5159 τι

2017 5114 2186 5184 igitur
2210 5114 2283 5169 ob
2318 5117 2640 5184 multaMuae
2688 5130 2855 5185 supra
2906 5127 3157 5171 naturam
3210 5127 3490 5188 operatur,
3538 5126 3594 5171 et

339 5207 662 5275 μυστήριον,
713 5204 808 5257 καὶ
854 5202 954 5271 τὴν
985 5201 1167 5252 πίστιν
1198 5199 1279 5261 εἰς
1321 5199 1391 5253 τὰ
1424 5199 1516 5252 τοῦ
1565 5199 1772 5269 κόσμου
1802 5200 1920 5252 δια-

338 5298 682 5366 ῳιτήσασαν
707 5294 944 5363 πέρατα.
983 5291 1048 5342 Τί
1075 5290 1131 5343 δὲ
1176 5290 1307 5361 περὶ
1338 5291 1534 5343 τούτου
1569 5292 1837 5359 φήσουσιν
1870 5293 1919 5348 ot

350 5387 601 5440 Ἰουδαῖοι
621 5427 636 5452 ,
669 5387 746 5440 Τὸ
778 5385 887 5455 γὰρ
932 5381 1027 5437 τοῦ
1073 5383 1515 5454 παντοκράτορος
1561 5380 1734 5452 ὄνομα
1768 5383 1920 5454 παρὰ

336 5480 450 5540 τοῖς
486 5476 696 5530 πλείοσι
740 5476 851 5529 τῶν
901 5473 1074 5528 ἐθνῶν
1111 5471 1592 5544 εὐκαταφρόνητον
1632 5468 1737 5545 ἦν·
1782 5474 1921 5545 φησι

410 5569 460 5601 ⁸⁸
502 5569 694 5642 ,Ιοειις
712 5586 781 5624 xv
848 5567 881 5623 5
973 5566 1148 5625 “lsa.
1181 5581 1234 5632 ν,
1265 5566 1322 5622 2.

2018 5207 2320 5262 timendum
2347 5208 2417 5261 ob
2436 5208 2764 5263 inc-ﬂabilem
2798 5210 2918 5280 ejus
2944 5211 3273 5280 potentiam.
3309 5209 3415 5265 Sed
3443 5213 3594 5265 vides

2019 5299 2299 5368 quomodo
2339 5299 2531 5354 beatus
2553 5299 2719 5354 David
2749 5317 2808 5357 se
2839 5303 3000 5358 nobis
3035 5303 3266 5357 voluerit
3293 5317 3594 5356 connume~

2021 5405 2166 5456 rare,
2197 5393 2476 5445 communi
2514 5394 2736 5449 nomine
2779 5394 3068 5449 Dominum
3116 5403 3362 5450 nostrum
3407 5393 3595 5464 appel-

2015 5485 2160 5550 lans,
2192 5485 2500 5557 praevidens
2535 5487 2794 5543 nimirum
2834 5491 3152 5560 mysterium
3181 5499 3235 5546 et
3269 5489 3594 5557 ﬁdem,qua:

1651 5660 1854 5724 Varias
1882 5661 2214 5727 lectiones.

412 5763 529 5840 (f0)
562 5763 768 5840 Haecin
818 5761 1211 5840 Graco_textu_
1240 5779 1336 5840 per
1373 5764 1856 5840 interrogationem
1889 5780 1904 5821 :
1945 5763 2052 5833 Qui
2084 5767 2219 5822 enim
2248 5767 2344 5825 hoc
2368 5768 2466 5838 ﬁat
2492 5769 2520 5821 7
2546 5784 2663 5837 cum
2694 5767 2984 5840 lugubrem,
3004 5777 3110 5826 etc.

411 5835 530 5903 (41)
574 5835 645 5890 to.
675 5837 818 5908 ἤτοι,
847 5847 904 5890 ut
929 5837 1124 5907 legisse
1165 5837 1377 5892 videtur
1404 5834 1625 5892 Saulus.
