4050 6278
527 276 623 342 131
1717 286 2057 346 ΕΗΤΗΥΜΙ

2163 283 2500 344 EIGABENI
3670 279 3758 342 13?

516 394 582 448 ad
619 396 766 462 ipsos
801 393 988 447 mundi
1024 393 1158 448 fines
1189 405 1309 449 erat
1350 406 1702 466 perventura.
1735 398 1875 465 Quid
1925 399 2057 468 igitu

2163 449 2166 459 ι
2197 400 2299 470 γὰρ
2335 402 2360 451 ὁ
2387 400 2632 462 Ἡσαΐας,
2659 401 2738 453 ὅτι
2775 401 2842 452 Τὸ
2863 398 3052 468 ὄνομά
3076 417 3192 468 μου
3217 399 3283 464 ἐξ
3307 397 3754 468 ὑμῶνβλιισφηο

516 491 583 540 ad
611 489 714 540 hoc
755 488 937 542 dicent
965 486 1177 542 Judaei?
1202 496 1362 543 antea
1395 490 1593 560 quippe
1627 491 1715 546 Dei
1745 493 2057 562 omnipoten

2186 492 2388 560 νμεῖται
2423 492 2492 543 ἐν
2539 493 2663 556 τοῖς
2710 494 2973 547 ἔθνεσιν.
3012 493 3176 546 Ὥστε
3229 493 3358 562 περὶ
3390 491 3485 544 τοῦ
3539 490 3758 562 Χροτοῦ

513 580 584 633 tis
636 595 836 634 nomen
894 581 1035 650 apud
1079 581 1345 650 plurimas
1384 592 1574 651 gentes
1623 583 1904 653 despectui
1951 592 2057 639 eral

2198 586 2293 638 νῦν
2317 587 2344 638 ὁ
2372 587 2529 654 λόγος
2557 587 2972 657 ἀναντίρρητος.

513 675 673 736 Nam;
708 683 767 727 ut
838 675 1033 740 inquit
1069 672 1273 727 Isaias:
1327 675 1552 741 Propter
1605 695 1693 732 vos
1737 695 1923 732 nomen
1980 679 2095 747 ejus
2131 679 2529 747 olasphematur
2580 680 2714 733 inter
2771 687 2944 747 gentes
2977 677 3040 730 ".
3105 677 3259 731 Unde
3309 676 3427 730 sine
3494 673 3656 730 dubio
3700 673 3760 728 de

508 770 728 824 Christo
760 768 872 821 haec
912 766 1055 819 dicta
1088 781 1210 819 esse
1242 769 1669 824 convincuntur.

580 861 846 926 Quoniam
878 864 1078 920 eleuata
1095 879 1170 922 est
1198 871 1591 938 magniﬁcentia
1614 883 1705 925 tua
1728 886 1888 940 super
1912 871 2088 926 cazlos.

505 953 965 1024 Magnificentiam
1007 961 1108 1015 hoc
1144 964 1195 1014 in
1231 963 1352 1015 loco
1387 965 1476 1018 Dei
1512 964 1963 1018 humanationem
1997 981 2093 1034 ap-

503 1048 666 1116 pellat
697 1065 709 1101 :
735 1065 854 1118 qua:
876 1061 930 1104 et
956 1067 1148 1124 magna
1183 1066 1285 1118 est,
1305 1064 1355 1109 et
1391 1071 1606 1111 omnem
1634 1073 1974 1125 exsuperans
2005 1057 2056 1110 in

2188 1053 2609 1120 ὲνανθρώπησιν
2662 1050 2942 1118 ὀνομάζει·
2989 1047 3200 1119 μεγάλη
3253 1049 3364 1118 γὰρ
3425 1047 3619 1106 ὅντως,
3673 1044 3758 1095 καὶ

502 1143 802 1196 tellectum.
858 1143 1079 1198 Elcvata
1119 1147 1264 1202 enim
1312 1160 1418 1213 est,
1461 1157 1514 1204 ct
1567 1151 1906 1206 transcendit
1967 1152 2055 1204 illa

2189 1145 2369 1199 πάντα
2403 1143 2528 1196 νοῦν
2579 1142 3008 1210 ὑπερϐαίνουσα.
3064 1141 3235 1210 Λῦτη,
3287 1139 3472 1208 φησὶν,
3513 1136 3754 1207 ἐπήρθη,

501 1236 668 1288 etiam
703 1245 1006 1304 potestates
1048 1257 1167 1308 qua:
1207 1259 1369 1308 supra
1407 1244 1576 1299 caelos
1608 1254 1738 1299 sunt
1775 1264 1786 1299 :
1833 1260 1899 1299 eo
1938 1261 2057 1313 ηιιοι

2186 1239 2281 1290 καὶ
2317 1237 2504 1298 αὑταῖς
2538 1235 2645 1287 τῶν
2673 1234 2922 1304 οὐρανῶν
2949 1233 3242 1302 δυνάμεσιν
3266 1232 3456 1302 ῶσπερ
3488 1229 3757 1298 ὑπερθαυ-

501 1327 571 1381 ab
603 1329 682 1381 eis
715 1330 880 1383 etiam
919 1334 1309 1403 comprehendi
1343 1352 1450 1389 non
1486 1348 1684 1406 potest.
1721 1336 1877 1391 Unde
1909 1337 2052 1391 maxi

2189 1341 2417 1392 μαστος,
2456 1326 2550 1377 καὶ
2582 1325 2970 1392 ἁκατανόητος.
3010 1322 3118 1376 Καὶ
3153 1321 3213 1375 οὐ
3252 1321 3415 1391 μόνον
3459 1320 3756 1390 ἄνθρωποι,

499 1434 586 1472 me
620 1421 698 1473 eis
724 1429 806 1473 est
840 1423 1226 1492 admirationi;
1271 1443 1444 1496 neque
1483 1430 1626 1482 enim
1674 1430 1926 1484 homines
1959 1441 2057 1483 tan

2182 1419 2318 1472 ἀλλὰ
2349 1419 2443 1471 καὶ
2486 1418 2710 1487 ἄγγελοι
2743 1417 2804 1470 τὸ
2826 1416 3071 1470 τοιοῦτον
3104 1415 3504 1485 ὲκπλήττονταί
3536 1431 3630 1466 σου
3666 1431 3760 1481 μυο

2183 1513 2426 1582 στήριον.
2459 1511 2529 1563 Ἦ
2581 1513 2671 1564 καὶ
2703 1511 2896 1573 ἄλλως·
2931 1510 3174 1580 ἐμφῆναι
3210 1508 3536 1578 βουλόμενος
3569 1509 3628 1558 τδ
3661 1506 3758 1574 τῆς

2267 869 2392 920 Ὅτι
2442 866 2672 932 ἐπήρθη
2725 866 2761 933 ἡ
2811 862 3293 934 μεγαλοπρέπειὰ
3337 876 3454 916 σου
3494 859 3758 928 ὑπεράνω

2190 961 2311 1014 τῶν
2341 957 2632 1026 οὐρανῶν.
2668 956 3165 1028 Μεγαλοπρὲπειαν
3205 953 3442 1007 ἐνταῦθα
3486 952 3582 1022 τὴν
3618 951 3759 1004 θείαν

498 1521 634 1576 tum,
684 1515 777 1566 sed
831 1514 935 1580 ipsi
967 1517 1132 1569 etiam
1173 1521 1348 1589 angeli
1389 1521 1452 1574 ad
1495 1522 1595 1576 hoc
1628 1530 1846 1592 stupent
1880 1532 2083 1593 myste-

499 1604 666 1657 rium.
703 1605 795 1659 νει
822 1607 982 1661 aliter
1011 1627 1022 1660 :
1053 1608 1376 1679 Signiﬁc'are
1405 1613 1559 1667 nobis
1590 1615 1778 1668 volens
1807 1616 2076 1685 Propheta

2181 1603 2333 1667 θείας
2391 1604 2608 1674 φύσεως
2665 1604 3136 1673 ὰπειροδύναμον,
3183 1601 3434 1670 ’Υψὼθη,
3477 1601 3664 1669 φησὶν,
3723 1600 3756 1668 ή

495 1696 818 1752 immensam
853 1698 1048 1754 divinze
1078 1712 1284 1757 naturae
1325 1707 1624 1772 potentiam
1654 1724 1666 1758 :
1699 1704 1942 1761 Exaltata
1972 1718 2051 1762 est

2187 1697 2634 1767 μεγαλοπρέπεια
2661 1714 2757 1751 σου
2795 1697 3050 1767 ὑπεράνω
3086 1697 3198 1750 τῶν
3230 1695 3499 1767 οὐρανῶν,
3547 1693 3622 1763 μὴ
3650 1710 3756 1763 χως

494 1789 692 1857 inquit,
749 1792 1162 1861 magnificentia
1200 1807 1290 1849 tua
1332 1812 1497 1866 super
1529 1799 1736 1864 cmlos,
1774 1815 1897 1853 cum
1930 1810 2076 1854 terra

492 1897 611 1934 eam
648 1898 752 1936 non
787 1892 1027 1954 caperet.
1055 1887 1211 1951 Quod
1245 1889 1385 1942 alius
1423 1890 1687 1958 propheta
1720 1892 1852 1946 dicit
1885 1911 1898 1947 :
1938 1891 2080 1961 0pc—

492 1974 600 2027 ruit
635 1975 794 2029 cmlos
827 1977 993 2030 virtus
1037 1979 1176 2045 ejus,
1208 1991 1256 2034 et
1289 1981 1619 2036 laudationis
1664 1983 1779 2052 ejus
1810 1983 1965 2054 plena
1999 1995 2074 2038 est

493 2076 632 2119 terra
660 2067 749 2119 ον.

561 2156 728 2213 Vsus.
767 2160 822 2214 5.
849 2159 931 2213 Ea:
957 2178 1044 2215 ore
1065 2163 1349 2232 infantium
1375 2173 1424 2219 et
1451 2165 1763 2220 luctantium
1799 2168 2075 2238 perfecisti

487 2251 721 2306 laudem.
746 2251 1140 2308 Laudationem
1197 2271 1488 2323 puerorum
1543 2258 1792 2326 praedicit
1844 2258 2068 2332 [factam

487 2343 541 2395 in
577 2344 826 2414 templo].
877 2345 954 2401 Ex
1006 2348 1265 2403 omnibus
1296 2358 1476 2402 autem
1509 2349 1714 2406 Christi
1762 2353 2067 2427 miraculis,

487 2433 652 2502 hujus
682 2447 890 2490 tantum
922 2440 1170 2493 meminit
1197 2439 1494 2510 Propheta,
1523 2453 1784 2511 tanquam
1825 2445 2070 2498 admira-

488 2525 636 2580 tione
673 2532 844 2597 magis
894 2530 1067 2600 digni.
1115 2529 1249 2584 Nam
1284 2541 1337 2586 ct
1372 2543 1500 2587 ante
1529 2533 1808 2589 Christum
1863 2535 2068 2605 leprosi

484 2618 661 2687 sanati
714 2617 952 2683 fuerant,
997 2627 1051 2673 et
1108 2620 1385 2676 daemones
1443 2623 1691 2692 expulsi,
1745 2633 1801 2679 et
1855 2624 2062 2678 mortui

483 2710 772 2776 suseitati;
853 2713 1093 2767 infantes
1151 2729 1282 2768 vero
1342 2715 1559 2770 locutos
1592 2731 1736 2780 esse,
1785 2725 1912 2772 tunc
1959 2721 2070 2788 pri-

482 2816 632 2854 mum
664 2802 918 2871 legimus.
953 2802 1138 2872 Neque
1173 2807 1317 2859 enim
1346 2809 1670 2877 simpliciter
1710 2813 1862 2880 pueri
1895 2811 2066 2867 fuisse

480 2892 762 2958 dicuntur,
795 2896 889 2949 sed
925 2896 1159 2951 infantes
1185 2906 1239 2952 et
1289 2899 1552 2956 lactentes
1580 2919 1593 2954 :
1627 2903 1772 2972 quod
1831 2906 2064 2958 maxima

2185 1792 2385 1862 ρούσης
2437 1793 2607 1861 αὐτὴν
2657 1793 2754 1862 τῆς
2790 1796 2912 1862 γῆς.
2960 1793 3025 1845 ’0
3082 1793 3177 1846 καὶ
3231 1792 3519 1863 προφήτης
3571 1790 3756 1860 ἔτερος

2181 1885 2386 1952 ἔλεγενο
2428 1886 2766 1954 Ἐκὰλινψεν
2803 1887 3100 1954 οὐρανοὺς
3137 1887 3175 1953 ἡ
3205 1884 3385 1953 ἁρετὴ
3431 1883 3621 1938 αὑτοῦ
3659 1881 3753 1935 καί

2177 1977 2288 2046 τῆς
2323 1979 2612 2044 αἰνέσεως
2639 1977 2827 2033 αὐτοῦ
2856 1979 3097 2046 πλήρης
3125 1979 3162 2046 ἠ
3192 1976 3293 2047 τῆ.

2260 2159 2354 2212 Ἐκ
2384 2160 2684 2226 στόματος
2707 2157 2942 2226 νηπίων
2978 2156 3077 2210 καὶ
3101 2155 3482 2224 θηλαζόντων
3534 2171 3754 2222 κατηρ-

2175 2251 2322 2304 τίσω
2370 2247 2568 2306 αἶνον.
2607 2250 2972 2320 Ὑμνολογίαν
3008 2252 3417 2320 προαναφωνεί.
3489 2249 3584 2303 Ἐκ
3622 2249 3752 2302 πολ-

2174 2343 2284 2396 λῶν
2308 2343 2365 2397 δὲ
2401 2343 2697 2412 θαυμάτων
2735 2345 2831 2397 καὶ
2877 2343 3121 2411 σημείων
3151 2337 3226 2398 ὧν
3257 2342 3517 2411 ἐποίησεν
3540 2343 3569 2396 ὁ
3615 2343 3750 2409 Χρι-

2174 2441 2316 2501 στὸς,
2371 2438 2584 2490 τέθεικε
2659 2435 2818 2505 μόνον
2869 2438 2930 2488 τὸ
2990 2435 3178 2506 θαῦμα
3237 2436 3346 2489 τῶν
3395 2435 3634 2500 παίδων,
3670 2434 3745 2498 ὡς

2172 2529 2717 2604 ἑκπληκτικώτερον.
2753 2530 2864 2599 Πρὸ
2893 2529 3086 2582 τούτου
3143 2529 3242 2599 μὲν
3285 2530 3394 2598 γὰρ
3420 2530 3512 2582 καὶ
3547 2527 3747 2600 νεκρὸς

2169 2627 2402 2698 ἠγέρθη,
2433 2625 2526 2678 καὶ
2563 2625 2763 2695 λεπρὸς
2796 2622 3100 2694 ἐκαθάρθη,
3130 2623 3226 2675 καὶ
3254 2620 3466 2691 δαίμων
3494 2619 3708 2690 quasi;
3728 2635 3743 2650 ο

2170 2719 2327 2789 χορὸς
2357 2718 2414 2771 δὲ
2449 2717 2654 2770 παίδων
2705 2714 3049 2787 ὑπομαζίων,
3114 2714 3236 2769 τότε
3265 2713 3481 2784 πρῶτον
3524 2711 3744 2784 τρανῶς

2169 2808 2491 2879 ἐφθέγξατο.
2555 2807 2695 2861 Οὐδὲ
2750 2807 2862 2877 γὰρ
2922 2804 3112 2869 ἁπλῶς
3159 2801 3302 2873 ἦσαν
3363 2805 3570 2869 παῖδες,
3615 2801 3749 2858 ἀλλὰ

2168 2901 2494 2969 θηλάζοντες
2514 2916 2527 2930 ⁸
2559 2900 2592 2951 ὃ
2619 2901 2715 2953 καὶ
2743 2896 3221 2968 παραδοξὼτατον.
3254 2894 3625 2963 Κατηρτήσω
3669 2891 3745 2956 δὲ,

480 2987 846 3043 admiratione
886 2990 1111 3058 dignum
1165 3003 1269 3046 est.
1312 2992 1590 3064 Perfecisti
1642 3005 1846 3059 autem,
1900 2999 2057 3052 idest

2166 2995 2300 3048 αὐτὸ
2353 2994 2515 3048 τοῦτο
2565 2993 2773 3047 τέλειον
2829 2991 3108 3062 είργάσω,
3163 2989 3225 3054 ἐξ
3270 2988 3506 3057 ἀγγέλου
3537 2986 3747 3059 στόμαο

480 3079 782 3147 perfectam
828 3082 1006 3137 fecisti
1042 3083 1257 3138 laudem
1309 3085 1454 3139 illam
1488 3102 1552 3142 ex
1577 3088 1751 3158 angeli
1789 3104 1884 3144 ore
1908 3091 2058 3161 [cum

478 3171 682 3239 alioqui
715 3172 929 3225 illorum
962 3174 1144 3242 lingua
1173 3174 1354 3229 adhuc
1395 3188 1546 3232 esset
1580 3177 1950 3251 imperfecta].

550 3260 777 3333 Propter
807 3267 1050 3320 inimicos
1114 3276 1257 3332 tuos,
1297 3278 1351 3321 ut
1404 3272 1652 3325 destruns
1707 3273 1982 3326 inimicum
2009 3285 2058 3328 et

477 3358 725 3410 ultorem.
757 3356 1028 3413 Edisserit
1051 3361 1216 3414 etiam
1247 3376 1471 3417 causam
1503 3365 1779 3420 miraculi.
1832 3365 2056 3421 Factum

475 3460 579 3512 est,
611 3450 810 3520 inquit,
841 3452 892 3506 id
920 3462 1143 3522 propter
1172 3455 1433 3510 scelestos
1484 3457 1737 3513 inimicos
1795 3469 1919 3514 tuos
1955 3459 2056 3514 Ju-

473 3543 643 3598 dzeos.
681 3543 739 3596 in
792 3544 917 3598 aliis
947 3546 1092 3598 enim
1126 3546 1408 3600 miraculis
1441 3547 1708 3617 suSpicati
1759 3558 1890 3603 sunt
1941 3550 2057 3605 for-

474 3636 639 3690 tassis
675 3633 849 3690 Judaei
915 3637 1060 3706 quod
1121 3637 1404 3707 deciperet
1453 3638 1710 3696 Christus
1740 3652 1794 3696 et
1843 3642 2057 3700 falleret

473 3744 664 3783 eorum
692 3729 922 3793 oculos;
956 3730 1011 3782 in
1068 3729 1360 3786 infantium
1407 3747 1536 3786 vero
1572 3734 1904 3799 laudatione,
1962 3735 2055 3805 qui

472 3825 614 3891 apud
646 3837 744 3876 eos
779 3823 1166 3886 versabantur,
1224 3823 1336 3877 imo
1390 3825 1482 3893 qui
1517 3841 1709 3880 eorum
1748 3837 1910 3881 erant
1933 3828 2054 3896 (iiii,

471 3920 651 3972 omnis
682 3918 869 3970 aherat
907 3918 1174 3986 suspicio.
1209 3915 1332 3970 llaac
1380 3926 1564 3971 autem
1619 3919 1692 3973 ita
1737 3918 2052 3992 dispensata

472 4019 599 4064 sunt
636 4027 665 4064 a
700 4010 810 4065 Deo
860 4013 926 4063 ad
962 4011 1416 4073 destructionem,
1469 4010 1573 4066 hoc
1616 4019 1702 4065 est
1745 4013 1815 4067 ad
1849 4012 2050 4068 coniu-

471 4107 679 4158 sionem
702 4101 914 4156 Jndaici
947 4103 1155 4172 populi,
1190 4104 1282 4172 qui
1316 4103 1576 4158 inimicus
1611 4105 1776 4159 simul
1810 4114 1864 4160 et
1903 4108 2052 4164 ultor

474 4199 562 4251 Dei
593 4205 709 4250 erat
745 4215 758 4250 :
796 4196 1077 4260 inimicus,
1115 4197 1244 4267 quia
1272 4197 1392 4265 ejus
1437 4195 1575 4251 Filio
1613 4197 2048 4268 adversabatur;

469 4299 521 4342 et
549 4290 717 4352 ultor,
759 4289 905 4341 velut
955 4289 1003 4340 is
1041 4291 1136 4359 qni
1163 4304 1261 4358 pro
1305 4289 1414 4343 Deo
1446 4306 1504 4344 se
1541 4291 1592 4346 id
1638 4291 1818 4347 facere
1855 4295 2049 4350 existi-

2160 3106 2272 3152 τος.

2233 3272 2458 3325 ’Ἕνεκα
2489 3269 2608 3324 τῶν
2654 3268 2890 3338 ἐχθρῶν
2924 3258 3044 3322 ἁου
3095 3264 3202 3320 τοῦ
3254 3262 3596 3319 καταλῦσαι
3648 3263 3751 3332 ἐκ·

2158 3364 2321 3433 θρὸν,
2348 3365 2447 3419 καὶ
2502 3362 2855 3430 ἐκδικητὴν.
2917 3362 3202 3429 Διηγείται,
3230 3359 3326 3412 καὶ
3351 3357 3452 3426 τὴν
3479 3353 3573 3410 τοῦ
3612 3354 3748 3406 θαύ-

2161 3476 2331 3530 ματος
2384 3459 2600 3523 αίτίαν,
2653 3459 2737 3511 ὅτι
2787 3457 2878 3510 διὰ
2936 3457 3063 3518 τοὺς
3115 3452 3387 3524 πονηροὺς
3451 3449 3748 3512 Ἰουδαίους

2155 3553 2282 3616 τοὺς
2316 3551 2547 3622 ἐχθρούς
2579 3568 2673 3603 σου
2704 3550 2960 3618 γέγονεν’
2992 3547 3086 3600 ἐπὶ
3114 3547 3214 3616 μὲν
3253 3545 3364 3615 γὰρ
3394 3546 3513 3607 ταῖς
3542 3542 3738 3605 ἄλλαις

2157 3645 2461 3710 δοξοποιίας
2494 3641 2839 3705 ὑπώπτευον,
2873 3641 2950 3704 ὡς
2979 3639 3230 3709 ἐξαπατᾷ
3263 3637 3391 3702 τοὺς
3427 3635 3747 3706 ὀφθαλμοὺς

2156 3737 2337 3792 αὐτῶν
2392 3736 2524 3798 ἴσως
2550 3752 2566 3767 ο
2600 3734 2695 3787 ἐπὶ
2736 3734 2794 3787 δὲ
2823 3731 2903 3802 τῷ
2953 3731 3110 3802 ὕμνῳ
3133 3730 3242 3783 τῶν
3287 3727 3522 3798 νηπίων,
3553 3725 3591 3781 ἃ
3616 3725 3746 3797 παρ’

2157 3829 2339 3884 αὐτῶν
2388 3824 2531 3900 ἦσαν
2597 3827 2820 3894 ἔκγονα,
2868 3825 2962 3879 καὶ
2996 3823 3126 3895 παρ’
3176 3824 3361 3886 αὐτοῖς
3417 3822 3737 3893 ἐτρέφοντο,

2158 3925 2340 3993 πάσης
2394 3920 2708 3989 ἀντιλογίας
2775 3917 3239 3988 ἀπεκλείσθησαν.
3300 3916 3642 3988 ᾮκονομήθη
3684 3915 3743 3969 δὲ

2155 4017 2334 4081 τοῦτο,
2365 4015 2502 4085 πρὸς
2532 4013 2595 4066 τὸ
2626 4010 3030 4082 καταλυθῆναι,
3058 4012 3340 4063 τουτέστιν
3371 4007 3740 4079 αἰσχυνθῆναι

2153 4111 2244 4165 τὸν
2280 4108 2571 4163 Ἰουδαϊκὸν
2621 4107 2814 4177 δῆμον,
2849 4105 2940 4159 τὸν
2973 4104 3169 4174 ἐχθρὸν
3210 4102 3352 4173 ἅμα,
3387 4103 3481 4156 καὶ
3514 4101 3742 4171 ἐκδικη-

2153 4201 2252 4270 τὴν
2296 4198 2392 4252 τοῦ
2442 4196 2601 4264 Θεοῦ,
2653 4196 2848 4267 ἐχθρὸς
2883 4195 2984 4266 μὲν
3014 4195 3126 4266 γάρ
3156 4197 3327 4259 ἐστιν,
3371 4193 3447 4257 ὡς
3479 4191 3743 4263 πολεμῶν

2151 4291 2229 4362 τῷ
2261 4290 2403 4362 Υίῷ’
2439 4289 2730 4361 ὲκδικητὴς
2759 4288 2860 4358 ιδὲ,
2901 4285 2976 4350 ὡς
3006 4287 3147 4357 ὑπὲρ
3185 4285 3280 4339 τοῦ
3340 4284 3552 4356 Πατρδς
3578 4284 3742 4339 τοῦτο

469 4381 675 4433 mahat.
745 4380 1046 4434 Possumus
1099 4380 1264 4434 etiam
1322 4381 1622 4438 dmmonem
1661 4383 1946 4440 inimicum
1993 4394 2046 4442 ct

2163 4386 2330 4437 ποιεῖν
2366 4381 2560 4436 δοκῶν.
2591 4381 2819 4450 Οίητέον
2864 4380 2921 4434 δὲ
2968 4379 3062 4434 καὶ
3110 4379 3204 4432 τὸν
3233 4379 3483 4432 διάὸολον
3542 4377 3740 4449 ἐχθρὸν

468 4471 702 4525 ultorem
745 4471 836 4524 Dei
898 4470 1084 4526 dicere
1117 4489 1130 4526 :
1165 4472 1471 4536 inimicum,
1509 4474 1636 4543 quia
1677 4475 1798 4544 ejus
1824 4476 2052 4530 manda-

467 4563 538 4614 tis
565 4561 911 4625 adversatur,
937 4570 990 4615 et
1022 4562 1150 4630 quia
1183 4577 1403 4631 semper
1431 4562 1689 4620 infensus
1738 4573 1823 4620 est
1857 4567 2049 4622 amicis

468 4652 598 4714 Dei;
627 4651 858 4705 ultorem
884 4667 1016 4706 vero
1043 4654 1172 4721 quia
1203 4653 1270 4706 iis
1304 4654 1446 4722 quia
1489 4654 1599 4709 Deo
1626 4657 1856 4726 projecti
1893 4669 2044 4721 sunt,

467 4743 844 4810 improperare
868 4742 1030 4804 solet,
1054 4741 1196 4810 quod
1217 4751 1628 4813 contemptores
1673 4744 1768 4800 Dei
1802 4747 2006 4802 fuerint
2031 4763 2046 4799 :

463 4844 628 4900 atque
661 4833 781 4887 ideo
816 4834 880 4887 ad
917 4848 1134 4903 paruam
1158 4849 1261 4903 eos
1285 4836 1477 4898 trahit,
1503 4837 1648 4906 quod
1677 4837 1861 4893 divina
1883 4853 2042 4893 man-

462 4929 586 4978 data
619 4927 952 4996 transgressi
988 4939 1139 4982 sunt.
1169 4926 1240 4980 Ex
1280 4942 1343 4982 ea
1381 4931 1582 5000 quippe
1604 4929 1894 4984 infantium
1925 4932 2043 4985 lau-

460 5018 703 5082 datione,
765 5019 881 5085 ipse
913 5018 1077 5072 etiam
1133 5019 1345 5074 dzetnon
1381 5021 1646 5076 confundi
1679 5021 1831 5077 visus
1871 5032 2042 5078 estet

459 5112 690 5164 destrui.
747 5111 950 5165 Futura
997 5120 1178 5165 autem
1218 5112 1488 5182 Propheta
1542 5124 1730 5168 narrat
1777 5123 1838 5168 ut
1873 5114 2038 5179 facta,

459 5203 627 5254 veluti
679 5202 769 5271 qui
829 5203 1166 5270 propheticis
1224 5205 1399 5258 oculis
1455 5220 1517 5258 ea
1556 5204 1810 5273 viderat;
1852 5207 1936 5262 vel
1967 5223 2032 5262 ex

460 5309 693 5363 persona
761 5294 1159 5361 Ecclesiarum,
1219 5307 1277 5350 ut
1328 5298 1588 5358 diximus.
1653 5298 1769 5353 inec
1825 5301 2034 5367 prolata

459 5393 638 5439 sunt:
682 5386 846 5440 veluti
913 5402 1037 5455 qua}
1093 5389 1162 5441 ab
1215 5389 1296 5444 cis
1349 5389 1680 5459 quandoque
1722 5393 1794 5445 ita
1847 5403 2036 5449 essent

457 5477 809 5545 proferenda.

529 5571 693 5626 Vens.
727 5573 778 5625 ι.
807 5572 1070 5637 Quoniam
1109 5572 1288 5627 videbo
1321 5577 1476 5629 cazlos
1535 5592 1691 5645 Opera
1737 5578 2028 5646 digitorum

531 5749 574 5782 ⁸³
610 5749 713 5805 Isa.
749 5768 843 5818 Lit,
902 5750 955 5808 5.
1031 5755 1096 5786 "‘
1139 5753 1342 5810 llabac.
1375 5769 1454 5820 ιιι,
1491 5755 1543 5810 '5.

2152 4477 2248 4531 καί
2288 4475 2587 4544 ἐκδικητὴν
2611 4489 2625 4503 ⁸
2671 4472 2868 4544 ἐχθρὸν
2911 4472 3034 4543 μὲν,
3066 4471 3138 4535 ὡς
3177 4471 3739 4543 ἐναντιούμενονέε-αῖς

2149 4569 2390 4630 ἐντολαῖς
2405 4566 2498 4619 τοῦ
2523 4564 2681 4632 Θεοῦ,
2707 4567 2928 4629 καὶτοῖς
2947 4564 3137 4618 τούτου
3153 4563 3330 4634 φίλοις
3350 4563 3693 4634 πολεμοῦντα
3719 4579 3734 4595 ·

2149 4659 2445 4732 ἐκδικητὴν
2475 4659 2554 4723 δὲ,
2599 4659 2674 4722 ὡς
2720 4661 2862 4729 μετὰ
2891 4658 2953 4713 τὸ
2986 4657 3143 4729 ῥίψαι
3173 4658 3349 4721 τινὰς,
3394 4657 3735 4725 ἐγκαλοῦντα

2149 4755 2360 4818 τούτοις
2394 4755 2494 4825 τὴν
2530 4753 2622 4806 τοῦ
2640 4753 2777 4807 Θεοῦ
2807 4753 3242 4823 καταφρόνησιν,
3273 4752 3369 4806 καὶ
3397 4751 3534 4821 πρὸς
3559 4768 3737 4820 τιμωο

2151 4848 2273 4917 ρίαν
2304 4847 2533 4900 ἕλκοντα
2550 4845 2639 4898 διὰ
2661 4845 2762 4916 τὴν
2791 4845 2899 4899 τῶν
2930 4845 3091 4899 θείων
3116 4843 3349 4897 ἐντολῶν
3384 4843 3698 4913 παράϐασιν
3718 4856 3732 4870 °

2146 4939 2391 5012 ᾐσχύνθη
2416 4939 2523 5010 γὰρ
2547 4939 2667 4991 τότε
2699 4939 2794 4992 καὶ
2815 4929 2993 5004 οὗτος,
3011 4937 3106 4992 καὶ
3122 4936 3417 5006 κατελύθη.
3463 4936 3552 5000 Ὠς
3571 4952 3735 5005 γεγοο

2147 5034 2277 5087 νότα
2328 5033 2384 5087 δὲ
2439 5035 2506 5088 τὰ
2565 5034 2912 5103 γενησομένα
2969 5033 3225 5104 τίθησιν,
3292 5027 3406 5087 οἷον
3463 5030 3731 5103 ἑωρακὼς

2146 5127 2288 5180 αὐτὰ
2326 5128 2440 5189 τοῖς
2483 5128 2843 5197 προφητικῶς
2871 5125 3139 5196 ὄμμασιν.
3172 5126 3248 5180 ’Ἡ
3293 5127 3390 5180 καὶ
3423 5125 3729 5195 προσώπῳ,

2148 5217 2290 5272 καθά
2349 5219 2668 5290 δεδήλωται,
2723 5219 2833 5272 τῶν
2901 5218 3262 5291 Ἐκκλησιῶν,
3302 5219 3379 5283 ὡς
3409 5219 3728 5288 16151576-

2147 5326 2311 5378 μενα.

2213 5584 2334 5637 Ὅτι
2361 5583 2582 5656 ὄψομαι
2609 5584 2750 5652 τοὺς
2805 5587 3122 5655 οὐρανοὺς,
3153 5588 3298 5655 ἔριν-α
3344 5587 3461 5642 τῶν
3504 5589 3724 5643 δακτύ-
