4130 6304
333 347 442 413 133

1491 351 1887 413 COMMENT.
1932 350 2015 410 IN
2060 350 2191 410 PSA
2204 354 2422 417 LMOS.

3502 356 3605 422 131

329 470 461 522 ,λων
510 483 649 522 σου.
711 466 910 539 Πρὼην
966 465 1064 539 μὲν
1109 467 1219 542 γὰρ
1268 466 1339 522 τὰ
1392 468 1547 535 ἔθνη,
1593 466 1687 522 τοῦ
1716 470 1915 536 κόσμου

2032 475 2261 521 tuorum.
2320 468 2459 524 Olim
2512 478 2700 541 gentes
2734 471 2996 527 mundum
3024 488 3051 527 a
3087 474 3243 531 falsis
3277 488 3465 530 eorum
3504 475 3607 529 ἁὶιε

331 559 565 629 ποιητὰς
610 559 736 623 τοὺς
783 559 1173 631 ψευδωνύμους
1226 560 1510 632 ὠνόμαζον
1601 560 1783 624 θεοὺς·
1815 559 1917 629 τῆς

340 651 602 722 ἀληθείας
657 654 713 706 δὲ
761 652 1079 723 λαμψὰσης,
1140 654 1173 725 ἠ
1231 653 1339 707 τῶν
1371 653 1576 706 πιστῶν
1619 653 1918 721 Ἐκκλησία

330 746 535 815 φησιν·
585 744 1024 816 Ἐπιγνώσομαι
1085 746 1219 813 τοὺς
1260 748 1577 815 οὐρανοὺς,
1624 746 1767 814 ἔργα
1801 746 1919 799 τῶν

338 834 474 889 σῶν
503 834 845 892 δακτύλων.
867 838 1174 904 οὐρανοὺς
1197 837 1254 890 δὲ
1279 838 1451 907 λέγει,
1480 839 1571 890 τὸν
1600 838 1658 887 ὲν
1686 839 1827 908 ἀρχῇ
1857 854 1916 889 τε

332 925 652 998 ποιηθέντα,
696 927 790 981 καὶ
815 928 876 980 τὸ
914 930 1232 999 στερέωμα.
1270 930 1339 982 Ἦ
1392 929 1487 983 καὶ
1534 929 1916 999 πληθυντικῶς

330 1016 492 1075 εἶπεν
519 1019 642 1072 ἀντὶ
688 1020 896 1086 ἑνικοῦ,
951 1022 1094 1074 κατὰ
1148 1023 1247 1093 τὴν
1291 1020 1550 1091 Ἐϐραΐδι
1611 1022 1915 1077 διάλεκτον.

330 1111 435 1165 Διὰ
502 1112 686 1179 μέντοι
729 1110 823 1165 τοῦ
857 1111 1113 1184 οὐρανοῦ,
1147 1112 1223 1177 ὡς
1278 1114 1652 1185 ττεριεκτικοῦ,
1690 1115 1785 1168 καὶ
1812 1115 1917 1185 τὴν

332 1204 395 1255 ἐν
430 1202 581 1274 μέσῳ
621 1204 800 1256 κτίσιν
852 1204 1102 1275 ἐνέφηνε.
1134 1205 1369 1274 Λέγουσι
1421 1207 1477 1261 δέ
1511 1224 1657 1271 τινες
1698 1209 1920 1262 Δακτύ-

332 1299 457 1350 λων
492 1298 690 1361 εἰπεῖν,
738 1296 1092 1369 παραστῆσαι
1138 1298 1490 1371 βουλόμενον,
1532 1299 1609 1365 ὡς
1657 1302 1795 1372 ἔργα
1819 1304 1919 1371 τῆς

334 1387 647 1458 πολλοστῆς
684 1405 779 1442 σου
806 1389 1098 1459 δυνάμεως
1141 1391 1504 1462 τυγχάνουσιν
1531 1393 1579 1445 οἱ
1610 1392 1919 1463 τηλικοῦτοι

331 1480 432 1533 καὶ⁵
490 1479 746 1535 τοιοῦτοι.
814 1479 970 1550 Ἐμοὶ
1001 1480 1060 1533 δὲ
1087 1480 1238 1535 δοκεῖ
1286 1482 1581 1552 ἀδιάφορον
1605 1500 1619 1514 ·
1680 1485 1775 1537 καὶ
1811 1486 1920 1555 γὰρ

332 1570 572 1642 ἀλλαχοῦ
613 1590 770 1645 φησι,
820 1575 932 1629 Kal
966 1574 1112 1645 ἔργα
1150 1574 1267 1630 τῶν
1288 1575 1504 1647 χειρῶν
1535 1594 1652 1633 σου
1678 1579 1837 1633 εισὶν
1865 1583 1920 1634 cl

330 1667 603 1734 οὐρανοὶ,
660 1666 940 1736 σελήνην
979 1669 1075 1723 καὶ
1115 1670 1379 1738 ἀστέρας
1427 1670 1465 1724 ἃ
1494 1671 1576 1725 σὺ
1616 1672 1927 1741 ἐθεμελίω-

330 1775 472 1825 σας.
522 1760 765 1829 Οὐρανοῦ
801 1762 1087 1833 μνησθεὶς,
1125 1765 1219 1818 καὶ
1262 1764 1355 1817 τὸν
1397 1764 1491 1817 τοῦ
1527 1766 1761 1836 οὐρανοῦ
1819 1768 1914 1819 κό-

334 1863 474 1919 θέον
506 1852 892 1922 προσέθηκεν,
943 1855 1027 1907 ὅτι
1096 1854 1157 1909 σὲ
1232 1854 1609 1926 ἐπιγνώσομαι
1686 1856 1915 1929 ποιητὴν

330 1947 430 1997 καὶ
481 1945 590 2000 τῶν
629 1946 899 2020 ἀστέρων.
955 1948 1068 2019 Τὴν
1104 1948 1336 2020 σελήνην
1364 1948 1420 2003 δὲ
1451 1949 1641 2016 τάξας,
1682 1951 1742 2002 οὐ
1772 1968 1916 2021 παρ-

326 2035 435 2106 ῆκε
474 2038 565 2091 τὸν
609 2040 795 2110 ἥλιον*
849 2038 988 2095 ἀλλὰ
1038 2039 1110 2094 δι’
1152 2042 1323 2112 αὐτῆς
1361 2040 1596 2114 ὶδήλωσε
1641 2044 1915 2100 κάκεῖνον.

343 2130 564 2202 Ἐπειδὴ
594 2133 703 2203 γὰρ
724 2132 818 2187 ὑπ’
856 2133 1066 2187 ἐκείνου
1087 2134 1227 2205 αὐτὴ
1255 2134 1569 2204 φωτίζεται,
1594 2136 1686 2189 καὶ
1712 2152 1922 2207 συνημ-

331 2226 515 2294 μένως
545 2226 715 2295 ἄμφω
743 2228 809 2297 τῇ
851 2224 1051 2293 γνώσει
1092 2228 1203 2280 τῶν
1236 2227 1539 2298 ἀνθρώπων
1561 2227 1877 2294 σύγκεινται
1903 2243 1919 2259 ο

328 2301 463 2376 δυὰς
488 2319 602 2383 γὰρ
631 2316 739 2369 τῶν
772 2318 1025 2386 μεγάλων
1059 2320 1178 2372 ἐστὶ
1227 2320 1533 2389 φωστήρων
1555 2336 1569 2351 ο
1603 2319 1699 2373 καὶ
1749 2318 1910 2372 θατέ-

328 2424 431 2477 ρου
454 2407 537 2471 τὶς
572 2408 853 2477 μνησθεὶς.
886 2412 981 2463 καὶ
1005 2409 1230 2481 θάτερον
1258 2409 1504 2477 συνάγει.
1558 2409 1823 2479 Ἀλλαχοῦ
1858 2410 1915 2463 δὲ

331 2499 499 2570 μόνον
535 2500 717 2571 τίθησι
740 2502 832 2553 τὸν
865 2501 1043 2571 ἣλιον·
1088 2504 1159 2555 Σὺ
1200 2504 1329 2572 γὰρ,
1382 2502 1537 2571 φησὶ,
1573 2500 1914 2570 κατηρτίσω

326 2591 565 2660 φαῦσιν
592 2592 690 2646 καὶ
726 2592 926 2662 ἥλιον,
954 2594 1028 2656 ὡς
1058 2595 1151 2647 καὶ
1186 2595 1355 2664 ἄμφω
1377 2593 1446 2647 δι’
1479 2593 1729 2659 ἀλλήλων
1756 2611 1912 2647 νοου-

332 2676 537 2755 μένων.
582 2686 649 2742 Ἀ
679 2686 757 2751 δὲ,
784 2687 1037 2742 τουτέστι
1062 2688 1131 2742 τὰ
1159 2688 1358 2757 ἄστρα,
1390 2687 1423 2757 ἢ
1452 2690 1519 2742 τὰ
1553 2688 1708 2759 ἔργα.
1759 2687 1914 2744 Ἐθε-

321 2778 636 2845 μελίωσας
663 2779 743 2840 δὲ,
775 2779 900 2832 ἀντὶ
927 2778 1024 2832 τοῦ
1054 2779 1285 2849 ἔπηξας,
1321 2780 1585 2850 ἤδρασας,
1637 2779 1712 2843 ὡς
1749 2780 1915 2851 μηδέ-

334 2886 468 2923 ποτε
496 2870 605 2924 τῶν
667 2874 1072 2941 ἀφωρισμένων
1124 2874 1305 2928 τόπων
1351 2874 1675 2938 ἐκπίπτειν,
1733 2873 1912 2927 καίτοι

327 2961 780 3033 ἐπικρεμάμενα.

2022 555 2221 611 factum
2290 576 2413 614 esse
2463 561 2873 616 arbitrabamur
2911 564 3047 633 (42);
3107 566 3199 620 sed
3264 566 3355 621 ubi
3410 567 3609 621 claruit

2020 649 2239 711 vetitas,
2260 649 2497 705 Ecclesia
2535 652 2769 707 ﬁdelium
2790 656 2989 709 cecinit
3027 674 3040 710 ε
3068 655 3276 711 Videbo
3302 658 3604 725 cmlos,‘qui

2016 739 2304 809 digitorum
2328 754 2440 797 tum
2458 760 2545 797 um
2568 763 2703 815 opus
2726 760 2873 803 sunt.
2892 748 3287 814 C(elosaulem,
3312 755 3509 807 cmlunt
3535 754 3609 822 ip-

2019 845 2138 884 sum
2165 834 2473 902 appellarit,
2496 840 2639 906 quod
2673 840 2830 893 initio
2852 840 3054 895 factum
3084 853 3187 905 est,
3210 853 3263 895 et
3293 847 3608 898 firIIIamen-

2020 932 2155 977 tIIIn.
2192 921 2286 978 Vel
2327 927 2522 995 plurali
2551 945 2782 983 numero
2814 948 2913 1001 pro
2944 934 3211 1002 singulari
3251 933 3604 991 llebrmorutn

2021 1029 2170 1070 more
2210 1033 2343 1072 usus
2377 1028 2483 1075 cst.
2528 1019 2593 1073 Et
2645 1022 2774 1076 dum
2831 1025 3032 1079 etelum
3082 1026 3216 1081 dicit
3248 1042 3357 1096 quo
3417 1029 3602 1083 omnia

2018 1107 2482 1177 complectuntur,
2520 1121 2750 1169 caeteras
2787 1128 3074 1172 creaturas
3106 1134 3227 1188 quae
3286 1123 3338 1175 in
3392 1123 3601 1177 mundo

2020 1209 2159 1253 sunt
2220 1202 2689 1271 comprehendere
2753 1206 2917 1260 etiam
2958 1209 3195 1263 videtur.
3246 1210 3445 1268 Dicunt
3475 1215 3601 1285 qui-

2020 1291 2145 1343 dant
2226 1292 2351 1347 ideo
2417 1295 2625 1350 dixisse
2678 1295 2853 1365 Opera
2911 1300 3201 1369 digitorum
3264 1314 3496 1373 tuorum,
3548 1315 3606 1360 ut

2021 1393 2169 1439 tanta
2210 1401 2274 1439 ac
2332 1387 2459 1440 talia
2497 1390 2768 1443 elementa
2820 1407 2848 1444 a
2897 1393 3122 1447 minima
3156 1396 3355 1452 divinae
3416 1412 3606 1468 poten-

2022 1477 2108 1533 tiae
2162 1480 2427 1548 particqu
2489 1480 2633 1536 facta
2692 1482 2865 1538 fuisse
2900 1486 3262 1555 significaret.
3311 1489 3423 1560 Ego
3466 1508 3598 1547 vero

2021 1568 2348 1640 Prophetam
2383 1584 2512 1642 puto
2561 1574 2941 1632 indiﬂ’erenter
2987 1594 3147 1633 nsunt
3206 1581 3313 1634 hoc
3347 1582 3602 1652 loquendi

2024 1666 2205 1730 modo,
2234 1681 2359 1720 cum
2408 1668 2536 1722 alibi
2584 1669 2749 1722 etiam
2792 1669 2987 1725 dicat:
3026 1670 3091 1726 Et
3141 1689 3299 1740 opera
3349 1692 3606 1731 manuum

2026 1766 2242 1811 tuarum
2301 1770 2423 1812 sunt
2466 1761 2581 1815 cali
2615 1762 2681 1817 ⁸³.
2720 1793 2790 1802 —
2815 1763 3023 1817 Lunam
3075 1777 3123 1818 et
3158 1767 3364 1829 stellas,
3392 1784 3509 1837 qua!
3549 1779 3607 1823 tu

2021 1849 2288 1918 fundasti.
2328 1852 2465 1906 Cum
2498 1854 2623 1907 coeli
2655 1854 2988 1919 meminerit,
3028 1856 3175 1913 illius
3226 1860 3390 1911 etiam
3451 1858 3605 1913 addit

2018 1958 2339 2003 ornamenta
2376 1964 2389 1999 :
2425 1949 2523 2013 Te,
2562 1948 2761 2018 inquit,
2796 1965 3123 2020 cognoscant
3174 1952 3435 2008 fat-torem
3465 1952 3604 2009 stel-

2020 2040 2220 2093 larum.
2280 2038 2461 2095 Solem
2523 2057 2653 2099 vero
2708 2045 3131 2111 prietermisisse
3194 2061 3304 2100 non
3364 2046 3602 2112 videtur,

2022 2130 2148 2184 dum
2180 2131 2364 2184 lunam
2405 2145 2796 2189 commemorat
2827 2149 2842 2188 :
2879 2135 3127 2204 quinimo
3157 2144 3209 2191 et
3249 2136 3382 2191 solis
3414 2138 3579 2191 Inemi

2025 2222 2173 2277 nisse
2203 2225 2533 2278 credendum
2577 2235 2683 2288 est,
2734 2226 2879 2281 luna:
2908 2229 3170 2281 memoria
3224 2244 3345 2299 qua:
3386 2229 3456 2284 ab
3482 2229 3606 2299 ipso

2019 2316 2132 2370 sole
2176 2316 2520 2371 illuminatnr
2554 2334 2567 2371 :
2600 2334 2724 2373 cum
2778 2328 3014 2389 uterque
3066 2322 3369 2392 cognitioni
3424 2324 3605 2377 homi~

2018 2423 2149 2461 num
2175 2408 2510 2477 coniunctim
2537 2410 2821 2465 inlimreat.
2860 2410 2973 2467 Duo
3004 2413 3206 2482 quippe
3241 2424 3372 2467 sunt
3407 2428 3604 2483 magna

2018 2496 2338 2563 luminaria,
2374 2515 2608 2568 quorum
2640 2504 2732 2571 qui
2778 2501 3008 2556 alterius
3046 2504 3318 2568 meminit,
3367 2505 3599 2560 alterum

2020 2591 2184 2646 simul
2225 2591 2550 2649 introducit.
2619 2591 2773 2649 Unde
2826 2595 2956 2649 alibi
2993 2596 3128 2651 solis
3169 2604 3380 2650 tantmn
3410 2599 3599 2653 memi-

2020 2685 2124 2750 nit,
2176 2686 2400 2754 quando
2432 2686 2508 2740 ait
2543 2704 2552 2738 :
2588 2684 2666 2740 Tu
2714 2685 3011 2757 fabricatus
3046 2705 3101 2742 es
3139 2704 3389 2743 auroram
3424 2700 3474 2743 et
3512 2707 3604 2745 so-

2022 2774 2121 2829 lem
2147 2777 2215 2843 “,
2255 2781 2411 2847 quasi
2469 2794 2563 2848 per
2608 2779 2840 2834 alterum
2901 2788 3198 2851 utrumque
3237 2783 3599 2853 intelligatur.

2021 2869 2284 2941 Sequitur
2318 2891 2329 2925 :
2364 2870 2497 2937 Qum
2546 2884 2601 2925 tu
2632 2872 2880 2941 fundasti
2922 2889 2940 2926 :
2980 2890 3097 2943 qua:
3125 2886 3270 2928 astra
3318 2875 3599 2939 nimirum,

2018 2964 2099 3018 vel
2134 2978 2298 3034 opera
2354 2972 2411 3017 tu
2479 2964 2766 3020 fundasti:
2803 2966 2855 3019 id
2904 2975 3010 3032 est,
3062 2966 3302 3035 tinxisti;
3349 2970 3603 3025 stabiliin

328 3056 407 3108 ita
448 3065 502 3109 ut
537 3056 792 3111 decidere
843 3071 953 3111 non
994 3057 1235 3122 valeant,
1266 3064 1360 3112 aut
1391 3056 1660 3113 dimoveri
1697 3074 1727 3114 e
1764 3059 1908 3124 loco,
1950 3059 2043 3114 ubi
2077 3075 2171 3130 per
2196 3069 2248 3115 te
2280 3060 2549 3116 collocata
2587 3072 2737 3129 sunt,
2766 3064 2986 3119 tametsi
3050 3079 3113 3119 ea
3151 3082 3392 3137 appensa
3461 3086 3601 3141 quo-

326 3149 626 3206 dammodo
649 3166 769 3205 esse
798 3152 1108 3207 videantur.

407 3245 503 3310 Τίς
566 3246 745 3300 ἐστιν
794 3247 1100 3317 ἅνθρωπος
1158 3247 1249 3299 ὅτι
1290 3245 1609 3317 μιμνήσκῃ
1644 3246 1854 3313 αὐτοῦ,
1881 3247 1915 3315 ἣ

2099 3240 2267 3299 Vens.
2304 3241 2359 3297 5.
2413 3243 2555 3310 Quid
2583 3254 2659 3297 est
2686 3244 2840 3301 homo
2869 3248 3011 3316 quod
3041 3264 3240 3301 memor
3269 3265 3321 3304 es
3347 3249 3484 3319 ejus,
3509 3261 3603 3308 aut

326 3337 458 3403 υἱὸς
481 3337 825 3405 ἀνθρώπου,
860 3338 949 3393 ὅτι
997 3335 1333 3405 ἐπισκέπτῃ
1366 3338 1590 3397 cruror:
1624 3338 1728 3390 Καὶ
1760 3336 1917 3391 τοῦτο

325 3429 421 3483 διὰ
455 3433 554 3500 τὴν
581 3430 995 3502 ἑνανθρώπησιν
1038 3432 1283 3501 εἴρηκεν,
1306 3428 1671 3501 προεγνωκὼς
1700 3428 1761 3483 τὸ
1780 3432 1914 3483 ταύ-

328 3537 435 3592 της
468 3524 803 3594 μυστήριον·
858 3523 925 3576 Τί
988 3525 1118 3595 γὰρ,
1169 3525 1326 3592 φησι,
1384 3521 1640 3576 τοσοῦτόν
1685 3526 1833 3577 ἐστιν
1882 3525 1909 3577 ὁ

329 3615 644 3687 ἄνθρωπος,
697 3618 780 3671 ὅτι
811 3617 1245 3686 ἀφηνιάσαντος,
1282 3616 1378 3668 καὶ
1428 3614 1529 3683 τὴν
1571 3615 1671 3688 σὴν
1713 3616 1910 3672 δεσπο-

323 3708 480 3761 τείαν
524 3709 912 3778 ἀγνοήσαντος,
961 3708 1110 3761 ἔλεον
1136 3708 1301 3760 αὑτοῦ
1336 3706 1665 3777 λαμϐάνειςς
1715 3710 1911 3779 Ἑσχη-

329 3802 594 3871 μάτισται
636 3803 667 3855 ὁ
722 3802 877 3870 λόγος
930 3802 997 3855 ἑκ
1060 3802 1377 3873 μεταφορᾶς
1444 3800 1554 3855 τῶν
1613 3802 1909 3856 ἐπιλανθα-

329 3893 589 3962 νομένων
615 3892 787 3957 τινὸς,
838 3888 957 3945 εἶτα
998 3892 1191 3963 μνείαν
1218 3891 1384 3944 αὐτοῦ
1430 3892 1521 3945 διὰ
1567 3894 1912 3962 συμπαθείας

326 3984 463 4039 ποτε
490 3982 911 4054 λαμϐανόντωνο
958 3984 1055 4037 καὶ
1082 3981 1144 4035 οὑ
1198 3982 1357 4036 τοῦτο
1402 3983 1586 4052 μόνον,
1622 3982 1762 4037 ἀλλά
1814 3984 1915 4037 κατ

325 4074 494 4138 αὐτὸς
547 4076 626 4137 εὶς
679 4073 971 4143 ἀντίληψιν
1016 4070 1415 4142 παραγίνεται·
1450 4070 1610 4123 τοῦτο
1640 4070 1748 4139 γὰρ
1788 4070 1910 4123 ἐπί-

327 4165 544 4234 σκεψις.
578 4163 716 4218 Οὔτε
742 4167 851 4235 γὰρ
875 4164 1129 4232 ἄγγελος,
1179 4162 1242 4215 οὐ
1295 4159 1565 4233 πρέσϐυς,
1597 4161 1714 4215 ἀλλ’
1747 4161 1910 4225 αὐτὸς

322 4256 588 4327 ὁΚύριος
632 4256 827 4318 ἐλθὼν,
870 4257 1079 4309 ἔσωσεν
1124 4254 1295 4325 ἡμᾶς.
1334 4253 1401 4307 Τί
1478 4252 1613 4321 γοῦν
1651 4252 1908 4307 τοσοῦτόν

324 4350 481 4410 ἐστιν
507 4348 819 4418 ἅνθρωπος,
851 4348 939 4401 ἶνα
967 4348 1143 4401 ταῦτα
1190 4346 1260 4400 δι’
1292 4346 1459 4399 αὑτὸν
1505 4346 1766 4416 γένηται;
1816 4346 1909 4399 καὶ

326 4443 606 4497 πεσίντων
642 4444 743 4513 μὲν
794 4442 1066 4513 ἀγγέλων,
1106 4443 1263 4496 οὐδὲν
1316 4441 1582 4509 τοιοῦτον,
1614 4444 1906 4515 ἐποίησας’

325 4535 426 4588 τοῦ
453 4535 743 4606 ανθρώπου
772 4535 828 4589 δὲ
858 4535 1137 4600 πεσόντος,
1180 4535 1260 4597 εἰς
1292 4533 1392 4603 τὴν
1420 4535 1698 4606 ἡμετέραν
1743 4531 1908 4608 ἦλθες

325 4628 615 4695 ἐσχατιάν.
659 4625 981 4696 Ἄνθρωπος
1035 4626 1113 4687 δὲ,
1170 4627 1267 4679 καὶ
1298 4624 1436 4688 ,υἱὸς
1491 4623 1806 4697 ἀνθρώπου,
1842 4627 1904 4679 τὸ
1932 4609 1986 4670 D

326 4718 465 4770 αὐτὸ
497 4717 747 4787 δηλοῦσιν
779 4720 843 4772 ἐκ
870 4717 1245 4788 παραλλήλου·
1290 4718 1388 4770 καὶ
1414 4716 1654 4788 συνήθης
1685 4720 1714 4771 ὁ
1744 4718 1915 4784 τύπος

326 4824 492 4871 ουτος
542 4809 692 4879 παρὰ
721 4813 788 4881 τῇ
838 4808 1053 4880 Παλαιᾷ
1078 4825 1090 4837 ·
1122 4808 1269 4862 δοκεῖ
1315 4810 1426 4878 γὰρ
1467 4808 1804 4880 περίφρασις
1855 4810 1917 4865 τὸ

330 4899 450 4962 υῑδς
480 4899 793 4971 ἀνθρώπου,
822 4900 946 4954 ἀντὶ
964 4899 1061 4953 τοῦ
1085 4900 1420 4968 ἅνθρωπος.

429 5169 799 5234 Πλάττωσας
833 5169 1025 5224 αὐτὸν
1068 5169 1273 5239 βραχύ
1322 5187 1376 5224 τι
1406 5168 1549 5239 παρ’
1588 5169 1909 5241 ἀγγέλους.

325 5262 626 5331 Μέμνηται
678 5262 773 5315 καὶ
822 5264 930 5316 τῶν
973 5263 1037 5329 ἐξ
1062 5265 1237 5336 ἀρχῆς
1290 5264 1647 5334 εὐεργεσιῶν,
1687 5265 1797 5317 τῶν
1826 5268 1908 5328 εἰς

322 5354 425 5406 τὸν
453 5352 763 5422 ἄνθρωπον.
784 5354 1052 5418 Πλασθεὶς
1082 5358 1214 5426 γὰρ,
1236 5356 1414 5427 βραχύ
1435 5374 1489 5409 τι
1514 5357 1623 5409 τῶν
1651 5356 1901 5424 ἀγγέλων

325 5445 665 5517 ἠλάττωται,
690 5445 781 5499 διὰ
832 5445 934 5517 τὴν
981 5449 1306 5520 συμπλοκὴν
1350 5449 1449 5503 τοῦ
1496 5447 1775 5519 σώματος,
1809 5448 1905 5501 καὶ

404 5586 452 5618 ⁸³
489 5584 632 5640 Psal.
664 5600 737 5651 Cl,
775 5585 865 5639 ‘26.
910 5584 958 5617 ⁸⁸
992 5585 1134 5640 Psal.
1167 5600 1359 5652 LXXIII,
1393 5584 1482 5639 16.

2024 3335 2169 3402 ﬁlius
2227 3334 2456 3388 hominis
2511 3335 2762 3403 quoniam
2822 3338 3007 3390 visita:
3065 3339 3226 3392 eum?
3276 3336 3399 3394 Htec
3429 3344 3597 3397 etiam

2025 3436 2249 3497 propter
2307 3426 2744 3481 Incarnationem
2802 3428 2949 3482 dicta
3006 3437 3157 3485 sunt.
3232 3429 3597 3489 Ρισιιιοδσειιε

2019 3518 2165 3572 enim
2228 3516 2499 3587 Propheta
2560 3518 2707 3573 illius
2765 3521 3085 3589 mysterium
3129 3522 3339 3590 :Qnid,
3398 3525 3598 3597 inquit,

2020 3610 2156 3665 tanti
2193 3618 2278 3666 est
2327 3610 2511 3674 homo,
2547 3621 2605 3664 ut
2654 3627 2777 3666 cum
2816 3614 3035 3668 rebellis
3071 3630 3098 3669 a
3136 3624 3190 3670 te
3219 3615 3399 3673 factus
3421 3620 3516 3683 sit,
3542 3629 3601 3674 et

2019 3705 2305 3773 imperium
2335 3713 2489 3757 tuum
2528 3704 2937 3773 detrectaverit,
2972 3718 3027 3760 tu
3086 3715 3269 3763 tamen
3299 3710 3447 3766 illius
3496 3713 3599 3765 mi-

2019 3796 2298 3851 serearis?
2324 3794 2415 3849 Est
2444 3805 2626 3850 autem
2649 3797 2736 3850 hic
2766 3812 2948 3851 sermo
2973 3800 3405 3869 ntetaphoricus,
3430 3811 3596 3873 atque

2019 3888 2088 3943 ab
2115 3904 2305 3943 eorum
2350 3904 2585 3958 persona
2626 3892 2948 3955 translatus,
3006 3894 3098 3961 qui
3157 3902 3309 3947 certo
3352 3905 3596 3964 tempore

2017 3981 2327 4052 cuiuspiam
2359 3981 2514 4035 obliti
2545 3990 2697 4047 sunt,
2729 3993 2784 4035 et
2802 3982 2998 4038 deinde
3019 3986 3406 4055 eompassione
3435 3988 3594 4052 moti,

2016 4077 2140 4145 ejus
2176 4076 2611 4130 reminiscuntur
2652 4092 2663 4127 :
2716 4090 2817 4130 nec
2860 4086 3074 4130 tantum
3138 4079 3594 4146 reminiscuntur,

2018 4169 2111 4223 sed
2165 4169 2219 4221 in
2279 4167 2427 4222 illius
2459 4168 2721 4221 auxilium
2764 4174 2819 4222 et
2853 4166 3230 4225 defensionem
3277 4173 3441 4225 etiam
3480 4188 3596 4227 mo-

2015 4269 2231 4315 ventur.
2274 4259 2337 4314 Et
2364 4261 2477 4314 hzec
2493 4270 2578 4316 est
2599 4260 2835 4315 visitatio
2853 4276 3016 4329 quam
3046 4262 3199 4317 dicit.
3224 4260 3414 4333 Neque
3445 4267 3592 4319 enim

2014 4355 2246 4423 angelus
2270 4354 2491 4422 aliquis,
2527 4364 2625 4406 aut
2655 4354 2893 4423 legatus,
2924 4353 3021 4408 sed
3050 4354 3281 4423 ipsemet
3328 4355 3595 4411 Dominus

2016 4462 2111 4517 per
2141 4462 2201 4501 se
2230 4448 2456 4501 veniens
2511 4445 2743 4500 salvavit
2772 4460 2873 4500 nos
2912 4443 2976 4499 ⁸⁸.
3040 4445 3180 4511 Quid
3231 4447 3398 4517 igitur
3435 4452 3581 4504 tanti

2015 4546 2098 4591 est
2126 4538 2311 4601 homo,
2340 4546 2398 4589 ut
2426 4542 2647 4607 propter
2682 4537 2834 4591 illum
2879 4537 2994 4592 haec
3049 4538 3163 4592 fieri
3206 4540 3482 4595 debeant?
3522 4541 3590 4597 Et

2016 4644 2139 4683 cum
2171 4629 2352 4698 angeli
2389 4630 2614 4699 quidem
2648 4624 3005 4692 cecidissent,
3031 4639 3091 4685 tu
3128 4632 3262 4686 nihil
3314 4633 3592 4702 ejusmodi

2017 4720 2220 4785 fecisti,
2247 4723 2301 4775 in
2352 4722 2592 4778 hominis
2622 4733 2804 4780 autem
2836 4725 2994 4778 ruina
3026 4736 3080 4780 et
3122 4742 3280 4792 casu,
3307 4730 3373 4781 ad
3409 4742 3593 4784 exere-

2016 4828 2159 4866 mant
2192 4813 2333 4869 hanc
2365 4814 2727 4883 dejectionem
2783 4818 3139 4875 descendisti.
3194 4819 3369 4875 llomo
3406 4832 3591 4880 autem

2012 4912 2066 4957 et
2099 4906 2244 4962 filius
2290 4908 2531 4963 hominis
2563 4908 2705 4965 idem
2738 4927 2893 4981 atque
2950 4912 3267 4983 signiﬁcant
3296 4932 3309 4968 :
3343 4917 3589 4971 circum-

2012 4996 2159 5066 loqui
2196 5006 2377 5055 tamen
2403 5017 2547 5071 saepe
2572 5003 2653 5057 sic
2681 5004 2819 5059 solet
2843 5004 3144 5076 Scriptura,
3174 5018 3231 5061 ut
3254 5023 3354 5078 pro
3378 5010 3597 5068 homine

2012 5086 2180 5141 filium
2209 5092 2445 5147 hominis
2472 5093 2637 5147 dicat.

2084 5174 2244 5232 Vens.
2272 5180 2329 5236 6.
2366 5179 2610 5236 Hinuisti
2637 5199 2755 5238 eum
2786 5186 3047 5240 modicum
3080 5187 3207 5257 quid
3259 5188 3324 5242 ab
3357 5193 3581 5259 angelis.

2008 5267 2376 5339 Antiquorum
2436 5274 2832 5332 beneficiorum
2879 5281 3127 5333 meminit
3156 5297 3279 5351 quae
3327 5284 3379 5336 in
3413 5285 3594 5339 homi-

2010 5374 2132 5413 nem
2167 5364 2366 5418 eollata
2414 5375 2562 5420 aunt.
2594 5364 2825 5422 Creatns
2879 5371 3025 5425 enim
3085 5372 3249 5426 homo
3304 5375 3585 5427 modicum

2016 5453 2147 5521 quid
2181 5457 2247 5511 ab
2278 5459 2487 5529 angelis
2537 5460 2842 5519 minoratus
2876 5473 2979 5531 est,
3014 5477 3237 5535 propter
3291 5468 3593 5537 complica—

1569 5584 1613 5616 ⁸⁸
1645 5584 1747 5638 lsa.
1777 5599 1929 5647 LXIII,
1958 5583 2012 5638 9.

1644 5674 1839 5736 Variae
1884 5673 2213 5736 lectiones.

429 5780 520 5852 42)
552 5780 737 5839 Grmce
770 5779 1076 5852 ὠνόμαζον,
1131 5780 1496 5846 nominabant,
1532 5778 1656 5833 caeli
1695 5774 1903 5832 scilicet
1950 5778 2207 5843 factores,
2244 5793 2341 5847 pro
2370 5794 2479 5849 quo
2512 5778 2737 5836 Latinus
2776 5779 3042 5852 interpres
3103 5782 3303 5851 legisse
3373 5783 3590 5841 videtur

322 5850 600 5913 ἐνόμιζον.
