4130 6304
645 316 748 380 135

1841 309 2231 372 EUTHYMII
2281 301 2650 366 ZIGABENI
3795 298 3877 364 136

623 429 830 483 tionem
864 427 1139 499 corporis,
1166 431 1224 482 et
1267 425 1373 482 alia
1405 439 1526 497 quae
1557 424 1623 482 ad
1656 439 1860 498 corpus
1913 429 2206 498 pertinent.

2325 423 2396 475 τὰ
2430 422 2494 474 ἐκ
2523 418 2620 474 τοῦ
2649 419 2903 488 σώματος
2930 433 2944 448 '
3001 419 3094 474 καὶ
3115 417 3274 473 τοῦτο
3299 418 3376 484 δὲ,
3409 417 3540 473 κατ’
3569 418 3882 489 οἰκονομίαν,

623 523 803 591 Atque
851 523 955 577 hoc
1007 535 1141 576 sane
1201 535 1397 590 magna
1457 533 1581 575 cum
1641 521 2105 590 dispensatione:
2151 527 2212 574 ut

623 615 845 681 qumies
899 621 1126 682 propter
1187 611 1526 665 intellectum
1585 611 1986 674 extolleretur,
2046 610 2208 664 toties

626 707 1038 776 deprimeretur
1069 713 1236 775 atque
1262 703 1652 757 humiliaretur
1699 713 1925 774 propter
1975 711 2207 758 terram.

622 799 757 852 Nam
785 801 829 854 si
863 800 919 854 in
953 798 1245 868 praesentia
1285 810 1409 850 cum
1443 810 1677 865 corpore
1719 808 2034 866 gravantur,
2071 791 2206 848 adeo

2323 515 2433 579 ἴνα,
2466 513 2598 565 ὅταν
2637 510 2940 582 ἐπαίρηται
2969 511 3059 566 διὰ
3100 510 3191 565 τὸν
3234 510 3383 575 νοῦν,
3409 509 3778 576 συστέλληται
3812 507 3885 562 διὰ

2322 607 2411 660 τὸν
2444 605 2588 676 χοῦν.
2651 603 2716 657 Et
2771 604 2882 677 γὰρ
2922 605 3017 658 καὶ
3040 604 3296 676 σῴματος
3327 605 3680 676 βριθόμενος,
3711 600 3887 666 ἀλαζο-

2320 702 2539 756 νεύεται
2587 700 2883 768 τοσοῦτον,
2945 698 3031 764 τίς
3079 699 3148 754 ἂν
3183 694 3253 771 ἦν
3317 698 3745 768 πολιτευόμενος
3789 695 3890 762 δίχα

2317 794 2574 864 σώματος
2597 810 2612 861 ;

622 893 944 948 extollimur
991 898 1046 945 et
1097 889 1422 962 gloriamur,
1484 887 1619 960 quid
1665 888 2098 945 existimandum
2139 896 2226 941 est
2266 883 2511 943 facturus
2539 886 2732 952 fuisse,
2756 887 2803 942 si
2843 885 3051 956 absque
3089 899 3323 957 corpore
3383 885 3550 942 nobis
3619 881 3892 940 vivendum

622 984 809 1040 esset?

696 1079 882 1134 Gloria
905 1087 955 1133 et
987 1079 1181 1133 honore
1208 1079 1478 1132 coronasti
1530 1093 1672 1131 eum.
1733 1075 1942 1142 Gioria,
1979 1077 2108 1147 quia
2142 1075 2207 1130 ad

626 1177 924 1242 imaginem
958 1183 1011 1225 ct.
1031 1172 1451 1226 similitudinem
1482 1170 1576 1225 Dei
1609 1170 1792 1225 factus
1812 1178 1896 1225 est
1928 1186 1942 1222 :
1980 1170 2211 1233 ianitore,

624 1270 752 1338 quia
777 1267 961 1320 omnia
992 1267 1042 1319 ei
1072 1264 1321 1333 subjecta
1356 1273 1487 1318 sunt
1537 1263 1857 1318 animantia.

703 1358 870 1413 Vens.
895 1357 949 1410 Ἰ.
1000 1355 1064 1410 Ει
1093 1355 1420 1409 constituisti
1444 1372 1562 1410 eum
1594 1372 1755 1425 super
1785 1370 1942 1425 opera
1964 1369 2218 1409 manuum

629 1463 865 1508 tuarum.
904 1450 1128 1521 Elegisti
1163 1465 1283 1505 eum
1329 1448 1383 1503 in
1435 1465 1614 1520 regem
1675 1450 1842 1504 totius
1887 1458 2152 1504 creatura:
2195 1465 2212 1502 :

628 1546 859 1602 Crescite
891 1546 1059 1609 enim,
1119 1543 1321 1613 inquit,
1349 1550 1399 1595 et
1437 1541 1893 1610 multiplicamini,
1927 1551 1974 1596 et
2021 1539 2213 1611 replete

611 1625 849 1699 Iterram.
875 1649 924 1693 et
960 1637 1313 1693 dominamini
1348 1638 1396 1691 ei
1426 1636 1495 1693 ⁸³.

2384 1074 2544 1142 Δόξῃ
2577 1072 2676 1127 καὶ
2706 1072 2850 1143 τιμῇ
2874 1069 3311 1141 ἐστεφάνωσας
3361 1071 3574 1126 αὐτόν.
3614 1067 3756 1139 Δόξα
3788 1066 3894 1137 μὲν.

2309 1168 2398 1222 διὰ
2431 1168 2493 1221 τὸ
2535 1167 2658 1221 κατ’
2693 1167 2880 1220 εἰκόνα
2927 1166 3064 1219 Θεοῦ
3098 1164 3393 1234 γενέσθαιο
3422 1166 3559 1234 τιμῇ
3587 1163 3672 1227 δὲ,
3707 1162 3794 1215 διὰ
3812 1163 3896 1231 τὴν

2313 1262 2452 1330 πρὸς
2479 1263 2645 1317 αὑτὸν
2677 1259 2958 1331 ὑποταγὴν
2982 1259 3090 1312 τῶν
3130 1258 3288 1322 ζώων
3329 1259 3620 1312 ἁπάντων.

2387 1351 2780 1420 Κατέστησας
2847 1351 3037 1405 αὐτὸν
3075 1349 3176 1402 ἐπὶ
3215 1347 3282 1402 τὰ
3317 1346 3461 1416 ἔργα
3509 1344 3642 1401 τῶν
3703 1348 3899 1417 χειρῶν

2321 1461 2464 1504 σου.
2508 1445 2954 1517 Ἐχειροτόνησας
2981 1442 3144 1497 αὐτὸν
3175 1441 3402 1512 βασιλέα
3424 1458 3523 1510 της
3557 1441 3817 1506 κτίσεως,
3845 1442 3901 1512 ἢν
4026 1469 4027 1522 γ

2320 1539 2622 1611 ἐποίησας·
2666 1535 2971 1602 Αὺξάνετε
3027 1536 3159 1605 γὰρ,
3203 1533 3301 1588 καὶ
3362 1535 3783 1601 πληθύνεσθε,
3817 1534 3900 1587 καὶ

2320 1628 2680 1698 πληρώσατε
2730 1627 2847 1698 τὴν
2890 1628 3028 1698 γῆν,
3083 1627 3180 1681 καὶ
3236 1625 3765 1692 κατακυριεύσατε
3807 1625 3901 1678 οὐ·

2317 1723 2450 1793 τῆς.

701 1813 867 1869 Vsus.
914 1815 971 1869 8.
1032 1815 1228 1868 Omnia
1314 1813 1587 1882 subjecisti
1657 1813 1752 1868 sub
1802 1813 2020 1882 pedibus
2068 1813 2206 1882 ejus,

2386 1815 2592 1872 Πάντα
2618 1813 2930 1881 ὑπέταξας
2977 1810 3257 1868 ὑποκάτω
3307 1809 3427 1864 τῶν
3447 1809 3664 1865 ποδῶν
3695 1807 3900 1870 αὐτοῦ,

626 1925 740 1963 oves
774 1919 820 1962 et
853 1908 1003 1962 boves
1044 1912 1337 1973 universas,
1389 1909 1607 1972 insuper
1669 1917 1718 1961 et
1744 1923 1936 1976 pecora
1991 1907 2212 1976 campi:

627 2004 862 2057 uolucres
917 2002 1078 2065 coeli.
1144 2011 1193 2056 et
1255 2002 1423 2070 pisces
1493 2001 1679 2066 maris,
1741 2018 1861 2071 qua:
1927 2001 2214 2069 perambu-

631 2098 746 2151 lant
780 2096 997 2150 semitas
1030 2095 1219 2149 maris.
1265 2095 1378 2147 Hoc
1407 2093 1570 2148 etiam
1591 2109 1655 2148 es
1694 2093 1894 2150 Genesi
1932 2106 2210 2164 sumptum

625 2197 732 2246 est.
775 2188 1156 2251 Dominamini,
1212 2186 1412 2256 inquit,
1464 2186 1698 2256 piscibus
1754 2185 1940 2251 maris,
1987 2193 2036 2239 et
2066 2185 2213 2239 volu-

632 2282 811 2335 cribus
877 2282 1014 2343 caeli,
1063 2289 1113 2333 et
1172 2281 1416 2334 omnibus
1470 2279 1768 2349 pecoribus,
1812 2288 1862 2332 et
1918 2279 2061 2333 omni
2103 2288 2212 2332 ter-

627 2386 703 2426 ra
751 2372 818 2425 ⁸⁷.
891 2371 1137 2442 Cumque
1223 2371 1493 2442 Propheta
1587 2372 1675 2427 hic
1736 2373 1917 2428 omnia
1992 2373 2213 2436 dixerit,

627 2465 980 2534 postmodum
1021 2464 1333 2534 distinguit.
1373 2464 1436 2517 Et
1480 2464 1660 2533 primo
1700 2464 1923 2535 quidem
1960 2466 2210 2520 mitiores

625 2572 758 2611 oves
794 2560 1212 2612 connumeravit
1245 2574 1257 2610 ι
1295 2572 1389 2627 per
1422 2572 1618 2627 pecora
1655 2567 1835 2612 autem
1870 2561 2052 2629 campi
2077 2575 2215 2630 qna-

625 2649 895 2720 drupedia
962 2649 1149 2704 omnia
1203 2650 1644 2720 comprehendit,
1689 2667 1812 2720 qlia:
1873 2653 1928 2706 in
2003 2654 2211 2722 campis

627 2741 881 2798 habitant
927 2750 1032 2797 :et
1077 2743 1235 2810 juxta
1295 2740 1470 2796 Graeci
1521 2743 1766 2797 nominis
1825 2743 2208 2814 etymologiam

631 2835 891 2888 animalia
940 2836 1124 2888 omnia
1152 2835 1552 2904 intelliguntur,
1579 2849 1697 2906 quae
1729 2850 1897 2904 prona
1926 2837 1979 2890 in
2008 2845 2210 2891 terram

627 2928 934 2997 aspiciunt.
974 2925 1077 2980 Per
1106 2943 1306 2996 pecora
1338 2928 1526 2997 igitur,
1562 2929 1843 2984 terrestria
1875 2929 2056 2982 omnia
2093 2928 2211 2984 ani-

627 3020 789 3074 malia
845 3019 1203 3089 signiﬁcavit,
1265 3037 1360 3075 seu
1398 3021 1692 3086 silvestria,
1741 3029 1792 3074 ct
1839 3023 1970 3075 fera.
2016 3019 2208 3076 Omnia

2317 1908 2606 1979 πρόϐατα,
2639 1906 2738 1960 καὶ
2767 1906 2928 1973 ,βόας
2961 1903 3228 1971 ἁπάσας,
3256 1903 3344 1958 ἔτι
3369 1902 3438 1956 δὲ
3474 1902 3578 1957 καὶ
3613 1903 3690 1957 τὰ
3719 1901 3899 1968 κτήνη

2315 2002 2423 2057 τοῦ
2504 2000 2734 2066 πεδίου,
2819 1998 2893 2053 τὰ
2969 1998 3212 2052 πετεινὰ
3280 1998 3391 2052 τοῦ
3443 1996 3742 2064 οὐρανοῦ,
3811 1995 3899 2048 καὶ

2315 2094 2459 2162 τοὺς
2509 2095 2723 2164 ἰχθύας
2761 2092 2873 2162 τῆς
2907 2092 3252 2160 θαλάσσης,
3305 2091 3375 2147 τὰ
3427 2091 3902 2161 διαπορευόμενο

2314 2190 2557 2256 τρίϐους
2586 2184 2942 2242 θολασσῶν.
2968 2187 3078 2239 Καὶ
3106 2184 3267 2239 τοῦτο
3305 2183 3414 2239 ἀπὺ
3469 2184 3573 2254 τῆς
3603 2186 3900 2253 Μωσαῖκῆς

2314 2281 2592 2344 Γενέσεως
2655 2279 2946 2349 εἴληπται·
3001 2279 3140 2350 φησὶ
3193 2278 3337 2349 γάρ·
3371 2279 3480 2334 Kai
3536 2278 3764 2348 ἄρχετε
3793 2275 3900 2331 τῶν

2317 2373 2543 2444 ὶχθύων
2599 2370 2710 2441 τῆς
2764 2370 3112 2439 θαλάσσης,
3155 2370 3252 2425 καὶ
3295 2369 3415 2425 τῶν
3466 2369 3771 2425 πετεινῶν
3805 2367 3900 2422 τοῦ

2315 2466 2620 2536 οὐρανοῦ,
2677 2465 2778 2520 καὶ
2829 2464 3077 2519 πάντων
3116 2463 3238 2518 τῶν
3266 2461 3527 2532 κτηνῶν,
3571 2465 3675 2520 καὶ
3702 2462 3899 2530 πάσης

2314 2560 2425 2628 τῆς
2456 2558 2591 2630 τῆς.
2633 2558 2819 2613 Εἰπὼν
2853 2558 2910 2612 δὲ
2940 2557 3146 2625 πάντα,
3189 2558 3388 2612 διεῖλεν
3414 2557 3580 2622 αὐτὰ,
3613 2558 3718 2611 καὶ
3756 2555 3898 2627 πρῶ-

2315 2670 2406 2706 τον
2436 2652 2544 2705 ἀπὸ
2583 2650 2691 2706 τῶν
2727 2653 3100 2723 ἡμερωτέρων
3133 2651 3337 2722 ἤρξατο
3363 2650 3686 2721 προϐάτων.
3718 2650 3893 2721 κτήνη

2314 2746 2371 2799 δὲ
2404 2745 2551 2815 λέγει
2580 2745 2674 2799 τοῦ
2695 2746 2907 2810 πεδίου,
2948 2746 3127 2800 πάντα
3175 2744 3242 2798 τὰ
3274 2746 3389 2809 τοῖς
3422 2744 3636 2808 πεδίοις
3685 2741 3896 2812 ὲννεμό-

2318 2854 2455 2910 pavo.
2498 2838 2802 2908 τετράποδα
2829 2856 2844 2870 ο
2880 2839 3076 2908 κτῆνος
3118 2838 3250 2908 γὰρ,
3304 2839 3413 2890 πᾶν
3445 2837 3509 2890 τὸ
3547 2838 3710 2892 κάτω
3754 2833 3895 2888 νεῦον

2313 2931 2670 3002 τετράποδον.
2727 2932 2828 2986 Διὰ
2892 2933 3075 3003 μεντοι
3129 2930 3239 2984 τῶν
3295 2931 3532 3000 κτηνῶν,
3594 2934 3710 2985 πᾶν
3768 2929 3894 2995 ζῶον

2314 3025 2566 3094 χερσαῖον
2617 3024 3021 3095 παρεδήλωσεν,
3067 3023 3178 3077 εἴτε
3231 3024 3464 3096 ἥμερον,
3509 3023 3626 3080 εἴτε
3671 3025 3894 3097 ἄγριον

624 3114 828 3184 quippe
868 3113 920 3166 in
956 3114 1194 3169 hominis
1246 3115 1614 3170 ministerium
1658 3116 1781 3168 data
1813 3124 1938 3170 sunt
1967 3132 1981 3169 :
2010 3117 2206 3184 quibus

2316 3116 2497 3169 πάντα
2530 3117 2640 3188 γὰρ
2671 3119 2751 3180 εἰς
2782 3115 3090 3187 ὑπηρεσίαν
3136 3115 3232 3170 τοῦ
3272 3117 3563 3189 ἀνθρώπου
3602 3118 3892 3188 παρήχθη-

625 3210 884 3262 ommhus
930 3208 1022 3261 ille
1059 3210 1222 3262 etiam
1256 3209 1418 3262 homo
1458 3209 1641 3264 adhuc
1685 3209 2078 3274 dominabitur,
2115 3211 2206 3278 qui

627 3300 916 3368 pristinam
974 3300 1170 3354 anima:
1209 3316 1323 3354 sutc
1358 3300 1655 3356 servaverit
1692 3301 2038 3371 dignitatem.
2074 3302 2208 3357 (Σωιί

624 3408 808 3453 autem
834 3395 1090 3448 volucres
1117 3393 1275 3456 dixit,
1299 3409 1396 3463 pro
1422 3395 1590 3449 aeris.
1632 3393 1846 3449 Caelum
1873 3395 2018 3448 enim
2065 3410 2211 3465 saepe

622 3491 844 3562 ponitur
902 3502 1001 3556 pro
1048 3500 1198 3552 aere,
1259 3486 1353 3555 qui
1411 3487 1536 3541 casti
1587 3485 1764 3542 instar
1807 3487 1973 3556 capiti
2020 3498 2208 3544 nostro

623 3581 1001 3639 circumfusus
1032 3586 1137 3634 est.
1172 3577 1412 3632 Piscium
1458 3579 1647 3644 etiam,
1675 3593 1798 3632 cum
1833 3579 2210 3634 innumerabi—

621 3678 694 3729 lia
726 3675 860 3740 sint,
923 3688 1149 3745 genera,
1210 3688 1321 3727 uno
1368 3686 1622 3726 sermone
1658 3672 1844 3726 omnia
1885 3674 2208 3743 complexus

625 3778 712 3822 est
747 3766 939 3821 dicens
971 3767 1141 3830 :Quae
1169 3763 1544 3835 perambulant
1593 3765 1812 3819 semitas
1845 3766 2034 3821 maris.
2069 3764 2133 3819 Et
2175 3781 2205 3820 a

622 3861 930 3915 masculino
993 3875 1192 3929 genere
1256 3862 1320 3913 ad
1385 3871 1641 3914 neutrum
1718 3857 1958 3925 transiit,
2015 3862 2207 3917 volens

622 3954 729 4009 hoc
758 3963 922 4025 pacto
973 3955 1122 4010 varia
1153 3954 1387 4024 piscium
1445 3969 1643 4024 genera
1679 3955 1963 4010 denotare.
2000 3954 2204 4013 Verum

621 4050 737 4103 hzec
762 4049 829 4103 de
855 4065 992 4118 puro
1023 4063 1085 4103 ac
1119 4049 1359 4118 simplici
1394 4049 1618 4102 homine
1650 4049 2038 4104 intelleximus.
2069 4049 2212 4105 Jux~

618 4150 672 4195 ta
712 4157 1018 4213 anagogem
1053 4156 1186 4196 vero
1235 4141 1300 4196 ad
1350 4139 1749 4195 humanitatem
1798 4140 2003 4196 Christi
2035 4144 2202 4212 perti-

618 4242 773 4301 nent,
823 4234 1286 4304 quemadmodum
1339 4233 1637 4304 Apostolus
1690 4233 1759 4290 ad
1815 4233 2076 4290 Hebr-aias
2107 4236 2203 4290 tle-

618 4327 790 4381 ctarat
819 4344 833 4380 2
872 4326 1008 4392 Quid
1036 4326 1205 4390 enim,
1240 4326 1440 4394 inquit,
1483 4323 1619 4376 tanti
1651 4331 1733 4379 est
1765 4324 2080 4379 humanitas
2110 4325 2200 4380 illa

619 4423 911 4485 assumpta
977 4431 1005 4470 a
1063 4416 1173 4471 Deo
1211 4417 1412 4481 Verbo,
1471 4413 1614 4484 quod
1665 4414 1812 4470 illius
1870 4430 2082 4470 memor
2119 4431 2196 4483 es,

2317 3227 2415 3261 σαν
2442 3224 2455 3238 ο
2490 3211 2582 3263 καὶ
2614 3212 2831 3263 πάντων
2858 3211 3040 3280 ἄρχει,
3068 3212 3096 3262 6
3129 3209 3409 3274 διασώζων
3453 3213 3514 3262 τὺ
3543 3212 3770 3283 πρῶτον
3801 3213 3893 3281 τῆς

2312 3301 2494 3372 ψυχῆς
2525 3302 2762 3374 ἀξίωμα.
2824 3300 3056 3355 Πετεινὰ
3098 3301 3155 3355 δὲ
3197 3301 3291 3355 τοῦ
3323 3303 3580 3373 οὐρανοῦ,
3625 3305 3891 3366 τουτέστι,

2312 3395 2407 3449 τοῦ
2437 3396 2600 3464 ἀέρος
2619 3413 2633 3427 ο
2666 3395 2858 3449 τοῦτον
2887 3393 2996 3465 γὰρ
3023 3394 3118 3448 νῦν
3161 3395 3392 3466 οὐρανὸν
3434 3395 3892 3470 καταχρηστικῶς

2311 3488 2617 3558 ὠνόμασεν,
2673 3488 2750 3552 ὼς
2796 3487 2938 3558 ὑπὲρ
2992 3487 3241 3558 κεφαλῆς
3277 3490 3432 3559 ὑμῶν
3475 3489 3633 3560 δίκην
3661 3489 3889 3562 οὐρανοῦ

2313 3581 2638 3650 κεχυμένον.
2686 3579 3028 3649 Ἀποὸλέψας
3057 3579 3116 3633 δὲ
3148 3579 3287 3652 πρὸς
3316 3580 3384 3635 τὰ
3412 3582 3890 3653 παμπληθέστατα

2309 3675 2419 3726 τῶν
2453 3671 2669 3744 ἰχθύων,
2703 3671 2815 3743 (45)
2837 3672 2872 3726 δι
2897 3670 2967 3725 δι’
2994 3670 3115 3734 ἐνὸς
3139 3670 3298 3740 λόγου
3319 3674 3499 3726 πάντα
3525 3675 3887 3745 παρέστησεν,

2311 3764 2504 3830 εἰπὼν,
2553 3763 2630 3819 Τὰ
2676 3762 3155 3832 διαπορευόμενα
3210 3765 3454 3833 τρίϐους
3509 3764 3848 3820 θαλασσῶν
3874 3779 3886 3792 ·

2306 3857 2414 3912 ἀπὸ
2471 3859 2582 3928 γὰρ
2635 3857 2728 3911 τοῦ
2773 3857 3064 3928 ἀρσενικοῦ
3117 3860 3314 3927 γένους
3380 3859 3475 3912 ἐπὶ
3513 3858 3575 3911 τὸ
3604 3859 3886 3930 οὐδέτερον

2312 3951 2710 4024 μεταϐέϐηκεν,
2759 3951 3083 4022 βουλόμενος
3113 3951 3357 4024 ἐμφῆναι
3395 3952 3453 4004 τὸ
3490 3952 3757 4023 διάφορον
3786 3950 3886 4005 τῶν

2307 4049 2366 4101 ἐν
2399 4045 2611 4117 ἰχθύσιν
2643 4045 2824 4099 εἰδῶν.
2875 4045 3035 4098 Ἀλλὰ
3072 4045 3246 4098 ταῦτα
3283 4045 3382 4116 μὲν
3415 4045 3666 4118 περὶτοῦ
3703 4045 3885 4107 ἁπλῶς

2306 4137 2601 4208 ἀνθρώπου
2627 4139 2879 4209 νοοῦμεν.
2919 4137 3235 4203 Ἀνάγονται
3264 4139 3321 4192 δὲ
3348 4139 3443 4192 καὶ
3471 4140 3552 4202 εἰς
3564 4138 3655 4191 τὸν
3674 4139 3886 4210 Κυρια-

2304 4231 2399 4284 κδν
2433 4229 2742 4299 ἄνθρωπον,
2792 4231 2868 4292 ὡς
2903 4232 2931 4283 ό
2973 4229 3296 4295 Ἀπόστολος
3323 4230 3625 4298 ἐξεδέξατο,
3658 4233 3882 4303 γράφων

2306 4322 2445 4394 πρὸς
2517 4322 2852 4394 Ἐϐραίους·
2908 4321 2973 4376 Ti
3031 4323 3161 4394 γὰρ,
3218 4325 3376 4395 φησὶ,
3430 4325 3688 4380 τοσοῦτόν
3739 4328 3881 4380 ἐστιν

2303 4415 2613 4487 ἄνθρωπος,
2636 4417 2664 4468 ὁ
2694 4415 3068 4486 προσληφθεὶς
3098 4417 3176 4486 τῷ
3197 4417 3328 4488 θείῳ
3356 4418 3540 4490 Λόγῳ,
3564 4419 3645 4473 ὅτι
3680 4419 3878 4489 μιμνή-

618 4509 810 4564 dicens
863 4525 876 4560 :
926 4508 1024 4561 Hic
1063 4517 1139 4561 est
1198 4505 1374 4560 Filius
1429 4522 1575 4560 meus
1624 4506 1846 4559 dilectus
1882 4505 1976 4561 "7
2007 4505 2200 4561 Filium

2315 4523 2420 4580 σκῃ
2447 4508 2612 4561 αὐτοῦ
2633 4527 2648 4574 ;
2672 4507 2822 4576 λέγει
2847 4509 2978 4579 γὰρ,
2996 4505 3287 4577 ὅτιοῦτός
3311 4511 3486 4564 ἐστιν
3515 4514 3548 4565 ὁ
3583 4513 3718 4576 Υἱός
3739 4527 3872 4581 μου,

618 4610 802 4654 autem
869 4599 1108 4653 hominis
1171 4599 1346 4663 dixit,
1402 4606 1462 4651 ut
1522 4612 1617 4652 eos
1693 4597 2044 4654 convinceret
2106 4599 2199 4669 qui

617 4693 823 4748 Christi
895 4707 1119 4747 carnem
1169 4705 1408 4760 superne
1463 4689 1817 4744 descendisse
1863 4698 2122 4745 asserunt
2181 4705 2197 4742 :

617 4801 727 4855 qua
763 4787 976 4840 ratione
1004 4785 1123 4854 ipse
1153 4786 1316 4838 etiam
1353 4782 1617 4838 Dominus
1645 4781 1789 4851 apud
1831 4783 2201 4853 evangelistas

615 4892 995 4948 saepenumero
1017 4877 1214 4930 Filium
1238 4876 1480 4930 hominis
1500 4890 1560 4928 se
1583 4875 1822 4944 appellat
1847 4893 1861 4929 :
1882 4875 2198 4945 signiﬁcans

615 4972 762 5040 quod
796 4987 860 5024 ex
896 4970 1150 5038 virginali
1189 4977 1367 5031 utero,
1422 4975 1589 5038 atque
1615 4981 1680 5019 ex
1715 4966 2026 5035 purissimis
2050 4966 2194 5021 illius

614 5066 979 5134 sanguiuihus
1012 5065 1125 5134 ipse
1172 5063 1274 5118 sihi
1314 5060 1576 5130 templum
1608 5061 1994 5115 constituerat.
2025 5058 2194 5115 Filius

613 5158 762 5213 enim
815 5157 1054 5212 hominis
1085 5157 1130 5209 is
1165 5171 1293 5209 vere
1351 5155 1576 5217 dicitur,
1616 5154 1710 5223 qui
1747 5152 1993 5208 mulieris
2021 5163 2104 5207 est
2134 5153 2196 5207 li-

617 5249 750 5303 lius.
777 5247 912 5301 Nam
939 5255 992 5302 et
1023 5248 1224 5300 mulier
1255 5262 1383 5301 vere
1411 5246 1576 5299 homo
1607 5253 1710 5299 est.
1741 5242 1994 5297 Visitavit
2017 5251 2198 5296 autem

618 5341 769 5394 illum
809 5340 972 5402 Deus,
997 5339 1156 5408 juxta
1183 5337 1328 5408 quod
1364 5336 1492 5390 alibi
1537 5336 1768 5407 legimus
1800 5351 1814 5387 :
1847 5333 2197 5388 Providebam

614 5429 904 5482 Dominum
929 5429 982 5480 in
1019 5437 1296 5494 conspectu
1332 5443 1442 5480 meo
1474 5440 1694 5494 semper,
1730 5425 1977 5496 quoniam
2007 5441 2037 5477 a
2064 5426 2198 5478 dex-

694 5605 738 5634 ’τ’
771 5604 908 5658 Gen.
941 5619 954 5655 l
1015 5604 1107 5656 ‘28.
1190 5603 1236 5635 ⁸⁷
1272 5601 1410 5657 Ibid.

1499 5604 1543 5634 ⁸⁸
1565 5602 1758 5660 Matth.
1803 5619 1860 5660 ut
1919 5603 2010 5658 17.

2302 4603 2336 4653 ό
2369 4601 2702 4671 ἀγαπητός.
2753 4602 2883 4655 ru»
2929 4602 2985 4655 δὲ
3017 4602 3308 4673 ἀνθρώπου
3363 4605 3554 4659 τοῦτον
3595 4605 3870 4665 ἐκάλεσεν,

2304 4696 2394 4749 ἵνα
2436 4696 2625 4768 παύσῃ
2673 4696 2801 4760 τοὺς
2852 4697 3285 4769 δογματίζοντας
3321 4700 3529 4755 ἄνωθεν
3568 4713 3872 4765 συνεπαγα-

2302 4788 2495 4855 γέσϐαι
2527 4792 2625 4860 τὴν
2647 4789 2850 4861 σάρκα.
2879 4791 2972 4844 Διὺ
2998 4790 3094 4845 καὶ
3122 4792 3287 4855 αὐτὸς
3303 4793 3362 4846 ὲν
3386 4795 3497 4855 τοῖς
3523 4790 3871 4859 Εὐαγγελίοις

2305 4880 2574 4951 πολλαχοῦ
2606 4881 2766 4935 τοῦτο
2799 4883 2992 4937 ἑαυτὸν
3020 4883 3298 4954 ὀνομάζει,
3329 4884 3528 4956 δηλῶν,
3562 4882 3636 4945 ὡς
3664 4885 3729 4936 ἐκ
3768 4881 3870 4935 τῶν

2303 4970 2654 5039 παρθενικῶν
2712 4976 2810 5026 καὶ
2862 4975 3153 5045 ἀχράντων
3197 4977 3445 5047 αἱμάτων
3486 4974 3726 5046 ἐπήξατο
3747 4970 3866 5026 ναδν

2303 5061 2506 5132 ἑαυτῷ.
2548 5064 2679 5125 Υιδς
2719 5064 2774 5118 δὲ
2801 5066 3094 5138 ἀνθρώπου
3125 5071 3220 5123 καὶ
3250 5072 3278 5122 6
3302 5071 3368 5124 ὲκ
3387 5066 3680 5137 γυναικόςο
3716 5066 3808 5119 καὶ
3835 5064 3865 5132 ή

2299 5154 2438 5224 γυνὴ
2465 5155 2594 5228 γὰρ,
2621 5156 2929 5230 ἄνθρωπος,
2971 5159 3309 5233 Ἐπισκέπτῃ
3337 5161 3392 5214 δὲ
3416 5158 3596 5224 αὐτὸν,
3625 5158 3708 5212 ὅτι
3726 5161 3865 5225 Προ-

2299 5245 2571 5317 οφὼμην,
2602 5251 2757 5320 φησὶ,
2790 5252 2900 5305 τὸν
2931 5253 3154 5320 Κύριον
3180 5252 3432 5306 ἐνώπιόν
3452 5268 3574 5320 μου
3596 5249 3694 5305 διὰ
3721 5266 3864 5304 παγκ-

2299 5339 2425 5404 τὸς,
2460 5339 2552 5393 ὅτι
2581 5341 2648 5395 ἑκ
2674 5341 2894 5405 δεξιῶν
2922 5362 3043 5414 μου
3063 5345 3256 5400 ἐστίν.
3291 5373 3356 5384 ο-
3392 5340 3777 5407 Ἦλάττωσας
3801 5338 3863 5392 δέ

2299 5431 2482 5484 αὑτὸν
2501 5433 2708 5503 ,βραχύ
2742 5453 2794 5489 τι
2821 5439 2957 5507 παρ’
2987 5438 3302 5508 ἀγγέλους,
3341 5434 3431 5490 διὰ
3463 5434 3523 5489 τὸ
3555 5435 3744 5506 πεινᾷν
3772 5433 3862 5486 καὶ

1924 5700 2126 5763 Variae
2184 5702 2488 5768 lectiones

684 5805 800 5865 (4'5)
825 5800 1153 5858 Bedundare
1179 5799 1392 5857 videtur
1425 5799 1486 5853 τὸ
1516 5801 1566 5855 ἆ.
