4050 6278
345 419 441 487 137

1492 411 1881 474 COMMENT.
1928 412 2009 472 IN
2054 411 2409 474 PSALMOS.

3495 408 3598 478 138

336 531 509 602 διψᾷ),
542 529 770 591 καὶτοῖς
805 524 1150 598 ἀδιαόλήτοις
1182 523 1274 578 τοῦ
1312 520 1560 596 σώματος
1588 522 1911 578 ὑποκεῖσθαι

2021 524 2119 579 tris
2161 533 2239 578 est
2292 525 2419 577 mihi
2491 539 2553 579 ne
2605 538 2932 578 commoveor
2979 521 3025 554 "°
3079 561 3093 576 .
3126 520 3282 590 Quod
3313 537 3442 578 vero
3478 526 3594 580 ait:

338 626 580 681 πάοεσιν.
628 621 1095 692 Ἕστεφάνωσας
1127 619 1181 673 δὲ
1217 618 1427 684 αὑτὸν,
1462 618 1741 673 τουτέστιν
1788 619 1911 674 ὲκόυ

338 733 546 790 σμησας
570 731 585 745 ’
609 713 760 784 δόξῃ
794 715 915 786 μὲν,
940 716 1006 786 τῇ
1025 713 1262 783 Θεότητι·
1294 709 1432 781 τιμῇ
1461 709 1520 764 δὲ
1543 711 1610 783 τῇ
1631 709 1783 784 παρὰ
1805 708 1914 764 τῶν

335 808 615 876 ἀγγέλωνο
647 803 925 875 πολλαχοῦ
958 805 1068 876 γὰρ
1106 803 1467 876 ἐδορυφόρουν
1505 802 1676 875 αὐτῷ.
1708 804 1779 857 Ἦ
1821 803 1916 859 καὶ

335 902 617 972 ἀμφότερα
673 901 826 970 παρὰ
882 898 992 952 τῶν
1037 895 1382 968 ἀνθρώπων·
1437 895 1570 951 θεόν
1592 914 1651 950 τε
1693 896 1802 969 γὰρ
1865 898 1915 950 oi

337 993 684 1056 πιστεύοντες
718 993 924 1061 ἔλεγον,
958 991 1052 1045 καὶ
1074 990 1433 1053 πανευλαὸῶς
1459 990 1685 1061 ἐτίμων.
1714 989 1917 1045 Πάντα

342 1089 396 1141 δὲ
435 1087 770 1154 ὑπέταξας,
811 1087 886 1151 ὡς
919 1086 1024 1156 νέῳ
1067 1084 1260 1156 Ἀδὰμ,
1291 1082 1352 1136 τὸ
1378 1082 1499 1138 κατ’
1529 1086 1713 1138 εἰκόνα
1747 1083 1917 1154 φυλάς-

339 1183 499 1246 ξαντι.
522 1182 684 1234 Κατὰ
705 1181 762 1234 δὲ
791 1181 882 1234 τὸν
899 1183 996 1251 τῆς
1013 1180 1307 1249 ἀναγωγῆς
1319 1178 1497 1247 λόγον,
1521 1178 1768 1249 πρόὸατα
1792 1178 1913 1249 μὲν,

334 1278 380 1328 οἱ
403 1275 458 1340 ἐξ
491 1274 666 1328 ἐθνῶν
697 1273 1151 1337 πεπιστευκότες,
1183 1269 1277 1334 οὓς
1301 1271 1392 1324 ἐπὶ
1417 1271 1487 1324 τὰ
1529 1272 1629 1342 ὅρη
1665 1272 1758 1324 καὶ
1790 1269 1916 1332 τοὺς

336 1368 550 1438 βουνοὺς
589 1367 1048 1438 πεπλανημένους
1063 1363 1263 1435 εὑρὼν,
1294 1367 1376 1428 εἰς
1422 1364 1522 1435 τὴν
1557 1363 1750 1418 ἑαυτοῦ
1788 1380 1914 1417 σιν-

334 1466 503 1533 ήγαγε
563 1463 846 1534 μάνδραν·
916 1463 1037 1532 βόες
1092 1461 1173 1527 δὲ,
1212 1462 1263 1514 οἱ
1303 1459 1576 1526 Ἰουδαῖοι,
1620 1458 1710 1512 τὸν
1741 1457 1915 1530 βαρὺν

332 1555 579 1617 ἕλκοντες
607 1553 700 1607 τοῦ
734 1553 901 1625 νόμου
934 1552 1099 1621 ζυγόν
1125 1570 1138 1584 ·
1175 1553 1348 1622 κτήνη
1377 1550 1435 1603 δὲ
1460 1548 1558 1604 τοῦ
1616 1550 1825 1614 πεδίου,
1864 1550 1915 1602 οἱ

337 1648 466 1715 μήτε
513 1643 614 1697 τοῦ
644 1645 888 1707 Μωσέως
935 1644 1101 1715 νόμον
1152 1643 1463 1713 δεξάμενοι,
1511 1644 1649 1712 μήτε
1687 1641 1781 1694 τὸν
1817 1642 1916 1713 τῆς

334 1739 572 1808 χάριτος,
631 1735 747 1789 ἀλλ’
783 1734 1325 1807 εἰδωλολατροῦντες,
1374 1736 1433 1788 ἐν
1464 1737 1530 1805 τῇ
1578 1733 1786 1788 πεδιάδι
1820 1736 1916 1788 καὶ

332 1831 711 1902 χθαμαλὸτητι
757 1829 868 1883 τῶν
927 1830 1132 1899 ἡδονῶν
1171 1829 1266 1883 τοῦ
1311 1828 1429 1898 βίου
1463 1828 1798 1900 βαδίζοντες,
1835 1827 1915 1899 τῷ

2022 615 2269 672 Minuiin
2311 634 2430 672 eum
2489 620 2753 672 modicum
2795 617 2922 686 quid
2975 616 3038 669 ab
3099 617 3334 688 angelis,
3391 632 3455 672 ea
3510 632 3600 673 ra-

2022 709 2168 767 tione
2247 710 2455 766 dictum
2518 720 2650 775 est,
2711 711 2839 782 quia
2902 717 2956 765 et
3005 711 3203 764 famem
3289 710 3600 780 patiebatur

2019 801 2304 870 Christus,
2348 813 2403 859 et
2447 803 2617 867 sitim,
2673 811 2728 858 et
2776 801 3004 872 reliquis
3048 802 3308 858 omnibus
3347 805 3600 876 corporis

2020 897 2395 965 paSsionihus,
2413 906 2578 967 atque
2603 895 2891 952 alieCtibus
2921 897 3263 967 subjacebat,
3287 899 3381 969 qui
3413 915 3599 970 repre-

2021 987 2320 1043 hensibiles
2356 1001 2466 1042 non
2495 997 2647 1043 sunt.
2688 985 2979 1042 Coronasii
3024 998 3207 1045 autem
3232 1005 3373 1057 eum,
3396 991 3499 1047 hoc
3516 1001 3603 1048 cst

2021 1083 2253 1148 ornasti,
2290 1083 2459 1153 gloria
2490 1082 2732 1154 quidem,
2785 1082 3089 1139 divinitatis
3124 1101 3139 1141 :
3171 1084 3370 1139 honore
3397 1096 3599 1152 autem,

2019 1193 2180 1247 quem
2213 1179 2389 1248 angeli
2438 1179 2489 1233 ei
2548 1180 2906 1249 prazstabant.
2959 1177 3114 1248 Saepe
3143 1182 3291 1234 enim
3325 1182 3603 1236 ministra-

2019 1267 2153 1325 bant
2181 1269 2251 1324 ei.
2307 1268 2401 1324 Vel
2459 1271 2623 1325 etiam
2653 1271 2780 1339 quia
2820 1279 3113 1340 utrumque
3146 1271 3214 1325 ab
3281 1271 3598 1326 hominibus

2019 1364 2068 1419 ei
2129 1362 2537 1433 praestabatur,
2598 1365 2726 1433 quia
2781 1363 3067 1419 credentes
3128 1365 3178 1417 in
3225 1381 3375 1430 cum,
3432 1365 3600 1421 Deum

2021 1457 2392 1527 appellabant,
2414 1465 2467 1510 et
2500 1457 2912 1529 religiosissime
2942 1459 3370 1514 venerabantur.
3401 1459 3600 1515 Omnia

2019 1563 2283 1620 praeterea
2339 1550 2574 1619 subjecit
2643 1551 2783 1606 Deus
2825 1553 2927 1607 sub
2965 1552 3195 1623 pedibus
3249 1556 3391 1624 ejus,
3435 1555 3602 1610 veluti

2021 1659 2166 1700 novo
2218 1644 2416 1710 Adam,
2469 1646 2562 1715 qui
2624 1645 2916 1716 imaginem
2953 1654 3008 1701 et
3049 1646 3460 1704 similitudinem
3509 1648 3602 1705 Dei

2019 1755 2148 1794 vere
2201 1741 2460 1794 servavit;
2534 1737 2698 1794 Juxta
2757 1757 3081 1812 anagogem,
3130 1757 3260 1800 ovcs
3307 1744 3343 1798 ii
3389 1744 3603 1801 dicendi

2020 1839 2151 1887 sunt
2180 1834 2357 1903 quiex
2388 1834 2640 1903 gentibus
2669 1833 3054 1889 crediderunt:
3086 1851 3226 1906 quos
3262 1839 3316 1892 in
3347 1839 3601 1904 collibus,

334 1926 404 1995 μὴ
430 1922 698 1977 δύνασθαι
727 1923 1076 1986 ἀναοέεινεις
1106 1919 1240 1993 ὕψος
1278 1922 1534 1994 θεωρίας.
1564 1921 1793 1977 Πετεινὰ
1816 1922 1911 1993 μὲν

2021 1937 2077 1983 et
2117 1929 2398 1985 montibus
2427 1940 2677 1984 errantes
2717 1929 2972 1987 Christus
2997 1932 3225 1986 invenit.
3257 1942 3311 1988 et
3341 1935 3406 1988 ad
3440 1950 3600 1989 suum

327 2015 582 2087 οὐρανοῦ,
614 2017 664 2068 οἱ
699 2012 922 2083 ἄγγελοι
947 2032 960 2046 ο
999 2015 1181 2087 ἰχθύες
1209 2014 1267 2067 δὲ
1303 2013 1604 2084 Θαλάσσης,
1639 2015 1689 2067 οἱ
1728 2014 1916 2084 δαίμο-

325 2126 429 2174 νες,
465 2111 584 2174 τοῖς
617 2109 860 2180 κύμασιν
896 2107 1295 2180 ὲνσκιρτῶντες
1334 2106 1432 2160 τοῦ
1494 2105 1634 2177 βίου,
1655 2107 1751 2160 καὶ
1778 2107 1915 2161 ἀπο-

325 2202 526 2268 ζῶντες
591 2205 731 2273 τῇ...
785 2201 896 2274 (44)
941 2200 1052 2255 τῶν
1096 2201 1353 2271 πονηρῶν
1383 2180 1572 2271 ’ἡμῶν
1610 2198 1868 2269 πράξεων
1894 2214 1910 2230 °

324 2295 521 2358 πάντες
551 2294 667 2366 γὰρ
713 2291 939 2365 ὕστερον
980 2292 1426 2363 ὑποταγήσονται
1454 2291 1534 2361 τῷ
1557 2290 1801 2363 Χριστῷ,
1834 2292 1914 2345 ὅτι

323 2388 471 2460 αύτῴ
515 2390 632 2442 πᾶν
660 2388 788 2456 γόνυ
817 2387 1050 2457 κάμψει,
1083 2386 1449 2456 ἐπουρανίων,
1484 2385 1582 2439 καὶ
1631 2387 1914 2456 ἐπιγείων,

322 2484 411 2532 καὶ
433 2479 845 2550 καταχθονίων.
872 2480 992 2533 Οὐκ
1035 2478 1265 2548 ἄκαιρον
1287 2479 1344 2531 δὲ
1368 2481 1464 2533 καὶ
1483 2478 1772 2548 γλαφυράν
1792 2496 1916 2533 τινα

323 2575 662 2645 παραθεῖναι
694 2574 958 2645 ἐξήγησιν
979 2589 993 2604 °
1025 2573 1190 2628 ὅτιτὸ
1219 2572 1624 2638 Ἡλάττωσας,
1665 2573 1726 2626 οὐ
1763 2573 1916 2644 παρὰ

320 2671 443 2730 τοὺς
498 2667 779 2737 ἀγγέλους
823 2667 1065 2735 λέγεται,
1116 2665 1257 2720 ἀλλὰ
1287 2667 1424 2737 πρὸς
1463 2665 1564 2738 τὴν
1618 2665 1778 2731 δόξαν
1815 2666 1914 2720 τοῦ

323 2759 558 2831 Πατρός.
622 2757 783 2813 Οὕτω
813 2758 924 2830 γὰρ
957 2759 1332 2827 ἀναγνωστέον
1352 2775 1367 2789 ·
1415 2756 1791 2825 Ἠλάττωσας
1805 2762 1914 2814 αὐ-

323 2852 659 2921 τὸνβραχύ
696 2865 778 2919 τι,
817 2853 913 2905 τοῦ
952 2852 1048 2905 σοῦ
1092 2852 1297 2922 δηλαδὴ
1323 2849 1658 2922 ἀξιώματος,
1698 2851 1787 2906 διὰ
1812 2853 1915 2924 τὴν

319 2947 416 3019 τῆς
442 2950 660 3018 σαρκὸς
691 2947 853 3016 φύσιν
877 2965 892 2978 ·
920 2943 1042 3002 εἶτα
1063 2947 1123 3001 τὸ
1137 2947 1283 3016 ἑξῆς.
1303 2947 1440 3016 παρ’
1451 2945 1746 3016 ἀγγέλους
1766 2945 1916 3015 δόξᾳ

320 3042 415 3097 καὶ
431 3042 574 3113 τιμῇ
597 3041 1027 3113 ἐστεφάνωσας
1041 3045 1250 3110 αὑτὸν,
1275 3043 1442 3114 ἤγουν
1461 3044 1551 3095 ἐπὶ
1575 3041 1777 3096 πλεῖον.
1805 3043 1914 3098 Οὐ-

321 3136 428 3200 δεὶς
453 3136 566 3207 γὰρ
603 3138 856 3206 ἀγγέλων
886 3136 919 3210 ἢ
948 3136 1010 3192 τὸ
1031 3137 1174 3192 θεῖον
1190 3137 1383 3192 ἔλασεν
1404 3134 1599 3207 ὄνομα,
1623 3135 1658 3206 ἢ
1683 3136 1913 3207 δορυφοο

324 3230 443 3298 pia;
473 3229 744 3302 τοιαύτης
789 3231 1081 3301 τετύχηκε.
1175 3270 1189 3286 .

2023 2021 2168 2076 ovile
2209 2023 2585 2094 congregavit.
2629 2022 2802 2077 Boves
2847 2039 2998 2089 vero,
3040 2022 3211 2080 Judaei
3252 2034 3404 2092 sunt,
3439 2042 3604 2097 grave

2017 2115 2223 2171 veteris
2251 2115 2388 2184 legis
2419 2115 2610 2185 iugum
2642 2114 2946 2170 trahentes.
2997 2113 3061 2168 Et
3105 2131 3304 2186 pecora
3337 2121 3514 2189 campi
3541 2119 3599 2182 ii.

2017 2208 2112 2278 qui
2141 2221 2243 2262 nec
2294 2206 2464 2279 Moysi
2496 2222 2595 2263 nec
2625 2206 2816 2278 gratia:
2861 2208 3031 2278 legem
3079 2221 3464 2281 susceperunt,
3506 2217 3601 2266 sed

2019 2300 2163 2355 idola
2199 2301 2443 2356 colentes
2499 2302 2552 2356 in
2602 2303 2898 2372 campestri
2923 2302 3256 2366 humilitate,
3288 2320 3351 2359 ac
3386 2316 3600 2361 terrena

2018 2396 2326 2465 dejectione
2374 2397 2717 2465 voluptatum
2752 2396 3039 2467 pra-sentis
3094 2399 3223 2453 vitae
3250 2392 3383 2454 ideo'
3412 2401 3604 2456 ambu-

2016 2488 2171 2553 lant,
2223 2490 2352 2559 quia
2425 2489 2902 2559 contemplationis
2966 2489 3360 2546 sublimitatem
3421 2495 3601 2548 susci-

2019 2597 2148 2651 pere
2174 2589 2477 2652 nequeunt,
2505 2582 2601 2638 sed
2634 2582 2793 2653 juxta
2821 2597 2940 2637 eam
2961 2597 3124 2653 quam
3153 2586 3393 2641 diximus
3426 2583 3599 2641 ϐτκοὶ

2019 2676 2257 2730 nominis
2291 2676 2697 2747 etymoIOgiam,
2732 2675 2889 2746 quasi
2939 2691 3139 2747 pecora
3186 2681 3345 2749 proni
3392 2680 3452 2734 in
3490 2688 3602 2734 ter-

2016 2786 2156 2837 ram,
2196 2771 2541 2840 inspiciunt.
2581 2770 2849 2826 Volucres
2890 2773 3055 2826 etiam
3103 2772 3228 2827 coeli
3268 2789 3363 2842 pro
3392 2775 3602 2844 angelis

2018 2860 2194 2931 accipi
2241 2868 2519 2930 possunt:
2555 2870 2609 2917 et
2651 2864 2830 2933 pisces
2881 2863 3054 2918 maris
3090 2878 3190 2934 pro
3222 2865 3600 2920 daemonibus:

2018 2956 2113 3025 qui
2155 2956 2293 3010 inter
2319 2954 2517 3010 ﬂuctus
2554 2958 2838 3024 praesentis
2865 2957 2985 3010 vitae
3003 2956 3322 3020 subsiliunt,
3358 2966 3519 3028 atque
3545 2960 3600 3012 in

2019 3064 2204 3101 amara
2231 3063 2520 3117 pravarum
2552 3050 2828 3103 actionum
2854 3051 3044 3105 vivunt
3073 3050 3370 3122 salsugine.
3393 3047 3601 3106 Omnes

2017 3141 2161 3195 enim
2209 3140 2432 3197 Christo
2482 3142 2703 3198 tandem
2772 3143 3160 3212 subjicientur,
3227 3146 3485 3214 quoniam
3520 3146 3598 3200 illi

1889 3267 1909 3286 .
1939 3265 1982 3324 ε
2016 3252 2180 3292 omne
2240 3253 2381 3308 genu
2426 3235 2697 3301 ﬂectetur,
2742 3236 3075 3301 caelestium,
3145 3240 3488 3292 terrestrium
3541 3249 3600 3295 et

2016 3327 2388 3383 infernarum.
2442 3328 2744 3382 Possumus
2797 3328 2962 3382 etiam
3009 3343 3117 3382 non
3164 3329 3430 3398 ingratam
3457 3346 3598 3400 quo-

2015 3419 2268 3474 rumdam
2333 3420 2736 3490 expositionem
2801 3423 3319 3491 recensere:quod
3387 3425 3598 3480 scilicet

2014 3513 2106 3566 illa
2137 3512 2298 3567 verba
2331 3531 2344 3567 :
2373 3512 2749 3566 Minuistieum
2787 3512 3052 3565 modicum
3078 3514 3224 3582 quid,
3265 3530 3371 3574 non
3403 3516 3468 3570 ad
3497 3533 3599 3571 an,

2011 3606 2163 3679 gelos
2213 3604 2500 3660 referenda
2539 3605 2671 3670 sint,
2706 3602 2800 3659 sed
2847 3604 2914 3658 ad
2951 3603 3180 3673 gloriam
3226 3603 3316 3660 Dei
3367 3605 3550 3665 Patris
3577 3652 3591 3672 ,

2011 3709 2177 3769 atque
2209 3701 2311 3754 hoc
2344 3707 2502 3768 pacto
2543 3699 2851 3766 legendum,
2892 3695 3139 3754 Minuisti
3171 3714 3321 3765 eum,
3345 3717 3377 3756 ο
3411 3703 3590 3770 Pater,

1889 3825 1905 3846 .
2009 3793 2286 3847 modicum
2344 3791 2534 3861 quida
2585 3802 2676 3844 tua
2727 3789 2990 3844 nimirum
3051 3791 3317 3862 dignitate
3366 3806 3593 3864 propter

2009 3884 2196 3939 carnis
2222 3893 2472 3938 naturam
2497 3902 2511 3952 ;
2544 3890 2598 3937 et
2623 3897 2746 3951 quae
2773 3893 3077 3952 sequuntur
3099 3899 3197 3953 per
3227 3901 3286 3939 sc
3316 3886 3587 3955 legantur.

1888 4015 1903 4032 .
2006 3978 2112 4032 Sed
2149 3978 2402 4044 quoniam
2448 3975 2592 4044 quod
2638 3973 2829 4028 Latine
2878 3974 3109 4042 legimus
3145 3981 3207 4029 ab
3249 3977 3472 4047 angelis,
3533 3979 3588 4034 in

1884 4109 1900 4124 .
2004 4070 2194 4125 Graeco
2211 4069 2405 4140 legitur
2423 4066 2555 4139 παρ’
2577 4068 2864 4135 ἀγγέλους,
2885 4083 3004 4136 qua:
3027 4069 3186 4122 verba
3210 4069 3351 4123 ultra
3363 4087 3586 4127 sensum

1887 4200 1901 4217 .
2000 4166 2113 4232 jam
2149 4163 2444 4224 redditum,
2479 4161 2622 4214 idem
2654 4161 2819 4239 etiam
2859 4160 3190 4231 signiﬁcant,
3238 4164 3384 4232 quod
3419 4179 3586 4236 supra

2005 4259 2232 4329 angelos
2261 4271 2278 4309 :
2316 4254 2556 4324 inteliige
2585 4253 2729 4322 quod
2759 4253 2928 4325 gloria
2957 4264 3010 4309 et
3038 4253 3248 4309 honore
3279 4270 3404 4309 eum
3444 4255 3586 4311 Deus

2006 4366 2173 4422 supra
2215 4349 2440 4420 angelos
2467 4349 2754 4401 coronavit
2787 4363 2800 4398 :
2850 4347 2954 4401 hoc
2984 4358 3067 4401 est
3093 4349 3383 4418 plusquam
3419 4364 3586 4422 ange-

2005 4445 2180 4499 lorum
2208 4443 2467 4510 aliquem.
2505 4439 2700 4493 Nullus
2741 4440 2941 4510 quippe
2970 4441 3310 4512 angelorum,
3344 4451 3439 4496 aut
3468 4442 3586 4495 lin-

305 4534 552 4599 jusmodi
589 4535 686 4590 Dei
719 4551 920 4592 nomen
954 4549 1290 4594 consecutus
1330 4545 1439 4606 est,
1467 4548 1563 4593 aut
1603 4537 1710 4596 tale
1760 4540 1990 4595 sortitus
2025 4536 2415 4593 ministerium.
2451 4532 2841 4589 Verumtamen
2901 4533 3090 4588 dicant
3159 4535 3316 4590 nobis
3382 4534 3579 4601 Juda-i,

309 4630 534 4696 quando
582 4629 826 4687 infantes
867 4638 924 4684 et
968 4629 1239 4687 lactentes
1268 4633 1424 4702 pueri
1482 4631 1701 4688 laudem
1759 4636 1906 4688 hanc
1946 4630 2202 4695 dixerint,
2231 4630 2298 4685 de
2326 4642 2430 4698 qua
2459 4642 2602 4681 nunc
2630 4628 2869 4696 loquitur
2898 4626 3215 4696 Propheta},
3281 4637 3338 4683 et
3389 4645 3579 4698 quem-

308 4739 431 4777 nam
487 4724 776 4780 inimicum
830 4724 1148 4793 huiusmodi
1197 4726 1317 4780 laus
1359 4726 1736 4783 destruxerit:
1777 4742 1885 4797 quo
1925 4728 2085 4781 etiam
2118 4725 2256 4778 dixit
2322 4724 2512 4779 beatus
2575 4723 2744 4776 David
2783 4738 2795 4772 :
2845 4721 3037 4777 Videbo
3060 4723 3215 4776 cw!os
3243 4737 3402 4790 opera
3435 4725 3575 4793 digi-

311 4830 747 4887 torummorum,
795 4837 921 4878 cum
947 4822 1061 4892 jam
1096 4820 1312 4892 Moyses
1335 4822 1405 4876 de
1438 4822 1524 4878 liis
1563 4822 1845 4879 docuisset
1880 4841 1892 4876 :
1932 4820 1998 4876 In
2027 4823 2285 4889 principio
2303 4819 2689 4891 cnim,inquit,
2714 4817 2993 4886 fecitDeus
3011 4819 3503 4872 cmluntettermm.

378 4922 568 4986 Κύριε
601 4920 634 4970 ό
664 4918 885 4985 Κύριος
910 4916 1100 4986 ἡμῶν,
1119 4917 1191 4983 ὡς
1225 4919 1579 4987 θαυμαστόν
1610 4918 1678 4972 τὸ
1703 4917 1891 4989 ὄνομὰ

2064 4916 2230 4974 VEns.
2264 4917 2350 4970 ‘10.
2375 4915 2596 4969 Domine
2632 4915 2889 4969 Dominus
2913 4922 3110 4979 noster,
3139 4930 3296 4983 quam
3336 4914 3575 4968 admirao

311 5026 421 5064 σου
453 4998 527 5063 ἐν
546 5009 715 5079 πάσῃ
749 5008 823 5079 τῇ
860 5008 935 5078 τῇ
965 5011 987 5063 !
1027 5011 1182 5064 Ἐπεὶ
1208 5011 1317 5080 γὰρ
1348 5013 1376 5065 ὁ
1405 5009 1619 5082 ψαλμὺς
1651 5003 1812 5074 οὗτος
1836 5011 1898 5062 τὸ

312 5104 445 5155 κατὰ
479 5103 718 5171 Χριστὸν
767 5102 1027 5171 προλέγει
1055 5106 1381 5175 μυστήριον,
1412 5107 1441 5158 ὁ
1483 5106 1539 5160 δὲ
1569 5107 1804 5176 Χριστὸς
1834 5103 1892 5169 ἐξ

2001 5013 2100 5066 bile
2129 5021 2206 5065 est
2251 5028 2436 5064 nomen
2467 5019 2611 5063 tuum
2639 5009 2693 5062 in
2720 5009 2965 5062 universa
2989 5019 3152 5061 terra.
3181 5007 3450 5072 Quoniam
3486 5008 3575 5062 hic

2000 5105 2246 5173 psalmus
2303 5102 2506 5156 Christi
2562 5101 2808 5170 prrcdicit
2858 5100 3202 5170 mysterium,
3252 5100 3344 5169 qui
3375 5114 3404 5154 e
3434 5100 3575 5155 uelo

311 5191 537 5261 ούρανοῦ
555 5193 919 5265 καταϐέϐηκε,
947 5195 1040 5248 καὶ
1057 5194 1212 5260 αὖθις
1230 5197 1367 5266 πρὸς
1380 5198 1543 5251 αὑτὸν
1556 5198 1895 5266 ἀναὸἐὸηκεν

2015 5197 2302 5260 iescendit,
2323 5207 2374 5249 et
2408 5209 2599 5248 rursus
2622 5195 2674 5247 in
2701 5192 2900 5247 coelum
2924 5192 2990 5246 ad
3022 5190 3307 5245 Paternam
3344 5191 3572 5260 gloriam

310 5286 500 5353 ὥσπερ
537 5290 597 5337 ὲν
644 5288 829 5357 κύκλῳ
877 5289 992 5359 (45)
1052 5291 1292 5361 σχήματι
1339 5291 1475 5359 πρὸς
1493 5292 1592 5360 τὴν
1612 5292 1890 5362 [ἰατρικὴν

313 5379 459 5443 δόξαν
487 5381 902 5448 ἀποκαταστὰς,
918 5382 1006 5437 διὰ
1036 5384 1207 5438 ταῦτα.
1225 5385 1320 5438 καὶ
1341 5387 1368 5437 ὁ
1383 5385 1593 5456 ψαλμὸς
1615 5385 1890 5447 κυκλικῶς

381 5576 600 5631 "l’sal.
651 5595 738 5638 xv.
795 5578 852 5636 8.

1997 5290 2268 5351 ascendit,
2303 5299 2356 5343 et
2391 5285 2646 5341 circulari
2673 5286 2909 5356 quodam
2932 5295 3082 5339 motu
3117 5284 3267 5338 illinc
3300 5284 3445 5338 unde
3479 5296 3572 5338 vc-

1994 5391 2150 5435 nerui
2181 5397 2433 5437 reversus
2456 5388 2559 5445 est,
2587 5379 2783 5435 merito
2813 5379 2973 5435 etiam
3007 5378 3093 5431 hic
3118 5376 3368 5432 Psalmus
3391 5375 3483 5445 qui
3505 5374 3572 5432 de

1617 5719 1815 5782 Varia)
1841 5721 2172 5784 lectiones.

378 5860 490 5930 (ιι)
525 5860 724 5930 Supple
755 5861 1117 5933 ἁλμυρότητι,
1147 5873 1204 5917 ιιι
1233 5867 1432 5936 legisse
1464 5868 1676 5926 videtur
1719 5873 1872 5930 Lati-

313 5946 414 5987 aus
448 5943 736 6001 Interpres.

601 6029 866 6088 Ρλτιιοι..
901 6029 1016 6089 Gn.
1047 6029 1352 6094 CXXVIII.

2056 5875 2168 5954 (~55)
2196 5877 2280 5954 io.
2299 5876 2594 5954 ‘a-{nox‘ilqn
2618 5886 2671 5929 ut
2696 5877 2889 5947 legisse
2907 5879 3120 5935 videtur
3148 5880 3310 5936 etiam
3341 5881 3561 5954 Saulus,

1995 5949 2077 6001 vel
2107 5949 2287 6001 scribe
2321 5947 2545 6000 κύκλου.

3051 6040 3083 6097 5
