  <div class='ocr_page' id='page_1' title='image "/cluster/home/n/w/nwhite01/storage/ocr_20150623/128/mdp.39015078384263/078.png"; bbox 0 0 4130 6304; ppageno 0'>
   <div class='ocr_carea' id='block_1_1' title="bbox 337 396 434 464">
    <p class='ocr_par' dir='ltr' id='par_1_1' title="bbox 337 396 434 464">
     <span class='ocr_line' id='line_1_1' title="bbox 337 396 434 464; baseline -0.021 0"><span class='ocrx_word' id='word_1_1' title='bbox 337 396 434 464; x_wconf 63' lang='lat' dir='ltr'><strong>ill</strong></span> 
     </span>
    </p>
   </div>
   <div class='ocr_carea' id='block_1_2' title="bbox 1467 393 2406 457">
    <p class='ocr_par' dir='ltr' id='par_1_2' title="bbox 1467 393 2406 457">
     <span class='ocr_line' id='line_1_2' title="bbox 1467 393 2406 457; baseline -0.003 -1"><span class='ocrx_word' id='word_1_2' title='bbox 1467 393 1857 457; x_wconf 78' lang='lat' dir='ltr'><strong>COMMENT.</strong></span> <span class='ocrx_word' id='word_1_3' title='bbox 1910 397 1986 457; x_wconf 86' lang='lat' dir='ltr'><strong>1N</strong></span> <span class='ocrx_word' id='word_1_4' title='bbox 2036 395 2406 455; x_wconf 78' lang='lat' dir='ltr'><strong>PSAL‘MOS.</strong></span> 
     </span>
    </p>
   </div>
   <div class='ocr_carea' id='block_1_3' title="bbox 3477 379 3578 445">
    <p class='ocr_par' dir='ltr' id='par_1_3' title="bbox 3477 379 3578 445">
     <span class='ocr_line' id='line_1_3' title="bbox 3477 379 3578 445; baseline -0.01 0"><span class='ocrx_word' id='word_1_5' title='bbox 3477 379 3578 445; x_wconf 66' lang='lat' dir='ltr'><strong>ll&#39;i</strong></span> 
     </span>
    </p>
   </div>
   <div class='ocr_carea' id='block_1_4' title="bbox 326 497 1911 585">
    <p class='ocr_par' dir='ltr' id='par_1_4' title="bbox 326 509 1901 585">
     <span class='ocr_line' id='line_1_4' title="bbox 326 509 1901 585; baseline -0.004 -18"><span class='ocrx_word' id='word_1_6' title='bbox 326 530 486 585; x_wconf 80' lang='grc' dir='ltr'><strong>μενος</strong></span> <span class='ocrx_word' id='word_1_7' title='bbox 515 527 529 543; x_wconf 73' lang='grc'><strong><em>⁸</em></strong></span> <span class='ocrx_word' id='word_1_8' title='bbox 588 513 842 577; x_wconf 70' lang='grc' dir='ltr'><strong>ἐπίτασις</strong></span> <span class='ocrx_word' id='word_1_9' title='bbox 886 511 946 566; x_wconf 78' lang='grc' dir='ltr'><strong>δὲ</strong></span> <span class='ocrx_word' id='word_1_10' title='bbox 992 511 1092 581; x_wconf 82' lang='grc' dir='ltr'><strong>τῆς</strong></span> <span class='ocrx_word' id='word_1_11' title='bbox 1115 509 1459 582; x_wconf 81' lang='grc' dir='ltr'><strong>εὐφροσύνης</strong></span> <span class='ocrx_word' id='word_1_12' title='bbox 1497 512 1530 580; x_wconf 76' lang='grc' dir='ltr'>ὴ</span> <span class='ocrx_word' id='word_1_13' title='bbox 1573 509 1901 578; x_wconf 75' lang='grc' dir='ltr'><strong>ἀγαλλίασις</strong></span> 
     </span>
    </p>
   </div>
   <div class='ocr_carea' id='block_1_5' title="bbox 2013 497 3579 585">
    <p class='ocr_par' dir='ltr' id='par_1_5' title="bbox 2013 497 3579 572">
     <span class='ocr_line' id='line_1_5' title="bbox 2013 497 3579 572; baseline -0.004 -11"><span class='ocrx_word' id='word_1_14' title='bbox 2013 522 2193 563; x_wconf 64' lang='lat' dir='ltr'><strong>verum</strong></span> <span class='ocrx_word' id='word_1_15' title='bbox 2229 517 2313 562; x_wconf 89' lang='lat' dir='ltr'><strong>est</strong></span> <span class='ocrx_word' id='word_1_16' title='bbox 2339 505 2628 563; x_wconf 88' lang='lat' dir='ltr'><strong>solamen:</strong></span> <span class='ocrx_word' id='word_1_17' title='bbox 2666 497 3127 572; x_wconf 87' lang='lat' dir='ltr'><strong>quemadmodum</strong></span> <span class='ocrx_word' id='word_1_18' title='bbox 3177 509 3231 552; x_wconf 89' lang='lat' dir='ltr'><strong>et</strong></span> <span class='ocrx_word' id='word_1_19' title='bbox 3263 499 3415 553; x_wconf 80' lang='lat' dir='ltr'><strong>solus</strong></span> <span class='ocrx_word' id='word_1_20' title='bbox 3459 499 3579 567; x_wconf 86' lang='lat' dir='ltr'><strong>ipse</strong></span> 
     </span>
    </p>
   </div>
   <div class='ocr_carea' id='block_1_6' title="bbox 323 601 1898 678">
    <p class='ocr_par' dir='ltr' id='par_1_6' title="bbox 323 601 1898 678">
     <span class='ocr_line' id='line_1_6' title="bbox 323 601 1898 678; baseline -0.004 -17"><span class='ocrx_word' id='word_1_21' title='bbox 323 603 398 672; x_wconf 77' lang='grc' dir='ltr'><strong>ὡς</strong></span> <span class='ocrx_word' id='word_1_22' title='bbox 428 606 524 661; x_wconf 77' lang='grc' dir='ltr'><strong>καὶ</strong></span> <span class='ocrx_word' id='word_1_23' title='bbox 554 605 655 676; x_wconf 84' lang='grc' dir='ltr'><strong>τὴν</strong></span> <span class='ocrx_word' id='word_1_24' title='bbox 683 605 913 678; x_wconf 81' lang='grc' dir='ltr'><strong>καρδίαν</strong></span> <span class='ocrx_word' id='word_1_25' title='bbox 942 604 1051 658; x_wconf 76' lang='grc' dir='ltr'><strong>ὑπὸ</strong></span> <span class='ocrx_word' id='word_1_26' title='bbox 1081 603 1182 673; x_wconf 79' lang='grc' dir='ltr'><strong>τῆς</strong></span> <span class='ocrx_word' id='word_1_27' title='bbox 1213 604 1357 672; x_wconf 75' lang='grc' dir='ltr'><strong>άταν</strong></span> <span class='ocrx_word' id='word_1_28' title='bbox 1413 601 1676 657; x_wconf 77' lang='grc' dir='ltr'><strong>ἀλλεσθαι</strong></span> <span class='ocrx_word' id='word_1_29' title='bbox 1697 603 1898 676; x_wconf 80' lang='grc' dir='ltr'><strong>ναρᾶς.</strong></span> 
     </span>
    </p>
   </div>
   <div class='ocr_carea' id='block_1_7' title="bbox 395 861 1896 944">
    <p class='ocr_par' dir='ltr' id='par_1_7' title="bbox 395 861 1896 944">
     <span class='ocr_line' id='line_1_7' title="bbox 395 861 1896 944; baseline -0.007 -15"><span class='ocrx_word' id='word_1_30' title='bbox 395 873 577 930; x_wconf 71' lang='grc' dir='ltr'><strong>Ψαλῶ</strong></span> <span class='ocrx_word' id='word_1_31' title='bbox 617 872 700 940; x_wconf 80' lang='grc' dir='ltr'><strong>τῷ</strong></span> <span class='ocrx_word' id='word_1_32' title='bbox 721 873 972 944; x_wconf 71' lang='grc' dir='ltr'><strong>ὀνόματί</strong></span> <span class='ocrx_word' id='word_1_33' title='bbox 1002 887 1142 935; x_wconf 84' lang='grc' dir='ltr'><strong>σου,</strong></span> <span class='ocrx_word' id='word_1_34' title='bbox 1173 869 1446 940; x_wconf 71' lang='grc' dir='ltr'><strong>Ὕψιστε.</strong></span> <span class='ocrx_word' id='word_1_35' title='bbox 1471 868 1633 930; x_wconf 74' lang='grc' dir='ltr'><strong>Ἐθος</strong></span> <span class='ocrx_word' id='word_1_36' title='bbox 1659 861 1729 938; x_wconf 74' lang='grc' dir='ltr'><strong>ἦν</strong></span> <span class='ocrx_word' id='word_1_37' title='bbox 1783 867 1896 931; x_wconf 82' lang='grc' dir='ltr'><strong>τοῖς</strong></span> 
     </span>
    </p>
   </div>
   <div class='ocr_carea' id='block_1_8' title="bbox 316 960 1903 1038">
    <p class='ocr_par' dir='ltr' id='par_1_8' title="bbox 316 960 1903 1038">
     <span class='ocr_line' id='line_1_8' title="bbox 316 960 1903 1038; baseline -0.004 -18"><span class='ocrx_word' id='word_1_38' title='bbox 316 964 594 1038; x_wconf 71' lang='grc' dir='ltr'><strong>ιρωτικῶς</strong></span> <span class='ocrx_word' id='word_1_39' title='bbox 611 966 738 1037; x_wconf 89' lang='grc' dir='ltr'><strong>περί</strong></span> <span class='ocrx_word' id='word_1_40' title='bbox 753 981 878 1020; x_wconf 83' lang='grc' dir='ltr'><strong>τινα</strong></span> <span class='ocrx_word' id='word_1_41' title='bbox 893 963 1258 1034; x_wconf 72' lang='grc' dir='ltr'><strong>διακειμένοις</strong></span> <span class='ocrx_word' id='word_1_42' title='bbox 1275 963 1500 1036; x_wconf 71' lang='grc' dir='ltr'><strong>ᾅσματα</strong></span> <span class='ocrx_word' id='word_1_43' title='bbox 1520 965 1693 1016; x_wconf 79' lang='grc' dir='ltr'><strong>ποιεῖν</strong></span> <span class='ocrx_word' id='word_1_44' title='bbox 1711 960 1788 1024; x_wconf 76' lang='grc' dir='ltr'><strong>είς</strong></span> <span class='ocrx_word' id='word_1_45' title='bbox 1806 961 1903 1015; x_wconf 75' lang='grc' dir='ltr'><strong>αὒ-</strong></span> 
     </span>
    </p>
   </div>
   <div class='ocr_carea' id='block_1_9' title="bbox 321 1051 1901 1129">
    <p class='ocr_par' dir='ltr' id='par_1_9' title="bbox 321 1051 1901 1129">
     <span class='ocr_line' id='line_1_9' title="bbox 321 1051 1901 1129; baseline -0.003 -19"><span class='ocrx_word' id='word_1_46' title='bbox 321 1059 433 1123; x_wconf 84' lang='grc' dir='ltr'><strong>τὸν,</strong></span> <span class='ocrx_word' id='word_1_47' title='bbox 453 1061 548 1111; x_wconf 67' lang='grc' dir='ltr'><strong>καὶ</strong></span> <span class='ocrx_word' id='word_1_48' title='bbox 561 1057 914 1129; x_wconf 74' lang='grc' dir='ltr'><strong>ψυχαγωγεῖν</strong></span> <span class='ocrx_word' id='word_1_49' title='bbox 937 1057 1187 1111; x_wconf 78' lang='grc' dir='ltr'><strong>ἐντεῦθεν</strong></span> <span class='ocrx_word' id='word_1_50' title='bbox 1207 1054 1298 1109; x_wconf 72' lang='grc' dir='ltr'><strong>τὸν</strong></span> <span class='ocrx_word' id='word_1_51' title='bbox 1322 1055 1505 1108; x_wconf 84' lang='grc' dir='ltr'><strong>πόθον.</strong></span> <span class='ocrx_word' id='word_1_52' title='bbox 1561 1051 1696 1108; x_wconf 75' lang='grc' dir='ltr'><strong>Ἀπὸ</strong></span> <span class='ocrx_word' id='word_1_53' title='bbox 1733 1069 1901 1124; x_wconf 76' lang='grc' dir='ltr'><strong>μετα·-</strong></span> 
     </span>
    </p>
   </div>
   <div class='ocr_carea' id='block_1_10' title="bbox 317 1144 1898 1220">
    <p class='ocr_par' dir='ltr' id='par_1_10' title="bbox 317 1144 1898 1220">
     <span class='ocr_line' id='line_1_10' title="bbox 317 1144 1898 1220; baseline -0.003 -19"><span class='ocrx_word' id='word_1_54' title='bbox 317 1151 490 1220; x_wconf 80' lang='grc' dir='ltr'><strong>φορᾶς</strong></span> <span class='ocrx_word' id='word_1_55' title='bbox 520 1149 612 1202; x_wconf 79' lang='grc' dir='ltr'><strong>οὖν</strong></span> <span class='ocrx_word' id='word_1_56' title='bbox 633 1149 730 1203; x_wconf 76' lang='grc' dir='ltr'><strong>τοῦ</strong></span> <span class='ocrx_word' id='word_1_57' title='bbox 759 1149 1007 1204; x_wconf 75' lang='grc' dir='ltr'><strong>τοιούτου</strong></span> <span class='ocrx_word' id='word_1_58' title='bbox 1028 1147 1190 1202; x_wconf 79' lang='grc' dir='ltr'><strong>διὰτὸ</strong></span> <span class='ocrx_word' id='word_1_59' title='bbox 1219 1145 1532 1215; x_wconf 57' lang='lat' dir='ltr'><strong>Tali),th</strong></span> <span class='ocrx_word' id='word_1_60' title='bbox 1563 1144 1898 1216; x_wconf 74' lang='grc' dir='ltr'><strong>ἐπιτεταμέ-</strong></span> 
     </span>
    </p>
   </div>
   <div class='ocr_carea' id='block_1_11' title="bbox 315 1234 1903 1311">
    <p class='ocr_par' dir='ltr' id='par_1_11' title="bbox 315 1234 1903 1311">
     <span class='ocr_line' id='line_1_11' title="bbox 315 1234 1903 1311; baseline -0.004 -17"><span class='ocrx_word' id='word_1_61' title='bbox 315 1258 406 1294; x_wconf 88' lang='grc' dir='ltr'><strong>νον</strong></span> <span class='ocrx_word' id='word_1_62' title='bbox 458 1242 539 1305; x_wconf 83' lang='grc' dir='ltr'><strong>είς</strong></span> <span class='ocrx_word' id='word_1_63' title='bbox 565 1241 701 1294; x_wconf 76' lang='grc' dir='ltr'><strong>Θεὸν</strong></span> <span class='ocrx_word' id='word_1_64' title='bbox 759 1240 941 1311; x_wconf 77' lang='grc' dir='ltr'><strong>ἔρωτα</strong></span> <span class='ocrx_word' id='word_1_65' title='bbox 993 1238 1368 1310; x_wconf 67' lang='grc' dir='ltr'><strong>παρέστησενυ</strong></span> <span class='ocrx_word' id='word_1_66' title='bbox 1397 1235 1656 1308; x_wconf 73' lang='grc' dir='ltr'><strong>ἐμφαίνει</strong></span> <span class='ocrx_word' id='word_1_67' title='bbox 1704 1234 1763 1288; x_wconf 72' lang='grc' dir='ltr'><strong>δὲ</strong></span> <span class='ocrx_word' id='word_1_68' title='bbox 1809 1234 1903 1288; x_wconf 75' lang='grc' dir='ltr'><strong>καὶ</strong></span> 
     </span>
    </p>
   </div>
   <div class='ocr_carea' id='block_1_12' title="bbox 316 1327 1899 1403">
    <p class='ocr_par' dir='ltr' id='par_1_12' title="bbox 316 1327 1899 1403">
     <span class='ocr_line' id='line_1_12' title="bbox 316 1327 1899 1403; baseline -0.005 -18"><span class='ocrx_word' id='word_1_69' title='bbox 316 1332 528 1403; x_wconf 77' lang='grc' dir='ltr'><strong>ῥυθμὸν</strong></span> <span class='ocrx_word' id='word_1_70' title='bbox 545 1332 868 1403; x_wconf 77' lang='grc' dir='ltr'><strong>ἐναρμόνιον</strong></span> <span class='ocrx_word' id='word_1_71' title='bbox 890 1330 975 1397; x_wconf 75' lang='grc' dir='ltr'><strong>τὸ,</strong></span> <span class='ocrx_word' id='word_1_72' title='bbox 1021 1329 1226 1386; x_wconf 71' lang='grc' dir='ltr'><strong>Ψαλῶ.</strong></span> <span class='ocrx_word' id='word_1_73' title='bbox 1257 1327 1719 1402; x_wconf 77' lang='grc' dir='ltr'><strong>’ᾼσομαιτοίνυν,</strong></span> <span class='ocrx_word' id='word_1_74' title='bbox 1747 1327 1807 1380; x_wconf 75' lang='grc' dir='ltr'><strong>οὐ</strong></span> <span class='ocrx_word' id='word_1_75' title='bbox 1834 1328 1899 1396; x_wconf 74' lang='grc' dir='ltr'><strong>τῇ</strong></span> 
     </span>
    </p>
   </div>
   <div class='ocr_carea' id='block_1_13' title="bbox 314 1418 1901 1495">
    <p class='ocr_par' dir='ltr' id='par_1_13' title="bbox 314 1418 1901 1495">
     <span class='ocr_line' id='line_1_13' title="bbox 314 1418 1901 1495; baseline -0.004 -17"><span class='ocrx_word' id='word_1_76' title='bbox 314 1425 478 1495; x_wconf 76' lang='grc' dir='ltr'><strong>φύσει</strong></span> <span class='ocrx_word' id='word_1_77' title='bbox 511 1442 607 1480; x_wconf 91' lang='grc' dir='ltr'><strong>σου</strong></span> <span class='ocrx_word' id='word_1_78' title='bbox 631 1443 644 1459; x_wconf 89' lang='grc'><strong>·</strong></span> <span class='ocrx_word' id='word_1_79' title='bbox 683 1427 779 1481; x_wconf 78' lang='grc' dir='ltr'><strong>καί</strong></span> <span class='ocrx_word' id='word_1_80' title='bbox 809 1426 919 1495; x_wconf 85' lang='grc' dir='ltr'><strong>γάρ</strong></span> <span class='ocrx_word' id='word_1_81' title='bbox 966 1424 1289 1494; x_wconf 77' lang='grc' dir='ltr'><strong>ἀνεννόητος</strong></span> <span class='ocrx_word' id='word_1_82' title='bbox 1309 1439 1323 1453; x_wconf 83' lang='lat'><strong>&#39;</strong></span> <span class='ocrx_word' id='word_1_83' title='bbox 1384 1421 1524 1477; x_wconf 84' lang='grc' dir='ltr'><strong>άλλά</strong></span> <span class='ocrx_word' id='word_1_84' title='bbox 1554 1421 1630 1491; x_wconf 82' lang='grc' dir='ltr'><strong>τῷ</strong></span> <span class='ocrx_word' id='word_1_85' title='bbox 1673 1418 1901 1489; x_wconf 81' lang='grc' dir='ltr'><strong>ὀνόματί</strong></span> 
     </span>
    </p>
   </div>
   <div class='ocr_carea' id='block_1_14' title="bbox 314 1517 1529 1587">
    <p class='ocr_par' dir='ltr' id='par_1_14' title="bbox 314 1517 1529 1587">
     <span class='ocr_line' id='line_1_14' title="bbox 314 1517 1529 1587; baseline 0.001 -18"><span class='ocrx_word' id='word_1_86' title='bbox 314 1534 433 1584; x_wconf 88' lang='grc' dir='ltr'><strong>σου,</strong></span> <span class='ocrx_word' id='word_1_87' title='bbox 462 1518 684 1572; x_wconf 76' lang='grc' dir='ltr'><strong>πλέκων</strong></span> <span class='ocrx_word' id='word_1_88' title='bbox 719 1517 872 1587; x_wconf 73' lang='grc' dir='ltr'><strong>αὐτῷ</strong></span> <span class='ocrx_word' id='word_1_89' title='bbox 907 1517 1248 1586; x_wconf 78' lang='grc' dir='ltr'><strong>κατάλληλον</strong></span> <span class='ocrx_word' id='word_1_90' title='bbox 1283 1517 1529 1570; x_wconf 76' lang='grc' dir='ltr'><strong>ἔπαινον.</strong></span> 
     </span>
    </p>
   </div>
   <div class='ocr_carea' id='block_1_15' title="bbox 399 1777 1901 1850">
    <p class='ocr_par' dir='ltr' id='par_1_15' title="bbox 399 1777 1901 1850">
     <span class='ocr_line' id='line_1_15' title="bbox 399 1777 1901 1850; baseline -0.002 -16"><span class='ocrx_word' id='word_1_91' title='bbox 399 1779 507 1834; x_wconf 79' lang='grc' dir='ltr'><strong>Ἐν</strong></span> <span class='ocrx_word' id='word_1_92' title='bbox 528 1780 1092 1850; x_wconf 70' lang='grc' dir='ltr'><strong>τῷάποστριιφῆναι</strong></span> <span class='ocrx_word' id='word_1_93' title='bbox 1129 1780 1236 1834; x_wconf 80' lang='grc' dir='ltr'><strong>τὸν</strong></span> <span class='ocrx_word' id='word_1_94' title='bbox 1266 1781 1490 1849; x_wconf 79' lang='grc' dir='ltr'><strong>ἐχθρόν</strong></span> <span class='ocrx_word' id='word_1_95' title='bbox 1540 1798 1658 1848; x_wconf 82' lang='grc' dir='ltr'><strong>μου</strong></span> <span class='ocrx_word' id='word_1_96' title='bbox 1710 1783 1798 1846; x_wconf 82' lang='grc' dir='ltr'><strong>εὶς</strong></span> <span class='ocrx_word' id='word_1_97' title='bbox 1831 1777 1901 1831; x_wconf 82' lang='grc' dir='ltr'><strong>τὰ</strong></span> 
     </span>
    </p>
   </div>
   <div class='ocr_carea' id='block_1_16' title="bbox 2003 590 3577 667">
    <p class='ocr_par' dir='ltr' id='par_1_16' title="bbox 2003 590 3577 667">
     <span class='ocr_line' id='line_1_16' title="bbox 2003 590 3577 667; baseline -0.008 -14"><span class='ocrx_word' id='word_1_98' title='bbox 2003 605 2088 654; x_wconf 82' lang='lat' dir='ltr'><strong>est</strong></span> <span class='ocrx_word' id='word_1_99' title='bbox 2111 598 2204 667; x_wconf 90' lang='lat' dir='ltr'><strong>qui</strong></span> <span class='ocrx_word' id='word_1_100' title='bbox 2229 596 2481 650; x_wconf 81' lang='lat' dir='ltr'><strong>homines</strong></span> <span class='ocrx_word' id='word_1_101' title='bbox 2504 595 2701 648; x_wconf 78' lang='lat' dir='ltr'><strong>salvat.</strong></span> <span class='ocrx_word' id='word_1_102' title='bbox 2729 590 3038 646; x_wconf 70' lang='lat' dir='ltr'><strong>Exsultatio</strong></span> <span class='ocrx_word' id='word_1_103' title='bbox 3069 604 3197 644; x_wconf 73' lang='lat' dir='ltr'><strong>vero</strong></span> <span class='ocrx_word' id='word_1_104' title='bbox 3222 590 3397 656; x_wconf 83' lang='lat' dir='ltr'><strong>major</strong></span> <span class='ocrx_word' id='word_1_105' title='bbox 3426 606 3577 658; x_wconf 74' lang='lat' dir='ltr'><strong>qna:-</strong></span> 
     </span>
    </p>
   </div>
   <div class='ocr_carea' id='block_1_17' title="bbox 2001 675 3579 750">
    <p class='ocr_par' dir='ltr' id='par_1_17' title="bbox 2001 675 3579 750">
     <span class='ocr_line' id='line_1_17' title="bbox 2001 675 3579 750; baseline -0.009 -8"><span class='ocrx_word' id='word_1_106' title='bbox 2001 687 2127 742; x_wconf 79' lang='lat' dir='ltr'><strong>dam</strong></span> <span class='ocrx_word' id='word_1_107' title='bbox 2161 697 2244 742; x_wconf 89' lang='lat' dir='ltr'><strong>est</strong></span> <span class='ocrx_word' id='word_1_108' title='bbox 2277 685 2477 740; x_wconf 58' lang='lat' dir='ltr'><strong>latitia:</strong></span> <span class='ocrx_word' id='word_1_109' title='bbox 2509 684 2775 737; x_wconf 83' lang='lat' dir='ltr'><strong>inlensiu:</strong></span> <span class='ocrx_word' id='word_1_110' title='bbox 2830 696 2951 750; x_wconf 64' lang='lat' dir='ltr'><strong>qum</strong></span> <span class='ocrx_word' id='word_1_111' title='bbox 3000 695 3111 748; x_wconf 75' lang='lat' dir='ltr'><strong>pra:</strong></span> <span class='ocrx_word' id='word_1_112' title='bbox 3155 678 3326 732; x_wconf 89' lang='lat' dir='ltr'><strong>nimio</strong></span> <span class='ocrx_word' id='word_1_113' title='bbox 3375 675 3579 745; x_wconf 79' lang='lat' dir='ltr'><strong>gaudio</strong></span> 
     </span>
    </p>
   </div>
   <div class='ocr_carea' id='block_1_18' title="bbox 2002 771 3201 845">
    <p class='ocr_par' dir='ltr' id='par_1_18' title="bbox 2002 771 3201 845">
     <span class='ocr_line' id='line_1_18' title="bbox 2002 771 3201 845; baseline -0.008 -11"><span class='ocrx_word' id='word_1_114' title='bbox 2002 778 2261 836; x_wconf 76' lang='lat' dir='ltr'><strong>subsilire</strong></span> <span class='ocrx_word' id='word_1_115' title='bbox 2301 776 2455 832; x_wconf 76' lang='lat' dir='ltr'><strong>valde</strong></span> <span class='ocrx_word' id='word_1_116' title='bbox 2480 787 2644 845; x_wconf 84' lang='lat' dir='ltr'><strong>atque</strong></span> <span class='ocrx_word' id='word_1_117' title='bbox 2665 775 2867 828; x_wconf 74' lang='lat' dir='ltr'><strong>elevari</strong></span> <span class='ocrx_word' id='word_1_118' title='bbox 2910 787 3006 826; x_wconf 88' lang='lat' dir='ltr'><strong>cor</strong></span> <span class='ocrx_word' id='word_1_119' title='bbox 3048 771 3201 824; x_wconf 76' lang='lat' dir='ltr'><strong>facit.</strong></span> 
     </span>
    </p>
   </div>
   <div class='ocr_carea' id='block_1_19' title="bbox 2075 863 3584 930">
    <p class='ocr_par' dir='ltr' id='par_1_19' title="bbox 2075 863 3584 930">
     <span class='ocr_line' id='line_1_19' title="bbox 2075 863 3584 930; baseline -0.007 -3"><span class='ocrx_word' id='word_1_120' title='bbox 2075 870 2320 927; x_wconf 73' lang='lat' dir='ltr'><strong>Psallam</strong></span> <span class='ocrx_word' id='word_1_121' title='bbox 2343 869 2687 929; x_wconf 80' lang='lat' dir='ltr'><strong>nominituo,</strong></span> <span class='ocrx_word' id='word_1_122' title='bbox 2721 866 3016 918; x_wconf 77' lang='lat' dir='ltr'><strong>Altissime.</strong></span> <span class='ocrx_word' id='word_1_123' title='bbox 3077 863 3192 918; x_wconf 78' lang='lat' dir='ltr'><strong>Mos</strong></span> <span class='ocrx_word' id='word_1_124' title='bbox 3213 871 3330 916; x_wconf 83' lang='lat' dir='ltr'><strong>erat</strong></span> <span class='ocrx_word' id='word_1_125' title='bbox 3385 863 3451 916; x_wconf 85' lang='lat' dir='ltr'><strong>iis</strong></span> <span class='ocrx_word' id='word_1_126' title='bbox 3487 863 3584 930; x_wconf 88' lang='lat' dir='ltr'><strong>qui</strong></span> 
     </span>
    </p>
   </div>
   <div class='ocr_carea' id='block_1_20' title="bbox 2001 957 3587 1030">
    <p class='ocr_par' dir='ltr' id='par_1_20' title="bbox 2001 957 3587 1030">
     <span class='ocr_line' id='line_1_20' title="bbox 2001 957 3587 1030; baseline -0.008 -10"><span class='ocrx_word' id='word_1_127' title='bbox 2001 965 2270 1020; x_wconf 88' lang='lat' dir='ltr'><strong>amatorie</strong></span> <span class='ocrx_word' id='word_1_128' title='bbox 2355 963 2412 1017; x_wconf 90' lang='lat' dir='ltr'><strong>in</strong></span> <span class='ocrx_word' id='word_1_129' title='bbox 2463 961 2701 1030; x_wconf 85' lang='lat' dir='ltr'><strong>aliquem</strong></span> <span class='ocrx_word' id='word_1_130' title='bbox 2783 958 2962 1014; x_wconf 69' lang='lat' dir='ltr'><strong>allecti</strong></span> <span class='ocrx_word' id='word_1_131' title='bbox 3047 966 3254 1021; x_wconf 89' lang='lat' dir='ltr'><strong>essent,</strong></span> <span class='ocrx_word' id='word_1_132' title='bbox 3341 957 3587 1010; x_wconf 89' lang='lat' dir='ltr'><strong>carmina</strong></span> 
     </span>
    </p>
   </div>
   <div class='ocr_carea' id='block_1_21' title="bbox 1999 1049 3590 1118">
    <p class='ocr_par' dir='ltr' id='par_1_21' title="bbox 1999 1049 3590 1118">
     <span class='ocr_line' id='line_1_21' title="bbox 1999 1049 3590 1118; baseline -0.008 -6"><span class='ocrx_word' id='word_1_133' title='bbox 1999 1071 2056 1113; x_wconf 90' lang='lat' dir='ltr'><strong>et</strong></span> <span class='ocrx_word' id='word_1_134' title='bbox 2108 1067 2308 1112; x_wconf 80' lang='lat' dir='ltr'><strong>cautus</strong></span> <span class='ocrx_word' id='word_1_135' title='bbox 2366 1057 2418 1110; x_wconf 92' lang='lat' dir='ltr'><strong>in</strong></span> <span class='ocrx_word' id='word_1_136' title='bbox 2484 1070 2610 1109; x_wconf 89' lang='lat' dir='ltr'><strong>eum</strong></span> <span class='ocrx_word' id='word_1_137' title='bbox 2677 1066 3032 1118; x_wconf 87' lang='lat' dir='ltr'><strong>componere,</strong></span> <span class='ocrx_word' id='word_1_138' title='bbox 3093 1059 3260 1118; x_wconf 84' lang='lat' dir='ltr'><strong>atque</strong></span> <span class='ocrx_word' id='word_1_139' title='bbox 3327 1049 3431 1102; x_wconf 90' lang='lat' dir='ltr'><strong>hoc</strong></span> <span class='ocrx_word' id='word_1_140' title='bbox 3491 1064 3590 1116; x_wconf 77' lang='lat' dir='ltr'><strong>pa-</strong></span> 
     </span>
    </p>
   </div>
   <div class='ocr_carea' id='block_1_22' title="bbox 2000 1140 3588 1212">
    <p class='ocr_par' dir='ltr' id='par_1_22' title="bbox 2000 1140 3588 1212">
     <span class='ocr_line' id='line_1_22' title="bbox 2000 1140 3588 1212; baseline -0.007 -8"><span class='ocrx_word' id='word_1_141' title='bbox 2000 1161 2091 1206; x_wconf 79' lang='lat' dir='ltr'><strong>t-to</strong></span> <span class='ocrx_word' id='word_1_142' title='bbox 2114 1147 2280 1204; x_wconf 84' lang='lat' dir='ltr'><strong>animi</strong></span> <span class='ocrx_word' id='word_1_143' title='bbox 2313 1145 2648 1203; x_wconf 81' lang='lat' dir='ltr'><strong>desiderium</strong></span> <span class='ocrx_word' id='word_1_144' title='bbox 2677 1145 2885 1198; x_wconf 88' lang='lat' dir='ltr'><strong>lenire:</strong></span> <span class='ocrx_word' id='word_1_145' title='bbox 2921 1140 3232 1212; x_wconf 80' lang='lat' dir='ltr'><strong>hujusntodi</strong></span> <span class='ocrx_word' id='word_1_146' title='bbox 3271 1140 3588 1208; x_wconf 87' lang='lat' dir='ltr'><strong>metaphora</strong></span> 
     </span>
    </p>
   </div>
   <div class='ocr_carea' id='block_1_23' title="bbox 2001 1231 3590 1313">
    <p class='ocr_par' dir='ltr' id='par_1_23' title="bbox 2001 1231 3590 1313">
     <span class='ocr_line' id='line_1_23' title="bbox 2001 1231 3590 1313; baseline -0.006 -20"><span class='ocrx_word' id='word_1_147' title='bbox 2001 1239 2271 1313; x_wconf 82' lang='lat' dir='ltr'><strong>propheta</strong></span> <span class='ocrx_word' id='word_1_148' title='bbox 2326 1254 2487 1303; x_wconf 84' lang='lat' dir='ltr'><strong>usus,</strong></span> <span class='ocrx_word' id='word_1_149' title='bbox 2531 1236 2902 1292; x_wconf 87' lang='lat' dir='ltr'><strong>inteusionem</strong></span> <span class='ocrx_word' id='word_1_150' title='bbox 2961 1231 3170 1286; x_wconf 87' lang='lat' dir='ltr'><strong>amoris</strong></span> <span class='ocrx_word' id='word_1_151' title='bbox 3209 1232 3294 1285; x_wconf 82' lang='lat' dir='ltr'><strong>sui</strong></span> <span class='ocrx_word' id='word_1_152' title='bbox 3314 1231 3368 1284; x_wconf 87' lang='lat' dir='ltr'><strong>in</strong></span> <span class='ocrx_word' id='word_1_153' title='bbox 3419 1233 3590 1285; x_wconf 86' lang='lat' dir='ltr'><strong>Deum</strong></span> 
     </span>
    </p>
   </div>
   <div class='ocr_carea' id='block_1_24' title="bbox 2001 1325 3592 1396">
    <p class='ocr_par' dir='ltr' id='par_1_24' title="bbox 2001 1325 3592 1396">
     <span class='ocr_line' id='line_1_24' title="bbox 2001 1325 3592 1396; baseline -0.009 -6"><span class='ocrx_word' id='word_1_154' title='bbox 2001 1333 2326 1396; x_wconf 78' lang='lat' dir='ltr'><strong>declaravit,</strong></span> <span class='ocrx_word' id='word_1_155' title='bbox 2356 1331 2579 1386; x_wconf 88' lang='lat' dir='ltr'><strong>dicens:</strong></span> <span class='ocrx_word' id='word_1_156' title='bbox 2608 1329 2852 1384; x_wconf 74' lang='lat' dir='ltr'><strong>Paullum</strong></span> <span class='ocrx_word' id='word_1_157' title='bbox 2883 1327 3092 1381; x_wconf 82' lang='lat' dir='ltr'><strong>nomini</strong></span> <span class='ocrx_word' id='word_1_158' title='bbox 3117 1338 3247 1380; x_wconf 79' lang='lat' dir='ltr'><strong>tuo:</strong></span> <span class='ocrx_word' id='word_1_159' title='bbox 3281 1325 3592 1396; x_wconf 73' lang='lat' dir='ltr'><strong>quaedietiu</strong></span> 
     </span>
    </p>
   </div>
   <div class='ocr_carea' id='block_1_25' title="bbox 2004 1421 3592 1486">
    <p class='ocr_par' dir='ltr' id='par_1_25' title="bbox 2004 1421 3592 1486">
     <span class='ocr_line' id='line_1_25' title="bbox 2004 1421 3592 1486; baseline -0.008 -2"><span class='ocrx_word' id='word_1_160' title='bbox 2004 1431 2275 1486; x_wconf 85' lang='lat' dir='ltr'><strong>musicum</strong></span> <span class='ocrx_word' id='word_1_161' title='bbox 2301 1443 2366 1481; x_wconf 89' lang='lat' dir='ltr'><strong>ac</strong></span> <span class='ocrx_word' id='word_1_162' title='bbox 2414 1425 2748 1482; x_wconf 89' lang='lat' dir='ltr'><strong>concinnum</strong></span> <span class='ocrx_word' id='word_1_163' title='bbox 2791 1434 3016 1479; x_wconf 90' lang='lat' dir='ltr'><strong>cantum</strong></span> <span class='ocrx_word' id='word_1_164' title='bbox 3088 1423 3336 1478; x_wconf 79' lang='lat' dir='ltr'><strong>denotat.</strong></span> <span class='ocrx_word' id='word_1_165' title='bbox 3384 1421 3592 1477; x_wconf 84' lang='lat' dir='ltr'><strong>Canam</strong></span> 
     </span>
    </p>
   </div>
   <div class='ocr_carea' id='block_1_26' title="bbox 2006 1512 3594 1591">
    <p class='ocr_par' dir='ltr' id='par_1_26' title="bbox 2006 1512 3594 1591">
     <span class='ocr_line' id='line_1_26' title="bbox 2006 1512 3594 1591; baseline -0.006 -17"><span class='ocrx_word' id='word_1_166' title='bbox 2006 1521 2199 1591; x_wconf 88' lang='lat' dir='ltr'><strong>igitur,</strong></span> <span class='ocrx_word' id='word_1_167' title='bbox 2227 1519 2428 1588; x_wconf 89' lang='lat' dir='ltr'><strong>inquit,</strong></span> <span class='ocrx_word' id='word_1_168' title='bbox 2463 1526 2807 1572; x_wconf 75' lang='lat' dir='ltr'><strong>nounatura:</strong></span> <span class='ocrx_word' id='word_1_169' title='bbox 2838 1527 2966 1578; x_wconf 68' lang='lat' dir='ltr'><strong>tum,</strong></span> <span class='ocrx_word' id='word_1_170' title='bbox 2998 1513 3223 1584; x_wconf 83' lang='lat' dir='ltr'><strong>quando</strong></span> <span class='ocrx_word' id='word_1_171' title='bbox 3251 1512 3473 1584; x_wconf 81' lang='lat' dir='ltr'><strong>quidem</strong></span> <span class='ocrx_word' id='word_1_172' title='bbox 3503 1513 3594 1565; x_wconf 84' lang='lat' dir='ltr'><strong>illa</strong></span> 
     </span>
    </p>
   </div>
   <div class='ocr_carea' id='block_1_27' title="bbox 2006 1603 3593 1685">
    <p class='ocr_par' dir='ltr' id='par_1_27' title="bbox 2006 1603 3593 1685">
     <span class='ocr_line' id='line_1_27' title="bbox 2006 1603 3593 1685; baseline -0.003 -20"><span class='ocrx_word' id='word_1_173' title='bbox 2006 1615 2212 1685; x_wconf 78' lang='lat' dir='ltr'><strong>percipi</strong></span> <span class='ocrx_word' id='word_1_174' title='bbox 2244 1629 2354 1668; x_wconf 91' lang='lat' dir='ltr'><strong>non</strong></span> <span class='ocrx_word' id='word_1_175' title='bbox 2388 1620 2592 1684; x_wconf 88' lang='lat' dir='ltr'><strong>potest,</strong></span> <span class='ocrx_word' id='word_1_176' title='bbox 2626 1610 2721 1665; x_wconf 85' lang='lat' dir='ltr'><strong>sed</strong></span> <span class='ocrx_word' id='word_1_177' title='bbox 2760 1611 2972 1665; x_wconf 89' lang='lat' dir='ltr'><strong>nomini</strong></span> <span class='ocrx_word' id='word_1_178' title='bbox 3017 1619 3137 1674; x_wconf 85' lang='lat' dir='ltr'><strong>tuo,</strong></span> <span class='ocrx_word' id='word_1_179' title='bbox 3188 1608 3450 1664; x_wconf 85' lang='lat' dir='ltr'><strong>decentes</strong></span> <span class='ocrx_word' id='word_1_180' title='bbox 3515 1603 3593 1661; x_wconf 87' lang='lat' dir='ltr'><strong>illi</strong></span> 
     </span>
    </p>
   </div>
   <div class='ocr_carea' id='block_1_28' title="bbox 2006 1703 2939 1772">
    <p class='ocr_par' dir='ltr' id='par_1_28' title="bbox 2006 1703 2939 1772">
     <span class='ocr_line' id='line_1_28' title="bbox 2006 1703 2939 1772; baseline -0.004 -10"><span class='ocrx_word' id='word_1_181' title='bbox 2006 1718 2238 1762; x_wconf 78' lang='lat' dir='ltr'><strong>nectens</strong></span> <span class='ocrx_word' id='word_1_182' title='bbox 2263 1721 2328 1759; x_wconf 90' lang='lat' dir='ltr'><strong>ac</strong></span> <span class='ocrx_word' id='word_1_183' title='bbox 2352 1704 2696 1772; x_wconf 84' lang='lat' dir='ltr'><strong>complicans</strong></span> <span class='ocrx_word' id='word_1_184' title='bbox 2726 1703 2939 1759; x_wconf 66' lang='lat' dir='ltr'><strong>laudes.</strong></span> 
     </span>
    </p>
   </div>
   <div class='ocr_carea' id='block_1_29' title="bbox 2084 1791 3601 1861">
    <p class='ocr_par' dir='ltr' id='par_1_29' title="bbox 2084 1791 3601 1861">
     <span class='ocr_line' id='line_1_29' title="bbox 2084 1791 3601 1861; baseline -0.004 -11"><span class='ocrx_word' id='word_1_185' title='bbox 2084 1796 2249 1851; x_wconf 70' lang='lat' dir='ltr'><strong>Vsus.</strong></span> <span class='ocrx_word' id='word_1_186' title='bbox 2268 1796 2320 1850; x_wconf 65' lang='grc'><strong>4.</strong></span> <span class='ocrx_word' id='word_1_187' title='bbox 2342 1794 2477 1852; x_wconf 78' lang='lat' dir='ltr'><strong>Cum</strong></span> <span class='ocrx_word' id='word_1_188' title='bbox 2501 1811 2778 1849; x_wconf 65' lang='lat' dir='ltr'><strong>conteras:</strong></span> <span class='ocrx_word' id='word_1_189' title='bbox 2799 1794 2961 1861; x_wconf 71' lang='lat' dir='ltr'><strong>fuerit</strong></span> <span class='ocrx_word' id='word_1_190' title='bbox 2978 1791 3225 1846; x_wconf 77' lang='lat' dir='ltr'><strong>inimicus</strong></span> <span class='ocrx_word' id='word_1_191' title='bbox 3240 1807 3383 1846; x_wconf 76' lang='lat' dir='ltr'><strong>meus</strong></span> <span class='ocrx_word' id='word_1_192' title='bbox 3402 1800 3601 1846; x_wconf 74' lang='lat' dir='ltr'><strong>retror-</strong></span> 
     </span>
    </p>
   </div>
   <div class='ocr_carea' id='block_1_30' title="bbox 313 1870 1911 1958">
    <p class='ocr_par' dir='ltr' id='par_1_30' title="bbox 313 1870 1903 1941">
     <span class='ocr_line' id='line_1_30' title="bbox 313 1870 1903 1941; baseline -0.001 -13"><span class='ocrx_word' id='word_1_193' title='bbox 313 1875 532 1940; x_wconf 79' lang='grc' dir='ltr'><strong>ὸπίσω,</strong></span> <span class='ocrx_word' id='word_1_194' title='bbox 565 1874 1008 1941; x_wconf 80' lang='grc' dir='ltr'><strong>ἀσθενήσουσι,</strong></span> <span class='ocrx_word' id='word_1_195' title='bbox 1036 1870 1135 1930; x_wconf 72' lang='grc' dir='ltr'><strong>καὶ</strong></span> <span class='ocrx_word' id='word_1_196' title='bbox 1164 1873 1540 1929; x_wconf 73' lang='grc' dir='ltr'><strong>ἀπολοῦνται</strong></span> <span class='ocrx_word' id='word_1_197' title='bbox 1562 1873 1682 1927; x_wconf 78' lang='grc' dir='ltr'><strong>ἀπὸ</strong></span> <span class='ocrx_word' id='word_1_198' title='bbox 1711 1889 1903 1941; x_wconf 76' lang='grc' dir='ltr'><strong>προσ-</strong></span> 
     </span>
    </p>
   </div>
   <div class='ocr_carea' id='block_1_31' title="bbox 2013 1870 3598 1958">
    <p class='ocr_par' dir='ltr' id='par_1_31' title="bbox 2013 1885 3598 1958">
     <span class='ocr_line' id='line_1_31' title="bbox 2013 1885 3598 1958; baseline -0.005 -14"><span class='ocrx_word' id='word_1_199' title='bbox 2013 1909 2155 1955; x_wconf 79' lang='lat' dir='ltr'><strong>aum,</strong></span> <span class='ocrx_word' id='word_1_200' title='bbox 2177 1889 2592 1958; x_wconf 79' lang='lat' dir='ltr'><strong>iuﬁrmabuntur</strong></span> <span class='ocrx_word' id='word_1_201' title='bbox 2612 1897 2661 1940; x_wconf 79' lang='lat' dir='ltr'><strong>et</strong></span> <span class='ocrx_word' id='word_1_202' title='bbox 2679 1887 2927 1954; x_wconf 73' lang='lat' dir='ltr'><strong>peribunt</strong></span> <span class='ocrx_word' id='word_1_203' title='bbox 2939 1901 2972 1938; x_wconf 88' lang='lat' dir='ltr'><strong>a</strong></span> <span class='ocrx_word' id='word_1_204' title='bbox 2998 1885 3135 1951; x_wconf 76' lang='lat' dir='ltr'><strong>facie</strong></span> <span class='ocrx_word' id='word_1_205' title='bbox 3159 1895 3269 1936; x_wconf 76' lang='lat' dir='ltr'><strong>tua.</strong></span> <span class='ocrx_word' id='word_1_206' title='bbox 3286 1886 3598 1938; x_wconf 53' lang='lat' dir='ltr'><strong>(Iunnumcb</strong></span> 
     </span>
    </p>
   </div>
   <div class='ocr_carea' id='block_1_32' title="bbox 320 1964 1899 2040">
    <p class='ocr_par' dir='ltr' id='par_1_32' title="bbox 320 1964 1899 2040">
     <span class='ocr_line' id='line_1_32' title="bbox 320 1964 1899 2040; baseline -0.003 -20"><span class='ocrx_word' id='word_1_207' title='bbox 320 1966 488 2021; x_wconf 72' lang='grc' dir='ltr'><strong>ώπου</strong></span> <span class='ocrx_word' id='word_1_208' title='bbox 544 1984 684 2021; x_wconf 83' lang='grc' dir='ltr'><strong>σου.</strong></span> <span class='ocrx_word' id='word_1_209' title='bbox 724 1967 982 2040; x_wconf 79' lang='grc' dir='ltr'><strong>Ἀρχεται</strong></span> <span class='ocrx_word' id='word_1_210' title='bbox 1021 1966 1346 2035; x_wconf 73' lang='grc' dir='ltr'><strong>καταλέγειν</strong></span> <span class='ocrx_word' id='word_1_211' title='bbox 1377 1966 1444 2020; x_wconf 89' lang='grc' dir='ltr'><strong>τά</strong></span> <span class='ocrx_word' id='word_1_212' title='bbox 1464 1967 1580 2034; x_wconf 74' lang='grc' dir='ltr'><strong>είόη</strong></span> <span class='ocrx_word' id='word_1_213' title='bbox 1615 1964 1714 2028; x_wconf 75' lang='grc' dir='ltr'><strong>τῆς</strong></span> <span class='ocrx_word' id='word_1_214' title='bbox 1742 1965 1899 2034; x_wconf 78' lang='grc' dir='ltr'><strong>εὐερ-</strong></span> 
     </span>
    </p>
   </div>
   <div class='ocr_carea' id='block_1_33' title="bbox 311 2051 1905 2132">
    <p class='ocr_par' dir='ltr' id='par_1_33' title="bbox 311 2051 1905 2132">
     <span class='ocr_line' id='line_1_33' title="bbox 311 2051 1905 2132; baseline -0.002 -20"><span class='ocrx_word' id='word_1_215' title='bbox 311 2059 529 2128; x_wconf 84' lang='grc' dir='ltr'><strong>γεσίας,</strong></span> <span class='ocrx_word' id='word_1_216' title='bbox 558 2059 702 2132; x_wconf 76' lang='grc' dir='ltr'><strong>ὑπὲρ</strong></span> <span class='ocrx_word' id='word_1_217' title='bbox 728 2051 810 2114; x_wconf 83' lang='grc' dir='ltr'><strong>ὧν</strong></span> <span class='ocrx_word' id='word_1_218' title='bbox 840 2062 875 2131; x_wconf 76' lang='grc' dir='ltr'>ἡ</span> <span class='ocrx_word' id='word_1_219' title='bbox 909 2059 1333 2130; x_wconf 69' lang='grc' dir='ltr'><strong>ἐξομολόγησις·</strong></span> <span class='ocrx_word' id='word_1_220' title='bbox 1393 2059 1664 2129; x_wconf 73' lang='grc' dir='ltr'><strong>ἐτόλμησε</strong></span> <span class='ocrx_word' id='word_1_221' title='bbox 1723 2057 1834 2128; x_wconf 70' lang='grc' dir='ltr'><strong>γάρ</strong></span> <span class='ocrx_word' id='word_1_222' title='bbox 1874 2058 1905 2109; x_wconf 82' lang='grc' dir='ltr'><strong>ό</strong></span> 
     </span>
    </p>
   </div>
   <div class='ocr_carea' id='block_1_34' title="bbox 309 2151 1904 2225">
    <p class='ocr_par' dir='ltr' id='par_1_34' title="bbox 309 2151 1904 2225">
     <span class='ocr_line' id='line_1_34' title="bbox 309 2151 1904 2225; baseline 0 -20"><span class='ocrx_word' id='word_1_223' title='bbox 309 2153 581 2224; x_wconf 71' lang='grc' dir='ltr'><strong>τύραννός</strong></span> <span class='ocrx_word' id='word_1_224' title='bbox 619 2169 750 2206; x_wconf 85' lang='grc' dir='ltr'><strong>ποτε</strong></span> <span class='ocrx_word' id='word_1_225' title='bbox 772 2153 1036 2209; x_wconf 77' lang='grc' dir='ltr'><strong>καὶκατὰ</strong></span> <span class='ocrx_word' id='word_1_226' title='bbox 1075 2151 1175 2208; x_wconf 81' lang='grc' dir='ltr'><strong>τοῦ</strong></span> <span class='ocrx_word' id='word_1_227' title='bbox 1232 2153 1508 2225; x_wconf 79' lang='grc' dir='ltr'><strong>Σωτῆρος,</strong></span> <span class='ocrx_word' id='word_1_228' title='bbox 1560 2151 1658 2205; x_wconf 73' lang='grc' dir='ltr'><strong>καὶ</strong></span> <span class='ocrx_word' id='word_1_229' title='bbox 1690 2151 1766 2214; x_wconf 85' lang='grc' dir='ltr'><strong>ὼς</strong></span> <span class='ocrx_word' id='word_1_230' title='bbox 1807 2151 1904 2204; x_wconf 80' lang='grc' dir='ltr'><strong>ἀν-</strong></span> 
     </span>
    </p>
   </div>
   <div class='ocr_carea' id='block_1_35' title="bbox 313 2244 1902 2319">
    <p class='ocr_par' dir='ltr' id='par_1_35' title="bbox 313 2244 1902 2319">
     <span class='ocr_line' id='line_1_35' title="bbox 313 2244 1902 2319; baseline 0 -20"><span class='ocrx_word' id='word_1_231' title='bbox 313 2247 523 2318; x_wconf 81' lang='grc' dir='ltr'><strong>θρώπῳ</strong></span> <span class='ocrx_word' id='word_1_232' title='bbox 572 2245 717 2319; x_wconf 74' lang='grc' dir='ltr'><strong>ψιλῷ</strong></span> <span class='ocrx_word' id='word_1_233' title='bbox 764 2244 1145 2319; x_wconf 76' lang='grc' dir='ltr'><strong>προσέϐαλενο</strong></span> <span class='ocrx_word' id='word_1_234' title='bbox 1209 2247 1336 2300; x_wconf 80' lang='grc' dir='ltr'><strong>ἐπεὶ</strong></span> <span class='ocrx_word' id='word_1_235' title='bbox 1406 2244 1467 2302; x_wconf 75' lang='grc' dir='ltr'><strong>δὲ</strong></span> <span class='ocrx_word' id='word_1_236' title='bbox 1523 2245 1607 2309; x_wconf 80' lang='grc' dir='ltr'><strong>τὸ,</strong></span> <span class='ocrx_word' id='word_1_237' title='bbox 1663 2245 1902 2314; x_wconf 75' lang='grc' dir='ltr'><strong>’Υπαγε</strong></span> 
     </span>
    </p>
   </div>
   <div class='ocr_carea' id='block_1_36' title="bbox 313 2337 1904 2410">
    <p class='ocr_par' dir='ltr' id='par_1_36' title="bbox 313 2337 1904 2410">
     <span class='ocr_line' id='line_1_36' title="bbox 313 2337 1904 2410; baseline 0 -20"><span class='ocrx_word' id='word_1_238' title='bbox 313 2340 510 2393; x_wconf 74' lang='grc' dir='ltr'><strong>ὀπίσω</strong></span> <span class='ocrx_word' id='word_1_239' title='bbox 574 2356 720 2410; x_wconf 79' lang='grc' dir='ltr'><strong>μου,</strong></span> <span class='ocrx_word' id='word_1_240' title='bbox 796 2340 1058 2407; x_wconf 77' lang='grc' dir='ltr'><strong>Σατανᾶ,</strong></span> <span class='ocrx_word' id='word_1_241' title='bbox 1101 2337 1577 2410; x_wconf 68' lang='grc' dir='ltr'><strong>ἧκουσεν,ᾔτθετο</strong></span> <span class='ocrx_word' id='word_1_242' title='bbox 1619 2338 1904 2406; x_wconf 81' lang='grc' dir='ltr'><strong>δυνάμεως</strong></span> 
     </span>
    </p>
   </div>
   <div class='ocr_carea' id='block_1_37' title="bbox 313 2423 1903 2503">
    <p class='ocr_par' dir='ltr' id='par_1_37' title="bbox 313 2423 1903 2503">
     <span class='ocr_line' id='line_1_37' title="bbox 313 2423 1903 2503; baseline -0.001 -19"><span class='ocrx_word' id='word_1_243' title='bbox 313 2432 558 2501; x_wconf 81' lang='grc' dir='ltr'><strong>ἀμάχου,</strong></span> <span class='ocrx_word' id='word_1_244' title='bbox 606 2433 704 2486; x_wconf 76' lang='grc' dir='ltr'><strong>καὶ</strong></span> <span class='ocrx_word' id='word_1_245' title='bbox 729 2423 847 2502; x_wconf 71' lang='grc' dir='ltr'><strong>μετ⁶</strong></span> <span class='ocrx_word' id='word_1_246' title='bbox 880 2430 1148 2503; x_wconf 66' lang='grc' dir='ltr'><strong>αἰσχύνης</strong></span> <span class='ocrx_word' id='word_1_247' title='bbox 1179 2429 1544 2500; x_wconf 75' lang='grc' dir='ltr'><strong>ὑπεχώρησεν</strong></span> <span class='ocrx_word' id='word_1_248' title='bbox 1569 2447 1583 2460; x_wconf 80' lang='lat'><strong><em>°</em></strong></span> <span class='ocrx_word' id='word_1_249' title='bbox 1619 2431 1903 2498; x_wconf 79' lang='grc' dir='ltr'><strong>ἀποστρα-</strong></span> 
     </span>
    </p>
   </div>
   <div class='ocr_carea' id='block_1_38' title="bbox 315 2519 1907 2595">
    <p class='ocr_par' dir='ltr' id='par_1_38' title="bbox 315 2519 1907 2595">
     <span class='ocr_line' id='line_1_38' title="bbox 315 2519 1907 2595; baseline -0.001 -20"><span class='ocrx_word' id='word_1_250' title='bbox 315 2523 511 2590; x_wconf 70' lang='grc' dir='ltr'><strong>φέντος</strong></span> <span class='ocrx_word' id='word_1_251' title='bbox 543 2521 602 2575; x_wconf 74' lang='grc' dir='ltr'><strong>δὲ</strong></span> <span class='ocrx_word' id='word_1_252' title='bbox 629 2522 726 2576; x_wconf 77' lang='grc' dir='ltr'><strong>καὶ</strong></span> <span class='ocrx_word' id='word_1_253' title='bbox 751 2524 1058 2595; x_wconf 81' lang='grc' dir='ltr'><strong>τραπέντος</strong></span> <span class='ocrx_word' id='word_1_254' title='bbox 1086 2521 1280 2587; x_wconf 79' lang='grc' dir='ltr'><strong>αὐτοῦ,</strong></span> <span class='ocrx_word' id='word_1_255' title='bbox 1332 2523 1390 2576; x_wconf 83' lang='grc' dir='ltr'><strong>αι</strong></span> <span class='ocrx_word' id='word_1_256' title='bbox 1414 2521 1506 2574; x_wconf 82' lang='grc' dir='ltr'><strong>ὑπ’</strong></span> <span class='ocrx_word' id='word_1_257' title='bbox 1531 2522 1698 2575; x_wconf 75' lang='grc' dir='ltr'><strong>αὑτὸν</strong></span> <span class='ocrx_word' id='word_1_258' title='bbox 1741 2519 1907 2574; x_wconf 83' lang='grc' dir='ltr'><strong>δυνά-</strong></span> 
     </span>
    </p>
   </div>
   <div class='ocr_carea' id='block_1_39' title="bbox 316 2605 1907 2686">
    <p class='ocr_par' dir='ltr' id='par_1_39' title="bbox 316 2605 1907 2686">
     <span class='ocr_line' id='line_1_39' title="bbox 316 2605 1907 2686; baseline -0.003 -21"><span class='ocrx_word' id='word_1_259' title='bbox 316 2631 438 2683; x_wconf 88' lang='grc' dir='ltr'><strong>μεις</strong></span> <span class='ocrx_word' id='word_1_260' title='bbox 490 2614 832 2686; x_wconf 80' lang='grc' dir='ltr'><strong>ἠσθένησαν,</strong></span> <span class='ocrx_word' id='word_1_261' title='bbox 883 2615 979 2666; x_wconf 73' lang='grc' dir='ltr'><strong>καὶ</strong></span> <span class='ocrx_word' id='word_1_262' title='bbox 1022 2610 1327 2678; x_wconf 80' lang='grc' dir='ltr'><strong>ἀπώλοντο,</strong></span> <span class='ocrx_word' id='word_1_263' title='bbox 1379 2605 1493 2664; x_wconf 76' lang='grc' dir='ltr'><strong>οἷόν</strong></span> <span class='ocrx_word' id='word_1_264' title='bbox 1549 2627 1672 2663; x_wconf 87' lang='grc' dir='ltr'><strong>τινα</strong></span> <span class='ocrx_word' id='word_1_265' title='bbox 1727 2610 1907 2680; x_wconf 75' lang='grc' dir='ltr'><strong>ψυχὴν</strong></span> 
     </span>
    </p>
   </div>
   <div class='ocr_carea' id='block_1_40' title="bbox 312 2701 1906 2776">
    <p class='ocr_par' dir='ltr' id='par_1_40' title="bbox 312 2701 1906 2776">
     <span class='ocr_line' id='line_1_40' title="bbox 312 2701 1906 2776; baseline -0.004 -18"><span class='ocrx_word' id='word_1_266' title='bbox 312 2706 674 2776; x_wconf 46' lang='grc' dir='ltr'><strong>ἀρῃρημέναι</strong></span> <span class='ocrx_word' id='word_1_267' title='bbox 699 2705 797 2775; x_wconf 73' lang='grc' dir='ltr'><strong>τὴν</strong></span> <span class='ocrx_word' id='word_1_268' title='bbox 813 2703 1128 2775; x_wconf 78' lang='grc' dir='ltr'><strong>τυραννίδα.</strong></span> <span class='ocrx_word' id='word_1_269' title='bbox 1181 2701 1291 2756; x_wconf 80' lang='grc' dir='ltr'><strong>Τοῦ</strong></span> <span class='ocrx_word' id='word_1_270' title='bbox 1307 2702 1489 2772; x_wconf 83' lang='grc' dir='ltr'><strong>Ἰησοῦ</strong></span> <span class='ocrx_word' id='word_1_271' title='bbox 1517 2702 1629 2772; x_wconf 84' lang='grc' dir='ltr'><strong>γὰρ</strong></span> <span class='ocrx_word' id='word_1_272' title='bbox 1651 2703 1906 2771; x_wconf 85' lang='grc' dir='ltr'><strong>ἀναμαρ-</strong></span> 
     </span>
    </p>
   </div>
   <div class='ocr_carea' id='block_1_41' title="bbox 314 2791 1909 2867">
    <p class='ocr_par' dir='ltr' id='par_1_41' title="bbox 314 2791 1909 2867">
     <span class='ocr_line' id='line_1_41' title="bbox 314 2791 1909 2867; baseline -0.003 -18"><span class='ocrx_word' id='word_1_273' title='bbox 314 2798 476 2866; x_wconf 80' lang='grc' dir='ltr'><strong>τήτου</strong></span> <span class='ocrx_word' id='word_1_274' title='bbox 532 2797 699 2867; x_wconf 77' lang='grc' dir='ltr'><strong>μέχρι</strong></span> <span class='ocrx_word' id='word_1_275' title='bbox 755 2795 988 2850; x_wconf 82' lang='grc' dir='ltr'><strong>Θανάτου</strong></span> <span class='ocrx_word' id='word_1_276' title='bbox 1045 2794 1358 2866; x_wconf 84' lang='grc' dir='ltr'><strong>μείναντος,</strong></span> <span class='ocrx_word' id='word_1_277' title='bbox 1405 2795 1501 2847; x_wconf 68' lang='grc' dir='ltr'><strong>καὶ</strong></span> <span class='ocrx_word' id='word_1_278' title='bbox 1526 2793 1619 2847; x_wconf 68' lang='grc' dir='ltr'><strong>τὸν</strong></span> <span class='ocrx_word' id='word_1_279' title='bbox 1659 2791 1909 2846; x_wconf 80' lang='grc' dir='ltr'><strong>διάϐολον</strong></span> 
     </span>
    </p>
   </div>
   <div class='ocr_carea' id='block_1_42' title="bbox 316 2885 1910 2958">
    <p class='ocr_par' dir='ltr' id='par_1_42' title="bbox 316 2885 1910 2958">
     <span class='ocr_line' id='line_1_42' title="bbox 316 2885 1910 2958; baseline -0.001 -18"><span class='ocrx_word' id='word_1_280' title='bbox 316 2886 646 2950; x_wconf 75' lang='grc' dir='ltr'><strong>καθελόντος</strong></span> <span class='ocrx_word' id='word_1_281' title='bbox 682 2885 956 2948; x_wconf 71' lang='grc' dir='ltr'><strong>ἐντεῦθεν,</strong></span> <span class='ocrx_word' id='word_1_282' title='bbox 990 2885 1089 2941; x_wconf 79' lang='grc' dir='ltr'><strong>καὶ</strong></span> <span class='ocrx_word' id='word_1_283' title='bbox 1133 2887 1511 2958; x_wconf 76' lang='grc' dir='ltr'><strong>ἀμφιέσαντος</strong></span> <span class='ocrx_word' id='word_1_284' title='bbox 1565 2886 1715 2955; x_wconf 63' lang='grc' dir='ltr'><strong>ἡμᾶς</strong></span> <span class='ocrx_word' id='word_1_285' title='bbox 1768 2885 1910 2938; x_wconf 77' lang='grc' dir='ltr'><strong>ὅπλα</strong></span> 
     </span>
    </p>
   </div>
   <div class='ocr_carea' id='block_1_43' title="bbox 317 2975 1911 3050">
    <p class='ocr_par' dir='ltr' id='par_1_43' title="bbox 317 2975 1911 3050">
     <span class='ocr_line' id='line_1_43' title="bbox 317 2975 1911 3050; baseline -0.001 -20"><span class='ocrx_word' id='word_1_286' title='bbox 317 2977 621 3047; x_wconf 74' lang='grc' dir='ltr'><strong>σωτηρίας,</strong></span> <span class='ocrx_word' id='word_1_287' title='bbox 655 2977 718 3030; x_wconf 79' lang='grc' dir='ltr'><strong>τὸ</strong></span> <span class='ocrx_word' id='word_1_288' title='bbox 741 2977 884 3031; x_wconf 80' lang='grc' dir='ltr'><strong>θετον</strong></span> <span class='ocrx_word' id='word_1_289' title='bbox 914 2979 1225 3050; x_wconf 80' lang='grc' dir='ltr'><strong>βάπτισμα,</strong></span> <span class='ocrx_word' id='word_1_290' title='bbox 1256 2979 1352 3032; x_wconf 70' lang='grc' dir='ltr'><strong>καὶ</strong></span> <span class='ocrx_word' id='word_1_291' title='bbox 1375 2977 1478 3049; x_wconf 73' lang='grc' dir='ltr'><strong>τὴν</strong></span> <span class='ocrx_word' id='word_1_292' title='bbox 1510 2975 1750 3048; x_wconf 83' lang='grc' dir='ltr'><strong>μελέτην</strong></span> <span class='ocrx_word' id='word_1_293' title='bbox 1817 2976 1911 3030; x_wconf 81' lang='grc' dir='ltr'><strong>καὶ</strong></span> 
     </span>
    </p>
   </div>
   <div class='ocr_carea' id='block_1_44' title="bbox 315 3068 1910 3141">
    <p class='ocr_par' dir='ltr' id='par_1_44' title="bbox 315 3068 1910 3141">
     <span class='ocr_line' id='line_1_44' title="bbox 315 3068 1910 3141; baseline 0 -19"><span class='ocrx_word' id='word_1_294' title='bbox 315 3069 575 3141; x_wconf 78' lang='grc' dir='ltr'><strong>φυλακὴν</strong></span> <span class='ocrx_word' id='word_1_295' title='bbox 614 3070 726 3122; x_wconf 87' lang='grc' dir='ltr'><strong>τῶν</strong></span> <span class='ocrx_word' id='word_1_296' title='bbox 775 3069 939 3124; x_wconf 83' lang='grc' dir='ltr'><strong>θείων</strong></span> <span class='ocrx_word' id='word_1_297' title='bbox 981 3069 1209 3139; x_wconf 83' lang='grc' dir='ltr'><strong>λογίων,</strong></span> <span class='ocrx_word' id='word_1_298' title='bbox 1243 3071 1389 3123; x_wconf 70' lang='grc' dir='ltr'><strong>κατὰ</strong></span> <span class='ocrx_word' id='word_1_299' title='bbox 1420 3071 1524 3140; x_wconf 81' lang='grc' dir='ltr'><strong>τὴν</strong></span> <span class='ocrx_word' id='word_1_300' title='bbox 1552 3068 1754 3123; x_wconf 80' lang='grc' dir='ltr'><strong>ἑαυτοῦ</strong></span> <span class='ocrx_word' id='word_1_301' title='bbox 1811 3084 1910 3121; x_wconf 83' lang='grc' dir='ltr'><strong>πο-</strong></span> 
     </span>
    </p>
   </div>
   <div class='ocr_carea' id='block_1_45' title="bbox 314 3159 1906 3234">
    <p class='ocr_par' dir='ltr' id='par_1_45' title="bbox 314 3159 1906 3234">
     <span class='ocr_line' id='line_1_45' title="bbox 314 3159 1906 3234; baseline 0.001 -23"><span class='ocrx_word' id='word_1_302' title='bbox 314 3159 524 3216; x_wconf 76' lang='grc' dir='ltr'><strong>λιτείαν</strong></span> <span class='ocrx_word' id='word_1_303' title='bbox 569 3161 933 3225; x_wconf 74' lang='grc' dir='ltr'><strong>ἀπολιπόντος</strong></span> <span class='ocrx_word' id='word_1_304' title='bbox 961 3163 1095 3234; x_wconf 70' lang='grc' dir='ltr'><strong>ἡμῖν</strong></span> <span class='ocrx_word' id='word_1_305' title='bbox 1122 3160 1245 3214; x_wconf 66' lang='grc' dir='ltr'><strong>ὁδὸν</strong></span> <span class='ocrx_word' id='word_1_306' title='bbox 1275 3163 1354 3226; x_wconf 81' lang='grc' dir='ltr'><strong>είς</strong></span> <span class='ocrx_word' id='word_1_307' title='bbox 1378 3162 1648 3231; x_wconf 72' lang='grc' dir='ltr'><strong>οὐρανοὺς</strong></span> <span class='ocrx_word' id='word_1_308' title='bbox 1667 3161 1906 3229; x_wconf 82' lang='grc' dir='ltr'><strong>ἀνάγου-</strong></span> 
     </span>
    </p>
   </div>
   <div class='ocr_carea' id='block_1_46' title="bbox 317 3239 1980 3323">
    <p class='ocr_par' dir='ltr' id='par_1_46' title="bbox 317 3239 1980 3323">
     <span class='ocr_line' id='line_1_46' title="bbox 317 3239 1980 3323; baseline -0.001 -17"><span class='ocrx_word' id='word_1_309' title='bbox 317 3271 436 3319; x_wconf 79' lang='grc' dir='ltr'><strong>σαν,</strong></span> <span class='ocrx_word' id='word_1_310' title='bbox 467 3253 911 3323; x_wconf 78' lang='grc' dir='ltr'><strong>κατηργὴϐησαν</strong></span> <span class='ocrx_word' id='word_1_311' title='bbox 934 3254 1285 3307; x_wconf 86' lang='grc' dir='ltr'><strong>παντάπασιν</strong></span> <span class='ocrx_word' id='word_1_312' title='bbox 1308 3253 1358 3306; x_wconf 74' lang='grc' dir='ltr'><strong>οἱ</strong></span> <span class='ocrx_word' id='word_1_313' title='bbox 1379 3251 1659 3322; x_wconf 83' lang='grc' dir='ltr'><strong>δαίμονες,</strong></span> <span class='ocrx_word' id='word_1_314' title='bbox 1691 3254 1789 3306; x_wconf 77' lang='grc' dir='ltr'><strong>καὶ</strong></span> <span class='ocrx_word' id='word_1_315' title='bbox 1815 3253 1909 3306; x_wconf 81' lang='grc' dir='ltr'><strong>οὐ·</strong></span> <span class='ocrx_word' id='word_1_316' title='bbox 1935 3239 1980 3299; x_wconf 77' lang='lat' dir='ltr'>c</span> 
     </span>
    </p>
   </div>
   <div class='ocr_carea' id='block_1_47' title="bbox 314 3343 1912 3416">
    <p class='ocr_par' dir='ltr' id='par_1_47' title="bbox 314 3343 1912 3416">
     <span class='ocr_line' id='line_1_47' title="bbox 314 3343 1912 3416; baseline -0.001 -17"><span class='ocrx_word' id='word_1_317' title='bbox 314 3344 520 3414; x_wconf 78' lang='grc' dir='ltr'><strong>δεμίαν</strong></span> <span class='ocrx_word' id='word_1_318' title='bbox 551 3343 736 3414; x_wconf 77' lang='grc' dir='ltr'><strong>ἔχουσι</strong></span> <span class='ocrx_word' id='word_1_319' title='bbox 751 3344 981 3416; x_wconf 82' lang='grc' dir='ltr'><strong>δύναμιν</strong></span> <span class='ocrx_word' id='word_1_320' title='bbox 1013 3344 1135 3400; x_wconf 77' lang='grc' dir='ltr'><strong>καθ’</strong></span> <span class='ocrx_word' id='word_1_321' title='bbox 1160 3343 1338 3416; x_wconf 75' lang='grc' dir='ltr'><strong>ἡμῶν,</strong></span> <span class='ocrx_word' id='word_1_322' title='bbox 1358 3345 1500 3416; x_wconf 83' lang='grc' dir='ltr'><strong>είμὴ</strong></span> <span class='ocrx_word' id='word_1_323' title='bbox 1525 3345 1614 3398; x_wconf 79' lang='grc' dir='ltr'><strong>διά</strong></span> <span class='ocrx_word' id='word_1_324' title='bbox 1637 3345 1912 3416; x_wconf 76' lang='grc' dir='ltr'><strong>ῥᾳθυμίας</strong></span> 
     </span>
    </p>
   </div>
   <div class='ocr_carea' id='block_1_48' title="bbox 316 3437 1913 3507">
    <p class='ocr_par' dir='ltr' id='par_1_48' title="bbox 316 3437 1913 3507">
     <span class='ocr_line' id='line_1_48' title="bbox 316 3437 1913 3507; baseline 0 -17"><span class='ocrx_word' id='word_1_325' title='bbox 316 3437 477 3507; x_wconf 70' lang='grc' dir='ltr'><strong>ἡμεῖς</strong></span> <span class='ocrx_word' id='word_1_326' title='bbox 511 3437 741 3500; x_wconf 83' lang='grc' dir='ltr'><strong>ἑκόντες</strong></span> <span class='ocrx_word' id='word_1_327' title='bbox 784 3437 989 3500; x_wconf 78' lang='grc' dir='ltr'><strong>αὐτοὺς</strong></span> <span class='ocrx_word' id='word_1_328' title='bbox 1050 3437 1494 3507; x_wconf 70' lang='grc' dir='ltr'><strong>επισπασόμεθα,</strong></span> <span class='ocrx_word' id='word_1_329' title='bbox 1543 3438 1654 3489; x_wconf 83' lang='grc' dir='ltr'><strong>τῶν</strong></span> <span class='ocrx_word' id='word_1_330' title='bbox 1681 3438 1913 3491; x_wconf 77' lang='grc' dir='ltr'><strong>ἐντολῶν</strong></span> 
     </span>
    </p>
   </div>
   <div class='ocr_carea' id='block_1_49' title="bbox 203 3527 1915 3597">
    <p class='ocr_par' dir='ltr' id='par_1_49' title="bbox 203 3527 1915 3597">
     <span class='ocr_line' id='line_1_49' title="bbox 203 3527 1915 3597; baseline 0.001 -17"><span class='ocrx_word' id='word_1_331' title='bbox 203 3575 208 3579; x_wconf 77' lang='lat'><strong>.</strong></span> <span class='ocrx_word' id='word_1_332' title='bbox 315 3528 725 3597; x_wconf 71' lang='grc' dir='ltr'><strong>ἀμελήσαντες.</strong></span> <span class='ocrx_word' id='word_1_333' title='bbox 767 3528 914 3582; x_wconf 75' lang='grc' dir='ltr'><strong>Ἀπὸ</strong></span> <span class='ocrx_word' id='word_1_334' title='bbox 952 3527 1284 3596; x_wconf 78' lang='grc' dir='ltr'><strong>προσώπου</strong></span> <span class='ocrx_word' id='word_1_335' title='bbox 1323 3528 1410 3592; x_wconf 79' lang='grc' dir='ltr'><strong>δὲ,</strong></span> <span class='ocrx_word' id='word_1_336' title='bbox 1452 3530 1758 3594; x_wconf 80' lang='grc' dir='ltr'><strong>τουτέστιν,</strong></span> <span class='ocrx_word' id='word_1_337' title='bbox 1805 3530 1915 3582; x_wconf 76' lang='grc' dir='ltr'><strong>ἀπὸ</strong></span> 
     </span>
    </p>
   </div>
   <div class='ocr_carea' id='block_1_50' title="bbox 316 3621 1913 3696">
    <p class='ocr_par' dir='ltr' id='par_1_50' title="bbox 316 3621 1913 3696">
     <span class='ocr_line' id='line_1_50' title="bbox 316 3621 1913 3696; baseline 0.003 -22"><span class='ocrx_word' id='word_1_338' title='bbox 316 3621 484 3691; x_wconf 73' lang='grc' dir='ltr'><strong>φόϐου</strong></span> <span class='ocrx_word' id='word_1_339' title='bbox 520 3639 644 3675; x_wconf 84' lang='grc' dir='ltr'><strong>σου.</strong></span> <span class='ocrx_word' id='word_1_340' title='bbox 684 3622 922 3695; x_wconf 62' lang='lat' dir='ltr'><strong>eoaeva</strong></span> <span class='ocrx_word' id='word_1_341' title='bbox 946 3625 1054 3695; x_wconf 76' lang='grc' dir='ltr'><strong>γάρ</strong></span> <span class='ocrx_word' id='word_1_342' title='bbox 1079 3626 1138 3677; x_wconf 82' lang='grc' dir='ltr'><strong>ὲν</strong></span> <span class='ocrx_word' id='word_1_343' title='bbox 1159 3623 1447 3693; x_wconf 75' lang='grc' dir='ltr'><strong>πολέμοις,</strong></span> <span class='ocrx_word' id='word_1_344' title='bbox 1476 3624 1589 3678; x_wconf 82' lang='grc' dir='ltr'><strong>τῶν</strong></span> <span class='ocrx_word' id='word_1_345' title='bbox 1638 3625 1913 3696; x_wconf 79' lang='grc' dir='ltr'><strong>ἀριστέων</strong></span> 
     </span>
    </p>
   </div>
   <div class='ocr_carea' id='block_1_51' title="bbox 316 3718 728 3790">
    <p class='ocr_par' dir='ltr' id='par_1_51' title="bbox 316 3718 728 3790">
     <span class='ocr_line' id='line_1_51' title="bbox 316 3718 728 3790; baseline -0.002 -16"><span class='ocrx_word' id='word_1_346' title='bbox 316 3718 378 3774; x_wconf 68' lang='grc' dir='ltr'><strong>τὸ</strong></span> <span class='ocrx_word' id='word_1_347' title='bbox 410 3720 728 3790; x_wconf 70' lang='grc' dir='ltr'><strong>πρόσωπον.</strong></span> 
     </span>
    </p>
   </div>
   <div class='ocr_carea' id='block_1_52' title="bbox 387 3987 1915 4062">
    <p class='ocr_par' dir='ltr' id='par_1_52' title="bbox 387 3987 1915 4062">
     <span class='ocr_line' id='line_1_52' title="bbox 387 3987 1915 4062; baseline 0.003 -19"><span class='ocrx_word' id='word_1_348' title='bbox 387 3987 523 4044; x_wconf 77' lang='grc' dir='ltr'><strong>ὀτι</strong></span> <span class='ocrx_word' id='word_1_349' title='bbox 545 3988 847 4057; x_wconf 69' lang='grc' dir='ltr'><strong>ἐποίησας</strong></span> <span class='ocrx_word' id='word_1_350' title='bbox 866 3990 985 4058; x_wconf 73' lang='grc' dir='ltr'><strong>τὴν</strong></span> <span class='ocrx_word' id='word_1_351' title='bbox 1025 3990 1232 4059; x_wconf 73' lang='grc' dir='ltr'><strong>κρίσιν</strong></span> <span class='ocrx_word' id='word_1_352' title='bbox 1254 4006 1400 4062; x_wconf 77' lang='grc' dir='ltr'><strong>μου,</strong></span> <span class='ocrx_word' id='word_1_353' title='bbox 1429 3993 1532 4047; x_wconf 76' lang='grc' dir='ltr'><strong>καὶ</strong></span> <span class='ocrx_word' id='word_1_354' title='bbox 1561 3994 1679 4062; x_wconf 77' lang='grc' dir='ltr'><strong>τὴν</strong></span> <span class='ocrx_word' id='word_1_355' title='bbox 1729 3993 1915 4061; x_wconf 77' lang='grc' dir='ltr'><strong>δίκην</strong></span> 
     </span>
    </p>
   </div>
   <div class='ocr_carea' id='block_1_53' title="bbox 313 4082 1911 4154">
    <p class='ocr_par' dir='ltr' id='par_1_53' title="bbox 313 4082 1911 4154">
     <span class='ocr_line' id='line_1_53' title="bbox 313 4082 1911 4154; baseline 0.004 -19"><span class='ocrx_word' id='word_1_356' title='bbox 313 4099 454 4151; x_wconf 80' lang='grc' dir='ltr'><strong>μου.</strong></span> <span class='ocrx_word' id='word_1_357' title='bbox 489 4082 764 4154; x_wconf 78' lang='grc' dir='ltr'><strong>Ἔκρινάς</strong></span> <span class='ocrx_word' id='word_1_358' title='bbox 804 4099 873 4154; x_wconf 82' lang='grc' dir='ltr'><strong>με</strong></span> <span class='ocrx_word' id='word_1_359' title='bbox 914 4083 1047 4153; x_wconf 84' lang='grc' dir='ltr'><strong>γάρ,</strong></span> <span class='ocrx_word' id='word_1_360' title='bbox 1093 4083 1186 4137; x_wconf 79' lang='grc' dir='ltr'><strong>τὸν</strong></span> <span class='ocrx_word' id='word_1_361' title='bbox 1246 4085 1329 4150; x_wconf 80' lang='grc' dir='ltr'><strong>είς</strong></span> <span class='ocrx_word' id='word_1_362' title='bbox 1351 4084 1412 4138; x_wconf 71' lang='grc' dir='ltr'><strong>σι</strong></span> <span class='ocrx_word' id='word_1_363' title='bbox 1474 4091 1911 4154; x_wconf 86' lang='grc' dir='ltr'><strong>πεπιστευκότα,</strong></span> 
     </span>
    </p>
   </div>
   <div class='ocr_carea' id='block_1_54' title="bbox 318 4174 1916 4251">
    <p class='ocr_par' dir='ltr' id='par_1_54' title="bbox 318 4174 1916 4251">
     <span class='ocr_line' id='line_1_54' title="bbox 318 4174 1916 4251; baseline 0.005 -23"><span class='ocrx_word' id='word_1_364' title='bbox 318 4174 940 4245; x_wconf 81' lang='grc' dir='ltr'><strong>καταδυναστευόμενον</strong></span> <span class='ocrx_word' id='word_1_365' title='bbox 964 4177 1070 4230; x_wconf 79' lang='grc' dir='ltr'><strong>ὑπὸ</strong></span> <span class='ocrx_word' id='word_1_366' title='bbox 1093 4174 1193 4231; x_wconf 80' lang='grc' dir='ltr'><strong>τοῦ</strong></span> <span class='ocrx_word' id='word_1_367' title='bbox 1218 4175 1472 4232; x_wconf 89' lang='grc' dir='ltr'><strong>διαϐόλου</strong></span> <span class='ocrx_word' id='word_1_368' title='bbox 1508 4179 1798 4251; x_wconf 79' lang='grc' dir='ltr'><strong>πρότερον,</strong></span> <span class='ocrx_word' id='word_1_369' title='bbox 1820 4186 1916 4237; x_wconf 81' lang='grc' dir='ltr'><strong>καὶ</strong></span> 
     </span>
    </p>
   </div>
   <div class='ocr_carea' id='block_1_55' title="bbox 317 4269 1914 4343">
    <p class='ocr_par' dir='ltr' id='par_1_55' title="bbox 317 4269 1914 4343">
     <span class='ocr_line' id='line_1_55' title="bbox 317 4269 1914 4343; baseline 0.005 -20"><span class='ocrx_word' id='word_1_370' title='bbox 317 4269 540 4342; x_wconf 77' lang='grc' dir='ltr'><strong>πικρῶς</strong></span> <span class='ocrx_word' id='word_1_371' title='bbox 591 4270 1031 4343; x_wconf 75' lang='grc' dir='ltr'><strong>τυραννούμενον</strong></span> <span class='ocrx_word' id='word_1_372' title='bbox 1082 4271 1141 4340; x_wconf 76' lang='grc' dir='ltr'><strong>ἐξ</strong></span> <span class='ocrx_word' id='word_1_373' title='bbox 1193 4273 1451 4342; x_wconf 77' lang='grc' dir='ltr'><strong>ἀγνοίας·</strong></span> <span class='ocrx_word' id='word_1_374' title='bbox 1499 4275 1595 4330; x_wconf 77' lang='grc' dir='ltr'><strong>καὶ</strong></span> <span class='ocrx_word' id='word_1_375' title='bbox 1654 4275 1779 4331; x_wconf 81' lang='grc' dir='ltr'><strong>ίδὼν</strong></span> <span class='ocrx_word' id='word_1_376' title='bbox 1830 4279 1914 4331; x_wconf 81' lang='grc' dir='ltr'><strong>ὅτι</strong></span> 
     </span>
    </p>
   </div>
   <div class='ocr_carea' id='block_1_56' title="bbox 320 4365 1910 4440">
    <p class='ocr_par' dir='ltr' id='par_1_56' title="bbox 320 4365 1910 4440">
     <span class='ocr_line' id='line_1_56' title="bbox 320 4365 1910 4440; baseline 0.006 -21"><span class='ocrx_word' id='word_1_377' title='bbox 320 4365 610 4439; x_wconf 79' lang='grc' dir='ltr'><strong>φθονερῶς</strong></span> <span class='ocrx_word' id='word_1_378' title='bbox 637 4366 668 4420; x_wconf 83' lang='grc' dir='ltr'><strong>ό</strong></span> <span class='ocrx_word' id='word_1_379' title='bbox 696 4367 936 4440; x_wconf 79' lang='grc' dir='ltr'><strong>πονηρὸς</strong></span> <span class='ocrx_word' id='word_1_380' title='bbox 961 4368 1025 4421; x_wconf 77' lang='grc' dir='ltr'><strong>τὸ</strong></span> <span class='ocrx_word' id='word_1_381' title='bbox 1058 4367 1152 4424; x_wconf 73' lang='grc' dir='ltr'><strong>σὺν</strong></span> <span class='ocrx_word' id='word_1_382' title='bbox 1183 4367 1418 4440; x_wconf 82' lang='grc' dir='ltr'><strong>πλάσμα</strong></span> <span class='ocrx_word' id='word_1_383' title='bbox 1441 4371 1910 4440; x_wconf 79' lang='grc' dir='ltr'><strong>κατεδουλώσατο,</strong></span> 
     </span>
    </p>
   </div>
   <div class='ocr_carea' id='block_1_57' title="bbox 319 4458 1911 4546">
    <p class='ocr_par' dir='ltr' id='par_1_57' title="bbox 319 4458 1911 4546">
     <span class='ocr_line' id='line_1_57' title="bbox 319 4458 1911 4546; baseline 0.008 -37"><span class='ocrx_word' id='word_1_384' title='bbox 319 4458 654 4523; x_wconf 69' lang='grc' dir='ltr'><strong>ἑδικαίωσάς</strong></span> <span class='ocrx_word' id='word_1_385' title='bbox 700 4477 794 4532; x_wconf 82' lang='grc' dir='ltr'><strong>με,</strong></span> <span class='ocrx_word' id='word_1_386' title='bbox 824 4460 933 4514; x_wconf 86' lang='grc' dir='ltr'><strong>τῶν</strong></span> <span class='ocrx_word' id='word_1_387' title='bbox 961 4460 1174 4517; x_wconf 74' lang='grc' dir='ltr'><strong>ἐκείνου</strong></span> <span class='ocrx_word' id='word_1_388' title='bbox 1201 4535 1217 4546; x_wconf 44' lang='lat'><em>.</em></span> <span class='ocrx_word' id='word_1_389' title='bbox 1247 4462 1455 4535; x_wconf 84' lang='grc' dir='ltr'><strong>χειρῶν</strong></span> <span class='ocrx_word' id='word_1_390' title='bbox 1511 4463 1911 4536; x_wconf 76' lang='grc' dir='ltr'><strong>ὑπεξαγαγὼν,</strong></span> 
     </span>
    </p>
   </div>
   <div class='ocr_carea' id='block_1_58' title="bbox 2007 1973 3604 2048">
    <p class='ocr_par' dir='ltr' id='par_1_58' title="bbox 2007 1973 3604 2048">
     <span class='ocr_line' id='line_1_58' title="bbox 2007 1973 3604 2048; baseline -0.004 -13"><span class='ocrx_word' id='word_1_391' title='bbox 2007 1997 2130 2036; x_wconf 86' lang='lat' dir='ltr'><strong>rare</strong></span> <span class='ocrx_word' id='word_1_392' title='bbox 2173 1980 2365 2048; x_wconf 88' lang='lat' dir='ltr'><strong>incipit</strong></span> <span class='ocrx_word' id='word_1_393' title='bbox 2407 1977 2794 2033; x_wconf 85' lang='lat' dir='ltr'><strong>beneﬁciorum</strong></span> <span class='ocrx_word' id='word_1_394' title='bbox 2842 1991 3041 2046; x_wconf 83' lang='lat' dir='ltr'><strong>genera</strong></span> <span class='ocrx_word' id='word_1_395' title='bbox 3075 2016 3089 2037; x_wconf 94' lang='lat'><strong>,</strong></span> <span class='ocrx_word' id='word_1_396' title='bbox 3122 1992 3221 2045; x_wconf 84' lang='lat' dir='ltr'><strong>pro</strong></span> <span class='ocrx_word' id='word_1_397' title='bbox 3249 1977 3450 2044; x_wconf 78' lang='lat' dir='ltr'><strong>quibus</strong></span> <span class='ocrx_word' id='word_1_398' title='bbox 3493 1973 3604 2030; x_wconf 89' lang='lat' dir='ltr'><strong>Deo</strong></span> 
     </span>
    </p>
   </div>
   <div class='ocr_carea' id='block_1_59' title="bbox 2007 2069 3603 2143">
    <p class='ocr_par' dir='ltr' id='par_1_59' title="bbox 2007 2069 3603 2143">
     <span class='ocr_line' id='line_1_59' title="bbox 2007 2069 3603 2143; baseline -0.003 -19"><span class='ocrx_word' id='word_1_399' title='bbox 2007 2073 2210 2143; x_wconf 86' lang='lat' dir='ltr'><strong>gratias</strong></span> <span class='ocrx_word' id='word_1_400' title='bbox 2252 2074 2388 2141; x_wconf 90' lang='lat' dir='ltr'><strong>agit.</strong></span> <span class='ocrx_word' id='word_1_401' title='bbox 2429 2070 2609 2124; x_wconf 84' lang='lat' dir='ltr'><strong>Ausus</strong></span> <span class='ocrx_word' id='word_1_402' title='bbox 2636 2078 2723 2123; x_wconf 77' lang='lat' dir='ltr'><strong>est</strong></span> <span class='ocrx_word' id='word_1_403' title='bbox 2767 2069 3065 2139; x_wconf 82' lang='lat' dir='ltr'><strong>aliquando</strong></span> <span class='ocrx_word' id='word_1_404' title='bbox 3097 2079 3366 2138; x_wconf 77' lang='lat' dir='ltr'><strong>tyrannus</strong></span> <span class='ocrx_word' id='word_1_405' title='bbox 3391 2070 3603 2122; x_wconf 71' lang='grc' dir='ltr'><strong>«ιωιυυιι</strong></span> 
     </span>
    </p>
   </div>
   <div class='ocr_carea' id='block_1_60' title="bbox 2008 2159 3602 2234">
    <p class='ocr_par' dir='ltr' id='par_1_60' title="bbox 2008 2159 3602 2234">
     <span class='ocr_line' id='line_1_60' title="bbox 2008 2159 3602 2234; baseline -0.004 -16"><span class='ocrx_word' id='word_1_406' title='bbox 2008 2164 2191 2234; x_wconf 88' lang='lat' dir='ltr'><strong>ipsum</strong></span> <span class='ocrx_word' id='word_1_407' title='bbox 2234 2163 2399 2217; x_wconf 89' lang='lat' dir='ltr'><strong>etiam</strong></span> <span class='ocrx_word' id='word_1_408' title='bbox 2443 2161 2809 2222; x_wconf 84' lang='lat' dir='ltr'><strong>Salvatorem,</strong></span> <span class='ocrx_word' id='word_1_409' title='bbox 2863 2159 3032 2216; x_wconf 80' lang='lat' dir='ltr'><strong>veluti</strong></span> <span class='ocrx_word' id='word_1_410' title='bbox 3079 2161 3287 2214; x_wconf 89' lang='lat' dir='ltr'><strong>nudum</strong></span> <span class='ocrx_word' id='word_1_411' title='bbox 3321 2160 3602 2214; x_wconf 84' lang='lat' dir='ltr'><strong>hominem</strong></span> 
     </span>
    </p>
   </div>
   <div class='ocr_carea' id='block_1_61' title="bbox 2009 2251 3602 2322">
    <p class='ocr_par' dir='ltr' id='par_1_61' title="bbox 2009 2251 3602 2322">
     <span class='ocr_line' id='line_1_61' title="bbox 2009 2251 3602 2322; baseline -0.005 -11"><span class='ocrx_word' id='word_1_412' title='bbox 2009 2257 2272 2311; x_wconf 71' lang='lat' dir='ltr'><strong>inVadere</strong></span> <span class='ocrx_word' id='word_1_413' title='bbox 2308 2272 2323 2309; x_wconf 93' lang='lat'><strong>:</strong></span> <span class='ocrx_word' id='word_1_414' title='bbox 2366 2255 2461 2310; x_wconf 89' lang='lat' dir='ltr'><strong>sed</strong></span> <span class='ocrx_word' id='word_1_415' title='bbox 2489 2255 2652 2310; x_wconf 84' lang='lat' dir='ltr'><strong>simul</strong></span> <span class='ocrx_word' id='word_1_416' title='bbox 2678 2270 2740 2309; x_wconf 88' lang='lat' dir='ltr'><strong>ac</strong></span> <span class='ocrx_word' id='word_1_417' title='bbox 2762 2255 2871 2309; x_wconf 85' lang='lat' dir='ltr'><strong>dici</strong></span> <span class='ocrx_word' id='word_1_418' title='bbox 2899 2253 3108 2310; x_wconf 72' lang='lat' dir='ltr'><strong>audivit</strong></span> <span class='ocrx_word' id='word_1_419' title='bbox 3135 2271 3148 2306; x_wconf 90' lang='lat'><strong>:</strong></span> <span class='ocrx_word' id='word_1_420' title='bbox 3179 2251 3320 2308; x_wconf 80' lang='lat' dir='ltr'><strong>Vade</strong></span> <span class='ocrx_word' id='word_1_421' title='bbox 3347 2265 3467 2322; x_wconf 76' lang='lat' dir='ltr'><strong>post</strong></span> <span class='ocrx_word' id='word_1_422' title='bbox 3500 2271 3602 2316; x_wconf 83' lang='lat' dir='ltr'><strong>me,</strong></span> 
     </span>
    </p>
   </div>
   <div class='ocr_carea' id='block_1_62' title="bbox 2011 2347 3604 2418">
    <p class='ocr_par' dir='ltr' id='par_1_62' title="bbox 2011 2347 3604 2418">
     <span class='ocr_line' id='line_1_62' title="bbox 2011 2347 3604 2418; baseline -0.004 -14"><span class='ocrx_word' id='word_1_423' title='bbox 2011 2349 2302 2411; x_wconf 81' lang='lat' dir='ltr'><strong>Sataua“,</strong></span> <span class='ocrx_word' id='word_1_424' title='bbox 2345 2358 2399 2403; x_wconf 88' lang='lat' dir='ltr'><strong>et</strong></span> <span class='ocrx_word' id='word_1_425' title='bbox 2422 2347 2898 2418; x_wconf 79' lang='lat' dir='ltr'><strong>inexpugnabilem</strong></span> <span class='ocrx_word' id='word_1_426' title='bbox 2925 2347 3071 2402; x_wconf 84' lang='lat' dir='ltr'><strong>illius</strong></span> <span class='ocrx_word' id='word_1_427' title='bbox 3085 2348 3258 2402; x_wconf 78' lang='lat' dir='ltr'><strong>sensit</strong></span> <span class='ocrx_word' id='word_1_428' title='bbox 3281 2347 3604 2414; x_wconf 85' lang='lat' dir='ltr'><strong>potentiam,</strong></span> 
     </span>
    </p>
   </div>
   <div class='ocr_carea' id='block_1_63' title="bbox 2012 2439 3607 2511">
    <p class='ocr_par' dir='ltr' id='par_1_63' title="bbox 2012 2439 3607 2511">
     <span class='ocr_line' id='line_1_63' title="bbox 2012 2439 3607 2511; baseline 0 -17"><span class='ocrx_word' id='word_1_429' title='bbox 2012 2454 2205 2510; x_wconf 85' lang='lat' dir='ltr'><strong>magna</strong></span> <span class='ocrx_word' id='word_1_430' title='bbox 2242 2439 2423 2494; x_wconf 78' lang='lat' dir='ltr'><strong>statim</strong></span> <span class='ocrx_word' id='word_1_431' title='bbox 2451 2454 2577 2492; x_wconf 87' lang='lat' dir='ltr'><strong>cum</strong></span> <span class='ocrx_word' id='word_1_432' title='bbox 2620 2439 2918 2510; x_wconf 85' lang='lat' dir='ltr'><strong>ignominia</strong></span> <span class='ocrx_word' id='word_1_433' title='bbox 2949 2443 3266 2497; x_wconf 87' lang='lat' dir='ltr'><strong>retrocessit</strong></span> <span class='ocrx_word' id='word_1_434' title='bbox 3291 2461 3304 2496; x_wconf 93' lang='lat'><strong>:</strong></span> <span class='ocrx_word' id='word_1_435' title='bbox 3333 2457 3442 2511; x_wconf 87' lang='lat' dir='ltr'><strong>quo</strong></span> <span class='ocrx_word' id='word_1_436' title='bbox 3471 2457 3607 2496; x_wconf 70' lang='lat' dir='ltr'><strong>cono</strong></span> 
     </span>
    </p>
   </div>
   <div class='ocr_carea' id='block_1_64' title="bbox 2011 2529 3607 2604">
    <p class='ocr_par' dir='ltr' id='par_1_64' title="bbox 2011 2529 3607 2604">
     <span class='ocr_line' id='line_1_64' title="bbox 2011 2529 3607 2604; baseline 0.004 -22"><span class='ocrx_word' id='word_1_437' title='bbox 2011 2545 2171 2586; x_wconf 74' lang='lat' dir='ltr'><strong>verso</strong></span> <span class='ocrx_word' id='word_1_438' title='bbox 2223 2545 2287 2584; x_wconf 87' lang='lat' dir='ltr'><strong>ac</strong></span> <span class='ocrx_word' id='word_1_439' title='bbox 2331 2529 2638 2602; x_wconf 82' lang='lat' dir='ltr'><strong>proﬂigato,</strong></span> <span class='ocrx_word' id='word_1_440' title='bbox 2691 2547 2883 2588; x_wconf 87' lang='lat' dir='ltr'><strong>omnes</strong></span> <span class='ocrx_word' id='word_1_441' title='bbox 2918 2535 3124 2603; x_wconf 88' lang='lat' dir='ltr'><strong>pariter</strong></span> <span class='ocrx_word' id='word_1_442' title='bbox 3151 2543 3450 2604; x_wconf 86' lang='lat' dir='ltr'><strong>potestates</strong></span> <span class='ocrx_word' id='word_1_443' title='bbox 3482 2551 3607 2604; x_wconf 80' lang='lat' dir='ltr'><strong>qua:</strong></span> 
     </span>
    </p>
   </div>
   <div class='ocr_carea' id='block_1_65' title="bbox 2011 2622 3604 2697">
    <p class='ocr_par' dir='ltr' id='par_1_65' title="bbox 2011 2622 3604 2697">
     <span class='ocr_line' id='line_1_65' title="bbox 2011 2622 3604 2697; baseline 0.004 -21"><span class='ocrx_word' id='word_1_444' title='bbox 2011 2623 2118 2676; x_wconf 86' lang='lat' dir='ltr'><strong>sub</strong></span> <span class='ocrx_word' id='word_1_445' title='bbox 2143 2622 2261 2693; x_wconf 82' lang='lat' dir='ltr'><strong>ipso</strong></span> <span class='ocrx_word' id='word_1_446' title='bbox 2284 2632 2464 2688; x_wconf 86' lang='lat' dir='ltr'><strong>erant,</strong></span> <span class='ocrx_word' id='word_1_447' title='bbox 2496 2625 2792 2680; x_wconf 69' lang='lat' dir='ltr'><strong>debilitatte</strong></span> <span class='ocrx_word' id='word_1_448' title='bbox 2815 2637 2965 2693; x_wconf 89' lang='lat' dir='ltr'><strong>sunt,</strong></span> <span class='ocrx_word' id='word_1_449' title='bbox 2991 2639 3044 2682; x_wconf 89' lang='lat' dir='ltr'><strong>et</strong></span> <span class='ocrx_word' id='word_1_450' title='bbox 3067 2628 3370 2697; x_wconf 88' lang='lat' dir='ltr'><strong>perierunt,</strong></span> <span class='ocrx_word' id='word_1_451' title='bbox 3402 2631 3604 2684; x_wconf 84' lang='lat' dir='ltr'><strong>amissa</strong></span> 
     </span>
    </p>
   </div>
   <div class='ocr_carea' id='block_1_66' title="bbox 2019 2714 3608 2791">
    <p class='ocr_par' dir='ltr' id='par_1_66' title="bbox 2019 2714 3608 2791">
     <span class='ocr_line' id='line_1_66' title="bbox 2019 2714 3608 2791; baseline 0.008 -24"><span class='ocrx_word' id='word_1_452' title='bbox 2019 2714 2108 2769; x_wconf 88' lang='lat' dir='ltr'><strong>illa</strong></span> <span class='ocrx_word' id='word_1_453' title='bbox 2153 2717 2412 2771; x_wconf 85' lang='lat' dir='ltr'><strong>nimirqu</strong></span> <span class='ocrx_word' id='word_1_454' title='bbox 2459 2718 2770 2786; x_wconf 88' lang='lat' dir='ltr'><strong>tyrannide,</strong></span> <span class='ocrx_word' id='word_1_455' title='bbox 2807 2722 2970 2775; x_wconf 81' lang='lat' dir='ltr'><strong>veluti</strong></span> <span class='ocrx_word' id='word_1_456' title='bbox 3003 2722 3240 2791; x_wconf 87' lang='lat' dir='ltr'><strong>quadam</strong></span> <span class='ocrx_word' id='word_1_457' title='bbox 3260 2737 3452 2778; x_wconf 82' lang='lat' dir='ltr'><strong>eorum</strong></span> <span class='ocrx_word' id='word_1_458' title='bbox 3485 2725 3608 2780; x_wconf 84' lang='lat' dir='ltr'><strong>ani-</strong></span> 
     </span>
    </p>
   </div>
   <div class='ocr_carea' id='block_1_67' title="bbox 2015 2807 3609 2885">
    <p class='ocr_par' dir='ltr' id='par_1_67' title="bbox 2015 2807 3609 2885">
     <span class='ocr_line' id='line_1_67' title="bbox 2015 2807 3609 2885; baseline 0.006 -25"><span class='ocrx_word' id='word_1_459' title='bbox 2015 2821 2122 2860; x_wconf 88' lang='lat' dir='ltr'><strong>ma.</strong></span> <span class='ocrx_word' id='word_1_460' title='bbox 2179 2807 2315 2862; x_wconf 84' lang='lat' dir='ltr'><strong>Cum</strong></span> <span class='ocrx_word' id='word_1_461' title='bbox 2348 2809 2496 2862; x_wconf 87' lang='lat' dir='ltr'><strong>enim</strong></span> <span class='ocrx_word' id='word_1_462' title='bbox 2522 2809 2717 2865; x_wconf 73' lang='lat' dir='ltr'><strong>vixerit</strong></span> <span class='ocrx_word' id='word_1_463' title='bbox 2737 2810 2902 2868; x_wconf 79' lang='lat' dir='ltr'><strong>Jesus</strong></span> <span class='ocrx_word' id='word_1_464' title='bbox 2951 2814 3069 2868; x_wconf 84' lang='lat' dir='ltr'><strong>sine</strong></span> <span class='ocrx_word' id='word_1_465' title='bbox 3091 2824 3337 2885; x_wconf 83' lang='lat' dir='ltr'><strong>peccato,</strong></span> <span class='ocrx_word' id='word_1_466' title='bbox 3380 2819 3524 2871; x_wconf 90' lang='lat' dir='ltr'><strong>unde</strong></span> <span class='ocrx_word' id='word_1_467' title='bbox 3553 2827 3609 2873; x_wconf 91' lang='lat' dir='ltr'><strong>et</strong></span> 
     </span>
    </p>
   </div>
   <div class='ocr_carea' id='block_1_68' title="bbox 2011 2898 3607 2973">
    <p class='ocr_par' dir='ltr' id='par_1_68' title="bbox 2011 2898 3607 2973">
     <span class='ocr_line' id='line_1_68' title="bbox 2011 2898 3607 2973; baseline 0.007 -20"><span class='ocrx_word' id='word_1_468' title='bbox 2011 2898 2313 2956; x_wconf 72' lang='lat' dir='ltr'><strong>dmmonem</strong></span> <span class='ocrx_word' id='word_1_469' title='bbox 2332 2902 2628 2969; x_wconf 74' lang='lat' dir='ltr'><strong>destruxit,</strong></span> <span class='ocrx_word' id='word_1_470' title='bbox 2646 2914 2811 2959; x_wconf 91' lang='lat' dir='ltr'><strong>etnos</strong></span> <span class='ocrx_word' id='word_1_471' title='bbox 2830 2906 3032 2973; x_wconf 86' lang='lat' dir='ltr'><strong>pariter</strong></span> <span class='ocrx_word' id='word_1_472' title='bbox 3063 2907 3239 2962; x_wconf 90' lang='lat' dir='ltr'><strong>induit</strong></span> <span class='ocrx_word' id='word_1_473' title='bbox 3264 2909 3432 2964; x_wconf 88' lang='lat' dir='ltr'><strong>armis</strong></span> <span class='ocrx_word' id='word_1_474' title='bbox 3457 2909 3607 2964; x_wconf 79' lang='lat' dir='ltr'><strong>salu-</strong></span> 
     </span>
    </p>
   </div>
   <div class='ocr_carea' id='block_1_69' title="bbox 2013 2990 3608 3066">
    <p class='ocr_par' dir='ltr' id='par_1_69' title="bbox 2013 2990 3608 3066">
     <span class='ocr_line' id='line_1_69' title="bbox 2013 2990 3608 3066; baseline 0.008 -23"><span class='ocrx_word' id='word_1_475' title='bbox 2013 2990 2106 3045; x_wconf 87' lang='lat' dir='ltr'><strong>tis:</strong></span> <span class='ocrx_word' id='word_1_476' title='bbox 2129 3007 2252 3046; x_wconf 92' lang='lat' dir='ltr'><strong>cum</strong></span> <span class='ocrx_word' id='word_1_477' title='bbox 2280 2994 2444 3048; x_wconf 89' lang='lat' dir='ltr'><strong>etiam</strong></span> <span class='ocrx_word' id='word_1_478' title='bbox 2464 3011 2679 3050; x_wconf 85' lang='lat' dir='ltr'><strong>sacrum</strong></span> <span class='ocrx_word' id='word_1_479' title='bbox 2711 2997 2760 3050; x_wconf 87' lang='lat' dir='ltr'><strong>b.</strong></span> <span class='ocrx_word' id='word_1_480' title='bbox 2782 2996 3002 3066; x_wconf 74' lang='lat' dir='ltr'><strong>ptisma,</strong></span> <span class='ocrx_word' id='word_1_481' title='bbox 3029 3013 3091 3052; x_wconf 89' lang='lat' dir='ltr'><strong>ac</strong></span> <span class='ocrx_word' id='word_1_482' title='bbox 3112 2999 3426 3054; x_wconf 84' lang='lat' dir='ltr'><strong>divinorum</strong></span> <span class='ocrx_word' id='word_1_483' title='bbox 3452 3017 3608 3056; x_wconf 85' lang='lat' dir='ltr'><strong>tuan-</strong></span> 
     </span>
    </p>
   </div>
   <div class='ocr_carea' id='block_1_70' title="bbox 2017 3084 3609 3165">
    <p class='ocr_par' dir='ltr' id='par_1_70' title="bbox 2017 3084 3609 3165">
     <span class='ocr_line' id='line_1_70' title="bbox 2017 3084 3609 3165; baseline 0.009 -29"><span class='ocrx_word' id='word_1_484' title='bbox 2017 3084 2274 3138; x_wconf 86' lang='lat' dir='ltr'><strong>datorum</strong></span> <span class='ocrx_word' id='word_1_485' title='bbox 2306 3086 2720 3142; x_wconf 87' lang='lat' dir='ltr'><strong>meditationem</strong></span> <span class='ocrx_word' id='word_1_486' title='bbox 2752 3100 2806 3145; x_wconf 91' lang='lat' dir='ltr'><strong>et</strong></span> <span class='ocrx_word' id='word_1_487' title='bbox 2844 3091 3176 3158; x_wconf 84' lang='lat' dir='ltr'><strong>custodiam,</strong></span> <span class='ocrx_word' id='word_1_488' title='bbox 3217 3095 3609 3165; x_wconf 82' lang='lat' dir='ltr'><strong>propriamque</strong></span> 
     </span>
    </p>
   </div>
   <div class='ocr_carea' id='block_1_71' title="bbox 2015 3175 3610 3258">
    <p class='ocr_par' dir='ltr' id='par_1_71' title="bbox 2015 3175 3610 3258">
     <span class='ocr_line' id='line_1_71' title="bbox 2015 3175 3610 3258; baseline 0.011 -31"><span class='ocrx_word' id='word_1_489' title='bbox 2015 3175 2180 3229; x_wconf 76' lang='lat' dir='ltr'><strong>vitam</strong></span> <span class='ocrx_word' id='word_1_490' title='bbox 2206 3191 2270 3232; x_wconf 90' lang='lat' dir='ltr'><strong>ac</strong></span> <span class='ocrx_word' id='word_1_491' title='bbox 2292 3182 2792 3248; x_wconf 82' lang='lat' dir='ltr'><strong>conversationem,</strong></span> <span class='ocrx_word' id='word_1_492' title='bbox 2816 3198 2914 3253; x_wconf 89' lang='lat' dir='ltr'><strong>pro</strong></span> <span class='ocrx_word' id='word_1_493' title='bbox 2940 3184 3027 3237; x_wconf 84' lang='lat' dir='ltr'><strong>via</strong></span> <span class='ocrx_word' id='word_1_494' title='bbox 3049 3186 3205 3241; x_wconf 83' lang='lat' dir='ltr'><strong>nobis</strong></span> <span class='ocrx_word' id='word_1_495' title='bbox 3231 3187 3535 3258; x_wconf 86' lang='lat' dir='ltr'><strong>reliquerit,</strong></span> <span class='ocrx_word' id='word_1_496' title='bbox 3554 3198 3610 3244; x_wconf 88' lang='lat' dir='ltr'><strong>et</strong></span> 
     </span>
    </p>
   </div>
   <div class='ocr_carea' id='block_1_72' title="bbox 2015 3267 3606 3348">
    <p class='ocr_par' dir='ltr' id='par_1_72' title="bbox 2015 3267 3606 3348">
     <span class='ocr_line' id='line_1_72' title="bbox 2015 3267 3606 3348; baseline 0.012 -29"><span class='ocrx_word' id='word_1_497' title='bbox 2015 3267 2233 3334; x_wconf 80' lang='lat' dir='ltr'><strong>semita,</strong></span> <span class='ocrx_word' id='word_1_498' title='bbox 2267 3284 2391 3339; x_wconf 70' lang='lat' dir='ltr'><strong>qua:</strong></span> <span class='ocrx_word' id='word_1_499' title='bbox 2425 3272 2490 3325; x_wconf 88' lang='lat' dir='ltr'><strong>ad</strong></span> <span class='ocrx_word' id='word_1_500' title='bbox 2515 3269 2713 3329; x_wconf 66' lang='lat' dir='ltr'><strong>uelum</strong></span> <span class='ocrx_word' id='word_1_501' title='bbox 2736 3274 2907 3339; x_wconf 90' lang='lat' dir='ltr'><strong>ducit,</strong></span> <span class='ocrx_word' id='word_1_502' title='bbox 2929 3287 3335 3348; x_wconf 85' lang='lat' dir='ltr'><strong>consequenter</strong></span> <span class='ocrx_word' id='word_1_503' title='bbox 3350 3289 3404 3336; x_wconf 92' lang='lat' dir='ltr'><strong>et</strong></span> <span class='ocrx_word' id='word_1_504' title='bbox 3421 3284 3606 3338; x_wconf 68' lang='lat' dir='ltr'><strong>caeteri</strong></span> 
     </span>
    </p>
   </div>
   <div class='ocr_carea' id='block_1_73' title="bbox 2016 3357 3609 3436">
    <p class='ocr_par' dir='ltr' id='par_1_73' title="bbox 2016 3357 3609 3436">
     <span class='ocr_line' id='line_1_73' title="bbox 2016 3357 3609 3436; baseline 0.01 -22"><span class='ocrx_word' id='word_1_505' title='bbox 2016 3357 2291 3416; x_wconf 66' lang='lat' dir='ltr'><strong>demoues</strong></span> <span class='ocrx_word' id='word_1_506' title='bbox 2343 3362 2494 3417; x_wconf 89' lang='lat' dir='ltr'><strong>illinc</strong></span> <span class='ocrx_word' id='word_1_507' title='bbox 2547 3364 2682 3419; x_wconf 89' lang='lat' dir='ltr'><strong>adeo</strong></span> <span class='ocrx_word' id='word_1_508' title='bbox 2709 3365 2871 3422; x_wconf 85' lang='lat' dir='ltr'><strong>deleti</strong></span> <span class='ocrx_word' id='word_1_509' title='bbox 2911 3380 3063 3436; x_wconf 90' lang='lat' dir='ltr'><strong>sunt,</strong></span> <span class='ocrx_word' id='word_1_510' title='bbox 3091 3379 3150 3424; x_wconf 95' lang='lat' dir='ltr'><strong>ut</strong></span> <span class='ocrx_word' id='word_1_511' title='bbox 3185 3373 3389 3430; x_wconf 68' lang='lat' dir='ltr'><strong>nullam</strong></span> <span class='ocrx_word' id='word_1_512' title='bbox 3429 3375 3482 3428; x_wconf 90' lang='lat' dir='ltr'><strong>in</strong></span> <span class='ocrx_word' id='word_1_513' title='bbox 3508 3391 3609 3430; x_wconf 85' lang='lat' dir='ltr'><strong>nos</strong></span> 
     </span>
    </p>
   </div>
   <div class='ocr_carea' id='block_1_74' title="bbox 2017 3451 3606 3530">
    <p class='ocr_par' dir='ltr' id='par_1_74' title="bbox 2017 3451 3606 3530">
     <span class='ocr_line' id='line_1_74' title="bbox 2017 3451 3606 3530; baseline 0.011 -29"><span class='ocrx_word' id='word_1_514' title='bbox 2017 3451 2252 3518; x_wconf 76' lang='lat' dir='ltr'><strong>amplius</strong></span> <span class='ocrx_word' id='word_1_515' title='bbox 2272 3451 2508 3507; x_wconf 89' lang='lat' dir='ltr'><strong>habeant</strong></span> <span class='ocrx_word' id='word_1_516' title='bbox 2533 3463 2884 3524; x_wconf 86' lang='lat' dir='ltr'><strong>potestatem,</strong></span> <span class='ocrx_word' id='word_1_517' title='bbox 2918 3458 3026 3515; x_wconf 84' lang='lat' dir='ltr'><strong>nisi</strong></span> <span class='ocrx_word' id='word_1_518' title='bbox 3060 3476 3161 3515; x_wconf 90' lang='lat' dir='ltr'><strong>nos</strong></span> <span class='ocrx_word' id='word_1_519' title='bbox 3189 3463 3606 3530; x_wconf 77' lang='lat' dir='ltr'><strong>ignavianustra</strong></span> 
     </span>
    </p>
   </div>
   <div class='ocr_carea' id='block_1_75' title="bbox 2019 3543 3604 3627">
    <p class='ocr_par' dir='ltr' id='par_1_75' title="bbox 2019 3543 3604 3627">
     <span class='ocr_line' id='line_1_75' title="bbox 2019 3543 3604 3627; baseline 0.011 -32"><span class='ocrx_word' id='word_1_520' title='bbox 2019 3543 2272 3600; x_wconf 82' lang='lat' dir='ltr'><strong>lortassis</strong></span> <span class='ocrx_word' id='word_1_521' title='bbox 2291 3545 2369 3627; x_wconf 83' lang='lat' dir='ltr'><strong>ita</strong></span> <span class='ocrx_word' id='word_1_522' title='bbox 2395 3547 2664 3614; x_wconf 83' lang='lat' dir='ltr'><strong>volentes,</strong></span> <span class='ocrx_word' id='word_1_523' title='bbox 2690 3553 2956 3621; x_wconf 79' lang='lat' dir='ltr'><strong>neglectis</strong></span> <span class='ocrx_word' id='word_1_524' title='bbox 2977 3553 3181 3610; x_wconf 69' lang='lat' dir='ltr'><strong>divinis</strong></span> <span class='ocrx_word' id='word_1_525' title='bbox 3204 3556 3502 3622; x_wconf 84' lang='lat' dir='ltr'><strong>mandatis,</strong></span> <span class='ocrx_word' id='word_1_526' title='bbox 3536 3558 3604 3612; x_wconf 84' lang='lat' dir='ltr'><strong>ad</strong></span> 
     </span>
    </p>
   </div>
   <div class='ocr_carea' id='block_1_76' title="bbox 2018 3639 3601 3715">
    <p class='ocr_par' dir='ltr' id='par_1_76' title="bbox 2018 3639 3601 3715">
     <span class='ocr_line' id='line_1_76' title="bbox 2018 3639 3601 3715; baseline 0.007 -25"><span class='ocrx_word' id='word_1_527' title='bbox 2018 3639 2389 3708; x_wconf 83' lang='lat' dir='ltr'><strong>nosmetipsos</strong></span> <span class='ocrx_word' id='word_1_528' title='bbox 2416 3657 2510 3696; x_wconf 87' lang='lat' dir='ltr'><strong>eos</strong></span> <span class='ocrx_word' id='word_1_529' title='bbox 2534 3642 2730 3696; x_wconf 87' lang='lat' dir='ltr'><strong>iterum</strong></span> <span class='ocrx_word' id='word_1_530' title='bbox 2766 3648 3121 3701; x_wconf 79' lang='lat' dir='ltr'><strong>traxerimus.</strong></span> <span class='ocrx_word' id='word_1_531' title='bbox 3141 3647 3296 3715; x_wconf 87' lang='lat' dir='ltr'><strong>Quod</strong></span> <span class='ocrx_word' id='word_1_532' title='bbox 3326 3665 3456 3704; x_wconf 80' lang='lat' dir='ltr'><strong>vero</strong></span> <span class='ocrx_word' id='word_1_533' title='bbox 3492 3652 3601 3703; x_wconf 86' lang='lat' dir='ltr'><strong>ait:</strong></span> 
     </span>
    </p>
   </div>
   <div class='ocr_carea' id='block_1_77' title="bbox 2019 3731 3604 3806">
    <p class='ocr_par' dir='ltr' id='par_1_77' title="bbox 2019 3731 3604 3806">
     <span class='ocr_line' id='line_1_77' title="bbox 2019 3731 3604 3806; baseline 0.009 -23"><span class='ocrx_word' id='word_1_534' title='bbox 2019 3732 2060 3783; x_wconf 87' lang='grc' dir='ltr'><em>Α</em></span> <span class='ocrx_word' id='word_1_535' title='bbox 2100 3731 2239 3802; x_wconf 81' lang='lat' dir='ltr'><strong>facie</strong></span> <span class='ocrx_word' id='word_1_536' title='bbox 2266 3743 2381 3795; x_wconf 86' lang='lat' dir='ltr'><strong>tua,</strong></span> <span class='ocrx_word' id='word_1_537' title='bbox 2415 3734 2559 3788; x_wconf 90' lang='lat' dir='ltr'><strong>idem</strong></span> <span class='ocrx_word' id='word_1_538' title='bbox 2590 3744 2697 3799; x_wconf 90' lang='lat' dir='ltr'><strong>est,</strong></span> <span class='ocrx_word' id='word_1_539' title='bbox 2724 3737 2895 3806; x_wconf 87' lang='lat' dir='ltr'><strong>quod,</strong></span> <span class='ocrx_word' id='word_1_540' title='bbox 2934 3740 2976 3793; x_wconf 83' lang='lat' dir='ltr'><strong>A</strong></span> <span class='ocrx_word' id='word_1_541' title='bbox 3020 3741 3220 3796; x_wconf 83' lang='lat' dir='ltr'><strong>timore</strong></span> <span class='ocrx_word' id='word_1_542' title='bbox 3279 3751 3394 3798; x_wconf 90' lang='lat' dir='ltr'><strong>tuo.</strong></span> <span class='ocrx_word' id='word_1_543' title='bbox 3447 3743 3604 3797; x_wconf 76' lang='lat' dir='ltr'><strong>Stre-</strong></span> 
     </span>
    </p>
   </div>
   <div class='ocr_carea' id='block_1_78' title="bbox 2020 3823 3607 3900">
    <p class='ocr_par' dir='ltr' id='par_1_78' title="bbox 2020 3823 3607 3900">
     <span class='ocr_line' id='line_1_78' title="bbox 2020 3823 3607 3900; baseline 0.009 -28"><span class='ocrx_word' id='word_1_544' title='bbox 2020 3835 2258 3875; x_wconf 90' lang='lat' dir='ltr'><strong>nuorum</strong></span> <span class='ocrx_word' id='word_1_545' title='bbox 2290 3823 2434 3878; x_wconf 90' lang='lat' dir='ltr'><strong>enim</strong></span> <span class='ocrx_word' id='word_1_546' title='bbox 2467 3838 2529 3878; x_wconf 88' lang='lat' dir='ltr'><strong>ac</strong></span> <span class='ocrx_word' id='word_1_547' title='bbox 2554 3834 2841 3893; x_wconf 89' lang='lat' dir='ltr'><strong>potentum</strong></span> <span class='ocrx_word' id='word_1_548' title='bbox 2885 3830 3128 3885; x_wconf 77' lang='lat' dir='ltr'><strong>virorum</strong></span> <span class='ocrx_word' id='word_1_549' title='bbox 3166 3831 3361 3900; x_wconf 80' lang='lat' dir='ltr'><strong>facies,</strong></span> <span class='ocrx_word' id='word_1_550' title='bbox 3425 3834 3607 3889; x_wconf 77' lang='lat' dir='ltr'><strong>horri-</strong></span> 
     </span>
    </p>
   </div>
   <div class='ocr_carea' id='block_1_79' title="bbox 2019 3911 3208 3980">
    <p class='ocr_par' dir='ltr' id='par_1_79' title="bbox 2019 3911 3208 3980">
     <span class='ocr_line' id='line_1_79' title="bbox 2019 3911 3208 3980; baseline 0.012 -14"><span class='ocrx_word' id='word_1_551' title='bbox 2019 3911 2148 3966; x_wconf 86' lang='lat' dir='ltr'><strong>bilis</strong></span> <span class='ocrx_word' id='word_1_552' title='bbox 2179 3914 2423 3970; x_wconf 86' lang='lat' dir='ltr'><strong>inimicis</strong></span> <span class='ocrx_word' id='word_1_553' title='bbox 2466 3917 2638 3972; x_wconf 80' lang='lat' dir='ltr'><strong>videri</strong></span> <span class='ocrx_word' id='word_1_554' title='bbox 2673 3919 2811 3974; x_wconf 85' lang='lat' dir='ltr'><strong>solet</strong></span> <span class='ocrx_word' id='word_1_555' title='bbox 2845 3936 2910 3977; x_wconf 89' lang='lat' dir='ltr'><strong>ac</strong></span> <span class='ocrx_word' id='word_1_556' title='bbox 2945 3923 3208 3980; x_wconf 90' lang='lat' dir='ltr'><strong>timenda.</strong></span> 
     </span>
    </p>
   </div>
   <div class='ocr_carea' id='block_1_80' title="bbox 2093 4005 3607 4085">
    <p class='ocr_par' dir='ltr' id='par_1_80' title="bbox 2093 4005 3607 4085">
     <span class='ocr_line' id='line_1_80' title="bbox 2093 4005 3607 4085; baseline 0.013 -25"><span class='ocrx_word' id='word_1_557' title='bbox 2093 4005 2255 4061; x_wconf 71' lang='lat' dir='ltr'><strong>Vens.</strong></span> <span class='ocrx_word' id='word_1_558' title='bbox 2283 4009 2333 4063; x_wconf 83' lang='lat'><strong>5.</strong></span> <span class='ocrx_word' id='word_1_559' title='bbox 2365 4009 2632 4075; x_wconf 75' lang='lat' dir='ltr'><strong>Quoniam</strong></span> <span class='ocrx_word' id='word_1_560' title='bbox 2662 4023 2718 4066; x_wconf 87' lang='lat' dir='ltr'><strong>tu</strong></span> <span class='ocrx_word' id='word_1_561' title='bbox 2733 4013 3187 4085; x_wconf 79' lang='lat' dir='ltr'><strong>fecistijndicium</strong></span> <span class='ocrx_word' id='word_1_562' title='bbox 3207 4036 3378 4074; x_wconf 72' lang='lat' dir='ltr'><strong>meum</strong></span> <span class='ocrx_word' id='word_1_563' title='bbox 3404 4033 3454 4077; x_wconf 83' lang='lat' dir='ltr'><strong>et</strong></span> <span class='ocrx_word' id='word_1_564' title='bbox 3475 4040 3607 4080; x_wconf 77' lang='lat' dir='ltr'><strong>cau-</strong></span> 
     </span>
    </p>
   </div>
   <div class='ocr_carea' id='block_1_81' title="bbox 2017 4102 3604 4190">
    <p class='ocr_par' dir='ltr' id='par_1_81' title="bbox 2017 4102 3604 4190">
     <span class='ocr_line' id='line_1_81' title="bbox 2017 4102 3604 4190; baseline 0.013 -36"><span class='ocrx_word' id='word_1_565' title='bbox 2017 4117 2131 4154; x_wconf 74' lang='lat' dir='ltr'><strong>sam</strong></span> <span class='ocrx_word' id='word_1_566' title='bbox 2160 4118 2351 4160; x_wconf 85' lang='lat' dir='ltr'><strong>meam.</strong></span> <span class='ocrx_word' id='word_1_567' title='bbox 2370 4102 2632 4161; x_wconf 84' lang='lat' dir='ltr'><strong>Judicasti</strong></span> <span class='ocrx_word' id='word_1_568' title='bbox 2657 4109 2802 4162; x_wconf 89' lang='lat' dir='ltr'><strong>enim</strong></span> <span class='ocrx_word' id='word_1_569' title='bbox 2846 4125 2931 4164; x_wconf 86' lang='lat' dir='ltr'><strong>me</strong></span> <span class='ocrx_word' id='word_1_570' title='bbox 2957 4111 3273 4168; x_wconf 85' lang='lat' dir='ltr'><strong>credentem</strong></span> <span class='ocrx_word' id='word_1_571' title='bbox 3304 4116 3361 4171; x_wconf 87' lang='lat' dir='ltr'><strong>in</strong></span> <span class='ocrx_word' id='word_1_572' title='bbox 3404 4126 3477 4184; x_wconf 88' lang='lat' dir='ltr'><strong>te,</strong></span> <span class='ocrx_word' id='word_1_573' title='bbox 3504 4123 3604 4190; x_wconf 89' lang='lat' dir='ltr'><strong>qui</strong></span> 
     </span>
    </p>
   </div>
   <div class='ocr_carea' id='block_1_82' title="bbox 2022 4196 3606 4276">
    <p class='ocr_par' dir='ltr' id='par_1_82' title="bbox 2022 4196 3606 4276">
     <span class='ocr_line' id='line_1_82' title="bbox 2022 4196 3606 4276; baseline 0.012 -30"><span class='ocrx_word' id='word_1_574' title='bbox 2022 4201 2183 4248; x_wconf 86' lang='lat' dir='ltr'><strong>antea</strong></span> <span class='ocrx_word' id='word_1_575' title='bbox 2215 4196 2320 4249; x_wconf 91' lang='lat' dir='ltr'><strong>sub</strong></span> <span class='ocrx_word' id='word_1_576' title='bbox 2362 4205 2629 4264; x_wconf 78' lang='lat' dir='ltr'><strong>potestate</strong></span> <span class='ocrx_word' id='word_1_577' title='bbox 2660 4209 2827 4271; x_wconf 90' lang='lat' dir='ltr'><strong>atque</strong></span> <span class='ocrx_word' id='word_1_578' title='bbox 2856 4216 3044 4256; x_wconf 88' lang='lat' dir='ltr'><strong>amara</strong></span> <span class='ocrx_word' id='word_1_579' title='bbox 3076 4207 3366 4276; x_wconf 79' lang='lat' dir='ltr'><strong>tyrannide</strong></span> <span class='ocrx_word' id='word_1_580' title='bbox 3401 4211 3606 4265; x_wconf 66' lang='lat' dir='ltr'><strong>dmino-</strong></span> 
     </span>
    </p>
   </div>
   <div class='ocr_carea' id='block_1_83' title="bbox 2020 4287 3602 4376">
    <p class='ocr_par' dir='ltr' id='par_1_83' title="bbox 2020 4287 3602 4376">
     <span class='ocr_line' id='line_1_83' title="bbox 2020 4287 3602 4376; baseline 0.011 -35"><span class='ocrx_word' id='word_1_581' title='bbox 2020 4287 2108 4341; x_wconf 86' lang='lat' dir='ltr'><strong>nis</strong></span> <span class='ocrx_word' id='word_1_582' title='bbox 2139 4287 2448 4358; x_wconf 87' lang='lat' dir='ltr'><strong>ignorantia</strong></span> <span class='ocrx_word' id='word_1_583' title='bbox 2496 4307 2615 4347; x_wconf 84' lang='lat' dir='ltr'><strong>mea</strong></span> <span class='ocrx_word' id='word_1_584' title='bbox 2643 4293 2953 4352; x_wconf 86' lang='lat' dir='ltr'><strong>detinebar.</strong></span> <span class='ocrx_word' id='word_1_585' title='bbox 2985 4296 3120 4353; x_wconf 84' lang='lat' dir='ltr'><strong>Nam</strong></span> <span class='ocrx_word' id='word_1_586' title='bbox 3147 4316 3274 4357; x_wconf 89' lang='lat' dir='ltr'><strong>cum</strong></span> <span class='ocrx_word' id='word_1_587' title='bbox 3305 4320 3602 4376; x_wconf 61' lang='lat' dir='ltr'><strong>perspexe.</strong></span> 
     </span>
    </p>
   </div>
   <div class='ocr_carea' id='block_1_84' title="bbox 2019 4379 3606 4454">
    <p class='ocr_par' dir='ltr' id='par_1_84' title="bbox 2019 4379 3606 4454">
     <span class='ocr_line' id='line_1_84' title="bbox 2019 4379 3606 4454; baseline 0.014 -22"><span class='ocrx_word' id='word_1_588' title='bbox 2019 4379 2099 4434; x_wconf 88' lang='lat' dir='ltr'><strong>ris</strong></span> <span class='ocrx_word' id='word_1_589' title='bbox 2126 4380 2275 4450; x_wconf 85' lang='lat' dir='ltr'><strong>quod</strong></span> <span class='ocrx_word' id='word_1_590' title='bbox 2308 4382 2583 4454; x_wconf 81' lang='lat' dir='ltr'><strong>malignus</strong></span> <span class='ocrx_word' id='word_1_591' title='bbox 2615 4385 2707 4442; x_wconf 89' lang='lat' dir='ltr'><strong>ille</strong></span> <span class='ocrx_word' id='word_1_592' title='bbox 2752 4403 2837 4444; x_wconf 91' lang='lat' dir='ltr'><strong>me</strong></span> <span class='ocrx_word' id='word_1_593' title='bbox 2875 4401 3186 4448; x_wconf 87' lang='lat' dir='ltr'><strong>creaturam</strong></span> <span class='ocrx_word' id='word_1_594' title='bbox 3221 4405 3370 4451; x_wconf 89' lang='lat' dir='ltr'><strong>tuam</strong></span> <span class='ocrx_word' id='word_1_595' title='bbox 3421 4399 3606 4454; x_wconf 77' lang='lat' dir='ltr'><strong>invide</strong></span> 
     </span>
    </p>
   </div>
   <div class='ocr_carea' id='block_1_85' title="bbox 2019 4470 3606 4550">
    <p class='ocr_par' dir='ltr' id='par_1_85' title="bbox 2019 4470 3606 4550">
     <span class='ocr_line' id='line_1_85' title="bbox 2019 4470 3606 4550; baseline 0.014 -26"><span class='ocrx_word' id='word_1_596' title='bbox 2019 4470 2074 4525; x_wconf 90' lang='lat' dir='ltr'><strong>in</strong></span> <span class='ocrx_word' id='word_1_597' title='bbox 2112 4473 2437 4531; x_wconf 78' lang='lat' dir='ltr'><strong>servitutem</strong></span> <span class='ocrx_word' id='word_1_598' title='bbox 2475 4478 2783 4550; x_wconf 77' lang='lat' dir='ltr'><strong>redegerat,</strong></span> <span class='ocrx_word' id='word_1_599' title='bbox 2839 4497 2904 4537; x_wconf 78' lang='lat' dir='ltr'><strong>ex</strong></span> <span class='ocrx_word' id='word_1_600' title='bbox 2959 4483 3113 4541; x_wconf 85' lang='lat' dir='ltr'><strong>illius</strong></span> <span class='ocrx_word' id='word_1_601' title='bbox 3170 4489 3429 4544; x_wconf 88' lang='lat' dir='ltr'><strong>manibus</strong></span> <span class='ocrx_word' id='word_1_602' title='bbox 3472 4495 3606 4546; x_wconf 85' lang='lat' dir='ltr'><strong>suh-</strong></span> 
     </span>
    </p>
   </div>
   <div class='ocr_carea' id='block_1_86' title="bbox 321 4551 1911 4651">
    <p class='ocr_par' dir='ltr' id='par_1_86' title="bbox 321 4551 1911 4628">
     <span class='ocr_line' id='line_1_86' title="bbox 321 4551 1911 4628; baseline 0.004 -22"><span class='ocrx_word' id='word_1_603' title='bbox 321 4553 556 4625; x_wconf 76' lang='grc' dir='ltr'><strong>καὶτῆς</strong></span> <span class='ocrx_word' id='word_1_604' title='bbox 592 4551 812 4624; x_wconf 81' lang='grc' dir='ltr'><strong>πλάνης</strong></span> <span class='ocrx_word' id='word_1_605' title='bbox 843 4551 1255 4628; x_wconf 74' lang='grc' dir='ltr'><strong>ἐλευθερώσαςο</strong></span> <span class='ocrx_word' id='word_1_606' title='bbox 1311 4553 1471 4626; x_wconf 81' lang='grc' dir='ltr'><strong>δίκην</strong></span> <span class='ocrx_word' id='word_1_607' title='bbox 1523 4556 1634 4628; x_wconf 80' lang='grc' dir='ltr'><strong>γάρ</strong></span> <span class='ocrx_word' id='word_1_608' title='bbox 1689 4559 1790 4628; x_wconf 75' lang='grc' dir='ltr'><strong>τὴν</strong></span> <span class='ocrx_word' id='word_1_609' title='bbox 1836 4560 1911 4613; x_wconf 86' lang='grc' dir='ltr'><strong>δι-</strong></span> 
     </span>
    </p>
   </div>
   <div class='ocr_carea' id='block_1_87' title="bbox 2013 4551 3604 4651">
    <p class='ocr_par' dir='ltr' id='par_1_87' title="bbox 2019 4562 3604 4651">
     <span class='ocr_line' id='line_1_87' title="bbox 2019 4562 3604 4651; baseline 0.015 -34"><span class='ocrx_word' id='word_1_610' title='bbox 2019 4562 2244 4620; x_wconf 88' lang='lat' dir='ltr'><strong>ductum</strong></span> <span class='ocrx_word' id='word_1_611' title='bbox 2298 4575 2464 4634; x_wconf 89' lang='lat' dir='ltr'><strong>atque</strong></span> <span class='ocrx_word' id='word_1_612' title='bbox 2518 4571 2589 4624; x_wconf 89' lang='lat' dir='ltr'><strong>ab</strong></span> <span class='ocrx_word' id='word_1_613' title='bbox 2645 4587 2833 4629; x_wconf 86' lang='lat' dir='ltr'><strong>errore</strong></span> <span class='ocrx_word' id='word_1_614' title='bbox 2911 4575 3201 4632; x_wconf 87' lang='lat' dir='ltr'><strong>liberatum</strong></span> <span class='ocrx_word' id='word_1_615' title='bbox 3259 4580 3604 4651; x_wconf 80' lang='lat' dir='ltr'><strong>justiﬂcasti.</strong></span> 
     </span>
    </p>
   </div>
   <div class='ocr_carea' id='block_1_88' title="bbox 319 4643 1196 4714">
    <p class='ocr_par' dir='ltr' id='par_1_88' title="bbox 319 4643 1196 4714">
     <span class='ocr_line' id='line_1_88' title="bbox 319 4643 1196 4714; baseline 0.002 -16"><span class='ocrx_word' id='word_1_616' title='bbox 319 4643 626 4714; x_wconf 77' lang='grc' dir='ltr'><strong>καιοσῦνην</strong></span> <span class='ocrx_word' id='word_1_617' title='bbox 644 4644 908 4700; x_wconf 67' lang='grc' dir='ltr'><strong>ἐκάλεσεν</strong></span> <span class='ocrx_word' id='word_1_618' title='bbox 932 4645 1196 4705; x_wconf 63' lang='grc' dir='ltr'><strong>ἐνταῦθα.</strong></span> 
     </span>
    </p>
   </div>
   <div class='ocr_carea' id='block_1_89' title="bbox 403 4735 1907 4812">
    <p class='ocr_par' dir='ltr' id='par_1_89' title="bbox 403 4735 1907 4812">
     <span class='ocr_line' id='line_1_89' title="bbox 403 4735 1907 4812; baseline 0.005 -21"><span class='ocrx_word' id='word_1_619' title='bbox 403 4738 728 4804; x_wconf 74' lang='grc' dir='ltr'><strong>Ἐκάθισας</strong></span> <span class='ocrx_word' id='word_1_620' title='bbox 773 4735 875 4792; x_wconf 65' lang='grc' dir='ltr'><strong>ἐπὶ</strong></span> <span class='ocrx_word' id='word_1_621' title='bbox 940 4739 1161 4806; x_wconf 77' lang='grc' dir='ltr'><strong>θρόνου</strong></span> <span class='ocrx_word' id='word_1_622' title='bbox 1196 4741 1232 4793; x_wconf 82' lang='grc' dir='ltr'><em>δ</em></span> <span class='ocrx_word' id='word_1_623' title='bbox 1263 4741 1487 4810; x_wconf 76' lang='grc' dir='ltr'><strong>κρίνων</strong></span> <span class='ocrx_word' id='word_1_624' title='bbox 1528 4741 1907 4812; x_wconf 74' lang='grc' dir='ltr'><strong>δικαιούνην.</strong></span> 
     </span>
    </p>
   </div>
   <div class='ocr_carea' id='block_1_90' title="bbox 322 4827 1913 4906">
    <p class='ocr_par' dir='ltr' id='par_1_90' title="bbox 322 4827 1913 4906">
     <span class='ocr_line' id='line_1_90' title="bbox 322 4827 1913 4906; baseline 0.004 -22"><span class='ocrx_word' id='word_1_625' title='bbox 322 4827 498 4884; x_wconf 81' lang='grc' dir='ltr'><strong>Τοῦτο</strong></span> <span class='ocrx_word' id='word_1_626' title='bbox 525 4827 625 4883; x_wconf 85' lang='grc' dir='ltr'><strong>διά</strong></span> <span class='ocrx_word' id='word_1_627' title='bbox 669 4827 771 4900; x_wconf 79' lang='grc' dir='ltr'><strong>τὴν</strong></span> <span class='ocrx_word' id='word_1_628' title='bbox 793 4829 876 4894; x_wconf 83' lang='grc' dir='ltr'><strong>είς</strong></span> <span class='ocrx_word' id='word_1_629' title='bbox 902 4830 1175 4901; x_wconf 78' lang='grc' dir='ltr'><strong>οὐρανοὺς</strong></span> <span class='ocrx_word' id='word_1_630' title='bbox 1209 4831 1485 4902; x_wconf 78' lang='grc' dir='ltr'><strong>ἀνάληψιν</strong></span> <span class='ocrx_word' id='word_1_631' title='bbox 1514 4833 1610 4887; x_wconf 86' lang='grc' dir='ltr'><strong>τοῦ</strong></span> <span class='ocrx_word' id='word_1_632' title='bbox 1635 4834 1913 4906; x_wconf 75' lang='grc' dir='ltr'><strong>Σωτῆρος.</strong></span> 
     </span>
    </p>
   </div>
   <div class='ocr_carea' id='block_1_91' title="bbox 325 4919 1920 4996">
    <p class='ocr_par' dir='ltr' id='par_1_91' title="bbox 325 4919 1920 4996">
     <span class='ocr_line' id='line_1_91' title="bbox 325 4919 1920 4996; baseline 0.005 -24"><span class='ocrx_word' id='word_1_633' title='bbox 325 4919 635 4990; x_wconf 79' lang='grc' dir='ltr'><strong>ηληρώσας</strong></span> <span class='ocrx_word' id='word_1_634' title='bbox 653 4919 766 4990; x_wconf 76' lang='grc' dir='ltr'><strong>γὰρ</strong></span> <span class='ocrx_word' id='word_1_635' title='bbox 779 4919 880 4991; x_wconf 76' lang='grc' dir='ltr'><strong>τὴν</strong></span> <span class='ocrx_word' id='word_1_636' title='bbox 907 4919 1174 4992; x_wconf 77' lang='grc' dir='ltr'><strong>ἔνσαρκον</strong></span> <span class='ocrx_word' id='word_1_637' title='bbox 1202 4923 1540 4992; x_wconf 85' lang='grc' dir='ltr'><strong>οίκονομίαν,</strong></span> <span class='ocrx_word' id='word_1_638' title='bbox 1575 4925 1657 4988; x_wconf 84' lang='grc' dir='ltr'><strong>είς</strong></span> <span class='ocrx_word' id='word_1_639' title='bbox 1683 4925 1774 4978; x_wconf 70' lang='grc' dir='ltr'><strong>τὸν</strong></span> <span class='ocrx_word' id='word_1_640' title='bbox 1796 4925 1920 4996; x_wconf 87' lang='grc' dir='ltr'><strong>θρό-</strong></span> 
     </span>
    </p>
   </div>
   <div class='ocr_carea' id='block_1_92' title="bbox 326 5010 1915 5088">
    <p class='ocr_par' dir='ltr' id='par_1_92' title="bbox 326 5010 1915 5088">
     <span class='ocr_line' id='line_1_92' title="bbox 326 5010 1915 5088; baseline 0.005 -23"><span class='ocrx_word' id='word_1_641' title='bbox 326 5025 414 5065; x_wconf 88' lang='grc' dir='ltr'><strong>νον</strong></span> <span class='ocrx_word' id='word_1_642' title='bbox 444 5010 828 5083; x_wconf 67' lang='grc' dir='ltr'><strong>ἀποκατέστη,</strong></span> <span class='ocrx_word' id='word_1_643' title='bbox 857 5010 957 5064; x_wconf 77' lang='grc' dir='ltr'><strong>τδν</strong></span> <span class='ocrx_word' id='word_1_644' title='bbox 972 5011 1316 5078; x_wconf 78' lang='grc' dir='ltr'><strong>δικαστικὸν,</strong></span> <span class='ocrx_word' id='word_1_645' title='bbox 1343 5015 1467 5086; x_wconf 71' lang='grc' dir='ltr'><strong>ἦτοι</strong></span> <span class='ocrx_word' id='word_1_646' title='bbox 1520 5017 1620 5088; x_wconf 78' lang='grc' dir='ltr'><strong>τὴν</strong></span> <span class='ocrx_word' id='word_1_647' title='bbox 1658 5017 1915 5083; x_wconf 77' lang='grc' dir='ltr'><strong>ἐξουσίαν</strong></span> 
     </span>
    </p>
   </div>
   <div class='ocr_carea' id='block_1_93' title="bbox 326 5101 1916 5180">
    <p class='ocr_par' dir='ltr' id='par_1_93' title="bbox 326 5101 1916 5180">
     <span class='ocr_line' id='line_1_93' title="bbox 326 5101 1916 5180; baseline -0.002 -24"><span class='ocrx_word' id='word_1_648' title='bbox 326 5103 425 5173; x_wconf 78' lang='grc' dir='ltr'><strong>τῆς</strong></span> <span class='ocrx_word' id='word_1_649' title='bbox 454 5103 736 5174; x_wconf 77' lang='grc' dir='ltr'><strong>θεότητος,</strong></span> <span class='ocrx_word' id='word_1_650' title='bbox 761 5101 823 5157; x_wconf 81' lang='grc' dir='ltr'><strong>ὃν</strong></span> <span class='ocrx_word' id='word_1_651' title='bbox 850 5104 928 5174; x_wconf 78' lang='grc' dir='ltr'><strong>μὴ</strong></span> <span class='ocrx_word' id='word_1_652' title='bbox 943 5102 1140 5168; x_wconf 83' lang='grc' dir='ltr'><strong>λιπὼν,</strong></span> <span class='ocrx_word' id='word_1_653' title='bbox 1161 5105 1417 5177; x_wconf 68' lang='grc' dir='ltr'><strong>ἀρρήτως</strong></span> <span class='ocrx_word' id='word_1_654' title='bbox 1451 5107 1589 5179; x_wconf 79' lang='grc' dir='ltr'><strong>πρὸς</strong></span> <span class='ocrx_word' id='word_1_655' title='bbox 1615 5110 1762 5180; x_wconf 67' lang='grc' dir='ltr'><strong>ἡμᾶς</strong></span> <span class='ocrx_word' id='word_1_656' title='bbox 1817 5114 1916 5165; x_wconf 71' lang='grc' dir='ltr'><strong>έπ-</strong></span> 
     </span>
    </p>
   </div>
   <div class='ocr_carea' id='block_1_94' title="bbox 329 5193 1913 5277">
    <p class='ocr_par' dir='ltr' id='par_1_94' title="bbox 329 5193 1913 5277">
     <span class='ocr_line' id='line_1_94' title="bbox 329 5193 1913 5277; baseline 0.007 -29"><span class='ocrx_word' id='word_1_657' title='bbox 329 5197 629 5268; x_wconf 71' lang='grc' dir='ltr'><strong>εδὴμησεν.</strong></span> <span class='ocrx_word' id='word_1_658' title='bbox 651 5193 1018 5268; x_wconf 74' lang='grc' dir='ltr'><strong>’Δναληφοεὶς</strong></span> <span class='ocrx_word' id='word_1_659' title='bbox 1043 5198 1174 5270; x_wconf 82' lang='grc' dir='ltr'><strong>γὰρ,</strong></span> <span class='ocrx_word' id='word_1_660' title='bbox 1199 5200 1293 5252; x_wconf 72' lang='grc' dir='ltr'><strong>καὶ</strong></span> <span class='ocrx_word' id='word_1_661' title='bbox 1315 5199 1620 5264; x_wconf 79' lang='grc' dir='ltr'><strong>καθίσαςὲν</strong></span> <span class='ocrx_word' id='word_1_662' title='bbox 1644 5202 1797 5277; x_wconf 82' lang='grc' dir='ltr'><strong>δεξιᾷ</strong></span> <span class='ocrx_word' id='word_1_663' title='bbox 1819 5206 1913 5259; x_wconf 84' lang='grc' dir='ltr'><strong>τοῦ</strong></span> 
     </span>
    </p>
   </div>
   <div class='ocr_carea' id='block_1_95' title="bbox 327 5284 1911 5362">
    <p class='ocr_par' dir='ltr' id='par_1_95' title="bbox 327 5284 1911 5362">
     <span class='ocr_line' id='line_1_95' title="bbox 327 5284 1911 5362; baseline 0.006 -24"><span class='ocrx_word' id='word_1_664' title='bbox 327 5284 562 5354; x_wconf 76' lang='grc' dir='ltr'><strong>Πατρδς,</strong></span> <span class='ocrx_word' id='word_1_665' title='bbox 600 5284 678 5349; x_wconf 83' lang='grc' dir='ltr'><strong>ὡς</strong></span> <span class='ocrx_word' id='word_1_666' title='bbox 709 5284 896 5339; x_wconf 87' lang='grc' dir='ltr'><strong>λαϐὼν</strong></span> <span class='ocrx_word' id='word_1_667' title='bbox 930 5286 1113 5340; x_wconf 81' lang='grc' dir='ltr'><strong>πᾶσαν</strong></span> <span class='ocrx_word' id='word_1_668' title='bbox 1147 5287 1399 5350; x_wconf 64' lang='grc' dir='ltr'><strong>ἐξουσίαν</strong></span> <span class='ocrx_word' id='word_1_669' title='bbox 1425 5289 1484 5344; x_wconf 79' lang='grc' dir='ltr'><strong>ὲν</strong></span> <span class='ocrx_word' id='word_1_670' title='bbox 1538 5291 1758 5362; x_wconf 81' lang='grc' dir='ltr'><strong>οὐρανῷ</strong></span> <span class='ocrx_word' id='word_1_671' title='bbox 1817 5297 1911 5348; x_wconf 73' lang='grc' dir='ltr'><strong>καὶ</strong></span> 
     </span>
    </p>
   </div>
   <div class='ocr_carea' id='block_1_96' title="bbox 330 5375 1961 5457">
    <p class='ocr_par' dir='ltr' id='par_1_96' title="bbox 330 5375 1961 5457">
     <span class='ocr_line' id='line_1_96' title="bbox 330 5375 1961 5457; baseline 0.009 -30"><span class='ocrx_word' id='word_1_672' title='bbox 330 5375 427 5428; x_wconf 67' lang='grc' dir='ltr'><strong>ἐπὶ</strong></span> <span class='ocrx_word' id='word_1_673' title='bbox 493 5378 619 5448; x_wconf 79' lang='grc' dir='ltr'><strong>γῆς,</strong></span> <span class='ocrx_word' id='word_1_674' title='bbox 649 5376 960 5448; x_wconf 65' lang='grc' dir='ltr'><strong>ἐϐοήθησεν</strong></span> <span class='ocrx_word' id='word_1_675' title='bbox 981 5377 1060 5450; x_wconf 82' lang='grc' dir='ltr'><strong>τῷ</strong></span> <span class='ocrx_word' id='word_1_676' title='bbox 1086 5379 1204 5451; x_wconf 78' lang='grc' dir='ltr'><strong>ἰδίῳ</strong></span> <span class='ocrx_word' id='word_1_677' title='bbox 1227 5379 1536 5453; x_wconf 81' lang='grc' dir='ltr'><strong>πλάσματι,</strong></span> <span class='ocrx_word' id='word_1_678' title='bbox 1558 5383 1702 5457; x_wconf 68' lang='grc' dir='ltr'><strong>ὑπὲρ</strong></span> <span class='ocrx_word' id='word_1_679' title='bbox 1724 5382 1785 5441; x_wconf 76' lang='grc' dir='ltr'><strong>οὗ</strong></span> <span class='ocrx_word' id='word_1_680' title='bbox 1817 5388 1914 5442; x_wconf 76' lang='grc' dir='ltr'><strong>καὶ</strong></span> <span class='ocrx_word' id='word_1_681' title='bbox 1956 5384 1961 5391; x_wconf 84' lang='grc'><strong>’</strong></span> 
     </span>
    </p>
   </div>
   <div class='ocr_carea' id='block_1_97' title="bbox 329 5467 1918 5546">
    <p class='ocr_par' dir='ltr' id='par_1_97' title="bbox 329 5467 1918 5546">
     <span class='ocr_line' id='line_1_97' title="bbox 329 5467 1918 5546; baseline 0.008 -25"><span class='ocrx_word' id='word_1_682' title='bbox 329 5467 431 5537; x_wconf 81' lang='grc' dir='ltr'><strong>τὴν</strong></span> <span class='ocrx_word' id='word_1_683' title='bbox 459 5467 734 5540; x_wconf 78' lang='grc' dir='ltr'><strong>ἄχραντον</strong></span> <span class='ocrx_word' id='word_1_684' title='bbox 753 5469 920 5543; x_wconf 80' lang='grc' dir='ltr'><strong>Ιθηκε</strong></span> <span class='ocrx_word' id='word_1_685' title='bbox 975 5471 1182 5544; x_wconf 78' lang='grc' dir='ltr'><strong>ψυχήν.</strong></span> <span class='ocrx_word' id='word_1_686' title='bbox 1242 5471 1580 5546; x_wconf 83' lang='grc' dir='ltr'><strong>Θεοπρεπῶς</strong></span> <span class='ocrx_word' id='word_1_687' title='bbox 1640 5478 1698 5532; x_wconf 81' lang='grc' dir='ltr'><strong>δὲ</strong></span> <span class='ocrx_word' id='word_1_688' title='bbox 1739 5480 1918 5534; x_wconf 81' lang='grc' dir='ltr'><strong>ταῦτα</strong></span> 
     </span>
    </p>
   </div>
   <div class='ocr_carea' id='block_1_98' title="bbox 329 5561 1915 5642">
    <p class='ocr_par' dir='ltr' id='par_1_98' title="bbox 329 5561 1915 5642">
     <span class='ocr_line' id='line_1_98' title="bbox 329 5561 1915 5642; baseline 0.012 -30"><span class='ocrx_word' id='word_1_689' title='bbox 329 5561 584 5631; x_wconf 73' lang='grc' dir='ltr'><strong>νοητάον·</strong></span> <span class='ocrx_word' id='word_1_690' title='bbox 618 5563 947 5636; x_wconf 78' lang='grc' dir='ltr'><strong>καθιδρῦσαι</strong></span> <span class='ocrx_word' id='word_1_691' title='bbox 1002 5564 1114 5636; x_wconf 82' lang='grc' dir='ltr'><strong>γάρ</strong></span> <span class='ocrx_word' id='word_1_692' title='bbox 1164 5568 1244 5630; x_wconf 79' lang='grc' dir='ltr'><strong>είς</strong></span> <span class='ocrx_word' id='word_1_693' title='bbox 1284 5567 1378 5622; x_wconf 79' lang='grc' dir='ltr'><strong>τὸν</strong></span> <span class='ocrx_word' id='word_1_694' title='bbox 1420 5569 1631 5642; x_wconf 85' lang='grc' dir='ltr'><strong>θρόνον,</strong></span> <span class='ocrx_word' id='word_1_695' title='bbox 1692 5575 1786 5628; x_wconf 73' lang='grc' dir='ltr'><strong>ἐπὶ</strong></span> <span class='ocrx_word' id='word_1_696' title='bbox 1820 5577 1915 5632; x_wconf 82' lang='grc' dir='ltr'><strong>τοῦ</strong></span> 
     </span>
    </p>
   </div>
   <div class='ocr_carea' id='block_1_99' title="bbox 333 5653 1914 5740">
    <p class='ocr_par' dir='ltr' id='par_1_99' title="bbox 333 5653 1914 5740">
     <span class='ocr_line' id='line_1_99' title="bbox 333 5653 1914 5740; baseline 0.015 -36"><span class='ocrx_word' id='word_1_697' title='bbox 333 5653 509 5720; x_wconf 81' lang='grc' dir='ltr'><strong>Λόγου</strong></span> <span class='ocrx_word' id='word_1_698' title='bbox 535 5656 626 5710; x_wconf 71' lang='grc' dir='ltr'><strong>καὶ</strong></span> <span class='ocrx_word' id='word_1_699' title='bbox 649 5654 788 5710; x_wconf 79' lang='grc' dir='ltr'><strong>Θεοῦ</strong></span> <span class='ocrx_word' id='word_1_700' title='bbox 813 5657 1156 5732; x_wconf 77' lang='grc' dir='ltr'><strong>ὑποληφθείη</strong></span> <span class='ocrx_word' id='word_1_701' title='bbox 1190 5658 1258 5715; x_wconf 76' lang='grc' dir='ltr'><strong>ἂν</strong></span> <span class='ocrx_word' id='word_1_702' title='bbox 1281 5663 1314 5732; x_wconf 79' lang='grc' dir='ltr'><strong>ὴ</strong></span> <span class='ocrx_word' id='word_1_703' title='bbox 1345 5661 1638 5737; x_wconf 83' lang='grc' dir='ltr'><strong>δικαστικὴ</strong></span> <span class='ocrx_word' id='word_1_704' title='bbox 1674 5668 1914 5740; x_wconf 78' lang='grc' dir='ltr'><strong>ἐξουσία,</strong></span> 
     </span>
    </p>
   </div>
   <div class='ocr_carea' id='block_1_100' title="bbox 400 5831 891 5904">
    <p class='ocr_par' dir='ltr' id='par_1_100' title="bbox 400 5831 891 5904">
     <span class='ocr_line' id='line_1_100' title="bbox 400 5831 891 5904; baseline 0.01 -18"><span class='ocrx_word' id='word_1_705' title='bbox 400 5831 445 5864; x_wconf 83' lang='grc'><strong>⁹¹</strong></span> <span class='ocrx_word' id='word_1_706' title='bbox 480 5832 669 5890; x_wconf 70' lang='lat' dir='ltr'><strong>Matth.</strong></span> <span class='ocrx_word' id='word_1_707' title='bbox 705 5838 891 5904; x_wconf 70' lang='lat'><strong>&quot;,10.</strong></span> 
     </span>
    </p>
   </div>
   <div class='ocr_carea' id='block_1_101' title="bbox 2015 4655 3586 4744">
    <p class='ocr_par' dir='ltr' id='par_1_101' title="bbox 2015 4655 3586 4744">
     <span class='ocr_line' id='line_1_101' title="bbox 2015 4655 3586 4744; baseline 0.012 -33"><span class='ocrx_word' id='word_1_708' title='bbox 2015 4655 2254 4718; x_wconf 85' lang='lat' dir='ltr'><strong>Causam</strong></span> <span class='ocrx_word' id='word_1_709' title='bbox 2300 4661 2446 4712; x_wconf 88' lang='lat' dir='ltr'><strong>enim</strong></span> <span class='ocrx_word' id='word_1_710' title='bbox 2470 4661 2572 4716; x_wconf 91' lang='lat' dir='ltr'><strong>hoc</strong></span> <span class='ocrx_word' id='word_1_711' title='bbox 2610 4663 2664 4716; x_wconf 89' lang='lat' dir='ltr'><strong>in</strong></span> <span class='ocrx_word' id='word_1_712' title='bbox 2706 4665 3289 4735; x_wconf 78' lang='lat' dir='ltr'><strong>locojustilicatiOnetu</strong></span> <span class='ocrx_word' id='word_1_713' title='bbox 3323 4676 3586 4744; x_wconf 81' lang='lat' dir='ltr'><strong>appellat.</strong></span> 
     </span>
    </p>
   </div>
   <div class='ocr_carea' id='block_1_102' title="bbox 2086 4747 3606 4839">
    <p class='ocr_par' dir='ltr' id='par_1_102' title="bbox 2086 4747 3606 4839">
     <span class='ocr_line' id='line_1_102' title="bbox 2086 4747 3606 4839; baseline 0.013 -35"><span class='ocrx_word' id='word_1_714' title='bbox 2086 4747 2285 4804; x_wconf 74' lang='lat' dir='ltr'><strong>Sedisli</strong></span> <span class='ocrx_word' id='word_1_715' title='bbox 2312 4767 2467 4820; x_wconf 78' lang='lat' dir='ltr'><strong>super</strong></span> <span class='ocrx_word' id='word_1_716' title='bbox 2489 4753 2736 4810; x_wconf 80' lang='lat' dir='ltr'><strong>thronum</strong></span> <span class='ocrx_word' id='word_1_717' title='bbox 2756 4761 2846 4827; x_wconf 81' lang='lat' dir='ltr'><strong>qui</strong></span> <span class='ocrx_word' id='word_1_718' title='bbox 2856 4759 3076 4829; x_wconf 79' lang='lat' dir='ltr'><strong>judicas</strong></span> <span class='ocrx_word' id='word_1_719' title='bbox 3104 4764 3404 4831; x_wconf 74' lang='lat' dir='ltr'><strong>justitiam.</strong></span> <span class='ocrx_word' id='word_1_720' title='bbox 3436 4768 3606 4839; x_wconf 77' lang='lat' dir='ltr'><strong>Prop-</strong></span> 
     </span>
    </p>
   </div>
   <div class='ocr_carea' id='block_1_103' title="bbox 2015 4842 3607 4915">
    <p class='ocr_par' dir='ltr' id='par_1_103' title="bbox 2015 4842 3607 4915">
     <span class='ocr_line' id='line_1_103' title="bbox 2015 4842 3607 4915; baseline 0.013 -20"><span class='ocrx_word' id='word_1_721' title='bbox 2015 4850 2100 4897; x_wconf 90' lang='lat' dir='ltr'><strong>ter</strong></span> <span class='ocrx_word' id='word_1_722' title='bbox 2155 4842 2459 4901; x_wconf 84' lang='lat' dir='ltr'><strong>Salvatoris</strong></span> <span class='ocrx_word' id='word_1_723' title='bbox 2509 4848 2911 4907; x_wconf 78' lang='lat' dir='ltr'><strong>Ascensionem</strong></span> <span class='ocrx_word' id='word_1_724' title='bbox 2943 4853 3045 4908; x_wconf 90' lang='lat' dir='ltr'><strong>hoc</strong></span> <span class='ocrx_word' id='word_1_725' title='bbox 3080 4855 3284 4910; x_wconf 90' lang='lat' dir='ltr'><strong>dictum</strong></span> <span class='ocrx_word' id='word_1_726' title='bbox 3345 4869 3449 4914; x_wconf 91' lang='lat' dir='ltr'><strong>est.</strong></span> <span class='ocrx_word' id='word_1_727' title='bbox 3497 4879 3607 4915; x_wconf 76' lang='lat' dir='ltr'><strong>im-</strong></span> 
     </span>
    </p>
   </div>
   <div class='ocr_carea' id='block_1_104' title="bbox 2016 4937 3609 5020">
    <p class='ocr_par' dir='ltr' id='par_1_104' title="bbox 2016 4937 3609 5020">
     <span class='ocr_line' id='line_1_104' title="bbox 2016 4937 3609 5020; baseline 0.013 -29"><span class='ocrx_word' id='word_1_728' title='bbox 2016 4937 2159 5006; x_wconf 85' lang='lat' dir='ltr'><strong>pleta</strong></span> <span class='ocrx_word' id='word_1_729' title='bbox 2187 4939 2334 4992; x_wconf 88' lang='lat' dir='ltr'><strong>enim</strong></span> <span class='ocrx_word' id='word_1_730' title='bbox 2363 4941 2551 4995; x_wconf 86' lang='lat' dir='ltr'><strong>carnis</strong></span> <span class='ocrx_word' id='word_1_731' title='bbox 2579 4941 2998 5016; x_wconf 81' lang='lat' dir='ltr'><strong>dispensatione</strong></span> <span class='ocrx_word' id='word_1_732' title='bbox 3036 4949 3104 5001; x_wconf 88' lang='lat' dir='ltr'><strong>ad</strong></span> <span class='ocrx_word' id='word_1_733' title='bbox 3149 4950 3407 5020; x_wconf 84' lang='lat' dir='ltr'><strong>judiciale</strong></span> <span class='ocrx_word' id='word_1_734' title='bbox 3459 4956 3609 5010; x_wconf 84' lang='lat' dir='ltr'><strong>thro-</strong></span> 
     </span>
    </p>
   </div>
   <div class='ocr_carea' id='block_1_105' title="bbox 2023 5034 3603 5110">
    <p class='ocr_par' dir='ltr' id='par_1_105' title="bbox 2023 5034 3603 5110">
     <span class='ocr_line' id='line_1_105' title="bbox 2023 5034 3603 5110; baseline 0.012 -27"><span class='ocrx_word' id='word_1_735' title='bbox 2023 5046 2157 5084; x_wconf 87' lang='lat' dir='ltr'><strong>num</strong></span> <span class='ocrx_word' id='word_1_736' title='bbox 2185 5047 2346 5087; x_wconf 88' lang='lat' dir='ltr'><strong>suum</strong></span> <span class='ocrx_word' id='word_1_737' title='bbox 2381 5034 2564 5101; x_wconf 89' lang='lat' dir='ltr'><strong>rediit,</strong></span> <span class='ocrx_word' id='word_1_738' title='bbox 2587 5035 2642 5090; x_wconf 89' lang='lat' dir='ltr'><strong>id</strong></span> <span class='ocrx_word' id='word_1_739' title='bbox 2673 5046 2780 5101; x_wconf 89' lang='lat' dir='ltr'><strong>est,</strong></span> <span class='ocrx_word' id='word_1_740' title='bbox 2815 5038 2881 5093; x_wconf 88' lang='lat' dir='ltr'><strong>ad</strong></span> <span class='ocrx_word' id='word_1_741' title='bbox 2904 5049 3236 5110; x_wconf 89' lang='lat' dir='ltr'><strong>potestatem</strong></span> <span class='ocrx_word' id='word_1_742' title='bbox 3273 5043 3603 5107; x_wconf 82' lang='lat' dir='ltr'><strong>Divinitatis.</strong></span> 
     </span>
    </p>
   </div>
   <div class='ocr_carea' id='block_1_106' title="bbox 2025 5120 3609 5206">
    <p class='ocr_par' dir='ltr' id='par_1_106' title="bbox 2025 5120 3609 5206">
     <span class='ocr_line' id='line_1_106' title="bbox 2025 5120 3609 5206; baseline 0.013 -32"><span class='ocrx_word' id='word_1_743' title='bbox 2025 5120 2198 5188; x_wconf 86' lang='lat' dir='ltr'><strong>Quem</strong></span> <span class='ocrx_word' id='word_1_744' title='bbox 2236 5124 2497 5178; x_wconf 90' lang='lat' dir='ltr'><strong>thronum</strong></span> <span class='ocrx_word' id='word_1_745' title='bbox 2527 5136 2708 5182; x_wconf 85' lang='lat' dir='ltr'><strong>tamen</strong></span> <span class='ocrx_word' id='word_1_746' title='bbox 2747 5145 2859 5185; x_wconf 93' lang='lat' dir='ltr'><strong>non</strong></span> <span class='ocrx_word' id='word_1_747' title='bbox 2889 5131 3216 5203; x_wconf 87' lang='lat' dir='ltr'><strong>reliquerat,</strong></span> <span class='ocrx_word' id='word_1_748' title='bbox 3250 5138 3475 5206; x_wconf 86' lang='lat' dir='ltr'><strong>quando</strong></span> <span class='ocrx_word' id='word_1_749' title='bbox 3517 5158 3609 5194; x_wconf 63' lang='lat' dir='ltr'><strong>aro</strong></span> 
     </span>
    </p>
   </div>
   <div class='ocr_carea' id='block_1_107' title="bbox 2022 5215 3605 5288">
    <p class='ocr_par' dir='ltr' id='par_1_107' title="bbox 2022 5215 3605 5288">
     <span class='ocr_line' id='line_1_107' title="bbox 2022 5215 3605 5288; baseline 0.013 -20"><span class='ocrx_word' id='word_1_750' title='bbox 2022 5215 2183 5270; x_wconf 87' lang='lat' dir='ltr'><strong>canis</strong></span> <span class='ocrx_word' id='word_1_751' title='bbox 2211 5218 2380 5286; x_wconf 80' lang='lat' dir='ltr'><strong>atque</strong></span> <span class='ocrx_word' id='word_1_752' title='bbox 2409 5217 2784 5278; x_wconf 69' lang='lat' dir='ltr'><strong>ineﬂ‘abilibus</strong></span> <span class='ocrx_word' id='word_1_753' title='bbox 2827 5225 3004 5280; x_wconf 86' lang='lat' dir='ltr'><strong>modis</strong></span> <span class='ocrx_word' id='word_1_754' title='bbox 3045 5227 3112 5280; x_wconf 87' lang='lat' dir='ltr'><strong>ad</strong></span> <span class='ocrx_word' id='word_1_755' title='bbox 3152 5243 3255 5284; x_wconf 91' lang='lat' dir='ltr'><strong>nos</strong></span> <span class='ocrx_word' id='word_1_756' title='bbox 3293 5231 3605 5288; x_wconf 89' lang='lat' dir='ltr'><strong>descendit.</strong></span> 
     </span>
    </p>
   </div>
   <div class='ocr_carea' id='block_1_108' title="bbox 2024 5307 3602 5380">
    <p class='ocr_par' dir='ltr' id='par_1_108' title="bbox 2024 5307 3602 5380">
     <span class='ocr_line' id='line_1_108' title="bbox 2024 5307 3602 5380; baseline 0.01 -19"><span class='ocrx_word' id='word_1_757' title='bbox 2024 5307 2356 5379; x_wconf 77' lang='lat' dir='ltr'><strong>Assumptus</strong></span> <span class='ocrx_word' id='word_1_758' title='bbox 2383 5312 2530 5366; x_wconf 88' lang='lat' dir='ltr'><strong>enim</strong></span> <span class='ocrx_word' id='word_1_759' title='bbox 2561 5325 2639 5369; x_wconf 86' lang='lat' dir='ltr'><strong>est</strong></span> <span class='ocrx_word' id='word_1_760' title='bbox 2680 5314 2734 5369; x_wconf 91' lang='lat' dir='ltr'><strong>in</strong></span> <span class='ocrx_word' id='word_1_761' title='bbox 2757 5317 2979 5380; x_wconf 81' lang='lat' dir='ltr'><strong>ccelum,</strong></span> <span class='ocrx_word' id='word_1_762' title='bbox 3020 5333 3074 5374; x_wconf 89' lang='lat' dir='ltr'><strong>et</strong></span> <span class='ocrx_word' id='word_1_763' title='bbox 3119 5322 3272 5376; x_wconf 88' lang='lat' dir='ltr'><strong>sedet</strong></span> <span class='ocrx_word' id='word_1_764' title='bbox 3306 5324 3374 5376; x_wconf 86' lang='lat' dir='ltr'><strong>ad</strong></span> <span class='ocrx_word' id='word_1_765' title='bbox 3411 5323 3602 5379; x_wconf 78' lang='lat' dir='ltr'><strong>dexte-</strong></span> 
     </span>
    </p>
   </div>
   <div class='ocr_carea' id='block_1_109' title="bbox 2018 5396 3604 5475">
    <p class='ocr_par' dir='ltr' id='par_1_109' title="bbox 2018 5396 3604 5475">
     <span class='ocr_line' id='line_1_109' title="bbox 2018 5396 3604 5475; baseline 0.013 -27"><span class='ocrx_word' id='word_1_766' title='bbox 2018 5411 2135 5449; x_wconf 90' lang='lat' dir='ltr'><strong>ram</strong></span> <span class='ocrx_word' id='word_1_767' title='bbox 2195 5396 2401 5463; x_wconf 84' lang='lat' dir='ltr'><strong>Patris,</strong></span> <span class='ocrx_word' id='word_1_768' title='bbox 2436 5401 2608 5456; x_wconf 81' lang='lat' dir='ltr'><strong>veluti</strong></span> <span class='ocrx_word' id='word_1_769' title='bbox 2642 5404 2732 5473; x_wconf 92' lang='lat' dir='ltr'><strong>qui</strong></span> <span class='ocrx_word' id='word_1_770' title='bbox 2774 5415 3104 5475; x_wconf 79' lang='lat' dir='ltr'><strong>potestatem</strong></span> <span class='ocrx_word' id='word_1_771' title='bbox 3154 5426 3376 5464; x_wconf 89' lang='lat' dir='ltr'><strong>omnem</strong></span> <span class='ocrx_word' id='word_1_772' title='bbox 3431 5429 3604 5467; x_wconf 77' lang='lat' dir='ltr'><strong>acce-</strong></span> 
     </span>
    </p>
   </div>
   <div class='ocr_carea' id='block_1_110' title="bbox 2018 5490 3607 5574">
    <p class='ocr_par' dir='ltr' id='par_1_110' title="bbox 2018 5490 3607 5574">
     <span class='ocr_line' id='line_1_110' title="bbox 2018 5490 3607 5574; baseline 0.013 -32"><span class='ocrx_word' id='word_1_773' title='bbox 2018 5490 2161 5560; x_wconf 85' lang='lat' dir='ltr'><strong>perit</strong></span> <span class='ocrx_word' id='word_1_774' title='bbox 2217 5492 2272 5545; x_wconf 90' lang='lat' dir='ltr'><strong>in</strong></span> <span class='ocrx_word' id='word_1_775' title='bbox 2299 5493 2443 5548; x_wconf 69' lang='lat' dir='ltr'><strong>caelo</strong></span> <span class='ocrx_word' id='word_1_776' title='bbox 2506 5503 2562 5551; x_wconf 87' lang='lat' dir='ltr'><strong>et</strong></span> <span class='ocrx_word' id='word_1_777' title='bbox 2609 5497 2665 5551; x_wconf 92' lang='lat' dir='ltr'><strong>iu</strong></span> <span class='ocrx_word' id='word_1_778' title='bbox 2724 5506 2893 5565; x_wconf 86' lang='lat' dir='ltr'><strong>terra,</strong></span> <span class='ocrx_word' id='word_1_779' title='bbox 2932 5507 2986 5554; x_wconf 90' lang='lat' dir='ltr'><strong>et</strong></span> <span class='ocrx_word' id='word_1_780' title='bbox 3048 5507 3287 5574; x_wconf 69' lang='lat' dir='ltr'><strong>propria:</strong></span> <span class='ocrx_word' id='word_1_781' title='bbox 3333 5514 3607 5562; x_wconf 62' lang='lat' dir='ltr'><strong>creatum</strong></span> 
     </span>
    </p>
   </div>
   <div class='ocr_carea' id='block_1_111' title="bbox 2017 5585 3603 5660">
    <p class='ocr_par' dir='ltr' id='par_1_111' title="bbox 2017 5585 3603 5660">
     <span class='ocr_line' id='line_1_111' title="bbox 2017 5585 3603 5660; baseline 0.01 -23"><span class='ocrx_word' id='word_1_782' title='bbox 2017 5597 2176 5653; x_wconf 84' lang='lat' dir='ltr'><strong>opem</strong></span> <span class='ocrx_word' id='word_1_783' title='bbox 2203 5585 2388 5641; x_wconf 87' lang='lat' dir='ltr'><strong>tulerit</strong></span> <span class='ocrx_word' id='word_1_784' title='bbox 2424 5602 2523 5658; x_wconf 86' lang='lat' dir='ltr'><strong>pro</strong></span> <span class='ocrx_word' id='word_1_785' title='bbox 2554 5605 2658 5660; x_wconf 89' lang='lat' dir='ltr'><strong>qua</strong></span> <span class='ocrx_word' id='word_1_786' title='bbox 2692 5592 3100 5650; x_wconf 86' lang='lat' dir='ltr'><strong>inunaculatam</strong></span> <span class='ocrx_word' id='word_1_787' title='bbox 3163 5597 3310 5650; x_wconf 85' lang='lat' dir='ltr'><strong>illaut</strong></span> <span class='ocrx_word' id='word_1_788' title='bbox 3365 5600 3603 5653; x_wconf 75' lang='lat' dir='ltr'><strong>enimam</strong></span> 
     </span>
    </p>
   </div>
   <div class='ocr_carea' id='block_1_112' title="bbox 2020 5675 3603 5761">
    <p class='ocr_par' dir='ltr' id='par_1_112' title="bbox 2020 5675 3603 5761">
     <span class='ocr_line' id='line_1_112' title="bbox 2020 5675 3603 5761; baseline 0.011 -32"><span class='ocrx_word' id='word_1_789' title='bbox 2020 5689 2303 5746; x_wconf 84' lang='lat' dir='ltr'><strong>posuerat.</strong></span> <span class='ocrx_word' id='word_1_790' title='bbox 2331 5675 2457 5737; x_wconf 65' lang='lat' dir='ltr'><strong>llaec</strong></span> <span class='ocrx_word' id='word_1_791' title='bbox 2486 5691 2798 5742; x_wconf 81' lang='lat' dir='ltr'><strong>autemnon</strong></span> <span class='ocrx_word' id='word_1_792' title='bbox 2829 5687 3089 5755; x_wconf 83' lang='lat' dir='ltr'><strong>humane,</strong></span> <span class='ocrx_word' id='word_1_793' title='bbox 3131 5690 3227 5747; x_wconf 84' lang='lat' dir='ltr'><strong>sed</strong></span> <span class='ocrx_word' id='word_1_794' title='bbox 3278 5691 3440 5761; x_wconf 89' lang='lat' dir='ltr'><strong>digne</strong></span> <span class='ocrx_word' id='word_1_795' title='bbox 3491 5688 3603 5747; x_wconf 85' lang='lat' dir='ltr'><strong>Deo</strong></span> 
     </span>
    </p>
   </div>
  </div>
