4050 6278
371 377 477 443 143

1587 372 1688 432 EU
1707 369 1970 432 i'lll’llll
2008 371 2376 434 ZIGABENI
3543 378 3633 443 144

349 492 732 567 intelligenda
769 499 919 548 sunt.
951 488 1153 546 S.-dere
1178 487 1322 543 enim
1346 487 1637 554 inthrouo,
1662 499 1755 542 aut
1783 503 1950 557 super

2065 490 2122 558 ἣν
2155 489 2249 543 καὶ
2283 487 2477 561 πρώην
2494 488 2652 558 ἔλων,
2703 490 2854 559 ὅμως
2900 487 3220 560 ἀπέκρυπτε
3254 490 3342 543 διὰ
3389 490 3484 561 τὴν
3502 493 3639 546 οἰκο-

376 593 658 654 thronum,
687 591 740 642 in
773 587 904 655 Deo,
931 587 1065 642 etin
1099 584 1277 640 Verbo
1311 582 1431 649 Dei,
1481 583 1787 653 accipimus
1854 598 1954 652 pro

369 686 619 760 iudiciali
652 691 961 758 potestate:
1022 696 1187 752 quam
1218 681 1325 736 etsi
1351 690 1514 734 antea
1568 678 1826 743 habebat,
1884 676 1955 732 ob

375 781 561 836 carnis
609 786 791 834 tamen
849 773 1315 845 dispensationem
1368 771 1624 836 celabat,
1717 778 1776 824 nt
1847 778 1959 824 tota

371 875 715 942 impleretur.
769 870 855 924 'I‘u
924 869 1104 934 fuisti,
1140 868 1344 938 inquit,
1381 868 1436 921 in
1483 865 1737 937 judiciali
1800 873 1957 934 pote-

2062 584 2276 655 νομίαν,
2310 583 2399 636 ἴνα
2430 583 2584 637 πᾶσα
2616 581 2904 655 πληρωθῇ.
2934 584 2973 636 Γ
2975 587 3168 653 έγονας
3198 584 3294 638 οὖν
3317 585 3374 637 ἐν
3427 584 3637 657 ἐξουσία

2060 675 2374 747 δικαστικῇ,
2403 676 2500 730 καὶ
2524 675 2713 746 σχῆμα
2745 675 3064 742 δικάζοντος
3104 675 3385 742 ἀνέλαϐες,
3419 678 3446 729 ὁ
3483 677 3636 747 μόνος

2061 768 2274 834 δίκαιος
2303 771 2520 844 κριτὴς,
2547 772 2642 824 καὶ
2693 771 2799 825 ὑπὸ
2827 771 3098 842 μηδεμιᾶς
3133 771 3360 842 ἀγνοίας
3400 771 3432 842 ἢ
3457 769 3644 824 omet-

2063 879 2206 928 σεως
2233 862 2671 934 ἐμποδιζόμενος
2697 865 2779 929 είς
2809 863 3112 933 εὐθύτητα.

372 980 535 1032 State,
573 980 623 1022 et
652 963 958 1037 jndicantis
983 977 1277 1034 personam
1311 959 1628 1031 sumpsiSti,
1660 960 1755 1030 qui
1789 961 1945 1013 solus
1973 961 2162 1028 justus
2189 973 2251 1016 es
2271 958 2472 1030 judex,
2522 957 2731 1031 quique
2757 959 2910 1014 nulla
2971 957 3282 1029 ignorantia
3332 963 3429 1011 aut
3506 954 3638 1011 alle-

370 1077 463 1122 ctn
502 1064 810 1133 impediris,
846 1060 1147 1130 quominus
1179 1075 1397 1130 semper
1429 1060 1486 1113 in
1528 1058 1787 1129 aequitate
1819 1070 2166 1127 perseveres.

445 1157 613 1215 Vens.
641 1157 1007 1228 6.1ncrepasti
1030 1169 1233 1228 gentes,
1259 1167 1308 1210 et
1335 1158 1490 1222 periit
1511 1157 1732 1226 impius.
1757 1155 1959 1228 Objnr-

373 1252 545 1324 gasti,
581 1249 781 1318 inquit,
821 1257 1037 1318 gentes,
1066 1248 1450 1317 imprdperasti
1483 1246 1564 1302 eis
1587 1262 1829 1303 errorem
1864 1265 1959 1304 eo-

375 1363 521 1408 rum,
555 1353 611 1399 et
647 1341 786 1412 fugit
823 1343 890 1396 ab
918 1343 1001 1396 eis
1028 1339 1284 1405 Satanas,
1331 1341 1617 1395 veritatem
1649 1356 1756 1396 non
1788 1342 1958 1395 susti-

371 1453 530 1492 nens.
558 1436 808 1507 Apostoli
839 1432 1134 1504 aliquando
1164 1432 1366 1487 acerbe
1397 1433 1629 1503 gentiles
1655 1433 1958 1504 reprehen-

371 1531 603 1594 tlebant,
637 1526 805 1581 veluti
836 1525 1042 1580 Paulus
1065 1526 1159 1594 qui
1195 1524 1519 1580 insensatos
1578 1524 1807 1581 Galatas
1855 1541 1957 1596 ap-

373 1623 650 1692 pellabat:
714 1619 861 1689 quod
911 1619 986 1672 illi
1021 1619 1345 1682 sentientes,
1381 1618 1451 1672 ab
1487 1617 1758 1674 idolorum
1812 1621 1963 1673 cultu

373 1715 725 1770 recedebant.
763 1713 1062 1768 Destructo
1093 1722 1276 1764 autem
1321 1709 1592 1764 idolorum
1658 1711 1836 1775 cultu,
1887 1710 1964 1765 si-

375 1809 489 1862 mul
515 1809 678 1861 etiam
702 1803 892 1859 abihat
922 1819 1114 1859 eorum
1142 1803 1349 1870 praesul
1388 1803 1604 1859 daemon
1637 1819 1651 1856 :
1711 1802 1850 1860 adeo
1881 1805 1961 1860 vel

372 1901 486 1954 sola
521 1905 735 1968 poterat
754 1905 1074 1949 sanctorum
1099 1893 1429 1964 increpatio.

2144 1157 2546 1230 Ἐπετίμησας
2561 1158 2789 1223 ἔθνεσι,
2806 1155 2903 1212 καί
2923 1153 3198 1211 ἀπώλετο
3214 1152 3466 1223 ἀσεϐής.
3478 1153 3640 1207 ὀνείο

2061 1250 2245 1315 δισας,
2280 1250 2441 1322 φησὶ,
2476 1252 2592 1316 τοῖς
2622 1250 2803 1304 ἔθνεσι
2824 1249 2924 1321 τὴν
2941 1247 3174 1318 πλάνην,
3206 1248 3301 1300 καὶ
3322 1246 3525 1318 ἔφυγεν
3549 1247 3641 1300 ἀπ’

2062 1343 2292 1397 αῦτῶνὸ
2326 1343 2593 1410 Σατανᾶς,
2624 1345 2726 1398 οὐκ
2746 1341 2990 1413 ἐνεγκὼν
3009 1341 3110 1413 τὴν
3141 1324 3423 1411 ἀλήθειαν.
3455 1340 3518 1394 Oi
3537 1340 3643 1409 γὰρ

2063 1431 2358 1486 ἀπόστολοι
2384 1436 2482 1488 καὶ
2507 1433 2845 1505 πικρότερον
2875 1431 3030 1486 ιστιν
3073 1427 3136 1486 οῦ
3157 1431 3508 1501 καθήπτοντο
3539 1433 3644 1483 τῶν

2064 1521 2255 1590 ἐθνῶν,
2287 1523 2364 1588 ὡς
2393 1525 2424 1578 ὁ
2462 1524 2677 1589 Παῦλος
2700 1539 2714 1554 '
2747 1520 2825 1580 Ὦ
2851 1524 3102 1592 ἀνόητοι
3130 1520 3427 1587 Γαλάται,
3459 1519 3642 1591 φησίν·

2062 1615 2448 1687 αἰσθανόμενοι
2482 1617 2618 1688 γάρ,
2652 1616 3064 1686 ἀπηλλάττοντο
3101 1617 3203 1687 τῆς
3224 1614 3641 1683 είδωλομανίας

2062 1709 2272 1775 ταύτης
2304 1710 2363 1763 δὲ
2388 1708 2758 1773 ἀπολωλυίας,
2777 1710 2877 1763 καὶ
2900 1709 2931 1764 ὁ
2953 1709 3274 1779 προστάτης
3306 1705 3481 1778 αὐτῆς
3517 1722 3642 1760 συν-

2061 1801 2364 1872 ηφανίζετο
2413 1800 2684 1867 διάϐολος.
2735 1799 3010 1857 Τοσοῦτον
3043 1802 3078 1874 η
3107 1800 3428 1874 ἐπιτίμησις
3487 1798 3650 1871 μόνον

2062 1898 2347 1967 ίσχύσατο.

441 1994 644 2048 Nomen
673 1991 790 2060 ejus
822 1989 1010 2043 delesti
1032 1987 1087 2043 in
1115 1988 1371 2041 montum
1394 1997 1443 2043 et
1473 1989 1529 2042 in
1560 1989 1817 2044 swculum
1846 2005 1949 2042 sa:-

2133 1993 2205 2047 Τύ
2241 1991 2431 2062 ὄνομα
2459 1992 2648 2049 αὐτοῦ
2678 1993 3018 2064 ἐξήλειψας
3055 1993 3144 2060 εις
3164 1991 3274 2046 τὸν
3297 1990 3485 2045 αίῶνα
3551 1987 3651 2044 καί

371 2087 504 2140 culi.
534 2084 671 2139 Cum
705 2085 973 2151 honorem
1009 2079 1257 2137 debitum
1293 2081 1399 2137 sibi
1435 2082 1711 2137 daemones
1741 2081 1960 2151 rapuis-

372 2189 517 2246 sent,
549 2177 804 2232 homines
833 2175 886 2230 in
919 2189 1110 2231 eorum
1139 2173 1458 2229 servitutem
1494 2173 1703 2229 redacti
1739 2175 1960 2229 nomina

369 2275 453 2328 cis
483 2271 788 2326 dederunt:
825 2265 1292 2339 quemadmodum
1327 2264 1598 2322 Hesiodus
1656 2266 1708 2320 in
1762 2265 1959 2337 nugaci

371 2371 465 2423 illo
490 2379 655 2437 opere
672 2362 1036 2417 Denativitate
1075 2361 1294 2414 deorum
1321 2358 1510 2414 tradit.
1539 2360 1718 2429 Atque
1747 2358 1830 2430 (ut
1853 2373 1958 2412 ca:-

372 2473 485 2515 tera
511 2460 613 2513 alia
633 2455 906 2520 omittam)
928 2450 1166 2522 exempli
1191 2453 1367 2522 gratia
1395 2462 1607 2507 tantum
1641 2452 1844 2516 dicam,
1866 2449 1954 2505 Jo-

371 2558 477 2617 vis,
500 2552 710 2616 Martis,
729 2549 1019 2620 Apollinis,
1036 2547 1314 2614 Mercurii,
1329 2544 1789 2610 Dianae,Veneris,
1805 2551 1860 2598 et
1875 2558 1963 2598 co-

370 2649 542 2720 piosae
570 2645 714 2699 illius
728 2643 956 2698 deorum
976 2640 1346 2696 multitudinis
1364 2637 1610 2702 nomina,
1625 2637 1788 2693 simul
1815 2651 1880 2690 ac
1898 2638 1962 2689 ti-

373 2742 460 2797 tlei
483 2737 706 2793 verbum
732 2732 1147 2788 disseminatum
1182 2740 1288 2794 est,
1313 2729 1498 2784 statim
1519 2727 1831 2789 evanuisse,
1849 2740 1958 2781 non

373 2838 548 2893 solum
578 2835 631 2886 in
663 2832 768 2885 hoc
801 2828 1050 2900 prtesenti
1076 2827 1303 2893 smculo,
1327 2825 1422 2881 sed
1450 2823 1617 2881 etiam
1647 2823 1703 2879 in
1735 2822 1920 2878 futuro
1940 2863 1956 2886 ,

371 2927 520 2999 quod
548 2923 809 2980 saeculum
842 2920 1030 2976 szeculi
1064 2918 1192 2975 esse
1249 2917 1671 2989 intelligendum
1726 2923 1852 2982 est,
1905 2925 1961 2971 et

377 3021 525 3090 quod
559 3018 780 3091 proprie
812 3012 1075 3070 saeculum
1103 3011 1331 3076 dicitur,
1368 3014 1497 3082 quia
1537 3007 1716 3080 [juxta
1757 3009 1963 3064 Graeca:

375 3112 641 3169 (lieti0nis
686 3106 821 3179 vim]
862 3105 998 3161 αἰὼν
1040 3103 1534 3174 sempiternitatem
1567 3103 1818 3159 denotat.
1869 3103 1962 3157 Est

378 3217 563 3263 autem
605 3216 723 3258 mos
755 3213 929 3257 sacra:
988 3196 1293 3265 Scriptum
1349 3209 1445 3264 per
1507 3193 1827 3261 huiusmodi
1883 3193 1962 3249 lo-

374 3298 578 3369 quendi
607 3294 854 3358 modum,
887 3289 1248 3346 honoratiora
1281 3301 1498 3356 semper
1523 3285 1872 3358 signiﬁcare:
1904 3295 1964 3340 ut

375 3409 500 3449 cum
524 3396 598 3446 ait
617 3389 818 3445 Sancta
839 3391 1184 3448 sanctorum,
1203 3381 1428 3438 Cantica
1443 3380 1808 3445 canticorum,
1825 3381 1964 3436 Sab-

377 3489 507 3544 bata
539 3484 925 3547 sabbatorum,
955 3486 1009 3534 et
1042 3476 1152 3532 alia
1202 3474 1544 3546 hujusmodi.
1585 3472 1683 3530 Vel
1707 3475 1864 3530 aliter
1881 3475 1965 3529 die

2062 2087 2150 2151 εὶς
2202 2084 2311 2139 τὸν
2364 2085 2550 2140 αἰῶνα
2613 2084 2722 2140 τοῦ
2751 2085 2990 2152 αἰῶνος.
3035 2085 3149 2157 Τὴν
3178 2082 3275 2139 τοῦ
3313 2082 3450 2139 Θεοῦ
3483 2081 3651 2153 τιμὴν

2067 2178 2356 2247 ἁρπάσασι
2376 2180 2487 2242 τοῖς
2517 2177 2738 2247 δαίμοσι
2766 2179 2861 2232 καὶ
2883 2177 3125 2248 ὀνόματα
3163 2176 3445 2245 ἐπέθηκαν
3474 2176 3521 2228 oi
3553 2192 3655 2226 κα-

2062 2269 2495 2334 ταδουλωθέντες
2519 2270 2725 2336 αὐτοῖς,
2750 2270 2826 2333 ὡς
2863 2272 2899 2340 ἡ
2927 2269 3171 2340 φλύαρος
3216 2268 3464 2322 Ἠσιόδου
3516 2268 3655 2321 Θεο-

2063 2364 2238 2433 γογία
2267 2364 2635 2435 παρίστησιν
2676 2362 2775 2416 καὶ
2796 2361 2896 2415 ἵνα
2934 2359 3105 2415 τᾶλλα
3129 2358 3315 2432 παρῶ,
3347 2360 3486 2422 τέως
3515 2353 3652 2424 γοῦν

2063 2457 2184 2518 Δία,
2220 2457 2316 2509 καὶ
2349 2456 2545 2527 Ἀρεα,
2581 2457 2678 2509 καὶ
2719 2453 3061 2518 Ἀπόλλωνα,
3115 2454 3212 2508 καὶ
3270 2450 3504 2521 Ἑρμῆν,
3557 2448 3652 2502 καὶ

2066 2551 2357 2620 Ἀρτεμιν,
2389 2547 2485 2602 καὶ
2512 2546 2864 2617 Ἀφροδίτην,
2889 2545 2986 2601 καὶ
3025 2544 3268 2598 τοιοῦτον
3290 2541 3481 2611 ἐσμὲν,
3504 2539 3651 2610 ειπερ

2061 2641 2305 2710 ὀνόματα
2344 2639 2484 2709 μετὰ
2534 2639 2596 2692 τὸ
2626 2639 3056 2709 κατασπαρῆναι
3089 2637 3181 2690 τὸν
3204 2637 3305 2705 τῆς
3333 2633 3654 2701 οίκονοιόας

2061 2733 2243 2802 λόγον.
2269 2729 2702 2800 ἐξηλείφθησαν,
2726 2729 2787 2784 οὐ
2823 2730 2985 2799 μόνον
3012 2730 3082 2782 δι’
3103 2729 3228 2782 ὅλου
3263 2727 3361 2781 τοῦ
3382 2726 3656 2795 παρόντος

2064 2827 2283 2890 αἰῶνος,
2323 2823 2463 2878 ἀλλὰ
2521 2824 2616 2877 καὶ
2660 2821 2843 2893 πολλῷ
2898 2821 3138 2893 μάλιστα
3199 2817 3293 2873 τοῦ
3337 2818 3654 2888 μέλλοντος.

2063 2916 2267 2972 Τοῦτον
2292 2916 2401 2987 γὰρ
2426 2915 2602 2969 αίῶνα
2619 2914 2810 2978 αἰῶνος
2832 2913 3066 2984 οίητέον,
3089 2912 3146 2977 ὃς
3168 2912 3375 2982 κυρίως
3405 2907 3542 2964 αίὼν
3565 2909 3655 2963 διὰ

2062 3012 2123 3066 τὸ
2150 3007 2293 3064 εἶναι
2323 3010 2432 3064 ἀεί.
2459 3008 2699 3080 Σύνηθες
2756 3009 2815 3062 δὲ
2862 3010 2932 3077 τῇ
2977 3006 3174 3078 Γραφῇ
3221 3005 3295 3058 τά
3344 3001 3656 3074 τιμιώτερα

2064 3103 2282 3174 δηλοῦν,
2304 3103 2394 3157 διὰ
2420 3100 2516 3157 τοῦ
2546 3101 2753 3156 τοιοῦδε
2772 3103 3051 3172 σχήματος
3071 3117 3082 3130 ·
3097 3100 3234 3164 οἷον,
3255 3101 3423 3168 ’Δγια
3447 3095 3654 3165 ἁγίων,

2071 3196 2333 3268 ’ᾼσματα
2381 3195 2668 3268 ᾀσμάτων,
2724 3193 2981 3250 Σάϐϐατα
3040 3193 3358 3258 σαϐϐάτων,
3422 3191 3518 3244 καὶ
3581 3189 3653 3243 τά

2064 3289 2393 3346 τοιαῦτα.Ἦ
2420 3290 2483 3343 τὸ
2521 3291 2608 3356 είς
2629 3289 2734 3344 τὸν
2757 3288 2948 3344 αίῶνα
2966 3286 3072 3342 τοῦ
3099 3285 3349 3351 αἰῶνος,
3375 3283 3656 3345 ἐπίτασις.

2075 3383 2200 3438 ἀντῖ
2230 3382 2351 3446 τοῦ,
2387 3383 2552 3456 μέχρι
2580 3381 2784 3448 παντός
2809 3399 2825 3416 ο
2874 3380 3230 3453 ὴγνοήθησαν
3259 3380 3372 3449 γὰρ
3405 3376 3502 3431 τοῦ
3539 3375 3656 3428 λοι-

2075 3474 2180 3527 ποῦ
2208 3475 2560 3529 παντάπασιν
2579 3475 2635 3529 αί
2668 3472 3048 3545 δαιμονιώδεις
3091 3470 3330 3537 τελεταὶ,
3388 3467 3655 3522 σϐεσθέν-

379 3597 508 3636 cere
535 3590 694 3650 potes
723 3571 904 3643 :qnod
935 3583 1000 3624 ea
1032 3570 1198 3622 verba
1223 3567 1278 3620 in
1304 3565 1560 3621 amulum
1585 3565 1768 3619 menti
1794 3566 1959 3619 inten-

2074 3583 2186 3620 των
2216 3567 2403 3634 αὐτοῖς
2442 3570 2537 3623 καὶ
2566 3569 2678 3623 τῶν
2707 3565 3014 3636 ὀνομάτων.

377 3677 589 3730 sionem
623 3669 964 3745 significant:
1005 3681 1104 3738 pro
1133 3678 1200 3720 eo
1230 3660 1378 3732 quod
1404 3668 1512 3724 est,
1540 3658 1596 3713 in
1618 3657 2040 3730 pct'petnumJn
2063 3663 2395 3719 oblivionem
2450 3666 2598 3719 enim
2663 3664 2889 3736 penitus
2969 3663 3098 3718 data
3157 3670 3288 3718 sunt
3342 3659 3658 3716 daemonum

379 3767 598 3823 illorum
645 3765 808 3825 festa,
849 3775 919 3816 ac
950 3758 1342 3815 celebritates:
1397 3765 1704 3821 eorumque
1739 3753 1964 3807 nomina
2003 3753 2181 3812 deleta
2204 3755 2614 3827 quodammodo
2645 3765 2794 3824 sunt,
2831 3765 2888 3812 et
2922 3758 3218 3813 exstincta.

448 3858 616 3910 Vens.
639 3855 691 3907 7.
719 3847 1249 3917 lnimicidefecerunt
1290 3845 1506 3915 framea:
1528 3859 1689 3914 usque
1735 3843 1791 3897 in
1809 3843 1959 3912 ﬁnem

2145 3847 2257 3904 Τοῦ
2317 3847 2540 3918 ἐχθροῦ
2585 3847 2876 3914 ἐξέλιπον
2909 3850 2971 3904 al
3000 3848 3290 3920 ρομςοαῒαι
3331 3850 3421 3919 εις
3457 3847 3662 3918 τέλος.

375 3961 427 4005 et
457 3950 696 4004 civitates
725 3941 1063 3999 destruxisti.
1090 3937 1354 4000 Frameaa,
1392 3937 1498 3992 hoc
1531 3948 1614 3991 εει
1647 3935 1834 4005 gladii,
1873 3952 1959 3990 seu

2067 3939 2166 3994 καί
2223 3942 2433 4008 πόλεις
2480 3941 2778 4009 καθεῖλες.
2827 3941 3152 4013 Ῥωμφαίας
3205 3942 3373 3997 αὐτοῦ
3432 3954 3662 4012 νοητεον

378 4057 530 4098 arma
574 4038 808 4100 inimici,
842 4031 1221 4103 intelligenda!
1254 4038 1402 4095 sunt,
1437 4029 1817 4100 ignominiosae
1861 4027 1959 4084 illa:

2065 4033 2133 4087 τὰ
2165 4032 2315 4104 πάθη
2360 4032 2463 4103 τῆς
2495 4033 2744 4104 ἀτιμίας,
2789 4036 2858 4088 δι’
2883 4028 2958 4088 ὧν
3007 4037 3041 4105 ὴ
3081 4035 3230 4107 ψυχὴ
3278 4035 3660 4108 πληττομένη,

379 4135 669 4206 passiones
721 4139 887 4202 atque
938 4126 1188 4189 affectus,
1239 4122 1440 4194 quibus
1490 4123 1732 4176 humana
1778 4121 1959 4174 anima

2065 4126 2237 4197 νεκρά
2265 4125 2401 4197 πρὸς
2435 4126 2639 4197 ἀρετὴν
2691 4126 2991 4182 ἐντέθαπτο
3049 4127 3126 4197 τῷ
3171 4127 3407 4197 σώματι,
3461 4127 3661 4200 ὥσπερ

377 4247 487 4288 non
555 4243 720 4284 secus
788 4240 851 4280 ac
909 4221 1096 4294 gladio
1153 4233 1458 4290 percussa,
1512 4225 1566 4271 et
1615 4217 1835 4287 penitus
1891 4215 1957 4268 ad

2065 4220 2292 4291 σήματι.
2326 4219 2684 4293 Καθῃροῦντο
2714 4220 2759 4276 δ’
2793 4221 2852 4276 αἱ
2873 4221 3080 4287 πόλεις,
3117 4223 3530 4294 καταλυομένης
3555 4224 3660 4295 τῆς

377 4329 638 4378 virtutem
678 4329 894 4374 mortua
927 4314 1144 4388 iacebat
1163 4312 1296 4369 olim
1335 4313 1388 4369 in
1420 4325 1655 4383 corpore
1698 4311 1856 4381 quasi
1899 4311 1957 4366 in

2065 4309 2316 4374 ἀσεϐείας
2355 4311 2560 4377 αὐτῶν,
2592 4313 2687 4366 καὶ
2717 4311 2818 4384 τῆς
2851 4313 3139 4377 εὐσεϐείας
3185 4313 3660 4385 ἀντῳκοδομημέ-

376 4417 653 4486 Sepulcro.
695 4410 990 4466 Destructa
1046 4414 1225 4460 autem
1272 4405 1516 4476 gentium
1562 4402 1862 4470 impietate,
1903 4410 1959 4457 et

2065 4421 2181 4475 νης.
2215 4404 2290 4456 Ἢ
2314 4405 2409 4458 καὶ
2431 4403 2619 4470 πόλεις
2647 4405 2996 4476 ὑποληπτέον
3033 4408 3158 4470 τοὺς
3196 4406 3542 4478 ἀνθρώπους,
3575 4403 3663 4472 οἷς

374 4509 643 4564 mitiﬁcato
705 4502 931 4574 pietate,
990 4499 1291 4554 destructa:
1352 4503 1484 4552 sunt
1529 4493 1784 4549 civitates
1862 4490 1957 4548 Vel

2065 4496 2107 4546 ei
2135 4494 2388 4565 δαίμονες
2423 4493 2758 4550 ὲνεπαύοντο
2792 4494 2930 4566 (46).
2991 4495 3106 4551 Οὐκ
3157 4496 3390 4568 ἄκαιρον
3421 4498 3514 4550 καὶ
3548 4498 3656 4551 πό·

375 4603 634 4655 eivitates
670 4598 821 4665 ipsos
855 4591 1107 4646 homines
1137 4588 1400 4658 intellige.
1447 4587 1501 4642 in
1551 4583 1755 4656 quibus
1791 4593 1954 4640 antea

2065 4584 2172 4650 λεις
2197 4589 2373 4641 εἰπεῖν
2407 4589 2503 4643 καὶ
2541 4589 2670 4653 τοὺς
2692 4590 2906 4658 ἐναγεῖς
2938 4591 3102 4654 ναοὺς
3130 4590 3239 4646 τῶν
3288 4590 3548 4647 είδὼ).ων.

373 4693 697 4748 habitabant
731 4697 786 4742 et
817 4683 1176 4755 quiescebant
1225 4682 1528 4737 daemones.
1582 4679 1908 4749 Quanquam
1947 4687 2270 4736 extraneum
2316 4669 2485 4738 etiam
2529 4698 2640 4740 non
2685 4682 2853 4740 fuerit
2905 4700 3006 4756 per
3058 4686 3334 4753 civitates,
3392 4686 3660 4742 obscaena

371 4788 644 4842 idolorum
676 4782 902 4836 delubra
929 4778 1256 4848 intelligere.

449 4879 616 4934 Periit
643 4874 902 4929 memoria
951 4872 1070 4942 ejus
1125 4887 1245 4924 cum
1308 4870 1507 4923 sonitu.
1567 4865 1741 4925 Nemo
1805 4868 1952 4924 enim

2147 4867 2452 4925 Ἀπώλετο
2502 4867 2572 4924 τὸ
2626 4870 3029 4942 μνημόσυνον
3061 4871 3266 4927 αὐτῶν
3297 4871 3425 4942 μετ’
3475 4871 3657 4941 ἤχου.

374 4972 614 5041 amplius
655 4969 704 5024 ei
748 4964 1086 5022 sacrificium
1122 4961 1325 5018 offerre
1383 4963 1562 5028 novit,
1603 4969 1698 5016 aut
1728 4963 1956 5018 omnino

374 5081 497 5121 cum
541 5066 818 5117 invocare.
875 5059 1030 5124 Quod
1069 5072 1199 5111 vero
1230 5059 1330 5120 ait,
1393 5073 1512 5110 cum
1562 5056 1759 5120 sonitu,
1815 5056 1955 5110 idem

375 5169 482 5219 est,
511 5154 654 5224 quod
692 5169 817 5205 cum
850 5151 1120 5206 clamore.
1172 5149 1481 5203 Clamantia
1511 5148 1656 5204 enim
1689 5147 1957 5202 daemonia

376 5265 404 5303 a
437 5248 669 5301 Domino
717 5244 1019 5314 fugiebant.
1053 5239 1149 5297 Vel
1198 5259 1320 5295 cum
1366 5243 1570 5308 sonitu,
1619 5241 1672 5295 id
1710 5249 1797 5296 est
1835 5254 1958 5295 cum

371 5339 634 5412 iactantia
693 5338 808 5400 illa,
864 5350 929 5389 ac
970 5333 1229 5404 superbia
1267 5351 1282 5388 :
1316 5342 1408 5388 aut
1458 5347 1584 5387 cum
1623 5330 1960 5388 clamoribus

384 5433 494 5488 illis
541 5443 593 5485 et
642 5431 893 5483 munibus
957 5426 1381 5482 sacrificiorum.
1446 5423 1723 5496 Singulari
1777 5431 1959 5479 autem

378 5538 634 5579 sermone
659 5523 710 5575 in
735 5522 1038 5574 daemonem
1065 5519 1366 5582 invehitur,
1393 5517 1621 5587 impium
1647 5532 1771 5573 eum
1797 5525 1964 5587 atque

386 5617 671 5672 inimicum
732 5613 1021 5684 appellans
1052 5655 1067 5680 ,
1137 5613 1318 5683 ipsum
1375 5611 1480 5665 hoc
1523 5620 1686 5682 pacto
1726 5608 1962 5664 aliorum

2065 4960 2255 5023 Οὐδεὶς
2283 4960 2390 5033 γὰρ
2415 4959 2566 5032 αὐτῷ
2586 4960 2779 5018 θυσίαν
2810 4963 3146 5034 προσφέρειν
3163 4958 3295 5028 οἶδε,
3315 4963 3350 5035 ἢ
3378 4962 3516 5029 ὅλως
3536 4965 3664 5019 ἐπι·

2065 5051 2375 5113 καλεῖσθαι.
2395 5053 2469 5106 Τὸ
2495 5052 2574 5121 δὲ,
2595 5055 2728 5125 μετ’
2757 5053 2936 5125 ἤχου,
2973 5055 3116 5122 ἀντὶ,
3137 5054 3280 5128 μετά
3295 5055 3425 5128 βοῆς
3445 5072 3460 5088 ο
3494 5055 3663 5127 βοῶν-

2067 5161 2133 5197 τα
2170 5145 2279 5216 γάρ
2321 5144 2552 5216 ἔφευγον
2597 5147 2669 5201 τὰ
2716 5147 2992 5219 δαιμόνια.
3026 5147 3097 5203 Ἦ
3147 5149 3243 5203 καὶ
3290 5150 3422 5219 μετ’
3471 5149 3657 5220 ἤχου,

2068 5237 2210 5307 ἀντὶ,
2254 5237 2447 5297 Ὠλετο
2502 5239 2642 5312 μετά
2698 5240 2800 5310 τῆς
2830 5240 3151 5306 ἀλαζονείας
3203 5241 3508 5314 ὲκείνης,ἢ
3561 5242 3659 5294 καὶ

2067 5331 2169 5402 τῆς
2218 5335 2466 5406 κραυγῆς
2519 5332 2629 5386 τῶν
2655 5333 2975 5405 ἐπιϐωμίων
3013 5333 3301 5406 ᾀσμάτων.
3340 5333 3563 5396 Ἐνικῶς
3595 5333 3656 5387 δὲ

2071 5422 2417 5478 καθάπτεται
2461 5422 2554 5478 τοῦ
2588 5424 2864 5496 δαίμονος,
2892 5424 3072 5494 ἀσεϐῆ
3102 5424 3296 5480 τοῦτον
3327 5426 3423 5480 καὶ
3454 5424 3648 5496 ἐχθρδν

2071 5515 2379 5586 ὀνομάζων,
2409 5517 2502 5570 τδν
2554 5519 2867 5590 προστάτην
2915 5517 3027 5573 τῶν
3075 5518 3336 5573 ἐναντίων
3367 5514 3656 5587 δυνάμεων

2076 5609 2278 5681 μᾶλλον
2326 5609 2587 5696 ῦϐρίζων,
2618 5612 2693 5677 ti);
2727 5612 2825 5667 καὶ
2854 5614 2966 5677 τοῖς
3000 5609 3181 5677 dum;
3210 5612 3381 5668 αίτιον
3410 5613 3646 5666 ἀποστα-

1728 5787 1929 5852 Varite
1963 5787 2295 5852 lectiones.

451 5898 562 5971 μϐ)
596 5895 678 5948 fo'.
715 5897 882 5950 ἐπα-ιε
894 5893 1146 5947 παύοντο.
