4050 6278
512 306 609 368 m
1748 318 2131 379 eorum”
2178 321 2541 382 ZlGABENl
3678 305 3769 369 148

508 422 690 477 verbis
726 422 837 477 illis
873 422 1099 491 Sperent
1126 424 1181 477 in
1215 432 1285 488 te,
1342 441 1407 480 ex
1470 425 1702 482 llebrzeo
1750 430 2088 500 interpretati

2209 450 2425 500 τωσαν,
2482 435 2604 489 ἀντὶ
2627 434 2723 489 τοῦ
2773 432 3021 487 ἐλπιοῦσι
3074 425 3647 505 μεθηρμηνεὺκαυσιν.
3706 418 3771 472 Ἢ

508 524 637 570 sunt
672 536 683 568 :
718 513 1013 584 Sperabunt
1037 517 1091 568 in
1115 526 1184 579 te,
1215 517 1401 571 futuro
1430 519 1513 574 usi
1542 530 1787 588 tempore
1807 537 1907 591 pro
1931 524 2094 577 modo

511 610 856 677 imperativo.
926 608 1033 663 Sed
1102 609 1378 679 Propheta
1450 610 1707 669 fortassis
1768 616 2095 685 imperativo

511 717 649 757 usus
696 714 777 757 est
829 704 1184 773 przrceptoris
1230 719 1295 757 ac
1349 705 1600 761 docentis
1655 722 1810 761 more
1859 724 1923 764 ea
1980 709 2093 763 fieri

503 796 727 860 iubens,
784 812 907 866 qua:
950 797 1125 867 probe
1189 812 1252 852 ac
1306 798 1541 853 ﬁrmiter
1591 801 1762 854 novit.
1822 802 2092 858 Pra‘terea

503 890 669 942 etiam
696 897 844 943 recte
866 890 1023 952 dixit,
1059 890 1166 955 Qui
1206 902 1461 946 noverunt
1492 909 1679 947 nomen
1715 905 1887 949 tuum.
1918 893 2091 949 Natu-

506 995 622 1034 ram
656 981 800 1034 enim
861 981 953 1037 Dei
998 984 1183 1039 nullus
1248 988 1422 1041 novit.
1475 986 1538 1041 Et
1587 989 1810 1044 demum
1866 1006 2091 1045 causam

504 1076 762 1143 apposuit
787 1076 902 1144 spei
937 1090 1053 1132 sum
1077 1076 1266 1134 dicens
1300 1098 1314 1132 :
1346 1080 1607 1145 Quoniam
1632 1098 1737 1136 non
1762 1082 2095 1154 dereliquisri

501 1172 836 1238 exquirentes
879 1184 950 1232 te,
986 1169 1232 1225 Domine.
1262 1173 1374 1228 Nec
1425 1175 1566 1229 dixit
1615 1174 1963 1241 Qumrentes,
1995 1178 2090 1232 sed

501 1260 875 1328 anuirentes,
924 1270 984 1316 ut
1019 1263 1500 1335 investigationem
1532 1268 1831 1337 quamdam
1863 1284 1927 1323 ex
1981 1277 2090 1324 tota

502 1354 687 1407 anima
720 1354 1027 1408 faciendam
1068 1370 1191 1409 esse
1217 1356 1524 1413 denotaret.

576 1445 743 1504 Vens.
783 1448 871 1501 η.
915 1447 1145 1504 Psallite
1174 1449 1404 1505 Domino
1437 1454 1531 1521 qui
1570 1454 1780 1511 habitat
1832 1458 1887 1509 in
1933 1455 2087 1511 Sion.

503 1534 654 1593 Talis
690 1540 879 1609 itaque
911 1555 1036 1593 cum
1070 1544 1142 1596 sit
1182 1542 1451 1601 Dominus
1479 1555 1539 1602 ut
1565 1549 1825 1616 superius
1856 1551 2091 1607 demon-

499 1632 817 1697 stravimus,
860 1632 1107 1701 Psatlite,
1135 1638 1258 1701 hoc,
1294 1648 1399 1703 est,
1436 1638 1629 1697 Canite
1672 1643 1744 1698 ei.
1807 1643 2093 1698 Habitant!

497 1739 630 1780 vero
660 1726 715 1779 in
750 1725 884 1781 Sion
921 1728 1084 1793 dixit,
1125 1746 1235 1808 non
1285 1734 1413 1803 quia
1445 1732 1590 1792 Deus
1621 1736 1744 1793 loco
1788 1738 2091 1793 concluda-

2205 529 2301 581 καὶ
2326 529 2727 598 προστακτικὸς
2754 530 2781 580 ὁ
2811 528 2991 595 λόγος,
3023 520 3111 579 οἷα
3134 520 3531 582 διδασκαλικδς,
3559 517 3678 583 περῖ
3704 506 3771 567 ὧν

2206 621 2440 689 βεϐαίως
2480 616 2621 675 οἶδεν
2674 620 3081 690 ἐντελλόμενος.
3130 616 3237 670 Καὶ
3274 615 3451 675 ἄλλως
3505 610 3558 663 δὲ
3605 606 3773 670 καλῶς

2203 709 2327 767 εἷπε
2357 715 2423 767 τὸ
2465 712 2654 784 ὄνομα
2698 729 2851 767 σου·
2881 712 2983 780 τὴν
3032 708 3144 780 γὰρ
3191 704 3357 761 αὐτοῦ
3406 702 3567 769 φύσιν
3612 698 3774 761 οὐδεὶς

2203 807 2523 877 ἐγνώρισεν.
2558 805 2909 880 Προσὲοηκεν
2930 805 2987 858 δὲ
3021 804 3116 857 καὶ
3150 802 3247 871 τὴν
3276 799 3458 854 αἰτίαν
3505 795 3599 865 τῆς
3635 791 3775 847 ἐλπίο

2202 902 2311 969 δος,
2349 902 2675 970 ἐπαγαγὼν,
2717 902 2801 955 ὅτι
2836 901 2959 954 Οὐκ
2997 896 3389 967 ἐγκατέλιπες
3434 894 3576 954 τοὺς
3621 884 3776 953 ἐκζη-

2205 993 2464 1060 τοῦντάς
2486 1009 2581 1055 σε,
2617 996 2815 1061 Κύριε.
2850 992 2997 1062 Ὅρα
3028 990 3084 1043 δὲ
3111 987 3229 1051 πῶς
3265 985 3365 1039 οὔκ
3397 977 3519 1037 εἷπε
3552 975 3775 1050 Ζητοΰνο

2202 1105 2324 1155 τας,
2356 1089 2473 1143 ἀλλ’
2507 1088 2960 1156 Ἔκζητοῦντας,
2989 1083 3089 1156 τὴν
3121 1085 3179 1151 ἐξ
3200 1082 3331 1152 ὅλης
3348 1076 3529 1149 ψυχῆς
3563 1073 3778 1145 ζήτησιν

2202 1184 2292 1237 διὰ
2323 1183 2423 1254 τῆς
2460 1164 2778 1253 προθέσεῶς
2801 1180 3187 1250 παραστήσας.

2281 1453 2556 1506 Ψάλλετε
2595 1451 2674 1517 τῷ
2719 1452 2915 1519 Κυρίῳ
2959 1449 3038 1515 τῷ
3074 1446 3457 1502 κατοικοῦντι
3500 1445 3572 1499 ἐν
3618 1442 3781 1499 Σιών.

2200 1544 2537 1615 Τοιούτῳδέ,
2578 1544 2765 1613 φησὶν,
2796 1545 2911 1598 ὄντι
2944 1542 3023 1613 τῷ
3044 1540 3257 1613 Κυρίῳ,
3291 1534 3405 1594 οἷον
3450 1539 3564 1594 ἄνω
3598 1536 3783 1607 μικρὸν

2200 1643 2469 1712 ἐδήλωσα,
2507 1640 2761 1711 «potius.
2795 1638 3185 1694 Κατοικοῦντι
3242 1635 3300 1691 δέ
3355 1629 3534 1696 εἶπεν,
3584 1631 3682 1703 οὐχ
3707 1630 3786 1686 ὅτι

2204 1734 2577 1807 περικλείεται
2611 1734 2764 1803 τόπῳ
2785 1732 2919 1795 Θεὸς
2939 1773 2953 1799 ,
2989 1731 3125 1785 ἀλλὰ
3157 1728 3247 1784 διὰ
3269 1726 3363 1781 τοῦ
3392 1728 3569 1779 εἰπεῖν
3600 1722 3786 1787 οὕτως,

499 1826 609 1881 tur,
641 1820 736 1872 sed
771 1829 827 1872 ut
853 1822 1151 1890 quamdam
1186 1825 1276 1878 Dei
1308 1827 1744 1884 benevolentiam
1775 1846 1902 1897 erga
1936 1833 2088 1887 illum

2209 1831 2298 1898 τὴν
2333 1827 2471 1898 πρὸς
2487 1827 2582 1881 τὸν
2602 1828 2769 1880 τόπον
2802 1826 3061 1893 ἐνέφηνεν
3078 1823 3394 1890 οἰκειότητα
3414 1836 3431 1849 ·
3453 1817 3661 1873 ἐνοικεῖ
3687 1814 3789 1883 γὰρ

500 1910 680 1964 locum
712 1911 1147 1970 demonstraret.
1199 1916 1461 1975 Habitare
1490 1923 1657 1976 etiam
1688 1923 1896 1978 dicitur
1944 1924 2089 1982 Deus

2202 1921 2297 1974 καὶ
2316 1920 2431 1981 τοῖς
2456 1918 2693 1981 πιστοῖς,
2710 1916 2895 1988 οὒχῶς
2915 1916 3328 1987 περιεχόμενος,
3347 1912 3462 1965 ἀλλ’
3478 1910 3553 1975 ὼς
3580 1909 3789 1971 οἰκείως

500 2002 557 2057 in
587 2003 865 2071 ﬁdelibus,
917 2023 1025 2064 non
1052 2012 1198 2080 quod
1240 2015 1312 2069 ab
1354 2014 1463 2069 illis
1514 2017 1940 2086 complectatur,
1990 2018 2087 2074 sed

2209 2012 2336 2084 πρὸς
2396 2010 2597 2074 αὐτοὺς
2652 2010 3004 2080 διακείμενος
3042 2024 3055 2037 ·
3090 2008 3259 2078 ἤγουν
3308 2006 3434 2067 τοὺς
3488 1999 3790 2073 τηνικαῦτα

498 2097 667 2151 veluti
714 2099 1101 2158 benevolentia
1139 2120 1204 2161 ac
1243 2107 1624 2163 familiaritate
1678 2109 1916 2180 quadam
1972 2112 2083 2168 illis

497 2190 857 2259 eonjunctus.
891 2193 1229 2252 Exhortatur
1259 2200 1423 2269 igitur
1474 2200 1748 2271 Propheta
1778 2206 1844 2260 ad
1876 2220 2083 2259 canen-

2208 2106 2497 2177 Ἐὄραίους
2576 2104 2803 2176 ψάλλειν
2868 2101 3265 2174 προτρέπεται,
3319 2101 3353 2170 ἢ
3415 2100 3510 2152 καὶ⁵
3569 2096 3696 2158 τοὺς
3737 2092 3793 2158 ἐξ

2195 2200 2409 2254 ἐθνῶν·
2465 2198 2632 2261 αὐτὸς
2667 2197 2777 2267 γὰρ
2832 2197 2988 2249 ἔσται
3033 2196 3245 2249 τούτων
3285 2193 3505 2255 Θεὸς,,ὀ
3536 2194 3601 2246 ἐν
3656 2186 3793 2243 Σιὼν

499 2279 600 2336 das
634 2282 726 2339 Dei
763 2285 955 2344 laudes
1004 2290 1090 2344 vel
1125 2290 1409 2358 Hebraeos,
1448 2295 1537 2362 qui
1594 2303 1728 2349 tunc
1773 2306 1952 2363 erant,
1998 2301 2083 2353 vel

2209 2292 2580 2363 (ρηματὶζων.
2634 2299 2729 2344 καὶ
2760 2291 2873 2352 τοῖς
2914 2288 3087 2353 ἀξίοις
3121 2287 3528 2357 διαλεγόμενος.
3594 2285 3667 2337 Ἦ
3703 2279 3793 2335 καὶ

499 2371 687 2430 ﬁdeles
737 2379 829 2445 qui
876 2394 1023 2435 nunc
1077 2389 1207 2436 sunt
1260 2398 1325 2437 ex
1363 2385 1643 2452 gentibus,
1682 2402 1916 2456 quorum
1963 2397 2084 2443 erat

2209 2389 2333 2440 Ειὼν
2385 2386 2489 2456 τὴν
2543 2384 2601 2449 ἐξ
2662 2383 2835 2437 ἐθνῶν
2920 2382 3250 2453 Ἐκκλησίαν
3317 2378 3659 2450 ὑποληπτέον
3730 2376 3793 2445 ἦν

496 2465 721 2525 iuturus
751 2468 915 2527 Dens.
965 2473 1072 2537 Qui
1116 2475 1325 2527 Imbuat
1372 2478 1425 2529 iu
1485 2476 1635 2543 Sion,
1694 2481 1798 2533 hoc
1841 2490 1948 2545 εει,
1980 2478 2082 2547 Qui

2196 2483 2323 2535 ὓστε
2330 2500 2424 2551 ρον
2456 2483 2796 2539 ὠκειώσατο.

501 2578 763 2633 responsa
793 2574 959 2636 atque
989 2570 1214 2622 oracula
1249 2571 1343 2623 dat
1378 2573 1433 2624 in
1473 2572 1632 2637 Sion,
1696 2574 1787 2626 ubi
1819 2575 1969 2627 viros
2003 2588 2064 2630 se
2099 2571 2297 2642 dignos
2321 2574 2645 2646 alloquitur.
2688 2571 2786 2629 Vel
2861 2570 2992 2627 Sion
3041 2569 3343 2628 Ecclesiam
3410 2568 3479 2622 de
3540 2564 3795 2638 gentibus

496 2669 882 2730 congregatam
919 2662 1186 2732 intelligo,
1221 2679 1385 2733 quam
1420 2678 1613 2735 postea
1663 2666 1930 2722 Dominus
1974 2669 2269 2724 habitavit.

581 2756 911 2811 Annunliate
938 2758 1077 2811 inter
1109 2770 1289 2828 gentes
1322 2761 1507 2814 studia
1539 2764 1675 2828 ejus.
1707 2760 1833 2816 Haec
1862 2764 1926 2816 ad
1955 2777 2090 2832 apo-

2278 2766 2708 2836 Ἀναγγείλατε
2736 2765 2805 2818 ἐν
2844 2762 2972 2830 τοῖς
2995 2762 3203 2817 ἔθνεσι
3234 2758 3308 2814 τὰ
3349 2754 3796 2826 ἐπιτηδεύματα

2193 2857 2402 2914 αὑτοῦ.
2440 2858 2615 2911 Τοῦτο
2644 2857 2784 2928 πρὸς
2808 2857 2935 2919 τοὺς
2957 2854 3314 2916 ἀποστόλους,
3344 2851 3395 2905 οἳ
3412 2847 3794 2922 πορευθέντες,

498 2952 583 2996 tes
623 2942 954 2997 docuerunt.
990 2942 1150 3009 Quod
1209 2960 1339 3000 vero
1397 2945 1534 2999 LXX
1603 2947 1692 2999 hic
1747 2947 1926 3001 stadia
1989 2965 2087 3003 seu

2209 2952 2585 3021 ίμαθήτευσαν
2627 2952 2806 3005 πάντα
2835 2950 2903 3003 τὰ
2935 2947 3088 3018 ἔθνη.
3132 2947 3284 3000 ’Δντὶ
3322 2946 3378 2998 δὲ
3420 2943 3513 2997 τοῦ
3549 2945 3627 2998 τὰ
3670 2944 3798 2996 ἐπιο

494 3034 756 3087 exercitia
785 3034 1067 3097 dixerunt,
1112 3036 1477 3106 Symmachus
1529 3046 1672 3091 artes
1719 3040 1996 3108 exposuit,
2035 3047 2088 3093 et

2209 3045 2556 3113 ῖηόεὐματα,
2606 3045 2635 3095 ὁ
2673 3042 2769 3112 μὲν
2804 3042 3104 3112 Σύμμαχος
3154 3038 3439 3110 μηχανὰς
3476 3037 3733 3107 εἴρηκεν·
3768 3032 3798 3086 ὁ

494 3127 692 3197 Aquila
749 3131 1182 3184 immutationes.
1224 3129 1506 3185 Exercitia
1548 3132 1736 3199 igitur,
1799 3140 1851 3187 et
1905 3134 2088 3187 studia

2209 3140 2247 3190 is
2293 3136 2546 3202 Ἀκύλας,
2588 3136 2955 3206 ἐναλλατάς.
2995 3135 3083 3197 Ὠς
3132 3134 3231 3204 μέν
3263 3132 3357 3185 οὖν
3398 3130 3653 3202 πράξεις,
3680 3129 3799 3180 ἐπιο

494 3221 976 3290 ejusaununtiate,
1008 3223 1113 3276 hoc
1133 3233 1220 3278 est
1242 3223 1420 3293 ipsius
1461 3234 1636 3293 gesta,
1658 3226 1739 3279 vel
1763 3226 1884 3294 ejus
1911 3235 2079 3291 artes,

2209 3229 2509 3300 ςηδεύματα
2530 3247 2544 3260 ⁸
2573 3230 2649 3293 ὡς
2666 3230 2724 3283 δὲ
2754 3228 2942 3299 σοφαὶ,
2961 3226 3201 3299 μηχαναί
3224 3242 3239 3257 ο
3271 3225 3348 3288 ὡς
3374 3224 3431 3277 δέ
3454 3221 3573 3279 ἀντ’
3597 3221 3796 3285 ἄλλων,

497 3315 601 3369 hoc
625 3326 707 3369 est
735 3315 1115 3369 admirandam
1147 3319 1270 3386 ejus
1305 3317 1657 3385 sapientiam,
1683 3320 1768 3373 vel
1800 3317 1926 3386 ejus
1982 3321 2082 3371 im-

2209 3326 2487 3394 ενα).>.αγαί
2510 3343 2521 3355 ·
2556 3327 2665 3381 οἵτε
2701 3326 2811 3397 γὰρ
2844 3324 3057 3397 πόρρω,
3116 3322 3412 3390 γεγόνασιν
3465 3318 3672 3386 ἐγγύς·
3707 3314 3799 3368 καὶ

496 3408 837 3463 mutationes
872 3427 884 3462 :
915 3424 1039 3477 quin
1069 3410 1329 3463 nimirum
1360 3411 1595 3463 aliorum
1626 3410 1749 3463 loco
1793 3425 2080 3464 successe-

2209 3420 2243 3471 >ί
2275 3421 2331 3471 ἐν
2359 3418 2437 3488 τῷ
2472 3419 2657 3473 σκότει
2702 3418 2803 3485 τῆς
2841 3417 3075 3486 πλάνης,
3134 3416 3193 3467 ἐν
3217 3412 3297 3483 τῶ
3346 3411 3490 3481 φωτὶ
3524 3409 3626 3479 τῆς
3669 3407 3801 3477 ἀληο

497 3508 645 3554 runt.
671 3500 809 3555 Nam
849 3503 944 3571 qui
976 3502 1042 3557 de
1072 3504 1229 3572 longe
1260 3511 1440 3568 erant,
1468 3502 1598 3557 facti
1632 3512 1759 3557 sunt
1783 3518 1948 3572 prope
1983 3522 1995 3556 :
2030 3512 2085 3557 et

2209 3508 2377 3572 ὶείαςο
2406 3511 2503 3562 καὶ
2532 3510 2581 3561 oi
2613 3510 2670 3561 ἐν
2696 3508 2857 3581 λήθῃ.
2885 3509 2941 3561 ἐν
2979 3507 3202 3577 μνήμῃ⁸
3234 3503 3329 3557 καὶ
3356 3503 3405 3555 οἱ
3442 3496 3799 3573 ἀπερριμμέ-

496 3596 588 3661 qui
622 3598 675 3650 in
712 3596 957 3650 tenebris
984 3596 1218 3659 erroris,
1257 3605 1529 3650 venerunt
1563 3597 1630 3649 ad
1668 3596 1853 3649 lumen
1886 3595 2088 3648 verita-

2209 3618 2301 3667 m,
2348 3601 2848 3673 προσειλημμένον
2893 3601 2988 3654 καὶ
3016 3602 3044 3653 ὁ
3095 3597 3252 3665 Θεδς,
3289 3595 3613 3667 ἄνθρωπος·
3648 3593 3745 3647 καὶ
3772 3590 3801 3645 6

496 3692 568 3745 tis
590 3690 791 3759 :quiin
806 3690 1090 3749 oblivione
1108 3699 1289 3755 erant,
1321 3689 1491 3743 habiti
1523 3700 1650 3745 sunt
1683 3692 1733 3741 in
1765 3691 2030 3743 memoria
2069 3708 2082 3743 :

2209 3697 2297 3749 ⁵1νο
2310 3714 2514 3766 ρωπος,
2549 3696 2705 3760 Θεός.
3040 3754 3043 3755 ,

496 3797 550 3843 et
589 3789 684 3858 qui
754 3795 919 3843 antea
979 3787 1181 3857 abiecti
1240 3787 1484 3851 fuerant,
1551 3791 1772 3846 tandem
1837 3791 2109 3863 assumpti
2153 3802 2287 3849 sunt
2359 3812 2371 3847 :
2441 3791 2699 3862 Deosque
2759 3793 2961 3855 homo,
3028 3800 3084 3844 et
3151 3790 3315 3844 homo
3379 3785 3523 3842 Deus
3617 3782 3798 3837 factus

496 3892 602 3938 est.

579 3978 746 4035 Vens.
778 3980 865 4035 15.
893 3980 1162 4047 Quoniam
1186 3981 1276 4049 qui
1295 3981 1524 4049 exquirit
1545 3981 1879 4051 sanguinem,
1907 3996 2089 4033 eorum

498 2850 673 2903 stolos
696 2849 843 2903 dicta
872 2862 1024 2913 sum,
1057 2853 1151 2920 qui
1176 2853 1589 2907 circumeuntes
1638 2855 1929 2910 universas
1960 2871 2090 2927 geu-

2269 3978 2401 4031 Ὀτι
2438 3980 2473 4031 ὀ
2528 3972 2793 4043 ἐκζητῶν
2838 3976 2913 4029 τὰ
2956 3976 3197 4043 αἵματα,
3252 3969 3454 4055 αὐτῶν·
3491 3967 3795 4038 ἐμνήσθη.

499 4076 814 4128 recordatus
849 4086 947 4130 est.
980 4074 1105 4129 llrec
1134 4075 1275 4129 Deus
1324 4075 1394 4128 ita
1429 4075 1760 4143 dispensans
1790 4073 2088 4136 ordinavit,

2209 4068 2381 4123 Ιαῦτα
2414 4067 2471 4121 δὲ
2511 4067 2892 4138 ᾠκονόμησεν.
2929 4066 3118 4137 ἐπειδὴ
3150 4062 3402 4136 ἐμνήσθη
3430 4060 3637 4125 αὐτῶν,
3673 4059 3799 4111 ἐπι-

502 4178 789 4238 postquam
825 4184 1020 4224 eorum
1050 4168 1320 4223 meminit,
1367 4167 1539 4221 Antea
1565 4170 1712 4222 enim
1747 4182 1857 4221 non
1892 4165 2088 4220 memi-

2209 4164 2543 4235 taitqrxttévwv
2575 4164 2705 4235 πρὶν
2752 4163 2841 4217 διὰ
2873 4166 2972 4233 τὴν
3014 4162 3297 4225 ἀπιστίαν,
3349 4161 3377 4212 ὀ
3412 4156 3490 4229 μὴ
3528 4154 3797 4228 παρορῶν

502 4271 653 4316 uerat
684 4263 756 4316 ob
782 4277 978 4316 eorum
1033 4262 1443 4316 inﬁdelitatem.
1486 4259 1737 4316 Meminit
1763 4269 1941 4314 autem
1979 4273 2088 4313 non

2209 4260 2258 4311 τὰ
2276 4260 2355 4322 είς
2384 4258 2581 4311 θυσίαν
2609 4255 2913 4328 ἐκχεόμενα
2933 4256 3165 4327 αἵματα,
3191 4254 3373 4326 ζητῶν
3394 4253 3569 4306 ταῦτα
3592 4254 3658 4305 ἐκ
3683 4251 3796 4304 τῶν

501 4358 687 4410 terens
720 4357 958 4426 amplius
994 4370 1185 4410 eorum
1222 4356 1549 4427 sanguinem
1593 4352 1802 4409 effundi
1827 4355 1880 4407 in
1905 4354 2080 4408 sacri-

2209 4350 2399 4423 χειρῶν
2423 4351 2536 4403 τῶν
2569 4350 2894 4421 ἐκχεόντων,
2947 4349 2984 4404 ὃ.
3016 4351 3117 4403 οὐκ
3144 4348 3425 4403 ἐνέϐαλον.
3454 4346 3663 4417 Αἴματι
3699 4346 3797 4399 καὶ

500 4450 619 4505 licia
673 4449 1089 4521 [sacriﬁcabant
1120 4448 1325 4519 quippe
1355 4448 1615 4519 proprios
1653 4448 1817 4511 ﬁlios,
1855 4455 1911 4500 ct
1946 4446 2085 4501 ﬁlias

2209 4444 2297 4515 τὴν
2346 4444 2628 4515 ἐκδίκησιν
2665 4443 2911 4497 διδάσκει
2965 4443 3075 4496 τῶν
3106 4440 3533 4511 ἀλληλοφονιῶν,
3573 4437 3639 4502 ἃς
3688 4436 3797 4490 ὐπδ

496 4542 809 4617 dzemoniis]
834 4563 847 4598 :
882 4544 1132 4613 quinimo
1160 4547 1226 4597 de
1249 4541 1647 4599 efl‘undentium
1679 4542 1933 4595 manibus
1958 4556 2084 4595 san-

2209 4542 2305 4595 τῶν
2358 4541 2632 4609 δαιμόνων
2679 4541 3026 4613 κελευόμενοι
3081 4541 3493 4610 διεπράττοντο,
3533 4538 3609 4599 ὡς
3640 4530 3793 4589 εἶναι

496 4636 717 4703 guinem
749 4638 899 4689 illum
933 4637 1255 4703 exquisivit,
1301 4651 1464 4705 quem
1496 4636 1596 4705 ipsi
1627 4649 1736 4689 non
1785 4633 2083 4703 imposue-

2209 4636 2373 4705 Βῆλον,
2409 4637 2492 4689 ὅτι
2521 4638 2629 4698 πᾶς
2677 4636 2871 4704 φονεὺς
2913 4636 3070 4698 δίκας
3126 4631 3617 4705 είσπραχθήσεται.
3649 4627 3794 4699 Φησὶ

497 4738 644 4782 rant.
696 4725 792 4781 Vel
848 4729 1116 4782 ultionem
1189 4729 1399 4781 indicat
1451 4736 1767 4781 mutuarum
1833 4726 2086 4792 caedium,

2209 4726 2305 4797 γὰρ
2351 4727 2409 4779 ἐν
2434 4729 2503 4798 τῇ
2533 4726 2705 4797 βίϐλῳ
2734 4728 2835 4797 τῆς
2864 4728 3138 4791 Γενέσεως
3157 4742 3176 4756 ⁸
3215 4726 3287 4782 Τὸ
3316 4719 3463 4795 αἷμα
3486 4722 3655 4794 ὑμῶν
3689 4722 3794 4777 ἐκ·

498 4836 640 4884 quas
673 4821 834 4891 jussu
892 4824 1201 4876 daemonum
1256 4820 1551 4883 faciebant,
1619 4829 1681 4874 ut
1725 4818 2080 4873 manifestum
2196 4815 2451 4888 ζητήσω.

498 4917 613 4981 ﬁat,
659 4920 804 4988 quod
836 4922 1017 4975 omnis
1055 4920 1331 4975 homicida
1360 4920 1473 4975 luet
1512 4932 1744 4989 poenas;
1802 4928 1861 4971 ut
1904 4917 2071 4971 etiam
2112 4915 2168 4971 in
2187 4914 2387 4973 Genesi
2413 4916 2687 4989 legimus:
2740 4917 3067 4989 Sanguinem
3084 4917 3223 4971 enim
3280 4924 3538 4981 oestrum,
3590 4914 3794 4985 inquit:

497 5017 774 5086 exquiram
809 5016 877 5071 ⁸⁸.

579 5110 703 5165 Νοη
737 5121 816 5165 est
868 5113 1063 5167 oblitus
1114 5114 1402 5168 clamorem
1455 5131 1770 5182 pauperum.
1830 5112 2080 5169 Humana

505 5204 710 5258 ctenim
750 5216 946 5259 natura
977 5209 1079 5261 sub
1108 5208 1469 5263 iuvisibilinm
1524 5211 1835 5263 daemonum
1889 5216 2082 5277 tyran-

503 5294 632 5347 nide
666 5297 908 5359 detenta,
959 5297 1201 5353 clamare
1236 5300 1646 5368 quodammodo
1698 5299 1989 5353 videbatur
2018 5297 2083 5351 ad

501 5387 841 5453 Creatorem,
869 5393 939 5444 ob
961 5405 1184 5445 causam
1207 5399 1369 5448 tanta:
1390 5393 1719 5447 calamitatis
1746 5401 1799 5445 et
1829 5390 2087 5446 miserim.

499 5474 601 5533 Vel
634 5479 766 5535 illud
822 5480 1073 5537 fortassis
1129 5485 1445 5553 signiﬁcant
1520 5486 1636 5541 lucc
1693 5485 1882 5548 verba,
1937 5484 2084 5552 quod

502 5572 784 5639 prophetae
821 5574 975 5640 olim,
1008 5576 1206 5630 divine
1240 5577 1644 5634 incarnationis
1676 5577 2082 5648 prospicientes

504 5665 853 5734 mysterium,
885 5669 1217 5733 clamabant,
1253 5672 1653 5727 incarnaudum
1683 5668 1853 5727 Deum
1896 5670 1947 5725 in
1978 5670 2079 5725 Im-

558 5846 603 5880 "
632 5842 766 5901 Gcn.
793 5864 868 5915 ιι,
903 5846 952 5901 6.

2269 5109 2389 5161 Οὐκ
2417 5107 2748 5163 ἐπελάθετο
2779 5105 2891 5176 τῆς
2914 5106 3185 5176 κραυγῆς
3207 5104 3328 5159 τῶν
3347 5105 3645 5175 πενήτων.
3672 5104 3791 5159 Τυ-

2196 5205 2532 5276 ραννουμένη
2568 5203 2678 5273 γὰρ
2732 5205 2766 5272 ἡ
2809 5202 2974 5270 φύσις
3003 5201 3113 5254 τῶν
3162 5199 3473 5271 ἀνθρώπων
3513 5199 3619 5253 ὑπὸ
3672 5198 3790 5255 τῶν

2193 5302 2444 5372 ἀοράτων
2500 5296 2734 5369 ἐχθρῶν,
2784 5298 2965 5352 ἐδόκει
3199 5294 3338 5366 πρὸς
3386 5292 3479 5347 τὸν
3512 5292 3788 5361 πλάστην.

2194 5394 2499 5464 γενομένης
2525 5390 2662 5459 αὐτῇ
2693 5388 2944 5459 κραυγῆς
2971 5388 3070 5459 τῆς
3090 5384 3363 5457 τοσαύτης
3380 5383 3783 5454 ταλαιπωρίας.

2198 5484 2265 5539 Ἥ
2301 5485 2395 5538 καὶ
2410 5482 2569 5536 τοῦτο
2595 5481 2847 5553 βούλεται
2873 5481 3054 5549 λέγειν
3078 5498 3093 5509 ·
3136 5479 3213 5543 ὡς
3240 5480 3292 5533 oi
3316 5479 3590 5551 προφῆται
3616 5475 3786 5532 πάλιν

2195 5578 2257 5633 τὸ
2287 5579 2385 5651 τῆς
2427 5577 2577 5640 θείας
2608 5575 3076 5646 ἐνανθρωπήσεως
3102 5573 3425 5644 κατᾴδοντες
3453 5570 3785 5642 μυστήριον,

2192 5670 2450 5743 ἔκραζον,
2484 5668 2778 5732 καλοῦντες
2799 5669 2890 5723 τὸν
2918 5666 3412 5741 σαρκωοησόμενον
3443 5666 3522 5729 εἰς
3552 5660 3787 5734 ἀντίλη-
