4050 6278
430 238 530 308 151

424 457 561 527 petit
603 461 954 527 sententiam,
981 464 1278 534 quamdam
1313 471 1724 540 quodammodo
1753 492 2009 548 pompam

422 563 594 619 agens
625 560 722 607 aut
747 554 1090 626 triumphum
1115 560 1182 615 de
1227 560 1580 620 inimicorum
1604 567 2009 628 destructione.

423 637 528 695 Per
567 642 824 714 laqueum
872 662 1003 703 vero
1035 649 1360 709 insidiarum
1394 658 1764 728 cogitationes
1798 662 2008 718 intelli-

425 735 523 804 git.
555 736 617 793 In
666 741 889 797 occulto
912 746 1116 799 etenim
1152 746 1276 802 loco
1329 749 1482 806 tendi
1538 753 1720 810 solent
1770 757 2008 826 insidia,

420 835 888 902 quemadmodum
947 850 998 897 et
1030 843 1212 915 laquei

420 936 575 986 cant.

506 1018 678 1079 Vens.
735 1021 824 1080 Π.
881 1023 1242 1097 Cuguoscetur
1310 1032 1566 1094 Dominus
1624 1040 1843 1108 judicia
1906 1045 2001 1117 [a-

421 1113 588 1170 ciens.
622 1113 846 1174 Iudicia
882 1118 987 1176 hoc
1034 1121 1093 1176 in
1142 1123 1262 1179 loco
1299 1128 1538 1186 ultiones
1589 1135 1850 1204 appellat.
1903 1113 2011 1193 ite-

421 1209 616 1266 tribuit
644 1211 795 1268 enim
823 1210 1092 1272 Dominus
1113 1219 1392 1294 condigna
1427 1226 1728 1297 unicuique
1758 1243 1862 1299 pro
1893 1245 2010 1288 me-

417 1304 566 1362 ritis.

489 1395 560 1454 In
596 1404 846 1471 operibus
896 1425 1156 1466 manuum
1211 1428 1435 1468 suarum
1480 1417 1884 1485 comprehensus
1924 1429 2003 1476 est

417 1503 687 1562 peccator.
726 1495 844 1556 Hoc
866 1502 1036 1558 etiam
1071 1505 1460 1577 superioribus
1485 1517 1572 1564 est
1597 1510 1805 1569 simile.
1833 1511 2003 1569 Poni-

416 1593 508 1640 tur
532 1587 677 1642 enim
701 1605 869 1650 causa
897 1610 1071 1666 quare
1093 1609 1464 1671 cognoscatur
1497 1600 1768 1664 Dominus
1793 1607 2007 1678 judicia

1677 268 2067 335 EUTlIYMlI
2097 275 2467 344 ZIGABENI

423 369 502 417 est
536 378 626 432 pes
657 380 862 424 eorum.
891 367 1010 425 Alia
1035 370 1399 431 similitudine
1423 378 1672 436 eamdem
1703 397 1901 442 rursus
1930 401 1999 443 re

2119 389 2275 458 ποὺς
2293 391 2513 450 αὐτῶν.
2547 395 2621 451 Τὸ
2652 397 2785 455 αὐτδ
2816 402 2979 457 πάλιν
3000 398 3145 475 εἶπε,
3179 408 3248 463 δι’

3596 298 3700 366 ῚΒΞ

3277 410 3474 484 ἐτέρας
3498 419 3698 483 εἱκῦνος

2120 482 2500 553 ὲμπομπεύων
2523 492 2588 561 τῇ
2623 501 2981 570 καταστροφῇ
3011 499 3119 553 τῶν
3147 482 3382 576 ἐχθρῶν.
3416 508 3620 577 Ηαγίδα

2118 575 2269 645 λέγει
2299 578 2403 651 τὴν
2437 583 2691 658 μελέτην,
2736 588 2836 660 τὴν
2880 590 3212 665 ἐπιϐουλήν·
3252 575 3407 652 πᾶσα
3434 575 3543 670 γὰρ
3596 619 3696 654 πα-

2118 671 2229 740 γὶς,
2264 674 2322 727 ἐν
2354 679 2563 750 κρυφῇ,
2595 679 2854 756 καθάπερ
2906 686 3003 738 καὶ
3030 686 3170 760 αὕτη
3196 703 3212 718 ο
3269 690 3547 764 λαθραίως
3594 695 3700 766 γὰρ

2117 763 2593 837 ὲπιϐουλεύοντες,
2626 775 2707 839 είς
2737 776 2856 846 φῶς
2883 778 3085 848 ἐξῆγον
3107 781 3203 836 τὸν
3236 763 3422 853 φόνον.

1269 853 1547 908 :tametsi
1623 855 1767 909 clam
1851 865 2132 916 struentes
2171 862 2429 936 insidias,
2480 879 2718 929 mortem
2775 878 3129 945 postmodum
3186 881 3240 934 in
3321 881 3500 938 lucem
3569 885 3698 942 edu-

2185 1046 2561 1106 ιἰνώσκεται
2601 1055 2820 1125 Κύριος
2856 1057 3115 1127 κρίματα
3173 1061 3385 1118 ποιῶν.
3441 1066 3698 1138 Κρίματα

2111 1141 2274 1196 καλεῖ
2294 1142 2393 1209 τὰς
2431 1146 2747 1220 ἑκδικήσεις
2772 1165 2790 1184 ο
2837 1152 3132 1209 ἀποδίδωσι
3157 1155 3272 1229 γὰρ
3303 1156 3525 1231 ἑκάστῳ
3565 1162 3702 1235 πρὸς

2112 1235 2297 1300 ἀξίαν.

2192 1423 2298 1476 Ἕν
2325 1422 2451 1491 τοῖς
2476 1424 2674 1496 ἔργοις
2694 1425 2815 1481 τῶν
2853 1425 3073 1498 χειρῶν
3101 1428 3312 1498 αὐτοῦ,
3344 1431 3702 1504 συνελήφθη

2107 1515 2143 1568 ὀ
2171 1513 2545 1584 ἁμαρτωλός.
2577 1518 2688 1573 Καὶ
2712 1519 2872 1574 τοῦτο
2899 1525 3017 1587 τοῖς
3051 1524 3428 1595 προλαϐοῦσιν
3474 1529 3665 1599 ὅμοιον
3683 1544 3701 1562 °

2107 1606 2350 1663 τέθειται
2375 1609 2486 1683 γὰρ
2506 1611 2657 1666 αἰτία
2681 1611 2775 1667 τοῦ
2804 1615 3178 1682 γινώσκεσθαι
3208 1621 3459 1694 κρίματα
3488 1623 3707 1677 ποιοῦν-ν
3798 1605 3804 1610 ¹

414 1677 599 1736 facere
637 1699 651 1737 :
686 1685 816 1755 quia
849 1688 1061 1747 scilicet
1106 1705 1173 1747 ex
1239 1692 1343 1749 hoc
1409 1697 1758 1764 potissimum
1797 1677 1999 1772 iiustus

2113 1716 2179 1756 τα
2208 1701 2301 1756 τὸν
2330 1677 2540 1776 Κύριον
2561 1723 2575 1736 ·
2611 1704 2710 1778 οὐχ
2737 1677 2945 1778 ἣκιστα
2988 1712 3044 1765 δὲ
3073 1711 3184 1766 ἀπὸ
3215 1677 3429 1770 τού-των
3451 1715 3706 1786 φαίνεται

415 1773 590 1829 rideri
624 1785 824 1845 potest,
861 1780 995 1838 dum
1053 1785 1208 1855 facit,
1244 1795 1304 1845 ut
1339 1791 1435 1860 qui
1481 1793 1607 1849 aliis
1642 1767 1876 1852 insidias
1907 1811 1999 1868 pa-

2113 1793 2319 1860 δίκαιος
2356 1767 2572 1870 κριτὴς,
2601 1767 3137 1873 ὦς’-παρασκευάζει
3159 1806 3290 1870 τοὺς
3317 1771 3706 1881 ἐνεδρεύοντας

413 1876 564 1934 rant,
598 1869 700 1940 ipsi
735 1875 978 1934 maxime
1001 1877 1055 1933 in
1086 1895 1184 1936 eas
1214 1881 1508 1941 incidant:
1541 1895 1595 1943 et
1620 1888 1768 1958 quod
1801 1889 1912 1945 doli
1945 1890 2003 1946 in

414 1975 546 2018 suos
603 1966 954 2034 potissimum
1011 1981 1269 2033 auctores
1321 1988 1741 2037 convertantur.
1801 1980 2005 2040 Pecca-

413 2061 589 2109 torem
621 2059 788 2114 etiam
849 2060 939 2118 hic
979 2063 1249 2137 intelligo,
1299 2085 1412 2127 uno
1469 2086 1537 2129 ex
1587 2073 1768 2130 tribus
1825 2075 2005 2132 modis

404 2146 520 2215 jam
592 2151 893 2219 praedictis,
966 2170 1095 2212 cum
1184 2175 1375 2216 vocem
1433 2172 1613 2233 gentes
1671 2165 2005 2238 interpreta-

417 2253 626 2308 remur,
664 2243 749 2300 vel
782 2247 1117 2316 generaliter
1163 2253 1356 2324 accipe
1401 2270 1505 2326 pro
1533 2271 1873 2330 quocunque
1903 2259 2004 2314 do-

409 2328 554 2388 loso.

479 2425 817 2494 Diapsalma.
844 2431 920 2489 De
959 2434 1063 2494 hoc
1090 2437 1300 2494 dictum
1323 2448 1430 2498 est.

479 2513 654 2573 Vens.
714 2521 802 2578 l8.
828 2522 1222 2585 Convertuntur
1252 2541 1555 2600 peccatores
1601 2539 1654 2592 in
1712 2541 2000 2611 infernum.

411 2604 517 2662 Per
548 2619 870 2676 peccatores
899 2614 1004 2672 hoc
1039 2620 1092 2673 in
1139 2621 1260 2676 loco
1328 2625 1578 2683 inlideles
1642 2604 1918 2704 intelligit,
1949 2644 2005 2692 et

409 2713 506 2767 per
564 2702 839 2760 infernum
903 2711 1196 2780 supplicia.
1282 2715 1690 2776 Convertantur
1734 2702 1920 2795 itaque
1971 2743 2002 2782 a

411 2798 665 2859 praesenti
695 2800 954 2858 nimirum
984 2806 1119 2871 vita,
1157 2817 1211 2863 et
1245 2811 1376 2866 illuc
1437 2814 1543 2870 sub
1597 2820 1802 2873 terram
1854 2821 2004 2877 defe-

409 2902 618 2955 rantur,
645 2894 734 2949 ubi
765 2897 1027 2953 dicuntur
1057 2915 1180 2956 esse
1207 2919 1491 2973 poenarum
1517 2908 1658 2965 loca.
1691 2909 1781 2966 Vel
1815 2915 1998 2982 aliter,

407 2976 442 3030 ii
480 2982 570 3048 qui
611 2982 676 3038 de
717 2992 862 3039 terra
911 2989 1024 3042 nati
1068 3000 1200 3046 sunt
1236 2993 1289 3049 in
1323 2997 1511 3052 eadem
1572 3012 1883 3068 versentur,
1918 3008 2003 3060 ni-

409 3070 481 3123 hil
521 3072 667 3127 aliud
692 3077 937 3135 valentes
972 3083 1218 3153 cogitare
1250 3103 1414 3156 quam
1443 3097 1684 3149 terrena.
1726 3094 1791 3148 Et
1825 3114 1993 3164 quos-

406 3176 529 3215 nam
586 3166 852 3238 intelligat
887 3186 984 3240 per
1012 3185 1353 3245 peceatores,
1382 3197 1446 3235 ex
1470 3181 1558 3238 his
1588 3199 1710 3254 quae
1752 3202 1967 3259 sequun
1987 3221 2000 3230 -

405 3255 752 3313 turdeclarat
781 3263 970 3320 dicens
1001 3285 1015 3321 :

477 3346 671 3404 Omnes
701 3366 877 3422 gentes
911 3377 1029 3427 qua:
1088 3364 1478 3422 obliviscuntur
1540 3369 1727 3427 Deum.
1795 3374 2004 3431 Oblivi--

407 3451 662 3505 scuntur,
699 3448 1017 3507 voluntaria
1055 3456 1265 3512 scilicet
1296 3461 1594 3518 oblivione.

480 3532 641 3590 Vnus.
674 3538 760 3595 19.
795 3542 1066 3609 Quoniam
1099 3565 1202 3604 non
1259 3555 1314 3605 in
1374 3557 1533 3624 ﬁnem
1589 3560 1840 3617 oblivioni
1899 3568 2001 3620 erit

402 3643 621 3696 pauper.
659 3632 802 3700 Haec,
838 3637 1039 3708 inquit,
1075 3643 1390 3712 huiusmodi
1417 3653 1676 3720 gentibus
1703 3660 1952 3714 evenient
1982 3680 1995 3714 :

401 3720 529 3783 quia
566 3721 742 3777 tidclis
789 3727 868 3778 vir
926 3728 978 3783 in
1035 3732 1369 3791 oblivionem
1420 3742 1645 3797 omnino
1703 3761 1810 3800 non
1869 3750 1996 3804 crit.

404 3809 703 3879 l‘aupcrcm
729 3832 858 3870 vero
884 3835 1008 3874 cum
1031 3823 1188 3890 dicit,
1220 3828 1310 3894 qui
1343 3835 1743 3903 temporalibus
1775 3841 1996 3908 quidem

405 3904 611 3962 divitiis
635 3917 720 3962 est
753 3925 981 3980 pauper,
1017 3917 1113 3970 sed
1177 3919 1438 3975 virtutum
1474 3925 1674 3994 opibus
1709 3904 1994 3988 sit-dives.

403 3996 501 4052 νει
536 4016 832 4072 pauperem
864 4005 995 4062 dicit
1035 4013 1296 4080 pepulum
1371 4032 1436 4069 ex
1505 4022 1782 4091 gentibus,
1830 4026 1998 4082 veluti

401 4091 495 4162 qui
537 4095 734 4150 animm
775 4097 1097 4168 dignitatem
1131 4106 1413 4172 amiserat,
1440 4110 1775 4185 pietatisque
1816 4117 1995 4174 virtu-

402 4197 517 4238 tum
551 4191 761 4256 peculio
794 4193 952 4264 inops
976 4209 1114 4253 erat.

479 4277 826 4347 Exspectatio
861 4303 1157 4357 pauperum
1199 4311 1301 4348 non
1332 4298 1523 4363 peribit
1549 4300 1602 4353 in
1647 4303 1825 4370 ﬁnem.
1854 4305 1995 4360 Pau-

400 4389 560 4441 pcrcs
599 4375 687 4429 hic
716 4381 951 4447 gentiles
985 4384 1139 4446 dicit,
1171 4403 1408 4457 quorum
1456 4399 1795 4463 exspectatio
1825 4416 1997 4469 usque

2112 1887 2316 1957 ἄλλοις,
2341 1893 2408 1962 τῇ
2442 1893 2592 1963 σφῶν
2616 1894 2810 1968 ἐνέδρα
2845 1898 3222 1969 περιπίπτειν,
3253 1901 3318 1956 ἐκ
3339 1903 3706 1974 περιτροπῆς.

2113 1979 2219 2035 Τὸν
2249 1980 2305 2035 δὲ
2343 1982 2670 2054 ἁμαρτωλὸν
2699 1985 2954 2054 ἐλκύσεις
2978 1989 3074 2044 ἐπὶ
3113 1992 3243 2057 τοὺς
3265 1994 3420 2065 τρεῖς
3466 1995 3709 2066 τρόπους

2112 2072 2215 2143 τῆς
2232 2075 2593 2148 ἀποδοθείσης
2613 2077 2933 2152 ἐξηγήσεως
2948 2082 3060 2137 τῶν
3090 2082 3296 2142 ἐθνῶνο
3327 2084 3364 2159 ἢ
3392 2086 3486 2144 καὶ
3515 2088 3706 2154 ἁπλῶς

2115 2166 2442 2239 ἁμαρτωλὸν
2476 2170 2627 2241 λέγει
2651 2172 2831 2230 πάντα
2861 2173 3057 2231 δόλιον.

2182 2438 2529 2510 Διὰψαλμα.
2565 2443 2705 2515 Περὶ
2732 2444 2928 2499 τούτου
2961 2445 3206 2520 εἴρηται.

2199 2533 2802 2606 Ἀποστραφήτωσαν
2823 2542 2876 2594 oi
2905 2540 3248 2610 ἁμαρτωλοὶ
3269 2544 3359 2610 εὶς
3389 2542 3500 2599 τὸν
3524 2545 3705 2615 ᾅδην.

2123 2627 2522 2698 ’Λμαρτωλοὺς
2593 2631 2832 2686 ἐνταῦθα
2895 2633 3025 2698 τοὺς
3067 2634 3338 2700 ἀπίστους
3399 2638 3706 2707 ὀνομάζει·

2113 2717 2250 2788 ᾅδην
2277 2719 2356 2786 δὲ,
2377 2720 2477 2790 τὴν
2505 2722 2752 2780 κόλασιν.
2788 2725 3392 2796 Ἀποστραφήτωο-αν
3449 2728 3530 2794 δὲ,
3584 2730 3710 2785 ἀντὶ

2111 2812 2231 2877 τοῦ,
2288 2813 2397 2866 ἀπὺ
2442 2814 2544 2884 τῆς
2583 2816 2871 2889 παρούσης
2897 2819 3048 2891 ζωῆς
3078 2821 3522 2895 καταχοὴτωσαν
3560 2839 3573 2850 ·
3603 2823 3709 2877 ὑπὸ

2111 2904 2214 2974 γῆν
2247 2905 2359 2976 γὰρ
2389 2905 2648 2975 λέγονται
2677 2908 2746 2964 τὰ
2801 2910 3142 2982 κολαστήρια
3188 2906 3350 2967 εἶναι.
3381 2915 3452 2967 Ἢ
3501 2913 3602 2969 καὶ
3657 2916 3708 2969 οἱ

2111 2998 2177 3050 ὲκ
2206 2998 2311 3067 γῆς
2341 2999 2654 3068 γεγονότες,
2685 3002 2768 3065 είς
2815 3003 2992 3074 αὐτὴν
3038 3007 3466 3078 στραφήτωσαν,
3530 3008 3708 3079 μηδὲν

2112 3087 2255 3159 ὑπὲρ
2307 3089 2381 3142 τὰ
2433 3090 2597 3159 γήῖνα
2648 3092 2845 3161 νοῆσαι
2894 3095 3209 3166 δυνάμενοι.
3285 3098 3442 3165 Γίνας
3498 3099 3555 3154 δὲ
3617 3098 3709 3154 λέ-

2106 3197 2194 3249 γει
2245 3180 2633 3252 ἁμαρτωλοὺς,
2687 3182 2780 3238 διὰ
2834 3185 2947 3241 τῶν
3013 3184 3146 3259 ἑξῆς
3206 3189 3512 3263 ἐδήλωσεν,
3567 3192 3706 3246 ἐπει

2107 3275 2319 3344 νεγκὼν
2341 3292 2358 3308 ο

2179 3369 2382 3426 Πάντα
2412 3372 2485 3426 τὰ
2514 3375 2660 3440 ἔθνη
2697 3374 2770 3428 τὰ
2805 3375 3338 3446 ἐπιλανθανόμενα
3382 3374 3491 3433 τοῦ
3523 3377 3704 3433 Θεοῦ.

2107 3465 2186 3516 Δι’
2215 3464 2466 3517 ἑκούσιον
2494 3464 2745 3532 ἄγνοιαν.

2179 3558 2301 3610 ’Ὁτι
2345 3561 2456 3612 οὐκ
2501 3559 2591 3622 εἰς
2626 3558 2801 3623 τέλος
2838 3558 3325 3626 ἑπιλησθήσεται
3355 3564 3389 3616 ὀ
3427 3563 3698 3631 πτωχός.

2107 3653 2282 3706 Τοῦτο
2302 3651 2381 3718 δὲ,
2427 3653 2582 3722 φησὶ,
2613 3651 2991 3707 πείσονταιτὰ
3038 3653 3268 3709 τοιαῦτα
3301 3655 3452 3726 ἔθνη.
3492 3658 3573 3711 ὅτι
3636 3657 3703 3728 ςιῦ

2109 3745 2272 3816 μέχρι
2309 3745 2508 3809 παντὸς
2536 3745 2964 3815 ἐπιλησθὴσεται
3012 3747 3040 3800 ὁ
3091 3749 3306 3812 πιστός.
3379 3749 3437 3803 ’0
3482 3750 3707 3821 πτωχὸς

2108 3839 2227 3907 μὲν,
2263 3838 2352 3889 τὸν
2379 3837 2490 3890 ἀπὸ
2529 3837 2834 3908 χρημάτων
2855 3837 3092 3891 πλοῦτον
3117 3855 3131 3870 ο
3169 3839 3425 3903 πλούσιος
3478 3841 3556 3904 δὲ,
3608 3841 3705 3894 τὸν

2103 3933 2161 3998 ἐξ
2192 3931 2425 3999 ἀρετῶν.
2464 3932 2534 3984 Ἦ
2568 3931 2662 3984 καὶ
2689 3933 2906 4001 πτωχὸν
2952 3931 3098 3999 λέγει
3135 3933 3227 3985 τὸν
3260 3931 3318 3998 ἐξ
3350 3932 3524 3986 ἐθνῶν
3542 3933 3700 3999 λαὸν,

2102 4026 2177 4087 ὡς
2214 4023 2603 4078 ἀπολωλεκότα
2641 4023 2706 4078 τὸ
2736 4024 2834 4094 τῆς
2881 4023 3067 4094 ψυχῆς
3102 4025 3342 4096 ἀξίωμα,
3401 4026 3497 4080 καὶ
3552 4043 3704 4079 πτω-

2102 4116 2377 4189 χεύσοντα
2458 4117 2557 4187 τὴν
2648 4116 2971 4187 περιουσίαν
3038 4118 3140 4188 τῆς
3227 4115 3518 4183 εὐσεϐείας
3599 4120 3700 4172 καὶ

2103 4212 2330 4283 ἀρετῆς.

2181 4307 2256 4361 ⁸11
2289 4305 2570 4376 ὑπομονὴ
2635 4303 2756 4359 τῶν
2786 4306 3064 4370 πενήτων
3097 4305 3209 4358 οὐκ
3245 4305 3560 4360 ἀπολεῖται
3609 4309 3702 4373 εις

2099 4398 2298 4464 τέλος.
2329 4399 2580 4469 Πένητας
2606 4396 2861 4451 ἐντεῦθεν
2889 4397 3016 4461 τοὺς
3046 4396 3108 4463 ἐξ
3137 4396 3310 4452 ὲθνῶν
3358 4415 3550 4468 φησιν,
3620 4392 3702 4455 ὧν

400 4464 456 4518 in
533 4464 694 4520 tinem
786 4471 968 4529 inanis
1073 4490 1180 4530 non
1265 4481 1802 4553 ρι-ἱῑ.1ἰιει)οο1ιιιὶο
1860 4506 1992 4547 vero

2113 4494 2132 4561 ὴ
2171 4464 2476 4561 προσδοκία
2509 4490 2570 4544 οὐ
2608 4490 2790 4560 μάτην
2813 4487 2968 4543 ἔσται
2995 4489 3162 4560 μέχρι
3217 4464 3431 4553 τέλους.
3463 4491 3701 4563 Προσδο-

399 4559 643 4623 ποηιὶιιιιι
677 4561 936 4622 Christus
967 4579 1067 4622 t'Sl.
1110 4571 1180 4624 llc
1208 4591 1315 4643 quo
1345 4575 1470 4630 alili
1527 4580 1794 4649 scriptum
1835 4597 1918 4640 cst
1974 4604 1986 4638 :

400 4649 518 4718 Ipse
552 4654 652 4706 erit
683 4663 1010 4726 exspectatio
1035 4667 1266 4732 gentium
1299 4667 1368 4718 9°.
1413 4666 1474 4721 Et
1531 4671 1597 4724 ad
1655 4689 1794 4742 quas
1860 4677 1987 4733 alibi

400 4759 498 4811 per
528 4746 695 4801 alium
739 4752 1063 4819 prephctzim
1115 4758 1317 4810 clamat
1375 4761 1611 4815 «licens:
1675 4763 1990 4834 Exspectate

401 4853 482 4893 me
505 4841 558 4892 in
583 4851 814 4908 tempore
839 4850 1250 4905 resurrectionis
1288 4867 1433 4906 uteie.

477 4931 638 4990 Vens.
662 4936 753 4990 20.
783 4936 1051 5010 Exsurge,
1090 4941 1346 5008 Domine;
1378 4961 1481 5000 non
1500 4949 1788 5014 praevaleat
1810 4951 1988 5010 homo.

399 5025 556 5081 Alius
590 5025 866 5099 interpres
899 5033 1155 5095 reddidit,
1192 5033 1316 5090 Non
1378 5047 1571 5094 temere
1625 5051 1753 5112 agat
1811 5042 1991 5101 homo.

403 5117 520 5174 lloc
547 5123 883 5177 autemdicit
948 5127 1210 5196 propheta
1271 5129 1342 5184 ob
1403 5141 1625 5188 mutuas
1679 5133 1823 5190 inter
1870 5151 1994 5194 sese

403 5213 690 5268 hominum
725 5216 1155 5275 insurreetiones
1201 5231 1365 5290 atque
1433 5224 1781 5283 insolentias.
1835 5228 1994 5285 Veris

402 5306 605 5375 quippe
638 5322 703 5362 ac
721 5309 872 5364 sanis
902 5322 1158 5366 carentes
1187 5318 1644 5384 praeceptoribus,
1675 5328 1839 5388 atque
1869 5319 1995 5377 ideo

405 5409 606 5452 terram
642 5416 701 5456 se
726 5417 789 5458 ac
820 5404 1010 5459 limum
1064 5422 1189 5462 esse
1250 5409 1590 5478 ignorantes,
1648 5425 1816 5482 supra
1858 5427 1992 5484 pro-

404 5493 578 5561 priam
629 5505 884 5551 naturam
948 5515 1072 5556 sese
1142 5504 1469 5564 extollentes
1546 5513 1752 5561 temere
1819 5506 1991 5563 multa

405 5585 640 5655 agebant
668 5605 681 5639 :
707 5601 759 5642 et
781 5593 964 5646 omnia
995 5594 1288 5664 audentes,
1329 5597 1472 5653 inter
1511 5598 1644 5654 deos
1704 5598 1869 5655 etiam
1928 5615 1989 5657 se

466 5771 513 5803 ”
546 5770 680 5828 Gen.
713 5788 861 5833 seu.
897 5774 983 5828 lo.

2102 4583 2196 4635 κὶα
2246 4581 2358 4636 τῶν
2397 4581 2590 4645 ἐθνῶν,
2653 4583 2682 4636 ὁ
2734 4581 3013 4652 Χριστόςο
3075 4581 3186 4636 Καὶ
3229 4581 3438 4647 αὐτὸς.
3502 4585 3698 4652 φησὶν.

2101 4676 2276 4729 ἔσται
2319 4675 2662 4744 προσδοκία
2683 4673 2901 4740 ἐθνῶν,
2931 4674 3069 4745 πρὸς
3101 4673 3199 4738 οὓς
3251 4674 3349 4730 καὶ
3395 4675 3467 4730 δι’
3498 4677 3698 4750 ἑτέρου

2101 4769 2388 4840 προφήτου
2418 4768 2549 4840 βοᾷο
2580 4768 2944 4838 Ὑπόμεινόν
2966 4783 3046 4838 με
3071 4767 3160 4832 εἰς
3187 4765 3404 4836 καιρὸν
3423 4767 3692 4824 ἀναστά-

2097 4860 2254 4927 σεώς
2269 4878 2412 4930 μου.

2183 4953 2530 5023 Ἀνάστηθι,
2565 4955 2766 5023 Κύριε,
2785 4951 2875 5024 μὴ
2903 4954 3320 5020 separatos)an
3351 4953 3673 5022 ἅνθρωπος

2101 5044 2321 5109 Ἄλλος,
2349 5044 2450 5112 Μὴ
2483 5043 2908 5112 θρασυνέσθω,
2941 5044 3170 5114 εἴρηκεν
3199 5059 3216 5075 ·
3251 5041 3414 5098 τοῦτο
3435 5043 3493 5097 δὲ
3518 5043 3693 5110 λέγει,

2097 5137 2188 5191 διὰ
2218 5137 2318 5200 τὰς
2347 5138 2473 5192 κατ’
2491 5136 2740 5208 ἀλλήλων
2769 5134 3177 5198 ἐπαναστάσεις
3209 5133 3318 5188 τῶν
3374 5133 3566 5189 ἐθνῶν.
3623 5134 3694 5187 Ol

2099 5231 2212 5302 γὰρ
2241 5209 2544 5302 ἅνθριοποι,
2573 5231 2728 5302 παρὰ
2746 5228 2810 5284 τὸ
2843 5230 2920 5301 μὴ
2966 5229 3116 5301 ἔχειν
3148 5225 3375 5299 ἀληθεῖς
3423 5227 3687 5282 διδασκά-

2097 5323 2249 5388 λους,
2275 5324 2646 5396 ἀγνοήσαντες
2677 5323 2860 5395 ὅτιγῆ
2908 5324 3070 5388 εἰσιν,
3128 5323 3271 5393 ὑπὲρ
3316 5323 3416 5395 τὴν
3473 5321 3691 5376 ἑαυτῶν

2102 5419 2469 5489 ἔθρασὼοντο
2495 5419 2664 5490 φύσιν
2692 5436 2707 5450 ·
2745 5422 2841 5475 καὶ
2870 5419 3054 5474 πάντα
3102 5417 3441 5487 τολμῶντες,
3473 5416 3554 5470 ἔτι
3591 5419 3690 5468 καὶ

2100 5510 2180 5574 εἰς
2220 5509 2377 5574 θεοὺς
2407 5512 2637 5575 ἑαυτοὺς
2674 5511 2998 5583 ἐνέγραφον.
3038 5508 3327 5574 Ἐπέξελθε
3365 5502 3481 5570 οὖν,
3527 5505 3684 5577 φησὶ,

2103 5603 2197 5656 καὶ
2221 5603 2578 5659 κατάστειλον
2617 5603 2681 5659 τδ
2707 5602 2951 5659 τοιοῦτον
2995 5601 3288 5675 φρύαγμα.
3315 5600 3474 5656 Ἔστι
3503 5598 3557 5653 δὲ
3590 5595 3689 5651 καὶ
