4130 6304
263 340 366 407 153

1425 346 1823 408 COMMEXT.
1868 347 1951 408 IN
1984 347 2357 409 PSALMOS.

3436 336 3535 406 154

259 463 692 538 γλαφυρώτερον
731 468 949 524 εἰπεῖν·
1012 468 1149 542 πρὸς
1199 469 1300 540 μὲν
1341 468 1404 522 τδ
1469 468 1590 524 κατ’
1638 470 1844 539 είκόνα,

1955 472 2318 529 ascribehant.
2352 469 2450 526 Exi
2492 470 2777 540 itaquelu,
2813 468 2978 534 Deus,
3021 466 3218 536 inquit,
3244 472 3292 516 cl
3322 471 3532 515 latrant

259 560 387 626 θεός
419 563 572 616 ἐστιν
593 563 923 635 ἄνθρωπος’
959 566 1100 637 πρὸς
1131 564 1190 620 δὲ
1222 565 1294 620 τά
1323 563 1506 636 γεώδη
1537 565 1712 636 πάθη,
1745 566 1844 621 ἄν-

259 653 502 724 θρωπος.
540 656 759 712 Τούτων
799 657 892 712 οὖν
915 659 1367 731 ἐπικρατούντων
1400 659 1459 712 ἐν
1494 657 1842 728 ἀνθρώποις,

257 748 570 820 ἀναστῆναι
602 751 700 805 τοῦ
730 751 966 807 θανάτου
988 751 1301 823 παρακαλεῖ
1328 751 1421 806 τὸν
1449 752 1713 822 Χριστὸν,
1766 751 1848 806 διο

256 840 494 907 δάξαντα
515 843 607 899 aia
637 844 748 898 τῶν
774 845 1123 910 ἀποστόλων,
1155 843 1234 917 μὴ
1287 844 1727 918 κατεπαίρεσθαι
1777 843 1848 900 τά

258 935 416 1008 πάθη
467 938 570 1008 τῆς
615 939 816 1012 ψυχῆς,
865 939 1001 1012 μηδὲ
1069 940 1164 994 τὸν
1213 938 1343 1012 χοῦν
1391 938 1489 993 τοῦ
1538 938 1677 1002 νοός.
1737 937 1851 992 Καὶ

256 1031 438 1098 ἄλλως
499 1034 557 1089 δέ
591 1052 606 1068 ·
653 1036 794 1106 μετὰ
842 1035 944 1106 τὴν
1006 1035 1310 1092 ἀνάστασιν
1330 1035 1430 1092 τοῦ
1485 1031 1850 1107 κηρύγματος

259 1124 612 1192 ἁπλωθέντος
652 1130 734 1193 είς
758 1127 864 1200 τὴν
905 1127 1263 1202 οἰκουμένην,
1316 1128 1375 1183 αἱ
1425 1125 1550 1184 κατ’
1601 1123 1849 1196 ἀλλήλων

256 1218 668 1285 ἐπαναστάσεις
689 1221 800 1277 τῶν
831 1221 1044 1277 πόλεων
1069 1221 1397 1294 ἐπαύθησαν

1952 578 2142 620 eorum
2182 562 2542 619 elevationem
2570 574 2889 630 compesce.
2924 558 3057 612 Iilud
3085 558 3251 609 etiam
3290 553 3398 605 dici
3435 568 3532 618 pu-

1951 666 2061 715 test
2086 655 2232 728 quod
2256 670 2319 710 ea
2345 655 2714 724 ratione,qua
2768 653 2836 706 ad
2877 651 3170 721 imaginem
3231 655 3286 700 et
3340 643 3537 700 simili-

1953 750 2200 806 tudinem
2233 748 2322 805 Dei
2366 748 2531 803 homo
2587 746 2764 801 factus
2823 753 2928 805 est,
3001 742 3142 796 Deus
3177 740 3382 791 dit-itur
3423 752 3435 788 :
3473 748 3536 790 ea

1951 859 2081 902 vero
2113 858 2219 915 qua
2253 840 2486 898 terrenis
2519 839 2809 894 affectibus
2843 852 2906 891 ac
2933 833 3286 906 passionibus
3326 830 3540 885 detine-

1953 944 2066 1000 tur,
2103 933 2265 988 homo
2289 929 2486 986 merito
2512 929 2840 1002 appellatur.
2873 925 3012 981 Cum
3045 925 3228 992 itaque
3288 920 3368 973 hae
3414 935 3540 988 pas-

1949 1028 2136 1084 siones
2165 1027 2220 1081 in
2264 1024 2582 1081 hominibus
2626 1021 3006 1092 praevalerent,
3071 1017 3326 1070 hortatur
3366 1013 3536 1066 Deum

1949 1119 2222 1190 PrOpheta
2255 1125 2314 1174 ut
2337 1124 2598 1188 exsurgat
2629 1130 2659 1170 a
2685 1121 2882 1176 morte,
2937 1119 2993 1166 et
3055 1118 3115 1163 ut
3178 1123 3274 1177 per
3314 1113 3538 1162 sanctos

1952 1213 2232 1287 apostolos
2264 1211 2458 1268 doceat
2493 1207 2772 1280 quomodo
2789 1205 3077 1278 passiones
3101 1217 3265 1272 supra
3297 1201 3538 1255 animam

258 1317 609 1373 seextollere
641 1333 749 1374 non
785 1317 1004 1385 debent,
1033 1333 1216 1388 neque
1247 1291 1430 1388 pulvis
1465 1329 1635 1389 supra
1686 1312 2052 1372 intellectum.
2090 1308 2185 1366 Vel
2222 1309 2386 1365 aliter
2450 1314 2572 1379 post
2643 1301 3108 1360 resurrectionem
3173 1295 3390 1350 Domini
3456 1291 3540 1346 di-

258 1410 484 1480 vulgato
513 1409 810 1485 Evangelia
873 1413 931 1470 in
989 1415 1314 1470 universum
1363 1411 1578 1481 orbem,
1637 1420 1840 1467 mutuae
1879 1408 1984 1466 ille
2022 1407 2267 1481 gentium
2315 1401 2748 1461 insurrectiones
2790 1407 2954 1469 atque
3008 1393 3317 1451 insolentiae
3382 1389 3538 1460 quie-

259 1513 481 1559 verunt.

333 1601 722 1670 Κριθήτωσαν
747 1603 895 1674 ἔθνη
933 1603 1195 1660 ἐνώπιόν
1219 1618 1361 1660 σου.
1396 1603 1545 1659 Ἀντὶ
1567 1602 1688 1670 τοῦ,
1726 1604 1840 1674 Τῆς

259 1697 367 1763 σῆς
421 1697 727 1768 ἐπισκοπῆς
757 1699 1173 1770 ἀξιωθήτωσαν.
1214 1701 1277 1756 '0
1309 1701 1513 1773 κρίνων
1576 1701 1685 1771 γὰρ
1737 1701 1841 1772 ὁρᾷ

2013 1595 2344 1664 ,Ιιιάὶεσηιιιτ
2376 1599 2551 1661 gentes
2582 1588 2639 1642 in
2664 1594 2951 1654 conspectu
2990 1590 3100 1634 tuo.
3147 1575 3260 1632 Hoc
3292 1583 3375 1630 est
3409 1589 3536 1644 pro-

1950 1691 2187 1747 tectione
2220 1693 2274 1741 et
2304 1682 2557 1741 custodia
2596 1689 2690 1736 tua
2720 1680 2900 1750 dignae
2934 1673 3261 1731 cmciantur.
3285 1666 3420 1722 Nam
3441 1667 3536 1736 qui

256 1759 356 1838 τὸν
400 1759 744 1860 κρινόμενον.
804 1759 1003 1863 ίζρίσιν
1033 1792 1088 1847 δὲ
1124 1792 1224 1864 τὴν
1251 1759 1392 1848 κατὰ
1443 1793 1536 1848 τοῦ
1587 1759 1840 1847 ὲιᾶεόλὶύ

1955 1781 2160 1865 iudicat
2190 1779 2256 1833 ad
2293 1792 2416 1832 eum
2449 1772 2542 1843 qui
2588 1772 2872 1843 judicatur
2923 1766 3172 1836 aspicere
3229 1761 3385 1818 solet.
3433 1759 3538 1814 Ju-

258 1879 479 1978 νόησον,
504 1878 711 1954 περὶῆς
736 1885 829 1938 καὶ
860 1885 950 1939 διὰ
984 1887 1207 1941 Ἡσαΐου
1237 1888 1404 1957 φησὶν
1428 1891 1456 1942 ὁ
1483 1887 1616 1950 Θεός
1638 1901 1656 1921 ⁶
1691 1885 1839 1942 Ἰδοὺ
1886 1916 1926 1978 Β

259 1978 296 2029 ό
318 1976 459 2043 παῖς
481 1994 602 2046 μου
629 1979 702 2032 ὃν
727 1979 1000 2047 ᾑρέτισα,
1032 1984 1068 2037 ὀ
1119 1982 1412 2048 ἐκλεκτός
1472 2000 1611 2052 μου,
1656 1984 1749 2046 εἷς
1783 1980 1856 2034 ὃν

255 2069 614 2137 ηίδόκησεν
647 2073 685 2137 ἡ
728 2073 898 2142 ψυχή
923 2092 1042 2142 μου
1063 2089 1080 2105 ⁶
1122 2073 1293 2142 θήσω
1325 2075 1393 2128 τὸ
1455 2071 1704 2142 Πνεῦμά
1733 2090 1853 2143 μου

257 2162 356 2216 ἐπ’
383 2164 566 2228 αὐτῷ,
604 2165 701 2219 καί
732 2167 934 2235 κρίσιν
959 2168 1083 2236 τοῖς
1102 2168 1349 2226 ἔθνεσιν
1378 2167 1630 2233 ἐξοίσει.

335 2345 758 2412 Κατάστησον.
815 2347 1018 2416 Κύριε.
1061 2345 1398 2417 νομοθέτην
1467 2347 1562 2401 ἐπ’
1603 2346 1849 2411 αὐτούς.

271 2437 548 2490 Ἐνταῦθα
581 2437 673 2491 τὸν
699 2439 940 2508 Χριστὸν
985 2439 1308 2501 αίνίττεται,
1351 2438 1496 2494 κατά
1544 2438 1640 2494 τό·
1708 2438 1855 2507 Ἐγὼ

259 2528 647 2596 κατεστάθην
670 2530 976 2598 ,ϐασιλεὺς
1004 2532 1106 2586 ὑπ’
1143 2530 1334 2587 αὐτοῦ
1357 2549 1373 2564 ο
1409 2531 1534 2586 νέον
1581 2529 1693 2600 γὰρ
1727 2529 1857 2585 ἔδω-

261 2637 363 2674 κεν
391 2622 579 2690 νόμον,
609 2621 700 2675 τὸν
732 2622 826 2675 τοῦ
857 2623 1220 2692 Εὑαγγελίου.

335 2799 676 2856 Γνώτωσαν
734 2801 882 2869 ἔθνη
937 2801 1029 2856 ὅτι
1106 2802 1416 2870 ἄνθρωποι
1465 2804 1648 2858 είσιν.
1723 2799 1854 2870 Ὀψέ

257 2909 399 2946 ποτε
458 2894 809 2964 μαθέτωσαν,
873 2893 950 2958 ὡς
979 2892 1261 2965 ἄνθρωποι
1319 2895 1443 2967 ζῇν,
1493 2894 1590 2948 καὶ
1634 2892 1711 2957 ὡς
1777 2889 1855 2963 μὴ

259 2983 454 3054 Θηρξα.

1954 1856 2161 1929 dicium
2201 1885 2336 1925 vero
2368 1869 2501 1923 illud
2537 1863 2782 1935 intelligo
2811 1861 2958 1932 quod
3003 1868 3193 1915 contra
3224 1856 3535 1912 da‘monetn

1964 1964 2272 2020 faciendum
2309 1970 2428 2018 erat
2461 1980 2474 2016 :
2509 1960 2577 2016 de
2600 1973 2710 2030 quo
2761 1973 2858 2027 per
2914 1955 3107 2009 Isaiam
3166 1949 3298 2005 dicit
3352 1948 3536 2002 Deus:

1961 2058 2098 2113 Ecce
2135 2073 2264 2126 puer
2295 2072 2441 2110 meus
2471 2071 2622 2126 quem
2676 2051 2830 2122 elegi,
2871 2048 3068 2103 electus
3128 2059 3274 2099 meus
3333 2042 3386 2093 in
3435 2055 3538 2108 quo

1959 2151 2281 2208 comulacuit
2314 2151 2493 2203 animo
2513 2165 2647 2214 mea,
2672 2161 2866 2216 ponam
2907 2140 3165 2208 Spiritum
3189 2151 3360 2192 meum
3386 2148 3543 2202 super

1956 2264 2073 2303 eum
2109 2254 2157 2300 et
2179 2244 2444 2314 judicium
2473 2241 2656 2308 aﬂ'eret
2683 2237 2921 2311 gentibus
2955 2235 3023 2289 ".

2033 2338 2201 2392 Vens.
2227 2335 2321 2390 2|.
2355 2333 2655 2396 Conatitue,
2691 2330 2932 2396 Domine,
2964 2324 3325 2396 iegislalorem
3379 2333 3540 2387 super

1951 2450 2061 2490 eos.
2089 2431 2191 2486 Per
2216 2428 2585 2499 legislatorem
2617 2425 2707 2479 hic
2730 2423 3010 2478 Christum
3052 2415 3328 2484 intelligit,
3374 2412 3533 2482 juxta

1952 2525 2085 2580 illud
2117 2540 2130 2577 :
2173 2518 2282 2590 Ego
2315 2528 2492 2572 autem
2517 2516 2838 2570 constitutus
2863 2527 2980 2567 sum
3015 2508 3125 2564 Rea:
3175 2509 3240 2560 ab
3299 2521 3381 2562 eo.
3437 2501 3534 2569 qui

1953 2615 2236 2687 legislator
2265 2625 2461 2667 novam
2486 2611 2566 2664 eis
2600 2610 2776 2679 legem
2813 2605 2939 2660 tulit
2971 2619 2985 2656 :
3035 2609 3286 2658 sanctum
3316 2597 3530 2652 scilicet

1954 2705 2340 2777 Evangelium.

2031 2797 2367 2869 Cognoscant
2386 2802 2560 2866 gentes
2589 2790 2728 2863 quod
2744 2790 2978 2845 homines
3005 2797 3150 2843 sunt.
3184 2785 3319 2841 Sero
3349 2780 3544 2836 saltem

1961 2889 2258 2959 aliquando
2284 2888 2577 2943 addiscant
2613 2887 2795 2941 vivere
2835 2894 2894 2938 ut
2936 2882 3215 2943 homines,
3245 2887 3296 2933 et
3339 2889 3444 2930 non
3487 2879 3552 2926 ut

1962 2980 2113 3037 ferre.
2142 2980 2263 3055 [Vel
2297 2980 2453 3037 aliter
2489 2998 2504 3034 :
2539 2978 2871 3039 Doceantur,
2896 2975 3100 3044 inquit,
3157 2969 3304 3042 quod
3352 2980 3550 3021 corru-

257 3083 484 3154 ptibiles
510 3088 660 3148 sunt,
719 3081 978 3152 quodque
1035 3080 1197 3152 longe
1250 3088 1384 3138 sunt
1445 3096 1479 3136 a
1521 3080 1668 3137 diis:
1730 3093 1854 3152 qua:
1891 3078 2116 3150 pr0pria
2147 3093 2243 3134 eos
2268 3077 2527 3150 gloriatio
2557 3090 2624 3129 ac
2657 3072 2918 3141 superbia
2959 3071 3027 3125 de
3091 3067 3291 3136 seipsis
3356 3063 3553 3119 suadet

259 3172 558 3247 cogitare.]

333 3270 461 3324 Ἵνα
494 3269 571 3333 τι,
624 3270 823 3337 Κύριε,
841 3269 1197 3339 ἀφέστηκας
1242 3267 1595 3340 μακρόθεν;
1641 3263 1852 3319 Ἐντεῦ·

2034 3262 2233 3319 PSAL.
2265 3261 2313 3315 Χ
2344 3258 2576 3316 JUXTA
2615 3253 2990 3312 uesanos.
3027 3250 3193 3306 Vens.
3226 3251 3276 3303 ι.
3325 3247 3550 3318 Ulquid,

257 3359 360 3414 θεν
385 3362 468 3424 είς
495 3360 625 3424 τοὺς
671 3362 799 3431 περὶ
852 3362 1118 3432 προνοίας
1159 3360 1438 3416 εἰσϐάλλει
1477 3357 1692 3426 λόγους,
1738 3355 1851 3410 τῶν

257 3452 523 3528 πονηρῶν
557 3451 660 3523 μὲν
679 3453 1124 3524 εὐημερούντων,
1153 3451 1617 3524 δυσπραγοῦντων
1656 3447 1714 3501 δὲ
1742 3447 1854 3501 τῶν

261 3543 492 3614 ἀγαθῶν
519 3559 535 3575 ·
566 3545 664 3598 καὶ
692 3542 977 3614 προσώπῳ
1001 3544 1109 3598 τῶν
1132 3543 1470 3614 θλιϐομένων
1498 3543 1737 3594 ποιεῖται
1755 3538 1856 3610 τὴν

257 3635 659 3705 δικαιολογίαν.
699 3636 878 3703 Διατί,
899 3636 1088 3705 φησὶν,
1125 3635 1348 3705 ἀφῆκας
1376 3634 1506 3695 τοὺς
1527 3630 1854 3702 ἀνθρώπους

257 3730 338 3792 ὼς
379 3728 536 3799 ἔτυχε
581 3727 893 3799 φέρεσθαι;
942 3729 1008 3780 ὲκ
1046 3726 1366 3797 μεταφορᾶς
1407 3723 1520 3778 τῶν
1562 3721 1850 3794 πόρρωθεν

260 3819 594 3889 ισταμένων,
627 3819 722 3873 καὶ
749 3817 1128 3889 ἀμελούντων.

1957 3355 2200 3414 Domine.
2235 3352 2503 3406 recessisti
2533 3352 2682 3419 longe
2714 3351 2738 3404 Ρ
2767 3347 2966 3414 Incipit
2995 3355 3234 3398 tractare
3266 3341 3331 3395 de
3360 3341 3546 3394 divina

1961 3446 2308 3502 Providentia
2345 3462 2357 3498 :
2395 3458 2455 3496 ac
2477 3442 2640 3495 veluti
2665 3455 2956 3510 pravorum
2978 3437 3263 3490 hominum
3285 3449 3373 3488 res
3410 3435 3548 3487 bene

1963 3551 2028 3593 ac
2053 3535 2285 3592 feliciter
2311 3535 2692 3596 succederent,
2712 3539 2900 3587 contra
2929 3539 3133 3592 autem,
3163 3528 3296 3595 justi
3331 3541 3394 3580 ac
3418 3525 3548 3579 boni

1960 3627 2064 3681 viri
2097 3625 2393 3680 infeliciter
2435 3626 2720 3692 degerent,
2773 3637 2838 3676 ex
2896 3635 3126 3690 persona
3180 3619 3453 3686 justoiuin
3494 3617 3550 3669 in

1965 3717 2350 3772 amictionibus
2397 3715 2776 3771 exsistentium
2843 3726 3150 3766 sermonem
3219 3709 3400 3764 facit:
3488 3718 3546 3763 et

1967 3809 2246 3865 rationem
2303 3804 2714 3874 quodammodo
2786 3802 3025 3870 exquirit
3057 3817 3085 3853 a
3120 3801 3252 3864 Deo,
3308 3800 3548 3854 dicens:

259 3912 451 3977 Quare
491 3907 769 3979 permittis
801 3907 1056 3963 homines
1087 3917 1294 3963 temere
1335 3921 1402 3962 ac
1455 3920 1587 3961 casu
1614 3902 1744 3960 ferri
1773 3916 1884 3973 quo
1923 3914 2046 3956 sors
2069 3898 2243 3969 jubet,
2277 3912 2378 3952 nec
2407 3896 2572 3950 ullam
2601 3909 2790 3950 eorum
2824 3908 3010 3947 curam
3055 3894 3223 3949 habes
3263 3893 3285 3945 ἲ
3313 3894 3456 3963 quod
3482 3910 3549 3949 ex

259 4003 582 4074 metaphora
623 4003 842 4057 illorum
885 4009 1166 4072 sumptum
1194 4011 1302 4068 est,
1326 4002 1420 4072 qui
1450 4001 1643 4072 procul
1678 3999 1958 4063 abierunt,
1998 4006 2054 4050 et
2076 3993 2398 4050 relictorum
2438 3992 2644 4046 nullam
2661 4006 2848 4045 curam
2888 3989 3118 4045 habent.

346 4094 670 4168 ’Υπερορᾷς
709 4096 781 4149 ἐν
811 4098 1146 4164 εὐκαιρίαις
1174 4097 1246 4151 ἐν
1267 4097 1597 4165 MIy/ww;
1647 4094 1852 4164 ’Υπερ-

259 4192 395 4262 ορᾷν
422 4193 561 4249 ἐστι,
604 4188 665 4240 τὸ
694 4187 1117 4258 προσποιεῖσθαι
1167 4186 1244 4257 μὴ
1306 4188 1465 4257 ὁρᾷν,
1535 4185 1682 4239 ἀλλὰ⁸
1726 4185 1853 4248 τοὺς

261 4282 575 4353 ὀφθαλμοὺς
601 4279 784 4349 αἴρειν
821 4278 964 4350 ὑπὲρ
989 4278 1049 4331 τὸ
1075 4277 1380 4348 ὁρώμενον.
1414 4278 1540 4333 Ἵνα
1576 4276 1851 4342 τίτοίνυν,

262 4375 424 4444 φησὶ,
461 4370 674 4442 παρὼν,
705 4371 1013 4437 ἀφεστάναι
1061 4370 1238 4433 δοκεῖς
1289 4370 1377 4424 διὰ
1431 4368 1533 4438 τὴν
1575 4368 1855 4438 μακροθυ-

262 4466 399 4535 μίαν
425 4501 441 4524 .
466 4465 561 4517 καὶ
597 4461 815 4532 βλέπων
865 4463 1110 4526 ἅπαντα,
1159 4464 1435 4534 προσποιῇ
1489 4462 1567 4532 μὴ
1608 4461 1851 4530 βλέπειν,

257 4555 350 4609 διὰ
379 4554 442 4608 τὺ
473 4553 550 4625 μὴ
576 4552 882 4622 ἐπαμύνειν
911 4555 1025 4615 τοῖς
1069 4551 1385 4622 πράγμασι,
1430 4552 1526 4602 καὶ
1568 4548 1761 4604 ταῦτα-
1793 4551 1852 4602 ἐν

260 4647 477 4716 καιροῖς
501 4643 776 4707 δεομένοις
800 4643 903 4711 τῆς
929 4643 1029 4712 σῆς
1069 4644 1400 4713 ἐπισκοπῆς,
1449 4641 1621 4712 ἤγουν
1654 4641 1715 4694 ὲν
1741 4639 1854 4693 θλί-

254 4736 388 4806 ψεσι
417 4737 528 4790 τῶν
554 4736 741 4800 κακῶς
781 4733 1103 4803 πασχόντων
1132 4751 1148 4799 ;
1175 4733 1363 4787 Ταῦτα
1385 4733 1443 4786 δὲ
1472 4733 1624 4801 λέγει
1659 4749 1846 4803 παρα-

259 4821 471 4883 καλῶν,
501 4822 602 4874 οὐκ
625 4821 905 4890 ἐγκαλῶν.
936 4816 1046 4874 Εἷδ⁶
1087 4821 1158 4875 ἂν
1186 4823 1213 4874 ὁ
1240 4822 1374 4883 Θεὸς
1409 4821 1547 4892 πρὸς
1575 4820 1748 4875 ταῦτα
1784 4821 1847 4874 τὸ

257 4911 654 4984 γεγραμμένον
673 4931 686 4945 ·
715 4915 788 4968 Αἱ
816 4912 1095 4984 ἁμαρτίαι
1127 4910 1299 4982 ὑμῶν
1319 4910 1598 4967 διαστῶσι
1614 4910 1847 4981 μεταξὺ

255 5004 412 5075 ἐμοῦ
438 5007 536 5059 καὶ
573 5004 768 5075 ὑμῶν.

2025 4088 2266 4156 Despicis
2301 4089 2354 4141 in
2377 4087 2823 4156 prosperitatibus
2852 4085 2905 4138 in
2933 4084 3275 4137 tribulatione
3303 4083 3329 4136 Ρ
3357 4083 3547 4152 Despi-

1952 4195 2077 4235 cere
2114 4189 2198 4234 est
2229 4179 2606 4238 dissimulare.
2638 4193 2745 4234 non
2782 4176 2988 4238 videre,
3010 4192 3070 4228 ac
3104 4178 3262 4245 quasi
3289 4177 3546 4230 deorsum

1953 4272 2227 4340 aspicere,
2275 4280 2467 4325 etnon
2507 4270 2572 4323 ad
2600 4283 2712 4322 rem
2763 4268 2937 4330 illam,
3002 4283 3123 4335 quae
3172 4276 3298 4320 ante
3355 4268 3549 4320 oculos

1958 4363 2134 4433 posita
2169 4370 2273 4416 est.
2325 4361 2465 4425 Quid
2529 4361 2724 4429 igitur,
2778 4359 2974 4427 inquit,
3015 4369 3070 4412 tu
3136 4359 3230 4427 qui
3286 4359 3546 4414 omnibus

1961 4468 2206 4524 praesens
2233 4467 2295 4508 es
2327 4460 2478 4506 tanta
2535 4462 2627 4506 tua
2693 4451 3115 4520 longanimitate
3168 4465 3232 4504 ac
3278 4453 3543 4520 patientia

1960 4545 2158 4600 abesse
2188 4544 2414 4608 videris,
2477 4553 2533 4598 et
2596 4558 2720 4599 cum
2781 4544 2968 4597 omnia
3025 4543 3236 4608 videas,
3314 4544 3547 4600 simulas

1957 4653 2065 4692 non
2094 4639 2302 4702 videre,
2337 4645 2397 4690 ut
2422 4637 2583 4691 rebus
2615 4636 2822 4690 nostris
2857 4636 3123 4689 auxilium
3164 4651 3271 4689 non
3343 4636 3487 4692 I'eras
3515 4675 3532 4703 ,

1955 4738 2120 4799 atque
2157 4731 2261 4782 hoc
2297 4743 2362 4782 eo
2396 4729 2746 4797 potissimum
2782 4737 3053 4796 tempore,
3098 4726 3318 4798 quando
3361 4736 3548 4798 prote-

1953 4822 2141 4876 ctione
2173 4830 2264 4873 tua
2307 4819 2657 4888 potissimum
2707 4819 3043 4887 indigemus,
3130 4833 3277 4872 nunc
3327 4819 3544 4872 scilicet

1951 4928 2076 4970 cum
2101 4913 2156 4966 in
2182 4911 2633 4965 tribulationibus
2658 4910 2945 4964 constituti
2972 4909 3191 4964 sumus?
3212 4906 3337 4962 llaec
3357 4917 3537 4962 autem

1952 5022 2061 5061 non
2091 5021 2360 5062 accusans
2400 5014 2494 5058 aut
2555 5005 2786 5073 culpans
2836 5004 3007 5057 Deum
3071 5003 3373 5072 Proiiheta,
3441 5003 3537 5058 sed

256 5113 463 5171 rogans
490 5099 692 5155 dicitet
714 5097 1036 5153 exhortans.
1067 5095 1203 5154 Nam
1228 5098 1474 5170 alioquin
1500 5096 1841 5168 respondere
1879 5095 1928 5152 ei
2000 5098 2145 5154 Deus
2182 5097 2479 5168 potuisset,
2533 5095 2588 5149 id
2658 5094 2806 5164 quod
2875 5095 3004 5150 alibi
3087 5102 3352 5166 scriptum
3407 5105 3536 5153 est:

255 5194 487 5250 Peccata
516 5203 689 5248 uestra
718 5192 961 5247 dividunt
993 5195 1240 5276 internae
1266 5205 1318 5246 et
1349 5210 1461 5248 eos.

346 5289 452 5343 Ἐν
479 5284 562 5352 τῷ
589 5288 1152 5357 ὑπεηφανεύεσθαι
1203 5289 1312 5342 τὸν
1339 5289 1558 5359 ἀσεϐῆ.
1599 5290 1846 5361 ἐμπυρίο

255 5379 416 5442 (erat
447 5381 479 5434 ὁ
503 5380 884 5448 πτωχός.Τοῦ
917 5380 1172 5446 ἀσεϐοῦς,
1209 5382 1398 5450 φησὶν,
1451 5383 1840 5454 ἐπαιρομένου,

2019 5286 2188 5341 Vens.
2220 5285 2276 5340 2.
2308 5282 2448 5337 Dum
2475 5283 2707 5350 superbit
2731 5282 2946 5348 impius,
2970 5283 3278 5336 incenditur
3307 5299 3531 5353 pauper.

1944 5379 2197 5446 Quando,
2239 5379 2436 5447 inquit,
2461 5378 2664 5446 aliquis
2692 5376 2998 5436 extollitur.
3027 5377 3251 5444 quando
3282 5377 3418 5431 bene
3454 5378 3529 5440 illi

253 5472 352 5528 διὰ
407 5471 470 5524 τὸ
531 5471 847 5526 εὐοδοῦσθαι
910 5472 1048 5541 πρὸς
1109 5472 1346 5540 ἅπαντα,
1409 5473 1627 5544 βλέπων
1710 5476 1845 5529 πᾶσι

1955 5480 2144 5526 :uncta
2178 5470 2505 5531 succedunt,
2569 5477 2702 5522 tunc
2736 5468 2780 5522 si
2820 5467 2944 5535 quis
3014 5466 3252 5519 (idolium
3298 5479 3403 5530 est,
3435 5469 3528 5531 qui

254 5564 629 5633 προσκύπτων
659 5564 913 5630 εὐσεϐὴς,
977 5566 1339 5637 πυρπολεῖται
1409 5565 1488 5637 τῷ
1542 5566 1692 5638 ζήλῳ
1739 5567 1842 5636 τῆς

1948 5564 2332 5634 frequentibus
2371 5569 2633 5633 urgeatur
2663 5558 3093 5621 calamitatibus,
3134 5560 3181 5614 is
3240 5558 3356 5611 zelo
3387 5575 3527 5627 quo-

253 5649 701 5720 εῦὸοκιμήσεως,
730 5647 846 5706 οἷόν
874 5671 998 5708 τινα
1032 5656 1240 5709 καπνὸν
1264 5656 1357 5710 τὸν
1420 5658 1726 5729 στεναγμὸν
1754 5659 1842 5712 διὰ

1955 5658 2064 5712 iam
2097 5666 2261 5728 atque
2285 5656 2633 5711 mniulutionc
2661 5653 2940 5723 Opiniouis
2977 5667 3040 5707 ac
3096 5653 3220 5707 boni
3287 5651 3525 5705 nominis

312 5835 360 5868 "
387 5833 495 5888 lsa.
526 5849 671 5901 scin,
720 5836 805 5891 l0.
