4130 6304
574 241 682 305 155
1827 244 2216 308 Ευτιιγιφιιι
2260 239 2626 307 ΖΙΟΑΒΕΝΙ
3739 239 3842 306 156

569 369 709 423 pene
741 355 1086 424 acvenditur,
1140 367 1305 428 atque
1363 375 1428 414 ex
1481 360 1704 431 proprio
1764 377 1860 415 ore
1917 365 2200 430 gemitus,

2215 363 2360 427 [τοῦ
2455 361 2730 432 στόματος
2812 361 3183 431 ἀναπέμπων,
3277 360 3360 412 ὅτι
3443 357 3685 423 τοιοῦτος
3755 354 3846 419 ὧν,

566 448 838 515 quosdam
874 447 1006 504 fumi
1037 451 1215 508 instar
1245 455 1472 519 emittit,
1503 455 1816 524 deplorans,
1850 457 1996 526 quod
2032 472 2157 511 cum

2270 461 2473 531 εὑροεί.
2507 458 2578 510 Ἦ
2642 458 2736 511 καὶ
2761 455 2858 510 τοῦ
2892 456 3148 528 δαίμονος
3180 453 3553 525 ἐπαιρομένου
3592 455 3730 507 κατά
3755 454 3846 507 τοῦ

567 540 687 610 ipse
718 543 990 613 ejusmodi
1019 547 1112 613 sit,
1146 550 1418 604 obscurus
1450 559 1632 606 tamen
1664 558 1768 616 est,
1810 560 1974 621 atque
1998 553 2160 624 ignoo

2269 550 2621 623 ἀνθρωπίνου
2659 550 2877 619 γένους,
2908 549 2937 604 ὁ
2963 549 3181 620 πτωχὸς
3213 548 3312 621 τὴν
3352 549 3557 620 ἀρετὴν
3599 546 3847 619 φλέγεται

569 637 820 708 tns(47).
858 636 950 693 Vel
986 639 1148 695 aliter
1179 643 1344 700 etiam
1379 643 1646 714 intellige,
1675 644 1820 716 quod
1851 646 2155 702 extollente
2265 643 2406 716 πρὸς
2463 643 2532 697 τὰ
2555 644 2730 714 πάθη.

569 743 632 784 se.
667 729 837 801 impio
861 731 1109 789 daemone
1140 735 1410 794 adversus
1461 738 1765 794 humanum
1822 754 2020 811 genus,
2070 738 2162 794 ille
2195 738 2289 808 qui
2319 736 2619 794 virtutibus
2648 749 2736 794 est
2799 752 3032 810 pauper,
3085 736 3258 793 nimia
3337 734 3663 793 accenditur
3729 751 3851 807 pas-

566 827 745 887 sione.

638 921 1054 992 Coadjuvantur
1112 927 1166 979 in
1193 927 1430 981 consiliis
1460 946 1577 999 qua:
1624 930 1885 1000 cogitant.
1933 926 2047 983 Hoc
2085 929 2153 983 de

2313 918 2854 992 Συλλαμϐάνογται
2871 920 2942 974 ἐν
2958 918 3350 986 διαϐουλίοις,
3377 911 3469 986 οἷς
3493 915 3852 985 duum-(Cor.

568 1015 755 1087 impiis
782 1016 947 1070 etiam
982 1014 1189 1071 dictum
1223 1030 1328 1076 est.
1381 1020 1820 1088 Co:udjuvantur,
1861 1023 2062 1093 inquit,
2099 1023 2151 1077 itt

2255 1035 2368 1075 ται.
2388 1019 2499 1072 Καὶ
2521 1013 2682 1071 τοῦτο
2712 1013 2840 1086 περὶ
2863 1011 2972 1067 τῶν
2995 1009 3234 1080 ἀσεϐῶν,
3257 1011 3341 1066 ὅτι
3358 1009 3561 1084 τρόπον
3580 1008 3704 1063 τινὰ
3727 1025 3850 1063 συνο

569 1107 658 1162 ltis
690 1123 814 1176 quae.
853 1108 1184 1165 consulunt.
1212 1112 1634 1182 tioatljutorium
1693 1132 1822 1169 vero
1873 1115 1978 1172 boc
2023 1129 2153 1185 pro-

2252 1109 2542 1183 εργοῧνται
2561 1109 2640 1172 είς
2663 1107 2697 1162 ἃ
2713 1104 3123 1177 βουλεύσονται.
3151 1103 3458 1174 Συνεργίαν
3473 1100 3532 1155 δὲ
3564 1101 3850 1170 νομιστέον

567 1201 891 1271 speritatem
922 1203 1184 1276 intellige.
1229 1204 1322 1260 Vel
1357 1209 1764 1278 coadjuvantur
1789 1227 1819 1263 ιι
1847 1210 1963 1264 suis
1992 1207 2150 1262 simi-

2252 1206 2353 1274 τὴν
2376 1203 2659 1257 εὑόδωσιν.
2687 1199 2761 1254 Ἦ
2789 1199 2886 1254 καὶ
2917 1194 3312 1270 συνεργοῦνται
3341 1195 3492 1268 παρά
3509 1195 3617 1250 τῶν
3631 1195 3848 1266 ὁμοίων.

567 1295 735 1351 libus.
765 1294 1186 1354 Observandum
1215 1309 1301 1355 est
1347 1313 1527 1356 autem
1554 1302 1699 1373 quod
1751 1305 2012 1373 propheta
2054 1319 2155 1358 sac-

2256 1293 2690 1367 ῐίαρατηρητέον
2717 1291 2774 1345 δὲ
2801 1289 3088 1354 πολλάκις,
3120 1289 3206 1343 ὅτι
3234 1289 3327 1343 ἐπὶ
3350 1285 3456 1342 τῶν
3487 1285 3732 1358 ἀγαθῶν,
3761 1288 3851 1340 καὶ

568 1403 869 1457 penumero
894 1395 1003 1444 tam
1031 1390 1099 1446 de
1131 1391 1338 1462 pravis,
1378 1408 1542 1464 quam
1604 1394 1673 1450 de
1708 1394 1895 1464 probis
1917 1393 2160 1448 homini-

2259 1390 2353 1444 ἐπὶ
2385 1387 2494 1441 τῶν
2519 1384 2802 1459 πονηρῶν,
2843 1382 3121 1454 τοῦτομὲν
3160 1379 3568 1454 πληθυντικῶς,
3605 1381 3768 1435 τοῦτο
3797 1381 3853 1433 δὲ

567 1480 673 1536 bus
720 1483 979 1553 loquens,
1040 1486 1308 1556 singulari
1383 1487 1700 1558 aliquando,
1752 1499 1805 1542 et
1861 1485 2155 1557 aliquando

2258 1483 2455 1546 ἑνικῶς
2491 1482 2714 1552 ἐκφέρει
2739 1479 3024 1548 τὸνλόγον·
3043 1477 3098 1530 οἴ
3115 1477 3298 1548 τεγᾶρ
3321 1474 3608 1546 ἀγαθοὶτῷ
3631 1472 3852 1546 ἀριθμῷ

566 1575 767 1644 plurali
828 1577 1000 1632 utitur
1069 1594 1374 1637 sermone:
1437 1583 1564 1652 quia
1636 1598 1864 1636 numero
1937 1580 2156 1651 quidem

2260 1577 2362 1651 μὲν
2433 1573 2622 1629 πολλοί
2670 1576 2802 1639 alat,
2865 1575 2932 1646 τῇ
2990 1571 3047 1626 δὲ
3113 1569 3434 1641 ἀγαθότητι,
3494 1563 3604 1633 εἷς·
3664 1569 3762 1622 καὶ
3806 1567 3854 1620 cl

569 1669 730 1722 multi
763 1678 916 1738 sunt,
951 1672 1042 1727 sed
1102 1673 1305 1730 virtute
1340 1683 1435 1729 aut
1495 1675 1628 1728 vitio
1666 1690 1857 1728 unum.
1923 1673 2018 1728 Vel
2051 1673 2151 1727 ali-

2255 1669 2488 1744 ttovqpoi.
2524 1669 2604 1730 δὲ,
2666 1668 2746 1740 τῷ
2803 1667 2905 1738 μὲν
2956 1663 3200 1737 ἀριθμῷ,
3238 1663 3428 1718 πολλοὶ
3453 1703 3469 1728 ,
3501 1663 3570 1733 τῇ
3595 1658 3652 1715 δὲ
3687 1677 3853 1728 πονη-

568 1769 653 1813 tcr
691 1777 702 1811 :
731 1759 871 1827 Quia
902 1761 1092 1818 Cra-ca
1126 1763 1299 1819 dictio
1335 1765 1813 1838 συλλαμϐάνονται
1867 1781 1974 1818 non
2030 1775 2153 1818 tan-
2188 1835 2199 1838 _

2261 1764 2372 1836 ρῑᾳ,
2404 1760 2595 1828 εἶς.Ἢ
2623 1763 2720 1818 καὶ
2749 1765 2877 1833 περὶ
2913 1760 3025 1815 τῶν
3059 1758 3303 1813 εὐσεῦῶν
3323 1761 3352 1811 ὸ
3372 1756 3554 1824 λόγος,
3587 1757 3673 1809 ὅτι
3695 1756 3752 1807 έν
3773 1750 3851 1817 οἷς

568 1859 682 1904 tum
712 1853 983 1925 signified!
1006 1857 1418 1927 coadjuvautur,
1465 1862 1562 1915 scd
1591 1861 1760 1916 etiam
1811 1859 2153 1930 comprehen-
2188 1835 2199 1891 Ι

2225 1845 2228 1881 ⁵
2260 1835 2665 1925 διαλογίζονται
2713 1854 2976 1926 περὶτῶν
3012 1853 3227 1908 ἀσεϐῶν
3258 1853 3356 1915 τῆς
3375 1848 3704 1920 εὐημερίας,
3733 1849 3856 1901 συ).-

567 1945 792 2014 dtmtur,
829 1946 1015 2002 dicere
1060 1966 1378 2020 possumus,
1439 1951 1772 2024 Propltetam
1850 1952 1941 2008 hic
2002 1952 2149 2020 loqui

2263 1950 2674 2023 λαμϐάνονταιο
2715 1949 2989 2015 τουτέστι,
3032 1946 3466 2018 περιπίπτουσιν
3497 1947 3556 1997 ὲν
3583 1942 3856 2012 μικροψυ-

569 2037 639 2092 de
675 2039 781 2094 illis
842 2042 1120 2110 ﬁdelibus,
1158 2048 1251 2115 qui
1317 2046 1369 2100 in
1423 2049 1664 2117 propriis
1726 2047 2152 2118 cogitationibus

2264 2046 2437 2118 χίαις,
2463 2045 2524 2100 οὐ
2554 2044 3092 2115 καταστοχσζὸμενοι
3117 2041 3226 2096 τῶν
3256 2040 3541 2112 κριμάτων
3577 2038 3674 2092 τοῦ
3701 2034 3858 2091 Θεοῦ.

571 2137 1134 2205 θοιιιριοῐιειιιιυιιιιιτ,
1169 2157 1306 2210 quas
1339 2142 1632 2216 deimpiis,
1671 2154 1725 2199 et
1786 2147 1854 2198 de
1917 2143 2135 2196 illorum
2179 2143 2549 2212 prosperitate
2578 2136 2860 2213 cegitant;
2895 2155 2959 2196 ac
2988 2140 3035 2195 si
3096 2139 3331 2202 diceret,
3395 2135 3543 2206 quod
3601 2134 3676 2190 ob
3735 2149 3863 2207 pro-

572 2230 743 2302 priam
771 2233 1152 2312 inﬁrmitatem
1188 2236 1468 2303 labuntur,
1506 2255 1612 2294 non
1676 2241 1923 2296 valentes
1976 2235 2260 2307 percipere
2294 2247 2389 2291 aut
2419 2237 3004 2307 considerarejudicia
3033 2236 3150 2292 Dei.
3450 2287 3452 2292 .

639 2319 804 2379 Vens.
842 2326 893 2379 3.
925 2321 1190 2392 Quoniam
1226 2329 1479 2383 iuudatur
1507 2340 1752 2399 peccator
1787 2332 1840 2384 in
1879 2329 2160 2384 desideriis

2334 2329 2465 2382 Ὀτι
2514 2329 2846 2384 ἐπαινεῖται
2879 2331 2911 2384 ό
2946 2327 3299 2399 ἁμαρτωλὸς
3338 2329 3411 2383 ἐν
3465 2325 3598 2394 ταῖς
3648 2325 3859 2380 ἐπιθυ·

569 2415 766 2471 anima:
816 2434 948 2480 saw.
981 2432 1030 2473 et
1059 2422 1297 2485 iniustus
1350 2423 1702 2479 bettedicitur.
1737 2421 2158 2477 Observandum

2255 2424 2421 2492 μιαις
2450 2420 2563 2491 τῆς
2587 2420 2800 2492 ψυχῆς
2833 2421 3047 2488 αὑτοῦ,
3101 2422 3201 2476 καί
3249 2424 3282 2476 ό
3330 2419 3560 2477 ἀδικῶν
3615 2419 3862 2474 ἐνειιλο-

566 2515 652 2561 ust
683 2510 830 2577 quod
863 2509 1057 2576 dictio,
1089 2515 1365 2582 quoniam,
1407 2531 1504 2570 seu
1541 2515 1689 2584 quia,
1718 2513 1864 2584 apud
1899 2511 2160 2569 Hebraeos

2259 2514 2472 2583 γεῖται.
2511 2515 2624 2568 Kal.
2665 2513 2826 2567 τοῦτο
2863 2514 3308 2586 παρατηρητέον,
3347 2513 3423 2578 ὡς
3465 2512 3529 2568 τὸ
3569 2512 3661 2568 ὅτι
3706 2513 3859 2583 παρὶ

569 2615 680 2654 non
711 2607 932 2672 semper
965 2620 1190 2660 causam
1222 2607 1424 2671 reddit,
1481 2607 1577 2662 sed
1632 2605 1932 2675 aliquando
1959 2606 2160 2661 adver-

2259 2610 2373 2672 τοῖς
2417 2609 2695 2680 Ἑϐραίοις
2716 2648 2731 2672 ,
2759 2611 2863 2662 οὐκ
2899 2608 2989 2662 ἀεὶ
3018 2607 3384 2676 αἰτιολογικὸν
3415 2606 3856 2685 παραλαμϐάνε-

570 2692 721 2746 bium
757 2703 846 2749 est
891 2699 1258 2753 conﬁrmandi
1294 2717 1307 2753 :
1338 2699 1640 2770 aliquando
1689 2702 1856 2755 etiam
1919 2700 2162 2756 abundat

2261 2718 2388 2755 ται·
2422 2701 2540 2755 ἀλλ’
2572 2702 2720 2756 ἔστιν
2751 2703 2840 2755 ὅτε
2895 2703 2990 2757 καὶ
3023 2701 3385 2772 βεϐαιωτικὸν
3446 2701 3542 2755 καὶ
3586 2702 3861 2771 παρέλκον

562 2785 725 2855 juxta
769 2789 1050 2847 idiomatis
1077 2809 1257 2848 usum.
1289 2793 1465 2856 Adeo.
1495 2795 1676 2862 inquit
1698 2794 1997 2866 Propheta,
2021 2795 2164 2850 inter

2265 2793 2477 2851 τίθεται
2536 2797 2680 2850 κατὰ
2723 2813 2845 2850 τινα
2906 2795 3223 2866 συνήθειαν.
3263 2792 3455 2861 Οὕτως
3500 2794 3620 2861 οὖν,
3667 2795 3859 2866 φησιν,

566 2896 666 2931 eos
703 2882 894 2936 vitium
926 2886 1233 2954 prtevalnit,
1271 2895 1331 2941 ut
1385 2896 1440 2942 ct
1474 2896 1797 2959 peccatores
1828 2888 1896 2944 de
1945 2888 2165 2944 delictis

2269 2889 2578 2960 ἐκράτησεν
2612 2892 2645 2958 ὴ
2685 2889 2877 2954 κακία,
2910 2887 2984 2951 ῶς
3011 2889 3140 2952 τοὺς
3169 2887 3590 2960 ἁμαρτάνοντας
3621 2890 3863 2943 tuatui-

568 2968 884 3038 Iaudentur,
919 2989 1042 3044 qua:
1074 2978 1229 3030 carni
1259 2991 1321 3031 ac
1355 2978 1596 3047 propriae
1629 2978 1844 3033 libidini
1872 2979 2164 3048 obtempe-

2268 2982 2394 3035 σθαι
2424 2981 2626 3050 μᾶλλον
2656 2982 2716 3034 ἐν
2758 2982 2873 3044 τοῖς
2918 2980 3401 3051 πλημμελήμασιν
3430 2973 3509 3034 ὧν
3549 2979 3860 3050 ἐπιθυμοῦ-

570 3072 763 3116 rantes
795 3065 1179 3130 committunt,
1210 3077 1262 3122 et
1295 3067 1330 3122 ii
1362 3071 1569 3136 pariter
1596 3068 1693 3138 qui
1740 3069 1941 3138 injuria
1970 3084 2201 3146 quem-1

2230 3129 2232 3146 ι
2269 3093 2377 3141 σιν,
2412 3075 2487 3138 ὡς
2518 3074 2809 3146 ἐμπαθεῖς,
2846 3073 2943 3127 καὶ
2972 3072 3100 3137 τοὺς
3132 3070 3460 3136 ἀδικοῦντας
3491 3072 3861 3144 εὐφημεῖσθαι

572 3157 719 3223 piam
764 3156 1027 3222 alliciunt,
1063 3174 1092 3213 a
1124 3161 1208 3214 sui
1248 3162 1526 3218 similibus
1555 3162 1824 3232 majorem
1878 3163 2008 3220 inde
2041 3131 2203 3219 sceJ

2041 3177 2163 3219 sce-
2188 3127 2234 3190 C
2592 3127 2817 3240 ὁμοίων,
2849 3169 2911 3220 ἐν
2940 3162 3023 3231 οἷς
3058 3127 3289 3232 ἀνοσίως
3318 3127 3642 3239 πράττουσί

571 3247 704 3303 leris
732 3248 959 3315 gloriam
994 3265 1431 3322 consequantur.

643 3338 811 3398 Vens.
843 3345 897 3400 ι.
931 3343 1177 3400 lrritavit
1215 3346 1503 3403 Dominum
1557 3361 1824 3417 peccator.
1876 3350 1958 3405 Ad
1994 3347 2160 3405 uitio—

2338 3348 2669 3418 ﬂapchvre
2707 3348 2817 3403 τὸν
2841 3348 3068 3416 Κύριον
3099 3347 3135 3399 o'
3161 3347 3538 3416 ἁμαρτωλός.
3581 3346 3677 3410 Εἰς
3714 3346 3861 3402 ἐκδί-

569 3449 696 3490 nem
736 3436 905 3491 Deum
941 3442 1264 3506 commovit,
1324 3441 1444 3500 suis
1476 3458 1602 3498 eum
1639 3459 1843 3517 urgens
1881 3453 2046 3516 atque
2076 3445 2165 3498 iu-

2266 3463 2428 3517 κησιν
2460 3443 2707 3514 ἠρέθισε,
2771 3442 2909 3512 παρ’
2940 3437 3137 3495 ἑαυτοῦ
3198 3439 3396 3508 ὀξὺνας
3462 3441 3560 3496 καὶ
3609 3442 3858 3512 ταχύνας

571 3535 751 3587 citans
791 3533 1034 3589 delictis.

2265 3539 2454 3600 αὑτὸν,
2479 3538 2546 3590 δι’
2577 3529 2654 3590 ῶν
2678 3534 3003 3607 ἐργάζεται.

643 3625 943 3681 Secundum
983 3628 1384 3686 multitudinem
1449 3633 1547 3686 ira:
1577 3649 1692 3688 suae
1729 3650 1835 3689 non
1891 3635 2157 3704 exquiret.

2331 3629 2501 3685 ’Κατὰ
2530 3630 2604 3684 τὸ
2633 3628 2870 3695 πλῆθος
2905 3628 3014 3698 τῆς
3051 3627 3236 3698 ὀργῆς
3265 3626 3458 3682 αὐτοῦ
3481 3628 3591 3681 οὐκ
3620 3627 3864 3695 ἐκζητή-

570 3716 689 3777 Non
722 3721 925 3789 exiget,
976 3721 1176 3792 inquit,
1239 3725 1381 3780 Deus
1448 3741 1643 3795 pmnas
1690 3727 1782 3782 ira:
1811 3741 1924 3780 suae
1967 3727 2164 3780 condi-

2268 3742 2387 3780 σει.
2415 3725 2530 3778 Οὐκ
2563 3721 2728 3788 ἀξίως
2761 3721 2862 3791 τῆς
2898 3721 3070 3792 ὀργῆς
3101 3719 3267 3774 αὐτοῦ
3317 3720 3621 3791 ἀπαιτήσει
3647 3719 3809 3783 δίκας
3837 3720 3865 3774 ὁ

572 3830 731 3884 gnas,
786 3815 940 3883 juxta
977 3816 1151 3870 illud:
1191 3817 1252 3870 Si
1277 3817 1589 3888 iniquitates
1631 3820 2015 3886 observaveris,
2058 3818 2166 3874 Do-

2266 3820 2421 3882 Θεός.
2475 3817 2620 3872 Ἐὰν
2657 3815 2768 3886 γὰρ
2798 3816 3054 3885 ἀνομίας
3079 3813 3551 3884 παρατηρήσῃς,
3588 3815 3681 3878 τίς
3726 3816 3865 3867 imo-

572 3909 731 3970 mine,
785 3907 1023 3974 Domine,
1076 3911 1191 3980 quia
1223 3911 1605 3965 sustinebit"?
1637 3911 1776 3966 Iram
1821 3914 1970 3968 enim
2037 3913 2158 3979 Dei,

2267 3913 2586 3979 στήσεται;
2639 3909 2810 3980 Ὀργὴ
2843 3909 2899 3962 δὲ
2927 3908 3087 3974 Θεοῦ,
3110 3909 3143 3978 ἠ
3169 3907 3356 3962 δικαία
3381 3909 3644 3978 τιμωρία.
3690 3905 3867 3977 Ἐλεή·

569 3999 773 4069 justam
814 4016 1031 4070 pwnatn
1066 4011 1120 4057 et
1175 4004 1510 4074 condignum
1541 4007 1874 4076 supplicium
1906 4007 2161 4077 appellat.

2272 4002 2717 4076 μων,φησὶν,ῶν,
2735 4005 2836 4057 οὐκ
2857 4001 3055 4070 ἐπάγει
3083 4001 3308 4054 κόλασιν
3337 3999 3595 4069 ἄκρατον.
3615 3999 3779 4052 Ἐστι
3807 3997 3861 4052 δὲ

575 4089 914 4158 Misericors,
978 4094 1184 4164 inquit,
1231 4094 1378 4150 Deus
1407 4107 1488 4150 est
1520 4114 1532 4149 :
1565 4111 1812 4151 summas
1845 4113 1908 4151 ac
1943 4098 2166 4159 meritas

2269 4102 2366 4156 καὶ
2398 4101 2601 4170 ἑτέρως
2630 4098 2773 4151 κατά
2797 4113 2973 4160 τινας,
3007 4094 3091 4149 ὅτι
3130 4093 3437 4164 Παρώξυνε
3463 4093 3556 4146 τον
3589 4093 3806 4163 Κύριον
3837 4094 3864 4145 ὁ

573 4199 894 4252 ρωητιδιιυη
920 4185 1145 4256 indiget.
1175 4188 1278 4242 Alii
1311 4187 1574 4260 [legunt]:
1608 4188 2166 4244 lrritavitDominum

2270 4192 2596 4265 ἁμαρτωλὸς
2628 4188 2773 4245 κατά
2796 4189 2856 4242 τὸ
2887 4187 3097 4258 πλῆθος
3123 4185 3226 4257 τῆς
3272 4185 3447 4258 ὀργῆς
3475 4185 3666 4250 αὑτοῦ,
3704 4203 3862 4240 τουτο

575 4289 833 4346 peccator
866 4281 1173 4334 secundum
1230 4283 1642 4337 multitudinem
1704 4283 1808 4338 ira:
1873 4300 2008 4346 suae.
2065 4287 2169 4341 boc

2272 4292 2419 4343 ἐστιν
2448 4289 2615 4352 ἀξίως
2642 4289 2745 4355 τῆς
2780 4283 2920 4355 παρι
2966 4282 3136 4337 αὑτοῦ
3169 4281 3346 4354 δήπου
3389 4279 3486 4333 τοῦ
3530 4279 3861 4349 ἀμαρτωλοῦ

574 4378 660 4424 est
696 4371 986 4441 condigne,
1023 4383 1078 4428 et
1114 4384 1279 4443 prout
1310 4376 1561 4446 exigebat
1589 4376 1778 4431 divina
1812 4377 1914 4442 ira,
1951 4395 2075 4447 quae
2098 4381 2166 4435 ab

2272 4380 2664 4448 ἀναπτομένης
2697 4375 2776 4444 τῷ
2808 4373 2930 4444 Θεῷ
2961 4373 3135 4444 ὀργῆς
3163 4386 3178 4401 ⁶
3218 4370 3617 4440 ἀναπτομένης
3666 4369 3747 4431 δὲ.
3779 4369 3864 4422 διὰ

575 4461 697 4528 ipso
734 4473 1022 4530 peccatore
1060 4466 1298 4536 propriis
1347 4469 1652 4522 sceleribus
1687 4468 1944 4535 instigata
1982 4469 2156 4525 fuerat
2191 4483 2206 4537 ι

2231 4476 2374 4528 ιτῶν
2423 4469 2679 4543 πονηρῶν
2734 4467 3019 4538 πράξεων,
3062 4458 3184 4518 εἶτα
3235 4463 3318 4530 τὸ,
3372 4464 3487 4518 οὐκ
3525 4461 3862 4528 ἐκζητήσει,

573 4566 629 4606 et
669 4569 921 4616 accensa,
962 4565 1014 4608 et
1047 4559 1191 4627 quod
1231 4560 1502 4626 sequitur,
1535 4576 1640 4613 non
1669 4565 1932 4630 exquiret,
1973 4564 2150 4633 legen-

2272 4569 2391 4622 κατ¹
2416 4563 2688 4636 ἐρώτησιν
2714 4558 3098 4627 ἀναγνωστέον
3118 4573 3133 4588 ο
3173 4555 3203 4626 ἦ
3231 4556 3326 4610 καὶ
3362 4549 3522 4618 αὖθις
3568 4554 3708 4608 κατά
3733 4554 3865 4607 tim-.6-

578 4645 707 4698 dum
739 4645 932 4702 dicunt
986 4666 1079 4718 per
1131 4650 1618 4722 interrogationem
1641 4695 1655 4717 ,
1694 4655 1775 4710 vel
1807 4657 1972 4711 etiam
2004 4660 2165 4714 abso-

2273 4678 2439 4732 φασιν
2475 4657 2612 4727 (48),
2632 4648 2767 4709 οἷον
2805 4651 2964 4706 Οὕτω
2989 4649 3301 4720 παροξύνας
3336 4649 3428 4703 τὸν
3455 4648 3610 4713 Θεὸν,
3644 4649 3744 4702 οὐκ
3777 4651 3864 4701 Ett-

577 4740 694 4795 lutc
723 4782 737 4806 ,
774 4751 826 4794 et
861 4753 993 4796 tunc
1050 4745 1116 4797 sit
1181 4761 1402 4810 sensus,
1462 4749 1609 4818 quod
1652 4749 1793 4806 Deus
1856 4766 1954 4821 per
1989 4753 2166 4822 pecni-

1527 4749 1609 4802 tod
1652 4749 1793 4806 Deus
1856 4766 1954 4821 per
1989 4753 2166 4822 pceni-
2276 4757 2505 4826 ζητήσει
2528 4751 2694 4805 αὑτὸν
2721 4747 2811 4801 διὰ
2843 4745 3158 4818 μετανοίας.

576 4838 806 4891 tentiam
860 4839 1015 4893 illum
1052 4855 1159 4894 non
1197 4842 1472 4911 exquiret,
1504 4843 1599 4910 qui
1632 4846 1705 4898 ita
1735 4860 1862 4900 eum
1903 4847 2162 4901 irritavit.

653 4927 817 4985 Vens.
852 4931 904 4985 5.
973 4931 1094 4986 Non
1123 4943 1202 4988 est
1233 4934 1372 4989 Deus
1406 4937 1460 4990 in
1489 4947 1772 5004 conspectu
1805 4938 1946 5007 ejus.
2004 4937 2171 4993 Putat

2349 4939 2472 4991 Οὐκ
2497 4935 2671 4989 ἐστιν
2701 4933 2734 4986 ό
2767 4931 2913 4996 Θεὸς
2956 4929 3220 4983 ἐνώπιον
3275 4928 3487 4983 αὐτοῦ.
3537 4927 3623 4990 '0;
3667 4928 3859 4991 οἷεται,

577 5034 837 5094 peccator
886 5028 1032 5097 quod
1085 5046 1209 5084 eum
1264 5028 1408 5084 Deus
1459 5039 1688 5100 peccata
1723 5032 2166 5086 committentem

2276 5032 2339 5084 οὐ
2366 5028 2556 5101 βλέπει
2588 5023 2753 5078 αὑτὸν
2803 5021 2954 5076 οὕτω
2993 5021 3301 5092 πράττοντα
3328 5023 3357 5074 ὁ
3387 5021 3547 5084 Θεό;’
3585 5020 3699 5091 ἦοὺ
3726 5019 3863 5091 λαμ-

580 5132 692 5171 ιιοη
731 5118 928 5173 videat.
963 5120 1056 5174 Vu-l
1103 5124 1304 5176 aliter:
1342 5123 1484 5179 Deus
1535 5125 1627 5191 qui
1686 5124 1890 5192 ubique
1928 5139 2170 5194 prwscns

1928 5139 2170 5194 prwscns
2275 5123 2500 5177 ὁάνεται
2538 5118 2644 5188 πρὸ
2677 5114 2975 5185 ὀφθαλμῶν
3007 5113 3196 5180 αὑτοῦ,
3233 5114 3311 5178 ὡς
3338 5115 3553 5188 παρών.

580 5217 686 5267 εει,
714 5225 740 5260 a
778 5214 1087 5276 peccatoris
1120 5213 1297 5267 oculis
1325 5229 1433 5268 non
1463 5215 1790 5284 percipitur.

657 5299 959 5370 lnquiuatw
990 5316 1112 5357 sunt
1147 5306 1243 5360 via:
1268 5307 1416 5362 illius
1470 5308 1524 5360 in
1556 5310 1703 5360 omni
1729 5317 1982 5376 tempore.
2027 5305 2166 5362 Cum

2351 5301 2763 5372 Βεσηλοῦνται
2803 5302 2863 5354 ai
2897 5298 3025 5353 ὁδοί
3079 5297 3272 5354 αὐτοῦ
3311 5301 3382 5354 ἐν
3431 5301 3611 5355 παντὶ
3657 5298 3859 5372 καιρῷ.

727 5488 776 5520 θ’
811 5488 958 5545 Psal.
989 5506 1177 5556 cutx,
1201 5491 1256 5546 ὅ.

1927 5629 2123 5691 γωνίαι
2162 5626 2503 5690 lectiones.

663 5790 879 5863 (ιτ-48)
907 5791 1094 5849 ϐιωοιι
1123 5793 1198 5847 ita
1227 5803 1460 5849 sonant:
1483 5790 1620 5858 quod
1655 5793 1777 5846 talis
1811 5809 1926 5848 cum
1947 5793 2014 5847 sit
2047 5788 2325 5862 (itnpiusvi
2356 5789 2572 5862 dclicet)
2598 5795 2887 5858 prospera.
