  <div class='ocr_page' id='page_1' title='image "/cluster/home/n/w/nwhite01/storage/ocr_20150623/128/mdp.39015078384263/088.png"; bbox 0 0 4130 6304; ppageno 0'>
   <div class='ocr_carea' id='block_1_1' title="bbox 263 390 1806 454">
    <p class='ocr_par' dir='ltr' id='par_1_1' title="bbox 263 390 1782 454">
     <span class='ocr_line' id='line_1_1' title="bbox 263 390 1782 454; baseline 0 0"><span class='ocrx_word' id='word_1_1' title='bbox 263 390 344 454; x_wconf 85' lang='grc'><strong>161</strong></span> <span class='ocrx_word' id='word_1_2' title='bbox 1383 393 1782 454; x_wconf 76' lang='lat' dir='ltr'><strong>COMMENT.</strong></span> 
     </span>
    </p>
   </div>
   <div class='ocr_carea' id='block_1_2' title="bbox 1906 390 2306 454">
    <p class='ocr_par' dir='ltr' id='par_1_2' title="bbox 1906 390 2306 454">
     <span class='ocr_line' id='line_1_2' title="bbox 1906 390 2306 454; baseline 0.01 -4"><span class='ocrx_word' id='word_1_3' title='bbox 1906 392 1909 398; x_wconf 87' lang='grc'><em>’</em></span> <span class='ocrx_word' id='word_1_4' title='bbox 1947 391 2081 450; x_wconf 84' lang='lat' dir='ltr'><strong>PSA</strong></span> <span class='ocrx_word' id='word_1_5' title='bbox 2091 390 2306 454; x_wconf 76' lang='lat' dir='ltr'><strong>LMOS.</strong></span> 
     </span>
    </p>
   </div>
   <div class='ocr_carea' id='block_1_3' title="bbox 3390 393 3496 460">
    <p class='ocr_par' dir='ltr' id='par_1_3' title="bbox 3390 393 3496 460">
     <span class='ocr_line' id='line_1_3' title="bbox 3390 393 3496 460; baseline 0.028 -3"><span class='ocrx_word' id='word_1_6' title='bbox 3390 393 3496 460; x_wconf 80' lang='lat'><strong>162</strong></span> 
     </span>
    </p>
   </div>
   <div class='ocr_carea' id='block_1_4' title="bbox 258 501 1806 580">
    <p class='ocr_par' dir='ltr' id='par_1_4' title="bbox 258 501 1803 580">
     <span class='ocr_line' id='line_1_4' title="bbox 258 501 1803 580; baseline -0.002 -17"><span class='ocrx_word' id='word_1_7' title='bbox 258 513 343 580; x_wconf 76' lang='grc' dir='ltr'>τὴν</span> <span class='ocrx_word' id='word_1_8' title='bbox 376 501 674 575; x_wconf 78' lang='grc' dir='ltr'><strong>ἐπισκοπὴν</strong></span> <span class='ocrx_word' id='word_1_9' title='bbox 716 502 884 558; x_wconf 70' lang='grc' dir='ltr'>αὗτοῦ</span> <span class='ocrx_word' id='word_1_10' title='bbox 979 504 1118 558; x_wconf 80' lang='grc' dir='ltr'>ὥστε</span> <span class='ocrx_word' id='word_1_11' title='bbox 1167 505 1244 577; x_wconf 78' lang='grc' dir='ltr'>μὴ</span> <span class='ocrx_word' id='word_1_12' title='bbox 1281 505 1501 578; x_wconf 72' lang='grc' dir='ltr'>βλέπειν</span> <span class='ocrx_word' id='word_1_13' title='bbox 1542 509 1679 571; x_wconf 48' lang='grc' dir='ltr'>ὅλως</span> <span class='ocrx_word' id='word_1_14' title='bbox 1734 506 1803 560; x_wconf 79' lang='grc' dir='ltr'>τὰ</span> 
     </span>
    </p>
   </div>
   <div class='ocr_carea' id='block_1_5' title="bbox 1906 501 3494 580">
    <p class='ocr_par' dir='ltr' id='par_1_5' title="bbox 1910 505 3494 575">
     <span class='ocr_line' id='line_1_5' title="bbox 1910 505 3494 575; baseline 0.004 -17"><span class='ocrx_word' id='word_1_15' title='bbox 1910 520 2016 573; x_wconf 88' lang='lat' dir='ltr'><strong>que</strong></span> <span class='ocrx_word' id='word_1_16' title='bbox 2045 505 2376 569; x_wconf 76' lang='lat' dir='ltr'><strong>custodiam,</strong></span> <span class='ocrx_word' id='word_1_17' title='bbox 2408 513 2461 560; x_wconf 86' lang='lat' dir='ltr'><strong>et</strong></span> <span class='ocrx_word' id='word_1_18' title='bbox 2499 505 2894 575; x_wconf 81' lang='lat' dir='ltr'><strong>protectionem</strong></span> <span class='ocrx_word' id='word_1_19' title='bbox 2927 508 3173 562; x_wconf 89' lang='lat' dir='ltr'><strong>suamita</strong></span> <span class='ocrx_word' id='word_1_20' title='bbox 3205 513 3494 572; x_wconf 80' lang='lat' dir='ltr'><strong>averterit.</strong></span> 
     </span>
    </p>
   </div>
   <div class='ocr_carea' id='block_1_6' title="bbox 258 596 1806 673">
    <p class='ocr_par' dir='ltr' id='par_1_6' title="bbox 258 596 1806 673">
     <span class='ocr_line' id='line_1_6' title="bbox 258 596 1806 673; baseline -0.001 -19"><span class='ocrx_word' id='word_1_21' title='bbox 258 601 486 671; x_wconf 79' lang='grc' dir='ltr'>γινόμενα</span> <span class='ocrx_word' id='word_1_22' title='bbox 513 614 528 630; x_wconf 74' lang='grc' dir='ltr'><strong>ο</strong></span> <span class='ocrx_word' id='word_1_23' title='bbox 554 596 616 651; x_wconf 80' lang='grc' dir='ltr'>τὸ</span> <span class='ocrx_word' id='word_1_24' title='bbox 640 598 749 668; x_wconf 78' lang='grc' dir='ltr'>γὰρ</span> <span class='ocrx_word' id='word_1_25' title='bbox 781 601 871 664; x_wconf 80' lang='grc' dir='ltr'><strong>είς</strong></span> <span class='ocrx_word' id='word_1_26' title='bbox 896 597 1092 666; x_wconf 71' lang='grc' dir='ltr'>τέλος,</span> <span class='ocrx_word' id='word_1_27' title='bbox 1125 600 1202 670; x_wconf 81' lang='grc' dir='ltr'>πῆ</span> <span class='ocrx_word' id='word_1_28' title='bbox 1233 601 1354 671; x_wconf 83' lang='grc' dir='ltr'>μὲν,</span> <span class='ocrx_word' id='word_1_29' title='bbox 1383 601 1444 654; x_wconf 84' lang='grc' dir='ltr'>τὸ</span> <span class='ocrx_word' id='word_1_30' title='bbox 1503 602 1632 673; x_wconf 76' lang='grc' dir='ltr'>ἄχρι</span> <span class='ocrx_word' id='word_1_31' title='bbox 1668 617 1806 658; x_wconf 83' lang='grc' dir='ltr'>παν-</span> 
     </span>
    </p>
   </div>
   <div class='ocr_carea' id='block_1_7' title="bbox 257 689 1805 765">
    <p class='ocr_par' dir='ltr' id='par_1_7' title="bbox 257 689 1805 765">
     <span class='ocr_line' id='line_1_7' title="bbox 257 689 1805 765; baseline 0.002 -19"><span class='ocrx_word' id='word_1_32' title='bbox 257 696 356 758; x_wconf 82' lang='grc' dir='ltr'>τὸς,</span> <span class='ocrx_word' id='word_1_33' title='bbox 396 692 467 761; x_wconf 84' lang='grc' dir='ltr'>πῆ</span> <span class='ocrx_word' id='word_1_34' title='bbox 501 689 580 755; x_wconf 76' lang='grc' dir='ltr'>δὲ,</span> <span class='ocrx_word' id='word_1_35' title='bbox 606 690 671 745; x_wconf 79' lang='grc' dir='ltr'>τὸ</span> <span class='ocrx_word' id='word_1_36' title='bbox 697 691 834 755; x_wconf 82' lang='grc' dir='ltr'>ὅλως</span> <span class='ocrx_word' id='word_1_37' title='bbox 865 691 1118 761; x_wconf 74' lang='grc' dir='ltr'><strong>ἐμφαίνει</strong></span> <span class='ocrx_word' id='word_1_38' title='bbox 1151 708 1166 724; x_wconf 87' lang='grc'><strong>·</strong></span> <span class='ocrx_word' id='word_1_39' title='bbox 1190 693 1390 748; x_wconf 71' lang='grc' dir='ltr'>ταύτὸν</span> <span class='ocrx_word' id='word_1_40' title='bbox 1415 694 1471 747; x_wconf 85' lang='grc' dir='ltr'>δὲ</span> <span class='ocrx_word' id='word_1_41' title='bbox 1502 695 1597 749; x_wconf 77' lang='grc' dir='ltr'><strong>καὶ</strong></span> <span class='ocrx_word' id='word_1_42' title='bbox 1634 695 1805 765; x_wconf 77' lang='grc' dir='ltr'>ἄμφω</span> 
     </span>
    </p>
   </div>
   <div class='ocr_carea' id='block_1_8' title="bbox 256 784 1805 861">
    <p class='ocr_par' dir='ltr' id='par_1_8' title="bbox 256 784 1805 861">
     <span class='ocr_line' id='line_1_8' title="bbox 256 784 1805 861; baseline 0.003 -22"><span class='ocrx_word' id='word_1_43' title='bbox 256 785 470 852; x_wconf 82' lang='grc' dir='ltr'>δύναται,</span> <span class='ocrx_word' id='word_1_44' title='bbox 500 786 613 850; x_wconf 77' lang='grc' dir='ltr'>τοῖς</span> <span class='ocrx_word' id='word_1_45' title='bbox 652 784 999 860; x_wconf 74' lang='grc' dir='ltr'>λεπτῶτερον</span> <span class='ocrx_word' id='word_1_46' title='bbox 1034 787 1544 859; x_wconf 80' lang='grc' dir='ltr'>ἐπισκεπτομένοις.</span> <span class='ocrx_word' id='word_1_47' title='bbox 1603 789 1726 861; x_wconf 80' lang='grc' dir='ltr'><strong>Χρὴ</strong></span> <span class='ocrx_word' id='word_1_48' title='bbox 1748 789 1805 842; x_wconf 80' lang='grc' dir='ltr'>δὲ</span> 
     </span>
    </p>
   </div>
   <div class='ocr_carea' id='block_1_9' title="bbox 253 877 1803 953">
    <p class='ocr_par' dir='ltr' id='par_1_9' title="bbox 253 877 1803 953">
     <span class='ocr_line' id='line_1_9' title="bbox 253 877 1803 953; baseline 0.003 -24"><span class='ocrx_word' id='word_1_49' title='bbox 253 877 534 946; x_wconf 81' lang='grc' dir='ltr'><strong>γινώσκειν,</strong></span> <span class='ocrx_word' id='word_1_50' title='bbox 563 878 646 933; x_wconf 80' lang='grc' dir='ltr'>ὅτι</span> <span class='ocrx_word' id='word_1_51' title='bbox 669 880 738 934; x_wconf 83' lang='grc' dir='ltr'>τὰ</span> <span class='ocrx_word' id='word_1_52' title='bbox 766 880 1152 953; x_wconf 72' lang='grc' dir='ltr'><strong>προρρηθέντα</strong></span> <span class='ocrx_word' id='word_1_53' title='bbox 1180 879 1427 936; x_wconf 83' lang='grc' dir='ltr'>νοοῦνται</span> <span class='ocrx_word' id='word_1_54' title='bbox 1471 880 1567 934; x_wconf 81' lang='grc' dir='ltr'><strong>καὶ</strong></span> <span class='ocrx_word' id='word_1_55' title='bbox 1600 883 1682 946; x_wconf 81' lang='grc' dir='ltr'><strong>είς</strong></span> <span class='ocrx_word' id='word_1_56' title='bbox 1713 883 1803 934; x_wconf 79' lang='grc' dir='ltr'>τὸν</span> 
     </span>
    </p>
   </div>
   <div class='ocr_carea' id='block_1_10' title="bbox 267 968 1803 1044">
    <p class='ocr_par' dir='ltr' id='par_1_10' title="bbox 267 968 1803 1044">
     <span class='ocr_line' id='line_1_10' title="bbox 267 968 1803 1044; baseline 0.002 -22"><span class='ocrx_word' id='word_1_57' title='bbox 267 968 528 1022; x_wconf 79' lang='grc' dir='ltr'>Ἰουδαϊκὸν</span> <span class='ocrx_word' id='word_1_58' title='bbox 579 969 753 1040; x_wconf 83' lang='grc' dir='ltr'>δῆμον</span> <span class='ocrx_word' id='word_1_59' title='bbox 807 971 902 1024; x_wconf 78' lang='grc' dir='ltr'><strong>καὶ</strong></span> <span class='ocrx_word' id='word_1_60' title='bbox 945 973 1039 1026; x_wconf 75' lang='grc' dir='ltr'>τὸν</span> <span class='ocrx_word' id='word_1_61' title='bbox 1089 971 1348 1042; x_wconf 79' lang='grc' dir='ltr'>Χριστὸν,</span> <span class='ocrx_word' id='word_1_62' title='bbox 1411 973 1803 1044; x_wconf 67' lang='grc' dir='ltr'>προσαρμοζόο</span> 
     </span>
    </p>
   </div>
   <div class='ocr_carea' id='block_1_11' title="bbox 249 1059 1805 1137">
    <p class='ocr_par' dir='ltr' id='par_1_11' title="bbox 249 1059 1805 1137">
     <span class='ocr_line' id='line_1_11' title="bbox 249 1059 1805 1137; baseline 0.004 -24"><span class='ocrx_word' id='word_1_63' title='bbox 249 1076 377 1130; x_wconf 83' lang='grc' dir='ltr'>μενα</span> <span class='ocrx_word' id='word_1_64' title='bbox 405 1059 540 1114; x_wconf 75' lang='grc' dir='ltr'>κατὰ</span> <span class='ocrx_word' id='word_1_65' title='bbox 561 1063 750 1134; x_wconf 83' lang='grc' dir='ltr'><strong>μέρος.</strong></span> <span class='ocrx_word' id='word_1_66' title='bbox 805 1065 917 1118; x_wconf 77' lang='grc' dir='ltr'><strong>Καὶ</strong></span> <span class='ocrx_word' id='word_1_67' title='bbox 955 1060 1112 1130; x_wconf 79' lang='grc' dir='ltr'>οὗτος</span> <span class='ocrx_word' id='word_1_68' title='bbox 1158 1064 1268 1136; x_wconf 83' lang='grc' dir='ltr'>γὰρ</span> <span class='ocrx_word' id='word_1_69' title='bbox 1338 1065 1599 1137; x_wconf 73' lang='grc' dir='ltr'>ἑνήδρευε</span> <span class='ocrx_word' id='word_1_70' title='bbox 1665 1066 1805 1136; x_wconf 87' lang='grc' dir='ltr'>μετά</span> 
     </span>
    </p>
   </div>
   <div class='ocr_carea' id='block_1_12' title="bbox 244 1151 1799 1231">
    <p class='ocr_par' dir='ltr' id='par_1_12' title="bbox 244 1151 1799 1231">
     <span class='ocr_line' id='line_1_12' title="bbox 244 1151 1799 1231; baseline 0.012 -25"><span class='ocrx_word' id='word_1_71' title='bbox 244 1151 344 1206; x_wconf 80' lang='grc' dir='ltr'><strong>τῶν</strong></span> <span class='ocrx_word' id='word_1_72' title='bbox 374 1153 644 1224; x_wconf 79' lang='grc' dir='ltr'><strong>ἀρχόντων</strong></span> <span class='ocrx_word' id='word_1_73' title='bbox 680 1155 778 1210; x_wconf 77' lang='grc' dir='ltr'>τοῦ</span> <span class='ocrx_word' id='word_1_74' title='bbox 809 1157 940 1212; x_wconf 84' lang='grc' dir='ltr'>λαοῦ</span> <span class='ocrx_word' id='word_1_75' title='bbox 977 1159 1068 1212; x_wconf 80' lang='grc' dir='ltr'>τὸν</span> <span class='ocrx_word' id='word_1_76' title='bbox 1105 1158 1284 1231; x_wconf 76' lang='grc' dir='ltr'>ἀθῷον</span> <span class='ocrx_word' id='word_1_77' title='bbox 1330 1159 1441 1215; x_wconf 77' lang='grc' dir='ltr'><strong>ἀπὸ</strong></span> <span class='ocrx_word' id='word_1_78' title='bbox 1497 1160 1799 1230; x_wconf 65' lang='grc' dir='ltr'>ἁμαρτίας,</span> 
     </span>
    </p>
   </div>
   <div class='ocr_carea' id='block_1_13' title="bbox 242 1241 1803 1323">
    <p class='ocr_par' dir='ltr' id='par_1_13' title="bbox 242 1241 1803 1323">
     <span class='ocr_line' id='line_1_13' title="bbox 242 1241 1803 1323; baseline 0.005 -27"><span class='ocrx_word' id='word_1_79' title='bbox 242 1242 326 1296; x_wconf 77' lang='grc' dir='ltr'>τὸν</span> <span class='ocrx_word' id='word_1_80' title='bbox 347 1241 411 1297; x_wconf 82' lang='grc' dir='ltr'><strong>δι’</strong></span> <span class='ocrx_word' id='word_1_81' title='bbox 437 1246 579 1315; x_wconf 73' lang='grc' dir='ltr'>ἡμᾶς</span> <span class='ocrx_word' id='word_1_82' title='bbox 614 1249 1034 1318; x_wconf 85' lang='grc' dir='ltr'>πτωχεύσαντα,</span> <span class='ocrx_word' id='word_1_83' title='bbox 1065 1248 1165 1304; x_wconf 80' lang='grc' dir='ltr'><strong>καὶ</strong></span> <span class='ocrx_word' id='word_1_84' title='bbox 1190 1250 1282 1306; x_wconf 82' lang='grc' dir='ltr'><strong>ἀεὶ</strong></span> <span class='ocrx_word' id='word_1_85' title='bbox 1326 1251 1652 1323; x_wconf 82' lang='grc' dir='ltr'><strong>παρετήρει,</strong></span> <span class='ocrx_word' id='word_1_86' title='bbox 1707 1251 1803 1304; x_wconf 76' lang='grc' dir='ltr'><strong>καὶ</strong></span> 
     </span>
    </p>
   </div>
   <div class='ocr_carea' id='block_1_14' title="bbox 243 1335 1803 1410">
    <p class='ocr_par' dir='ltr' id='par_1_14' title="bbox 243 1335 1803 1410">
     <span class='ocr_line' id='line_1_14' title="bbox 243 1335 1803 1410; baseline 0.006 -21"><span class='ocrx_word' id='word_1_87' title='bbox 243 1335 402 1389; x_wconf 73' lang='grc' dir='ltr'>πάντα</span> <span class='ocrx_word' id='word_1_88' title='bbox 433 1338 628 1404; x_wconf 80' lang='grc' dir='ltr'>ἐποίει,</span> <span class='ocrx_word' id='word_1_89' title='bbox 661 1339 754 1394; x_wconf 84' lang='grc' dir='ltr'><strong>καὶ</strong></span> <span class='ocrx_word' id='word_1_90' title='bbox 797 1340 953 1405; x_wconf 81' lang='grc' dir='ltr'>τέλος</span> <span class='ocrx_word' id='word_1_91' title='bbox 991 1342 1082 1394; x_wconf 84' lang='grc' dir='ltr'>ὅτε</span> <span class='ocrx_word' id='word_1_92' title='bbox 1113 1340 1281 1395; x_wconf 81' lang='grc' dir='ltr'>αὑτὸν</span> <span class='ocrx_word' id='word_1_93' title='bbox 1329 1342 1648 1410; x_wconf 78' lang='grc' dir='ltr'>ἀπέκτεινε,</span> <span class='ocrx_word' id='word_1_94' title='bbox 1707 1346 1803 1398; x_wconf 76' lang='grc' dir='ltr'><strong>καὶ</strong></span> 
     </span>
    </p>
   </div>
   <div class='ocr_carea' id='block_1_15' title="bbox 237 1430 1802 1508">
    <p class='ocr_par' dir='ltr' id='par_1_15' title="bbox 237 1430 1802 1508">
     <span class='ocr_line' id='line_1_15' title="bbox 237 1430 1802 1508; baseline 0.009 -30"><span class='ocrx_word' id='word_1_95' title='bbox 237 1430 352 1491; x_wconf 76' lang='grc' dir='ltr'>τοὺς</span> <span class='ocrx_word' id='word_1_96' title='bbox 371 1430 697 1496; x_wconf 75' lang='grc' dir='ltr'><strong>ἀποστόλους</strong></span> <span class='ocrx_word' id='word_1_97' title='bbox 720 1432 933 1497; x_wconf 78' lang='grc' dir='ltr'>ἐδίωξε,</span> <span class='ocrx_word' id='word_1_98' title='bbox 961 1436 1083 1488; x_wconf 81' lang='grc' dir='ltr'>τότε</span> <span class='ocrx_word' id='word_1_99' title='bbox 1125 1434 1221 1488; x_wconf 77' lang='grc' dir='ltr'><strong>καὶ</strong></span> <span class='ocrx_word' id='word_1_100' title='bbox 1251 1434 1415 1500; x_wconf 73' lang='grc' dir='ltr'>αὐτὸς</span> <span class='ocrx_word' id='word_1_101' title='bbox 1466 1437 1638 1508; x_wconf 80' lang='grc' dir='ltr'>ἄρδην</span> <span class='ocrx_word' id='word_1_102' title='bbox 1694 1436 1802 1492; x_wconf 77' lang='grc' dir='ltr'><strong>ὑπὸ</strong></span> 
     </span>
    </p>
   </div>
   <div class='ocr_carea' id='block_1_16' title="bbox 245 1521 948 1600">
    <p class='ocr_par' dir='ltr' id='par_1_16' title="bbox 245 1521 948 1600">
     <span class='ocr_line' id='line_1_16' title="bbox 245 1521 948 1600; baseline 0.01 -25"><span class='ocrx_word' id='word_1_103' title='bbox 245 1521 515 1592; x_wconf 81' lang='grc' dir='ltr'>Ῥωμαίων</span> <span class='ocrx_word' id='word_1_104' title='bbox 545 1525 948 1600; x_wconf 80' lang='grc' dir='ltr'>ἑξωλοθρεύθη.</span> 
     </span>
    </p>
   </div>
   <div class='ocr_carea' id='block_1_17' title="bbox 307 1700 1800 1784">
    <p class='ocr_par' dir='ltr' id='par_1_17' title="bbox 307 1700 1800 1784">
     <span class='ocr_line' id='line_1_17' title="bbox 307 1700 1800 1784; baseline 0.008 -28"><span class='ocrx_word' id='word_1_105' title='bbox 307 1700 643 1773; x_wconf 80' lang='grc' dir='ltr'><strong>Ἀνάστηθι,</strong></span> <span class='ocrx_word' id='word_1_106' title='bbox 692 1708 870 1776; x_wconf 80' lang='grc' dir='ltr'>Κύριε</span> <span class='ocrx_word' id='word_1_107' title='bbox 913 1711 947 1762; x_wconf 87' lang='lat' dir='ltr'><strong>d</strong></span> <span class='ocrx_word' id='word_1_108' title='bbox 1011 1710 1158 1777; x_wconf 82' lang='grc' dir='ltr'><strong>Θεὸς</strong></span> <span class='ocrx_word' id='word_1_109' title='bbox 1222 1728 1367 1781; x_wconf 81' lang='grc' dir='ltr'>μου,</span> <span class='ocrx_word' id='word_1_110' title='bbox 1431 1713 1731 1782; x_wconf 55' lang='lat' dir='ltr'><strong>eumeum</strong></span> <span class='ocrx_word' id='word_1_111' title='bbox 1760 1716 1800 1784; x_wconf 72' lang='grc' dir='ltr'>ἡ</span> 
     </span>
    </p>
   </div>
   <div class='ocr_carea' id='block_1_18' title="bbox 229 1793 1800 1875">
    <p class='ocr_par' dir='ltr' id='par_1_18' title="bbox 229 1793 1800 1875">
     <span class='ocr_line' id='line_1_18' title="bbox 229 1793 1800 1875; baseline 0.01 -29"><span class='ocrx_word' id='word_1_112' title='bbox 229 1793 354 1862; x_wconf 79' lang='grc' dir='ltr'>χείρ</span> <span class='ocrx_word' id='word_1_113' title='bbox 374 1811 508 1851; x_wconf 89' lang='grc' dir='ltr'>σου.</span> <span class='ocrx_word' id='word_1_114' title='bbox 543 1797 839 1869; x_wconf 76' lang='grc' dir='ltr'>Κινήθητι,</span> <span class='ocrx_word' id='word_1_115' title='bbox 875 1801 1064 1872; x_wconf 82' lang='grc' dir='ltr'>φησὶν,</span> <span class='ocrx_word' id='word_1_116' title='bbox 1103 1805 1186 1866; x_wconf 78' lang='grc' dir='ltr'>εἰς</span> <span class='ocrx_word' id='word_1_117' title='bbox 1226 1805 1508 1875; x_wconf 74' lang='grc' dir='ltr'><strong>ἐκδίκησιν</strong></span> <span class='ocrx_word' id='word_1_118' title='bbox 1544 1819 1561 1834; x_wconf 80' lang='grc'><strong>⁸</strong></span> <span class='ocrx_word' id='word_1_119' title='bbox 1618 1808 1681 1861; x_wconf 83' lang='grc' dir='ltr'>τὸ</span> <span class='ocrx_word' id='word_1_120' title='bbox 1720 1809 1800 1875; x_wconf 82' lang='grc' dir='ltr'>δὲ,</span> 
     </span>
    </p>
   </div>
   <div class='ocr_carea' id='block_1_19' title="bbox 241 1864 1878 1969">
    <p class='ocr_par' dir='ltr' id='par_1_19' title="bbox 241 1864 1878 1969">
     <span class='ocr_line' id='line_1_19' title="bbox 241 1864 1878 1969; baseline 0.011 -30"><span class='ocrx_word' id='word_1_121' title='bbox 241 1888 537 1957; x_wconf 60' lang='grc' dir='ltr'>’Υψωθήτω</span> <span class='ocrx_word' id='word_1_122' title='bbox 567 1892 604 1959; x_wconf 80' lang='grc' dir='ltr'><strong><em>ἠ</em></strong></span> <span class='ocrx_word' id='word_1_123' title='bbox 631 1864 763 1962; x_wconf 64' lang='grc' dir='ltr'>χείρ</span> <span class='ocrx_word' id='word_1_124' title='bbox 785 1864 1113 1959; x_wconf 36' lang='lat' dir='ltr'><strong>commata</strong></span> <span class='ocrx_word' id='word_1_125' title='bbox 1161 1864 1499 1969; x_wconf 70' lang='grc' dir='ltr'>μεταφορὰν.</span> <span class='ocrx_word' id='word_1_126' title='bbox 1559 1864 1801 1956; x_wconf 71' lang='grc' dir='ltr'>Είώθασί</span> <span class='ocrx_word' id='word_1_127' title='bbox 1834 1864 1878 1920; x_wconf 74' lang='grc' dir='ltr'><strong>Β</strong></span> 
     </span>
    </p>
   </div>
   <div class='ocr_carea' id='block_1_20' title="bbox 229 1979 1800 2062">
    <p class='ocr_par' dir='ltr' id='par_1_20' title="bbox 229 1979 1800 2062">
     <span class='ocr_line' id='line_1_20' title="bbox 229 1979 1800 2062; baseline 0.011 -31"><span class='ocrx_word' id='word_1_128' title='bbox 229 1979 329 2051; x_wconf 84' lang='grc' dir='ltr'><strong>γὰρ</strong></span> <span class='ocrx_word' id='word_1_129' title='bbox 357 1983 403 2033; x_wconf 87' lang='grc' dir='ltr'>οἱ</span> <span class='ocrx_word' id='word_1_130' title='bbox 427 1981 752 2048; x_wconf 68' lang='grc' dir='ltr'>κολάζοντες</span> <span class='ocrx_word' id='word_1_131' title='bbox 791 2003 944 2050; x_wconf 86' lang='grc' dir='ltr'>τινας</span> <span class='ocrx_word' id='word_1_132' title='bbox 978 1987 1230 2060; x_wconf 77' lang='grc' dir='ltr'>ἐπαίρειν</span> <span class='ocrx_word' id='word_1_133' title='bbox 1269 1991 1369 2056; x_wconf 82' lang='grc' dir='ltr'>τὴν</span> <span class='ocrx_word' id='word_1_134' title='bbox 1408 1994 1592 2062; x_wconf 78' lang='grc' dir='ltr'>χεῖρα,</span> <span class='ocrx_word' id='word_1_135' title='bbox 1623 2011 1800 2048; x_wconf 72' lang='grc' dir='ltr'>κατα-</span> 
     </span>
    </p>
   </div>
   <div class='ocr_carea' id='block_1_21' title="bbox 229 2071 1798 2155">
    <p class='ocr_par' dir='ltr' id='par_1_21' title="bbox 229 2071 1798 2155">
     <span class='ocr_line' id='line_1_21' title="bbox 229 2071 1798 2155; baseline 0.011 -32"><span class='ocrx_word' id='word_1_136' title='bbox 229 2071 490 2142; x_wconf 65' lang='grc' dir='ltr'>φέρουσιν</span> <span class='ocrx_word' id='word_1_137' title='bbox 510 2077 614 2147; x_wconf 79' lang='grc' dir='ltr'>τὴν</span> <span class='ocrx_word' id='word_1_138' title='bbox 655 2077 920 2149; x_wconf 78' lang='grc' dir='ltr'>μάστιγα.</span> <span class='ocrx_word' id='word_1_139' title='bbox 970 2082 1038 2133; x_wconf 87' lang='grc' dir='ltr'><strong>Ἢ</strong></span> <span class='ocrx_word' id='word_1_140' title='bbox 1069 2084 1164 2135; x_wconf 77' lang='grc' dir='ltr'><strong>καὶ</strong></span> <span class='ocrx_word' id='word_1_141' title='bbox 1195 2082 1398 2154; x_wconf 80' lang='grc' dir='ltr'>ὑψηλὴ,</span> <span class='ocrx_word' id='word_1_142' title='bbox 1418 2087 1606 2155; x_wconf 69' lang='grc' dir='ltr'>φησιν,</span> <span class='ocrx_word' id='word_1_143' title='bbox 1641 2081 1798 2151; x_wconf 85' lang='grc' dir='ltr'>οὖσα,</span> 
     </span>
    </p>
   </div>
   <div class='ocr_carea' id='block_1_22' title="bbox 230 2166 1802 2246">
    <p class='ocr_par' dir='ltr' id='par_1_22' title="bbox 230 2166 1802 2246">
     <span class='ocr_line' id='line_1_22' title="bbox 230 2166 1802 2246; baseline 0.011 -29"><span class='ocrx_word' id='word_1_144' title='bbox 230 2166 315 2218; x_wconf 77' lang='grc' dir='ltr'><strong>καὶ</strong></span> <span class='ocrx_word' id='word_1_145' title='bbox 343 2166 661 2241; x_wconf 74' lang='grc' dir='ltr'>ὑπερφερὴς</span> <span class='ocrx_word' id='word_1_146' title='bbox 690 2171 723 2240; x_wconf 76' lang='grc' dir='ltr'><strong>ἡ</strong></span> <span class='ocrx_word' id='word_1_147' title='bbox 762 2170 996 2243; x_wconf 84' lang='grc' dir='ltr'>δύναμίς</span> <span class='ocrx_word' id='word_1_148' title='bbox 1027 2189 1147 2241; x_wconf 87' lang='grc' dir='ltr'>σου,</span> <span class='ocrx_word' id='word_1_149' title='bbox 1173 2175 1269 2230; x_wconf 72' lang='grc' dir='ltr'>νῦν</span> <span class='ocrx_word' id='word_1_150' title='bbox 1305 2177 1543 2246; x_wconf 85' lang='grc' dir='ltr'>μάλιστα</span> <span class='ocrx_word' id='word_1_151' title='bbox 1583 2180 1644 2233; x_wconf 80' lang='grc' dir='ltr'>τὸ</span> <span class='ocrx_word' id='word_1_152' title='bbox 1665 2181 1802 2235; x_wconf 83' lang='grc' dir='ltr'>αὐτὸ</span> 
     </span>
    </p>
   </div>
   <div class='ocr_carea' id='block_1_23' title="bbox 230 2257 1642 2343">
    <p class='ocr_par' dir='ltr' id='par_1_23' title="bbox 230 2257 1642 2343">
     <span class='ocr_line' id='line_1_23' title="bbox 230 2257 1642 2343; baseline 0.013 -34"><span class='ocrx_word' id='word_1_153' title='bbox 230 2257 478 2331; x_wconf 68' lang='grc' dir='ltr'>δειχθήτω</span> <span class='ocrx_word' id='word_1_154' title='bbox 503 2279 518 2294; x_wconf 80' lang='grc' dir='ltr'><strong>ο</strong></span> <span class='ocrx_word' id='word_1_155' title='bbox 544 2265 706 2337; x_wconf 78' lang='grc' dir='ltr'>χεῖρα</span> <span class='ocrx_word' id='word_1_156' title='bbox 731 2266 842 2337; x_wconf 82' lang='grc' dir='ltr'>γὰρ</span> <span class='ocrx_word' id='word_1_157' title='bbox 870 2263 1007 2319; x_wconf 84' lang='grc' dir='ltr'><strong>Θεοῦ</strong></span> <span class='ocrx_word' id='word_1_158' title='bbox 1037 2265 1245 2339; x_wconf 82' lang='grc' dir='ltr'>ταύτην</span> <span class='ocrx_word' id='word_1_159' title='bbox 1274 2268 1642 2343; x_wconf 81' lang='grc' dir='ltr'><strong>ὑποληπτέον.</strong></span> 
     </span>
    </p>
   </div>
   <div class='ocr_carea' id='block_1_24' title="bbox 291 2531 1802 2611">
    <p class='ocr_par' dir='ltr' id='par_1_24' title="bbox 291 2531 1802 2611">
     <span class='ocr_line' id='line_1_24' title="bbox 291 2531 1802 2611; baseline 0.01 -27"><span class='ocrx_word' id='word_1_160' title='bbox 291 2531 382 2600; x_wconf 79' lang='grc' dir='ltr'><strong>Μὴ</strong></span> <span class='ocrx_word' id='word_1_161' title='bbox 405 2533 669 2605; x_wconf 73' lang='grc' dir='ltr'>επιλάθῃ</span> <span class='ocrx_word' id='word_1_162' title='bbox 698 2534 820 2590; x_wconf 84' lang='grc' dir='ltr'><strong>τῶν</strong></span> <span class='ocrx_word' id='word_1_163' title='bbox 845 2537 1123 2605; x_wconf 66' lang='grc' dir='ltr'>πενήτων</span> <span class='ocrx_word' id='word_1_164' title='bbox 1167 2553 1288 2594; x_wconf 88' lang='grc' dir='ltr'>σου</span> <span class='ocrx_word' id='word_1_165' title='bbox 1327 2542 1417 2607; x_wconf 79' lang='grc' dir='ltr'><strong>είς</strong></span> <span class='ocrx_word' id='word_1_166' title='bbox 1490 2542 1685 2611; x_wconf 71' lang='grc' dir='ltr'>τέλος.</span> <span class='ocrx_word' id='word_1_167' title='bbox 1725 2544 1802 2598; x_wconf 82' lang='grc' dir='ltr'><strong>Τὸ</strong></span> 
     </span>
    </p>
   </div>
   <div class='ocr_carea' id='block_1_25' title="bbox 227 2622 1281 2701">
    <p class='ocr_par' dir='ltr' id='par_1_25' title="bbox 227 2622 1281 2701">
     <span class='ocr_line' id='line_1_25' title="bbox 227 2622 1281 2701; baseline 0.013 -28"><span class='ocrx_word' id='word_1_168' title='bbox 227 2622 308 2687; x_wconf 80' lang='grc' dir='ltr'><strong>είς</strong></span> <span class='ocrx_word' id='word_1_169' title='bbox 339 2623 531 2692; x_wconf 75' lang='grc' dir='ltr'>τέλος,</span> <span class='ocrx_word' id='word_1_170' title='bbox 556 2629 681 2680; x_wconf 82' lang='grc' dir='ltr'>ἀντὶ</span> <span class='ocrx_word' id='word_1_171' title='bbox 706 2630 824 2696; x_wconf 84' lang='grc' dir='ltr'>τοῦ,</span> <span class='ocrx_word' id='word_1_172' title='bbox 857 2630 1023 2701; x_wconf 79' lang='grc' dir='ltr'>μέχρι</span> <span class='ocrx_word' id='word_1_173' title='bbox 1056 2632 1281 2697; x_wconf 85' lang='grc' dir='ltr'>παντός.</span> 
     </span>
    </p>
   </div>
   <div class='ocr_carea' id='block_1_26' title="bbox 293 2713 1799 2794">
    <p class='ocr_par' dir='ltr' id='par_1_26' title="bbox 293 2713 1799 2794">
     <span class='ocr_line' id='line_1_26' title="bbox 293 2713 1799 2794; baseline 0.013 -28"><span class='ocrx_word' id='word_1_174' title='bbox 293 2713 534 2772; x_wconf 77' lang='grc' dir='ltr'>Ἕνεκεν</span> <span class='ocrx_word' id='word_1_175' title='bbox 568 2719 732 2788; x_wconf 83' lang='grc' dir='ltr'>τινος</span> <span class='ocrx_word' id='word_1_176' title='bbox 763 2721 1146 2794; x_wconf 71' lang='grc' dir='ltr'>παρὼργιονεν</span> <span class='ocrx_word' id='word_1_177' title='bbox 1165 2729 1198 2781; x_wconf 84' lang='grc' dir='ltr'><strong>ό</strong></span> <span class='ocrx_word' id='word_1_178' title='bbox 1226 2725 1457 2794; x_wconf 76' lang='grc' dir='ltr'>ἀσεϐὴς</span> <span class='ocrx_word' id='word_1_179' title='bbox 1485 2725 1593 2784; x_wconf 85' lang='grc' dir='ltr'>τὸν</span> <span class='ocrx_word' id='word_1_180' title='bbox 1615 2729 1799 2793; x_wconf 83' lang='grc' dir='ltr'>Θεόν;</span> 
     </span>
    </p>
   </div>
   <div class='ocr_carea' id='block_1_27' title="bbox 226 2807 1800 2892">
    <p class='ocr_par' dir='ltr' id='par_1_27' title="bbox 226 2807 1800 2892">
     <span class='ocr_line' id='line_1_27' title="bbox 226 2807 1800 2892; baseline 0.012 -34"><span class='ocrx_word' id='word_1_181' title='bbox 226 2807 430 2880; x_wconf 60' lang='grc' dir='ltr'>Σεόδρα</span> <span class='ocrx_word' id='word_1_182' title='bbox 461 2813 865 2885; x_wconf 71' lang='grc' dir='ltr'><strong>δεινοπαθήσας</strong></span> <span class='ocrx_word' id='word_1_183' title='bbox 894 2816 986 2871; x_wconf 75' lang='grc' dir='ltr'><strong>ἐπὶ</strong></span> <span class='ocrx_word' id='word_1_184' title='bbox 1007 2821 1120 2882; x_wconf 75' lang='grc' dir='ltr'>τοῖς</span> <span class='ocrx_word' id='word_1_185' title='bbox 1153 2820 1424 2884; x_wconf 82' lang='grc' dir='ltr'>τοιούτοις</span> <span class='ocrx_word' id='word_1_186' title='bbox 1467 2820 1580 2875; x_wconf 88' lang='grc' dir='ltr'><strong>τῶν</strong></span> <span class='ocrx_word' id='word_1_187' title='bbox 1626 2838 1800 2892; x_wconf 83' lang='grc' dir='ltr'>πονη-</span> 
     </span>
    </p>
   </div>
   <div class='ocr_carea' id='block_1_28' title="bbox 227 2898 1804 2983">
    <p class='ocr_par' dir='ltr' id='par_1_28' title="bbox 227 2898 1804 2983">
     <span class='ocr_line' id='line_1_28' title="bbox 227 2898 1804 2983; baseline 0.01 -30"><span class='ocrx_word' id='word_1_188' title='bbox 227 2898 333 2966; x_wconf 83' lang='grc' dir='ltr'><strong>ρῶν</strong></span> <span class='ocrx_word' id='word_1_189' title='bbox 363 2902 734 2976; x_wconf 72' lang='grc' dir='ltr'>τολμήμασιν,</span> <span class='ocrx_word' id='word_1_190' title='bbox 763 2910 843 2971; x_wconf 87' lang='grc' dir='ltr'><strong>είς</strong></span> <span class='ocrx_word' id='word_1_191' title='bbox 894 2909 1165 2982; x_wconf 80' lang='grc' dir='ltr'>ἐρώτησιν</span> <span class='ocrx_word' id='word_1_192' title='bbox 1194 2909 1530 2983; x_wconf 77' lang='grc' dir='ltr'>χρηματίζει</span> <span class='ocrx_word' id='word_1_193' title='bbox 1567 2911 1661 2968; x_wconf 78' lang='grc' dir='ltr'>τὸν</span> <span class='ocrx_word' id='word_1_194' title='bbox 1713 2912 1804 2968; x_wconf 77' lang='grc' dir='ltr'>λό-</span> 
     </span>
    </p>
   </div>
   <div class='ocr_carea' id='block_1_29' title="bbox 224 2990 1442 3073">
    <p class='ocr_par' dir='ltr' id='par_1_29' title="bbox 224 2990 1442 3073">
     <span class='ocr_line' id='line_1_29' title="bbox 224 2990 1442 3073; baseline 0.013 -31"><span class='ocrx_word' id='word_1_195' title='bbox 224 3007 314 3058; x_wconf 84' lang='grc' dir='ltr'><strong>γον</strong></span> <span class='ocrx_word' id='word_1_196' title='bbox 348 3009 362 3025; x_wconf 88' lang='grc'>·</span> <span class='ocrx_word' id='word_1_197' title='bbox 395 2990 514 3050; x_wconf 81' lang='grc' dir='ltr'>εἶτα</span> <span class='ocrx_word' id='word_1_198' title='bbox 537 2997 665 3054; x_wconf 82' lang='grc' dir='ltr'>λύει</span> <span class='ocrx_word' id='word_1_199' title='bbox 699 3001 802 3071; x_wconf 77' lang='grc' dir='ltr'>τὴν</span> <span class='ocrx_word' id='word_1_200' title='bbox 827 3001 1084 3073; x_wconf 71' lang='grc' dir='ltr'>ἀπορίαν,</span> <span class='ocrx_word' id='word_1_201' title='bbox 1107 3002 1408 3073; x_wconf 76' lang='grc' dir='ltr'>ἐπαγαγών</span> <span class='ocrx_word' id='word_1_202' title='bbox 1426 3019 1442 3036; x_wconf 80' lang='grc' dir='ltr'><strong>ο</strong></span> 
     </span>
    </p>
   </div>
   <div class='ocr_carea' id='block_1_30' title="bbox 1914 597 3498 669">
    <p class='ocr_par' dir='ltr' id='par_1_30' title="bbox 1914 597 3498 669">
     <span class='ocr_line' id='line_1_30' title="bbox 1914 597 3498 669; baseline 0.002 -18"><span class='ocrx_word' id='word_1_203' title='bbox 1914 605 1972 651; x_wconf 80' lang='grc' dir='ltr'><strong>ιιι</strong></span> <span class='ocrx_word' id='word_1_204' title='bbox 2028 613 2256 664; x_wconf 82' lang='lat' dir='ltr'><strong>prorsus</strong></span> <span class='ocrx_word' id='word_1_205' title='bbox 2309 613 2416 651; x_wconf 89' lang='lat' dir='ltr'><strong>non</strong></span> <span class='ocrx_word' id='word_1_206' title='bbox 2475 597 2655 653; x_wconf 81' lang='lat' dir='ltr'><strong>videat</strong></span> <span class='ocrx_word' id='word_1_207' title='bbox 2707 613 2830 669; x_wconf 64' lang='lat' dir='ltr'><strong>quae</strong></span> <span class='ocrx_word' id='word_1_208' title='bbox 2877 598 3028 654; x_wconf 81' lang='lat' dir='ltr'><strong>ﬁant.</strong></span> <span class='ocrx_word' id='word_1_209' title='bbox 3072 598 3227 666; x_wconf 84' lang='lat' dir='ltr'><strong>Quod</strong></span> <span class='ocrx_word' id='word_1_210' title='bbox 3262 616 3391 654; x_wconf 85' lang='lat' dir='ltr'><strong>vero</strong></span> <span class='ocrx_word' id='word_1_211' title='bbox 3420 601 3498 654; x_wconf 83' lang='lat' dir='ltr'><strong>ait</strong></span> 
     </span>
    </p>
   </div>
   <div class='ocr_carea' id='block_1_31' title="bbox 1911 688 3496 762">
    <p class='ocr_par' dir='ltr' id='par_1_31' title="bbox 1911 688 3496 762">
     <span class='ocr_line' id='line_1_31' title="bbox 1911 688 3496 762; baseline 0.004 -22"><span class='ocrx_word' id='word_1_212' title='bbox 1911 689 1966 741; x_wconf 85' lang='lat' dir='ltr'><strong>in</strong></span> <span class='ocrx_word' id='word_1_213' title='bbox 2005 688 2185 756; x_wconf 82' lang='lat' dir='ltr'><strong>ﬁnem,</strong></span> <span class='ocrx_word' id='word_1_214' title='bbox 2215 689 2340 742; x_wconf 83' lang='lat' dir='ltr'><strong>alibi</strong></span> <span class='ocrx_word' id='word_1_215' title='bbox 2369 703 2467 758; x_wconf 90' lang='lat' dir='ltr'><strong>pro</strong></span> <span class='ocrx_word' id='word_1_216' title='bbox 2483 707 2854 761; x_wconf 76' lang='lat' dir='ltr'><strong>usquequaque</strong></span> <span class='ocrx_word' id='word_1_217' title='bbox 2883 692 3181 762; x_wconf 76' lang='lat' dir='ltr'><strong>accipitur;</strong></span> <span class='ocrx_word' id='word_1_218' title='bbox 3210 693 3337 747; x_wconf 76' lang='lat' dir='ltr'><strong>alibi</strong></span> <span class='ocrx_word' id='word_1_219' title='bbox 3369 709 3496 746; x_wconf 65' lang='lat' dir='ltr'><strong>vero</strong></span> 
     </span>
    </p>
   </div>
   <div class='ocr_carea' id='block_1_32' title="bbox 1913 782 3496 853">
    <p class='ocr_par' dir='ltr' id='par_1_32' title="bbox 1913 782 3496 853">
     <span class='ocr_line' id='line_1_32' title="bbox 1913 782 3496 853; baseline 0.004 -21"><span class='ocrx_word' id='word_1_220' title='bbox 1913 795 2013 850; x_wconf 89' lang='lat' dir='ltr'><strong>pro</strong></span> <span class='ocrx_word' id='word_1_221' title='bbox 2039 784 2274 836; x_wconf 81' lang='lat' dir='ltr'><strong>omnino.</strong></span> <span class='ocrx_word' id='word_1_222' title='bbox 2307 782 2615 853; x_wconf 86' lang='lat' dir='ltr'><strong>Utrumque</strong></span> <span class='ocrx_word' id='word_1_223' title='bbox 2645 795 2825 839; x_wconf 85' lang='lat' dir='ltr'><strong>tamen</strong></span> <span class='ocrx_word' id='word_1_224' title='bbox 2853 786 2920 840; x_wconf 83' lang='lat' dir='ltr'><strong>ad</strong></span> <span class='ocrx_word' id='word_1_225' title='bbox 2948 786 3090 838; x_wconf 88' lang='lat' dir='ltr'><strong>idem</strong></span> <span class='ocrx_word' id='word_1_226' title='bbox 3119 786 3295 839; x_wconf 85' lang='lat' dir='ltr'><strong>tendit</strong></span> <span class='ocrx_word' id='word_1_227' title='bbox 3348 795 3496 840; x_wconf 84' lang='lat' dir='ltr'><strong>recte</strong></span> 
     </span>
    </p>
   </div>
   <div class='ocr_carea' id='block_1_33' title="bbox 1912 874 3494 950">
    <p class='ocr_par' dir='ltr' id='par_1_33' title="bbox 1912 874 3494 950">
     <span class='ocr_line' id='line_1_33' title="bbox 1912 874 3494 950; baseline 0.006 -23"><span class='ocrx_word' id='word_1_228' title='bbox 1912 874 2289 929; x_wconf 89' lang='lat' dir='ltr'><strong>consideranti</strong></span> <span class='ocrx_word' id='word_1_229' title='bbox 2327 894 2339 929; x_wconf 90' lang='lat'><strong>:</strong></span> <span class='ocrx_word' id='word_1_230' title='bbox 2367 892 2556 931; x_wconf 74' lang='lat' dir='ltr'><strong>verum</strong></span> <span class='ocrx_word' id='word_1_231' title='bbox 2587 880 2842 946; x_wconf 67' lang='lat' dir='ltr'><strong>prmdicta</strong></span> <span class='ocrx_word' id='word_1_232' title='bbox 2873 882 3058 933; x_wconf 84' lang='lat' dir='ltr'><strong>omnia</strong></span> <span class='ocrx_word' id='word_1_233' title='bbox 3097 880 3324 950; x_wconf 72' lang='lat' dir='ltr'><strong>intelligi</strong></span> <span class='ocrx_word' id='word_1_234' title='bbox 3364 895 3494 950; x_wconf 85' lang='lat' dir='ltr'><strong>pos-</strong></span> 
     </span>
    </p>
   </div>
   <div class='ocr_carea' id='block_1_34' title="bbox 1911 967 3494 1044">
    <p class='ocr_par' dir='ltr' id='par_1_34' title="bbox 1911 967 3494 1044">
     <span class='ocr_line' id='line_1_34' title="bbox 1911 967 3494 1044; baseline 0.005 -24"><span class='ocrx_word' id='word_1_235' title='bbox 1911 976 2042 1020; x_wconf 92' lang='lat' dir='ltr'><strong>sunt</strong></span> <span class='ocrx_word' id='word_1_236' title='bbox 2067 967 2135 1023; x_wconf 85' lang='lat' dir='ltr'><strong>de</strong></span> <span class='ocrx_word' id='word_1_237' title='bbox 2163 969 2365 1040; x_wconf 82' lang='lat' dir='ltr'><strong>pepulo</strong></span> <span class='ocrx_word' id='word_1_238' title='bbox 2398 968 2713 1026; x_wconf 66' lang='lat' dir='ltr'><strong>Judmorum</strong></span> <span class='ocrx_word' id='word_1_239' title='bbox 2742 1012 2758 1037; x_wconf 93' lang='lat'><strong>,</strong></span> <span class='ocrx_word' id='word_1_240' title='bbox 2809 980 2864 1028; x_wconf 89' lang='lat' dir='ltr'><strong>et</strong></span> <span class='ocrx_word' id='word_1_241' title='bbox 2901 975 2970 1028; x_wconf 86' lang='lat' dir='ltr'><strong>de</strong></span> <span class='ocrx_word' id='word_1_242' title='bbox 3005 972 3246 1028; x_wconf 84' lang='lat' dir='ltr'><strong>Christo.</strong></span> <span class='ocrx_word' id='word_1_243' title='bbox 3279 972 3494 1044; x_wconf 82' lang='lat' dir='ltr'><strong>Quippe</strong></span> 
     </span>
    </p>
   </div>
   <div class='ocr_carea' id='block_1_35' title="bbox 1912 1060 3491 1136">
    <p class='ocr_par' dir='ltr' id='par_1_35' title="bbox 1912 1060 3491 1136">
     <span class='ocr_line' id='line_1_35' title="bbox 1912 1060 3491 1136; baseline 0.005 -26"><span class='ocrx_word' id='word_1_244' title='bbox 1912 1072 2037 1111; x_wconf 89' lang='lat' dir='ltr'><strong>cum</strong></span> <span class='ocrx_word' id='word_1_245' title='bbox 2071 1060 2305 1128; x_wconf 90' lang='lat' dir='ltr'><strong>populus</strong></span> <span class='ocrx_word' id='word_1_246' title='bbox 2345 1061 2512 1117; x_wconf 86' lang='lat' dir='ltr'><strong>simul</strong></span> <span class='ocrx_word' id='word_1_247' title='bbox 2559 1078 2685 1118; x_wconf 90' lang='lat' dir='ltr'><strong>cum</strong></span> <span class='ocrx_word' id='word_1_248' title='bbox 2744 1064 3088 1136; x_wconf 84' lang='lat' dir='ltr'><strong>principibus</strong></span> <span class='ocrx_word' id='word_1_249' title='bbox 3140 1065 3491 1121; x_wconf 86' lang='lat' dir='ltr'><strong>innocentem</strong></span> 
     </span>
    </p>
   </div>
   <div class='ocr_carea' id='block_1_36' title="bbox 1913 1147 3495 1225">
    <p class='ocr_par' dir='ltr' id='par_1_36' title="bbox 1913 1147 3495 1225">
     <span class='ocr_line' id='line_1_36' title="bbox 1913 1147 3495 1225; baseline 0.006 -23"><span class='ocrx_word' id='word_1_250' title='bbox 1913 1147 2196 1205; x_wconf 85' lang='lat' dir='ltr'><strong>Christum</strong></span> <span class='ocrx_word' id='word_1_251' title='bbox 2223 1191 2238 1213; x_wconf 94' lang='lat'><strong>,</strong></span> <span class='ocrx_word' id='word_1_252' title='bbox 2279 1160 2334 1206; x_wconf 88' lang='lat' dir='ltr'><strong>et</strong></span> <span class='ocrx_word' id='word_1_253' title='bbox 2363 1163 2590 1223; x_wconf 88' lang='lat' dir='ltr'><strong>peccato</strong></span> <span class='ocrx_word' id='word_1_254' title='bbox 2621 1156 2768 1208; x_wconf 92' lang='lat' dir='ltr'><strong>omni</strong></span> <span class='ocrx_word' id='word_1_255' title='bbox 2802 1171 3029 1225; x_wconf 77' lang='lat' dir='ltr'><strong>prorsus</strong></span> <span class='ocrx_word' id='word_1_256' title='bbox 3081 1167 3361 1212; x_wconf 87' lang='lat' dir='ltr'><strong>carentem</strong></span> <span class='ocrx_word' id='word_1_257' title='bbox 3387 1198 3404 1221; x_wconf 93' lang='lat'><strong>,</strong></span> <span class='ocrx_word' id='word_1_258' title='bbox 3437 1165 3495 1211; x_wconf 81' lang='lat' dir='ltr'><strong>et</strong></span> 
     </span>
    </p>
   </div>
   <div class='ocr_carea' id='block_1_37' title="bbox 1910 1246 3491 1313">
    <p class='ocr_par' dir='ltr' id='par_1_37' title="bbox 1910 1246 3491 1313">
     <span class='ocr_line' id='line_1_37' title="bbox 1910 1246 3491 1313; baseline 0.007 -22"><span class='ocrx_word' id='word_1_259' title='bbox 1910 1254 2210 1309; x_wconf 85' lang='lat' dir='ltr'><strong>pauperem</strong></span> <span class='ocrx_word' id='word_1_260' title='bbox 2245 1255 2469 1312; x_wconf 88' lang='lat' dir='ltr'><strong>propter</strong></span> <span class='ocrx_word' id='word_1_261' title='bbox 2499 1260 2598 1301; x_wconf 91' lang='lat' dir='ltr'><strong>nos</strong></span> <span class='ocrx_word' id='word_1_262' title='bbox 2647 1246 2897 1301; x_wconf 77' lang='lat' dir='ltr'><strong>effectum</strong></span> <span class='ocrx_word' id='word_1_263' title='bbox 2929 1291 2944 1313; x_wconf 90' lang='lat'><strong>,</strong></span> <span class='ocrx_word' id='word_1_264' title='bbox 2987 1249 3251 1304; x_wconf 75' lang='lat' dir='ltr'><strong>insidiose</strong></span> <span class='ocrx_word' id='word_1_265' title='bbox 3300 1249 3491 1305; x_wconf 82' lang='lat' dir='ltr'><strong>obser-</strong></span> 
     </span>
    </p>
   </div>
   <div class='ocr_carea' id='block_1_38' title="bbox 1908 1333 3494 1412">
    <p class='ocr_par' dir='ltr' id='par_1_38' title="bbox 1908 1333 3494 1412">
     <span class='ocr_line' id='line_1_38' title="bbox 1908 1333 3494 1412; baseline 0.007 -27"><span class='ocrx_word' id='word_1_266' title='bbox 1908 1333 2094 1386; x_wconf 77' lang='lat' dir='ltr'><strong>varint</strong></span> <span class='ocrx_word' id='word_1_267' title='bbox 2128 1343 2187 1388; x_wconf 92' lang='lat' dir='ltr'><strong>ut</strong></span> <span class='ocrx_word' id='word_1_268' title='bbox 2219 1347 2519 1407; x_wconf 87' lang='lat' dir='ltr'><strong>caperent,</strong></span> <span class='ocrx_word' id='word_1_269' title='bbox 2569 1341 2864 1410; x_wconf 78' lang='lat' dir='ltr'><strong>omniaque</strong></span> <span class='ocrx_word' id='word_1_270' title='bbox 2899 1341 3005 1395; x_wconf 86' lang='lat' dir='ltr'><strong>alia</strong></span> <span class='ocrx_word' id='word_1_271' title='bbox 3054 1340 3284 1396; x_wconf 78' lang='lat' dir='ltr'><strong>fecerint</strong></span> <span class='ocrx_word' id='word_1_272' title='bbox 3310 1382 3328 1408; x_wconf 92' lang='lat'><strong>,</strong></span> <span class='ocrx_word' id='word_1_273' title='bbox 3372 1359 3494 1412; x_wconf 72' lang='lat' dir='ltr'><strong>qiue</strong></span> 
     </span>
    </p>
   </div>
   <div class='ocr_carea' id='block_1_39' title="bbox 1910 1424 3491 1502">
    <p class='ocr_par' dir='ltr' id='par_1_39' title="bbox 1910 1424 3491 1502">
     <span class='ocr_line' id='line_1_39' title="bbox 1910 1424 3491 1502; baseline 0.006 -23"><span class='ocrx_word' id='word_1_274' title='bbox 1910 1424 2168 1494; x_wconf 86' lang='lat' dir='ltr'><strong>superius</strong></span> <span class='ocrx_word' id='word_1_275' title='bbox 2199 1425 2342 1480; x_wconf 88' lang='lat' dir='ltr'><strong>dicta</strong></span> <span class='ocrx_word' id='word_1_276' title='bbox 2377 1437 2540 1482; x_wconf 88' lang='lat' dir='ltr'><strong>sunt:</strong></span> <span class='ocrx_word' id='word_1_277' title='bbox 2571 1439 2622 1484; x_wconf 88' lang='lat' dir='ltr'><strong>et</strong></span> <span class='ocrx_word' id='word_1_278' title='bbox 2663 1430 2880 1487; x_wconf 86' lang='lat' dir='ltr'><strong>tandem</strong></span> <span class='ocrx_word' id='word_1_279' title='bbox 2921 1443 3210 1502; x_wconf 83' lang='lat' dir='ltr'><strong>postquam</strong></span> <span class='ocrx_word' id='word_1_280' title='bbox 3237 1450 3362 1487; x_wconf 88' lang='lat' dir='ltr'><strong>eum</strong></span> <span class='ocrx_word' id='word_1_281' title='bbox 3392 1451 3491 1489; x_wconf 82' lang='lat' dir='ltr'><strong>oe-</strong></span> 
     </span>
    </p>
   </div>
   <div class='ocr_carea' id='block_1_40' title="bbox 1909 1513 3490 1599">
    <p class='ocr_par' dir='ltr' id='par_1_40' title="bbox 1909 1513 3490 1599">
     <span class='ocr_line' id='line_1_40' title="bbox 1909 1513 3490 1599; baseline 0.009 -29"><span class='ocrx_word' id='word_1_282' title='bbox 1909 1513 2162 1570; x_wconf 86' lang='lat' dir='ltr'><strong>ciderunt</strong></span> <span class='ocrx_word' id='word_1_283' title='bbox 2191 1558 2209 1584; x_wconf 94' lang='lat'><strong>,</strong></span> <span class='ocrx_word' id='word_1_284' title='bbox 2245 1521 2523 1588; x_wconf 84' lang='lat' dir='ltr'><strong>apostolos</strong></span> <span class='ocrx_word' id='word_1_285' title='bbox 2554 1523 2718 1577; x_wconf 86' lang='lat' dir='ltr'><strong>etiam</strong></span> <span class='ocrx_word' id='word_1_286' title='bbox 2749 1526 3025 1594; x_wconf 85' lang='lat' dir='ltr'><strong>persecuti</strong></span> <span class='ocrx_word' id='word_1_287' title='bbox 3051 1527 3165 1580; x_wconf 91' lang='lat' dir='ltr'><strong>sint</strong></span> <span class='ocrx_word' id='word_1_288' title='bbox 3198 1544 3214 1581; x_wconf 87' lang='lat'><strong>:</strong></span> <span class='ocrx_word' id='word_1_289' title='bbox 3271 1527 3490 1599; x_wconf 54' lang='lat' dir='ltr'><strong>ipsique</strong></span> 
     </span>
    </p>
   </div>
   <div class='ocr_carea' id='block_1_41' title="bbox 1908 1613 3312 1678">
    <p class='ocr_par' dir='ltr' id='par_1_41' title="bbox 1908 1613 3312 1678">
     <span class='ocr_line' id='line_1_41' title="bbox 1908 1613 3312 1678; baseline 0.009 -17"><span class='ocrx_word' id='word_1_290' title='bbox 1908 1618 2188 1678; x_wconf 86' lang='lat' dir='ltr'><strong>postremo</strong></span> <span class='ocrx_word' id='word_1_291' title='bbox 2221 1627 2250 1665; x_wconf 88' lang='lat' dir='ltr'><strong>a</strong></span> <span class='ocrx_word' id='word_1_292' title='bbox 2279 1613 2543 1670; x_wconf 80' lang='lat' dir='ltr'><strong>Romanis</strong></span> <span class='ocrx_word' id='word_1_293' title='bbox 2578 1616 2824 1674; x_wconf 74' lang='lat' dir='ltr'><strong>funditus</strong></span> <span class='ocrx_word' id='word_1_294' title='bbox 2866 1618 3070 1672; x_wconf 77' lang='lat' dir='ltr'><strong>iuerint</strong></span> <span class='ocrx_word' id='word_1_295' title='bbox 3128 1619 3312 1676; x_wconf 65' lang='lat' dir='ltr'><strong>deleti.</strong></span> 
     </span>
    </p>
   </div>
   <div class='ocr_carea' id='block_1_42' title="bbox 1979 1699 3482 1781">
    <p class='ocr_par' dir='ltr' id='par_1_42' title="bbox 1979 1699 3482 1781">
     <span class='ocr_line' id='line_1_42' title="bbox 1979 1699 3482 1781; baseline 0.012 -27"><span class='ocrx_word' id='word_1_296' title='bbox 1979 1699 2147 1757; x_wconf 68' lang='lat' dir='ltr'><strong>Vens.</strong></span> <span class='ocrx_word' id='word_1_297' title='bbox 2184 1701 2270 1758; x_wconf 70' lang='grc'>12.</span> <span class='ocrx_word' id='word_1_298' title='bbox 2303 1702 2563 1778; x_wconf 78' lang='lat' dir='ltr'><strong>Exsurge,</strong></span> <span class='ocrx_word' id='word_1_299' title='bbox 2585 1708 2806 1765; x_wconf 79' lang='lat' dir='ltr'><strong>Domine</strong></span> <span class='ocrx_word' id='word_1_300' title='bbox 2848 1712 2985 1766; x_wconf 77' lang='lat' dir='ltr'><strong>Deus</strong></span> <span class='ocrx_word' id='word_1_301' title='bbox 3011 1730 3177 1781; x_wconf 73' lang='lat' dir='ltr'><strong>meus,</strong></span> <span class='ocrx_word' id='word_1_302' title='bbox 3226 1717 3482 1771; x_wconf 70' lang='lat' dir='ltr'><strong>exalletut</strong></span> 
     </span>
    </p>
   </div>
   <div class='ocr_carea' id='block_1_43' title="bbox 1911 1795 3486 1873">
    <p class='ocr_par' dir='ltr' id='par_1_43' title="bbox 1911 1795 3486 1873">
     <span class='ocr_line' id='line_1_43' title="bbox 1911 1795 3486 1873; baseline 0.012 -29"><span class='ocrx_word' id='word_1_303' title='bbox 1911 1806 2102 1847; x_wconf 77' lang='lat' dir='ltr'><strong>manus</strong></span> <span class='ocrx_word' id='word_1_304' title='bbox 2132 1803 2246 1850; x_wconf 84' lang='lat' dir='ltr'><strong>tua.</strong></span> <span class='ocrx_word' id='word_1_305' title='bbox 2297 1795 2747 1867; x_wconf 81' lang='lat' dir='ltr'><strong>Conunovearis,</strong></span> <span class='ocrx_word' id='word_1_306' title='bbox 2802 1803 2982 1873; x_wconf 61' lang='lat' dir='ltr'><strong>injuit</strong></span> <span class='ocrx_word' id='word_1_307' title='bbox 3007 1846 3023 1869; x_wconf 90' lang='lat'><strong>,</strong></span> <span class='ocrx_word' id='word_1_308' title='bbox 3063 1808 3132 1862; x_wconf 90' lang='lat' dir='ltr'><strong>ad</strong></span> <span class='ocrx_word' id='word_1_309' title='bbox 3169 1808 3486 1863; x_wconf 76' lang='lat' dir='ltr'><strong>vindictam.</strong></span> 
     </span>
    </p>
   </div>
   <div class='ocr_carea' id='block_1_44' title="bbox 1905 1882 3489 1970">
    <p class='ocr_par' dir='ltr' id='par_1_44' title="bbox 1905 1882 3489 1970">
     <span class='ocr_line' id='line_1_44' title="bbox 1905 1882 3489 1970; baseline 0.011 -33"><span class='ocrx_word' id='word_1_310' title='bbox 1905 1882 2057 1950; x_wconf 87' lang='lat' dir='ltr'><strong>Quod</strong></span> <span class='ocrx_word' id='word_1_311' title='bbox 2099 1900 2228 1942; x_wconf 82' lang='lat' dir='ltr'><strong>vero</strong></span> <span class='ocrx_word' id='word_1_312' title='bbox 2263 1888 2340 1943; x_wconf 90' lang='lat' dir='ltr'><strong>ait</strong></span> <span class='ocrx_word' id='word_1_313' title='bbox 2369 1908 2382 1946; x_wconf 93' lang='lat'><strong>:</strong></span> <span class='ocrx_word' id='word_1_314' title='bbox 2419 1892 2705 1946; x_wconf 71' lang='lat' dir='ltr'><strong>Exaltelur</strong></span> <span class='ocrx_word' id='word_1_315' title='bbox 2737 1911 2924 1950; x_wconf 81' lang='lat' dir='ltr'><strong>manus</strong></span> <span class='ocrx_word' id='word_1_316' title='bbox 2955 1908 3068 1962; x_wconf 75' lang='lat' dir='ltr'><strong>tua,</strong></span> <span class='ocrx_word' id='word_1_317' title='bbox 3094 1915 3187 1968; x_wconf 88' lang='lat' dir='ltr'><strong>per</strong></span> <span class='ocrx_word' id='word_1_318' title='bbox 3204 1904 3489 1970; x_wconf 77' lang='lat' dir='ltr'><strong>metapho-</strong></span> 
     </span>
    </p>
   </div>
   <div class='ocr_carea' id='block_1_45' title="bbox 1905 1977 3486 2061">
    <p class='ocr_par' dir='ltr' id='par_1_45' title="bbox 1905 1977 3486 2061">
     <span class='ocr_line' id='line_1_45' title="bbox 1905 1977 3486 2061; baseline 0.011 -32"><span class='ocrx_word' id='word_1_319' title='bbox 1905 1991 2021 2030; x_wconf 86' lang='lat' dir='ltr'><strong>ram</strong></span> <span class='ocrx_word' id='word_1_320' title='bbox 2052 1977 2260 2034; x_wconf 89' lang='lat' dir='ltr'><strong>dictum</strong></span> <span class='ocrx_word' id='word_1_321' title='bbox 2287 1989 2392 2036; x_wconf 83' lang='lat' dir='ltr'><strong>est.</strong></span> <span class='ocrx_word' id='word_1_322' title='bbox 2420 1984 2608 2038; x_wconf 81' lang='lat' dir='ltr'><strong>Solent</strong></span> <span class='ocrx_word' id='word_1_323' title='bbox 2639 1987 2782 2041; x_wconf 88' lang='lat' dir='ltr'><strong>enim</strong></span> <span class='ocrx_word' id='word_1_324' title='bbox 2805 1989 2898 2057; x_wconf 88' lang='lat' dir='ltr'><strong>qui</strong></span> <span class='ocrx_word' id='word_1_325' title='bbox 2923 1991 3164 2060; x_wconf 79' lang='lat' dir='ltr'><strong>aliquem</strong></span> <span class='ocrx_word' id='word_1_326' title='bbox 3189 1996 3486 2061; x_wconf 75' lang='lat' dir='ltr'><strong>castigant.</strong></span> 
     </span>
    </p>
   </div>
   <div class='ocr_carea' id='block_1_46' title="bbox 1904 2074 3490 2148">
    <p class='ocr_par' dir='ltr' id='par_1_46' title="bbox 1904 2074 3490 2148">
     <span class='ocr_line' id='line_1_46' title="bbox 1904 2074 3490 2148; baseline 0.013 -27"><span class='ocrx_word' id='word_1_327' title='bbox 1904 2083 2126 2124; x_wconf 89' lang='lat' dir='ltr'><strong>manum</strong></span> <span class='ocrx_word' id='word_1_328' title='bbox 2161 2074 2394 2142; x_wconf 85' lang='lat' dir='ltr'><strong>erigere,</strong></span> <span class='ocrx_word' id='word_1_329' title='bbox 2424 2089 2482 2130; x_wconf 90' lang='lat' dir='ltr'><strong>ut</strong></span> <span class='ocrx_word' id='word_1_330' title='bbox 2528 2079 2715 2148; x_wconf 81' lang='lat' dir='ltr'><strong>plagas</strong></span> <span class='ocrx_word' id='word_1_331' title='bbox 2749 2095 2813 2135; x_wconf 88' lang='lat' dir='ltr'><strong>ac</strong></span> <span class='ocrx_word' id='word_1_332' title='bbox 2840 2083 3064 2135; x_wconf 79' lang='lat' dir='ltr'><strong>verbera</strong></span> <span class='ocrx_word' id='word_1_333' title='bbox 3097 2084 3358 2140; x_wconf 68' lang='lat' dir='ltr'><strong>inierant.</strong></span> <span class='ocrx_word' id='word_1_334' title='bbox 3397 2087 3490 2141; x_wconf 80' lang='lat' dir='ltr'><strong>\‘cl</strong></span> 
     </span>
    </p>
   </div>
   <div class='ocr_carea' id='block_1_47' title="bbox 1904 2160 3491 2244">
    <p class='ocr_par' dir='ltr' id='par_1_47' title="bbox 1904 2160 3491 2244">
     <span class='ocr_line' id='line_1_47' title="bbox 1904 2160 3491 2244; baseline 0.011 -32"><span class='ocrx_word' id='word_1_335' title='bbox 1904 2160 2068 2215; x_wconf 83' lang='lat' dir='ltr'><strong>aliter</strong></span> <span class='ocrx_word' id='word_1_336' title='bbox 2098 2180 2113 2216; x_wconf 93' lang='lat'>:</span> <span class='ocrx_word' id='word_1_337' title='bbox 2139 2162 2276 2218; x_wconf 89' lang='lat' dir='ltr'><strong>Cum</strong></span> <span class='ocrx_word' id='word_1_338' title='bbox 2319 2169 2560 2236; x_wconf 89' lang='lat' dir='ltr'><strong>potentia</strong></span> <span class='ocrx_word' id='word_1_339' title='bbox 2592 2179 2684 2224; x_wconf 90' lang='lat' dir='ltr'><strong>tua</strong></span> <span class='ocrx_word' id='word_1_340' title='bbox 2707 2171 2923 2227; x_wconf 78' lang='lat' dir='ltr'><strong>excelsa</strong></span> <span class='ocrx_word' id='word_1_341' title='bbox 2954 2189 3169 2244; x_wconf 81' lang='lat' dir='ltr'><strong>semper</strong></span> <span class='ocrx_word' id='word_1_342' title='bbox 3192 2178 3284 2241; x_wconf 87' lang='lat' dir='ltr'><strong>sit,</strong></span> <span class='ocrx_word' id='word_1_343' title='bbox 3309 2186 3360 2232; x_wconf 88' lang='lat' dir='ltr'><strong>et</strong></span> <span class='ocrx_word' id='word_1_344' title='bbox 3393 2193 3491 2230; x_wconf 86' lang='lat' dir='ltr'><strong>su-</strong></span> 
     </span>
    </p>
   </div>
   <div class='ocr_carea' id='block_1_48' title="bbox 1903 2249 3488 2334">
    <p class='ocr_par' dir='ltr' id='par_1_48' title="bbox 1903 2249 3488 2334">
     <span class='ocr_line' id='line_1_48' title="bbox 1903 2249 3488 2334; baseline 0.012 -29"><span class='ocrx_word' id='word_1_345' title='bbox 1903 2249 2112 2318; x_wconf 84' lang='lat' dir='ltr'><strong>blimis,</strong></span> <span class='ocrx_word' id='word_1_346' title='bbox 2139 2269 2287 2310; x_wconf 92' lang='lat' dir='ltr'><strong>nunc</strong></span> <span class='ocrx_word' id='word_1_347' title='bbox 2325 2258 2595 2327; x_wconf 80' lang='lat' dir='ltr'><strong>praecipue</strong></span> <span class='ocrx_word' id='word_1_348' title='bbox 2636 2275 2844 2329; x_wconf 76' lang='lat' dir='ltr'><strong>quteso,</strong></span> <span class='ocrx_word' id='word_1_349' title='bbox 2874 2262 3052 2334; x_wconf 88' lang='lat' dir='ltr'><strong>inquit</strong></span> <span class='ocrx_word' id='word_1_350' title='bbox 3081 2304 3095 2329; x_wconf 89' lang='lat'><strong>,</strong></span> <span class='ocrx_word' id='word_1_351' title='bbox 3127 2267 3200 2319; x_wconf 82' lang='lat' dir='ltr'><strong>ita</strong></span> <span class='ocrx_word' id='word_1_352' title='bbox 3231 2269 3488 2324; x_wconf 89' lang='lat' dir='ltr'><strong>omnibus</strong></span> 
     </span>
    </p>
   </div>
   <div class='ocr_carea' id='block_1_49' title="bbox 1903 2345 3487 2428">
    <p class='ocr_par' dir='ltr' id='par_1_49' title="bbox 1903 2345 3487 2428">
     <span class='ocr_line' id='line_1_49' title="bbox 1903 2345 3487 2428; baseline 0.011 -32"><span class='ocrx_word' id='word_1_353' title='bbox 1903 2355 2189 2414; x_wconf 85' lang='lat' dir='ltr'><strong>appareat.</strong></span> <span class='ocrx_word' id='word_1_354' title='bbox 2223 2345 2327 2402; x_wconf 87' lang='lat' dir='ltr'><strong>Per</strong></span> <span class='ocrx_word' id='word_1_355' title='bbox 2371 2365 2596 2405; x_wconf 88' lang='lat' dir='ltr'><strong>manum</strong></span> <span class='ocrx_word' id='word_1_356' title='bbox 2626 2357 2773 2408; x_wconf 87' lang='lat' dir='ltr'><strong>enim</strong></span> <span class='ocrx_word' id='word_1_357' title='bbox 2826 2354 2969 2423; x_wconf 86' lang='lat' dir='ltr'><strong>Dei,</strong></span> <span class='ocrx_word' id='word_1_358' title='bbox 3016 2357 3138 2426; x_wconf 86' lang='lat' dir='ltr'><strong>ejus</strong></span> <span class='ocrx_word' id='word_1_359' title='bbox 3187 2363 3487 2428; x_wconf 85' lang='lat' dir='ltr'><strong>potentiam</strong></span> 
     </span>
    </p>
   </div>
   <div class='ocr_carea' id='block_1_50' title="bbox 1904 2436 2528 2509">
    <p class='ocr_par' dir='ltr' id='par_1_50' title="bbox 1904 2436 2528 2509">
     <span class='ocr_line' id='line_1_50' title="bbox 1904 2436 2528 2509; baseline 0.013 -19"><span class='ocrx_word' id='word_1_360' title='bbox 1904 2436 2214 2509; x_wconf 82' lang='lat' dir='ltr'><strong>intelligere</strong></span> <span class='ocrx_word' id='word_1_361' title='bbox 2238 2441 2528 2498; x_wconf 81' lang='lat' dir='ltr'><strong>debemus.</strong></span> 
     </span>
    </p>
   </div>
   <div class='ocr_carea' id='block_1_51' title="bbox 1979 2529 3491 2612">
    <p class='ocr_par' dir='ltr' id='par_1_51' title="bbox 1979 2529 3491 2612">
     <span class='ocr_line' id='line_1_51' title="bbox 1979 2529 3491 2612; baseline 0.009 -29"><span class='ocrx_word' id='word_1_362' title='bbox 1979 2529 2064 2586; x_wconf 81' lang='lat' dir='ltr'><strong>Ne</strong></span> <span class='ocrx_word' id='word_1_363' title='bbox 2088 2532 2417 2589; x_wconf 76' lang='lat' dir='ltr'><strong>obliviscaris</strong></span> <span class='ocrx_word' id='word_1_364' title='bbox 2445 2550 2736 2604; x_wconf 83' lang='lat' dir='ltr'><strong>pauperum</strong></span> <span class='ocrx_word' id='word_1_365' title='bbox 2767 2547 2979 2592; x_wconf 80' lang='lat' dir='ltr'><strong>tuorum</strong></span> <span class='ocrx_word' id='word_1_366' title='bbox 3014 2543 3066 2593; x_wconf 84' lang='lat' dir='ltr'><strong>in</strong></span> <span class='ocrx_word' id='word_1_367' title='bbox 3100 2540 3281 2610; x_wconf 79' lang='lat' dir='ltr'><strong>ﬁnem.</strong></span> <span class='ocrx_word' id='word_1_368' title='bbox 3319 2542 3382 2596; x_wconf 87' lang='lat' dir='ltr'><strong>In</strong></span> <span class='ocrx_word' id='word_1_369' title='bbox 3421 2545 3491 2612; x_wconf 78' lang='lat' dir='ltr'><strong>ﬁ-</strong></span> 
     </span>
    </p>
   </div>
   <div class='ocr_carea' id='block_1_52' title="bbox 1903 2624 2786 2697">
    <p class='ocr_par' dir='ltr' id='par_1_52' title="bbox 1903 2624 2786 2697">
     <span class='ocr_line' id='line_1_52' title="bbox 1903 2624 2786 2697; baseline 0.007 -20"><span class='ocrx_word' id='word_1_370' title='bbox 1903 2638 2044 2688; x_wconf 83' lang='lat' dir='ltr'><strong>nem,</strong></span> <span class='ocrx_word' id='word_1_371' title='bbox 2080 2624 2184 2679; x_wconf 85' lang='lat' dir='ltr'><strong>hoc</strong></span> <span class='ocrx_word' id='word_1_372' title='bbox 2217 2635 2324 2688; x_wconf 88' lang='lat' dir='ltr'><strong>est,</strong></span> <span class='ocrx_word' id='word_1_373' title='bbox 2354 2626 2406 2679; x_wconf 93' lang='lat' dir='ltr'><strong>in</strong></span> <span class='ocrx_word' id='word_1_374' title='bbox 2438 2636 2786 2697; x_wconf 85' lang='lat' dir='ltr'><strong>perpetuum.</strong></span> 
     </span>
    </p>
   </div>
   <div class='ocr_carea' id='block_1_53' title="bbox 1981 2715 3492 2791">
    <p class='ocr_par' dir='ltr' id='par_1_53' title="bbox 1981 2715 3492 2791">
     <span class='ocr_line' id='line_1_53' title="bbox 1981 2715 3492 2791; baseline 0.009 -23"><span class='ocrx_word' id='word_1_375' title='bbox 1981 2715 2143 2771; x_wconf 77' lang='lat' dir='ltr'><strong>Vsus.</strong></span> <span class='ocrx_word' id='word_1_376' title='bbox 2177 2717 2265 2776; x_wconf 79' lang='grc'><strong>15.</strong></span> <span class='ocrx_word' id='word_1_377' title='bbox 2311 2717 2536 2788; x_wconf 80' lang='lat' dir='ltr'><strong>Propter</strong></span> <span class='ocrx_word' id='word_1_378' title='bbox 2562 2721 2690 2791; x_wconf 84' lang='lat' dir='ltr'><strong>quid</strong></span> <span class='ocrx_word' id='word_1_379' title='bbox 2732 2721 2968 2776; x_wconf 78' lang='lat' dir='ltr'><strong>irril&#39;avit</strong></span> <span class='ocrx_word' id='word_1_380' title='bbox 3027 2723 3221 2791; x_wconf 75' lang='lat' dir='ltr'><strong>impius</strong></span> <span class='ocrx_word' id='word_1_381' title='bbox 3266 2725 3492 2781; x_wconf 78' lang='lat' dir='ltr'><strong>Deum?</strong></span> 
     </span>
    </p>
   </div>
   <div class='ocr_carea' id='block_1_54' title="bbox 1907 2805 3490 2883">
    <p class='ocr_par' dir='ltr' id='par_1_54' title="bbox 1907 2805 3490 2883">
     <span class='ocr_line' id='line_1_54' title="bbox 1907 2805 3490 2883; baseline 0.005 -20"><span class='ocrx_word' id='word_1_382' title='bbox 1907 2805 2071 2880; x_wconf 60' lang='lat' dir='ltr'><strong>«Egre</strong></span> <span class='ocrx_word' id='word_1_383' title='bbox 2105 2807 2284 2865; x_wconf 82' lang='lat' dir='ltr'><strong>ferens</strong></span> <span class='ocrx_word' id='word_1_384' title='bbox 2340 2809 2612 2880; x_wconf 85' lang='lat' dir='ltr'><strong>Propheta</strong></span> <span class='ocrx_word' id='word_1_385' title='bbox 2637 2819 2746 2867; x_wconf 80' lang='lat' dir='ltr'><strong>tam</strong></span> <span class='ocrx_word' id='word_1_386' title='bbox 2797 2814 3030 2882; x_wconf 82' lang='lat' dir='ltr'><strong>grandes</strong></span> <span class='ocrx_word' id='word_1_387' title='bbox 3064 2831 3351 2883; x_wconf 82' lang='lat' dir='ltr'><strong>pravorum</strong></span> <span class='ocrx_word' id='word_1_388' title='bbox 3390 2821 3490 2873; x_wconf 81' lang='lat' dir='ltr'><strong>ho-</strong></span> 
     </span>
    </p>
   </div>
   <div class='ocr_carea' id='block_1_55' title="bbox 1905 2900 3484 2978">
    <p class='ocr_par' dir='ltr' id='par_1_55' title="bbox 1905 2900 3484 2978">
     <span class='ocr_line' id='line_1_55' title="bbox 1905 2900 3484 2978; baseline 0.008 -26"><span class='ocrx_word' id='word_1_389' title='bbox 1905 2900 2117 2953; x_wconf 87' lang='lat' dir='ltr'><strong>minum</strong></span> <span class='ocrx_word' id='word_1_390' title='bbox 2152 2914 2342 2971; x_wconf 89' lang='lat' dir='ltr'><strong>ausus,</strong></span> <span class='ocrx_word' id='word_1_391' title='bbox 2369 2917 2465 2973; x_wconf 86' lang='lat' dir='ltr'><strong>per</strong></span> <span class='ocrx_word' id='word_1_392' title='bbox 2499 2905 2722 2959; x_wconf 90' lang='lat' dir='ltr'><strong>modum</strong></span> <span class='ocrx_word' id='word_1_393' title='bbox 2759 2906 3210 2978; x_wconf 77' lang='lat' dir='ltr'><strong>interrogationis</strong></span> <span class='ocrx_word' id='word_1_394' title='bbox 3263 2927 3484 2965; x_wconf 81' lang='lat' dir='ltr'><strong>sermo-</strong></span> 
     </span>
    </p>
   </div>
   <div class='ocr_carea' id='block_1_56' title="bbox 1905 2991 3490 3072">
    <p class='ocr_par' dir='ltr' id='par_1_56' title="bbox 1905 2991 3490 3072">
     <span class='ocr_line' id='line_1_56' title="bbox 1905 2991 3490 3072; baseline 0.011 -26"><span class='ocrx_word' id='word_1_395' title='bbox 1905 3006 2028 3046; x_wconf 87' lang='lat' dir='ltr'><strong>nem</strong></span> <span class='ocrx_word' id='word_1_396' title='bbox 2060 2991 2294 3048; x_wconf 81' lang='lat' dir='ltr'><strong>format:</strong></span> <span class='ocrx_word' id='word_1_397' title='bbox 2328 3005 2382 3049; x_wconf 89' lang='lat' dir='ltr'><strong>et</strong></span> <span class='ocrx_word' id='word_1_398' title='bbox 2399 2995 2658 3067; x_wconf 85' lang='lat' dir='ltr'><strong>deinceps</strong></span> <span class='ocrx_word' id='word_1_399' title='bbox 2685 2997 3082 3054; x_wconf 85' lang='lat' dir='ltr'><strong>dubitationem</strong></span> <span class='ocrx_word' id='word_1_400' title='bbox 3105 3004 3490 3072; x_wconf 85' lang='lat' dir='ltr'><strong>respondendo</strong></span> 
     </span>
    </p>
   </div>
   <div class='ocr_carea' id='block_1_57' title="bbox 1907 3084 2342 3146">
    <p class='ocr_par' dir='ltr' id='par_1_57' title="bbox 1907 3084 2342 3146">
     <span class='ocr_line' id='line_1_57' title="bbox 1907 3084 2342 3146; baseline 0 -6"><span class='ocrx_word' id='word_1_401' title='bbox 1907 3084 2090 3146; x_wconf 77' lang='lat' dir='ltr'><strong>solvit,</strong></span> <span class='ocrx_word' id='word_1_402' title='bbox 2128 3085 2342 3140; x_wconf 88' lang='lat' dir='ltr'><strong>dicens:</strong></span> 
     </span>
    </p>
   </div>
   <div class='ocr_carea' id='block_1_58' title="bbox 283 3170 1806 3269">
    <p class='ocr_par' dir='ltr' id='par_1_58' title="bbox 283 3170 1798 3258">
     <span class='ocr_line' id='line_1_58' title="bbox 283 3170 1798 3258; baseline 0.012 -30"><span class='ocrx_word' id='word_1_403' title='bbox 283 3170 424 3231; x_wconf 80' lang='grc' dir='ltr'>Εϊπε</span> <span class='ocrx_word' id='word_1_404' title='bbox 473 3179 593 3250; x_wconf 81' lang='grc' dir='ltr'>γὰρ</span> <span class='ocrx_word' id='word_1_405' title='bbox 627 3179 700 3234; x_wconf 81' lang='grc' dir='ltr'>ἐν</span> <span class='ocrx_word' id='word_1_406' title='bbox 751 3181 964 3251; x_wconf 79' lang='grc' dir='ltr'><strong>καρδίᾳ</strong></span> <span class='ocrx_word' id='word_1_407' title='bbox 1012 3183 1239 3240; x_wconf 75' lang='grc' dir='ltr'>αὐτοῦ’</span> <span class='ocrx_word' id='word_1_408' title='bbox 1297 3185 1421 3242; x_wconf 83' lang='grc' dir='ltr'><strong>Οὐκ</strong></span> <span class='ocrx_word' id='word_1_409' title='bbox 1464 3186 1798 3258; x_wconf 81' lang='grc' dir='ltr'>ἐκζητήσει.</span> 
     </span>
    </p>
   </div>
   <div class='ocr_carea' id='block_1_59' title="bbox 1906 3170 3488 3269">
    <p class='ocr_par' dir='ltr' id='par_1_59' title="bbox 1981 3176 3488 3258">
     <span class='ocr_line' id='line_1_59' title="bbox 1981 3176 3488 3258; baseline 0.009 -28"><span class='ocrx_word' id='word_1_410' title='bbox 1981 3176 2124 3230; x_wconf 73' lang='lat' dir='ltr'><strong>Dixit</strong></span> <span class='ocrx_word' id='word_1_411' title='bbox 2146 3179 2282 3232; x_wconf 85' lang='lat' dir='ltr'><strong>enim</strong></span> <span class='ocrx_word' id='word_1_412' title='bbox 2306 3180 2358 3233; x_wconf 84' lang='lat' dir='ltr'><strong>in</strong></span> <span class='ocrx_word' id='word_1_413' title='bbox 2389 3181 2543 3234; x_wconf 79' lang='lat' dir='ltr'><strong>corde</strong></span> <span class='ocrx_word' id='word_1_414' title='bbox 2571 3198 2689 3245; x_wconf 81' lang='lat' dir='ltr'><strong>suo,</strong></span> <span class='ocrx_word' id='word_1_415' title='bbox 2712 3181 2834 3235; x_wconf 85' lang='lat' dir='ltr'><strong>Non</strong></span> <span class='ocrx_word' id='word_1_416' title='bbox 2861 3185 3117 3254; x_wconf 73' lang='lat' dir='ltr'><strong>exquiret.</strong></span> <span class='ocrx_word' id='word_1_417' title='bbox 3152 3184 3267 3249; x_wconf 83' lang='lat' dir='ltr'><strong>Est,</strong></span> <span class='ocrx_word' id='word_1_418' title='bbox 3290 3190 3488 3258; x_wconf 83' lang='lat' dir='ltr'><strong>inquit,</strong></span> 
     </span>
    </p>
   </div>
   <div class='ocr_carea' id='block_1_60' title="bbox 224 3264 1806 3346">
    <p class='ocr_par' dir='ltr' id='par_1_60' title="bbox 224 3264 1805 3346">
     <span class='ocr_line' id='line_1_60' title="bbox 224 3264 1805 3346; baseline 0.013 -30"><span class='ocrx_word' id='word_1_419' title='bbox 224 3264 410 3333; x_wconf 80' lang='grc' dir='ltr'>Τοῦτο,</span> <span class='ocrx_word' id='word_1_420' title='bbox 434 3271 598 3341; x_wconf 77' lang='grc' dir='ltr'>φησὶ,</span> <span class='ocrx_word' id='word_1_421' title='bbox 637 3271 738 3342; x_wconf 85' lang='grc' dir='ltr'><strong>τῆς</strong></span> <span class='ocrx_word' id='word_1_422' title='bbox 773 3275 1161 3346; x_wconf 65' lang='grc' dir='ltr'>ἀνοσιουργίας</span> <span class='ocrx_word' id='word_1_423' title='bbox 1185 3277 1337 3331; x_wconf 72' lang='grc' dir='ltr'>ἐστὶν</span> <span class='ocrx_word' id='word_1_424' title='bbox 1362 3277 1534 3332; x_wconf 72' lang='grc' dir='ltr'>αἴτιον</span> <span class='ocrx_word' id='word_1_425' title='bbox 1559 3295 1574 3310; x_wconf 88' lang='grc'><strong>·</strong></span> <span class='ocrx_word' id='word_1_426' title='bbox 1630 3280 1805 3337; x_wconf 81' lang='grc' dir='ltr'>οἴεται</span> 
     </span>
    </p>
   </div>
   <div class='ocr_carea' id='block_1_61' title="bbox 1906 3264 3480 3346">
    <p class='ocr_par' dir='ltr' id='par_1_61' title="bbox 1910 3273 3480 3346">
     <span class='ocr_line' id='line_1_61' title="bbox 1910 3273 3480 3346; baseline 0.008 -22"><span class='ocrx_word' id='word_1_427' title='bbox 1910 3277 2189 3326; x_wconf 87' lang='lat' dir='ltr'><strong>tantorum</strong></span> <span class='ocrx_word' id='word_1_428' title='bbox 2223 3273 2494 3327; x_wconf 87' lang='lat' dir='ltr'><strong>scelerum</strong></span> <span class='ocrx_word' id='word_1_429' title='bbox 2540 3290 2729 3339; x_wconf 88' lang='lat' dir='ltr'><strong>causa,</strong></span> <span class='ocrx_word' id='word_1_430' title='bbox 2766 3276 2910 3346; x_wconf 91' lang='lat' dir='ltr'><strong>quod</strong></span> <span class='ocrx_word' id='word_1_431' title='bbox 2941 3279 3258 3334; x_wconf 77' lang='lat' dir='ltr'><strong>existimant</strong></span> <span class='ocrx_word' id='word_1_432' title='bbox 3311 3282 3480 3337; x_wconf 87' lang='lat' dir='ltr'><strong>Deum</strong></span> 
     </span>
    </p>
   </div>
   <div class='ocr_carea' id='block_1_62' title="bbox 221 3360 1430 3441">
    <p class='ocr_par' dir='ltr' id='par_1_62' title="bbox 221 3360 1430 3441">
     <span class='ocr_line' id='line_1_62' title="bbox 221 3360 1430 3441; baseline 0.009 -28"><span class='ocrx_word' id='word_1_433' title='bbox 221 3360 343 3432; x_wconf 82' lang='grc' dir='ltr'>γὰρ,</span> <span class='ocrx_word' id='word_1_434' title='bbox 370 3361 446 3425; x_wconf 75' lang='grc' dir='ltr'><strong>ὡς</strong></span> <span class='ocrx_word' id='word_1_435' title='bbox 473 3365 581 3418; x_wconf 80' lang='grc' dir='ltr'><strong>οὐκ</strong></span> <span class='ocrx_word' id='word_1_436' title='bbox 617 3364 866 3431; x_wconf 78' lang='grc' dir='ltr'>ἐξετάσει</span> <span class='ocrx_word' id='word_1_437' title='bbox 888 3366 1024 3433; x_wconf 82' lang='grc' dir='ltr'><strong>Θεὸς</strong></span> <span class='ocrx_word' id='word_1_438' title='bbox 1056 3367 1130 3422; x_wconf 81' lang='grc' dir='ltr'><strong>τὰ</strong></span> <span class='ocrx_word' id='word_1_439' title='bbox 1154 3367 1430 3441; x_wconf 83' lang='grc' dir='ltr'>δρώμενα.</span> 
     </span>
    </p>
   </div>
   <div class='ocr_carea' id='block_1_63' title="bbox 286 3455 1803 3536">
    <p class='ocr_par' dir='ltr' id='par_1_63' title="bbox 286 3455 1803 3536">
     <span class='ocr_line' id='line_1_63' title="bbox 286 3455 1803 3536; baseline 0.007 -27"><span class='ocrx_word' id='word_1_440' title='bbox 286 3455 566 3525; x_wconf 77' lang='grc' dir='ltr'>Βλέπεις,</span> <span class='ocrx_word' id='word_1_441' title='bbox 606 3458 698 3513; x_wconf 80' lang='grc' dir='ltr'>ὅτι</span> <span class='ocrx_word' id='word_1_442' title='bbox 731 3459 816 3515; x_wconf 86' lang='grc' dir='ltr'><strong>σὺ</strong></span> <span class='ocrx_word' id='word_1_443' title='bbox 852 3461 1048 3516; x_wconf 73' lang='grc' dir='ltr'>πόνον</span> <span class='ocrx_word' id='word_1_444' title='bbox 1083 3462 1182 3517; x_wconf 81' lang='grc' dir='ltr'>καί</span> <span class='ocrx_word' id='word_1_445' title='bbox 1215 3463 1413 3534; x_wconf 86' lang='grc' dir='ltr'>θυμὸν</span> <span class='ocrx_word' id='word_1_446' title='bbox 1464 3465 1803 3536; x_wconf 80' lang='grc' dir='ltr'>κατανοεῖς,</span> 
     </span>
    </p>
   </div>
   <div class='ocr_carea' id='block_1_64' title="bbox 221 3546 1809 3622">
    <p class='ocr_par' dir='ltr' id='par_1_64' title="bbox 221 3546 1809 3622">
     <span class='ocr_line' id='line_1_64' title="bbox 221 3546 1809 3622; baseline 0.009 -24"><span class='ocrx_word' id='word_1_447' title='bbox 221 3546 319 3601; x_wconf 83' lang='grc' dir='ltr'>τοῦ</span> <span class='ocrx_word' id='word_1_448' title='bbox 350 3549 736 3617; x_wconf 74' lang='grc' dir='ltr'>παραδοῦναι</span> <span class='ocrx_word' id='word_1_449' title='bbox 772 3552 965 3607; x_wconf 82' lang='grc' dir='ltr'>αὐτὸν</span> <span class='ocrx_word' id='word_1_450' title='bbox 995 3553 1085 3619; x_wconf 78' lang='grc' dir='ltr'><strong>εις</strong></span> <span class='ocrx_word' id='word_1_451' title='bbox 1128 3553 1335 3622; x_wconf 78' lang='grc' dir='ltr'>χεῖράς</span> <span class='ocrx_word' id='word_1_452' title='bbox 1372 3571 1511 3611; x_wconf 89' lang='grc' dir='ltr'>σου.</span> <span class='ocrx_word' id='word_1_453' title='bbox 1553 3557 1629 3611; x_wconf 83' lang='grc' dir='ltr'>Τδ</span> <span class='ocrx_word' id='word_1_454' title='bbox 1659 3556 1809 3613; x_wconf 69' lang='lat' dir='ltr'><strong>me.</strong></span> 
     </span>
    </p>
   </div>
   <div class='ocr_carea' id='block_1_65' title="bbox 223 3643 1802 3716">
    <p class='ocr_par' dir='ltr' id='par_1_65' title="bbox 223 3643 1802 3716">
     <span class='ocr_line' id='line_1_65' title="bbox 223 3643 1802 3716; baseline 0.009 -26"><span class='ocrx_word' id='word_1_455' title='bbox 223 3653 366 3706; x_wconf 75' lang='grc' dir='ltr'>πεις,</span> <span class='ocrx_word' id='word_1_456' title='bbox 388 3643 780 3712; x_wconf 83' lang='grc' dir='ltr'>ἀναγνωστέον</span> <span class='ocrx_word' id='word_1_457' title='bbox 815 3644 941 3698; x_wconf 81' lang='grc' dir='ltr'>καθ’</span> <span class='ocrx_word' id='word_1_458' title='bbox 995 3644 1179 3710; x_wconf 74' lang='grc' dir='ltr'>ἑαυτὸ,</span> <span class='ocrx_word' id='word_1_459' title='bbox 1227 3648 1516 3712; x_wconf 74' lang='grc' dir='ltr'>στίξοντας</span> <span class='ocrx_word' id='word_1_460' title='bbox 1564 3650 1802 3716; x_wconf 88' lang='grc' dir='ltr'>τελείαν,</span> 
     </span>
    </p>
   </div>
   <div class='ocr_carea' id='block_1_66' title="bbox 224 3727 1806 3813">
    <p class='ocr_par' dir='ltr' id='par_1_66' title="bbox 224 3727 1806 3813">
     <span class='ocr_line' id='line_1_66' title="bbox 224 3727 1806 3813; baseline 0.009 -31"><span class='ocrx_word' id='word_1_461' title='bbox 224 3728 302 3784; x_wconf 86' lang='grc' dir='ltr'><strong>ίνα</strong></span> <span class='ocrx_word' id='word_1_462' title='bbox 387 3734 452 3787; x_wconf 79' lang='grc' dir='ltr'>τὸ</span> <span class='ocrx_word' id='word_1_463' title='bbox 473 3734 664 3806; x_wconf 85' lang='grc' dir='ltr'>νόημα</span> <span class='ocrx_word' id='word_1_464' title='bbox 689 3736 933 3790; x_wconf 82' lang='grc' dir='ltr'>τοιοῦτον</span> <span class='ocrx_word' id='word_1_465' title='bbox 969 3753 985 3767; x_wconf 76' lang='grc' dir='ltr'><strong><em>ο</em></strong></span> <span class='ocrx_word' id='word_1_466' title='bbox 1007 3739 1085 3801; x_wconf 84' lang='grc' dir='ltr'><strong>ὡς</strong></span> <span class='ocrx_word' id='word_1_467' title='bbox 1128 3739 1176 3792; x_wconf 80' lang='grc' dir='ltr'><strong>εί</strong></span> <span class='ocrx_word' id='word_1_468' title='bbox 1209 3739 1305 3792; x_wconf 74' lang='grc' dir='ltr'><strong>καὶ</strong></span> <span class='ocrx_word' id='word_1_469' title='bbox 1336 3739 1496 3793; x_wconf 83' lang='grc' dir='ltr'>τοῦτο</span> <span class='ocrx_word' id='word_1_470' title='bbox 1540 3742 1806 3813; x_wconf 77' lang='grc' dir='ltr'>μυριάκις</span> 
     </span>
    </p>
   </div>
   <div class='ocr_carea' id='block_1_67' title="bbox 219 3819 1807 3902">
    <p class='ocr_par' dir='ltr' id='par_1_67' title="bbox 219 3819 1807 3902">
     <span class='ocr_line' id='line_1_67' title="bbox 219 3819 1807 3902; baseline 0.01 -30"><span class='ocrx_word' id='word_1_471' title='bbox 219 3819 247 3872; x_wconf 85' lang='grc' dir='ltr'><strong>ό</strong></span> <span class='ocrx_word' id='word_1_472' title='bbox 275 3824 506 3896; x_wconf 79' lang='grc' dir='ltr'>πονηρὸς</span> <span class='ocrx_word' id='word_1_473' title='bbox 532 3828 737 3894; x_wconf 75' lang='grc' dir='ltr'>οἴεται,</span> <span class='ocrx_word' id='word_1_474' title='bbox 771 3827 860 3882; x_wconf 77' lang='grc' dir='ltr'>διὰ</span> <span class='ocrx_word' id='word_1_475' title='bbox 894 3828 997 3901; x_wconf 80' lang='grc' dir='ltr'>τὴν</span> <span class='ocrx_word' id='word_1_476' title='bbox 1022 3827 1121 3899; x_wconf 80' lang='grc' dir='ltr'>σὴν</span> <span class='ocrx_word' id='word_1_477' title='bbox 1149 3829 1537 3902; x_wconf 84' lang='grc' dir='ltr'>μακροθυμίαν</span> <span class='ocrx_word' id='word_1_478' title='bbox 1557 3833 1636 3897; x_wconf 86' lang='grc' dir='ltr'><strong>είς</strong></span> <span class='ocrx_word' id='word_1_479' title='bbox 1667 3833 1807 3888; x_wconf 81' lang='grc' dir='ltr'>ἀπό-</span> 
     </span>
    </p>
   </div>
   <div class='ocr_carea' id='block_1_68' title="bbox 218 3921 1802 3996">
    <p class='ocr_par' dir='ltr' id='par_1_68' title="bbox 218 3921 1802 3996">
     <span class='ocr_line' id='line_1_68' title="bbox 218 3921 1802 3996; baseline 0.008 -25"><span class='ocrx_word' id='word_1_480' title='bbox 218 3935 364 3972; x_wconf 79' lang='grc' dir='ltr'>νοιαν</span> <span class='ocrx_word' id='word_1_481' title='bbox 405 3921 970 3994; x_wconf 76' lang='grc' dir='ltr'>ἐκτραχηλιζόμενος,</span> <span class='ocrx_word' id='word_1_482' title='bbox 1026 3923 1164 3980; x_wconf 79' lang='grc' dir='ltr'>ἀλλὰ</span> <span class='ocrx_word' id='word_1_483' title='bbox 1213 3925 1278 3979; x_wconf 79' lang='grc' dir='ltr'>σὺ</span> <span class='ocrx_word' id='word_1_484' title='bbox 1337 3925 1557 3996; x_wconf 84' lang='grc' dir='ltr'>βλέπεις</span> <span class='ocrx_word' id='word_1_485' title='bbox 1601 3928 1802 3996; x_wconf 83' lang='grc' dir='ltr'>πάντα,</span> 
     </span>
    </p>
   </div>
   <div class='ocr_carea' id='block_1_69' title="bbox 219 4008 1806 4089">
    <p class='ocr_par' dir='ltr' id='par_1_69' title="bbox 219 4008 1806 4089">
     <span class='ocr_line' id='line_1_69' title="bbox 219 4008 1806 4089; baseline 0.008 -27"><span class='ocrx_word' id='word_1_486' title='bbox 219 4008 414 4082; x_wconf 80' lang='grc' dir='ltr'>διήκων</span> <span class='ocrx_word' id='word_1_487' title='bbox 448 4014 773 4085; x_wconf 73' lang='grc' dir='ltr'>ἁπανταχῇ,</span> <span class='ocrx_word' id='word_1_488' title='bbox 797 4014 929 4069; x_wconf 72' lang='grc' dir='ltr'>διότι</span> <span class='ocrx_word' id='word_1_489' title='bbox 963 4017 1028 4070; x_wconf 77' lang='grc' dir='ltr'>σὺ</span> <span class='ocrx_word' id='word_1_490' title='bbox 1053 4018 1186 4088; x_wconf 83' lang='grc' dir='ltr'>ὁρᾷς</span> <span class='ocrx_word' id='word_1_491' title='bbox 1223 4018 1467 4089; x_wconf 77' lang='grc' dir='ltr'>ἀκριϐῶς</span> <span class='ocrx_word' id='word_1_492' title='bbox 1497 4021 1592 4075; x_wconf 89' lang='grc' dir='ltr'><strong>τόν</strong></span> <span class='ocrx_word' id='word_1_493' title='bbox 1623 4039 1683 4074; x_wconf 89' lang='grc' dir='ltr'><strong>τε</strong></span> <span class='ocrx_word' id='word_1_494' title='bbox 1704 4023 1806 4076; x_wconf 83' lang='grc' dir='ltr'>πό-</span> 
     </span>
    </p>
   </div>
   <div class='ocr_carea' id='block_1_70' title="bbox 217 4107 1804 4180">
    <p class='ocr_par' dir='ltr' id='par_1_70' title="bbox 217 4107 1804 4180">
     <span class='ocr_line' id='line_1_70' title="bbox 217 4107 1804 4180; baseline 0.008 -23"><span class='ocrx_word' id='word_1_495' title='bbox 217 4122 306 4158; x_wconf 89' lang='grc' dir='ltr'><strong>νον</strong></span> <span class='ocrx_word' id='word_1_496' title='bbox 332 4107 443 4162; x_wconf 86' lang='grc' dir='ltr'><strong>τῶν</strong></span> <span class='ocrx_word' id='word_1_497' title='bbox 469 4109 879 4177; x_wconf 82' lang='grc' dir='ltr'>ἀδικουμένων,</span> <span class='ocrx_word' id='word_1_498' title='bbox 906 4109 1004 4164; x_wconf 82' lang='grc' dir='ltr'><strong>καὶ</strong></span> <span class='ocrx_word' id='word_1_499' title='bbox 1035 4109 1127 4164; x_wconf 85' lang='grc' dir='ltr'>τὸν</span> <span class='ocrx_word' id='word_1_500' title='bbox 1172 4109 1345 4180; x_wconf 86' lang='grc' dir='ltr'>θυμὸν</span> <span class='ocrx_word' id='word_1_501' title='bbox 1393 4112 1503 4165; x_wconf 86' lang='grc' dir='ltr'><strong>τῶν</strong></span> <span class='ocrx_word' id='word_1_502' title='bbox 1550 4114 1804 4168; x_wconf 82' lang='grc' dir='ltr'>ἀδικούν-</span> 
     </span>
    </p>
   </div>
   <div class='ocr_carea' id='block_1_71' title="bbox 218 4203 1801 4278">
    <p class='ocr_par' dir='ltr' id='par_1_71' title="bbox 218 4203 1801 4278">
     <span class='ocr_line' id='line_1_71' title="bbox 218 4203 1801 4278; baseline 0.008 -27"><span class='ocrx_word' id='word_1_503' title='bbox 218 4215 342 4256; x_wconf 85' lang='grc' dir='ltr'>των.</span> <span class='ocrx_word' id='word_1_504' title='bbox 395 4204 748 4274; x_wconf 75' lang='grc' dir='ltr'>Κατανὸησις</span> <span class='ocrx_word' id='word_1_505' title='bbox 804 4203 938 4273; x_wconf 82' lang='grc' dir='ltr'>γὰρ,</span> <span class='ocrx_word' id='word_1_506' title='bbox 993 4205 1027 4276; x_wconf 82' lang='grc' dir='ltr'><strong>ἡ</strong></span> <span class='ocrx_word' id='word_1_507' title='bbox 1090 4204 1444 4278; x_wconf 83' lang='grc' dir='ltr'>λεπτομερὴς·</span> <span class='ocrx_word' id='word_1_508' title='bbox 1488 4207 1801 4278; x_wconf 82' lang='grc' dir='ltr'>διάγνωσις.</span> 
     </span>
    </p>
   </div>
   <div class='ocr_carea' id='block_1_72' title="bbox 231 4284 1805 4369">
    <p class='ocr_par' dir='ltr' id='par_1_72' title="bbox 231 4284 1805 4369">
     <span class='ocr_line' id='line_1_72' title="bbox 231 4284 1805 4369; baseline 0.01 -31"><span class='ocrx_word' id='word_1_509' title='bbox 231 4284 500 4360; x_wconf 80' lang='grc' dir='ltr'>Ἀκριϐῶς</span> <span class='ocrx_word' id='word_1_510' title='bbox 529 4290 591 4344; x_wconf 75' lang='grc' dir='ltr'>δὲ</span> <span class='ocrx_word' id='word_1_511' title='bbox 627 4291 782 4360; x_wconf 84' lang='grc' dir='ltr'>ὁρᾷς,</span> <span class='ocrx_word' id='word_1_512' title='bbox 808 4291 896 4345; x_wconf 76' lang='grc' dir='ltr'><strong>ἵνα</strong></span> <span class='ocrx_word' id='word_1_513' title='bbox 929 4292 1188 4363; x_wconf 82' lang='grc' dir='ltr'>παραδῷς</span> <span class='ocrx_word' id='word_1_514' title='bbox 1220 4294 1384 4349; x_wconf 78' lang='grc' dir='ltr'>αὑτὸν</span> <span class='ocrx_word' id='word_1_515' title='bbox 1430 4294 1660 4369; x_wconf 72' lang='grc' dir='ltr'>ὕστερον</span> <span class='ocrx_word' id='word_1_516' title='bbox 1724 4301 1805 4363; x_wconf 80' lang='grc' dir='ltr'><strong>εἰς</strong></span> 
     </span>
    </p>
   </div>
   <div class='ocr_carea' id='block_1_73' title="bbox 221 4379 1804 4460">
    <p class='ocr_par' dir='ltr' id='par_1_73' title="bbox 221 4379 1804 4460">
     <span class='ocr_line' id='line_1_73' title="bbox 221 4379 1804 4460; baseline 0.01 -30"><span class='ocrx_word' id='word_1_517' title='bbox 221 4379 317 4442; x_wconf 83' lang='grc' dir='ltr'><strong>τὰς</strong></span> <span class='ocrx_word' id='word_1_518' title='bbox 352 4383 637 4453; x_wconf 79' lang='grc' dir='ltr'>τιμωρίας</span> <span class='ocrx_word' id='word_1_519' title='bbox 668 4396 763 4435; x_wconf 90' lang='grc' dir='ltr'><strong>σου</strong></span> <span class='ocrx_word' id='word_1_520' title='bbox 803 4399 817 4416; x_wconf 75' lang='lat'>&#39;</span> <span class='ocrx_word' id='word_1_521' title='bbox 847 4381 1008 4438; x_wconf 83' lang='grc' dir='ltr'>τοῦτο</span> <span class='ocrx_word' id='word_1_522' title='bbox 1049 4384 1159 4456; x_wconf 79' lang='grc' dir='ltr'><strong>γὰρ</strong></span> <span class='ocrx_word' id='word_1_523' title='bbox 1223 4388 1281 4440; x_wconf 83' lang='lat' dir='ltr'><strong>al</strong></span> <span class='ocrx_word' id='word_1_524' title='bbox 1341 4389 1522 4460; x_wconf 80' lang='grc' dir='ltr'>χεῖρες</span> <span class='ocrx_word' id='word_1_525' title='bbox 1567 4390 1804 4446; x_wconf 81' lang='grc' dir='ltr'>ἐνταῦθα</span> 
     </span>
    </p>
   </div>
   <div class='ocr_carea' id='block_1_74' title="bbox 224 4470 1802 4553">
    <p class='ocr_par' dir='ltr' id='par_1_74' title="bbox 224 4470 1802 4553">
     <span class='ocr_line' id='line_1_74' title="bbox 224 4470 1802 4553; baseline 0.013 -31"><span class='ocrx_word' id='word_1_526' title='bbox 224 4470 465 4528; x_wconf 85' lang='grc' dir='ltr'>νοοῦνται</span> <span class='ocrx_word' id='word_1_527' title='bbox 497 4490 514 4506; x_wconf 79' lang='grc' dir='ltr'><strong>ο</strong></span> <span class='ocrx_word' id='word_1_528' title='bbox 567 4474 831 4546; x_wconf 68' lang='grc' dir='ltr'>φοϐερὸν</span> <span class='ocrx_word' id='word_1_529' title='bbox 876 4476 946 4530; x_wconf 76' lang='grc' dir='ltr'>δὲ</span> <span class='ocrx_word' id='word_1_530' title='bbox 968 4478 1261 4548; x_wconf 72' lang='grc' dir='ltr'>ἐμπεσεῖν</span> <span class='ocrx_word' id='word_1_531' title='bbox 1291 4483 1380 4548; x_wconf 84' lang='grc' dir='ltr'>εἰς</span> <span class='ocrx_word' id='word_1_532' title='bbox 1418 4482 1624 4553; x_wconf 78' lang='grc' dir='ltr'>χεῖρας</span> <span class='ocrx_word' id='word_1_533' title='bbox 1652 4484 1802 4541; x_wconf 85' lang='grc' dir='ltr'>Θεοῦ</span> 
     </span>
    </p>
   </div>
   <div class='ocr_carea' id='block_1_75' title="bbox 225 4559 456 4632">
    <p class='ocr_par' dir='ltr' id='par_1_75' title="bbox 225 4559 456 4632">
     <span class='ocr_line' id='line_1_75' title="bbox 225 4559 456 4632; baseline 0.043 -18"><span class='ocrx_word' id='word_1_534' title='bbox 225 4559 456 4632; x_wconf 80' lang='grc' dir='ltr'>ζῶντος.</span> 
     </span>
    </p>
   </div>
   <div class='ocr_carea' id='block_1_76' title="bbox 295 4844 1808 4918">
    <p class='ocr_par' dir='ltr' id='par_1_76' title="bbox 295 4844 1808 4918">
     <span class='ocr_line' id='line_1_76' title="bbox 295 4844 1808 4918; baseline 0.006 -20"><span class='ocrx_word' id='word_1_535' title='bbox 295 4844 394 4899; x_wconf 82' lang='grc' dir='ltr'>Σοί</span> <span class='ocrx_word' id='word_1_536' title='bbox 421 4844 965 4914; x_wconf 70' lang='grc' dir='ltr'>ἐγκαταλέλειπται</span> <span class='ocrx_word' id='word_1_537' title='bbox 1005 4849 1041 4903; x_wconf 82' lang='grc' dir='ltr'><em>ὁ</em></span> <span class='ocrx_word' id='word_1_538' title='bbox 1089 4851 1350 4918; x_wconf 82' lang='grc' dir='ltr'>πτωχός.</span> <span class='ocrx_word' id='word_1_539' title='bbox 1399 4850 1621 4905; x_wconf 82' lang='grc' dir='ltr'>Πάντων</span> <span class='ocrx_word' id='word_1_540' title='bbox 1667 4851 1808 4907; x_wconf 77' lang='grc' dir='ltr'>ἁποο</span> 
     </span>
    </p>
   </div>
   <div class='ocr_carea' id='block_1_77' title="bbox 222 4938 1803 5017">
    <p class='ocr_par' dir='ltr' id='par_1_77' title="bbox 222 4938 1803 5017">
     <span class='ocr_line' id='line_1_77' title="bbox 222 4938 1803 5017; baseline 0.008 -27"><span class='ocrx_word' id='word_1_541' title='bbox 222 4939 596 5009; x_wconf 75' lang='grc' dir='ltr'>στραφέντων,</span> <span class='ocrx_word' id='word_1_542' title='bbox 623 4938 773 5012; x_wconf 79' lang='grc' dir='ltr'>αὐτῷ</span> <span class='ocrx_word' id='word_1_543' title='bbox 803 4959 886 4996; x_wconf 88' lang='grc' dir='ltr'><strong>σοι</strong></span> <span class='ocrx_word' id='word_1_544' title='bbox 907 4942 1054 5013; x_wconf 83' lang='grc' dir='ltr'>μόνῳ</span> <span class='ocrx_word' id='word_1_545' title='bbox 1071 4942 1371 5013; x_wconf 80' lang='grc' dir='ltr'>ἀπέμεινεν</span> <span class='ocrx_word' id='word_1_546' title='bbox 1387 4944 1469 5008; x_wconf 84' lang='grc' dir='ltr'><strong>είς</strong></span> <span class='ocrx_word' id='word_1_547' title='bbox 1499 4945 1803 5017; x_wconf 76' lang='grc' dir='ltr'>ἀντίληψιν.</span> 
     </span>
    </p>
   </div>
   <div class='ocr_carea' id='block_1_78' title="bbox 301 5027 1809 5108">
    <p class='ocr_par' dir='ltr' id='par_1_78' title="bbox 301 5027 1809 5108">
     <span class='ocr_line' id='line_1_78' title="bbox 301 5027 1809 5108; baseline 0.005 -24"><span class='ocrx_word' id='word_1_548' title='bbox 301 5027 578 5100; x_wconf 57' lang='grc' dir='ltr'>ὀρφανῷ</span> <span class='ocrx_word' id='word_1_549' title='bbox 604 5030 687 5086; x_wconf 83' lang='grc' dir='ltr'><strong>σὺ</strong></span> <span class='ocrx_word' id='word_1_550' title='bbox 717 5029 879 5103; x_wconf 79' lang='grc' dir='ltr'>ἦσθα</span> <span class='ocrx_word' id='word_1_551' title='bbox 903 5033 1158 5102; x_wconf 82' lang='grc' dir='ltr'>βοηθός.</span> <span class='ocrx_word' id='word_1_552' title='bbox 1202 5033 1292 5099; x_wconf 85' lang='grc' dir='ltr'><strong>Ὠς</strong></span> <span class='ocrx_word' id='word_1_553' title='bbox 1335 5036 1587 5108; x_wconf 85' lang='grc' dir='ltr'>Πλάστης</span> <span class='ocrx_word' id='word_1_554' title='bbox 1639 5038 1809 5092; x_wconf 82' lang='grc' dir='ltr'>αὑτοῦ</span> 
     </span>
    </p>
   </div>
   <div class='ocr_carea' id='block_1_79' title="bbox 225 5122 1810 5202">
    <p class='ocr_par' dir='ltr' id='par_1_79' title="bbox 225 5122 1810 5202">
     <span class='ocr_line' id='line_1_79' title="bbox 225 5122 1810 5202; baseline 0.007 -29"><span class='ocrx_word' id='word_1_555' title='bbox 225 5122 318 5175; x_wconf 76' lang='grc' dir='ltr'><strong>καὶ</strong></span> <span class='ocrx_word' id='word_1_556' title='bbox 343 5125 653 5195; x_wconf 80' lang='grc' dir='ltr'>Δεσπότης.</span> <span class='ocrx_word' id='word_1_557' title='bbox 717 5123 902 5181; x_wconf 76' lang='grc' dir='ltr'>Ταῦτα</span> <span class='ocrx_word' id='word_1_558' title='bbox 957 5126 1207 5181; x_wconf 81' lang='grc' dir='ltr'>νοοῦνται</span> <span class='ocrx_word' id='word_1_559' title='bbox 1247 5126 1348 5196; x_wconf 72' lang='grc' dir='ltr'>μὲν</span> <span class='ocrx_word' id='word_1_560' title='bbox 1393 5129 1488 5183; x_wconf 76' lang='grc' dir='ltr'><strong>καὶ</strong></span> <span class='ocrx_word' id='word_1_561' title='bbox 1529 5130 1659 5202; x_wconf 79' lang='grc' dir='ltr'>περὶ</span> <span class='ocrx_word' id='word_1_562' title='bbox 1699 5131 1810 5185; x_wconf 87' lang='grc' dir='ltr'><strong>τῶν</strong></span> 
     </span>
    </p>
   </div>
   <div class='ocr_carea' id='block_1_80' title="bbox 222 5213 1811 5292">
    <p class='ocr_par' dir='ltr' id='par_1_80' title="bbox 222 5213 1811 5292">
     <span class='ocr_line' id='line_1_80' title="bbox 222 5213 1811 5292; baseline 0.006 -25"><span class='ocrx_word' id='word_1_563' title='bbox 222 5213 407 5283; x_wconf 78' lang='grc' dir='ltr'>ἁπλῶς</span> <span class='ocrx_word' id='word_1_564' title='bbox 435 5219 690 5288; x_wconf 69' lang='grc' dir='ltr'>πενήτων</span> <span class='ocrx_word' id='word_1_565' title='bbox 739 5218 833 5272; x_wconf 79' lang='grc' dir='ltr'><strong>καὶ</strong></span> <span class='ocrx_word' id='word_1_566' title='bbox 876 5218 1160 5289; x_wconf 68' lang='grc' dir='ltr'>ὀρφανῶν*</span> <span class='ocrx_word' id='word_1_567' title='bbox 1200 5219 1302 5291; x_wconf 84' lang='grc' dir='ltr'><strong>οὐχ</strong></span> <span class='ocrx_word' id='word_1_568' title='bbox 1361 5220 1567 5292; x_wconf 80' lang='grc' dir='ltr'>ἥκιστα</span> <span class='ocrx_word' id='word_1_569' title='bbox 1611 5221 1670 5276; x_wconf 77' lang='grc' dir='ltr'>δὲ</span> <span class='ocrx_word' id='word_1_570' title='bbox 1715 5222 1811 5276; x_wconf 66' lang='grc' dir='ltr'><strong>καὶΙ</strong></span> 
     </span>
    </p>
   </div>
   <div class='ocr_carea' id='block_1_81' title="bbox 221 5306 1807 5382">
    <p class='ocr_par' dir='ltr' id='par_1_81' title="bbox 221 5306 1807 5382">
     <span class='ocr_line' id='line_1_81' title="bbox 221 5306 1807 5382; baseline 0.004 -21"><span class='ocrx_word' id='word_1_571' title='bbox 221 5306 468 5377; x_wconf 82' lang='grc' dir='ltr'>περὶτοῦ</span> <span class='ocrx_word' id='word_1_572' title='bbox 489 5308 554 5375; x_wconf 71' lang='grc' dir='ltr'>ἐξ</span> <span class='ocrx_word' id='word_1_573' title='bbox 582 5309 751 5364; x_wconf 81' lang='grc' dir='ltr'>ἐθνῶν</span> <span class='ocrx_word' id='word_1_574' title='bbox 788 5308 940 5374; x_wconf 83' lang='grc' dir='ltr'>λαοῦ,</span> <span class='ocrx_word' id='word_1_575' title='bbox 970 5309 1205 5381; x_wconf 82' lang='grc' dir='ltr'>πένητος</span> <span class='ocrx_word' id='word_1_576' title='bbox 1237 5310 1336 5382; x_wconf 79' lang='grc' dir='ltr'>μὲν</span> <span class='ocrx_word' id='word_1_577' title='bbox 1360 5311 1534 5379; x_wconf 78' lang='grc' dir='ltr'>ὄντος,</span> <span class='ocrx_word' id='word_1_578' title='bbox 1578 5313 1668 5367; x_wconf 82' lang='grc' dir='ltr'>διὰ</span> <span class='ocrx_word' id='word_1_579' title='bbox 1707 5314 1807 5378; x_wconf 79' lang='grc' dir='ltr'><strong>τὰς</strong></span> 
     </span>
    </p>
   </div>
   <div class='ocr_carea' id='block_1_82' title="bbox 222 5401 1807 5477">
    <p class='ocr_par' dir='ltr' id='par_1_82' title="bbox 222 5401 1807 5477">
     <span class='ocr_line' id='line_1_82' title="bbox 222 5401 1807 5477; baseline 0.004 -26"><span class='ocrx_word' id='word_1_580' title='bbox 222 5403 635 5473; x_wconf 77' lang='grc' dir='ltr'>προειρημένας</span> <span class='ocrx_word' id='word_1_581' title='bbox 663 5402 866 5468; x_wconf 83' lang='grc' dir='ltr'>αίτίας,</span> <span class='ocrx_word' id='word_1_582' title='bbox 901 5401 1142 5472; x_wconf 76' lang='grc' dir='ltr'>ὀρφανοῦ</span> <span class='ocrx_word' id='word_1_583' title='bbox 1173 5403 1251 5469; x_wconf 84' lang='grc' dir='ltr'>δὲ,</span> <span class='ocrx_word' id='word_1_584' title='bbox 1277 5403 1367 5457; x_wconf 84' lang='grc' dir='ltr'><strong>διὰ</strong></span> <span class='ocrx_word' id='word_1_585' title='bbox 1387 5404 1450 5457; x_wconf 85' lang='grc' dir='ltr'>τὸ</span> <span class='ocrx_word' id='word_1_586' title='bbox 1499 5404 1576 5476; x_wconf 79' lang='grc' dir='ltr'><strong>μὴ</strong></span> <span class='ocrx_word' id='word_1_587' title='bbox 1604 5406 1807 5477; x_wconf 85' lang='grc' dir='ltr'>γνωρί-</span> 
     </span>
    </p>
   </div>
   <div class='ocr_carea' id='block_1_83' title="bbox 222 5489 1535 5567">
    <p class='ocr_par' dir='ltr' id='par_1_83' title="bbox 222 5489 1535 5567">
     <span class='ocr_line' id='line_1_83' title="bbox 222 5489 1535 5567; baseline 0.005 -24"><span class='ocrx_word' id='word_1_588' title='bbox 222 5489 338 5552; x_wconf 77' lang='grc' dir='ltr'>ζειν</span> <span class='ocrx_word' id='word_1_589' title='bbox 369 5494 464 5546; x_wconf 76' lang='grc' dir='ltr'>τὸν</span> <span class='ocrx_word' id='word_1_590' title='bbox 487 5493 682 5547; x_wconf 77' lang='grc' dir='ltr'>ἑαυτοῦ</span> <span class='ocrx_word' id='word_1_591' title='bbox 724 5494 950 5565; x_wconf 84' lang='grc' dir='ltr'>Πατέρα</span> <span class='ocrx_word' id='word_1_592' title='bbox 981 5495 1077 5550; x_wconf 70' lang='grc' dir='ltr'><strong>καὶ</strong></span> <span class='ocrx_word' id='word_1_593' title='bbox 1112 5495 1352 5567; x_wconf 82' lang='grc' dir='ltr'>Ποιητὴν</span> <span class='ocrx_word' id='word_1_594' title='bbox 1378 5494 1535 5550; x_wconf 85' lang='grc' dir='ltr'>Θεόν.</span> 
     </span>
    </p>
   </div>
   <div class='ocr_carea' id='block_1_84' title="bbox 291 5584 1804 5656">
    <p class='ocr_par' dir='ltr' id='par_1_84' title="bbox 291 5584 1804 5656">
     <span class='ocr_line' id='line_1_84' title="bbox 291 5584 1804 5656; baseline 0.004 -19"><span class='ocrx_word' id='word_1_595' title='bbox 291 5584 640 5653; x_wconf 77' lang='grc' dir='ltr'>Σύντριψον</span> <span class='ocrx_word' id='word_1_596' title='bbox 666 5587 774 5640; x_wconf 80' lang='grc' dir='ltr'>τὸν</span> <span class='ocrx_word' id='word_1_597' title='bbox 795 5586 1102 5656; x_wconf 76' lang='grc' dir='ltr'>βραχίονα</span> <span class='ocrx_word' id='word_1_598' title='bbox 1147 5586 1255 5642; x_wconf 86' lang='grc' dir='ltr'>τοῦ</span> <span class='ocrx_word' id='word_1_599' title='bbox 1295 5588 1649 5656; x_wconf 66' lang='grc' dir='ltr'>ἀμαρτωλοῦ</span> <span class='ocrx_word' id='word_1_600' title='bbox 1707 5588 1804 5643; x_wconf 77' lang='grc' dir='ltr'>καί</span> 
     </span>
    </p>
   </div>
   <div class='ocr_carea' id='block_1_85' title="bbox 223 5676 1806 5754">
    <p class='ocr_par' dir='ltr' id='par_1_85' title="bbox 223 5676 1806 5754">
     <span class='ocr_line' id='line_1_85' title="bbox 223 5676 1806 5754; baseline 0.004 -26"><span class='ocrx_word' id='word_1_601' title='bbox 223 5676 521 5744; x_wconf 69' lang='grc' dir='ltr'>πονηροῦ.</span> <span class='ocrx_word' id='word_1_602' title='bbox 555 5676 824 5749; x_wconf 77' lang='grc' dir='ltr'>Βραχιονα</span> <span class='ocrx_word' id='word_1_603' title='bbox 853 5678 954 5751; x_wconf 81' lang='grc' dir='ltr'>τὴν</span> <span class='ocrx_word' id='word_1_604' title='bbox 983 5680 1216 5751; x_wconf 83' lang='grc' dir='ltr'>δύναμιν</span> <span class='ocrx_word' id='word_1_605' title='bbox 1245 5679 1396 5748; x_wconf 78' lang='grc' dir='ltr'>λέγει</span> <span class='ocrx_word' id='word_1_606' title='bbox 1424 5696 1437 5708; x_wconf 88' lang='grc'><strong>·</strong></span> <span class='ocrx_word' id='word_1_607' title='bbox 1477 5680 1570 5734; x_wconf 74' lang='grc' dir='ltr'><strong>καὶ</strong></span> <span class='ocrx_word' id='word_1_608' title='bbox 1613 5679 1722 5754; x_wconf 85' lang='grc' dir='ltr'>γὰρ</span> <span class='ocrx_word' id='word_1_609' title='bbox 1748 5680 1806 5745; x_wconf 62' lang='grc' dir='ltr'><strong>ἐν</strong></span> 
     </span>
    </p>
   </div>
   <div class='ocr_carea' id='block_1_86' title="bbox 310 5853 741 5922">
    <p class='ocr_par' dir='ltr' id='par_1_86' title="bbox 310 5853 741 5922">
     <span class='ocr_line' id='line_1_86' title="bbox 310 5853 741 5922; baseline 0.012 -14"><span class='ocrx_word' id='word_1_610' title='bbox 310 5855 326 5886; x_wconf 81' lang='grc'>⁸</span> <span class='ocrx_word' id='word_1_611' title='bbox 357 5853 530 5910; x_wconf 79' lang='lat' dir='ltr'><strong>Hebr.</strong></span> <span class='ocrx_word' id='word_1_612' title='bbox 571 5870 620 5922; x_wconf 74' lang='grc' dir='ltr'><strong>ι,</strong></span> <span class='ocrx_word' id='word_1_613' title='bbox 648 5856 741 5912; x_wconf 79' lang='lat'><strong>3|.</strong></span> 
     </span>
    </p>
   </div>
   <div class='ocr_carea' id='block_1_87' title="bbox 1821 3361 2830 3437">
    <p class='ocr_par' dir='ltr' id='par_1_87' title="bbox 1821 3361 2830 3437">
     <span class='ocr_line' id='line_1_87' title="bbox 1821 3361 2830 3437; baseline 0.011 -25"><span class='ocrx_word' id='word_1_614' title='bbox 1821 3401 1832 3412; x_wconf 85' lang='lat'><strong>.</strong></span> <span class='ocrx_word' id='word_1_615' title='bbox 1908 3361 2114 3433; x_wconf 76' lang='lat' dir='ltr'><strong>ﬂagitia</strong></span> <span class='ocrx_word' id='word_1_616' title='bbox 2136 3379 2327 3419; x_wconf 87' lang='lat' dir='ltr'><strong>eorum</strong></span> <span class='ocrx_word' id='word_1_617' title='bbox 2359 3380 2467 3420; x_wconf 87' lang='lat' dir='ltr'><strong>non</strong></span> <span class='ocrx_word' id='word_1_618' title='bbox 2497 3365 2830 3437; x_wconf 85' lang='lat' dir='ltr'><strong>disquirere.</strong></span> 
     </span>
    </p>
   </div>
   <div class='ocr_carea' id='block_1_88' title="bbox 1888 3446 3490 3534">
    <p class='ocr_par' dir='ltr' id='par_1_88' title="bbox 1888 3446 3490 3534">
     <span class='ocr_line' id='line_1_88' title="bbox 1888 3446 3490 3534; baseline 0.009 -27"><span class='ocrx_word' id='word_1_619' title='bbox 1888 3446 1909 3465; x_wconf 62' lang='grc'><strong>⁷</strong></span> <span class='ocrx_word' id='word_1_620' title='bbox 1981 3454 2147 3513; x_wconf 66' lang='lat' dir='ltr'><strong>Vens.</strong></span> <span class='ocrx_word' id='word_1_621' title='bbox 2183 3458 2270 3512; x_wconf 78' lang='grc' dir='ltr'>Η.</span> <span class='ocrx_word' id='word_1_622' title='bbox 2310 3457 2489 3526; x_wconf 83' lang='lat' dir='ltr'><strong>Vides,</strong></span> <span class='ocrx_word' id='word_1_623' title='bbox 2539 3463 2790 3529; x_wconf 81' lang='lat' dir='ltr'><strong>quoniam</strong></span> <span class='ocrx_word' id='word_1_624' title='bbox 2815 3472 2871 3515; x_wconf 82' lang='lat' dir='ltr'><strong>tu</strong></span> <span class='ocrx_word' id='word_1_625' title='bbox 2896 3463 3151 3529; x_wconf 81' lang='lat' dir='ltr'><strong>laborem,</strong></span> <span class='ocrx_word' id='word_1_626' title='bbox 3181 3476 3229 3518; x_wconf 78' lang='lat' dir='ltr'><strong>et</strong></span> <span class='ocrx_word' id='word_1_627' title='bbox 3252 3466 3490 3534; x_wconf 81' lang='lat' dir='ltr'><strong>furorem</strong></span> 
     </span>
    </p>
   </div>
   <div class='ocr_carea' id='block_1_89' title="bbox 1908 3551 3489 3625">
    <p class='ocr_par' dir='ltr' id='par_1_89' title="bbox 1908 3551 3489 3625">
     <span class='ocr_line' id='line_1_89' title="bbox 1908 3551 3489 3625; baseline 0.003 -21"><span class='ocrx_word' id='word_1_628' title='bbox 1908 3551 2243 3618; x_wconf 71' lang='lat' dir='ltr'><strong>causideras,</strong></span> <span class='ocrx_word' id='word_1_629' title='bbox 2276 3563 2333 3606; x_wconf 83' lang='lat' dir='ltr'><strong>ut</strong></span> <span class='ocrx_word' id='word_1_630' title='bbox 2371 3554 2554 3607; x_wconf 78' lang='lat' dir='ltr'><strong>tradas</strong></span> <span class='ocrx_word' id='word_1_631' title='bbox 2575 3570 2694 3607; x_wconf 88' lang='lat' dir='ltr'><strong>eum</strong></span> <span class='ocrx_word' id='word_1_632' title='bbox 2716 3554 2770 3607; x_wconf 84' lang='lat' dir='ltr'><strong>in</strong></span> <span class='ocrx_word' id='word_1_633' title='bbox 2794 3571 2983 3611; x_wconf 80' lang='lat' dir='ltr'><strong>manus</strong></span> <span class='ocrx_word' id='word_1_634' title='bbox 3028 3566 3169 3611; x_wconf 76' lang='lat' dir='ltr'><strong>tuas.</strong></span> <span class='ocrx_word' id='word_1_635' title='bbox 3203 3556 3357 3624; x_wconf 81' lang='lat' dir='ltr'><strong>Quod</strong></span> <span class='ocrx_word' id='word_1_636' title='bbox 3389 3563 3489 3625; x_wconf 79' lang='lat' dir='ltr'><strong>ait,</strong></span> 
     </span>
    </p>
   </div>
   <div class='ocr_carea' id='block_1_90' title="bbox 1919 3641 3493 3720">
    <p class='ocr_par' dir='ltr' id='par_1_90' title="bbox 1919 3641 3493 3720">
     <span class='ocr_line' id='line_1_90' title="bbox 1919 3641 3493 3720; baseline 0.004 -22"><span class='ocrx_word' id='word_1_637' title='bbox 1919 3641 2102 3710; x_wconf 80' lang='lat' dir='ltr'><strong>Vides,</strong></span> <span class='ocrx_word' id='word_1_638' title='bbox 2125 3659 2224 3715; x_wconf 86' lang='lat' dir='ltr'><strong>per</strong></span> <span class='ocrx_word' id='word_1_639' title='bbox 2253 3661 2312 3700; x_wconf 87' lang='lat' dir='ltr'><strong>se</strong></span> <span class='ocrx_word' id='word_1_640' title='bbox 2339 3646 2628 3717; x_wconf 80' lang='lat' dir='ltr'><strong>legendum</strong></span> <span class='ocrx_word' id='word_1_641' title='bbox 2653 3658 2756 3712; x_wconf 90' lang='lat' dir='ltr'><strong>est,</strong></span> <span class='ocrx_word' id='word_1_642' title='bbox 2777 3662 2842 3704; x_wconf 89' lang='lat' dir='ltr'><strong>ae</strong></span> <span class='ocrx_word' id='word_1_643' title='bbox 2872 3649 3054 3702; x_wconf 86' lang='lat' dir='ltr'><strong>statim</strong></span> <span class='ocrx_word' id='word_1_644' title='bbox 3081 3659 3268 3720; x_wconf 82' lang='lat' dir='ltr'><strong>postea</strong></span> <span class='ocrx_word' id='word_1_645' title='bbox 3286 3653 3493 3706; x_wconf 83' lang='lat' dir='ltr'><strong>sisten-</strong></span> 
     </span>
    </p>
   </div>
   <div class='ocr_carea' id='block_1_91' title="bbox 1906 3737 3489 3811">
    <p class='ocr_par' dir='ltr' id='par_1_91' title="bbox 1906 3737 3489 3811">
     <span class='ocr_line' id='line_1_91' title="bbox 1906 3737 3489 3811; baseline 0.003 -19"><span class='ocrx_word' id='word_1_646' title='bbox 1906 3737 2061 3802; x_wconf 91' lang='lat' dir='ltr'><strong>dum,</strong></span> <span class='ocrx_word' id='word_1_647' title='bbox 2119 3745 2178 3791; x_wconf 91' lang='lat' dir='ltr'><strong>ut</strong></span> <span class='ocrx_word' id='word_1_648' title='bbox 2239 3737 2314 3792; x_wconf 88' lang='lat' dir='ltr'><strong>sit</strong></span> <span class='ocrx_word' id='word_1_649' title='bbox 2371 3753 2569 3794; x_wconf 90' lang='lat' dir='ltr'><strong>sensus</strong></span> <span class='ocrx_word' id='word_1_650' title='bbox 2620 3755 2635 3792; x_wconf 89' lang='lat'><strong>:</strong></span> <span class='ocrx_word' id='word_1_651' title='bbox 2689 3737 2842 3795; x_wconf 86' lang='lat' dir='ltr'><strong>Licet</strong></span> <span class='ocrx_word' id='word_1_652' title='bbox 2907 3740 3106 3796; x_wconf 86' lang='lat' dir='ltr'><strong>millies</strong></span> <span class='ocrx_word' id='word_1_653' title='bbox 3157 3757 3356 3811; x_wconf 81' lang='lat' dir='ltr'><strong>pravus</strong></span> <span class='ocrx_word' id='word_1_654' title='bbox 3414 3744 3489 3798; x_wconf 83' lang='lat' dir='ltr'><strong>ita</strong></span> 
     </span>
    </p>
   </div>
   <div class='ocr_carea' id='block_1_92' title="bbox 1905 3830 3491 3902">
    <p class='ocr_par' dir='ltr' id='par_1_92' title="bbox 1905 3830 3491 3902">
     <span class='ocr_line' id='line_1_92' title="bbox 1905 3830 3491 3902; baseline 0.004 -17"><span class='ocrx_word' id='word_1_655' title='bbox 1905 3830 2210 3897; x_wconf 82' lang='lat' dir='ltr'><strong>existimet,</strong></span> <span class='ocrx_word' id='word_1_656' title='bbox 2253 3832 2324 3886; x_wconf 92' lang='lat' dir='ltr'><strong>ob</strong></span> <span class='ocrx_word' id='word_1_657' title='bbox 2359 3840 2510 3886; x_wconf 84' lang='lat' dir='ltr'><strong>tuam</strong></span> <span class='ocrx_word' id='word_1_658' title='bbox 2543 3833 2805 3887; x_wconf 87' lang='lat' dir='ltr'><strong>nimirum</strong></span> <span class='ocrx_word' id='word_1_659' title='bbox 2833 3835 3150 3902; x_wconf 82' lang='lat' dir='ltr'><strong>patientiam</strong></span> <span class='ocrx_word' id='word_1_660' title='bbox 3205 3838 3277 3890; x_wconf 88' lang='lat' dir='ltr'><strong>ita</strong></span> <span class='ocrx_word' id='word_1_661' title='bbox 3311 3838 3364 3890; x_wconf 90' lang='lat' dir='ltr'><strong>in</strong></span> <span class='ocrx_word' id='word_1_662' title='bbox 3397 3853 3491 3891; x_wconf 87' lang='lat' dir='ltr'><strong>ar-</strong></span> 
     </span>
    </p>
   </div>
   <div class='ocr_carea' id='block_1_93' title="bbox 1905 3923 3488 3994">
    <p class='ocr_par' dir='ltr' id='par_1_93' title="bbox 1905 3923 3488 3994">
     <span class='ocr_line' id='line_1_93' title="bbox 1905 3923 3488 3994; baseline 0.002 -15"><span class='ocrx_word' id='word_1_663' title='bbox 1905 3925 2218 3994; x_wconf 78' lang='lat' dir='ltr'><strong>rogantiam</strong></span> <span class='ocrx_word' id='word_1_664' title='bbox 2254 3923 2443 3994; x_wconf 88' lang='lat' dir='ltr'><strong>lapsus</strong></span> <span class='ocrx_word' id='word_1_665' title='bbox 2477 3943 2491 3980; x_wconf 92' lang='lat'>:</span> <span class='ocrx_word' id='word_1_666' title='bbox 2530 3933 2585 3979; x_wconf 91' lang='lat' dir='ltr'><strong>tu</strong></span> <span class='ocrx_word' id='word_1_667' title='bbox 2617 3933 2824 3989; x_wconf 86' lang='lat' dir='ltr'><strong>tamen,</strong></span> <span class='ocrx_word' id='word_1_668' title='bbox 2848 3941 2882 3979; x_wconf 90' lang='grc' dir='ltr'><strong>ο</strong></span> <span class='ocrx_word' id='word_1_669' title='bbox 2909 3924 3074 3992; x_wconf 90' lang='lat' dir='ltr'><strong>Deus,</strong></span> <span class='ocrx_word' id='word_1_670' title='bbox 3104 3927 3254 3982; x_wconf 80' lang='lat' dir='ltr'><strong>vides</strong></span> <span class='ocrx_word' id='word_1_671' title='bbox 3285 3931 3488 3991; x_wconf 86' lang='lat' dir='ltr'><strong>omnia,</strong></span> 
     </span>
    </p>
   </div>
   <div class='ocr_carea' id='block_1_94' title="bbox 1910 4016 3491 4089">
    <p class='ocr_par' dir='ltr' id='par_1_94' title="bbox 1910 4016 3491 4089">
     <span class='ocr_line' id='line_1_94' title="bbox 1910 4016 3491 4089; baseline 0.003 -19"><span class='ocrx_word' id='word_1_672' title='bbox 1910 4031 2246 4087; x_wconf 87' lang='lat' dir='ltr'><strong>quocunque</strong></span> <span class='ocrx_word' id='word_1_673' title='bbox 2301 4028 2615 4087; x_wconf 88' lang='lat' dir='ltr'><strong>penetrans,</strong></span> <span class='ocrx_word' id='word_1_674' title='bbox 2644 4027 2700 4071; x_wconf 89' lang='lat' dir='ltr'><strong>et</strong></span> <span class='ocrx_word' id='word_1_675' title='bbox 2744 4016 2799 4071; x_wconf 90' lang='lat' dir='ltr'><strong>in</strong></span> <span class='ocrx_word' id='word_1_676' title='bbox 2841 4032 3034 4074; x_wconf 83' lang='lat' dir='ltr'><strong>omnes</strong></span> <span class='ocrx_word' id='word_1_677' title='bbox 3081 4028 3266 4089; x_wconf 85' lang='lat' dir='ltr'><strong>partes</strong></span> <span class='ocrx_word' id='word_1_678' title='bbox 3301 4035 3491 4088; x_wconf 79' lang='lat' dir='ltr'><strong>perve-</strong></span> 
     </span>
    </p>
   </div>
   <div class='ocr_carea' id='block_1_95' title="bbox 1905 4110 3491 4182">
    <p class='ocr_par' dir='ltr' id='par_1_95' title="bbox 1905 4110 3491 4182">
     <span class='ocr_line' id='line_1_95' title="bbox 1905 4110 3491 4182; baseline -0.001 -15"><span class='ocrx_word' id='word_1_679' title='bbox 1905 4112 2091 4168; x_wconf 87' lang='lat' dir='ltr'><strong>niens.</strong></span> <span class='ocrx_word' id='word_1_680' title='bbox 2127 4110 2364 4182; x_wconf 88' lang='lat' dir='ltr'><strong>Ideoque</strong></span> <span class='ocrx_word' id='word_1_681' title='bbox 2391 4121 2448 4165; x_wconf 85' lang='lat' dir='ltr'><strong>tu</strong></span> <span class='ocrx_word' id='word_1_682' title='bbox 2491 4126 2706 4168; x_wconf 87' lang='lat' dir='ltr'><strong>summa</strong></span> <span class='ocrx_word' id='word_1_683' title='bbox 2740 4111 3028 4182; x_wconf 79' lang='lat' dir='ltr'><strong>diligentia</strong></span> <span class='ocrx_word' id='word_1_684' title='bbox 3057 4111 3339 4165; x_wconf 84' lang='lat' dir='ltr'><strong>hominum</strong></span> <span class='ocrx_word' id='word_1_685' title='bbox 3371 4127 3491 4165; x_wconf 86' lang='lat' dir='ltr'><strong>om-</strong></span> 
     </span>
    </p>
   </div>
   <div class='ocr_carea' id='block_1_96' title="bbox 1906 4203 3491 4275">
    <p class='ocr_par' dir='ltr' id='par_1_96' title="bbox 1906 4203 3491 4275">
     <span class='ocr_line' id='line_1_96' title="bbox 1906 4203 3491 4275; baseline 0.001 -15"><span class='ocrx_word' id='word_1_686' title='bbox 1906 4207 2056 4260; x_wconf 87' lang='lat' dir='ltr'><strong>nium</strong></span> <span class='ocrx_word' id='word_1_687' title='bbox 2084 4205 2286 4275; x_wconf 88' lang='lat' dir='ltr'><strong>injuria</strong></span> <span class='ocrx_word' id='word_1_688' title='bbox 2314 4203 2637 4259; x_wconf 81' lang='lat' dir='ltr'><strong>all‘ectorum</strong></span> <span class='ocrx_word' id='word_1_689' title='bbox 2661 4204 2902 4260; x_wconf 88' lang='lat' dir='ltr'><strong>laborem</strong></span> <span class='ocrx_word' id='word_1_690' title='bbox 2929 4205 3219 4274; x_wconf 90' lang='lat' dir='ltr'><strong>perspicis,</strong></span> <span class='ocrx_word' id='word_1_691' title='bbox 3242 4204 3491 4270; x_wconf 83' lang='lat' dir='ltr'><strong>iramque</strong></span> 
     </span>
    </p>
   </div>
   <div class='ocr_carea' id='block_1_97' title="bbox 1907 4295 3492 4367">
    <p class='ocr_par' dir='ltr' id='par_1_97' title="bbox 1907 4295 3492 4367">
     <span class='ocr_line' id='line_1_97' title="bbox 1907 4295 3492 4367; baseline -0.001 -15"><span class='ocrx_word' id='word_1_692' title='bbox 1907 4305 1964 4352; x_wconf 86' lang='lat' dir='ltr'><strong>et</strong></span> <span class='ocrx_word' id='word_1_693' title='bbox 2001 4295 2246 4352; x_wconf 82' lang='lat' dir='ltr'><strong>furorem</strong></span> <span class='ocrx_word' id='word_1_694' title='bbox 2281 4312 2472 4352; x_wconf 87' lang='lat' dir='ltr'><strong>eorum</strong></span> <span class='ocrx_word' id='word_1_695' title='bbox 2501 4297 2594 4367; x_wconf 89' lang='lat' dir='ltr'><strong>qui</strong></span> <span class='ocrx_word' id='word_1_696' title='bbox 2619 4296 2876 4365; x_wconf 89' lang='lat' dir='ltr'><strong>iujuriam</strong></span> <span class='ocrx_word' id='word_1_697' title='bbox 2912 4295 3179 4351; x_wconf 78' lang='lat' dir='ltr'><strong>inferunt.</strong></span> <span class='ocrx_word' id='word_1_698' title='bbox 3215 4297 3492 4351; x_wconf 64' lang='lat' dir='ltr'><strong>Cons’de-</strong></span> 
     </span>
    </p>
   </div>
   <div class='ocr_carea' id='block_1_98' title="bbox 1907 4385 3489 4457">
    <p class='ocr_par' dir='ltr' id='par_1_98' title="bbox 1907 4385 3489 4457">
     <span class='ocr_line' id='line_1_98' title="bbox 1907 4385 3489 4457; baseline -0.001 -15"><span class='ocrx_word' id='word_1_699' title='bbox 1907 4403 2031 4442; x_wconf 83' lang='lat' dir='ltr'><strong>rare</strong></span> <span class='ocrx_word' id='word_1_700' title='bbox 2060 4396 2267 4451; x_wconf 88' lang='lat' dir='ltr'><strong>autem,</strong></span> <span class='ocrx_word' id='word_1_701' title='bbox 2290 4396 2375 4442; x_wconf 89' lang='lat' dir='ltr'><strong>est</strong></span> <span class='ocrx_word' id='word_1_702' title='bbox 2401 4387 2676 4442; x_wconf 85' lang='lat' dir='ltr'><strong>subtiliter</strong></span> <span class='ocrx_word' id='word_1_703' title='bbox 2700 4387 3036 4442; x_wconf 77' lang='lat' dir='ltr'><strong>discernere.</strong></span> <span class='ocrx_word' id='word_1_704' title='bbox 3055 4385 3271 4457; x_wconf 77' lang='lat' dir='ltr'><strong>Magno,</strong></span> <span class='ocrx_word' id='word_1_705' title='bbox 3292 4385 3489 4456; x_wconf 83' lang='lat' dir='ltr'><strong>inquit,</strong></span> 
     </span>
    </p>
   </div>
   <div class='ocr_carea' id='block_1_99' title="bbox 1907 4478 3491 4548">
    <p class='ocr_par' dir='ltr' id='par_1_99' title="bbox 1907 4478 3491 4548">
     <span class='ocr_line' id='line_1_99' title="bbox 1907 4478 3491 4548; baseline -0.001 -12"><span class='ocrx_word' id='word_1_706' title='bbox 1907 4496 2032 4536; x_wconf 85' lang='lat' dir='ltr'><strong>cum</strong></span> <span class='ocrx_word' id='word_1_707' title='bbox 2059 4481 2309 4536; x_wconf 72' lang='lat' dir='ltr'><strong>exaniine</strong></span> <span class='ocrx_word' id='word_1_708' title='bbox 2339 4488 2394 4534; x_wconf 91' lang='lat' dir='ltr'><strong>tu</strong></span> <span class='ocrx_word' id='word_1_709' title='bbox 2421 4479 2685 4548; x_wconf 85' lang='lat' dir='ltr'><strong>perspicis</strong></span> <span class='ocrx_word' id='word_1_710' title='bbox 2715 4489 2774 4534; x_wconf 90' lang='lat' dir='ltr'><strong>ut</strong></span> <span class='ocrx_word' id='word_1_711' title='bbox 2805 4479 2858 4532; x_wconf 87' lang='lat' dir='ltr'><strong>in</strong></span> <span class='ocrx_word' id='word_1_712' title='bbox 2885 4478 3125 4533; x_wconf 80' lang='lat' dir='ltr'><strong>futurum</strong></span> <span class='ocrx_word' id='word_1_713' title='bbox 3162 4479 3285 4532; x_wconf 84' lang='lat' dir='ltr'><strong>illos</strong></span> <span class='ocrx_word' id='word_1_714' title='bbox 3314 4482 3491 4548; x_wconf 56' lang='lat' dir='ltr'><strong>puluis</strong></span> 
     </span>
    </p>
   </div>
   <div class='ocr_carea' id='block_1_100' title="bbox 1836 4570 3492 4639">
    <p class='ocr_par' dir='ltr' id='par_1_100' title="bbox 1836 4570 3492 4639">
     <span class='ocr_line' id='line_1_100' title="bbox 1836 4570 3492 4639; baseline 0.001 -12"><span class='ocrx_word' id='word_1_715' title='bbox 1836 4572 1887 4633; x_wconf 90' lang='lat' dir='ltr'><strong>D</strong></span> <span class='ocrx_word' id='word_1_716' title='bbox 1916 4572 2120 4629; x_wconf 83' lang='lat' dir='ltr'><strong>tradas.</strong></span> <span class='ocrx_word' id='word_1_717' title='bbox 2177 4572 2256 4626; x_wconf 89' lang='lat' dir='ltr'><strong>Ita</strong></span> <span class='ocrx_word' id='word_1_718' title='bbox 2324 4574 2472 4628; x_wconf 90' lang='lat' dir='ltr'><strong>enim</strong></span> <span class='ocrx_word' id='word_1_719' title='bbox 2541 4573 2644 4627; x_wconf 84' lang='lat' dir='ltr'><strong>hoc</strong></span> <span class='ocrx_word' id='word_1_720' title='bbox 2691 4572 2747 4625; x_wconf 92' lang='lat' dir='ltr'><strong>in</strong></span> <span class='ocrx_word' id='word_1_721' title='bbox 2782 4570 2902 4627; x_wconf 88' lang='lat' dir='ltr'><strong>loco</strong></span> <span class='ocrx_word' id='word_1_722' title='bbox 2935 4587 3130 4630; x_wconf 87' lang='lat' dir='ltr'><strong>manus</strong></span> <span class='ocrx_word' id='word_1_723' title='bbox 3179 4574 3300 4639; x_wconf 74' lang='lat' dir='ltr'><strong>sign</strong></span> <span class='ocrx_word' id='word_1_724' title='bbox 3328 4574 3492 4628; x_wconf 77' lang='lat' dir='ltr'><strong>licunt</strong></span> 
     </span>
    </p>
   </div>
   <div class='ocr_carea' id='block_1_101' title="bbox 1905 4663 3490 4736">
    <p class='ocr_par' dir='ltr' id='par_1_101' title="bbox 1905 4663 3490 4736">
     <span class='ocr_line' id='line_1_101' title="bbox 1905 4663 3490 4736; baseline 0.001 -18"><span class='ocrx_word' id='word_1_725' title='bbox 1905 4665 2064 4736; x_wconf 76' lang='lat' dir='ltr'><strong>juxta</strong></span> <span class='ocrx_word' id='word_1_726' title='bbox 2095 4663 2231 4719; x_wconf 89' lang='lat' dir='ltr'><strong>illud</strong></span> <span class='ocrx_word' id='word_1_727' title='bbox 2281 4664 2512 4734; x_wconf 86' lang='lat' dir='ltr'><strong>apostoli</strong></span> <span class='ocrx_word' id='word_1_728' title='bbox 2549 4684 2564 4720; x_wconf 89' lang='lat'><strong>:</strong></span> <span class='ocrx_word' id='word_1_729' title='bbox 2604 4663 2879 4720; x_wconf 84' lang='lat' dir='ltr'><strong>Ilorribile</strong></span> <span class='ocrx_word' id='word_1_730' title='bbox 2914 4680 2978 4717; x_wconf 85' lang='lat' dir='ltr'><strong>uc</strong></span> <span class='ocrx_word' id='word_1_731' title='bbox 3011 4663 3163 4718; x_wconf 74' lang='lat' dir='ltr'><strong>valde</strong></span> <span class='ocrx_word' id='word_1_732' title='bbox 3201 4666 3490 4719; x_wconf 76' lang='lat' dir='ltr'><strong>timendum</strong></span> 
     </span>
    </p>
   </div>
   <div class='ocr_carea' id='block_1_102' title="bbox 1908 4756 2970 4814">
    <p class='ocr_par' dir='ltr' id='par_1_102' title="bbox 1908 4756 2970 4814">
     <span class='ocr_line' id='line_1_102' title="bbox 1908 4756 2970 4814; baseline -0.001 0"><span class='ocrx_word' id='word_1_733' title='bbox 1908 4768 1986 4814; x_wconf 79' lang='lat' dir='ltr'><strong>est</strong></span> <span class='ocrx_word' id='word_1_734' title='bbox 2006 4757 2238 4812; x_wconf 85' lang='lat' dir='ltr'><strong>incidere</strong></span> <span class='ocrx_word' id='word_1_735' title='bbox 2258 4757 2310 4811; x_wconf 84' lang='lat' dir='ltr'><strong>in</strong></span> <span class='ocrx_word' id='word_1_736' title='bbox 2342 4774 2529 4811; x_wconf 72' lang='lat' dir='ltr'><strong>manus</strong></span> <span class='ocrx_word' id='word_1_737' title='bbox 2561 4756 2656 4812; x_wconf 87' lang='lat' dir='ltr'><strong>Dei</strong></span> <span class='ocrx_word' id='word_1_738' title='bbox 2689 4758 2904 4813; x_wconf 73' lang='lat' dir='ltr'><strong>virentis</strong></span> <span class='ocrx_word' id='word_1_739' title='bbox 2929 4758 2970 4813; x_wconf 76' lang='grc'>⁸.</span> 
     </span>
    </p>
   </div>
   <div class='ocr_carea' id='block_1_103' title="bbox 1988 4848 3488 4920">
    <p class='ocr_par' dir='ltr' id='par_1_103' title="bbox 1988 4848 3488 4920">
     <span class='ocr_line' id='line_1_103' title="bbox 1988 4848 3488 4920; baseline 0.002 -17"><span class='ocrx_word' id='word_1_740' title='bbox 1988 4848 2104 4905; x_wconf 87' lang='lat' dir='ltr'><strong>Tibi</strong></span> <span class='ocrx_word' id='word_1_741' title='bbox 2125 4851 2336 4903; x_wconf 69' lang='lat' dir='ltr'><strong>relictus</strong></span> <span class='ocrx_word' id='word_1_742' title='bbox 2386 4859 2464 4905; x_wconf 74' lang='lat' dir='ltr'><strong>est</strong></span> <span class='ocrx_word' id='word_1_743' title='bbox 2498 4865 2717 4920; x_wconf 84' lang='lat' dir='ltr'><strong>pauper.</strong></span> <span class='ocrx_word' id='word_1_744' title='bbox 2741 4849 2943 4904; x_wconf 78' lang='lat' dir='ltr'><strong>Omnes</strong></span> <span class='ocrx_word' id='word_1_745' title='bbox 2972 4865 3001 4904; x_wconf 71' lang='grc' dir='ltr'>ι</span> <span class='ocrx_word' id='word_1_746' title='bbox 3036 4866 3274 4920; x_wconf 89' lang='lat' dir='ltr'><strong>paupere</strong></span> <span class='ocrx_word' id='word_1_747' title='bbox 3308 4853 3488 4906; x_wconf 81' lang='lat' dir='ltr'><strong>aversi</strong></span> 
     </span>
    </p>
   </div>
   <div class='ocr_carea' id='block_1_104' title="bbox 1913 4942 3239 5012">
    <p class='ocr_par' dir='ltr' id='par_1_104' title="bbox 1913 4942 3239 5012">
     <span class='ocr_line' id='line_1_104' title="bbox 1913 4942 3239 5012; baseline 0 -14"><span class='ocrx_word' id='word_1_748' title='bbox 1913 4951 2065 5012; x_wconf 89' lang='lat' dir='ltr'><strong>sunt,</strong></span> <span class='ocrx_word' id='word_1_749' title='bbox 2095 4942 2243 4999; x_wconf 88' lang='lat' dir='ltr'><strong>unde</strong></span> <span class='ocrx_word' id='word_1_750' title='bbox 2278 4950 2374 4997; x_wconf 87' lang='lat' dir='ltr'><strong>tuo</strong></span> <span class='ocrx_word' id='word_1_751' title='bbox 2410 4951 2619 4997; x_wconf 81' lang='lat' dir='ltr'><strong>tantum</strong></span> <span class='ocrx_word' id='word_1_752' title='bbox 2645 4943 2855 4996; x_wconf 73' lang='lat' dir='ltr'><strong>auxilio</strong></span> <span class='ocrx_word' id='word_1_753' title='bbox 2885 4942 3110 4997; x_wconf 81' lang='lat' dir='ltr'><strong>relictus</strong></span> <span class='ocrx_word' id='word_1_754' title='bbox 3132 4952 3239 4999; x_wconf 88' lang='lat' dir='ltr'><strong>est.</strong></span> 
     </span>
    </p>
   </div>
   <div class='ocr_carea' id='block_1_105' title="bbox 1988 5033 3487 5105">
    <p class='ocr_par' dir='ltr' id='par_1_105' title="bbox 1988 5033 3487 5105">
     <span class='ocr_line' id='line_1_105' title="bbox 1988 5033 3487 5105; baseline -0.001 -14"><span class='ocrx_word' id='word_1_755' title='bbox 1988 5033 2247 5104; x_wconf 82' lang='lat' dir='ltr'><strong>Orphano</strong></span> <span class='ocrx_word' id='word_1_756' title='bbox 2277 5046 2332 5088; x_wconf 73' lang='lat' dir='ltr'><strong>tu</strong></span> <span class='ocrx_word' id='word_1_757' title='bbox 2373 5034 2478 5088; x_wconf 81' lang='lat' dir='ltr'><strong>eris</strong></span> <span class='ocrx_word' id='word_1_758' title='bbox 2502 5035 2738 5105; x_wconf 70' lang='lat' dir='ltr'><strong>adiutor.</strong></span> <span class='ocrx_word' id='word_1_759' title='bbox 2771 5033 3058 5103; x_wconf 84' lang='lat' dir='ltr'><strong>Tanquam</strong></span> <span class='ocrx_word' id='word_1_760' title='bbox 3086 5035 3207 5102; x_wconf 85' lang='lat' dir='ltr'><strong>ejus</strong></span> <span class='ocrx_word' id='word_1_761' title='bbox 3235 5033 3487 5100; x_wconf 80' lang='lat' dir='ltr'><strong>Creator,</strong></span> 
     </span>
    </p>
   </div>
   <div class='ocr_carea' id='block_1_106' title="bbox 1913 5122 3492 5190">
    <p class='ocr_par' dir='ltr' id='par_1_106' title="bbox 1913 5122 3492 5190">
     <span class='ocr_line' id='line_1_106' title="bbox 1913 5122 3492 5190; baseline -0.001 -10"><span class='ocrx_word' id='word_1_762' title='bbox 1913 5133 1970 5180; x_wconf 83' lang='lat' dir='ltr'><strong>et</strong></span> <span class='ocrx_word' id='word_1_763' title='bbox 1994 5125 2278 5179; x_wconf 78' lang='lat' dir='ltr'><strong>Dominus.</strong></span> <span class='ocrx_word' id='word_1_764' title='bbox 2317 5125 2440 5179; x_wconf 66' lang='lat' dir='ltr'><strong>Nare</strong></span> <span class='ocrx_word' id='word_1_765' title='bbox 2474 5131 2659 5177; x_wconf 77' lang='lat' dir='ltr'><strong>tamen</strong></span> <span class='ocrx_word' id='word_1_766' title='bbox 2696 5138 2803 5176; x_wconf 90' lang='lat' dir='ltr'><strong>non</strong></span> <span class='ocrx_word' id='word_1_767' title='bbox 2829 5131 3041 5176; x_wconf 86' lang='lat' dir='ltr'><strong>tantum</strong></span> <span class='ocrx_word' id='word_1_768' title='bbox 3064 5123 3131 5176; x_wconf 88' lang='lat' dir='ltr'><strong>de</strong></span> <span class='ocrx_word' id='word_1_769' title='bbox 3158 5122 3492 5190; x_wconf 78' lang='lat' dir='ltr'><strong>pauperibus</strong></span> 
     </span>
    </p>
   </div>
   <div class='ocr_carea' id='block_1_107' title="bbox 1914 5214 3492 5287">
    <p class='ocr_par' dir='ltr' id='par_1_107' title="bbox 1914 5214 3492 5287">
     <span class='ocr_line' id='line_1_107' title="bbox 1914 5214 3492 5287; baseline -0.003 -14"><span class='ocrx_word' id='word_1_770' title='bbox 1914 5227 1970 5273; x_wconf 81' lang='lat' dir='ltr'><strong>et</strong></span> <span class='ocrx_word' id='word_1_771' title='bbox 2006 5218 2272 5287; x_wconf 83' lang='lat' dir='ltr'><strong>orpltanis</strong></span> <span class='ocrx_word' id='word_1_772' title='bbox 2323 5215 2724 5284; x_wconf 79' lang='lat' dir='ltr'><strong>intelliguntur,</strong></span> <span class='ocrx_word' id='word_1_773' title='bbox 2775 5215 2872 5269; x_wconf 89' lang='lat' dir='ltr'><strong>sed</strong></span> <span class='ocrx_word' id='word_1_774' title='bbox 2909 5215 2976 5267; x_wconf 90' lang='lat' dir='ltr'><strong>de</strong></span> <span class='ocrx_word' id='word_1_775' title='bbox 3007 5214 3249 5283; x_wconf 81' lang='lat' dir='ltr'><strong>gentium</strong></span> <span class='ocrx_word' id='word_1_776' title='bbox 3288 5218 3492 5283; x_wconf 78' lang='lat' dir='ltr'><strong>populo</strong></span> 
     </span>
    </p>
   </div>
   <div class='ocr_carea' id='block_1_108' title="bbox 1913 5303 3490 5380">
    <p class='ocr_par' dir='ltr' id='par_1_108' title="bbox 1913 5303 3490 5380">
     <span class='ocr_line' id='line_1_108' title="bbox 1913 5303 3490 5380; baseline -0.004 -18"><span class='ocrx_word' id='word_1_777' title='bbox 1913 5308 2006 5380; x_wconf 89' lang='lat' dir='ltr'><strong>qui</strong></span> <span class='ocrx_word' id='word_1_778' title='bbox 2038 5309 2240 5363; x_wconf 77' lang='lat' dir='ltr'><strong>dictum</strong></span> <span class='ocrx_word' id='word_1_779' title='bbox 2278 5309 2348 5361; x_wconf 90' lang='lat' dir='ltr'><strong>ob</strong></span> <span class='ocrx_word' id='word_1_780' title='bbox 2374 5319 2596 5361; x_wconf 87' lang='lat' dir='ltr'><strong>causam</strong></span> <span class='ocrx_word' id='word_1_781' title='bbox 2647 5320 2849 5374; x_wconf 81' lang='lat' dir='ltr'><strong>pauper</strong></span> <span class='ocrx_word' id='word_1_782' title='bbox 2888 5313 3000 5358; x_wconf 83' lang='lat' dir='ltr'><strong>erat</strong></span> <span class='ocrx_word' id='word_1_783' title='bbox 3033 5320 3048 5368; x_wconf 86' lang='lat'><strong>;</strong></span> <span class='ocrx_word' id='word_1_784' title='bbox 3080 5315 3133 5359; x_wconf 87' lang='lat' dir='ltr'><strong>et</strong></span> <span class='ocrx_word' id='word_1_785' title='bbox 3184 5303 3490 5373; x_wconf 82' lang='lat' dir='ltr'><strong>orphanus,</strong></span> 
     </span>
    </p>
   </div>
   <div class='ocr_carea' id='block_1_109' title="bbox 1910 5399 3303 5472">
    <p class='ocr_par' dir='ltr' id='par_1_109' title="bbox 1910 5399 3303 5472">
     <span class='ocr_line' id='line_1_109' title="bbox 1910 5399 3303 5472; baseline -0.003 -18"><span class='ocrx_word' id='word_1_786' title='bbox 1910 5403 2039 5472; x_wconf 85' lang='lat' dir='ltr'><strong>quia</strong></span> <span class='ocrx_word' id='word_1_787' title='bbox 2068 5409 2278 5470; x_wconf 85' lang='lat' dir='ltr'><strong>patrem</strong></span> <span class='ocrx_word' id='word_1_788' title='bbox 2313 5415 2376 5454; x_wconf 66' lang='lat' dir='ltr'><strong>ac</strong></span> <span class='ocrx_word' id='word_1_789' title='bbox 2404 5399 2664 5455; x_wconf 80' lang='lat' dir='ltr'><strong>factorem</strong></span> <span class='ocrx_word' id='word_1_790' title='bbox 2717 5413 2876 5453; x_wconf 88' lang='lat' dir='ltr'><strong>suum</strong></span> <span class='ocrx_word' id='word_1_791' title='bbox 2919 5411 3026 5450; x_wconf 91' lang='lat' dir='ltr'><strong>nou</strong></span> <span class='ocrx_word' id='word_1_792' title='bbox 3057 5405 3303 5451; x_wconf 76' lang='lat' dir='ltr'><strong>noverat.</strong></span> 
     </span>
    </p>
   </div>
   <div class='ocr_carea' id='block_1_110' title="bbox 1987 5572 3490 5646">
    <p class='ocr_par' dir='ltr' id='par_1_110' title="bbox 1987 5572 3490 5646">
     <span class='ocr_line' id='line_1_110' title="bbox 1987 5572 3490 5646; baseline -0.003 -13"><span class='ocrx_word' id='word_1_793' title='bbox 1987 5580 2148 5637; x_wconf 77' lang='lat' dir='ltr'><strong>Vsus.</strong></span> <span class='ocrx_word' id='word_1_794' title='bbox 2172 5581 2258 5637; x_wconf 79' lang='lat' dir='ltr'><strong>l5.</strong></span> <span class='ocrx_word' id='word_1_795' title='bbox 2294 5579 2519 5636; x_wconf 78' lang='lat' dir='ltr'><strong>Comere</strong></span> <span class='ocrx_word' id='word_1_796' title='bbox 2551 5577 2821 5633; x_wconf 73' lang='lat' dir='ltr'><strong>brachium</strong></span> <span class='ocrx_word' id='word_1_797' title='bbox 2849 5575 3139 5646; x_wconf 68' lang='lat' dir='ltr'><strong>peccatoris</strong></span> <span class='ocrx_word' id='word_1_798' title='bbox 3171 5585 3219 5629; x_wconf 81' lang='lat' dir='ltr'><strong>et</strong></span> <span class='ocrx_word' id='word_1_799' title='bbox 3244 5572 3490 5640; x_wconf 80' lang='lat' dir='ltr'><strong>maligni.</strong></span> 
     </span>
    </p>
   </div>
   <div class='ocr_carea' id='block_1_111' title="bbox 1909 5665 3486 5743">
    <p class='ocr_par' dir='ltr' id='par_1_111' title="bbox 1909 5665 3486 5743">
     <span class='ocr_line' id='line_1_111' title="bbox 1909 5665 3486 5743; baseline -0.008 -12"><span class='ocrx_word' id='word_1_800' title='bbox 1909 5675 2012 5733; x_wconf 89' lang='lat' dir='ltr'><strong>Per</strong></span> <span class='ocrx_word' id='word_1_801' title='bbox 2089 5674 2373 5731; x_wconf 85' lang='lat' dir='ltr'><strong>brachiqu</strong></span> <span class='ocrx_word' id='word_1_802' title='bbox 2461 5673 2758 5743; x_wconf 83' lang='lat' dir='ltr'><strong>potentiam</strong></span> <span class='ocrx_word' id='word_1_803' title='bbox 2839 5685 2902 5725; x_wconf 82' lang='lat' dir='ltr'><strong>ac</strong></span> <span class='ocrx_word' id='word_1_804' title='bbox 2978 5670 3121 5724; x_wconf 77' lang='lat' dir='ltr'><strong>vires</strong></span> <span class='ocrx_word' id='word_1_805' title='bbox 3213 5665 3486 5738; x_wconf 66' lang='lat' dir='ltr'><strong>intelligit.</strong></span> 
     </span>
    </p>
   </div>
  </div>
