4050 6278
614 403 717 472 167

679 515 871 570 Justus
893 516 1068 564 autem
1100 505 1224 576 quid
1261 503 1382 573 fecit
1414 502 1439 554 ?
1472 497 1615 566 Quid
1667 495 1814 560 fecit,
1859 492 2057 560 inquit,
2089 487 2174 556 ju-
2208 489 2252 543 Α

609 617 754 670 stus,
789 615 850 658 ut
881 597 1200 668 huiusmodi
1246 592 1684 665 persecutionem
1719 587 1994 640 sustinere
2028 582 2187 636 debe-

607 706 694 756 ret
720 700 743 752 ?
768 696 913 766 quod
949 695 1017 748 de
1042 693 1227 759 seipso
1273 686 1552 756 Propheta
1593 682 1747 745 dicit,
1781 676 1946 733 veluti
1977 675 2067 746 qui
2099 674 2184 727 in-

1842 374 2233 444 EUTIIYMII
2276 369 2641 437 ZlGAB-ENI
3747 357 3830 424 158

2361 485 2424 538 '0
2456 482 2525 535 δὲ
2553 479 2790 544 δικαίος
2824 477 2882 530 τί
2901 476 3158 544 ἐποίησε
3190 492 3208 540 ;
3235 473 3298 529 Τί
3328 473 3385 528 δὲ
3417 473 3666 527 ἔπταισεν
3696 476 3718 526 ὁ
3764 475 3834 526 ol-

2285 596 2464 641 καιος,
2495 577 2582 632 ἵνα
2610 575 2784 638 οὕτως
2834 572 3141 641 διώκηται;
3175 567 3312 642 Περὶ
3365 569 3558 622 ἑαυτοῦ
3611 569 3664 622 δὲ
3704 569 3838 622 τοῦτό

2289 688 2477 742 φησιν,
2502 668 2578 731 ὡς
2612 667 2712 720 οὐκ
2730 665 3087 735 ἀδικήσαντος
3121 663 3246 725 τοὺς
3273 659 3613 722 ἀδικοῦντας.
3641 661 3708 713 Ἦ
3732 663 3837 728 περὶ

605 792 752 863 juria
798 803 894 842 eos
933 786 1156 839 minime
1195 779 1460 841 aﬂecerit,
1499 777 1591 846 qui
1627 773 1731 828 sibi
1789 773 1922 827 adeo
1968 768 2186 823 fuerant

2294 765 2386 832 τῆς
2438 761 2644 817 ἀνωθεν
2694 758 3008 827 ἐπισκοπῆς
3065 756 3318 826 βούλεται
3372 754 3688 808 διδάσκεινο
3728 754 3755 805 ὁ
3795 753 3840 806 δὲ

607 881 841 939 inimici.
879 878 973 934 Vel
1007 882 1070 932 de
1095 890 1333 946 superna
1358 873 1453 928 Dei
1482 870 1732 925 custodia
1754 875 1808 922 et
1842 865 2185 937 protectione

607 975 761 1044 loqui
801 972 1058 1034 intendit,
1098 969 1338 1023 dicens:
1381 965 1525 1020 Deus
1557 962 1649 1033 qui
1698 961 1920 1032 proprie
1964 973 2025 1012 ac
2056 971 2185 1012 vere
2231 987 2233 990 ι

601 1064 788 1135 justus
813 1060 1037 1124 dicitur,
1067 1058 1160 1128 qui
1186 1069 1405 1111 omnem
1435 1068 1653 1123 semper
1694 1051 1807 1104 odit
1833 1047 2184 1119 iniustitiam,

2293 857 2450 920 Θεὸς,
2474 859 2502 909 ὁ
2529 853 2733 924 κυρίως
2757 853 2987 913 δίκαιος,
3018 850 3047 900 ὁ
3091 849 3268 921 μισῶν
3300 849 3398 918 τὴν
3434 847 3668 910 ἀδικίαν,
3700 847 3725 900 ὁ
3759 846 3844 915 μό-

2295 969 2383 1016 νος
2415 949 2618 1019 κρίνων
2637 949 2836 1018 ὀρθῶς,
2859 946 3065 1000 τούτων
3095 943 3236 999 οὕτω
3263 942 3582 1012 γινομένων,
3609 939 3661 994 τί
3681 940 3846 1010 ἐποίη-

2296 1062 2426 1108 σεν;
2460 1039 2572 1113 ἆρα
2611 1042 2907 1115 παρεῖδεν;
2942 1039 3019 1092 Οὐ
3052 1037 3152 1108 μὲν
3181 1034 3298 1090 οὖν.

605 1127 698 1229 qui
723 1158 874 1213 solus
907 1152 1298 1223 rectejudicat,
1330 1150 1462 1220 quid
1514 1149 1643 1203 fecit
1671 1149 1693 1202 τ
1723 1153 1846 1217 post
1893 1151 2044 1198 tanta
2086 1141 2345 1198 nimirum
2372 1140 2581 1197 seelera
2609 1151 2730 1209 quae
2792 1135 2862 1192 ab
2925 1133 3033 1190 illis
3086 1140 3302 1204 patrata
3359 1130 3545 1188 sunt?
3615 1127 3849 1203 numquid

606 1251 862 1307 fortassis
889 1249 1157 1320 despiciet
1197 1256 1290 1300 aut
1314 1259 1423 1300 non
1461 1243 1715 1298 videbit?
1752 1241 2028 1315 Minime“

678 1346 844 1401 Vens.
958 1345 1213 1397 Dominus
1247 1343 1300 1395 in
1342 1340 1530 1407 templo
1569 1348 1753 1394 sancto
1812 1354 1931 1399 suo,
1990 1335 2177 1389 Domi-

607 1455 705 1493 nus
732 1440 788 1492 in
829 1438 954 1492 curto
981 1437 1126 1490 sedes
1167 1437 1307 1505 ejus.
1364 1433 1477 1494 Est,
1541 1429 1761 1500 inquit,
1805 1428 2069 1484 Dominus
2122 1429 2178 1480 in

606 1531 810 1599 templo
844 1528 1188 1592 Jerusalem;
1226 1533 1309 1580 est
1352 1525 1515 1577 etiam
1580 1520 1846 1575 Dominus
1893 1520 2092 1574 sedens
2125 1518 2180 1572 in

609 1623 770 1677 coelo.
807 1621 974 1687 Quasi
1007 1622 1193 1673 dicat:
1233 1616 1446 1685 Ubique
1491 1616 1646 1667 adest
1685 1613 1849 1679 Deus,
1884 1618 1940 1667 et
1990 1625 2181 1666 omnes

609 1713 994 1783 prospicitqui
1032 1711 1236 1780 injuria
1269 1708 1622 1763 afficiuntur:
1657 1705 1804 1775 quod
1836 1720 1903 1759 ex
1945 1719 2182 1775 sequen-

608 1807 758 1861 tibus
787 1808 960 1877 magis
992 1806 1155 1859 etiam
1189 1804 1435 1856 declarat
1467 1801 1681 1854 dicens:

680 1899 836 1954 Oculi
888 1899 1000 1967 ejus
1056 1899 1109 1952 in
1166 1912 1447 1964 pauperem
1511 1895 1860 1961 prospiciunt,
1918 1895 2186 1965 palpebra

605 1993 721 2062 ejus
742 1993 1021 2061 exquirunt
1050 1989 1197 2058 ﬁlios
1230 1989 1524 2041 hominum.
1558 1987 1676 2041 Non
1719 1988 1859 2041 dixit
1887 1989 2184 2056 Aspiciuut,

608 2086 703 2141 sed
736 2086 1100 2150 Prospiciuut,
1158 2085 1560 2154 protectionem
1610 2082 1758 2136 illam
1821 2084 2080 2137 nimirum
2114 2084 2189 2138 si-

607 2178 895 2250 gniﬁcans,
946 2192 1109 2246 quam
1164 2193 1228 2229 ex
1286 2176 1397 2230 alto
1449 2176 1633 2230 habet.
1669 2175 1829 2231 Oculi
1879 2185 2061 2230 autem
2091 2175 2184 2230 Dei

609 2270 943 2340 intelligendi
976 2277 1127 2334 sunt,
1153 2269 1426 2336 exquisita
1460 2269 1550 2322 illa
1586 2269 1821 2323 scientia
1851 2275 1906 2322 et
1941 2269 2187 2339 cognitio

606 2377 789 2418 rerum
817 2361 1062 2414 omnium
1108 2375 1229 2429 quae
1262 2362 1400 2412 tiunt
1437 2377 1449 2413 :
1508 2359 1780 2429 palpebrae
1828 2375 1956 2414 vero
1994 2360 2184 2428 hujus,

608 2453 729 2524 ejus
762 2455 1097 2525 cognitionis
1127 2454 1398 2509 velamen.
1440 2452 1718 2522 Palpebras
1745 2454 2016 2525 siquidem
2067 2463 2189 2524 teg-

608 2549 754 2606 mina
774 2550 1059 2604 oculorum
1117 2557 1268 2602 sunt.
1296 2548 1404 2603 Per
1437 2548 1733 2616 palpebras
1775 2548 1944 2617 igitur
1977 2548 2189 2616 signiti-

608 2655 734 2694 care
789 2641 982 2703 voluit,
1037 2641 1182 2708 quod
1235 2639 1278 2693 si
1335 2639 1556 2707 quando
1602 2639 1819 2695 videtur
1877 2639 2018 2694 Deus
2078 2654 2186 2693 non

609 2731 883 2801 aspicere,
913 2732 1008 2787 sed
1038 2734 1090 2785 in
1144 2731 1488 2786 absconditis
1525 2734 1692 2786 animi
1737 2748 1797 2786 ac
1830 2733 2033 2787 mentis
2072 2747 2189 2787 mo-

605 2827 742 2892 rari,
787 2832 918 2879 tunc
983 2835 1160 2878 tamen
1221 2825 1393 2878 nihilo
1450 2826 1633 2879 minus
1686 2825 1831 2879 videt
1871 2842 1885 2879 :
1926 2826 2010 2880 vel
2041 2825 2188 2895 quod

610 2918 794 2972 omnia
853 2919 1138 2988 prospicit,
1200 2918 1366 2971 veluti
1421 2919 1512 2987 qui
1544 2934 1649 2972 non
1711 2919 1888 2975 oculis
1946 2929 2187 2984 tantum,

610 3011 707 3067 sed
739 3011 874 3079 ipsis
927 3012 1090 3064 etiam
1157 3009 1436 3078 palpebris
1485 3011 1785 3076 intueatur,
1827 3023 1881 3066 et
1930 3028 1994 3066 ex
2038 3013 2188 3065 omni

605 3110 763 3172 parte
791 3102 972 3155 omnia
1006 3109 1323 3170 cognoscat.
1364 3100 1665 3171 Exquirere
1704 3103 1872 3158 etiam
1923 3104 2066 3159 idem
2096 3113 2182 3160 est

609 3193 754 3262 quod
780 3208 1131 3263 cognoscere.
1165 3191 1334 3246 Filios
1379 3204 1563 3249 autem
1616 3194 1906 3249 hominum
1965 3211 2065 3265 pro
2091 3198 2190 3252 ho-

2356 1326 2575 1394 Κύριος
2604 1322 2676 1375 ἐν
2712 1317 2838 1386 ναῷ
2864 1316 3011 1388 ἁγίῳ
3042 1313 3252 1378 αὐτοῦ,
3288 1313 3504 1380 Κύριος
3536 1310 3609 1365 ἐν
3642 1309 3854 1379 οὐραγῷ

2289 1427 2322 1477 ό
2351 1421 2567 1490 θρόνος
2596 1413 2806 1475 αὐτοῦ.
2846 1413 2937 1467 Ἐν
2967 1411 3045 1481 τῷ
3069 1409 3213 1464 κατὰ
3238 1408 3340 1480 τὴν
3374 1405 3733 1477 Ἰερουσαλὴμ.
3758 1403 3856 1472 ναῷ

2293 1516 2431 1579 ἐστι,
2459 1513 2555 1567 καὶ
2581 1511 2658 1580 τῷ
2689 1505 2908 1577 οὐρανῷ
2937 1504 3196 1574 κάθηται,
3227 1500 3528 1563 τουτέστιν,
3560 1493 3855 1566 ἁπανταχοῦ

2293 1605 2547 1676 πάρεστι,
2581 1601 2820 1663 καὶτοὺς
2860 1596 3251 1667 ἀδικουμένους
3289 1594 3412 1664 ὁρᾷ.
3448 1592 3622 1645 Τοῦτο
3654 1590 3756 1660 γὰρ
3781 1588 3858 1642 διὰ

2292 1699 2404 1754 τῶν
2431 1693 2557 1765 έξῆς
2589 1695 2875 1764 ἐπήγαγεν
2903 1706 2920 1725 ·

2370 1881 2436 1932 οι
2469 1875 2765 1948 ὀφθαλμοί
2817 1871 3005 1927 αὑτοῦ
3061 1871 3151 1938 εἷς
3194 1870 3304 1924 τὸν
3359 1866 3594 1937 πένητα
3645 1863 3863 1920 ἐπιϐλέ·

2289 1989 2476 2029 πουσι
2500 1989 2512 2000 ·
2564 1972 2640 2026 τὰ
2681 1969 2969 2039 βλέφαρα
3021 1965 3211 2021 αὑτοῦ
3242 1963 3499 2030 ἐξετάζει
3534 1961 3678 2027 τούς
3711 1960 3862 2024 υιοὺς

2289 2065 2408 2120 τῶν
2436 2063 2788 2132 ἀνθρώπων.
2823 2061 2938 2115 Οὐκ
2979 2055 3100 2113 εἷπε
3133 2059 3460 2118 Βλέπουσιν,
3495 2054 3613 2109 ἀλλ’
3646 2053 3862 2107 ἐπιϐλέ-

2289 2174 2502 2223 πουσι,
2534 2159 2636 2227 τὴν
2666 2156 2726 2222 ἐξ
2772 2152 2943 2224 ὕψους
2983 2151 3160 2221 δηλῶν
3206 2148 3536 2218 ὲπισκοπήν.
3579 2145 3863 2215 Ὀφθαλμοὶ

2289 2251 2345 2304 δὲ
2370 2249 2530 2314 Θεοῦ,
2558 2251 2591 2320 ἡ
2623 2249 2862 2318 ἀκριϐὴς
2891 2245 3094 2314 γνῶσις
3118 2242 3229 2296 τῶν
3259 2240 3565 2310 γινομένων
3588 2254 3601 2269 ’
3631 2237 3863 2308 βλέφαρα

2289 2346 2368 2411 δὲ,
2428 2347 2459 2415 ἡ
2511 2342 2684 2414 ὲποχὴ
2730 2342 2830 2411 τῆς
2881 2338 3140 2408 τοιαύτης
3185 2338 3480 2405 γνώσεο›ς’
3509 2334 3581 2388 τὰ
3637 2333 3866 2404 βλέφαρα

2295 2440 2423 2509 γὰρ,
2450 2436 2768 2506 καλύπτραι
2791 2433 2899 2486 τῶν
2927 2430 3247 2503 ὀφθαλμῶν.
3279 2430 3377 2482 Διά
3406 2427 3590 2498 μέντοι
3617 2428 3730 2480 τῶν
3757 2425 3866 2496 βλε-

2291 2532 2484 2600 φάρων
2517 2528 2892 2599 παρέστησεν,
2929 2526 3004 2589 ὡς
3035 2524 3132 2578 καὶ
3159 2524 3248 2578 ὅτε
3269 2523 3422 2577 δοκεῖ
3470 2522 3545 2593 μὴ
3578 2523 3736 2592 ὀρᾷν,
3769 2513 3867 2572 οἷον

2290 2628 2350 2680 ὲν
2377 2627 2492 2688 τοῖς
2522 2621 2870 2694 ἀποκρύφοις
2893 2620 2996 2689 τῆς
3035 2618 3239 2689 ψυχῆς,
3278 2615 3379 2668 οὐκ
3410 2615 3634 2669 ἔλαττον
3668 2613 3788 2683 ὁρᾷ.
3809 2612 3869 2664 Ἥ

2291 2719 2385 2773 καὶ
2430 2719 2489 2771 τὸ
2539 2718 2882 2786 παντέφορον
2930 2710 3100 2767 αὑτοῦ
3160 2711 3438 2764 δείκνυσιν
3491 2707 3768 2770 ἐντεῦθεν,
3816 2706 3868 2758 οὗ

2296 2813 2457 2882 μόνον
2491 2809 2815 2879 ὀφθαλμοῖς,
2866 2805 3005 2862 ἀλλὰ
3037 2805 3127 2858 καὶ
3159 2802 3454 2874 βλεφάροις
3500 2801 3760 2871 ὁρῶντος,
3789 2797 3873 2850 καὶ

2293 2905 2635 2976 πανταχόθεν
2691 2905 2872 2958 πάντα
2907 2898 3293 2970 γινώσκοντος.
3340 2895 3654 2963 Ἐξετάζειν
3702 2893 3781 2956 δὲ,
3821 2892 3874 2942 τὸ

2291 2998 2699 3066 διαγινώσκειν.
2737 2995 2900 3058 Υιοὺς
2928 2994 2984 3046 δὲ
3025 2990 3352 3061 ἀνθρώπων,
3381 2989 3593 3050 πάντας
3635 2985 3766 3047 τοὺς
3795 2983 3878 3034 ὸν-

2294 3090 2571 3163 θρώτιους.
2607 3087 2822 3152 Ἀπλῶς
2853 3087 3031 3150 διττὸς
3072 3089 3168 3139 καὶ
3210 3087 3240 3138 ὁ
3286 3082 3478 3152 πένης,
3519 3078 3671 3132 κατά
3702 3093 3762 3130 τε
3789 3076 3876 3145 τὴν

2295 3185 2354 3237 ὲν
2371 3185 2623 3256 χρήμασι
2653 3179 3003 3253 περιουσίαν,
3021 3179 3116 3234 καλ⁵
3132 3178 3232 3249 τὴν
3256 3179 3313 3230 ὲν
3340 3176 3591 3246 ἀρεταῖς.
3627 3171 3808 3238 Σαφὲς
3827 3169 3877 3222 δδ

609 3287 850 3341 minibus
883 3285 1208 3354 simpliciter
1237 3286 1441 3354 posuit.
1476 3286 1696 3356 Pauper
1737 3300 1867 3342 vero
1899 3264 2188 3356 dupliciter

2297 3278 2494 3344 οὕτως’
2530 3278 2636 3331 Τὸν
2665 3275 2766 3347 μὲν
2791 3269 2886 3330 οὖν
2916 3274 3063 3328 κατὰ
3096 3271 3196 3344 τὴν
3221 3271 3280 3325 ὲν
3301 3269 3549 3340 χρήμασι
3566 3264 3878 3336 περιουσίαν

609 3380 833 3442 dicitur,
882 3378 1201 3448 patrimonii
1244 3379 1459 3436 scilicet
1491 3381 1866 3451 possessione,
1917 3387 1973 3434 et
2022 3381 2193 3434 virtu-

611 3479 747 3522 tum.
780 3469 978 3523 Verum
1030 3469 1163 3521 illud
1218 3469 1570 3525 manifestum
1605 3479 1689 3524 est
1742 3469 1890 3540 quod
1940 3469 2191 3541 pecuniis

611 3575 928 3630 pauperem,
989 3563 1080 3630 qui
1118 3563 1319 3619 virtute
1341 3564 1496 3619 dives
1536 3565 1629 3624 sit,
1686 3563 1948 3632 respiciat
1999 3564 2186 3617 Domi-

612 3667 762 3706 nus:
804 3653 1061 3724 quodque
1109 3665 1325 3717 contra.
1355 3658 1654 3713 virtutibus
1707 3672 2004 3727 pauperem
2056 3657 2190 3711 abo-

611 3744 880 3808 minatur,
916 3761 1248 3818 quamquam
1297 3745 1547 3817 pecuniis
1598 3747 1671 3803 sit
1711 3749 1886 3804 dives.
1942 3747 2193 3802 Primum

2299 3373 2509 3443 πένητα
2542 3369 2854 3434 ὲττιῦλέπει,
2885 3365 3225 3420 πλουτοῦντα
3255 3363 3355 3432 τὴν
3403 3359 3630 3431 ἀρετήν’
3684 3357 3778 3410 τὸν
3827 3353 3879 3409 ὁὶ

2301 3466 2448 3521 κατὰ
2476 3463 2575 3534 τὴν
2604 3462 2664 3515 ὲν
2695 3461 2920 3532 ἀρεταῖς
2948 3457 3379 3529 ἀποστρέφεται,
3432 3450 3775 3504 πλουτοῦντα
3826 3448 3878 3534 ἐν

2296 3560 2572 3631 χρήμασιο
2602 3556 2706 3610 Τὸν
2737 3556 2838 3627 μὲν
2865 3553 2958 3608 οὖν
2993 3553 3212 3624 πρῶτον
3244 3549 3370 3622 ὁρᾷ.
3421 3543 3763 3600 πλουτοῦντα
3807 3533 3882 3603 οἷς

2317 3655 2346 3707 ὁ
2385 3651 2644 3724 δεύτερος
2676 3650 2900 3704 πένεται
2923 3662 2938 3676 ’
2960 3648 3050 3700 τὸν
3085 3645 3142 3700 δὲ
3175 3645 3429 3713 δεύτερον
3451 3637 3881 3708 ἀποστρέφεται,

2306 3745 2608 3815 πενόμενον
2630 3737 2713 3807 οἷς
2740 3739 3012 3812 ὁπρῶτος
3067 3736 3312 3801 πλουτεῖ,
3377 3731 3498 3787 κατ’
3555 3728 3883 3797 ἐναλλαγήν,

609 3837 777 3904 igitur
806 3854 1096 3911 pauperem
1141 3840 1408 3896 Dominus
1461 3841 1710 3908 respicit,
1757 3843 1850 3912 qui
1895 3843 2062 3898 rebus
2086 3843 2155 3898 iis
2180 3841 2446 3908 abundat,
2482 3841 2687 3912 quibus
2718 3833 3274 3905 secundusindiget:
3316 3843 3347 3884 a
3403 3825 3653 3883 secundo
3709 3835 3882 3879 autem

611 3937 898 3999 avertitur,
973 3937 1066 4003 qui
1097 3935 1162 3989 iis
1196 3942 1369 3998 caret,
1401 3933 1605 4004 quibus
1643 3936 1888 3991 abundat
1923 3938 2156 4007 primus.

683 4029 848 4082 Vens.
882 4027 934 4082 6.
989 4027 1248 4082 Dominus
1304 4029 1534 4098 exquirit
1593 4028 1805 4098 justum
1856 4043 1904 4086 et
1941 4032 2186 4101 impium.

609 4123 711 4176 Per
734 4122 838 4175 hoc
871 4121 1185 4175 declaratur
1210 4121 1341 4191 quid
1374 4121 1688 4191 signiﬁcent
1720 4123 1812 4177 illa
1830 4123 2019 4188 verba,
2045 4125 2190 4194 ﬁlios

609 4213 915 4272 hominum;
941 4213 1119 4280 iustos
1143 4213 1405 4266 nimirum
1441 4212 1780 4283 etinjustos,
1815 4229 1956 4283 quos
1990 4214 2192 4286 impios

605 4307 771 4359 etiam
802 4307 1059 4375 appellat,
1103 4305 1231 4374 quia
1292 4304 1462 4360 Deum
1515 4307 1819 4376 negligunl,
1860 4309 1989 4362 dum
2048 4309 2193 4365 illius

608 4408 875 4468 pr:eccpta
908 4399 1204 4452 observare
1229 4406 1616 4453 contemnunt.

680 4489 783 4554 Qui
818 4496 991 4542 autem
1021 4489 1194 4557 diligit
1228 4489 1576 4557 injustitiam,
1611 4489 1724 4543 odit
1750 4492 1989 4546 animam
2012 4510 2187 4548 suam.

608 4581 732 4634 "an
774 4593 856 4635 est
910 4592 1091 4636 autem
1145 4597 1315 4636 causa
1365 4596 1536 4653 quare
1594 4584 1840 4639 confidat
1892 4585 2186 4657 Propheta.

2379 4032 2597 4100 Κύριος
2647 4027 2907 4095 ἐξετάζει
2954 4025 3065 4081 τὸν
3098 4023 3355 4084 δίκαιον,
3398 4017 3496 4073 καὶ
3534 4018 3642 4072 τὸν
3671 4015 3884 4084 ἀσεϐῆ·

2300 4121 2477 4176 Τοῦτο
2542 4117 2887 4190 διακριτικὸν
2920 4118 3024 4188 τῆς
3078 4115 3192 4168 τῶν
3241 4108 3546 4181 ἀνθρώπων
3581 4109 3884 4178 σημασίας,

2300 4218 2381 4270 ὅτι
2419 4216 2514 4270 καὶ
2536 4215 2664 4277 τοὺς
2687 4212 2928 4275 δικαίους
2960 4209 3135 4277 λέγει,
3180 4208 3274 4260 καὶ
3308 4203 3435 4264 τοὺς
3476 4199 3726 4263 ἀδίκους,
3759 4199 3886 4254 ἀσι-

2300 4306 2529 4371 ϐοῦντας
2556 4308 2615 4360 ὲν
2644 4306 2722 4377 τῷ
2762 4303 3052 4375 ἀτιμάζειν
3075 4299 3230 4365 Θεὸν,
3265 4294 3356 4350 διὰ
3379 4292 3480 4363 τῆς
3504 4292 3619 4348 τῶν
3654 4291 3885 4348 ἐντολῶν

2302 4400 2470 4454 αὑτοῦ
2513 4398 3000 4469 καταφρονήσεως.

2382 4493 2438 4546 '0
2461 4491 2530 4545 δὲ
2553 4489 2805 4562 ἀγαπῶν
2835 4487 2950 4557 τὴν
2995 4485 3260 4551 ἀδικίαν,
3302 4478 3476 4550 μισεῖ
3511 4477 3627 4546 τὴν
3667 4473 3888 4531 ἑαυτοῦ

2300 4581 2534 4652 ψυχήν.
2559 4583 2669 4634 Καὶ
2684 4579 2844 4633 τοῦτο
2872 4577 3107 4645 Θάρσους
3129 4575 3325 4634 αἴτιον,
3361 4568 3454 4622 καὶ
3478 4566 3884 4628 διδασκαλικὸν,

607 4673 1007 4728 Documentum
1047 4684 1307 4743 praztcrea
1345 4678 1636 4730 continent
1681 4676 1796 4732 haec
1831 4680 2017 4745 verba,
2046 4681 2188 4750 quod

2301 4677 2378 4740 ὡς
2424 4675 2610 4739 ἄδικος
2639 4674 2738 4744 τῆς
2790 4669 2982 4726 ἑαυτοῦ
3033 4666 3181 4738 ζωῆς
3215 4665 3309 4717 τὸν
3349 4662 3579 4716 θάνατον
3613 4659 3887 4728 κατεργά-

609 4766 850 4833 injustus
903 4767 1142 4836 quisque
1177 4767 1302 4822 vitae
1362 4769 1598 4837 propria:
1638 4778 1870 4824 mortem
1905 4782 2188 4842 operatur,

607 4859 804 4911 animm
887 4873 998 4912 suae
1055 4858 1310 4914 inimicus
1358 4857 1613 4915 etlectos.
1701 4860 1896 4919 Pravis
1986 4865 2188 4919 etenim

608 4964 673 5003 ac
727 4949 975 5004 scelestis
1034 4951 1347 5004 actionibus
1381 4953 1519 5017 suis,
1558 4951 1726 5007 Deum
1767 4969 1984 5024 semper
2015 4957 2190 5026 magis

607 5043 786 5095 irritat
809 5057 871 5096 ac
907 5051 1167 5110 provocat
1193 5044 1461 5098 adversus
1483 5047 1722 5098 animam
1756 5061 1935 5100 suam.

679 5131 848 5188 Vens.
879 5133 932 5186 7.
971 5132 1120 5187 Pluet
1165 5150 1325 5204 super
1365 5145 1667 5201 peccatores
1715 5135 1952 5205 laqueos.
1989 5136 2189 5192 Addu-

606 5235 717 5290 cet,
748 5225 947 5294 inquit,
983 5224 1250 5280 Dominus
1317 5227 1590 5296 supplicia
1637 5242 1805 5297 super
1849 5240 2187 5300 peccatores,

603 5320 805 5387 quibus
835 5319 1043 5374 detenti
1101 5335 1129 5372 a
1191 5319 1424 5388 pristino
1474 5321 1680 5390 impetu
1740 5335 2185 5392 compescentur.

607 5411 718 5466 llac
755 5423 935 5467 autem
959 5413 1154 5481 pluviae
1181 5411 1528 5480 metaphora,
1570 5427 1844 5466 summam
1875 5416 2184 5484 supplicio-

605 5522 726 5562 rum
764 5506 1156 5561 abundantiam
1188 5521 1252 5559 ac
1301 5506 1716 5575 perpetuitatem
1742 5507 2044 5563 denotavit.

677 5603 824 5671 Ignis
847 5611 895 5655 et
928 5601 1151 5669 sulphur
1181 5610 1229 5654 ct
1264 5601 1485 5668 spiritus
1543 5599 1790 5668 procella:
1825 5618 1952 5669 pars
2001 5603 2186 5656 colicis

603 5701 738 5766 ejus.
782 5697 926 5768 Ignis
953 5697 1171 5765 quidem
1205 5694 1622 5750 edieacissimus
1645 5704 1765 5761 est;
1799 5696 2031 5764 sulphur
2056 5711 2186 5751 vero

605 5791 822 5859 pinguis
856 5798 910 5844 et
947 5805 1134 5844 crassa
1193 5789 1340 5843 illius
1389 5800 1538 5842 esca.
1602 5785 1716 5840 lloc
1777 5787 1924 5841 enim
1973 5787 2183 5842 {omnis

605 5897 833 5950 genere,
867 5882 1006 5951 ignis
1071 5879 1221 5936 valde
1258 5879 1522 5935 nutritur.
1570 5879 1806 5948 Spiritus
1873 5879 2036 5935 etiam
2083 5895 2180 5935 seu

2303 4772 2487 4840 ζηται,
2515 4767 2710 4838 ὲχθρδς
2741 4765 2842 4834 τῆς
2871 4759 3077 4822 οἰκείας
3102 4756 3283 4827 ψυχῆς
3317 4753 3622 4822 γινόμενος.
3650 4753 3747 4806 Διὰ
3776 4754 3882 4820 γὰρ

2302 4861 2413 4915 τῶν
2466 4860 2701 4915 ἀνοσίων
2748 4856 3004 4928 πράξεων
3060 4846 3358 4921 παροξύνει
3403 4848 3525 4898 κατ’
3575 4844 3742 4914 αὐτῆς
3791 4846 3883 4895 τ“ν

2301 4954 2454 5008 Θεόν.

2378 5131 2710 5199 Ἐπιερέξει
2774 5125 2871 5180 ἐπὶ
2931 5120 3322 5192 ἁμαρτωλοὺς
3394 5118 3674 5188 παγίδας.
3727 5118 3881 5172 Ἐπι-

2293 5227 2500 5297 6ρέξει,
2534 5223 2811 5277 τουτέστιν
2859 5216 3070 5271 ἄνωθεν
3108 5214 3326 5280 ἐπάξει,
3376 5215 3492 5277 τοῖς
3529 5213 3878 5283 ἁμαρτωλοῖς

2293 5319 2549 5386 παγίδας,
2596 5316 2717 5386 ἦτοι
2768 5310 3064 5383 τιμωρίας,
3125 5309 3196 5361 δι’
3238 5301 3314 5361 ὧν
3362 5306 3745 5378 θηρευόμενοι,
3774 5303 3881 5372 τῆς

2291 5413 2470 5482 ὁρμῆς
2500 5411 2803 5477 ἐφέξονται.
2860 5405 2938 5475 Τῇ
2991 5403 3175 5473 μέντοι
3219 5401 3390 5472 βροχῇ
3447 5400 3548 5470 τὴν
3595 5399 3876 5469 δαψίλειαν

2298 5506 2391 5557 καὶ
2418 5502 2700 5569 συνέχειαν
2728 5496 2838 5549 τῶν
2867 5493 3155 5563 τιμωριῶν
3190 5491 3435 5564 ᾐνίξατο.

2367 5597 2495 5665 Πῦρ
2534 5592 2631 5647 καὶ
2661 5590 2824 5645 θεῖον
2865 5590 2962 5642 καὶ
2994 5587 3232 5656 πνεῦμα
3271 5583 3614 5654 καταιγίδος
3640 5584 3678 5649 ἡ
3709 5579 3876 5651 μερὶς

2294 5689 2399 5743 τοῦ
2428 5685 2718 5753 ποτηρίου
2774 5680 2982 5740 αὑτοῦ.
3046 5679 3389 5748 Δραστήριον
3448 5677 3550 5746 μὲν
3603 5676 3665 5727 τὸ
3719 5672 3822 5737 πῦρ
3857 5687 3871 5700 ⁸

2293 5781 2499 5848 λιπαρὰ
2543 5778 2599 5830 δὲ
2640 5774 2820 5845 τροφὴ
2855 5773 3051 5842 πυρὸς,
3091 5772 3152 5826 τὸ
3191 5771 3365 5824 Θεῖονπ
3394 5769 3534 5831 εἶδος
3579 5767 3689 5836 γὰρ
3717 5762 3874 5818 τοῦτο

2293 5875 2412 5928 λίαν
2446 5868 2742 5942 θρεπτικὸν
2775 5869 2963 5937 πυρός’
2986 5865 3440 5938 ἁναρῤιπιστικὲον
3458 5865 3511 5918 δὲ
3532 5863 3628 5932 τῆς
3653 5855 3880 5931 φλογδςη
