4068 6276
171 327 269 382 185
1302 335 1698 399 ΟΟΜΜΕΝΤ.
1732 337 1811 396 ΙΝ
1827 333 2216 402 lPSALMOS.
3311 332 3411 390 18h

167 441 220 496 ἓν
250 440 392 512 φόϐῳ
419 439 573 502 Θεοῦ,
608 433 671 495 οὗ
701 442 863 513 φόϐος
895 443 996 499 οὐκ
1022 440 1089 520 ἦν
1119 446 1247 518 παρ’
1268 447 1452 510 αὐτοῖς
1479 449 1583 520 πρὸ
1608 449 1725 502 πεί-

1851 446 1994 512 ιίλίι,
2039 445 2166 515 quia
2209 441 2468 496 Israelita:
2519 456 2715 497 omnes
2768 456 2833 496 ex
2891 453 2998 493 una
3035 446 3164 494 sunt
3200 436 3410 493 radice.

171 551 277 606 ρας.
315 533 420 587 Καὶ
438 532 548 604 γὰρ
582 533 744 597 αὐτὸς
783 531 853 608 ἦν
880 537 908 589 ὁ
934 535 1066 600 Θεὸς
1105 537 1161 589 ὲν
1190 537 1268 606 τῷ
1300 538 1450 607 γένει
1475 540 1584 591 τῶν
1624 556 1720 591 πο-

1851 538 1923 595 iel
1971 540 2173 592 aliter:
2212 536 2335 591 Illic
2368 535 2789 607 trepidazveruut,
2832 533 3212 589 Senuacherib
3241 532 3406 585 nimi-

167 623 550 693 λιορκουμένων
574 623 864 692 Ἰουδαίων,
909 625 1049 694 ὑπὲρ
1079 625 1259 679 αὐτῶν
1292 630 1619 698 μαχόμενος.
1652 628 1722 681 Ἦ

166 716 251 768 καὶ
278 713 574 769 ὲδιιλίασαν
617 716 675 767 ὲν
709 716 860 787 φόϐῳ
887 715 980 768 τοῦ
1009 717 1279 782 Ἐζεκίου,
1304 711 1367 771 οὗ
1397 719 1498 770 οὐκ
1532 714 1600 790 ἦν
1629 720 1723 787 φό-

167 809 271 872 ϐος,
309 807 504 878 μᾶλλον
539 809 1008 880 ὑποπτήσσοντας,
1051 809 1148 861 καὶ
1189 810 1288 880 τὴν
1318 807 1511 878 αὖριον
1556 826 1722 882 προσ-

164 901 411 966 δοκῶντος
440 902 580 973 μετὰ
605 901 716 954 τῶν
754 903 852 956 σὺν
897 901 1047 972 αύτῷ
1081 901 1291 965 πάντας
1325 903 1723 974 ἀναιρεθῆναι·

162 997 655 1066 κατασφαττόμενοι
680 999 788 1068 γὰρ
822 999 871 1050 οἱ
902 997 1202 1068 ’Δσσύριοι,
1249 999 1471 1052 ἐδόκουν
1492 1000 1600 1053 ἀπὸ
1633 1000 1729 1054 τοῦ

159 1087 414 1158 βασιλέως
441 1087 714 1141 Ἰουδαίων
765 1089 1093 1160 ἀνῃρῆσθαι,
1128 1091 1222 1143 καὶ
1266 1089 1347 1142 ὅτι
1368 1090 1503 1154 Oed;
1530 1093 1678 1143 ἐστιν
1703 1093 1732 1144 ὁ
1769 1101 1777 1113 ·

154 1183 282 1247 Θεὸς
326 1183 611 1256 Ἐϐραίων,
654 1184 866 1257 βοηθῶν
907 1185 1131 1248 αὐτοῖς,
1178 1185 1434 1241 ἐντεῦθεν
1482 1185 1730 1254 ἐμάνθα-

1831 648 1975 697 rum,
2005 640 2060 686 et
2083 632 2177 701 qui
2207 646 2331 684 cum
2363 645 2429 686 eo
2462 641 2640 695 erant,
2679 630 2878 684 timore
2932 627 3054 691 Dei,
3090 627 3249 694 cujus
3293 625 3409 690 Dei,

1835 733 2131 794 antequam
2199 727 2640 793 experimentum
2700 723 2807 777 hoc
2853 730 3158 783 sumerent,
3225 719 3412 773 nullus

1831 818 1978 885 apud
1999 831 2096 870 eos
2129 815 2307 870 fuerat
2334 817 2520 870 timor.
2560 815 2624 869 Et
2657 830 2822 870 causa
2856 828 3023 884 quare
3056 812 3408 883 postmodum

1831 909 2140 970 timuerint,
2175 909 2277 963 hoc
2312 909 2586 963 versiculo
2625 908 2872 962 declarat
2924 905 3192 972 Propheta
3228 924 3241 958 :
3279 906 3410 972 quia

1829 998 2041 1053 scilicet
2071 997 2211 1054 Deus
2239 999 2290 1053 in
2316 997 2631 1054 Iudaeorum
2657 999 3012 1054 obsessorum
3053 996 3411 1066 generatione

1829 1090 2045 1156 aderat,
2076 1103 2131 1147 et
2167 1107 2265 1161 pro
2310 1094 2392 1147 eis
2425 1094 2724 1166 pugnabat.
2779 1089 2873 1144 Vel
2907 1090 3065 1144 aliter
3107 1102 3122 1143 :
3150 1087 3416 1157 Trepida-

1829 1193 2030 1238 verunt
2080 1185 2317 1255 Assyrii,
2371 1187 2571 1239 timore
2619 1182 2870 1238 Ezechiae
2899 1184 3066 1252 regis.
3102 1179 3263 1249 cuius
3305 1194 3414 1231 non

155 1293 259 1330 νον.
1830 1287 1949 1332 erat
1975 1281 2173 1346 timor;
2218 1281 2322 1336 hoc
2351 1289 2439 1334 est
2483 1279 2578 1350 qui
2609 1279 2790 1332 timeri
2822 1292 2930 1331 non
2979 1272 3236 1334 debebat,
3289 1285 3415 1324 eum

154 1375 265 1445 ipse
295 1374 475 1444 potius
507 1373 575 1428 ab
598 1373 679 1429 eis
707 1372 944 1429 tnaxime
977 1370 1317 1431 formidaret.
1340 1380 1796 1443 exspectaretqne
1827 1390 1887 1430 se
1917 1391 2023 1431 una
2058 1391 2183 1431 cum
2236 1378 2490 1431 universo
2554 1375 2777 1445 populo,
2828 1370 3085 1441 sequenti
3176 1368 3268 1421 die
3329 1367 3421 1418 in-

153 1469 507 1525 terimeudum
551 1484 696 1524 esse.
725 1465 858 1522 Nam
894 1483 1019 1523 cum
1071 1469 1456 1524 occiderentur
1503 1468 1738 1541 Assyrii,
1782 1472 2171 1526 existimarunt
2233 1489 2291 1531 se
2320 1490 2348 1527 a
2379 1472 2696 1528 .Iudaeornm
2769 1483 2896 1537 rege
2948 1467 3152 1522 occidi.
3204 1463 3281 1516 Ex
3333 1461 3420 1515 his

153 1564 328 1635 itaque
362 1571 760 1635 cognoverunt,
800 1563 1264 1634 quemadmodum
1315 1564 1459 1620 De-zs
1499 1562 1843 1631 Judaeorum,
1872 1583 2032 1623 verus
2059 1569 2201 1626 Deus
2267 1581 2374 1638 est,
2400 1585 2524 1625 cum
2561 1576 2770 1622 tantam
2836 1564 3036 1636 populo
3101 1575 3262 1632 Opem
3331 1569 3420 1611 tu-

147 1658 287 1714 ierit.

213 1752 459 1818 Βουλὴν
491 1751 734 1821 πτωχοῦ
776 1750 1230 1820 κατῃσχύνατε,
1288 1753 1323 1804 ὁ
1385 1749 1455 1804 δὲ
1512 1752 1727 1818 Κύριος

1907 1751 2203 1805 Comitium
2222 1751 2393 1820 inopis
2420 1749 2763 1818 con/adistis,
2796 1747 3051 1802 Dominus
3086 1754 3263 1798 autent
3302 1733 3419 1811 spe‘

147 1845 319 1912 ἐλπίς
349 1844 541 1900 αὑτοῦ
570 1846 728 1900 ἐστι.
767 1843 938 1898 Τοῦτο
964 1844 1114 1912 λέγει
1143 1844 1278 1913 πρὸς
1336 1844 1462 1904 τοὺς
1531 1844 1695 1896 ’Λσσν

1851 1850 1948 1918 rjus
1984 1856 2085 1902 est.
2116 1846 2194 1898 Ad
2221 1845 2483 1917 Assyrios
2511 1857 2826 1898 sermonem
2879 1839 3089 1910 dirigit.
3153 1835 3285 1899 Vos.
3335 1834 3422 1887 in-

149 1940 315 2011 ρίους,
348 1940 430 1993 ὅτι
460 1937 850 2008 Ἐφαυλίσατε,
876 1939 972 1991 καὶ
990 1937 1382 2008 ἐξουθενήσατε
1410 1936 1508 2006 τὴν
1539 1937 1732 2004 σκέψιν

149 2033 211 2104 ἢν
232 2032 505 2102 ἐσκέψατο
543 2029 796 2096 Ἐζεκίας
834 2033 863 2086 ὁ
914 2034 1153 2104 πτωχὸς,
1204 2034 1329 2087 ὅσον
1365 2035 1457 2086 ἐπὶ
1511 2037 1575 2104 τῇ
1636 2034 1730 2085 τοῦ

151 2125 382 2196 πολέμου
416 2129 772 2198 παρασκευῇ.
842 2127 1238 2181 Ἐὂουλεύσατο
1266 2129 1341 2192 δὲ,
1390 2127 1501 2180 τῶν
1555 2127 1730 2181 ἄλλων

154 2221 397 2276 ἁπάντων
429 2222 728 2289 ἀπογνοὺς,
764 2224 821 2275 ἐν
851 2222 1041 2292 σάκκῳ
1096 2224 1190 2275 καὶ
1242 2221 1422 2291 σποδῷ
1487 2239 1733 2288 καταφυ-

155 2317 262 2381 γεῖν
287 2315 368 2378 εἰς
395 2315 559 2369 Θεόν.
592 2317 658 2368 ’0
692 2314 1086 2386 μεμαθηκότες
1118 2317 1166 2368 oi.
1195 2315 1293 2368 τοῦ
1364 2316 1734 2385 Σεναχηρεὶμ,

152 2407 602 2479 διεκωμῴδησαν,
629 2408 706 2471 ὡς
743 2409 1041 2477 ἀνωφελές.
1077 2408 1269 2480 Ὑμεῖς
1305 2408 1402 2476 μὲν
1429 2403 1541 2468 οὖν,
1575 2409 1733 2476 φησὶ,

152 2499 527 2572 κατῃσχύνατε
557 2500 656 2572 τὴν
691 2501 890 2572 βουλὴν
923 2500 1090 2555 αὑτοῦ
1121 2518 1134 2532 ·
1169 2502 1333 2564 αὐτὸς
1380 2502 1437 2554 δὲ
1496 2500 1589 2553 τὸν
1621 2499 1732 2552 Κύ-

152 2608 263 2664 ριον
291 2592 484 2647 ἐλπίδα
520 2593 655 2664 ἔχει,
693 2594 1009 2664 προσδοκῶν
1038 2593 1202 2648 αὑτὸν
1228 2594 1389 2663 μόνον
1423 2593 1589 2662 ἔχειν.

221 2763 310 2830 Τίς
339 2764 527 2819 δώσει
550 2763 620 2818 ἐκ
654 2764 809 2819 Σιὼν
837 2767 904 2819 τὸ
943 2765 1243 2835 σωτήριον
1275 2765 1380 2820 τοῦ
1429 2765 1675 2835 Ἰσραήλ
1715 2783 1733 2830 ;

148 2855 240 2920 Τίς
277 2858 386 2911 τῶν
412 2858 827 2914 κατοικούντων
851 2863 909 2912 ἐν
948 2860 1108 2924 Σιὼν,
1134 2860 1296 2914 δώσει
1322 2861 1422 2929 τὴν
1457 2860 1734 2928 σωτηρίαν

152 2951 259 3006 τῶν
302 2952 695 3025 Ἰσραηλιτῶν,
737 2955 879 3024 ἄγαν
909 2957 1300 3026 ὴσθενηκότων
1336 2972 1351 3021 ;
1380 2955 1477 3009 καὶ
1503 2955 1592 3015 τίς
1635 2956 1734 3006 ain

150 3049 272 3109 τοῦς
301 3047 537 3119 ῥύσεται
563 3049 674 3101 τῶν
718 3049 920 3118 χειρῶν
971 3049 1068 3102 τοῦ
1123 3049 1467 3120 Σεναχηρείμ
1500 3065 1515 3111 ;
1549 3049 1738 3108 Οὐδεὶς

151 3137 473 3209 ἀνθρώπων,
527 3142 576 3193 εί
612 3141 686 3210 μὴ
721 3143 750 3193 ὁ
787 3141 940 3205 Θεὸς,
971 3143 1057 3209 ἐφ’
1077 3139 1136 3194 ὃν
1163 3139 1421 3210 ἤλπισαν.
1449 3140 1560 3192 Καὶ
1581 3131 1739 3198 οὗτος

153 3233 259 3304 γὰρ
279 3235 336 3286 ἐν
363 3232 442 3304 τῷ
475 3232 600 3302 ναῷ
630 3233 732 3301 τῆς
753 3231 893 3286 Σιὼν
919 3233 1096 3287 ἐδόκει
1117 3234 1310 3286 οἰκεῖν.

237 3423 334 3474 Ἐν
361 3421 444 3487 τῷ
475 3420 842 3489 ἐπιστρέψαι
871 3423 964 3488 εις
994 3422 1110 3487 τὴν
1157 3420 1582 3490 αἰχμαλωσίαν
1636 3420 1742 3474 τοῦ

158 3515 302 3570 λαοῦ
332 3515 550 3578 αὐτοῦ,
581 3513 1018 3584 ἁγαλλιάσετιιι
1060 3514 1272 3569 Ἰακὼϐ
1319 3515 1413 3567 καὶ
1483 3517 1742 3583 εὐφραν-

163 3607 400 3674 θήσεται
431 3608 713 3677 Ἰσραήλ.
757 3610 1150 3679 Αίχμαλωσίαν
1179 3610 1276 3678 μὲν
1305 3609 1477 3676 λέγει,
1505 3610 1566 3661 οὐ
1599 3625 1748 3677 γενο-

165 3701 348 3771 μένην,
389 3701 530 3754 ἀλλὰ
557 3699 829 3754 δοκοῦσαν
855 3701 1042 3762 αὐτοῖς
1093 3701 1198 3753 ὑπὸ
1236 3699 1332 3752 τοῦ
1356 3701 1746 3770 ἐπηρτημένου

163 3794 325 3860 φόϐου
368 3794 472 3864 τῆς
496 3796 629 3849 ὅσον
661 3793 814 3848 οὔπω
844 3793 1100 3858 ἁλώσεως
1126 3813 1139 3826 ⁸
1170 3794 1583 3863 κεκυκλωμένοι
1615 3796 1748 3864 γὰρ,

163 3889 254 3942 καὶ
284 3887 762 3958 σεσαγηνευμένοι
809 3890 932 3948 ταῖς
963 3889 1213 3958 αἰχμαῖς,
1242 3889 1444 3957 τρόπον
1466 3886 1590 3940 τινὰ
1621 3903 1752 3940 κατ-

162 3980 384 4051 είχοντο.
414 3979 620 4034 Ἰακὼὸ
651 3979 708 4034 δὲ
733 3981 827 4034 καὶ
863 3980 1102 4051 Ἰσραὴλ.
1167 3981 1376 4044 αὐτοὺς
1405 3980 1471 4051 δὴ
1502 3979 1751 4043 τούτους,

162 4076 234 4141 ὡς
285 4078 706 4146 καταγομένους
753 4078 818 4130 ὲκ
889 4079 990 4145 τῆς
1052 4078 1209 4148 ῥίζης
1243 4075 1461 4138 Ἰακὼϐ,
1521 4074 1616 4128 τοῦ
1661 4077 1756 4128 καὶ

178 4170 413 4241 Ἰσραήλ.
457 4172 526 4224 Ὀ
569 4168 628 4222 δὲ
661 4170 833 4238 λέγει,
863 4167 1110 4225 τοιοῦτόν
1142 4171 1315 4234 ἐστιν,
1349 4171 1433 4224 ὅτι
1483 4168 1577 4223 τοῦ
1641 4171 1756 4222 Κυ-

169 4264 281 4334 ρίου
313 4264 795 4335 ἐλευθερώσαντος
813 4263 1035 4330 αὐτοὺς,
1061 4257 1176 4317 οἷον
1194 4263 1756 4334 αἰχμαλωτισθέντας,

167 4358 595 4426 ἀγαλλιάσονται
627 4359 676 4410 οἱ
698 4357 1187 4429 ἐλευθερωθέντες,
1207 4360 1301 4410 καὶ
1331 4357 1758 4428 εὐφρανθήσον-

170 4467 255 4504 ται
282 4466 297 4480 ⁸
332 4450 427 4503 καὶ
449 4449 882 4517 ὰγαλλιάσονται
912 4449 1032 4519 μὲν,
1071 4449 1405 4520 σωματικῶς
1445 4467 1459 4482 ο
1516 4450 1759 4520 εὐφραν-

1835 1944 1974 2012 quit.
2008 1956 2040 1997 ο
2076 1939 2311 2010 Assyrii,
2346 1938 2596 1992 Ezechia:
2616 1935 2761 2006 regis
2803 1933 3063 1988 universo
3099 1931 3225 1984 belli
3251 1943 3424 1998 appa-

1835 2045 1955 2089 ratu
1989 2033 2168 2101 inepis
2205 2029 2504 2084 consilium
2555 2025 2882 2097 neglexistis
2917 2037 2982 2076 ac
3023 2018 3420 2089 vilipendistis,

1835 2126 2054 2198 quando
2086 2125 2236 2179 onmi
2260 2123 2363 2177 alia
2384 2136 2609 2190 prorsus
2636 2120 2811 2172 salute
2840 2116 3151 2185 desperata.
3178 2113 3230 2165 in
3259 2125 3423 2165 sacco

1837 2231 1891 2276 et
1917 2221 2105 2272 cinere
2137 2215 2388 2286 con-fugit
2429 2213 2492 2267 ad
2550 2211 2868 2267 Dominum.
2919 2209 2974 2263 Id
3011 2208 3156 2262 enim
3217 2204 3422 2259 intelli-

1840 2329 1974 2383 gens
2005 2308 2391 2366 Sennacherib
2414 2309 2583 2375 erepit
2620 2303 2940 2373 hujnsmodi
2994 2300 3288 2354 consilium
3332 2312 3426 2351 ve-

1840 2406 1940 2458 luti
1979 2406 2143 2459 inane
2175 2413 2340 2471 atque
2376 2400 2570 2454 inuti‘e
2600 2398 2854 2452 deridere
2885 2411 2899 2448 :
2935 2409 3124 2448 verum
3155 2392 3425 2446 Ezechias

1842 2499 1895 2552 in
1927 2497 2037 2550 beo
2069 2505 2222 2551 recte
2253 2510 2404 2562 Spem
2430 2509 2583 2548 suam
2611 2492 3004 2550 collocaverat.
3025 2489 3094 2542 ab
3115 2501 3180 2539 eo
3211 2494 3424 2537 tantum

1843 2591 2110 2644 auxilium
2174 2590 2487 2658 postulans,
2549 2585 2644 2654 qui
2712 2599 2838 2638 vere
2873 2580 3004 2635 illud
3033 2584 3245 2648 poterat
3285 2591 3426 2646 pra:-

1841 2695 2007 2742 stare.

1916 2777 2086 2833 Vens.
2131 2776 2184 2831 7.
2227 2774 2361 2841 Quis
2392 2772 2541 2824 dabit
2573 2786 2637 2825 ea:
2706 2769 2839 2824 Sion
2897 2767 3135 2820 salutare
3202 2760 3426 2815 Israel?

1843 2873 2107 2938 Quisnam
2138 2885 2354 2931 eorum,
2395 2866 2595 2935 inquit,
2632 2863 2725 2932 qni
2764 2861 3021 2915 habitant
3060 2859 3113 2909 in
3150 2855 3304 2915 Sion,
3346 2855 3430 2906 in-

1845 2969 2002 3020 lirmo
2038 2981 2099 3020 ac
2130 2962 2419 3018 debilitato
2456 2959 2661 3031 populo
2694 2956 2862 3012 Israel
2920 2954 3156 3008 salutem
3219 2949 3374 3004 dahit
3404 2949 3428 3000 ἲ

1844 3058 1970 3129 quis
1997 3072 2117 3111 eum
2170 3055 2368 3124 eripiet
2419 3069 2482 3108 ex
2547 3067 2713 3104 manu
2773 3047 2946 3103 hostis
2997 3041 3430 3099 Sennaeherib?

1844 3152 2038 3206 Nullus
2081 3148 2362 3202 hominum
2405 3145 2676 3214 profecto,
2733 3143 2830 3197 sed
2857 3139 3011 3194 solus
3046 3138 3209 3198 Dens,
3245 3137 3429 3201 inquo

1767 3212 1810 3268 ε
1845 3249 2236 3313 speraverant,
2291 3249 2345 3293 et
2367 3239 2538 3308 quiin
2596 3235 2797 3303 templo
2850 3230 3005 3293 Sion,
3066 3232 3169 3282 hoe
3223 3236 3308 3281 est
3377 3227 3430 3277 in

1842 3335 2144 3393 Jerusalem
2186 3333 2434 3387 habitare
2458 3330 2764 3385 videbatur.

1916 3429 2049 3484 Cum
2068 3427 2381 3481 converterit
2421 3423 2676 3476 Dominus
2697 3418 3064 3488 captivitatem
3091 3412 3258 3479 plebis
3290 3424 3425 3472 stur,

1846 3521 2134 3577 exsultabit
2194 3517 2361 3573 Jacob
2394 3529 2443 3570 et
2475 3514 2751 3569 thabitur
2789 3509 2987 3564 Israel.
3039 3505 3428 3574 Captivitatem

1848 3617 2090 3684 aliquam
2142 3628 2250 3668 non
2300 3612 2436 3665 dicit
2480 3625 2600 3678 qua:
2639 3608 2751 3678 jam
2800 3603 3124 3663 exstitisset,
3172 3598 3265 3652 sed
3312 3611 3431 3648 eaut

1853 3723 2017 3777 quam
2050 3717 2183 3761 tune
2212 3705 2283 3760 ob
2311 3705 2638 3758 immensum
2672 3700 2926 3753 timorem
2961 3709 3156 3750 omnes
3218 3693 3435 3743 incum—

1853 3800 1989 3856 bere
2021 3799 2465 3859 arbitrabantur,
2499 3803 2553 3848 ct
2576 3791 2760 3856 qualis
2791 3802 3071 3856 nunquam
3138 3792 3294 3836 antea
3339 3782 3441 3834 im-

1855 3893 2065 3946 minere
2096 3890 2212 3945 visa
2249 3890 2462 3952 fuerat;
2494 3880 2817 3939 circumdati
2855 3881 3000 3934 enim
3026 3877 3198 3932 Jndmi
3233 3889 3295 3927 ac
3328 3873 3437 3925 cir-

1856 3972 2172 4039 cmnvallati
2201 3980 2553 4036 inimicorum
2586 3977 2780 4036 armis.
2807 3971 3042 4027 detineri
3106 3969 3176 4023 ab
3229 3967 3334 4027 eis,
3379 3978 3444 4017 ac

1861 4077 2064 4149 captivi
2099 4074 2507 4146 quodammodo
2542 4086 2667 4126 esse.
2721 4067 3074 4123 videbantur.
3118 4063 3217 4116 Per
3273 4059 3447 4114 Iacob

1864 4186 1995 4225 vero
2019 4181 2074 4222 et
2108 4185 2204 4239 per
2238 4164 2408 4222 Israel
2439 4165 2616 4228 ipsum
2671 4160 2988 4214 .Iudteorum
3051 4153 3313 4226 populum
3359 4151 3447 4202 in-

1862 4263 2062 4332 telligit
2100 4277 2166 4314 ex
2194 4260 2416 4313 illorum
2454 4255 2642 4310 radice
2671 4249 3127 4307 descendentem.
3161 4245 3225 4299 Et
3250 4257 3448 4298 sensus

1866 4363 1973 4416 est,
2021 4351 2167 4423 quod
2199 4365 2324 4405 eum
2358 4348 2623 4402 Dominus
2675 4360 2770 4399 eos
2796 4359 2864 4397 ex
2921 4343 3045 4401 hac,
3102 4352 3266 4407 quam
3312 4334 3451 4385 i‘ixi-

1866 4460 1989 4500 mus
2018 4441 2428 4514 quodammodo
2493 4437 2813 4508 captivitate
2840 4433 3175 4494 liberaverit,
3207 4428 3441 4483 exsulta.

171 4541 426 4612 θήσονται
454 4542 514 4596 δὲ
569 4541 664 4594 καὶ
692 4517 980 4612 ψυχικῶς·
1015 4517 1177 4596 τοῦτο
1230 4542 1356 4612 μὲν,
1407 4545 1473 4611 τῇ
1527 4517 1748 4613 εὐθυμίς

1875 4541 2011 4593 bunt
2035 4547 2169 4590 tunc
2193 4545 2248 4590 et
2277 4533 2614 4587 laetabuntur
2645 4545 2659 4581 :
2693 4541 2925 4596 corpore
2950 4524 3172 4595 quidem
3202 4517 3450 4574 exsulta-

173 4635 267 4702 τῆς
297 4633 512 4705 τροφῆς
547 4650 561 4663 ·
598 4632 761 4686 τοῦτο
785 4633 866 4698 δὲ,
902 4635 969 4704 τῇ
1002 4635 1201 4706 μελέτῃ
1230 4634 1339 4688 τῶν
1373 4633 1535 4688 θείων
1555 4634 1749 4703 λόγων,

175 4722 249 4780 ὧν
277 4729 336 4782 ὲν
367 4726 562 4797 ταυτῷ
595 4726 844 4796 εἴργοντο
871 4726 1352 4799 πολιορκούμενοι.
1397 4727 1561 4782 Ἀλλὰ
1612 4728 1757 4782 κατὰ

180 4819 275 4888 μὲν
311 4818 570 4884 Ἐζεκίαν
602 4821 694 4870 καὶ
722 4819 1091 4890 Σεναχηρεὶμ,
1150 4819 1326 4882 οὕτως
1374 4821 1757 4891 ἐποιησάμεθα

177 4912 273 4981 τὴν
300 4911 594 4981 ἐξήγησιν.
639 4910 967 4982 Ἐξηγητέον
997 4912 1053 4966 δὲ
1110 4911 1299 4966 λοιπὸν
1346 4913 1442 4966 καὶ
1509 4915 1651 4966 κατὰ
1691 4913 1760 4966 τὰ

181 5004 268 5056 ἐπὶ
295 5004 404 5056 τῶν
430 5003 649 5073 χρόνων
691 5002 815 5056 καθ’
848 5001 944 5068 οὒς
970 5005 1000 5056 ὁ
1058 5004 1264 5074 Κύριος
1312 5004 1758 5076 ὲνηνθρὼπησεν.

183 5091 336 5161 Eine,
361 5097 559 5167 φησὶν,
590 5095 621 5147 ὁ
650 5096 881 5166 ἀνόητος
921 5097 1200 5153 Ἰουδαίων
1255 5099 1451 5168 δῆμος,
1474 5100 1504 5151 ὸ
1536 5098 1611 5168 μὴ
1640 5115 1766 5150 συν-

184 5190 260 5252 εὶς
301 5189 402 5252 τὰς
447 5189 585 5259 περὶ
631 5187 873 5258 Χριστοῦ
950 5191 1310 5259 προφητείας,
1371 5191 1458 5243 ὅτι
1499 5190 1602 5243 οὐκ
1649 5190 1762 5244 ἔστι

186 5281 335 5346 Θεὸς,
355 5284 382 5334 ὁ
410 5281 512 5344 τὰς
548 5279 882 5350 θεοσημείας
909 5280 968 5333 ὲν
997 5282 1185 5344 αὐτοῖς
1220 5279 1602 5351 δργαζόμενος
1632 5281 1766 5351 Χρι-

190 5372 332 5434 στός.
365 5372 528 5426 Οὕτω
558 5372 616 5424 δὲ
639 5373 773 5442 παρ’
795 5370 976 5440 ἑαυτῷ
1005 5371 1224 5440 πρῶτον
1249 5370 1634 5441 λογισάμενος,
1674 5373 1769 5426 καὶ

192 5465 441 5533 φανερῶς
467 5463 622 5528 αὐτῷ
644 5465 744 5536 τὴν
780 5462 875 5517 τοῦ
902 5462 1040 5515 Θεοῦ
1072 5464 1261 5534 κλῆσιν
1291 5465 1561 5518 ἐνεκάλει.
1606 5464 1688 5516 Τὰ
1712 5465 1770 5517 δὲ

193 5555 339 5623 ἱξῆς,
366 5555 514 5608 κατὰ
546 5554 648 5625 τὴν
676 5555 939 5624 ἀνωτέρω
964 5555 1159 5624 ῥητέον
1183 5556 1467 5626 ἐξήγησιν.
1521 5557 1645 5609 Οὐκ
1693 5551 1773 5615 ἦν

195 5645 262 5696 δὲ
294 5645 486 5698 ποιῶν
513 5646 898 5714 χρηστότητα
916 5645 987 5699 ὲν
1021 5646 1253 5712 αὐτοῖς,
1304 5647 1508 5716 δηλαδὴ
1553 5649 1667 5706 τοῖς
1697 5649 1772 5715 μὴ

199 5734 514 5805 δεξαμένοις
564 5736 665 5801 τὴν
725 5734 1085 5789 διδασκαλίαν
1119 5734 1308 5792 αὑτοῦ.
1351 5739 1566 5806 Κύριος
1602 5736 1671 5788 δὲ
1704 5735 1772 5788 ἐκ

202 5827 302 5882 τοῦ
335 5827 603 5896 οὐρανοῦ
626 5827 898 5898 διέκυψε,
923 5828 1221 5896 τουτέστιν,
1246 5831 1274 5882 ὁ
1305 5831 1427 5894 Υἱὸς
1458 5830 1514 5895 ἐξ
1540 5829 1772 5897 οὐρανιιῦ

1859 4637 2027 4691 bunt,
2059 4626 2246 4681 animo
2284 4639 2416 4678 vero
2437 4637 2501 4676 ac
2523 4622 2720 4691 spiritu
2746 4617 3107 4678 laetabuntur;
3141 4621 3194 4664 et
3221 4610 3450 4662 alterum

1861 4722 2089 4795 quidem
2126 4718 2198 4772 ob
2229 4717 2619 4770 alimentorum
2671 4712 2924 4780 cepiam,
2948 4708 3181 4761 alterum
3217 4718 3345 4756 vero
3384 4701 3454 4754 oh

1860 4812 2044 4870 studia
2096 4823 2162 4862 ae
2221 4806 2606 4862 meditationes
2659 4802 3006 4873 eloquiorum
3056 4797 3197 4862 Dei;
3252 4795 3454 4864 quibus

1861 4904 2122 4961 omnibus
2185 4899 2449 4953 carebant
2513 4897 2734 4968 quando
2785 4895 2983 4949 civitas
3033 4891 3261 4946 obsessa
3311 4896 3450 4941 erat-

1867 4999 1937 5054 Et
1998 4997 2114 5050 haec
2157 4992 2379 5062 quidem
2438 4987 2818 5055 interpretatio
2864 4994 2953 5040 est
2991 4985 3146 5053 juxta
3202 4994 3452 5042 sensum,

1869 5106 1980 5160 quo
2009 5088 2287 5143 Psalmunt
2322 5082 2694 5152 intelligimus
2749 5081 2816 5134 de
2851 5079 3083 5135 Ezechia
3118 5086 3172 5130 et
3214 5076 3280 5129 de
3319 5075 3459 5127 Seu-

1876 5179 2164 5238 nacherib.
2202 5177 2322 5230 Alia
2354 5175 2520 5229 etiam
2559 5176 2722 5226 datur
2754 5172 3046 5241 expositio,
3076 5178 3134 5222 ut
3173 5166 3458 5236 propin-tia

1877 5278 1929 5332 iu
1961 5291 2026 5329 eo
2057 5275 2128 5328 sit
2153 5271 2373 5332 tradita,
2426 5285 2548 5337 quze
2582 5269 2864 5322 contineat
2901 5266 3113 5318 illorum
3147 5274 3457 5332 temporum

1874 5362 2282 5437 gesta,quibus
2347 5361 2612 5414 Dominus
2670 5362 2989 5414 incarnatus
3045 5364 3151 5411 est.
3185 5354 3457 5422 lusipiens

1875 5457 2192 5511 .Iudmnrum
2221 5453 2480 5524 p0pnlus,
2513 5464 2567 5507 et
2601 5453 2920 5522 prophetias
2969 5451 3037 5504 de
3085 5449 3308 5502 Christo
3347 5463 3455 5501 non

1879 5551 2212 5618 intelligens,
2273 5548 2437 5607 dixit,
2485 5546 2774 5599 Dominum
2829 5543 3039 5609 Jesum,
3107 5543 3198 5610 qui
3260 5555 3454 5608 magna

1880 5643 2123 5710 alioquin
2161 5642 2300 5695 inter
2356 5655 2449 5692 eos
2494 5647 2546 5690 et
2604 5636 2796 5689 divina
2857 5634 3118 5688 miracula
3184 5648 3246 5685 ac
3296 5632 3452 5700 signa

1880 5747 2137 5806 operatus
2172 5739 2368 5799 fuerat,
2415 5735 2584 5790 Deum
2615 5747 2721 5787 non
2752 5747 2908 5784 esse:
2945 5745 3184 5797 cumque
3216 5729 3449 5796 primum

1882 5829 1985 5882 hoc
2016 5829 2240 5883 dixisset
2284 5842 2346 5881 ae
2407 5826 2702 5896 cogitasset
2761 5821 2906 5874 intra
2963 5835 3044 5882 se,
3100 5815 3447 5887 postmodum
