4036 6256
651 330 758 396 199
1861 339 2173 401 EUTlIYM

2291 344 2654 405 ZIGABENI
3759 346 3847 406 200

647 456 796 502 recte
819 447 1094 512 convenit,
1130 457 1184 504 ut
1212 451 1405 505 eadem
1441 467 1555 510 res.
1583 463 1638 507 et
1683 455 1861 523 portio
1889 456 2129 523 dicatur,
2160 476 2180 512 ε

2317 462 2464 531 τρός.
2512 462 2840 515 Διδασκαλία
2882 461 2964 521 δὲ,
3015 461 3078 514 τδ
3137 462 3434 528 ποτήριον,
3482 459 3562 513 ὅτι
3617 461 3699 512 καὶ
3737 457 3856 524 οἶνος

649 539 891 604 divitia,
924 553 976 597 et
1020 543 1357 614 limreditas;
1399 562 1461 599 ea
1508 547 1766 604 nimirum
1814 551 2046 614 ratione,
2093 555 2180 622 qui

2331 554 2494 622 αῦτη,
2525 554 2614 606 διὰ
2638 555 2696 608 τὸ
2724 553 3060 624 εὐφραίνειν,
3096 555 3191 606 καὶ
3219 554 3461 623 ἄμπελος
3492 554 3520 605 ὸ
3549 554 3777 623 Χριστός.

643 644 700 691 et
735 635 1012 700 dividitur,
1045 649 1100 692 et
1131 640 1256 706 quia
1290 640 1507 695 divitem
1538 646 1738 709 reddit,
1767 655 1821 699 et
1853 649 1981 715 quia
2027 651 2360 721 relinquitur
2385 668 2411 705 a
2439 652 2617 705 Patre.
2649 650 2804 705 Calix
2831 653 2993 706 etiam
3027 667 3123 721 pro
3181 652 3430 705 doctrina
3485 654 3647 721 accipi
3689 665 3853 723 pulcSl,

648 744 772 799 qua:
798 728 925 783 vino
957 734 1151 786 merito
1185 747 1559 801 comparatur,
1634 747 1689 792 et
1757 742 1883 810 quia
1929 742 2186 808 lmtiﬁcat,
2215 754 2269 799 et
2299 744 2424 815 quia
2461 742 2718 796 Christus
2745 743 2898 795 vinea
2927 743 3227 812 appellatus
3281 752 3386 796 est.

717 818 796 873 Tu
848 838 902 874 es
959 824 1050 892 qui
1111 827 1353 879 restitues
1416 828 1779 883 [Hereditatem
1822 849 1992 885 meam
2062 835 2180 887 mih:

2389 832 2474 886 Σὺ
2518 827 2638 886 εἷό
2667 831 3084 886 ἁποκαθιστῶν
3130 833 3245 899 τὴν
3300 839 3692 904 κληρονομίαι·
3739 862 3839 910 μου

644 911 846 966 Gentes
881 928 1002 981 qua:
1031 915 1160 968 olim
1191 932 1221 970 a
1268 916 1424 973 Patre
1471 927 1636 988 alqttc
1665 937 1695 974 a
1723 921 1858 976 Filio
1884 936 2077 980 creata).
2105 925 2180 982 ίυε

2319 923 2401 978 Τά
2423 925 2530 995 γὰρ
2549 924 2676 994 ἔθνη
2707 925 2937 994 πλάσμα
2971 925 3066 978 τοῦ
3099 925 3225 978 Υἱοῦ
3256 928 3350 980 καὶ
3381 928 3514 982 Θεοῦ
3539 935 3855 1003 τυγχάνοντα,

644 1015 788 1066 rant,
832 1018 884 1059 et
925 1007 1015 1061 Dei
1077 1008 1393 1074 ﬁgmentum
1447 1013 1793 1080 dicebantur,
1851 1018 2176 1075 discesserat

2323 1018 2644 1087 ἀπέστησαν
2673 1019 2754 1080 είς
2793 1018 3264 1088 εἰδωλολατρείαν,
3306 1016 3428 1075 εἶτα
3455 1023 3614 1076 πάλιν
3645 1027 3859 1082 ἀπεκατο

643 1097 716 1151 ab
749 1114 836 1163 eo,
869 1108 924 1154 et
949 1116 1231 1156 conversae
1266 1104 1331 1156 ad
1370 1105 1734 1171 idololatrias,
1763 1122 2038 1177 postremo
2053 1113 2102 1167 ei
2132 1129 2180 1182 pi

2327 1112 2564 1180 έστησαν
2617 1109 2764 1179 αὐτῷ
2803 1112 2891 1164 διὰ
2923 1115 3020 1180 τῆς
3052 1113 3309 1177 πίστεως.
3365 1115 3671 1184 Ἀνατίθησι
3713 1122 3764 1172 δὲ
3797 1123 3858 1190 τῷ

644 1191 802 1247 ﬁdem
837 1195 1037 1249 iterum
1078 1200 1346 1253 restitutae
1378 1212 1506 1254 sunt
1541 1219 1555 1254 ε
1593 1202 1738 1256 lianc
1789 1215 1969 1260 autem
2001 1208 2180 1261 restiti

2331 1203 2505 1274 Πατρὶ
2531 1206 2631 1271 τὴν
2668 1207 2848 1275 χάριν,
2884 1206 2960 1268 ὡς
2997 1207 3166 1277 αἰτίᾳ.
3194 1209 3302 1260 Καὶ
3327 1209 3605 1262 ἔστιτουτὶ
3625 1212 3682 1264 τὸ
3725 1216 3861 1284 ῥητὴν

645 1286 813 1341 tionis
845 1292 1078 1355 gratiam
1118 1289 1314 1356 Filius,
1361 1293 1414 1347 in
1446 1293 1662 1349 Patrem
1700 1308 1958 1366 tanquam
1993 1301 2047 1354 in
2078 1303 2178 1370 prii

2329 1298 2801 1367 ἑφερμηνευτικὸν
2857 1294 2952 1348 τοῦ
3009 1297 3116 1366 πρὸ
3173 1298 3364 1352 αὐτοῦ.
3433 1300 3530 1352 Διά
3553 1299 3702 1353 τοῦτο
3751 1304 3857 1370 γὰρ,

644 1381 846 1448 cipium
899 1383 1089 1438 refert.
1153 1387 1454 1455 Aptissime
1498 1406 1627 1444 vero
1661 1391 1748 1446 hic
1797 1394 2104 1449 versiculus
2157 1413 2180 1448 ιι

2329 1390 2481 1457 φησὶ,
2526 1388 2781 1451 κοινωνὸς
2815 1384 2867 1440 εἴ
2925 1391 3026 1458 τῆς
3079 1390 3447 1461 κληρονομίας
3505 1409 3624 1460 μου.
3659 1393 3744 1445 καὶ
3785 1396 3860 1446 τοῦ

643 1475 1042 1542 praecedentem
1098 1479 1613 1548 interpretationem
1661 1489 2044 1555 consequitur.
2089 1488 2180 1544 "at

2329 1479 2595 1549 ποτηρίου
2637 1495 2761 1549 μου,
2795 1480 2930 1533 διότι
2965 1481 3028 1532 σύ
3067 1497 3157 1548 μοι
3190 1483 3396 1550 ταύτην
3425 1484 3858 1554 ἀποκατέστησας.

643 1565 843 1634 inquit,
890 1571 954 1622 de
987 1584 1152 1625 causa
1195 1580 1250 1624 tu
1301 1589 1358 1627 es
1399 1577 1679 1646 particeps
1713 1579 2048 1634 ltmreditatis
2093 1597 2176 1635 Ille

2330 1571 2444 1640 Πρὸ
2482 1571 2575 1623 τοῦ
2625 1572 2892 1640 ποτηρίου
2942 1572 3024 1634 δὲ,
3050 1571 3149 1643 τὴν
3207 1574 3578 1643 κληρονομίαν
3627 1577 3860 1638 τέθεικεν,

643 1669 697 1713 et
739 1661 928 1716 calicis
970 1665 1095 1730 inci,
1127 1668 1386 1734 quoniam
1421 1677 1478 1721 tu
1512 1671 1644 1724 milii
1671 1687 1788 1725 eam
1822 1675 2180 1729 reslituistil

2326 1662 2406 1715 ὅτι
2441 1663 2578 1734 αὑτὴ
2615 1664 2843 1731 γέγονεν
2880 1666 3030 1717 αἰτία
3057 1663 3151 1717 τοῦ
3181 1664 3414 1720 θανάτου
3444 1668 3605 1720 αὐτοῦ
3628 1686 3643 1700 ο
3694 1670 3756 1722 δι’
3782 1671 3860 1723 αὖ·

643 1752 1016 1809 luereditatem
1053 1758 1236 1824 posuit
1279 1761 1601 1830 priusquam
1664 1766 1912 1833 calicem,
1959 1769 2180 1837 quoniat

2324 1757 2423 1823 τὴν
2449 1757 2517 1824 γᾶ
2530 1774 2558 1823 ρ
2593 1756 2887 1810 ἀπέθανεν.
2926 1757 3146 1826 Ῥητέον
3165 1758 3220 1812 δέ
3245 1777 3295 1812 τι
3329 1762 3420 1812 καὶ
3451 1760 3718 1832 γλαφυρὸν
3751 1762 3863 1815 θεώ·

641 1846 931 1902 limreditas
956 1852 1148 1905 mortis
1179 1852 1252 1905 illi
1277 1868 1441 1908 causa
1475 1855 1592 1909 luit.
1618 1856 2033 1928 Propteripsam
2070 1861 2178 1916 enii

2327 1867 2481 1919 ρημα
2525 1852 2652 1920 περὶ
2681 1851 2788 1903 τῶν
2828 1851 3241 1920 προκειμένων*
3291 1853 3372 1906 ὅτι
3420 1853 3510 1906 τὸν
3542 1855 3660 1906 κατ’
3705 1857 3861 1907 εἰκόνα

639 1946 892 1993 mortuus
928 1948 1030 1993 est.
1059 1941 1167 1996 Nec
1213 1946 1442 1999 tacenda
1479 1946 1635 2001 nobis
1678 1960 1759 2004 est
1803 1951 2049 2019 quaedam
2105 1968 2174 2007 no

2323 1941 2458 1995 Θεοῦ
2489 1943 2874 2012 πεπλασμένον
2905 1944 3214 2012 ἄνθρωπον,
3254 1945 3346 1997 καὶ
3392 1944 3480 1998 διὰ
3511 1947 3667 2000 τοῦτο
3689 1947 3864 2018 κλῆρον

642 2029 926 2098 inelegans
978 2033 1045 2087 de
1105 2037 1380 2103 praedictis
1433 2041 1758 2107 spcculatio.
1820 2042 2101 2098 Hominem
2150 2062 2177 2098 a

2288 2035 2290 2044 ’
2319 2034 2413 2088 τοῦ
2462 2035 2766 2098 πλάσαντος
2820 2037 2970 2102 ὄντα,
2997 2037 3256 2101 δελεάσας
3289 2040 3316 2090 ό
3341 2039 3632 2109 δυσμενὴς,
3675 2043 3760 2092 καὶ
3787 2058 3863 2092 w-

640 2119 936 2188 imaginem
965 2131 1019 2176 et
1050 2124 1468 2183 similitudinem
1500 2129 1592 2184 Dei
1653 2131 1854 2187 factum
1886 2145 1940 2189 et
1980 2136 2180 2206 plasma

2319 2128 2613 2198 ραννήσας,
2648 2130 3024 2194 ἐπεσπάσατο,
3054 2132 3148 2183 καὶ
3175 2131 3267 2183 τὸν
3292 2131 3577 2202 ἀλλότριον
3613 2134 3864 2205 ἐσφετερί-

637 2216 772 2272 tum,
793 2219 959 2280 atque
991 2214 1114 2269 ideo
1146 2217 1516 2274 lirereditatem
1541 2222 1822 2281 Creatoris
1849 2228 2079 2293 dictum,
2108 2243 2180 2282 su

2319 2240 2470 2286 σατο,
2513 2222 2769 2292 πέπομφε
2805 2223 2860 2274 δὲ
2907 2223 3044 2292 προς
3088 2224 3250 2276 αὐτὸν
3288 2225 3316 2275 ὁ
3351 2225 3687 2296 κληρονόμος
3715 2229 3868 2296 γράμ-

637 2301 912 2369 propriam
947 2305 1228 2375 redegerat
1258 2309 1470 2366 daemon
1499 2316 1863 2384 tyrannidem,
1890 2326 1944 2373 et
1975 2319 2180 2374 alieuut

2321 2332 2466 2384 ματα
2505 2315 2590 2366 διὰ
2628 2313 2949 2383 προφητῶν,
2999 2313 3337 2366 ἀπαιτοῦντα
3388 2315 3479 2366 τὸν
3529 2315 3865 2384 ἀφαιρείιέντα

636 2396 971 2465 mancipium
1009 2399 1112 2454 sibi
1142 2416 1504 2472 usurpaverat
1533 2426 1546 2460 :
1581 2406 1646 2460 ad
1693 2425 1879 2479 quem,
1913 2413 2005 2466 Dei
2043 2410 2180 2467 Filiu

2320 2407 2542 2478 κλῆρον.
2593 2407 2680 2470 Ὠς
2728 2407 2784 2461 δὲ
2825 2407 3026 2478 μᾶλλον
3079 2408 3378 2477 ἀντείχετο,
3435 2408 3620 2462 λαϐὼν
3667 2409 3866 2470 αὐτὸςό

635 2492 692 2537 et
725 2485 920 2553 haeres,
956 2489 1170 2548 litteras
1203 2495 1374 2560 misit,
1416 2499 1666 2554 scribens
1698 2501 1744 2555 ei
1773 2517 1871 2572 per
1899 2503 2180 2574 prophetas

2317 2500 2657 2570 κληρονόμος
2690 2499 2955 2570 διαθήκας
2983 2499 3076 2553 τοῦ
3113 2501 3348 2570 Πατρδς,
3377 2501 3591 2553 κάτεισι
3638 2504 3765 2568 πρὸς
3793 2503 3864 2554 τὸν

642 2579 1016 2636 hereditatem
1046 2584 1195 2639 illam
1249 2601 1523 2655 repetens,
1561 2607 1668 2662 qua
1697 2591 1873 2649 luerat
1909 2597 2180 2651 fraudatus

2317 2596 2564 2663 ἅρπαγα,
2593 2594 2690 2647 καὶ
2721 2594 2980 2661 δικαστὴς
3027 2593 3192 2648 αὑτοῦ
3245 2596 3454 2661 γίνεται
3485 2597 3514 2648 ὁ
3544 2595 3747 2666 Πατήρ.
3775 2596 3866 2646 Καὶ

633 2668 702 2723 Et.
739 2675 866 2740 quia
919 2676 1134 2731 daemon
1167 2680 1433 2737 continue
1471 2683 1642 2754 magis
1682 2688 1994 2752 resistebat,
2025 2698 2078 2744 et
2135 2706 2180 2743 τε

2319 2685 2694 2748 καταδικάσας
2729 2685 2822 2738 τὸν
2864 2684 3112 2755 βιαστὴν,
3146 2685 3489 2756 ἀποκαθιστᾷ
3532 2681 3612 2755 τῷ
3644 2685 3752 2754 Υῐῷ
3785 2687 3868 2754 τὴν

634 2765 817 2832 pinam
861 2768 1087 2825 reddere
1127 2774 1382 2842 negabat,
1425 2775 1599 2832 lateres
1650 2788 1877 2849 accepto
1925 2782 2102 2835 Patris
2132 2798 2175 2835 Si

2317 2778 2704 2850 κληρονομίαν.
2730 2776 2805 2833 Οῦ
2829 2778 3011 2848 χάριν,
3039 2777 3134 2831 καὶ
3159 2777 3416 2830 κοινωνὸν
3443 2778 3610 2831 αὐτὸν
3632 2779 3725 2834 τοῦ
3753 2795 3866 2831 κατι

633 2861 986 2925 testamento,
1011 2861 1075 2913 ad
1108 2871 1385 2932 raptorem
1417 2865 1723 2924 descendit.
1751 2870 1893 2925 Inter
1917 2887 2014 2926 eos
2034 2880 2180 2926 auter

2316 2871 2639 2941 ορθώματος
2685 2873 2713 2924 ὁ
2745 2870 2872 2934 Υἱὸς
2909 2869 3191 2924 ἐκάλεσεν.

625 2951 789 3020 judex
831 2954 932 3010 fuit
977 2952 1185 3014 Pater:
1241 2962 1334 3031 qui
1383 2962 1751 3020 condemnato
1801 2978 2040 3037 raptore,
2120 2967 2262 3023 Filio
2303 2968 2676 3024 liareditatem
2741 2967 3000 3024 restituit.
3057 2965 3232 3038 Hujus
3325 2969 3399 3023 rei
3459 2969 3664 3038 gratia,
3720 2960 3869 3027 Filius

630 3063 776 3104 nunc
812 3055 1134 3124 participem
1178 3057 1328 3112 illum
1366 3067 1472 3113 tam
1507 3063 1756 3130 praeclari
1789 3066 1973 3134 operis
2008 3065 2326 3136 appellavit.

702 3140 868 3199 Vens.
919 3146 973 3200 6.
1010 3146 1179 3202 Funes
1223 3151 1526 3206 ceciderunt
1556 3156 1686 3208 mihi
1715 3157 1767 3210 In
1805 3159 2016 3226 optimis
2051 3161 2179 3213 meis

2385 3158 2635 3226 Σχοινία
2670 3154 2934 3210 ἐπέπεσέ
2963 3173 3065 3224 μοι
3092 3155 3162 3206 ἐν
3191 3154 3316 3219 τοῖς
3359 3155 3706 3222 κρατίστοις
3742 3173 3863 3224 μου.

630 3233 670 3288 li
699 3236 792 3301 qui
819 3244 1021 3292 terram
1051 3240 1325 3305 dividunt,
1352 3242 1576 3302 funibus
1599 3263 1719 3301 eam
1749 3248 2024 3304 metiendo
2063 3250 2178 3305 dcsi

2315 3253 2378 3304 Ol
2425 3251 2881 3321 κληροδοτοῦντες
2909 3249 3008 3319 τὴν
3061 3249 3186 3319 γῆν,
3225 3247 3477 3318 σχοινίοις
3518 3250 3726 3316 ταύτην
3766 3249 3865 3300 δια·

629 3338 861 3396 gnantcs
916 3331 1308 3391 determinant.
1373 3337 1436 3392 Et
1495 3355 1695 3398 sensus
1738 3351 1869 3400 est:
1931 3343 2180 3401 Restitut:

2312 3344 2658 3415 μετροῦντες,
2692 3342 3088 3414 περιορίζουσι.
3130 3340 3388 3394 Βούλεται
3420 3341 3555 3408 γοῦν
3587 3341 3781 3408 λέγειν,
3804 3341 3865 3402 ὡς

630 3419 762 3470 mihi
795 3419 1115 3474 haereditate
1144 3437 1284 3489 mea,
1322 3426 1482 3481 funes
1516 3429 1669 3483 multi
1703 3431 1834 3484 mihi
1866 3432 2180 3488 ceciderunt

2320 3434 2787 3496 Ἀποκατάστασίς
2833 3450 2921 3503 μοι
2951 3433 3052 3503 τῆς
3080 3431 3450 3502 κληρονομίας
3484 3449 3612 3500 μου,
3650 3433 3864 3484 ἐπέπεσέ

628 3510 732 3564 hoc
764 3519 868 3572 est.
903 3513 1268 3580 obvenerunt,
1306 3526 1362 3572 et
1390 3529 1535 3575 sorte
1583 3523 1740 3591 quasi
1787 3525 1915 3578 milii
1967 3526 2180 3596 conlige

2312 3546 2422 3598 μοι,
2470 3528 2751 3581 τουτέστιν
2810 3525 3099 3590 ἐπέϐαλον,
3138 3526 3232 3578 καὶ
3276 3524 3468 3594 ἔλαχον
3518 3525 3648 3594 ἐμοὶ
3677 3523 3866 3595 σχοινία

627 3611 774 3658 runt.
830 3604 932 3661 Per
982 3605 1142 3662 funes
1183 3619 1363 3664 autem
1409 3612 1754 3669 credentium
1797 3615 2180 3672 multitudinen

2306 3622 2498 3684 πολλὰ,
2549 3618 2845 3674 κάντεῦθεν
2893 3618 3232 3690 διεμετρήθη
3289 3635 3347 3670 τε
3381 3615 3518 3687 αῦτη
3556 3621 3650 3671 καὶ
3681 3635 3867 3686 περιωο

627 3697 903 3768 intclligit.
939 3697 1050 3754 Hoc
1075 3701 1238 3754 etiam
1264 3703 1522 3772 loquendi
1548 3707 1734 3770 modo,
1763 3709 2024 3766 denotare
2051 3711 2180 3768 videi

2307 3713 2487 3785 ρίσθη,
2523 3716 2615 3766 καὶ
2669 3714 2888 3781 ἐγένετο
2924 3713 3202 3780 γνώριμος
3227 3725 3241 3739 ·
3285 3709 3373 3764 διὰ
3399 3710 3506 3779 γὰρ
3535 3710 3652 3762 τῶν
3688 3727 3868 3779 σχοινι-

627 3801 716 3840 tur
758 3790 900 3858 quod
946 3793 1378 3850 ltaereditasluee
1417 3810 1538 3863 sua,
1604 3799 1892 3870 designata
1945 3813 2093 3860 esset
2137 3821 2180 3859 at

2305 3807 2527 3876 σμάτων
2561 3849 2576 3871 ,
2614 3805 2676 3859 τό
2706 3822 2765 3859 τε
2821 3804 3024 3875 πλῆθος
3065 3802 3172 3856 τῶν
3219 3803 3593 3855 πιστευόντων
3641 3803 3864 3871 ᾐνίξατο.

623 3883 1009 3949 determinata,
1039 3896 1091 3939 et
1118 3888 1260 3954 quod
1293 3891 1549 3945 omnibus
1582 3894 1869 3950 notissima
1899 3913 2020 3953 esse
2040 3899 2180 3955 debe

2302 3900 2398 3950 καὶ
2445 3898 2544 3969 τὴν
2594 3899 3004 3968 γνωριμὸτητα.
3055 3895 3158 3947 Δύο
3207 3895 3317 3964 γάρ
3370 3893 3506 3963 ἔργα
3548 3895 3726 3947 ταῦτα
3781 3890 3865 3945 τοῦ

625 3975 736 4028 bat.
775 3975 904 4030 Bina
960 3978 1104 4032 enim
1150 3980 1260 4035 haec
1315 3997 1481 4051 opera
1528 3983 1756 4040 funiculi
1784 4001 1932 4054 sunt,
1974 3999 2032 4043 ut
2059 3991 2180 4046 dixit

2303 3991 2706 4061 σχοινίσματος,
2743 3989 2819 4051 ὡς
2865 3989 3096 4058 ἔφημεν.
3133 3985 3470 4051 Κρατίστους
3495 3984 3552 4039 δὲ
3577 3986 3746 4051 λέγει,
3779 3986 3867 4052 τὴν

624 4084 765 4123 mus.
799 4067 954 4134 Quod
1001 4087 1129 4126 vero
1175 4089 1272 4142 per
1315 4075 1576 4143 optimos,
1623 4095 1778 4133 suam
1829 4082 2180 4138 liaereditaten‘

2301 4083 2668 4152 κληρονομίαν
2691 4082 2880 4144 αὐτοῦ,
2927 4083 3023 4132 καὶ
3061 4077 3219 4132 τοῦτο
3259 4079 3614 4148 παρέστησεν
3653 4080 3739 4133 διὰ
3769 4080 3867 4132 τῶν

622 4162 912 4232 signiﬁcet,
953 4165 1006 4216 in
1030 4167 1386 4235 sequentibus
1423 4171 1595 4238 magis
1623 4173 1886 4240 declarat,
1911 4176 2103 4233 dicens
2137 4197 2151 4233 :

695 4253 905 4333 Etpnim
950 4256 1231 4310 Ita'redt'tas
1278 4275 1393 4313 mea
1436 4262 1636 4329 optima
1682 4274 1759 4317 est
1807 4269 1956 4322 mihi.
2021 4272 2196 4340 Supra

2300 4175 2444 4245 ἑξῆς.

2370 4269 2480 4322 Kal
2527 4268 2638 4337 γὰρ
2688 4268 2725 4334 ἡ
2789 4265 3162 4333 κληρονομία
3217 4281 3358 4333 μου,
3416 4265 3710 4331 κρατίστη
3766 4264 3863 4332 μοί

623 4343 820 4412 plurali
872 4361 1102 4400 numero
1150 4349 1389 4416 Optimos
1445 4351 1582 4406 dixit
1629 4365 1852 4427 propter
1887 4358 2072 4416 ﬁdeles
2103 4364 2192 4432 qui

620 4439 788 4492 variis
839 4447 968 4492 sunt
1019 4440 1070 4492 in
1113 4442 1266 4501 locis,
1300 4459 1443 4499 nunc
1491 4462 1620 4502 vero
1670 4449 2021 4519 singulariter
2054 4456 2188 4524 opti-

621 4546 761 4582 mam
799 4532 1090 4599 appcllavit
1128 4553 1141 4586 :
1199 4538 1326 4600 quia
1386 4537 1627 4592 ﬁdelium
1674 4544 1944 4606 omnium,
1999 4547 2092 4613 qui
2138 4549 2190 4601 in

2297 4364 2493 4415 ἐστιν.
2533 4364 2679 4414 ’Δνω
2730 4360 2828 4428 μὲν
2875 4355 3258 4427 πληθυντικῶς
3321 4356 3650 4425 κρατίστους
3699 4354 3860 4416 εἶπεν,

2295 4453 2384 4506 διὰ
2405 4453 2532 4515 τοὺς
2556 4450 2699 4505 κατὰ
2724 4451 2888 4520 μέρος
2915 4447 3143 4509 πιστούς
3163 4462 3176 4476 ·
3207 4445 3359 4499 κάτω
3389 4445 3448 4498 δὲ
3483 4447 3705 4510 ἑνικῶς,
3736 4463 3861 4516 κρα-

2293 4545 2476 4612 τίστη,
2509 4543 2597 4596 διὰ
2628 4541 2726 4611 τὴν
2748 4541 2859 4594 τῶν
2886 4539 3027 4593 κατὰ
3048 4539 3214 4609 μέρος
3244 4538 3373 4606 μίαν
3402 4540 3750 4608 συναγωγὴν,
3779 4540 3864 4590 καὶ

619 4625 852 4678 diversis
881 4635 1005 4678 sunt
1037 4627 1224 4680 mundi
1258 4631 1525 4696 partibus,
1571 4649 1672 4686 una
1715 4645 1798 4688 est
1830 4644 2180 4710 congregatio

2294 4636 2598 4707 ὁμοδοξίαν.
2656 4636 2970 4702 Κρατίστην
3000 4633 3056 4684 δὲ
3084 4631 3262 4698 λέγει,
3298 4631 3396 4701 τὴν
3444 4631 3748 4699 ἐξαίρετον,
3778 4631 3863 4683 καὶ

618 4714 748 4783 lunia
787 4717 1074 4781 Ecclesia].
1109 4735 1212 4772 una
1242 4722 1425 4789 upinio
1458 4738 1520 4777 ac
1558 4726 1709 4781 lides.
1747 4727 2019 4796 Optimam
2055 4751 2184 4788 vero

617 4809 873 4873 appellat,
909 4809 1066 4872 quasi
1111 4814 1439 4879 przecipuam
1470 4828 1531 4866 ar:
1570 4817 1849 4872 dilectam.
1883 4821 1975 4875 Ve!
2011 4821 2184 4894 [juxta

616 4899 773 4950 aliam
811 4898 1010 4953 Grieczn
1065 4903 1323 4956 dit-tionis
1375 4906 1641 4974 κρατίστη
1702 4911 2183 4981 sigtiilicatimtcm,

617 5006 722 5043 non
759 4993 1018 5058 optimam
1064 5005 1299 5062 tantum,
1334 4998 1453 5068 sed]
1497 4999 1849 5056 fortissimam
1885 5019 1948 5058 ac
1993 5017 2184 5073 poten-

614 5083 879 5135 tissitnant
914 5087 1167 5152 appellat.
1203 5088 1335 5138 Cum
1362 5092 1742 5144 adversarium
1797 5108 1860 5146 ac
1911 5105 2180 5163 potentem

612 5173 908 5225 tlazmonetn
932 5177 1292 5242 superaverit.
1318 5177 1493 5232 Funes
1514 5180 1677 5232 etiam
1705 5181 1930 5251 intelligi
1956 5196 2184 5252 possunt

613 5281 710 5332 pro
741 5267 975 5319 vinculis
1009 5284 1126 5335 qttat
1155 5269 1370 5322 Christo
1404 5273 1742 5336 ceciderunt,
1788 5277 1888 5329 hoc
1915 5288 1998 5329 est
2043 5279 2185 5332 obti-

611 5367 806 5427 gerunt
843 5377 855 5411 :
896 5374 923 5411 τι
970 5357 1177 5413 ,Ιιιάιιέὶδ
1222 5363 1501 5429 nimirum,
1555 5367 1775 5434 quando
1829 5370 1894 5422 ad
1945 5370 2178 5425 Pilatum

612 5455 809 5504 (luctus
840 5463 947 5503 est.
988 5453 1308 5520 Obtiget'unt
1344 5468 1523 5510 autem
1567 5462 1637 5524 ei,
1668 5469 1884 5529 propter
1921 5466 2180 5532 optimos,

614 5544 716 5594 liuc
765 5551 870 5601 est,
936 5554 1158 5611 propter
1208 5544 1418 5609 ﬁdeles,
1464 5562 1560 5612 pro
1594 5550 1792 5618 quibus
1827 5554 1933 5621 pati
1983 5555 2177 5607 voluit.

612 5633 748 5683 Olim
792 5630 1101 5686 JINlL‘JOI’UIIl
1137 5637 1366 5701 populus
1397 5635 1686 5693 lucri-ditas
1722 5642 1810 5695 Dei
1842 5644 2162 5699 dicebatur:

691 5838 735 5866 ’⁸
771 5835 928 5892 Deut.
964 5853 1136 5906 xxxii,
1165 5842 1195 5898 τι
1239 5856 1350 5898 sec.
1385 5857 1509 5896 Lxx.

2287 4729 2672 4798 ὴγαπημένην.
2705 4726 2774 4778 Ἢ
2815 4725 2909 4778 καὶ
2939 4723 3040 4792 τὴν
3071 4723 3347 4791 γενναίαν,
3370 4723 3446 4786 ὡς
3463 4722 3863 4777 καταπαλαίου-

2289 4839 2388 4872 σαν
2414 4822 2505 4872 τὸν
2540 4817 2855 4871 ἀντίπαλον.
2921 4816 3187 4869 Νοοῦνται
3221 4814 3277 4866 δὲ
3303 4814 3531 4884 σχοινία,
3561 4815 3632 4868 τὰ
3674 4815 3860 4883 δεσμὰ,

2287 4913 2544 4965 διέπεσον
2590 4910 2666 4980 τῷ
2696 4908 2936 4980 Χριστῷ,
2976 4908 3128 4977 παρᾶ
3167 4906 3275 4960 τῶν
3315 4905 3577 4959 Ἰουδαίων
3612 4909 3862 4975 ἀγομένῳ

2291 5006 2432 5074 πρὸς
2459 5004 2710 5056 Πιλᾶτον.
2764 5002 3066 5054 Ἐπέπεσον
3114 5000 3169 5052 δὲ
3202 4999 3350 5068 αὐτῷ
3381 4999 3468 5052 διὰ
3504 5001 3634 5062 τοὺς
3679 5001 3858 5068 κρατί-

2292 5115 2468 5161 στους,
2505 5097 2623 5164 ἦτοι
2682 5096 2808 5156 τοὺς
2866 5094 3116 5155 πιστοὺς,
3152 5091 3288 5158 ὑπὲρ
3318 5085 3394 5144 ὧν
3417 5092 3648 5159 ἔπασχε.
3690 5092 3858 5144 Πάλαι

2286 5191 2383 5259 μὲν
2407 5186 2500 5243 οῦν
2520 5190 2566 5240 oi.
2599 5187 2842 5240 Ἰουδαῖοι
2864 5181 3003 5256 ἦσαν
3035 5183 3170 5238 Θεοῦ
3197 5183 3549 5251 κληρονομία·
3570 5183 3854 5250 Ἐγενήθη
3913 5193 3917 5197 ‘

2283 5283 2412 5350 γὰρ,
2454 5280 2610 5349 φησὶ,
2655 5277 2824 5347 μερίς
2885 5278 3127 5345 Κυρίου,
3184 5276 3334 5340 ,λαὸς
3383 5273 3570 5326 αὐτοῦ
3635 5273 3854 5332 Ἰακὼέ,

2284 5376 2612 5442 σχοίνισμα
2673 5370 3077 5438 κληρονομίας
3128 5367 3314 5419 αὑτοῦ
3364 5365 3633 5434 Ἰσραήλ.
3700 5370 3853 5420 Ἀπο-

2283 5467 2493 5534 6>.ἡτων
2518 5463 2572 5515 δὲ
2591 5463 2796 5514 τούτων
2827 5459 3157 5529 γενομένων,
3189 5457 3382 5524 ἑτέραν
3421 5457 3687 5510 ἀντέλαόε
3724 5459 3853 5526 κλη-

2289 5556 2570 5628 ρονομίαν,
2589 5555 2688 5623 τὴν
2715 5553 2997 5624 βασιλείαν
3028 5551 3134 5603 τῶν
3155 5548 3215 5612 ἐξ
3243 5547 3435 5611 ἐθνῶν,
3464 5550 3530 5618 ἣν
3553 5552 3851 5620 κρατίστην

2277 5642 2452 5710 εἶπεν,
2483 5645 2558 5706 ὡς
2584 5644 2725 5713 ὑπὲρ
2763 5643 2859 5711 τὴν
2893 5639 3273 5704 παλαιοτέραν.

613 5719 779 5774 Facta
808 5731 884 5776 est
931 5725 1085 5785 enim,
1119 5727 1317 5793 inquit,
1367 5744 1491 5794 pars
1533 5729 1745 5787 Domini
1799 5736 2020 5803 populus
2061 5738 2176 5806 ejus
2208 5738 2396 5803 Jacob,
2432 5737 2705 5807 funiculus
2747 5734 3069 5791 Itwrcditalis
3101 5732 3214 5799 ejus
3280 5728 3452 5783 Israel
3502 5731 3562 5784 ⁸³.

3655 5732 3848 5786 Verum
