4068 6276
288 225 388 291 221

1445 240 1653 303 COMM
1669 241 1834 304 EN'l‘.
1877 246 1954 307 IN
2000 247 2362 309 PSALMOS.

3415 257 3524 326 2742

283 348 359 410 ὡς
387 344 920 417 ἀντιλαμϐανόμενος
973 348 1055 412 εἰς
1099 347 1340 418 ἀθυμίαν
1389 353 1843 418 καταπίπτοντος,

1957 353 2130 409 factus
2163 367 2248 411 est
2279 359 2428 411 mihi.
2465 356 2596 412 Nam
2625 366 2679 413 et
2720 359 2785 412 ab
2831 360 3066 416 inimicis
3117 377 3199 415 me
3251 367 3475 432 protegit
3514 409 3529 431 ,

284 440 505 494 καὶτῶν
531 438 796 512 ολισερῷν
827 443 1002 503 ἄλλως
1028 444 1436 514 ἀνακτώμενος.

346 732 540 787 Αίνῶν
575 734 1007 803 ὲπικαλέσομαι
1041 737 1150 790 τὸν·
1193 739 1432 805 Κύριον,
1483 737 1583 791 καί
1629 737 1698 791 ἐκ
1734 736 1854 791 τῶν

276 826 504 895 ἐχθρῶν
538 844 659 895 μου
700 831 1071 897 σωθήσομαι.
1114 829 1271 883 Οὕτω
1317 833 1585 891 ποικίλοις
1618 832 1850 899 ὀνόμασι

279 918 529 988 βοηθείας
581 921 896 990 ὲξσμνήσας
948 922 1038 974 τὸν
1073 923 1230 986 Θεὸν,
1281 925 1356 986 ὡς
1405 925 1667 987 ποικίλως
1701 925 1850 995 αὐτῷ

278 1009 595 1080 βοηθοῦντα,
629 1014 722 1066 καὶ
751 1014 892 1066 κατὰ
926 1013 1218 1084 διαφόρους
1257 1016 1519 1084 τρόπους,
1549 1018 1735 1085 φησὶν,
1767 1017 1849 1069 ὄτι

275 1107 348 1158 Οὐ
375 1107 684 1175 πεποίημαι
703 1107 794 1158 τοῦ
815 1108 1019 1180 Κυρίου
1045 1107 1138 1160 τὸν
1155 1109 1454 1177 κατάλογον
1466 1110 1574 1162 τῶν
1592 1108 1850 1162 τοιούτων

273 1197 365 1249 καὶ
383 1197 652 1250 τοσούτων
684 1199 986 1268 ὀνομάτων,
1021 1201 1097 1264 ὡς
1116 1200 1314 1272 μηκέτι
1346 1200 1535 1256 τούτου
1570 1203 1844 1270 δεόμενος,

271 1292 406 1344 ἀλλά
430 1291 518 1343 διὰ
540 1293 746 1344 τούτων
773 1293 940 1345 αίνῶν
973 1294 1068 1347 καὶ
1102 1295 1427 1364 μεγαλύνων
1451 1296 1637 1356 αὑτὸν,
1654 1294 1741 1364 ἐφ’
1765 1291 1848 1358 οἷς

268 1380 670 1452 εὐηργετὴθην,
699 1385 792 1438 καὶ
817 1385 1080 1438 δεικνύων
1110 1386 1209 1457 τὴν
1241 1387 1664 1456 εὐγνωμοσύνην
1686 1405 1700 1420 ο
1752 1389 1848 1441 καὶ

268 1477 350 1529 ἔτι
383 1477 473 1529 τὸν
506 1477 715 1546 Κύριον
743 1479 1168 1546 ἐπικαλέσομαι,
1208 1480 1490 1551 παρ’ὅλην
1521 1482 1624 1550 τὴν
1675 1482 1842 1549 ζωήν.

268 1571 365 1622 Διὰ
382 1569 541 1623 τοίτο
568 1570 680 1640 γὰρ
712 1566 886 1635 εἶπεν,
915 1571 1136 1626 Ἐλπιῶ
1161 1573 1256 1625 ἐπ’
1282 1574 1490 1639 αὐτὸν,
1514 1574 1606 1626 καὶ
1629 1575 1847 1636 πάντως

278 1665 379 1717 Ἐκ
411 1662 534 1716 τῶν
577 1663 810 1732 ἐχθρῶν
838 1681 958 1733 μου
982 1665 1330 1735 σωθήσομαι
1351 1684 1365 1698 ο
1398 1667 1447 1718 εί
1476 1666 1585 1737 γὰρ
1618 1668 1711 1721 καὶ
1738 1666 1846 1718 ἀπὸ

263 1756 373 1809 τῶν
412 1755 579 1826 μέχρι
626 1755 720 1809 τοῦ
750 1755 843 1809 νῦν
881 1755 1159 1826 πολεμίων
1207 1757 1499 1830 Epp-.30qu.
1550 1758 1666 1812 ἀλλ’
1700 1758 1846 1821 είκδς

264 1851 358 1902 καὶ
391 1848 592 1912 ἄλλους
621 1849 1120 1921 δπαναστήσεσθαι,
1171 1852 1262 1919 τῆς
1304 1851 1452 1920 ζωῆς
1490 1850 1610 1921 ἐμοὶ
1669 1868 1848 1921 παρα-

262 1941 610 2010 τεινομένης.
661 1941 914 1996 τοσαῦτα
957 1941 1151 2007 εἰπὼν,
1199 1941 1500 1997 ἀνακυκλοῖ
1526 1942 1619 1997 τὸν
1663 1943 1842 2011 λόγον,

262 2035 357 2086 καὶ
387 2033 687 2102 καταλέγει
720 2035 846 2097 τοὺς
901 2033 1181 2098 ποικίλους
1213 2035 1382 2089 αὐτοῦ
1415 2034 1716 2098 κινδύνους,
1750 2035 1844 2090 καὶ

258 2125 358 2186 τὰς
399 2123 706 2186 πολυειδεῖς
741 2124 1062 2195 ἐπικουρίας
1088 2123 1184 2178 τοῦ
1217 2124 1375 2178 Θεοῦ.
1421 2122 1843 2193 Τροπικὼτερον

257 2215 314 2270 δὲ
342 2220 410 2286 τῇ
437 2218 694 2289 διηγήσει
718 2219 1006 2290 κέχρηται,
1041 2219 1178 2290 πρὸς
1196 2219 1418 2272 πλείονα
1444 2219 1554 2270 τῶν
1577 2218 1842 2288 πραγμά-

257 2327 366 2362 των
396 2308 664 2384 ἔμφασιν.

1955 457 2008 501 ct
2041 449 2240 515 pariter
2263 464 2358 503 oos
2391 450 2584 516 perdit.
2619 451 2850 518 Adjutor
2889 462 3094 518 autem,
3135 458 3260 523 quia
3301 458 3351 508 in
3389 474 3525 510 mo:-

1956 539 2162 593 stitiatu
2195 540 2487 597 deductum
2522 559 2608 599 tne
2651 545 2874 613 adjuvat
2902 585 2917 610 ,
2951 556 3004 601 et
3033 547 3174 602 inter
3203 549 3530 604 al'ﬂictiont-s

1957 631 2188 687 refovet.

2023 744 2188 803 Vens.
2218 749 2269 804 ι.
2306 748 2555 803 Loudans
2596 752 2846 805 invocabo
2895 753 3176 808 Dominum
3216 767 3266 810 et
3313 759 3374 810 ab
3426 761 3530 813 ini-

1956 840 2109 893 micis
2143 842 2272 895 meis
2314 842 2490 896 salvus
2520 859 2628 898 cro.
2657 843 2790 898 Cum
2831 856 2939 898 tam
2974 848 3140 902 variis
3166 863 3228 902 ac
3273 850 3530 918 multipli-

1968 931 2122 986 cibus
2170 933 2337 985 divini
2392 934 2573 986 auxilii
2611 936 2924 989 uominibus
2977 938 3140 991 Deum
3180 939 3476 994 laudaverit
3508 985 3522 1001 .

1952 1022 2115 1078 veluti
2143 1039 2266 1077 eum
2293 1027 2383 1093 qui
2419 1027 2670 1094 plurimis
2695 1043 2755 1081 ac
2783 1030 3018 1084 diversis
3047 1032 3219 1084 modis
3243 1033 3344 1086 sibi
3367 1047 3524 1100 opem

1949 1116 2360 1186 tulerit,postea
2381 1119 2670 1174 subintulit
2691 1121 2877 1176 dicens
2914 1141 2926 1176 :
2957 1118 3073 1176 Non
3105 1139 3203 1192 ego
3245 1135 3522 1178 tantorum

1950 1222 2016 1263 ac
2046 1211 2228 1264 talium
2267 1211 2548 1265 nominum
2605 1213 2931 1266 auxiliorum
2967 1214 3060 1268 Dei
3112 1217 3419 1286 catalogum
3463 1236 3525 1267 P‘I

1953 1313 2162 1358 tantum
2215 1305 2466 1360 recensui
2533 1308 2784 1372 ratione,
2841 1319 2899 1362 ut
2959 1309 3025 1361 de
3084 1310 3322 1376 receptis
3356 1312 3423 1364 ab
3454 1325 3523 1364 eo

1951 1394 2227 1450 beneﬁciis
2257 1397 2460 1465 gratias
2496 1410 2739 1465 agerem,
2770 1406 3031 1469 tanquam
3065 1399 3156 1466 qui
3187 1399 3338 1453 illius
3368 1401 3526 1452 auxi-

1947 1485 2020 1539 lio
2049 1487 2290 1558 indigere
2320 1488 2555 1555 amplius
2585 1505 2696 1542 non
2731 1489 2984 1545 deberem
3017 1528 3032 1551 ,
3082 1491 3176 1544 sed
3213 1507 3309 1559 per
3338 1506 3401 1545 ea
3428 1500 3529 1561 pro

1948 1579 2163 1634 collatis
2195 1581 2249 1634 in
2281 1597 2366 1635 me
2396 1581 2554 1635 donis
2593 1581 2665 1634 ita
2702 1582 2914 1636 laudavi
2951 1583 3140 1647 Deum,
3178 1589 3234 1636 et
3275 1582 3527 1650 magnifi-

1875 1696 1921 1756 Β
1949 1674 2067 1728 cavi
2097 1712 2113 1734 ,
2152 1682 2207 1726 et
2252 1676 2638 1742 gratitudinem
2692 1676 2856 1730 animi
2890 1677 2996 1730 mei
3027 1675 3238 1730 ostendi
3271 1717 3286 1736 .
3322 1683 3382 1728 ut
3411 1684 3530 1730 toto

1946 1771 2191 1832 tempore
2239 1765 2362 1818 vita:
2414 1779 2546 1820 mea
2595 1765 2745 1819 illum
2801 1767 3163 1821 invocantium
3219 1767 3348 1829 mihi
3401 1781 3527 1821 esse.

1943 1870 2270 1924 cognoscam
2300 1896 2314 1919 ,
2357 1865 2410 1910 et
2445 1858 2499 1910 in
2531 1871 2597 1910 eo
2629 1874 2752 1927 spes
2790 1874 2923 1914 mete
2955 1874 3146 1913 omnes
3196 1859 3528 1913 collocandae

1941 1945 2069 2000 sint.
2107 1944 2420 2014 Propterea.
2454 1945 2704 2012 Sperabo,
2739 1949 2937 2018 inquit,
2959 1950 3010 2001 in
3036 1966 3176 2011 eum,
3213 1959 3289 2014 et,
3324 1948 3388 2001 ab
3417 1949 3525 2002 ini-

1942 2041 2090 2093 micis
2121 2040 2248 2092 meis
2280 2040 2467 2093 salvus
2505 2056 2614 2094 ero.
2664 2039 2794 2093 Nam
2843 2042 2943 2096 etsi
2993 2041 3060 2094 ab
3094 2041 3331 2094 inimicis
3384 2054 3527 2108 quos

1907 2130 2215 2184 .hactenus
2253 2131 2411 2184 habui
2447 2131 2712 2185 liberatus
2743 2146 2861 2184 sum
2897 2172 2912 2194 ,
2951 2142 3188 2185 attamen
3229 2131 3527 2185 verisimile

1949 2229 2056 2285 est,
2089 2222 2135 2275 si
2160 2221 2367 2276 diutius
2394 2224 2579 2277 vixero
2606 2263 2620 2287 ,
2656 2234 2710 2277 et
2746 2224 2880 2278 alios
2921 2224 2973 2278 in
3029 2240 3114 2278 me
3153 2239 3369 2276 rursum
3401 2239 3525 2277 eSsu

1947 2310 2378 2369 insurrccturos.
2415 2313 2509 2368 His
2542 2315 2703 2370 dictis
2733 2329 3041 2370 sermonem
3101 2319 3373 2372 convertit
3404 2356 3419 2378 ,
3470 2327 3527 2367 et

260 2401 406 2454 varia
439 2409 806 2456 connumerat
859 2400 1046 2472 pericu
1071 2415 1126 2464 ε,
1199 2407 1253 2455 et
1324 2396 1651 2469 multiplices
1711 2395 1807 2455 Dei
1882 2402 2247 2459 defensiones.
2318 2407 2621 2476 Aliegorica
2684 2421 2809 2460 vero
2858 2407 3169 2463 narratione
3223 2410 3394 2463 utitur
3453 2405 3527 2463 ad

262 2493 523 2563 majorem
559 2509 740 2547 rerum
775 2493 1102 2562 emphasim,
1131 2502 1188 2549 et
1215 2493 1282 2547 ad
1324 2493 1586 2562 majorem
1620 2494 1892 2550 sermonis
1922 2496 2009 2550 sui
2042 2496 2368 2552 etiieaciam.

327 2611 670 2680 Περιέσχον
701 2625 778 2680 με
793 2607 1006 2675 ὠδῖνες
1029 2611 1314 2666 θανάτου.
1358 2608 1483 2663 Ἐπὶ
1503 2604 1612 2660 τῶν
1638 2607 1847 2678 ἀνδρῶν

261 2701 456 2768 ὠδῖνας
482 2704 722 2773 νοοῦμεν
749 2701 878 2764 τοὺς
907 2703 973 2757 ἐκ
995 2700 1232 2770 θλίψεων
1248 2701 1466 2767 πόνους,
1483 2700 1736 2770 καθάπερ
1751 2699 1846 2752 καὶ

261 2797 354 2851 ἐπὶ
392 2797 502 2850 τῶν
531 2792 812 2863 γυναικῶν
853 2795 910 2847 αί
945 2793 1135 2857 ὠδῖνες
1183 2794 1350 2856 είσιν,
1390 2791 1838 2863 ἀποθλιόομινων

259 2887 366 2944 τῶν
395 2889 607 2959 πόρων,
641 2887 730 2942 διὰ
773 2888 874 2957 τὴν
910 2887 1305 2957 στενοχωρίαν·
1336 2886 1454 2940 ἀλλ’
1503 2887 1590 2939 ἐπ’
1617 2887 1842 2939 ἐκείνων

263 2983 382 3052 μὲν,
409 2979 606 3040 ὠδῖνες
633 2980 701 3034 ἂν
732 2975 949 3050 ρηθεῖεν
980 2979 1149 3049 ζωῆς,
1177 2980 1255 3043 είς
1288 2978 1401 3046 φῶς
1435 2977 1581 3047 ζωῆς
1610 2979 1845 3046 ἄγουσαι

2017 2608 2179 2665 Vens.
2214 2611 2265 2664 5.
2293 2611 2760 2667 Circnmdetlerunt
2787 2631 2866 2668 me
2895 2615 3104 2670 dolores
3139 2617 3341 2669 mortis.
3367 2615 3521 2682 Quo-l

1948 2702 2142 2758 Latine
2173 2705 2380 2757 dolores
2418 2706 2668 2773 legimus,
2707 2707 2759 2760 in
2789 2705 2976 2762 Graeco
3022 2704 3209 2769 ὠδῖνες
3237 2709 3473 2762 habetur
3507 2724 3523 2761 :

1948 2810 2068 2862 qua:
2098 2796 2262 2850 dictio
2296 2799 2515 2866 proprie
2555 2801 2908 2866 parturientis
2942 2799 3166 2853 dolores
3221 2801 3518 2866 significat.

1948 2886 2266 2958 Hujusmodi
2295 2890 2478 2956 itaque
2539 2893 2752 2946 dolores
2811 2893 2864 2945 in
2918 2892 3241 2946 hominibus
3291 2892 3522 2956 intelligi

1945 2986 2170 3044 possunt
2207 2979 2421 3031 labores
2456 2989 2511 3032 et
2548 2981 2838 3042 molestia‘,
2864 2996 2986 3049 qua:
3040 2981 3107 3034 de
3137 2980 3526 3034 afﬂictionibus

261 3067 322 3124 τδ
341 3072 638 3141 ἐχόμενονο
678 3067 772 3122 ἐπὶ
798 3068 1005 3123 τούτων
1043 3070 1123 3134 δὲ,
1169 3069 1498 3132 τούναντίον,
1532 3069 1719 3132 ὠδῖνες
1750 3069 1843 3122 θα-

1946 3078 2108 3137 atqne
2153 3071 2426 3139 angustiis
2478 3076 2845 3140 proveniunt,
2895 3074 2960 3126 ad
3015 3072 3267 3127 dolorum
3303 3072 3522 3125 illorum

260 3165 439 3229 νάτου,
459 3166 536 3229 ὠς
559 3167 641 3227 είς
666 3164 856 3229 σκότος
877 3165 1107 3219 θανάτου
1138 3165 1403 3234 φέρουσαι
1431 3163 1521 3216 τὸν
1551 3164 1845 3234 συνεχόμε-

259 3273 365 3313 νον.
397 3258 665 3312 Βούλεται
688 3258 872 3312 τοίνυν
902 3261 1097 3320 εἰπεῖν,
1147 3257 1229 3310 ὅτι
1257 3255 1594 3326 Ξυνεσχὲθην
1638 3256 1847 3324 ἀφορή-

258 3362 372 3415 τοις
422 3351 664 3414 ὀδύναις.
699 3350 797 3403 Διὰ
830 3349 939 3416 γὰρ
979 3349 1089 3401 τῶν
1140 3348 1346 3402 ὠδίνων
1395 3348 1492 3418 τὴν
1537 3347 1845 3416 δριμύτητα

259 3444 466 3496 τούτων
500 3444 883 3512 παρέστησεν.

1946 3162 2355 3216 similitudinem
2389 3166 2479 3232 qui
2515 3166 2568 3218 in
2605 3166 2890 3219 mulierum
2930 3164 3408 3234 parturitiouibus,
3446 3164 3519 3218 ob

1923 3258 2254 3324 iang‘ustiam
2294 3265 2349 3309 et
2386 3259 2850 3324 compressionem
2910 3267 3184 3312 meatuum
3213 3297 3227 3320 ,
3254 3257 3526 3311 molestis-

1946 3348 2071 3402 simi
2123 3349 2397 3402 Oriuntur.
2456 3347 2655 3402 Verum
2710 3350 2762 3403 in
2827 3351 3090 3414 muliere,
3141 3349 3362 3403 dolores
3398 3349 3524 3402 vita:

1967 3442 2146 3509 potius
2193 3453 2353 3509 quam
2387 3443 2579 3498 mortis
2631 3442 2846 3496 dicendi
2901 3452 3062 3504 sunt,
3097 3457 3219 3496 cum
3256 3442 3319 3494 ad
3357 3440 3524 3510 hujus

261 3540 380 3592 vitae
407 3539 590 3594 lucem
619 3540 892 3594 hominem
917 3542 1242 3610 producant.
1272 3539 1368 3596 ilic
1393 3554 1520 3595 vero
1550 3538 1828 3592 diversum
1870 3537 2092 3591 omnino
2125 3539 2322 3592 accidit
2348 3557 2362 3602 ;
2413 3539 2632 3594 dolores
2659 3541 2804 3592 enim
2839 3541 3030 3593 mortis
3096 3539 3352 3593 dicuntur
3378 3578 3394 3600 ,
3456 3550 3525 3591 ει)

263 3634 402 3703 quod
431 3637 497 3688 ad
532 3638 732 3690 mortis
781 3635 1039 3692 tenebras
1100 3635 1396 3700 deducant,
1467 3642 1627 3704 quem
1701 3631 2237 3702 cetnprehenderint.
2309 3633 2447 3686 Dicit
2491 3633 2674 3702 itaque
2724 3631 3080 3686 intolerandis
3133 3645 3193 3685 se
3244 3630 3520 3684 detentum

263 3727 431 3783 fuisse
450 3726 746 3783 doloribus
792 3745 807 3783 :
838 3728 928 3783 illa
955 3729 1099 3784 enim
1127 3727 1387 3792 dictione,
1425 3740 1587 3798 quam
1615 3725 1671 3780 in
1692 3719 1884 3781 Graec
1921 3724 2111 3781 haberi
2182 3726 2470 3782 retulimus
2493 3767 2508 3791 ,
2565 3726 2854 3779 maximam
2901 3724 3150 3778 dolorum
3203 3724 3520 3794 gravitatem

261 3821 556 3892 expressit.

332 3941 438 3995 Kal
461 3939 775 4010 χείμαῤῥοι
804 3938 1056 4008 ἀγομῖας
1073 3923 1444 4007 ἐξετάραεᾶν
1465 3954 1563 4007 με.
1599 3932 1846 4007 Χειμάρσ

267 4029 391 4102 ρους
430 4032 670 4102 ἀνομίας
696 4031 856 4085 καλεῖ
883 4033 982 4096 τὰς
1009 4031 1120 4086 τῶν
1143 4030 1360 4102 ἀνόμων
1378 4031 1549 4085 ἐθνῶν
1579 4029 1844 4100 προσκαίο

270 4142 392 4194 ρους
427 4125 524 4178 καὶ
554 4124 859 4192 αἰφνιδίους
885 4125 980 4178 καὶ
1011 4123 1274 4195 ραγδαίας
1301 4123 1626 4193 προσϐολάς.
1650 4121 1840 4175 τοιοῦ-

265 4214 477 4282 τοιγὰρ
513 4216 564 4267 οἱ
603 4215 916 4282 χείμαρροι,
971 4212 1241 4282 χειμῶνος
1299 4213 1517 4284 ρἑνται
1577 4213 1843 4281 αίφνίδιον

267 4305 358 4358 καὶ
391 4303 670 4374 ραγδαίως
694 4319 710 4333 ·
742 4304 1138 4373 ἑπονηρεύοντο
1191 4303 1299 4372 γὰρ
1357 4302 1710 4369 φθονοῦντες,
1745 4301 1841 4355 καὶ

265 4395 472 4450 ἀνελεῖν
496 4382 792 4464 ζητοῦντες
827 4395 1016 4448 αὐτόν.
1073 4395 1360 4465 Προσφυὲς
1395 4394 1452 4447 δὲ
1485 4393 1567 4459 τὸ,
1611 4392 1842 4456 Ἐξετά-

261 4485 484 4556 ραξαγ·
527 4484 783 4539 κλονοῦσι
811 4485 924 4557 γὰρ
963 4485 1061 4539 καὶ
1110 4486 1416 4539 ἑλίσσουσιν
1454 4487 1504 4539 oi
1550 4473 1842 4554 χείμαρροι

2019 3927 2084 3984 Et
2113 3929 2368 3984 torrentes
2420 3929 2717 3997 iniquitatis
2771 3927 3218 3983 conturbat'erunt
3261 3943 3363 3980 me.
3413 3923 3519 3980 Per

1941 4025 2212 4079 torrentes
2251 4022 2596 4091 iniquitatis,
2644 4022 2886 4086 subitas,
2947 4021 3309 4089 temporarias
3359 4027 3526 4090 atque

1941 4115 2282 4184 impetuosas
2307 4114 2597 4182 impiarum
2617 4114 2855 4181 gentium
2877 4113 3216 4166 incursiones
3235 4111 3521 4179 intelligit:

1938 4209 2314 4278 hujuscemodi
2355 4208 2495 4262 enim
2530 4215 2738 4260 natura:
2788 4214 3059 4259 torrentes
3118 4213 3286 4266 sunt,
3330 4203 3423 4270 qui
3460 4202 3516 4255 in

1942 4302 2118 4355 hieme
2148 4299 2342 4360 ﬂuunt.
2379 4299 2669 4366 statimque
2705 4311 2768 4351 ac
2829 4311 2954 4349 cum
3017 4295 3240 4363 impetu.
3288 4293 3521 4363 Maligne

1940 4394 2084 4446 enim
2137 4389 2211 4444 illi
2252 4398 2307 4445 e‘.
2341 4389 2527 4457 iniquo
2561 4389 2746 4442 animo
2781 4388 3012 4455 agebant
3036 4397 3344 4452 quaerentes
3393 4399 3517 4437 eum

1939 4483 2277 4538 interimere.
2307 4480 2769 4534 Commodissime
2797 4475 2962 4532 etiam
2997 4476 3250 4544 appoSuit
3295 4476 3518 4528 verbum

269 4578 336 4632 τὰ
355 4579 783 4648 περιπίπτοντα.
818 4565 929 4632 Καὶ
959 4577 1120 4641 αύτδς
1152 4577 1246 4632 οὖν
1279 4578 1466 4630 κλόνον
1503 4579 1597 4629 καὶ
1631 4563 1840 4643 ίλιγγον

1945 4576 2403 4630 conturbauerunt.
2465 4569 2767 4624 Devolvuut
2814 4570 2960 4623 enim
2995 4577 3266 4622 torrentes
3304 4584 3365 4621 ac
3399 4583 3524 4634 pcr-

269 4671 378 4732 τοῖς
404 4671 691 4741 λογισμοῖς
717 4669 958 4740 ἔπασχεν
982 4669 1088 4723 ὑπὸ
1127 4669 1223 4723 τοῦ
1257 4669 1526 4737 αἰφνιδίου
1564 4668 1671 4723 τῶν
1718 4669 1842 4721 ἀδο-

271 4763 472 4834 κήτων.

352 5026 576 5093 Ὠδῖνος
608 5024 758 5093 ᾅδου
798 5023 1293 5094 περωκύιῖωσὰν
1314 5041 1410 5094 με.
1442 5021 1608 5078 Τουτὶ
1637 5023 1699 5078 τὸ
1738 5027 1839 5095 ρη-

273 5118 360 5170 τδν
391 5118 587 5172 ταύτὶν
608 5115 828 5170 δύναται
856 5117 952 5189 τῷ,
984 5116 1314 5184 Περιέσχον
1331 5133 1406 5186 με
1429 5114 1640 5180 ὠδῖνες
1662 5116 1842 5170 θανά-

275 5228 378 5265 του
397 5227 410 5238 ·
445 5213 507 5264 τό
535 5229 596 5265 τε
621 5213 728 5281 γὰρ
757 5211 1382 5277 περιεκύιιλωσαν,καί
1404 5209 1467 5261 τδ
1495 5209 1839 5276 περιέσχον,

277 5308 742 5375 ταυτοσήμαντονο
776 5307 870 5356 καὶ
899 5303 1054 5374 ᾅδης,
1082 5307 1176 5356 καὶ
1213 5304 1460 5364 θάνατος,
1506 5300 1841 5371 ἀλληλούμε-

279 5415 344 5450 νι
362 5417 374 5427 ·
403 5397 532 5468 ᾅδην
557 5401 662 5468 γὰρ
688 5397 893 5465 ἔλεγον,
916 5397 1054 5466 ἀηδῆ
1101 5397 1290 5459 τόπον,
1317 5397 1423 5450 ὑπὸ
1466 5397 1570 5462 γῆν
1605 5395 1713 5448 τῶν
1743 5393 1841 5446 θα-

281 5492 492 5543 νόντων.
529 5491 685 5542 Ἐπεὶ
713 5490 889 5543 τοίνυν
918 5489 1106 5550 ὠδῖνες
1148 5487 1458 5558 γεννήσεώς
1493 5489 1626 5550 είσι,
1655 5487 1842 5554 περιε-

287 5579 562 5633 κύκλωσὰν
608 5598 695 5647 με,
740 5582 929 5650 φησιν,
984 5581 1205 5644 ὠδῖνες,
1261 5580 1526 5648 γεννῶσαι
1583 5578 1837 5641 θάνατον,

285 5669 555 5742 ὑπηρέτην
582 5672 730 5742 ᾅδου.
780 5673 838 5725 ’0
867 5673 966 5744 μὲν
1015 5674 1121 5741 γὰρ
1177 5672 1396 5742 χωρίζει
1435 5672 1534 5743 τὴν
1568 5669 1778 5740 ψυχήν
1813 5673 1841 5723 δ

1951 4669 2174 4721 turbant
2204 4664 2386 4720 omnia
2417 4665 2467 4717 in
2501 4677 2840 4733 quaecunque
2873 4661 3190 4715 inciderint.
3239 4659 3329 4712 Ait
3358 4659 3522 4726 igitur

1945 4758 2217 4825 PrOpheta
2244 4771 2304 4810 se
2335 4755 2498 4809 etiam
2531 4753 2965 4821 circumquaque
2992 4754 3294 4805 volutatum
3326 4750 3520 4812 fuisse,

1940 4860 1996 4903 et
2021 4847 2337 4918 vertiginem
2367 4846 2524 4914 quasi
2556 4859 2776 4914 passum
2817 4847 2886 4896 ob
2916 4854 3022 4896 tam
3047 4843 3390 4910 repentinum
3419 4857 3520 4894 no-

1942 4955 2129 4994 varum
2153 4950 2314 5005 atque
2341 4938 2738 5004 insperatarnm
2776 4951 2957 4990 rerum
2989 4946 3220 4988 motum.

2011 5029 2178 5086 Vens.
2215 5029 2270 5083 6.
2309 5029 2526 5082 Dolores
2557 5026 2754 5096 inferni
2791 5026 3252 5081 circumdederunt
3283 5043 3384 5080 me.
3417 5025 3516 5079 Hic

1943 5121 2244 5175 versiculus
2271 5121 2410 5172 idem
2437 5117 2728 5185 signiﬁcat,
2762 5119 2906 5185 quod
2933 5119 3185 5186 superior
3219 5117 3309 5171 ille
3338 5135 3352 5172 :
3387 5117 3510 5170 Cir-

1939 5213 2311 5267 cumdcdernnt
2338 5229 2415 5264 me
2443 5211 2650 5264 dolores
2680 5213 2887 5275 mortis,
2917 5227 3012 5265 seu
3045 5212 3129 5280 (ut
3183 5211 3368 5265 verius
3404 5211 3516 5263 illic

1943 5306 2103 5358 habet
2136 5305 2321 5360 Graeca
2356 5304 2548 5371 lectio)
2580 5303 2950 5356 continuerunt
3007 5321 3106 5357 me.
3158 5302 3513 5357 Circumdare

1939 5396 2079 5450 enim
2111 5406 2164 5450 ct
2197 5396 2476 5449 continere
2502 5409 2566 5448 ae
2628 5396 2917 5462 complecti
2968 5396 3110 5450 idem
3162 5397 3500 5465 signiﬁcant.

1945 5490 2208 5542 Similiter
2277 5496 2328 5540 et
2387 5503 2532 5541 mors
2585 5496 2638 5540 ct
2686 5487 2956 5542 infernus.
3020 5489 3274 5542 lnfernus
3327 5499 3510 5540 autem

1947 5582 2136 5652 [juxta
2191 5581 2360 5632 Graeci
2411 5578 2645 5632 nominis
2689 5581 3069 5652 etymologiam
3103 5581 3114 5630 l
3154 5582 3430 5634 insuavem
3459 5588 3513 5630 et

1948 5672 2302 5741 iniucundum
2337 5669 2606 5739 signiticet
2637 5682 2975 5728 mortuorum
3007 5674 3184 5728 locum
3218 5711 3234 5738 ,
3276 5671 3369 5743 qui
3409 5667 3510 5724 sub
