4068 6276
119 368 213 433 957
1303 374 1694 434 COMMENT.
1745 374 1825 433 IN
1863 375 2220 434 PSALMOS.
3243 382 3352 446 258

123 501 216 537 σιν.
248 486 340 546 ὀς
374 485 466 537 καὶ
503 484 869 553 ἠγαλλιάσατο
920 486 1151 557 δραμεῖν
1202 486 1346 558 ὑπὲρ
1381 488 1540 556 ἡμῶν
1580 488 1665 558 sip

1791 497 1892 546 ret,
1927 491 2109 556 posuit
2139 488 2192 539 in
2226 491 2368 547 inec,
2407 489 2610 556 lit‘gi‘lls
2673 488 2794 544 sub
2831 490 2968 552 sole,
3007 490 3110 544 hoc
3151 499 3257 554 est,
3311 493 3368 546 in

122 576 207 627 isti
228 575 301 644 τῷ
329 575 560 644 θανάτῳ.
611 578 735 631 Ἀπ’
765 580 937 650 ἄκρου
974 578 1031 632 δὲ
1055 577 1149 631 τοῦ
1177 577 1414 650 οὐρανοῦ
1447 577 1665 643 κατιὼνἶ

1787 588 1978 646 aperto
2019 595 2080 631 ac
2117 580 2295 648 palam
2322 579 2532 634 vivens.
2565 581 2628 635 Et
2655 581 2770 651 ipse
2800 590 3058 650 tanquam
3085 597 3321 652 sponsus
3349 599 3365 636 :

118 670 194 728 είς
215 668 339 720 αὐτὸ
368 669 530 722 πάλιν
561 670 894 739 ἐπανῆλθεν.
919 671 1112 733 Οὐδεὶς
1142 670 1199 723 δὲ
1232 669 1665 740 άποκρυόἡσεταδ

1782 669 2065 734 Speciosus
2123 672 2290 732 enim,
2351 672 2548 741 inquit,
2626 675 2802 742 forma
2862 691 2972 742 pra:
3025 676 3152 745 [iliis
3193 677 3370 731 homi-

121 757 213 826 τῆς
233 757 437 829 θέρμης
473 759 583 813 τῶν
606 759 783 828 λόγων
813 761 1004 814 αὑτοῦ·
1045 762 1142 814 καὶ
1163 761 1214 813 oi
1246 760 1367 830 μὲν,
1400 760 1665 830 καλυφθή

1779 777 1902 814 num
1935 763 2002 828 ",
2054 763 2360 818 illustratus
2424 765 2684 819 nimirum
2742 767 3006 820 virtutum
3061 768 3230 823 radiis
3302 785 3368 823 ac

126 862 313 912 σονται,
349 851 397 902 oi
427 850 485 903 δὲ
519 851 886 921 καυθήσονται
923 854 1062 923 (Ἠ),
1093 854 1174 904 ὅτι
1197 851 1348 924 αὐτῷ
1379 849 1510 907 Πᾶν
1529 853 1665 922 γόνι

1779 854 2182 922 multiplicibus
2227 854 2626 909 charismatum
2684 858 2843 912 donis
2884 877 2898 912 ε
2935 859 3028 929 qui
3061 861 3223 912 etiam
3272 875 3372 913 ex-

122 937 342 1007 κιὶμψει,
371 942 513 994 κατά
546 942 640 994 τὸν
676 943 1022 1000 Ἀπόστολον.

1779 945 2006 997 sultavit
2035 957 2089 998 ut
2125 960 2222 1015 pro
2288 945 2451 1000 nobis
2481 957 2733 1000 curreret
2776 951 2919 1004 viam
2978 950 3043 1001 ad
3099 959 3358 1004 mortem.

118 1043 270 1096 atque
300 1046 328 1085 a
356 1049 572 1086 summo
598 1037 740 1091 celo
793 1038 1134 1090 descendens
1190 1036 1245 1090 in
1282 1035 1414 1089 illud
1458 1049 1683 1088 rursum
1726 1050 1982 1090 reversus
2011 1044 2116 1090 cst.
2184 1035 2449 1090 Praeterea
2489 1040 2651 1091 etiam
2705 1056 2864 1093 nemo
2931 1055 2991 1093 se
3068 1041 3368 1100 ahscondrc

117 1139 142 1174 a
165 1126 334 1177 calore
360 1140 677 1179 sermonum
705 1125 849 1195 ejus,
872 1129 1002 1196 quia
1056 1129 1148 1183 alii
1183 1129 1404 1198 quidem
1435 1142 1565 1181 vere
1589 1125 1856 1189 caleﬁent,
1887 1127 1979 1180 alii
2011 1141 2139 1180 vero
2169 1127 2252 1180 vel
2281 1127 2414 1181 illud
2483 1128 2679 1182 saltem
2741 1129 3046 1196 addiscent,
3102 1128 3250 1200 quod
3315 1136 3366 1189 ei

115 1235 254 1272 omne
284 1209 412 1288 genu
428 1220 664 1286 ﬂectitur
692 1222 1011 1292 {celestium
1053 1227 1384 1279 terrestrium
1428 1233 1477 1276 et
1505 1220 1859 1291 infernarum]
1890 1230 1950 1274 ut
1978 1221 2118 1274 dixit
2151 1223 2444 1291 Apostolus
2485 1223 2555 1276 "'.

189 1312 249 1364 '0
275 1313 455 1381 νόμος
485 1316 706 1382 Κυρίου
735 1315 995 1386 ἄμωμος,
1033 1316 1411 1387 ἐπιστρέφων
1443 1313 1671 1385 ψυχάς-

123 1398 316 1473 Ἂρκεῖ,
364 1406 552 1475 φησὶν,
606 1408 684 1471 είς
736 1408 1096 1463 διδασκαλίαν
1145 1408 1479 1478 θεογνωσίας
1510 1408 1609 1461 καὶ
1647 1408 1676 1460 ὁ

109 1494 343 1566 ἄγραφος
371 1497 559 1567 νόμος,
583 1498 670 1553 διὰ
709 1501 1007 1570 μεγέθους,
1042 1503 1140 1555 καὶ
1173 1500 1429 1566 κάλλους,
1462 1501 1557 1554 καὶ
1585 1498 1677 1554 εὐ-

105 1588 288 1653 ταξίας
312 1591 423 1644 τῶν
461 1595 785 1662 κτισμάτων
810 1594 1012 1648 λαλῶν·
1050 1593 1147 1647 νῦν
1179 1594 1238 1648 δὲ
1304 1593 1401 1648 καὶ
1430 1592 1676 1664 γραπτὸν

105 1679 314 1744 δέδωκε,
333 1681 401 1734 δι’
429 1674 492 1736 οὗ
517 1685 828 1755 καταμάθοι
855 1702 941 1749 τις
969 1686 1071 1756 τὴν
1097 1685 1266 1740 αὐτοῦ
1291 1686 1387 1738 καὶ
1411 1684 1676 1754 πρόνοιαν

107 1773 195 1824 καὶ
223 1771 436 1841 σοφίαν.
491 1775 786 1847 Διαφόροις
815 1777 876 1830 δὲ
909 1776 1140 1848 ὀνόμασι
1168 1778 1264 1832 τὸν
1300 1776 1466 1848 νόμον
1493 1774 1669 1831 καλεί⁶

105 1861 256 1928 νόμος
289 1863 387 1932 μὲν
429 1863 564 1936 γάρ,
603 1865 680 1930 ὡς
726 1865 1010 1937 ῥυθμίζων
1043 1868 1143 1939 τὴν
1175 1868 1484 1922 πολιτείανο
1528 1885 1674 1938 μαρ⁴

1844 1312 2008 1368 νεκε.
2044 1313 2100 1368 8.
2131 1313 2236 1369 Lex
2259 1315 2472 1368 Domini
2510 1313 2981 1384 irreprehensibilis
3010 1355 3025 1379 ,
3063 1323 3363 1368 convertens

1772 1407 2001 1458 animos.
2057 1404 2366 1472 Suﬂiceret,
2423 1406 2624 1474 inquit,
2668 1405 2736 1460 ad
2784 1406 3147 1474 praestandam
3204 1407 3364 1462 nobis

1776 1499 2148 1570 cognitionem
2181 1498 2247 1552 de
2274 1498 2405 1561 Deo,
2441 1498 2560 1567 ipsa
2616 1499 2702 1553 lex
2743 1509 2976 1563 natum,
3009 1513 3130 1567 quas
3154 1500 3362 1568 magni-

1779 1591 2052 1654 tudinem,
2087 1589 2558 1659 pulchritudinem
2589 1598 2646 1643 et
2680 1589 2931 1645 ordinem
2987 1604 3173 1644 rerum
3243 1604 3364 1658 qua:

1777 1691 1977 1736 creatas
2006 1691 2155 1744 sunt,
2187 1696 2379 1736 omnes
2423 1680 2672 1735 homines
2734 1682 2960 1745 docuit;
3034 1694 3225 1734 verum
3259 1680 3366 1734 hoc

1781 1774 1892 1829 Deo
1920 1774 2058 1828 satis
2097 1787 2206 1826 non
2245 1771 2466 1837 luit,setl
2488 1772 2750 1842 scriptam
2777 1773 2944 1827 etiam
2988 1773 3160 1843 legem
3195 1772 3364 1826 nobis

1783 1864 2028 1927 tradidit,
2067 1879 2165 1933 per
2190 1879 2353 1934 quam
2382 1865 2447 1918 de
2475 1864 2661 1918 divina
2683 1862 3034 1919 Providentia
3053 1878 3117 1917 at:
3148 1864 3365 1934 sapien-

104 1952 253 2023 τυρία
277 1953 354 2017 δὲ,
488 1931 622 2022 τοὺς
650 1931 1075 2031 ἁμαρτάνοντας
1096 1931 1665 2032 διαμιαριιτυρθύιιοιξντίς⁸

1777 1958 1850 2010 tia
1909 1957 2077 2010 etiam
2143 1956 2492 2011 doceremur.
2557 1954 2735 2011 Variis
2791 1965 2974 2011 autem
3039 1955 3363 2011 nominibus

103 2047 434 2119 δικαιώματα
469 2053 554 2120 δὲ,
596 2054 675 2118 ὡς
705 2054 978 2110 διδάσκων
1004 2056 1069 2108 τὸ
1089 2056 1301 2110 δίκαιον
1323 2070 1339 2087 ο
1369 2056 1558 2124 ἐντολὴ
1583 2054 1637 2107 δὲ
1657 2097 1675 2120 ,

107 2139 173 2202 ὡς
196 2141 254 2194 τὸ
282 2144 560 2212 πρακτέον
589 2144 971 2214 ἐντελλόμενος
1000 2161 1014 2174 ·
1055 2145 1222 2214 φόϐος
1251 2145 1330 2208 δδ,
1359 2144 1437 2210 ὡς
1461 2145 1676 2200 ἀδυσώ-

111 2250 282 2303 πητος·
313 2237 592 2308 κρίματα,
627 2239 702 2302 ὡς
751 2237 968 2310 ψήφους
1028 2238 1302 2312 ἐκφέρων,
1351 2237 1428 2302 ὡς
1472 2237 1677 2308 προλα-

110 2323 277 2390 ϐόντες
301 2330 614 2400 εἰρήκαμεν
643 2329 985 2402 πλατύτερον
1012 2332 1073 2384 ἐν
1101 2331 1180 2402 τῷ
1220 2328 1287 2396 ιζ’
1319 2328 1544 2400 ψαλμῷ.

108 2419 425 2486 mandatum,
488 2424 621 2493 quia
649 2440 771 2496 quae
797 2424 1006 2495 agenda
1041 2435 1172 2481 sunt
1231 2424 1484 2496 praecipit
1540 2439 1558 2480 :

1777 2048 1951 2118 legem
1999 2056 2180 2104 vocat.
2222 2048 2358 2102 Nam
2391 2059 2445 2103 et
2486 2050 2662 2119 legem
2711 2049 2972 2118 appellat,
3005 2049 3172 2104 veluti
3235 2065 3362 2119 qua:

1774 2140 2259 2196 conversationem
2297 2143 2425 2195 vitae
2471 2141 2775 2196 concinnat
2830 2151 2884 2195 et
2933 2140 3268 2195 constituit:
3310 2152 3368 2194 et

1775 2233 2176 2300 testimonium,
2253 2235 2383 2303 quia
2439 2242 2765 2303 peccatores
2842 2241 3188 2288 contestatur
3235 2249 3252 2287 :
3306 2243 3362 2288 et

1769 2325 2252 2394 jnstilicationem,
2302 2324 2432 2396 quia
2466 2324 2618 2394 quod
2652 2321 2866 2390 justum
2928 2334 3013 2378 est
3052 2324 3259 2378 docet:
3303 2332 3362 2376 et

1614 2433 1670 2479 ct
1711 2423 1990 2487 timorem,
2021 2421 2190 2476 veluti
2236 2419 2636 2476 inexorabilem
2673 2428 2772 2474 :et
2833 2417 3132 2488 judicium,
3196 2417 3358 2488 quasi

104 2514 412 2568 sententiam
442 2513 591 2570 lerat
605 2527 660 2572 et
676 2515 998 2588 suffragium
1021 2519 1485 2588 quemadmodum
1503 2516 1669 2571 latius
1702 2515 1947 2570 diximus
1980 2514 2035 2567 in
2061 2514 2275 2583 psalmo
2307 2529 2441 2567 xvn.

174 2604 227 2654 '0
254 2605 434 2674 νόμος
468 2608 697 2676 Κυρίου
729 2608 989 2678 ἄμωμος,
1018 2609 1417 2678 ὑποστρέφων
1466 2607 1674 2677 ψυχάς

105 2694 166 2748 Τί
212 2695 316 2766 γάρ
373 2699 442 2751 ἂν
505 2697 628 2769 ἔχοι
679 2717 764 2764 τις
823 2700 993 2753 αὑτοῦ
1060 2699 1424 2769 μέμψασθαις
1479 2699 1539 2762 ὃς
1606 2714 1672 2764 τι

105 2789 192 2840 καὶ
213 2788 320 2858 (72)
343 2790 690 2863 ἐπιστροφὴν
715 2791 908 2862 ψυχῶν
943 2793 1126 2861 ἐτέθη,
1171 2792 1262 2846 διὰ
1314 2790 1423 2845 τῶν
1459 2789 1674 2861 μικρῶν

102 2882 163 2930 τὰ
195 2877 362 2948 μείζω
387 2881 689 2936 διδάσκων.

177 2969 244 3025 Ἦ
262 2974 556 3042 μαρτυρία
592 2973 832 3042 Κυρίου,
865 2974 1076 3041 πιστὴ,
1095 2970 1433 3042 σοφίζουονα
1461 2972 1668 3040 νήπια.

118 3061 458 3130 Ἀξιόπιστος,
485 3063 618 3117 ἐπεὶ
647 3069 746 3118 καὶ
781 3065 937 3136 παρὰ
959 3064 1098 3118 Θεοῦ
1123 3081 1135 3095 ·
1162 3068 1334 3135 νήπια
1363 3062 1441 3129 δὲ,
1484 3065 1516 3133 ἢ
1548 3063 1674 3117 καθ’

105 3153 322 3222 ἡλικίαν,
349 3155 541 3229 ὥσπερ
569 3158 662 3210 τδν
688 3157 913 3227 Δανιὴλ,
948 3157 1042 3210 καὶ
1076 3156 1204 3219 τοὺς
1247 3157 1369 3209 κατ’
1399 3156 1595 3220 αὑτὸν,
1635 3157 1666 3225 ἦ

106 3247 234 3300 κατὰ
256 3250 495 3317 ἀμαθίαν
523 3250 884 3321 ἀνθρωπίνης
917 3249 1134 3318 σοφίας,
1165 3249 1198 3320 ἢ
1231 3248 1373 3302 κατὰ
1402 3247 1666 3304 ἀκακίαν.

1844 2605 1955 2659 Lex
1985 2604 2202 2658 Domini
2233 2603 2739 2671 irrepreliensibilis,
2787 2612 2840 2656 et
2905 2612 3210 2659 conuertens
3241 2606 3360 2658 ani-

1768 2713 1905 2750 ntas.
1939 2695 2079 2763 Quid
2095 2696 2242 2749 enim
2268 2697 2321 2750 in
2342 2711 2402 2750 ea
2426 2704 2534 2760 est,
2555 2696 2702 2765 quod
2732 2698 2981 2751 accusari
3004 2697 3202 2766 possit,
3231 2712 3358 2752 cum

1767 2791 1822 2841 et
1847 2785 1911 2839 ad
1942 2785 2250 2849 animarum
2285 2788 2704 2840 conversionem
2732 2785 2807 2840 sit
2837 2788 3036 2856 posita,
3060 2798 3115 2842 et
3148 2803 3212 2842 ex
3233 2803 3360 2858 par-

1769 2877 1854 2932 vis
1882 2877 2089 2944 majora
2117 2876 2337 2933 doceat.

1844 2966 2223 3023 Testimonium
2258 2969 2473 3023 Domini
2503 2970 2676 3038 ﬁdele,
2720 2973 3033 3039 sapientiam
3094 2982 3356 3041 praestans

1767 3063 2026 3134 garrulis.
2083 3061 2216 3119 Fide
2278 3065 2441 3134 digna
2474 3066 2748 3120 sunthaec
2817 3065 3132 3121 testimonia
3178 3072 3357 3139 :quia

1768 3169 1795 3206 a
1831 3154 2062 3209 Domino
2084 3164 2214 3209 sunt
2253 3171 2267 3207 :
2303 3155 2564 3211 Parvulos
2623 3168 2802 3211 autem
2854 3157 2937 3212 vel
2993 3167 3154 3214 aetate
3197 3161 3355 3225 dicit,

1764 3248 2231 3320 quemadmodum
2256 3249 2505 3304 videmus
2541 3251 2818 3304 accidisse
2873 3250 2927 3304 in
2988 3251 3181 3305 Daniel
3237 3251 3350 3324 [cui

106 3355 256 3408 puero
285 3343 462 3400 adhuc
491 3345 626 3400 data
649 3354 735 3400 est
764 3344 1082 3418 sapientia],
1138 3354 1236 3399 aut
1271 3345 1344 3400 ob
1403 3345 1657 3399 humanae
1696 3345 1983 3416 sapientia:
2023 3345 2528 3417 ignorantiam,aut
2555 3347 2720 3400 etiam
2752 3347 2826 3400 ob
2895 3361 3168 3402 summam
3220 3350 3356 3403 sim-

112 3439 398 3506 plicitatem.
430 3440 732 3513 [Omnibus
756 3441 903 3496 enim
935 3446 1021 3498 his
1066 3443 1245 3497 modis
1272 3442 1535 3512 parvulus
1585 3445 1710 3512 quis
1745 3443 1853 3498 dici
1891 3453 2092 3511 potest.

175 3532 240 3584 τὰ
269 3530 634 3601 δικαιώματα
694 3531 939 3600 Κυρίου,
981 3531 1163 3586 εὐθέα
1186 3571 1202 3596 ,
1263 3533 1665 3602 εὐφραίνοντα

1851 3530 2019 3588 Vltts.
2050 3533 2104 3587 9.
2128 3531 2552 3600 Justiﬁcationes
2580 3531 2790 3586 Domini
2815 3543 2991 3596 recta,
3022 3534 3351 3604 lcti/icantrs

111 3621 351 3686 καρδίαν.
383 3623 578 3693 Μηδὲν
609 3622 825 3677 σκολιὸν
870 3624 1088 3694 ἔχοντα,
1141 3623 1349 3692 μᾶλλον
1395 3624 1520 3678 νοῦν
1567 3626 1666 3677 καὶ

108 3713 185 3766 διὰ
207 3714 292 3768 τοῦ
319 3714 602 3770 διδάσκειν
627 3714 724 3779 τὰς
753 3716 936 3781 αἰτίας
966 3716 1356 3787 εὐφραίνοντα.
1385 3718 1458 3770 Ἦ
1479 3718 1661 3786 εὐθέα,

103 3805 170 3866 ὡς
199 3805 482 3877 εὐθύτητος
509 3809 580 3878 δη
590 3808 854 3880 μιουργά.

165 4070 264 4124 Kal
315 4072 534 4138 ἐντολὴ
605 4074 855 4141 Κυρίου,
916 4075 1228 4144 τηλαυγὴς
1249 4114 1265 4138 ,
1323 4073 1661 4144 φωτίζουσα

102 4162 446 4233 ὀφθαλμούς.
477 4166 626 4228 Τοὺς
645 4166 742 4234 τῆς
772 4165 972 4236 ψυχῆς
1003 4166 1070 4218 δι’
1095 4165 1276 4219 αὐτῶν
1301 4166 1381 4232 δὲ,
1411 4169 1506 4220 καὶ
1531 4168 1658 4232 τοὺς

103 4252 188 4306 τοῦ
216 4255 483 4327 σώματος’
507 4255 656 4310 ὥστε
685 4258 764 4327 μὴ
795 4257 1006 4326 βαίνειν
1037 4257 1156 4311 ὁδὸν
1197 4260 1461 4328 πονηράν.

175 4432 232 4489 ὀ
273 4440 453 4507 φόϐος
482 4438 707 4504 Κυρίου
755 4437 961 4504 ἁγνός.
1017 4434 1132 4504 (73)
1167 4435 1363 4502 Ἀγνδς
1399 4434 1522 4506 μὲν,
1574 4438 1658 4491 ὃτι

108 4529 230 4593 μετά
264 4530 528 4600 κάθαρσιν
546 4529 883 4594 ἐπιγίνεται·
915 4527 1190 4594 διαμένων
1217 4527 1296 4592 δὲ,
1327 4528 1412 4580 ὅτι
1446 4529 1657 4593 ἐκεῖνος

113 4618 197 4685 μὶν
254 4622 379 4691 ἄχρι
428 4620 756 4690 καθάρσεως
806 4619 1026 4688 φθάνων
1079 4617 1403 4672 ἐκϐάλλεται
1436 4619 1526 4673 διὰ
1563 4621 1654 4692 τῆς

107 4709 319 4780 ἀγάπης.
359 4707 524 4774 Οὗτος
553 4711 611 4764 δὲ
640 4709 1038 4781 άντεισαχθεὶς,
1072 4709 1488 4774 συνδιαιωνίζει.

1771 3625 1960 3679 corda.
2011 3622 2157 3680 Nihil
2205 3634 2516 3680 tortuosum
2571 3635 2670 3681 aut
2735 3625 3019 3697 obliquum
3082 3627 3281 3683 habent
3331 3644 3348 3683 :

1763 3717 2013 3786 quinimo
2057 3731 2272 3772 summa
2323 3717 2601 3770 hominem
2666 3716 2853 3771 laetitia
2915 3716 3341 3778 aﬂiciunt,dum

1766 3823 1966 3864 Causas
1999 3809 2224 3862 durent.
2255 3806 2352 3862 Vel
2405 3817 2586 3863 rectas
2639 3810 2876 3878 appellat
2922 3809 3347 3878 iustiﬁcationes

1769 3898 2007 3967 Domini,
2034 3903 2194 3972 quasi
2227 3916 2349 3970 qua:
2386 3899 2775 3956 rertitudinetn
2819 3902 2874 3954 in
2906 3901 3167 3958 omnibus
3209 3915 3346 3969 ope-

1764 3999 1977 4045 rantur.

1838 4078 2163 4152 Prwceptum
2223 4083 2436 4137 Domini
2471 4083 2725 4152 lucidum,
2784 4084 3100 4140 illuminans
3139 4084 3340 4138 oculos.

1764 4172 1976 4227 Anima:
2011 4177 2205 4230 oculos
2251 4175 2496 4247 intellige
2531 4191 2628 4244 per
2687 4193 2825 4246 quos
2879 4176 3128 4245 corp0ris
3175 4178 3340 4230 etiam

1765 4265 1961 4320 oculos
2016 4266 2399 4322 illuminabit:
2445 4269 2519 4321 ita
2557 4277 2610 4322 ut
2668 4284 2766 4338 per
2824 4283 3017 4337 pravas
3068 4268 3185 4323 vias
3228 4281 3341 4323 non

1764 4358 2048 4413 incedant.

1835 4449 2000 4506 Vens.
2055 4451 2141 4506 l0.
2183 4451 2363 4506 Timor
2406 4451 2618 4506 Domini
2652 4453 2896 4516 mundus,
2943 4469 3252 4522 permanens
3283 4455 3340 4505 in

1759 4543 2008 4596 saculum
2039 4543 2239 4597 sn'culi.
2272 4542 2510 4598 Mundus
2542 4544 2706 4598 veluti
2771 4544 2864 4614 qui
2923 4544 3170 4598 accusari
3227 4560 3335 4598 non

1763 4637 1956 4702 possit,
1981 4645 2078 4690 aut
2126 4637 2450 4703 vituperari.
2484 4635 2770 4689 llumanus
2801 4635 2945 4689 enim
2976 4637 3136 4690 timor
3169 4651 3335 4690 arcn-

1758 4726 1869 4777 suri
1920 4727 2061 4779 solet
2105 4735 2159 4780 et
2210 4726 2636 4793 pusillanimitas
2692 4728 3017 4796 appellatur.
3053 4725 3331 4782 Timorem

106 4813 263 4858 autem
301 4806 390 4861 hie
419 4824 542 4862 eum
575 4805 826 4876 intelligit
885 4805 1149 4876 prapheta
1201 4808 1294 4877 qui
1332 4809 1713 4878 perfectiorem
1756 4815 2030 4876 hominem
2072 4823 2271 4885 reddit,
2309 4824 2514 4894 quique
2552 4838 2726 4893 purus
2775 4831 2856 4877 est
2907 4838 2971 4876 ac
3022 4821 3259 4877 mundus
3314 4841 3326 4876 :

107 4916 252 4968 quem
277 4906 490 4974 qu0ties
517 4904 646 4972 quis
692 4903 879 4968 habet,
923 4918 953 4954 a
989 4903 1370 4959 benevolentia
1407 4903 1500 4959 Dei
1537 4923 1819 4980 nunquam
1845 4916 2071 4970 excidit.

165 4999 446 5065 Διαμέγων
471 5002 560 5065 είς
577 4996 764 5052 αίῶνα
790 4997 1025 5063 αἰῶνος.
1062 4997 1253 5065 ’Δγνδς
1276 4999 1353 5062 ὡς
1405 5001 1646 5074 καθαρὸς

1821 5007 2050 5067 lnitialis
2121 5024 2300 5068 autem
2377 5014 2538 5067 timor
2598 5011 2834 5068 mundus
2881 5025 2988 5064 non
3043 5019 3147 5072 est.
3195 5009 3325 5080 quia

103 5087 332 5159 δωδολῆς
356 5106 369 5120 ·
417 5093 446 5144 ὁ
475 5092 585 5162 γὰρ
637 5087 982 5161 ἀνθρώπινος
1016 5090 1182 5160 φόϐος
1254 5091 1604 5164 διαϐέϐληται
1629 5138 1645 5163 ,

103 5181 255 5234 δειλία
303 5183 653 5256 καλούμενος.
697 5184 767 5236 Ἦ
795 5183 962 5252 φόὸον
991 5182 1227 5237 ἐνταῦθα
1251 5183 1343 5236 τὸν
1367 5185 1646 5240 τελειωτι-

109 5273 192 5324 xiv
215 5273 373 5342 λέγει,
401 5277 457 5338 ὃς
507 5276 666 5345 μόνος
707 5276 824 5328 ἐστὶ
854 5275 1116 5344 καθαρὸς,
1149 5276 1238 5330 διὰ
1272 5276 1432 5346 μόνον
1462 5279 1524 5330 τδ
1566 5281 1642 5350 μὴ

104 5363 335 5419 ἐκπεσεῖν
385 5366 486 5436 τῆς
523 5365 616 5419 τοῦ
675 5365 812 5419 θεοῦ
843 5368 1173 5432 οίκειώσεως
1227 5369 1640 5440 συνιστάμενος.

153 5543 193 5574 ⁸⁸
218 5498 355 5598 Ρξαι.
380 5559 502 5598 suv
548 5544 601 5599 5.
664 5545 710 5577 "
733 5543 964 5614 Philipp.
1009 5559 1072 5609 tt.
1110 5543 1196 5599 l0.

1751 5119 1820 5159 ex
1854 5105 2095 5174 propriis
2135 5107 2384 5160 nascitur
2447 5107 2712 5175 peccatis.
2773 5102 2870 5158 Vel
2918 5105 3155 5158 mundus
3201 5104 3322 5156 ideo

1751 5195 1953 5248 dicitur
1995 5196 2084 5250 hic
2142 5199 2328 5258 titnor.
2382 5199 2508 5266 quia
2567 5197 2852 5250 munditiae
2905 5205 2990 5249 est
3045 5209 3231 5257 causa,
3270 5203 3324 5249 et

1753 5285 1988 5341 mundos
2013 5287 2264 5342 homines
2300 5289 2502 5342 reddit.
2551 5288 2846 5361 [Pt'mterea
2901 5287 3003 5340 alia
3042 5294 3127 5339 est
3159 5286 3321 5353 hujus

1751 5377 1966 5434 timoris
1994 5379 2061 5434 ad
2093 5380 2230 5435 alios
2257 5380 2568 5436 diﬂerentia
2637 5398 2651 5435 :
2693 5382 2965 5436 humanus
3003 5380 3184 5444 timor,
3222 5390 3320 5436 aut

1394 5659 1597 5722 Varias
1628 5659 1954 5723 lectiones.

169 5757 217 5832 ι]
231 5758 272 5832 l)
299 5762 379 5816 10'.
411 5761 841 5832 καμφθήσονται.

171 5827 274 5898 (72)
308 5827 748 5895 Addendum'tlc,
779 5829 862 5887 vel
889 5830 1046 5902 πρός.

1750 5829 1770 5884 Ι
1826 5759 1941 5830 (75)
1973 5757 2100 5816 “me
2141 5759 2357 5816 inverso
2383 5759 2573 5815 ordine
2604 5757 2803 5830 legisse
2845 5759 3057 5816 videtur
3087 5759 3310 5816 Latinus

1774 5839 2047 5884 nternrcs.

1774 5845 2047 5900 nterpres.
