4068 6276
346 416 457 480 265

346 624 561 687 σκίαζε.
591 621 687 677 Διό
715 638 844 676 ποτε
875 621 973 692 μὲν
1001 621 1067 675 ἐκ
1098 620 1193 674 τοῦ
1226 619 1381 687 ναοῦ,
1419 620 1551 675 ποτὲ
1582 620 1640 675 δὲ
1670 619 1728 688 ὲξ
1759 620 1928 690 οὐρα-

344 722 441 775 νοῦ
465 718 654 774 τοῦτον
683 718 1049 791 παρεκάλουν.
1089 716 1290 788 ’Δτίου
1310 715 1389 785 δὲ,
1417 715 1513 770 τοῦ
1545 716 1931 788 ἀφωρισμένον

347 810 519 882 αὐτῷ.

418 906 525 957 Ἑν
556 900 946 969 δυναστείαις
972 899 1013 968 ἠ
1048 901 1313 971 σωτηρία
1342 899 1451 969 τῆς
1480 897 1687 965 δεξιᾶς
1722 900 1932 957 αὐτοῦ.

361 993 452 1046 Ἐν
480 994 759 1067 ὑπερϐολῇ
792 993 1079 1064 δυνάμεως
1122 994 1154 1066 ή
1211 992 1364 1065 παρᾶ
1416 991 1521 1063 τῆς
1564 991 1717 1056 θείας
1749 990 1935 1056 δεξιᾶς

347 1086 614 1156 γινομένη
652 1087 763 1139 τινὶ
788 1086 1033 1159 σωτηρία
1052 1104 1067 1119 ⁸
1098 1085 1180 1141 διὸ
1217 1084 1323 1158 χρὴ
1353 1086 1599 1158 θαρρεῖν,
1628 1084 1723 1139 καὶ
1746 1082 1822 1156 μη
1850 1082 1936 1137 δε-

346 1181 527 1235 διέναι
583 1181 685 1251 τὴν
729 1180 997 1238 δοκοῦσαν
1051 1182 1428 1238 ἀνυπόστατον
1485 1181 1597 1236 τῶν
1655 1177 1935 1250 ⁴πολεμίων

348 1274 734 1343 παρασκευήν.

430 1482 609 1544 οὗτοι
638 1487 709 1541 ἑν
753 1488 999 1556 ἅρμασι,
1044 1485 1147 1543 καί
1170 1481 1337 1543 οὗτοι
1375 1486 1446 1542 ἐν
1473 1487 1699 1555 ἵπποις.
1742 1489 1804 1542 Ol
1839 1506 1935 1542 κυ-

349 1580 668 1645 κλώσαντες
695 1580 843 1652 ἡμᾶς
877 1582 936 1636 ὲν
968 1579 1181 1652 ἅρμασι
1213 1581 1306 1637 καὶ
1335 1580 1525 1646 ἵπποις
1554 1582 1681 1649 εἰσὶ,
1720 1581 1815 1634 καὶ
1844 1599 1939 1635 πει

351 1675 609 1731 ποίθασιν
626 1694 641 1705 ·
668 1668 819 1731 οὗτοι
838 1675 893 1731 δὲ
920 1675 1017 1731 καὶ
1038 1669 1207 1745 οὗτοι,
1234 1676 1285 1729 οί
1306 1675 1462 1730 αὐτοί
1480 1691 1495 1705 ο
1522 1676 1616 1729 καὶ
1644 1675 1803 1730 τοῦτο
1827 1676 1936 1747 γὰρ

350 1769 554 1839 ἰδίωμα
576 1768 676 1839 τῆς
712 1767 991 1839 Ἐὄραῖδος
1015 1767 1320 1823 διαλέκτου.

434 1969 635 2040 Ἡμεῖς
662 1971 732 2025 δὲ
759 1971 829 2025 ἐν
873 1972 1119 2041 ὀνόματι
1154 1971 1375 2041 Κυρίου
1415 1970 1567 2028 Θεοῦ
1616 1972 1789 2043 ἡμῶν
1816 1972 1931 2045 (76)

338 2065 948 2133 penalty-Medusam
1010 2064 1206 2135 Ἡμεῖς
1240 2066 1298 2118 δὲ
1328 2066 1387 2119 ὲν
1430 2066 1658 2136 ὀνόματι
1698 2066 1930 2137 Κυρίου,

344 2155 467 2227 (77)
493 2154 553 2209 τὸ
573 2154 927 2221 ὲξονειδισθὲν
959 2156 1114 2227 παρὰ
1141 2155 1252 2211 τῶν
1277 2156 1511 2227 ἐχθρῶν,
1557 2158 1640 2221 είς
1677 2156 1931 2227 βοήθειαν

345 2246 794 2318 ὲπικαλεσόμεθα
816 2262 831 2279 ·
862 2248 894 2317 ἢ
949 2247 1037 2302 διὰ
1072 2249 1137 2303 τὸ
1167 2248 1338 2319 ὄνομα
1389 2249 1619 2319 Κυρίου,
1674 2248 1738 2304 τὸ
1775 2249 1929 2321 ὑϐριε-

348 2341 502 2407 σθὲν,
536 2340 978 2412 ὲπικαλεσόμεοα
998 2341 1091 2397 τὸν
1116 2343 1321 2413 Κύριον
1358 2342 1577 2415 βοηθόν.

412 2542 590 2600 Αὐτοὶ
613 2542 1178 2612 συνεποδίσθησαν,
1220 2544 1320 2599 καί
1344 2546 1602 2601 ἔπεσον
1638 2546 1808 2615 ἡμεῖς
1840 2546 1929 2616 δὲ,

340 2636 712 2705 ἁνέστημεν,
738 2638 836 2691 καὶ
859 2637 1310 2708 ἀνωρθώθημεν.
1346 2640 1428 2694 Τὰ
1463 2639 1562 2709 μὲν
1588 2641 1931 2711 προλαϐόντα

344 2726 515 2798 ῥητὰ,
572 2728 717 2782 κατὰ
745 2728 838 2782 τὸν
868 2729 1059 2802 καιρὸν
1103 2725 1245 2802 ἦσαν
1276 2728 1372 2785 τοῦ
1398 2730 1599 2802 ορήνου
1649 2735 1741 2787 καὶ
1768 2750 1934 2787 κοπε-

342 2819 447 2874 τοῦ
466 2836 481 2851 ο
511 2821 582 2873 τὰ
606 2822 717 2891 γὰρ
746 2819 1019 2886 ιντεῦθιν,
1065 2822 1207 2892 μετὰ
1241 2823 1339 2894 τὴν
1368 2822 1600 2893 ἀόρατον
1649 2824 1931 2896 ἀναίρεσιν

340 2913 461 2966 τῶν
481 2914 785 2984 Ἀσσυρίων
839 2914 1104 2984 ἐγίνοντο,
1153 2915 1409 2985 λυθείσης
1454 2915 1555 2986 τῆς
1587 2917 1927 2989 πολιορκίας,

345 3004 445 3058 καὶ
470 3005 769 3075 χαιρόντων
797 3007 1037 3072 πάντων,
1061 3007 1155 3061 καὶ
1182 3007 1274 3061 τὸν
1297 3008 1429 3061 Θεὸν
1457 3008 1809 3075 δοξαζόντων,
1837 3010 1931 3065 καὶ

341 3098 622 3167 λεγόντων
660 3098 869 3153 ταῦτα·
906 3100 1377 3171 Συνεποδίσθησαν
1416 3103 1526 3173 γὰρ
1562 3105 1629 3173 τῇ
1680 3103 1802 3174 Θεία
1843 3103 1933 3157 δυ-

337 3191 538 3259 νάμει,
568 3192 666 3246 καὶ
696 3192 1117 3264 κατηνέχθησαν
1168 3198 1373 3265 πτῶμα
1401 3196 1734 3262 Θανάσιμον·
1771 3198 1931 3266 ἡμεῖς

340 3281 409 3335 δὲ
441 3286 792 3347 πεπτωκότες
815 3285 890 3356 τῷ
918 3285 1048 3349 δέει,
1079 3286 1391 3357 ἁνὲστημεν
1422 3285 1500 3358 τῷ
1527 3288 1856 3358 φρονήματι.

418 3595 617 3663 Κύριε,
678 3593 887 3649 σῶσον
939 3598 1046 3651 τὸν
1091 3595 1380 3661 βασιλέα,
1421 3597 1521 3651 καὶ
1577 3596 1928 3653 ἐπάκουσον

341 3685 543 3756 ἡμῶν,
571 3688 643 3742 ἐν
664 3680 705 3759 ᾖ
723 3686 800 3740 ἂν
823 3686 1011 3758 ἡμέρᾳ
1045 3687 1534 3758 ἐπικαλεσᾶψεθά
1568 3704 1662 3743 σε.
1716 3690 1930 3763 Ὠσπερ

343 3782 447 3832 νῦν
469 3780 681 3844 ἔσωσας
719 3780 882 3835 αὐτὸν
907 3782 972 3835 ὲκ
998 3783 1181 3853 χειρὸς
1214 3779 1449 3851 ἐχθρῶν,
1482 3779 1625 3835 οὕτω
1642 3781 1736 3835 καὶ
1766 3783 1847 3846 είς
1869 3782 1932 3836 τὸ

340 3868 482 3941 ἑξῆς
524 3868 657 3941 (78),
684 3869 833 3935 ἄξιον
852 3868 980 3923 ὅντα
1009 3870 1302 3937 σώζεσθαι,
1326 3869 1415 3923 διὰ
1451 3868 1549 3940 τὴν
1596 3870 1797 3940 ἀρετὴν
1835 3873 1935 3925 αὐ-

339 3957 448 4012 τοῦ
472 3975 487 3990 ·
524 3960 829 4014 ἐπάκουσον
867 3956 1023 4023 αὖθις
1045 3959 1226 4031 ἡμῶν,
1252 3959 1328 4022 ὡς
1364 3960 1457 4013 καὶ
1488 3958 1607 4026 νῦν,
1639 3959 1833 4023 ὁσάκις
1861 3964 1929 4017 ἂν

341 4052 813 4124 ὲπικαλεσὼμεθά
841 4071 921 4113 σε.
969 4054 1031 4109 '0
1060 4053 1159 4124 μὲν
1185 4048 1277 4107 οὖν
1299 4052 1532 4123 ψαλμὸς,
1581 4055 1661 4115 εἰς
1689 4055 1757 4107 τὰ
1788 4054 1932 4107 κατὰ

338 4147 444 4201 τὸν
477 4146 727 4211 Ἐζεκίαν
773 4146 1099 4217 ἡρμηνεύθη
1140 4145 1237 4199 καὶ
1270 4147 1483 4217 ἥρμοσε
1506 4163 1519 4179 ο
1556 4147 1704 4211 τινὲς
1733 4147 1811 4212 δὲ,
1856 4147 1933 4217 τῷ

342 4237 520 4293 Δαόὶδ
579 4238 741 4292 αὑτὸν
790 4240 1050 4309 ἁρμόζειν
1102 4237 1402 4309 βιάζονται,
1462 4236 1932 4310 παραταττομένῳ

345 4328 492 4399 πρὸς
522 4329 776 4390 ἐπιόντας
805 4331 1054 4400 ἐχθροὺς,
1087 4329 1180 4382 καί
1212 4345 1397 4399 φασιν,
1424 4329 1499 4391 ὡς
1528 4329 1691 4391 αὐτὸς
1721 4330 1748 4382 ὁ
1768 4329 1933 4383 Δαόὶδ

345 4424 693 4493 ἐσχημάτισε
743 4422 834 4475 τὸν
862 4423 1077 4492 ψαλμὸν
1121 4423 1200 4485 είς
1235 4424 1303 4475 τὰ
1342 4420 1611 4489 πρόσωπα
1650 4421 1760 4474 τῶν
1802 4423 1932 4493 περὶ

342 4515 516 4568 αὐτὸν
568 4514 820 4586 ἑταίρων.
870 4514 1159 4583 Ἀρμόσειε
1201 4513 1247 4567 δ’
1300 4512 1367 4566 ἂν
1416 4513 1512 4564 καὶ
1552 4512 1717 4564 παντὶ
1756 4512 1933 4582 πιστῷ

346 4610 827 4678 παραταττομένῳ
846 4608 989 4661 κατὰ
1002 4607 1111 4660 τῶν
1136 4606 1425 4675 δαιμόνων,
1450 4599 1538 4657 οἷα
1560 4604 1654 4657 τοῦ
1680 4603 1935 4674 σώματος

1504 418 1652 478 COM
1665 416 1897 478 MENT.
1952 417 2029 477 IN
2056 414 2420 479 PSALMOS.

349 533 463 587 Καὶ
489 532 547 583 ὲν
581 530 833 602 οὐρανοῖς
873 528 981 601 γὰρ
1023 525 1283 600 κατῴκει,
1341 528 1435 581 καὶ⁸
1464 529 1522 581 ὲν
1554 528 1632 598 τῷ
1661 526 1773 598 ναῷ
1804 527 1927 580 ἑπε-

2037 528 2210 594 tabat,
2237 534 2292 582 et
2320 526 2375 581 in
2410 523 2611 597 templo
2647 521 3011 581 obumbrabat

3497 406 3606 471 266

3071 539 3084 574 :
3130 527 3294 587 atque
3356 518 3480 574 idco
3512 522 3613 573 ali-

2034 619 2259 689 quando
2292 634 2323 676 e
2360 618 2586 688 templo,
2630 615 2932 688 aliquando
2963 629 3093 671 vero
3133 615 3322 671 ecmlo
3344 612 3493 667 illum
3518 612 3614 667 ad-

2032 712 2320 768 vocabant.
2342 709 2597 767 Sanctum
2627 724 2757 765 vero
2818 710 3019 764 coelum
3059 705 3470 779 appellatquasi
3488 721 3615 760 san-

2036 806 2332 863 ctilicatum
2370 806 2481 863 Deo
2516 821 2581 863 ac
2614 806 2951 862 dedicatum.

2112 898 2181 954 lu
2218 900 2573 971 potentatibus
2621 900 2769 954 salus
2812 899 3048 953 dextera:
3094 898 3233 967 ejus.
3276 895 3444 952 Salus
3495 896 3611 961 illa,

2035 1008 2157 1064 quae
2189 993 2417 1050 obvenit
2439 1008 2470 1048 a
2498 993 2677 1064 gratia
2710 990 2827 1057 Dei,
2866 990 3093 1047 fundata
3120 998 3207 1045 est
3241 989 3297 1044 in
3332 988 3614 1043 abundan—

2035 1084 2113 1141 tia
2140 1080 2376 1157 quadam
2410 1094 2576 1155 atque
2604 1099 2835 1141 excessu
2880 1083 3078 1138 divinze
3109 1080 3367 1153 potentia:
3399 1096 3415 1148 ;
3450 1090 3615 1150 atque

2039 1175 2163 1231 ideo
2187 1190 2287 1232 nos
2305 1175 2581 1232 conlidere
2600 1183 2819 1245 oportet
2834 1185 2887 1230 et
2912 1173 3261 1229 inimicorum
3282 1179 3614 1243 apparatum

2036 1283 2142 1325 non
2178 1269 2393 1334 timere,
2412 1282 2725 1338 quanquam
2793 1268 3095 1322 immensus
3126 1263 3419 1322 admodum
3452 1273 3617 1336 atque

2037 1361 2416 1417 intolerandus
2441 1361 2715 1417 videatur.

2111 1471 2278 1531 Vsus.
2309 1473 2362 1529 8.
2396 1472 2470 1528 Hi
2501 1474 2555 1529 in
2580 1475 2909 1539 curribus,et
2934 1473 3058 1528 hiiu
3091 1474 3266 1544 equis.
3290 1473 3358 1529 Ili
3391 1473 3617 1542 quicir-

2038 1563 2303 1620 cumdant
2339 1579 2466 1630 nos,
2499 1565 2557 1621 in
2591 1566 2851 1622 curribus
2882 1574 2940 1620 et
2965 1565 3019 1620 in
3042 1565 3201 1635 equis
3226 1574 3378 1630 sunt,
3415 1566 3469 1620 in
3498 1567 3619 1636 uui-

2038 1657 2143 1713 bus
2174 1657 2483 1713 conﬁdunt.
2542 1655 2775 1713 Eosdem
2810 1658 2958 1714 enim
3014 1658 3270 1713 inimicos
3324 1658 3617 1729 utrobique

2038 1747 2315 1819 intelligit,
2342 1746 2588 1820 [tametsi
2614 1756 2823 1817 repetat
2848 1746 3194 1820 articulum].
3258 1755 3452 1817 estque
3514 1751 3616 1803 hoc

2037 1841 2207 1895 ctiam
2236 1839 2518 1896 Hebraicae
2547 1842 2749 1914 lingua:
2781 1841 3008 1897 idioma.

2088 1951 2205 2007 Nos
2228 1962 2407 2009 autem
2428 1956 2481 2008 in
2518 1955 2729 2010 nomine
2778 1955 2871 2011 Dei
2889 1958 3061 2012 nostri
3109 1959 3486 2015 invocabimus.
3507 1961 3619 2016 Nos

2038 2053 2248 2111 autent,
2289 2049 2489 2118 inquit,
2517 2049 2651 2104 illud
2685 2048 2777 2105 Dei
2824 2066 3045 2117 nomen,
3092 2052 3236 2123 quod
3268 2054 3338 2109 ab
3381 2055 3619 2110 inimicis

2038 2139 2427 2209 exprobratum
2450 2154 2514 2194 ac
2529 2143 2862 2198 contumelia
2880 2142 3134 2199 affectum
3153 2154 3257 2211 est,
3281 2145 3334 2199 in
3352 2148 3616 2201 auxilium

2038 2238 2286 2285 nostrum
2307 2230 2724 2287 invocabimus:
2757 2231 2866 2298 vel,
2888 2240 3117 2302 propter
3139 2248 3341 2288 nomen
3374 2233 3614 2299 Domini,

2038 2323 2185 2393 quod
2219 2323 2289 2379 ab
2324 2323 2434 2379 illis
2483 2332 2729 2394 spretum
2765 2332 2850 2380 est
2898 2324 3279 2383 invocabimus
3324 2327 3615 2383 Dominum

2038 2416 2361 2486 adiutorem.

2114 2528 2350 2585 Vsas.9.
2384 2527 2499 2595 Ipsi
2522 2528 2744 2600 obligati
2784 2537 2908 2585 sunt
2936 2537 2985 2584 et
3009 2530 3333 2597 ceciderunt,
3374 2549 3468 2587 nos
3517 2550 3619 2586 au-

2040 2631 2142 2675 tem
2172 2621 2505 2676 surreximus
2532 2629 2581 2676 et
2605 2622 2766 2675 erecti
2805 2637 3010 2676 sumus.
3072 2620 3370 2693 Superiora
3427 2626 3617 2691 verba,

2040 2711 2456 2769 lamentationis
2473 2726 2537 2768 ac
2566 2714 2821 2783 planctus
2853 2721 3099 2787 tempore
3119 2715 3330 2784 prolata
3354 2715 3575 2771 luerunt
3600 2738 3615 2771 :

2038 2818 2162 2875 qua
2196 2814 2501 2876 sequuntur
2538 2814 2660 2877 post
2694 2807 3023 2863 invisibilem
3040 2808 3395 2880 Assyriorum
3415 2809 3619 2866 caedem

2038 2897 2184 2953 dicta
2219 2908 2373 2961 sunt,
2426 2897 2724 2956 obsidione
2762 2900 2974 2955 scilicet
3017 2901 3310 2967 dissoluta,
3361 2903 3621 2958 omnibus

2038 2992 2403 3066 gaudentibus
2438 3000 2493 3050 et
2521 2991 2689 3049 Deum
2716 2992 3177 3066 glorilicantibus,
3211 3003 3374 3066 atque
3428 2996 3622 3065 hujus-

2042 3084 2190 3138 modi
2216 3084 2383 3140 verba
2410 3083 2747 3139 dicentibus.
2775 3083 3015 3154 Obligati
3070 3088 3215 3141 enim
3252 3096 3383 3141 sunt
3429 3096 3485 3142 et
3512 3087 3619 3140 im-

2039 3177 2207 3247 pediti
2230 3178 2478 3249 potentia
2506 3177 2619 3244 Dei,
2648 3188 2815 3248 atque
2842 3179 2896 3233 in
2931 3180 3189 3235 letbalem
3216 3182 3431 3236 ruinam
3474 3196 3617 3253 prae-

1956 3265 2002 3327 C
2035 3270 2230 3339 cipites
2260 3270 2426 3326 delati
2476 3288 2489 3325 :
2530 3286 2630 3326 nos
2653 3280 2835 3325 autem
2898 3271 2990 3340 qui
3055 3274 3106 3327 in
3168 3274 3338 3329 multo
3392 3288 3616 3330 eranms

2039 3363 2259 3431 timore,
2299 3366 2665 3433 surreximus,
2693 3367 3047 3437 animumque
3084 3377 3139 3423 et
3165 3366 3417 3423 ﬁduciam
3460 3381 3616 3423 rece-

2040 3471 2245 3523 pimus.

2112 3568 2277 3627 Vens.
2319 3572 2403 3627 IO.
2440 3572 2902 3643 Domine,salvum
2928 3574 3015 3644 [ac
3052 3592 3219 3646 regem
3247 3614 3264 3643 ,
3310 3589 3360 3633 et
3419 3583 3617 3638 exaudi

2037 3681 2133 3720 uos
2158 3666 2211 3719 in
2238 3682 2547 3737 quacunque
2585 3667 2671 3722 die
2698 3669 3111 3724 iuvacaverimus
3140 3680 3213 3724 te.
3242 3670 3615 3736 Quemadmo-

2037 3758 2166 3813 dum
2224 3774 2372 3813 nunc
2406 3759 2476 3814 de
2514 3774 2678 3815 manu
2720 3760 3068 3815 inimicorum
3123 3776 3305 3831 regem
3364 3764 3612 3830 salvasti,

2037 3850 2119 3907 sic
2147 3859 2202 3907 et
2238 3850 2293 3905 in
2326 3850 2574 3906 futurum
2603 3852 2835 3919 salvato,
2864 3868 2986 3907 cum
3014 3854 3084 3911 ob
3130 3856 3386 3926 pmprias
3440 3856 3615 3913 vit-tu-

2039 3953 2141 4007 tes,
2180 3944 2376 4014 dignus
2406 3944 2499 4009 sit,
2528 3945 2620 4015 qui
2653 3959 2683 3999 a
2715 3952 2766 3999 te
2796 3946 3029 4001 salutem
3066 3957 3446 4017 consequatur
3493 3965 3508 4002 :
3561 3959 3616 4005 et

2036 4050 2139 4090 nos
2171 4052 2391 4093 rursum
2426 4038 2591 4093 etiam
2622 4039 2847 4100 exaudi,
2875 4043 3133 4108 quotiens
3166 4048 3219 4095 tc
3266 4040 3612 4097 invocaveri-

2038 4144 2179 4191 mus,
2202 4129 2663 4198 quemadmodum
2702 4146 2845 4185 nunc
2874 4132 3222 4186 exaudimur.
3288 4132 3477 4203 Itaque
3532 4136 3617 4190 sic

2036 4220 2225 4284 dictis,
2255 4223 2546 4291 prasentis
2579 4222 2773 4291 psalmi
2807 4223 3207 4292 expositionem
3259 4223 3327 4279 de
3377 4224 3612 4280 Ezecbia

2040 4311 2392 4381 perfecimus.
2438 4310 2670 4378 Quidam
2698 4327 3007 4383 congruere
3030 4328 3155 4367 eum
3198 4312 3387 4367 dicunt
3452 4314 3614 4371 beato

2038 4402 2231 4469 David,
2283 4419 2411 4459 cum
2454 4407 2506 4459 in
2525 4405 2644 4460 acie
2675 4406 2945 4463 adversus
2974 4405 3231 4462 inimicos
3257 4406 3612 4476 consisteret,

2036 4504 2093 4547 et
2119 4495 2499 4565 conscriptum
2537 4498 2607 4551 ab
2646 4511 2712 4552 eo
2761 4511 2885 4551 esse
2922 4512 2989 4551 ex
3030 4496 3309 4553 sociorum
3355 4514 3610 4568 persona,

2035 4587 2284 4658 quicum
2350 4603 2414 4642 eo
2446 4587 2696 4642 aderant.
2751 4587 3019 4657 Congrttit
3080 4590 3244 4643 etiam
3316 4591 3613 4661 unicuique

343 4701 793 4772 ὑπερευχομένου
821 4700 917 4769 τῆς
937 4699 1137 4772 ψυχῆς.
1166 4699 1277 4753 Καὶ
1296 4698 1345 4751 οἱ
1374 4697 1629 4767 δαίμονες
1651 4697 1762 4768 γὰρ
1786 4696 1930 4761 ἐξου-

2042 4679 2184 4735 ﬁdeli
2218 4681 2479 4735 adversus
2515 4680 2792 4735 daemones
2821 4680 3144 4747 decertanti,
3192 4681 3309 4750 ipso
3350 4683 3611 4736 nimirum

341 4796 593 4848 δένωσαν
621 4795 683 4848 τὸ
714 4792 884 4865 ὄνομα
919 4793 1013 4846 τοῦ
1044 4792 1201 4847 Θεοῦ.
1238 4792 1430 4860 Ἀγιον
1456 4792 1512 4843 δὲ
1544 4792 1783 4860 νοήσεις,
1839 4792 1932 4843 καὶ

2036 4789 2289 4843 corpore,
2338 4788 2439 4842 pro
2471 4773 2653 4826 anima
2686 4787 2876 4842 preces
2901 4773 3239 4843 porrigente.
3270 4772 3402 4827 Nam
3422 4783 3476 4829 ct
3499 4775 3613 4829 da:-

347 4886 518 4953 Σιὼν,
553 4886 645 4939 τὸν
680 4861 931 4957 οὐρανὸν,
958 4885 1033 4949 ὡς
1064 4887 1373 4955 εἰρήκαμεν
1396 4881 1676 4944 πολλάκις.
1701 4881 1932 4950 Χριστὸς

2036 4881 2229 4921 mones
2259 4880 2454 4921 nomen
2500 4862 2594 4919 Dei
2625 4874 3033 4934 contempsere.
3074 4861 3179 4919 Per
3205 4877 3457 4919 sanctum
3517 4882 3615 4919 an-

346 4980 409 5033 se
442 4979 608 5032 αὑτοῦ
636 4978 732 5032 καὶ
754 4956 1040 5050 βασιλεὺς,
1061 4979 1089 5030 ὁ
1116 4973 1462 5047 Χριστιανὸς,
1493 4973 1569 5038 ὡς
1590 4972 1933 5045 προείρηται.
2036 4968 2170 5023 lem»
2236 4965 2291 5012 εί
2327 4972 2420 5028 Pe?
2451 4956 2608 5050 SIOPi
2638 4956 2839 5050 malum
2899 4956 3193 5027 ῖ¹¹ῑθ¹¹ί3θει
3242 4967 3299 5010 ⁸³⁸
3354 4972 3498 5050 επρὲ
3530 4960 3617 5050 7"“

362 5071 463 5125 Ἑν
494 5071 706 5142 ἅρμασι
759 5047 816 5123 δὲ
845 5071 939 5124 καὶ
970 5071 1030 5122 ὲν
1080 5070 1289 5133 ἵπποις,
1328 5066 1379 5120 οἱ
1430 5064 1702 5134 δαίμονες,
1753 5062 1844 5117 διὰ
1876 5062 1932 5115 τὸ

2036 5062 2183 5107 ctum
2223 5059 2328 5107 est.
2365 5050 2469 5105 Per
2524 5047 2806 5104 Christum
2840 5063 2969 5105 vero
3005 5057 3060 5103 et
3083 5063 3284 5119 regem,
3312 5048 3615 5118 quemlibet

348 5140 545 5233 τάχος,
574 5163 669 5215 καὶ
698 5162 798 5232 τὴν
845 5168 904 5216 ὲν
937 5161 1194 5231 πολέμοις
1232 5158 1611 5230 παρασκευήν.
1644 5157 1871 5223 Λέγοιτο
1891 5154 1932 5209 δ¹

2041 5144 2440 5206 Christianum,
2514 5150 2574 5194 ut
2631 5140 2758 5196 alibi
2812 5140 3187 5211 praediximus.
3246 5141 3304 5194 In
3359 5140 3615 5194 curribus

351 5255 428 5307 ἂν
476 5253 508 5307 ὁ
557 5254 768 5324 ψαλμὺς
821 5270 977 5316 ουτος
1036 5250 1180 5305 κατά
1230 5250 1339 5303 τῶν
1393 5247 1669 5317 αἰσθητῶν
1719 5245 1932 5317 ἐχθρῶν

2042 5243 2297 5292 autemet
2331 5235 2386 5289 in
2414 5234 2572 5302 equis
2603 5232 2882 5289 daemones
2914 5232 3167 5288 incedere
3214 5232 3498 5295 dicuntur,
3545 5234 3617 5284 ob

351 5345 537 5415 ἡμῶν,
570 5345 677 5398 τῶν
709 5344 1034 5415 Βαρϐάρων,
1060 5344 1152 5397 καὶ
1176 5342 1316 5412 ὑπὲρ
1338 5340 1433 5393 τοῦ
1464 5338 1728 5410 βασιλέως
1750 5335 1928 5407 ἡμῶν.

2038 5344 2226 5389 eorum
2246 5328 2597 5383 velocitatem
2620 5338 2674 5380 ct
2692 5325 2762 5381 ob
2796 5340 3071 5380 summum
3096 5325 3222 5379 belli
3265 5333 3615 5392 apparatum.

352 5440 477 5505 9W
550 5444 713 5493 etiam
765 5448 943 5508 pOtest
995 5438 1081 5492 hic
1141 5437 1383 5506 psalmus
1445 5433 1707 5489 adversus
1758 5430 2013 5486 inimicos
2058 5433 2281 5481 nostros
2318 5422 2612 5486 Barbaros,
2653 5431 2706 5475 et
2768 5434 2867 5489 pro
2935 5419 3155 5487 regibus
3212 5417 3416 5471 nostris
3491 5416 3619 5468 Ην-

350 5536 527 5590 libus.

1704 5699 1898 5761 Varia)
1933 5697 2262 5760 lectiones.

432 5845 550 5920 (76)
574 5861 676 5920 χρ.
708 5836 1170 5920 ἰριικιαλεσξμξρα.

426 5907 544 5991 ἐπ)
570 5907 657 5972 τὲ.
685 5912 766 5983 τῷ
794 5907 1224 5974 δξονειδισοέντι.

707 6013 976 6073 ΡΔτιιοιι.
1019 6008 1138 6067 Gn.
1183 5999 1505 6064 CXXVIII.

2124 5826 2242 5896 (78)
2276 5821 2448 5885 Adde,
2486 5818 2568 5874 vel
2602 5816 2830 5873 subaudi
2866 5810 3081 5873 σώσεις.

3143 5968 3177 6029 9
