4036 6256
563 313 666 380 ιλιι

1777 317 1982 379 EUTU
1995 317 2167 381 YMII
2214 316 2577 380 ZIGABENI
3678 333 3765 394 ῑῑῑ

627 433 1000 501 (Ῑοῃὶιαυρνηιιι
1037 431 1260 484 (Misi/ia
1291 431 1340 483 in
1374 431 1559 501 quibus
1603 431 1790 487 sistere
1822 451 1924 487 non
1950 445 2140 504 potue-

2313 435 2744 504 Διελοτισαντο
2794 436 3055 503 βουλὰς,
3119 430 3214 503 αῖς
3267 438 3337 492 οὺ
3379 439 3461 506 μὴ
3519 439 3778 501 δύνωνται

557 541 699 580 runt.
740 528 893 580 Licet
933 529 1124 589 multa,
1179 525 1384 593 inquit,
1439 525 1706 581 adversus
1751 536 1802 580 te
1844 542 1907 581 ac
1945 541 2141 582 servos

558 631 680 671 tuos
716 617 1102 685 cogitaverunt,
1139 615 1452 683 hujusmodi
1493 623 1676 671 tamen
1704 618 2142 686 cogitationibus

560 710 847 765 immorari
875 719 1038 778 atque
1064 708 1320 762 insistere
1349 721 1456 761 non
1489 715 1808 775 potuerunt.
1836 707 2142 765 Destruen-

559 814 648 857 tur
677 803 823 856 enim
857 816 1047 857 eorum
1077 801 1336 854 consilia.

630 895 798 950 Vsus.
835 895 923 947 15.
964 893 1228 959 Quoniam
1271 908 1429 959 pones
1477 908 1564 946 eos
1619 893 1858 946 dorsum.
1905 892 2138 948 Dorsum

556 992 685 1061 poni
712 989 917 1043 dicitur
949 986 1044 1057 qui
1079 986 1217 1058 fugit
1249 1001 1312 1041 ac
1337 993 1488 1056 terga
1520 985 1633 1040 dat.
1655 985 1806 1039 Nihil
1826 986 1969 1041 enim
1993 985 2142 1040 aliud

559 1082 814 1153 corporis
848 1081 971 1149 eius
996 1089 1163 1146 tunc,
1203 1095 1368 1150 quam
1399 1079 1652 1145 dorsum,
1687 1078 1790 1135 hoc
1829 1087 1936 1142 est,
1977 1093 2142 1150 quam

559 1188 770 1247 tergum
803 1175 978 1229 videri
1016 1183 1221 1245 potest.

635 1276 701 1329 In
736 1274 974 1344 reliquiis
1018 1283 1165 1325 tuum
1192 1269 1527 1340 prwparabis
1559 1267 1759 1324 uultum
1791 1284 1994 1324 eorum.
2029 1271 2148 1324 Hoc

557 1386 656 1441 per
694 1367 1042 1439 hyperbaton
1075 1364 1304 1436 liguram
1339 1361 1778 1419 construendum
1810 1370 1918 1425 est,
1941 1361 1987 1416 si
2022 1377 2147 1416 sen-

563 1465 752 1518 tentiae
789 1472 1034 1516 tenorem
1059 1472 1286 1514 servare
1308 1456 1668 1520 voluerimus,
1697 1454 1801 1510 hoc
1838 1463 2001 1525 pacto
2036 1472 2048 1509 :
2085 1455 2144 1511 In

562 1556 816 1625 reliquiis
869 1568 1061 1609 eorum
1115 1549 1457 1621 praeparabis
1501 1547 1713 1603 vultum
1768 1557 1960 1616 tuum;
1994 1562 2060 1604 ac
2098 1549 2145 1604 si

563 1651 730 1713 dicat,
764 1645 911 1717 quod
947 1657 1126 1712 neque
1153 1640 1318 1697 etiam
1355 1640 1389 1694 ii
1445 1639 1809 1693 salvahuntur
1838 1639 1932 1707 qui
1966 1637 2146 1694 relicti

562 1750 693 1795 sunt
721 1748 775 1794 et
814 1734 1216 1808 superfuerunt
1244 1747 1271 1786 a
1311 1739 1494 1801 strage
1527 1730 1678 1795 belli,
1727 1739 1781 1785 et
1817 1730 1909 1799 qui
1969 1731 2022 1784 in
2057 1727 2148 1783 ιυ-

562 1853 685 1909 gam
719 1831 970 1888 conversi
1001 1835 1152 1893 sunt,
1181 1825 1277 1882 sed
1306 1834 1499 1880 contra
1529 1838 1625 1878 eos
1651 1824 1843 1889 etiam,
1878 1823 2147 1878 risitatio-
2183 1800 2223 1856 Β

562 1945 686 1986 nem
728 1938 879 1983 tuam
914 1923 1272 1997 praeparabis,
1328 1918 1465 1975 adeo
1507 1926 1565 1973 ut
1591 1933 1700 1973 non
1734 1921 1950 1988 possint
2012 1932 2143 1973 eva-

2247 525 2489 595 στῆναι.
2513 527 2576 581 Ei.
2602 527 2711 599 γὰρ
2733 530 2832 582 καὶ
2857 529 3030 582 πολλὰ
3068 531 3211 584 κατὰ
3247 531 3341 583 σοῦ
3368 533 3463 584 καὶ
3489 535 3588 586 τῶν
3606 536 3780 593 δούλων

2247 636 2343 673 σου
2369 620 2735 690 ἐμελέτησαν,
2772 622 2890 676 ἀλλ’
2939 618 3032 677 οὖν
3072 623 3171 677 οὐκ
3224 626 3534 695 ἰσχύσουσιν
3556 629 3784 699 ἐμμεῖναι

2244 713 2358 775 τοῖς
2397 712 2747 783 δεδογμένοις
2769 730 2784 744 ·
2827 713 3338 786 περιτραπήσονται
3376 716 3484 788 γὰρ
3517 719 3571 770 at
3605 721 3784 775 τούτων

2249 802 2462 872 βουλαί.

2317 896 2439 949 Ὅτι
2505 897 2719 964 θήσεις
2783 898 3009 964 αὐτοὺς
3063 899 3278 952 νῶτον.
3312 896 3502 962 Νῶτος
3532 900 3722 967 γίνεται
3767 905 3791 955 ὁ

2247 988 2470 1057 φεύγων
2494 1007 2507 1019 ·
2542 989 2694 1042 οὐδὲν
2728 991 2836 1059 γὰρ
2867 990 3056 1061 ἕτερον
3082 991 3248 1045 αὑτοῦ
3278 992 3549 1061 φαίνεται,
3581 993 3613 1064 ἢ
3652 996 3791 1064 μόνον

2248 1081 2274 1133 ὁ
2317 1081 2510 1146 νῶτος.

2331 1270 2426 1322 Ἐν
2455 1269 2580 1335 τοῖς
2607 1271 2982 1338 περιλοίποις
3013 1285 3130 1324 σου
3176 1271 3519 1340 ἐτοιμάσεις
3544 1275 3607 1327 τὸ
3632 1277 3796 1342 πρόσ-

2245 1375 2412 1416 ωπον
2444 1360 2666 1416 αὐτῶν.
2710 1361 2885 1416 Τοῦτο
2922 1362 3046 1416 καθ’
3103 1364 3418 1434 ὑπερϐατὸν
3471 1365 3796 1436 συντάξομεν,

2247 1459 2298 1509 ei
2334 1454 2628 1526 μέλλοιμεν
2667 1459 3008 1529 συντηρῆσαι
3039 1457 3139 1528 τὴν
3193 1458 3518 1512 ἀκολουθίαν
3569 1460 3662 1530 τῆς
3698 1461 3800 1514 δια-

2247 1547 2418 1610 νοίας.
2460 1543 2588 1601 οἷον
2621 1550 2678 1601 ὲν
2713 1553 2828 1612 τοῖς
2860 1550 3208 1621 περιλοίποις
3256 1551 3436 1604 αὐτῶν
3457 1593 3472 1618 ,
3513 1553 3798 1622 έτοιμάσεις

2248 1640 2310 1693 τὸ
2345 1641 2644 1711 πρόσωπόν
2676 1659 2796 1705 σου,
2822 1644 3131 1706 τουτέστιν,
3163 1644 3276 1697 οὐδ’
3297 1644 3349 1697 οἱ
3385 1643 3806 1714 περιλειφθέντες

2251 1733 2359 1787 ἀπὸ
2393 1733 2495 1803 τῆς
2529 1735 2587 1788 ὲν
2619 1735 2699 1806 τῷ
2737 1736 2960 1806 πολέμῳ
2995 1737 3232 1806 σφαγῆς,
3267 1739 3365 1791 καὶ
3393 1739 3475 1801 εἷς
3495 1738 3674 1808 φυγὴν
3701 1755 3808 1808 τρα-

2252 1825 2525 1894 πήσονται
2548 1843 2560 1856 ο
2591 1827 2730 1880 ἀλλὰ
2760 1831 2858 1882 καὶ
2885 1828 3010 1882 κατ’
3037 1828 3218 1882 αὐτῶν
3256 1826 3568 1902 έπισκοπὴν
3600 1829 3695 1900 τὴν
3724 1834 3810 1895 σὴν

2251 1919 2620 1992 εὐτρεπισεις,
2654 1920 2797 1976 ὥστε
2824 1921 2902 1990 μὴ
2934 1921 3222 1990 διαφυγεῖν
3255 1921 3474 1984 αὐτούς.

564 2029 713 2085 dere.
749 2021 837 2095 [Et
871 2024 958 2073 hic
987 2016 1204 2087 quidem
1236 2013 1343 2068 erit
1397 2027 1594 2068 sensus
1631 2014 1676 2067 si
1707 2012 1896 2082 legas:
1934 2009 2000 2064 In
2040 2010 2280 2080 reliquiis
2334 2022 2508 2080 tuum,
2565 2026 2673 2070 etc.
2727 2013 2931 2070 Verum
3010 2019 3140 2087 quia
3211 2016 3382 2072 dictio
3461 2015 3653 2072 Greca
3725 2032 3808 2085 σοῦ

561 2129 743 2194 potest
805 2113 1061 2182 intelligi,
1098 2121 1157 2166 ut
1192 2107 1462 2164 referatur
1511 2107 1579 2161 ad
1631 2106 2021 2177 praecedentia,
2059 2106 2133 2158 ita
2175 2115 2232 2160 ut
2264 2107 2338 2162 sit
2363 2107 2564 2164 lectio:
2609 2106 2674 2162 lu
2704 2109 2944 2179 reliquiis
2973 2109 3102 2177 ιιιίε,
3131 2117 3265 2175 etc.,
3328 2110 3488 2181 juxta
3562 2110 3698 2167 hanc
3742 2113 3812 2168 le-

565 2217 828 2276 ctioncm,
869 2210 1032 2280 paulo
1078 2214 1203 2276 post
1234 2203 1532 2260 secundam
1589 2203 1784 2273 psalmi
1833 2202 2236 2272 expositionem
2279 2205 2704 2278 tractabimus]

644 2309 810 2364 Vsus.
857 2306 946 2359 Η.
988 2301 1272 2366 Exaltare,
1326 2299 1570 2364 Domine,
1629 2300 1682 2352 in
1735 2300 1969 2367 potentia
2032 2307 2146 2353 tua.

566 2406 624 2458 ln
664 2401 876 2472 psalmo
915 2413 988 2452 vu
1018 2394 1429 2451 declaravimus
1466 2392 1596 2462 quid
1627 2391 1902 2460 signiticet
1921 2392 2149 2446 verbum

571 2501 672 2549 hoc
714 2512 726 2548 :
769 2491 1050 2546 Exaltare.
1087 2488 1357 2544 Eumdcm
1393 2485 1540 2540 enim
1569 2500 1790 2539 sensum
1849 2483 2011 2538 habet
2064 2484 2155 2537 hic

566 2589 902 2651 vet-sieulus,
929 2599 1092 2654 quem
1129 2581 1202 2635 ibi
1236 2579 1372 2634 ille:
1431 2576 1501 2630 Et
1555 2577 1801 2631 exaltare
1864 2577 1917 2629 in
1960 2574 2154 2644 ﬁnibus

567 2683 904 2738 inimicorum
937 2687 1148 2730 tuorum
1174 2673 1240 2727 ⁸⁸.

639 2773 989 2829 Cantabimus
1020 2778 1069 2823 et
1101 2766 1392 2836 psaiiemus
1425 2772 1730 2831 potentatus
1759 2773 1899 2819 tuos.
1935 2762 1994 2820 In
2051 2763 2157 2819 line

573 2866 769 2939 psalmi
833 2878 932 2927 xu,
997 2861 1407 2915 declaravimus
1467 2855 1601 2926 quid
1667 2854 1979 2925 signiﬁcent
2036 2855 2154 2909 hinc

572 2959 741 3016 verba
783 2963 1005 3011 cantare
1038 2961 1091 3007 et
1120 2950 1368 3020 psallere.
1443 2947 1626 3018 Aliqui
1677 2948 1822 3002 hunc
1883 2946 2154 3017 psalmum

571 3063 875 3122 congruere
892 3053 1144 3102 asserunt
1170 3043 1273 3113 ipsi
1294 3041 1452 3096 beato
1483 3038 1672 3105 David,
1702 3038 1974 3104 dicentes,
2007 3037 2152 3108 quod

573 3162 673 3217 pro
709 3143 894 3214 seipso
925 3140 1080 3196 illum
1142 3136 1365 3192 cecinit.
1423 3132 1580 3202 Quod
1639 3132 1687 3188 si
1741 3132 2152 3202 susceperimus

571 3238 728 3303 (nihil
753 3235 898 3291 enim
941 3229 1213 3304 impedit),
1252 3230 1452 3300 exponi
1523 3226 1750 3298 poterit,
1794 3235 1850 3280 ut
1887 3225 2154 3295 suhjicie-

573 3350 716 3390 mus.
751 3329 912 3399 Quod
936 3330 1105 3400 igitur
1134 3328 1189 3380 in
1226 3323 1503 3394 principio
1543 3319 1738 3393 psalmi
1765 3319 1846 3375 ait
1877 3336 1891 3373 :
1948 3316 2013 3372 In
2054 3335 2150 3389 po-

574 3428 739 3483 tentia
779 3434 871 3478 tua
905 3419 1199 3484 iwtabigur,
1227 3423 1279 3470 et
1337 3415 1392 3469 in
1425 3413 1661 3469 salutari
1700 3423 1789 3466 tuo
1842 3411 2150 3479 exsultabit,

575 3519 950 3588 intelligemus
977 3511 1122 3567 dicta
1154 3509 1327 3565 fuisse
1368 3515 1594 3578 propter
1640 3504 1922 3560 Christum
1976 3505 2070 3575 qui
2100 3510 2156 3558 et

575 3612 818 3684 potentia
854 3607 946 3661 Dei
978 3613 1084 3669 est,
1134 3612 1188 3658 et
1247 3600 1452 3655 dicitur
1474 3637 1489 3661 ,
1515 3599 1670 3668 juxta
1726 3598 2049 3668 Apostolum
2084 3598 2151 3662 ⁸⁵,

573 3719 628 3763 et
663 3705 940 3760 Salvator.
979 3697 1103 3766 Ipse
1137 3697 1311 3760 enim,
1335 3702 1396 3747 ut
1429 3694 1506 3747 ait
1531 3692 1876 3762 Evangelista
1899 3732 1914 3755 ,
1957 3690 2154 3746 Salva-

576 3803 648 3854 bit
671 3799 922 3869 populum
945 3809 1098 3848 suum
1128 3791 1197 3845 ".
1236 3785 1316 3843 Ad
1347 3787 1565 3841 Patrem
1599 3787 1787 3856 itaque
1831 3786 1966 3839 dicit
2021 3785 2155 3840 Pro-

575 3894 739 3962 pheta
778 3905 792 3941 :
827 3885 1052 3941 Domine
1082 3881 1402 3950 inpotentia
1449 3887 1567 3942 tua,
1603 3886 1660 3932 et
1703 3877 1770 3932 ad
1813 3875 2008 3932 Filium
2037 3894 2050 3930 :
2085 3874 2154 3930 In

574 3980 809 4040 salutari
845 3987 958 4043 tuo,
990 3977 1094 4030 hoc
1122 3983 1206 4030 est
1241 3973 1296 4027 in
1351 3986 1413 4026 ea
1450 3970 1650 4034 salute,
1684 3985 1805 4038 quae
1836 3983 1932 4040 per
1961 3978 2014 4023 te
2050 3969 2154 4023 hu-

577 4092 736 4132 mano
766 4071 952 4144 generi
983 4071 1109 4125 data
1139 4081 1242 4124 est.
1273 4064 1386 4119 Hoc
1421 4072 1580 4134 pacto
1635 4065 1799 4118 etiam
1831 4064 1882 4116 iu
1916 4078 2153 4132 sequen-

578 4174 726 4224 tihns
757 4167 863 4220 alia
898 4163 964 4219 ad
1005 4163 1244 4224 l’atrcm,
1296 4166 1350 4213 et
1407 4159 1515 4211 alia
1583 4156 1650 4209 ad
1709 4155 1903 4209 Filium
1962 4154 2153 4209 referri

577 4263 796 4316 debent.
819 4258 957 4311 Vere
988 4264 1173 4309 autem
1238 4254 1433 4307 beatus
1491 4249 1682 4314 David,
1741 4257 1864 4318 post
1923 4256 2154 4302 mortem

579 4367 733 4406 suam
773 4352 988 4402 ltetatus
1041 4354 1148 4408 est,
1207 4350 1373 4410 atque
1427 4340 1743 4405 exsultavit,
1809 4353 2040 4393 cernens
2091 4352 2156 4392 ac

576 4440 958 4510 contemplans
991 4435 1194 4492 divina
1219 4432 1618 4488 incarnationis
1650 4431 1991 4502 mysterium.
2017 4429 2150 4484 Nam

579 4536 622 4591 si
666 4533 796 4587 dum
846 4531 1024 4584 adhuc
1074 4525 1317 4582 tenebris
1379 4525 1630 4579 humana:
1683 4525 1866 4578 carnis
1932 4523 2157 4576 indutus

576 4637 716 4688 erat,
754 4625 950 4677 animre
983 4630 1164 4674 tamen
1192 4634 1256 4672 ac
1289 4617 1492 4672 mentis
1544 4614 1723 4670 oculis
1791 4612 1973 4669 futura
2033 4627 2156 4682 pro-

578 4717 868 4788 spicichat,
905 4713 1077 4767 multo
1112 4710 1288 4781 magis
1317 4706 1640 4778 huiusmodi
1699 4707 1948 4776 corporis
2002 4712 2157 4760 utnec

576 4809 691 4862 hris
728 4797 1361 4874 depositis,crcdcndum
1411 4803 1497 4852 est
1548 4812 1672 4851 eum
1710 4796 1901 4867 purius
1938 4810 2002 4849 ac
2033 4810 2158 4864 pcr-

577 4899 817 4954 lucidius
846 4895 1031 4950 omnia
1057 4892 1396 4961 speculatum
1433 4904 1575 4944 esse.
1637 4887 1701 4941 Et
1756 4895 2155 4956 consequenter

579 4995 645 5052 ad
689 4993 972 5065 praedicta,
1005 5005 1099 5060 per
1155 4987 1339 5043 cordis
1389 4985 1721 5040 desiderium
1777 4984 2153 5052 intelligemus

577 5089 915 5146 desiderium
957 5081 1179 5138 videndi
1239 5078 1680 5135 incarnationem
1719 5075 1858 5127 hanc
1885 5073 2154 5137 divinam,

579 5185 738 5251 cuius
778 5189 966 5251 typum
994 5192 1056 5231 ac
1109 5175 1336 5245 ﬁguram
1371 5171 1584 5225 viderat
1615 5188 1629 5235 ;
1661 5175 1717 5223 et
1779 5183 1874 5237 per
1908 5169 2161 5219 volunta-

581 5289 689 5333 tem
719 5275 1011 5335 labiorum,
1052 5267 1374 5324 intlcsincus
1405 5280 1467 5318 ac
1510 5276 1833 5334 perpetuum
1871 5262 2002 5314 illud
2039 5271 2155 5313 stu-

579 5374 728 5426 dium
765 5365 998 5422 cancndi
1035 5378 1097 5418 ac
1162 5358 1421 5415 laudandi
1478 5356 1670 5420 Deum,
1729 5371 1838 5424 quo
1879 5353 2150 5410 desiderio

580 5474 858 5530 nnnqmm
890 5458 1192 5511 frustratus
1223 5460 1326 5506 est.
1363 5446 1522 5503 Canit
1549 5448 1748 5516 quippe
1770 5444 1877 5499 Dco
1906 5444 2148 5510 assidue,

583 5553 823 5607 [idolium
853 5547 1096 5601 omnium
1138 5559 1232 5596 ore
1267 5549 1429 5594 utens
1454 5554 1515 5592 ac
1549 5537 1729 5592 labiis.
1755 5537 1932 5590 Vitam
1969 5545 2149 5590 autem

583 5645 736 5714 pt'liil
771 5658 800 5695 a
833 5641 964 5705 Deo,
995 5646 1047 5693 et
1073 5635 1305 5704 accepit,
1342 5648 1464 5687 cum
1486 5632 1539 5684 in
1572 5629 1803 5685 suminis
1831 5642 1973 5698 smpe
2007 5627 2155 5696 peri-

633 5825 675 5856 “
709 5822 852 5880 Psal.
884 5837 976 5886 vn,
1014 5821 1066 5875 7.
1143 5820 1187 5851 ⁸⁵
1212 5815 1230 5869 l
1258 5815 1385 5872 Cor.
1425 5832 1462 5880 ι,
1496 5814 1586 5866 24.
1629 5811 1673 5843 ⁸³
1716 5810 1904 5865 Matth.
1949 5825 1988 5877 ι,
2019 5810 2111 5864 21.

2336 2297 2649 2369 Ὑψὼθητι.
2713 2303 2912 2371 Κύριε,
2965 2301 3037 2356 ἐν
3086 2302 3162 2371 τῇ
3223 2302 3474 2372 δυνάμει
3541 2317 3680 2357 σου.
3739 2303 3815 2356 Ἕν

2247 2391 2328 2464 τῷ
2393 2394 2609 2464 ἑϐδόμῳ
2665 2392 2869 2464 ψαλμῷ
2939 2395 3367 2464 σεσαφήνισται,
3438 2395 3491 2448 τί
3573 2394 3816 2465 σημαίνει

2249 2487 2332 2550 τὺ,
2410 2486 2706 2556 ’Υψιὶιθητι
2744 2502 2755 2516 ·
2825 2488 2886 2539 τὸ
2941 2488 3118 2558 παρλν
3199 2487 3310 2558 γὰρ
3388 2490 3578 2559 eum,
3642 2489 3821 2541 ταυτὶν

2251 2582 2476 2635 δύναται
2533 2581 2613 2652 τῷ
2681 2578 2983 2650 modum;
3029 2582 3103 2635 ἐν
3140 2582 3268 2635 τοῖο
3299 2582 3523 2652 πέρασι
3568 2582 3687 2636 τῶν
3730 2583 3821 2650 ἐχ-

2255 2673 2412 2744 θρῶν
2447 2691 2564 2730 σου
2575 2714 2589 2728 .
2719 2733 2727 2742 _

2329 2767 2612 2835 ’ᾼσωμεν
2665 2768 2761 2821 καὶ
2789 2767 3110 2838 ψαλοῦμεν
3147 2768 3254 2831 τὰς
3283 2769 3653 2836 δυναστείας
3695 2784 3822 2826 σου.

2264 2857 2355 2913 Ἐν
2389 2857 2465 2927 τῷ
2524 2857 2672 2912 τέλει
2716 2859 2811 2913 τοῦ
2861 2858 2927 2929 ιβ’
2978 2859 3200 2930 ψαλμοῦ
3258 2859 3715 2930 προδιελάϐομεν,
3778 2860 3825 2914 τι

2254 2951 2507 3021 βούλεται
2531 2951 2613 3015 τὸ,
2639 2951 2788 3018 ᾷσω,
2823 2955 2916 3006 καὶ
2951 2953 3033 3015 τὸ,
3085 2949 3282 3021 ψαλῶ.
3349 2952 3509 3016 Τινὲς
3540 2952 3600 3006 δὲ
3629 2953 3722 3005 καὶ
3745 2952 3827 3005 τὸν

2257 3044 2506 3116 παρόντα
2523 3044 2742 3115 ψαλμὸν
2793 3045 2870 3118 τῷ
2939 3045 3105 3099 Δασὶδ
3167 3045 3491 3117 ἀρμόζουσι.
3565 3046 3826 3114 λέγοντες,

2256 3137 2399 3207 ὑπὲρ
2429 3137 2626 3191 ἑαυτοῦ
2659 3136 2851 3190 τοῦτον
2885 3132 3039 3210 ᾆσαι.
3091 3138 3153 3191 Ei
3215 3137 3274 3190 δὲ
3328 3137 3493 3192 τοῦτο
3549 3137 3826 3208 δεξόμεθα,

2253 3231 2456 3286 κωλύει
2492 3229 2601 3302 γὰρ
2641 3230 2817 3294 οὐδὲν,
2857 3231 3402 3302 μεθερμηνεύσωμεν
3432 3232 3501 3286 τὰ
3547 3230 3826 3301 (insiliat

2251 3323 2364 3392 γὰρ
2391 3322 2592 3376 αὐτίκα
2621 3321 2701 3388 τὸ,
2751 3323 2854 3377 Ἐν
2886 3320 2958 3391 τῇ
2991 3321 3240 3390 δυνάμει
3271 3336 3390 3376 σου
3427 3322 3831 3391 εὐφρανθῆσε·

2253 3431 2368 3478 ται,
2393 3415 2493 3468 καὶ
2519 3414 2615 3467 ἐπὶ
2649 3411 2730 3478 τῷ
2758 3413 3052 3483 σωτηρίῳ
3089 3429 3207 3467 σου
3257 3413 3722 3482 ἀταλλιὰσεται,
3747 3411 3832 3464 ἐπὶ

2254 3506 2347 3561 τὸν
2380 3503 2624 3576 Χριστὸν
2651 3505 2905 3577 εἰρῆσθαι
2977 3505 3270 3575 νοήσομεν.
3317 3503 3472 3557 Ἐπεὶ
3517 3504 3630 3576 γὰρ
3658 3505 3686 3556 ὁ
3710 3503 3832 3572 Χρι-

2255 3599 2517 3662 στὸς,καὶ
2559 3595 2698 3650 Θεοῦ
2729 3597 2848 3650 ἐστι
2897 3594 3154 3664 δύναμις,
3224 3595 3361 3666 φησι
3423 3595 3536 3664 γὰρ
3588 3599 3619 3649 ὁ
3670 3595 3835 3666 μέγας

2257 3693 2470 3754 Παῦλος
2503 3705 2515 3720 ·
2551 3691 2808 3758 Χριστὸς
2837 3691 2985 3745 Θεοῦ
3017 3691 3308 3760 δύναμιςο
3345 3691 3441 3744 καὶ
3475 3691 3648 3744 πάλιν
3680 3689 3832 3751 αὐτὸς

2258 3785 2354 3838 καὶ
2379 3782 2572 3856 Σωτήρ
2603 3785 2753 3836 ἐστιν
2793 3783 2928 3852 φησὶ
2971 3781 3078 3852 γὰρ
3108 3783 3136 3835 ὁ
3169 3780 3570 3853 εὖαγγιλιστής
3609 3799 3626 3813 ο
3650 3783 3834 3847 Αὐτός

2253 3883 2366 3945 γὰρ
2395 3874 2581 3930 σώσει
2612 3875 2719 3927 τὸν
2742 3875 2896 3928 latr
2923 3874 3114 3928 αὑτοῦ
3135 3890 3148 3903 ·
3193 3875 3331 3942 πρὸς
3365 3875 3466 3944 μὲν
3500 3874 3596 3927 τὸν
3621 3874 3836 3942 Πατέρα

2256 3963 2408 4020 εἶπεν
2433 3983 2446 3999 '
2476 3968 2673 4035 Κύριε,
2699 3966 2767 4019 ἐν
2787 3964 2864 4034 τῇ
2915 3965 3170 4034 δυνάμει
3212 3981 3334 4020 σου
3367 3981 3383 3995 ο
3427 3965 3569 4036 πρὸς
3644 3965 3703 4018 δὲ
3753 3967 3839 4018 τὸν

2256 4059 2384 4113 Υἱόν
2415 4076 2428 4089 ·
2452 4063 2554 4114 Καὶ
2587 4059 2683 4112 ἐπὶ
2709 4058 2785 4125 τῷ
2815 4060 3088 4128 σωτηρίῳ
3117 4075 3255 4122 σου,
3285 4059 3563 4125 τουτέστι,
3598 4062 3664 4130 τῇ
3691 4060 3838 4125 παρὰ

2257 4152 2351 4206 σοῦ
2387 4152 2650 4224 γινομένῃ
2685 4151 2929 4223 σωτηρία
2953 4151 3062 4203 τῶν
3100 4150 3426 4217 ἀνθρώπων.
3466 4151 3630 4205 Οὕτω
3656 4152 3714 4205 δὲ
3750 4153 3839 4204 καὶ

2255 4243 2327 4297 τὰ
2355 4243 2502 4314 ἑξῆς,
2523 4245 2593 4297 τὰ
2627 4245 2728 4313 μὲν
2767 4244 2905 4314 πρὸς
2935 4243 3028 4296 τὸν
3052 4244 3298 4314 Πατέρα,
3330 4244 3397 4296 τὰ
3445 4244 3503 4297 δὲ
3562 4243 3705 4314 πρὸς
3751 4243 3838 4296 τδν

2259 4332 2390 4387 Υῐὺν
2416 4335 2613 4401 λέγοιτ’
2647 4335 2732 4389 ἄν.
2770 4334 2878 4387 Καὶ
2907 4334 3079 4397 ὅντως
3145 4335 3460 4406 ηὐφράνθη,
3518 4336 3615 4388 καὶ
3671 4335 3840 4404 ἠγαλ-

2258 4423 2484 4479 λιάσατο
2515 4424 2702 4490 Δαὸὶδ,
2732 4424 3072 4496 θεασάμενος
3109 4428 3204 4479 καὶ
3230 4427 3371 4495 μετά
3401 4425 3635 4480 θάνατον
3664 4426 3725 4478 τδ
3747 4426 3841 4495 τῆς

2259 4517 2409 4580 θείας
2432 4517 2905 4588 ὲνανθρωπήσεως
2945 4521 3269 4589 μυστήριον.
3307 4520 3371 4573 Εἰ
3397 4518 3508 4590 γὰρ
3539 4518 3644 4591 τὴν
3673 4518 3841 4588 ἀχλὺν

2256 4611 2358 4678 τῆς
2385 4612 2584 4682 σαρκὸς
2614 4611 3004 4681 περικείμενος
3035 4603 3274 4678 ἐτι,τοῖς
3299 4615 3399 4682 τῆς
3429 4612 3607 4682 ψυχῆς
3640 4611 3839 4680 ὀφθαλ-

2261 4705 2384 4773 μοῖς
2413 4697 2557 4755 εῐδεν
2583 4703 2652 4755 τὰ
2681 4701 2970 4772 μέλλοντα,
3005 4703 3188 4772 πολλῷ
3223 4702 3429 4771 μᾶλλον
3462 4705 3672 4774 ταύτην
3700 4707 3840 4757 ἁπο-

2259 4794 2490 4865 Θέμενος
2556 4795 2944 4865 καθαρώτερον
3001 4797 3311 4867 ἑώρακαὶ
3379 4795 3838 4867 τηλαυγέστερον.

2271 4885 2604 4949 Ἀκολούθως
2650 4887 2704 4940 δὲ
2735 4886 2830 4943 καὶ
2861 4887 3163 4956 ἐπιθυμίαν
3193 4886 3419 4958 καρδίας
3450 4885 3845 4957 ὑποληψόμεθα

2254 4982 2347 5035 τὸν
2389 4981 2555 5034 πόθον
2587 4981 2682 5034 τοῦ
2715 4981 2844 5034 ἰδεῖν
2879 4983 2976 5053 τὴν
3006 4981 3100 5034 τοῦ
3131 4983 3384 5054 Σωτῆρος
3401 4983 3841 5054 ένανθρὼπησιν,

2255 5070 2322 5148 ἦς
2354 5076 2570 5145 προεῖδε
2597 5075 2686 5128 τὸν
2719 5074 2911 5128 τύπον.
2946 5075 3178 5142 Θέλησιν
3211 5075 3268 5129 δὲ
3316 5077 3427 5128 τῶν
3465 5076 3726 5145 χειλέων,
3785 5075 3846 5128 τδ

2257 5168 2436 5220 θέλειν
2470 5167 2559 5219 διὰ
2588 5169 2804 5231 πανπδς
2833 5167 2982 5240 ᾅδειν
3013 5167 3132 5237 Θεῷ
3165 5184 3180 5199 ⁸
3216 5169 3310 5222 καὶ
3339 5168 3527 5237 μέντοι
3582 5169 3684 5221 καὶ
3727 5165 3842 5236 ᾅδει

2258 5259 2517 5324 πάντοτε,
2548 5262 2661 5322 τοῖς
2696 5259 2806 5312 τῶν
2834 5259 3041 5312 πιστῶν
3066 5260 3270 5330 χείλεσι
3311 5261 3616 5331 χρώμενος.
3687 5257 3844 5328 Ζωὴν

2258 5354 2316 5407 δὲ
2340 5354 2604 5424 ᾐτήσατο,
2636 5353 2731 5406 καὶ
2761 5353 2946 5417 ἔλαϐε,
2978 5353 3240 5417 πολλάκις
3288 5353 3647 5414 κινδυνεύσας
3704 5353 3845 5403 ἀτο-

2263 5446 2448 5498 θανείν
2478 5446 2570 5499 ὑπ’
2619 5445 2852 5516 ἐχθρῶν,
2888 5448 2982 5500 καὶ
3010 5446 3080 5500 δι’
3117 5445 3283 5516 εὐχῆς
3319 5444 3672 5518 περισωθείς.
3725 5446 3842 5496 Ms-

2263 5540 2416 5608 γάλη
2433 5539 2501 5592 δὲ
2523 5539 2563 5606 ἠ
2595 5537 2747 5604 δόξα
2783 5538 2970 5595 αὐτοῦ
3014 5539 3082 5593 ἐν
3111 5537 3191 5603 τῷ
3218 5539 3486 5606 σωτηρίῳ
3517 5550 3661 5599 σου,
3682 5551 3846 5587 τουτ-

2265 5632 2403 5697 ἐστι,
2437 5633 2523 5687 διὰ
2549 5632 2650 5704 τὴν
2685 5632 2833 5704 παρὰ
2861 5631 2956 5687 σοῦ
2990 5633 3266 5704 σωτηρίαν
3301 5650 3315 5664 ο
3375 5628 3638 5700 ἐδοξάσθη
3731 5627 3842 5696 γὰρ
