4068 6276
291 293 404 358 273

1433 308 1822 373 COMMENT.
1863 310 1940 373 lN
1982 311 2337 376 PSALMUS.

3347 363 3355 371 .
3441 320 3549 382 274

290 406 537 475 ἀληθῶς,
569 410 652 461 ὅτι
679 411 743 464 ἐκ
774 411 872 480 τῆς
907 415 1061 484 ῥίζης
1095 416 1265 468 αὐτοῦ
1328 420 1359 487 ἢ
1418 422 1663 490 σωτηρία
1714 421 1866 491 ἡμῶν

1972 427 2114 482 culis
2144 428 2308 482 fuerit
2343 441 2407 482 ac
2439 430 2598 481 morti
2631 426 2934 496 proximus,
2965 437 3016 482 et
3039 435 3258 483 demum
3293 435 3551 499 precilms

293 499 621 570 ἐϐλάστησε,
681 505 774 556 καὶ
830 505 1003 573 μέγας
1067 507 1314 575 γέγονεν,
1373 511 1468 564 καὶ
1529 513 1871 584 περιϐόητος.

294 592 635 660 Εὑφραγεῖς
675 595 734 647 δὲ
767 598 957 652 αὐτὸν
1005 599 1074 652 ἐν
1102 602 1255 671 χαρᾷ
1272 602 1424 671 μετὰ
1479 603 1586 658 τοῦ
1642 608 1876 674 προσώ·

293 696 416 735 που
448 700 588 748 σου,
619 688 740 740 ἀντὶ
786 688 907 751 τοῦ,
967 691 1203 762 Τέρψεις
1247 694 1409 747 αὑτὸν
1462 696 1549 749 διὰ
1592 695 1686 751 τοῦ
1740 698 1873 752 Υἱοῦ

297 790 419 828 σου.
485 775 787 848 Πρόσωπον
846 782 956 852 γὰρ
1008 785 1240 854 Πατρός,
1290 787 1417 850 Υἱός
1449 803 1461 818 ³
1523 789 1657 857 φησὶ
1719 791 1872 861 γάρ’

309 867 376 920 '0
430 867 705 939 ἑωρακὼς
730 874 855 942 ἐμὲ,
881 874 1102 944 ἑώρακε
1132 879 1240 932 τόν
1284 881 1536 949 Πατέρα.
1609 883 1875 955 ξΕχθροὺς

289 956 352 1043 δε
383 959 477 1010 τοῦ
510 959 648 1014 Θεοῦ
681 966 896 1033 νοήσεις
941 970 1070 1031 τοὺς
1127 973 1514 1041 μισοχρίστους
1563 975 1872 1043 Ἰουδαίους,

291 1042 382 1111 οἷς
416 1054 509 1102 καὶ
555 1052 629 1106 τὰ
687 1054 966 1125 δεινότερα
1027 1063 1325 1129 ἐπαρᾶται,
1381 1066 1476 1118 καὶ
1539 1042 1874 1137 προφητεύει

289 1138 400 1193 ὅσα
447 1144 539 1196 καὶ
596 1149 953 1214 πεπόνθασιν,
1017 1145 1094 1205 ὧν
1124 1153 1184 1206 τὸ
1246 1157 1467 1226 σπέρμα
1524 1158 1874 1232 πανωλεθρίᾳ

289 1231 588 1304 διεφθάρη,
623 1237 829 1310 δηλαδὴ
873 1241 981 1293 τῶν
1033 1246 1470 1314 σταυρωσὰντων
1499 1247 1591 1300 τὸν
1648 1231 1872 1321 Κύριον.

287 1325 356 1376 θξ
389 1325 497 1395 γὰρ
528 1328 584 1381 ὲν
617 1330 738 1392 ταῖς
775 1330 1121 1402 διασποραίς,
1173 1336 1611 1406 διαπεφεύγασιν
1663 1341 1874 1394 ἐκεῖνον

284 1415 385 1468 τὴν
411 1417 660 1489 ὄλεθρον.
705 1422 925 1491 Θιξσεις
953 1426 1009 1479 δὲ
1042 1427 1268 1491 αὐτοὺς
1302 1430 1382 1496 ὡς
1423 1432 1718 1486 κλίϐανον
1755 1449 1874 1490 πυ·

277 1507 397 1577 ρός
423 1510 494 1564 ἐν
518 1510 596 1577 τῷ
631 1513 812 1582 καιρῷ
838 1517 944 1571 τοῦ
978 1519 1304 1588 προσώπου
1339 1538 1480 1585 σου,
1512 1523 1717 1595 δηλαδὴ
1771 1527 1869 1580 τοῦ

289 1600 427 1656 Υιοῦ
457 1620 572 1669 σου,
615 1606 801 1670 καθὼς
833 1611 1164 1680 εἰρήκαμεν.
1191 1613 1345 1668 Μετὰ
1399 1616 1507 1688 γὰρ
1545 1617 1644 1687 τὴν
1679 1619 1874 1688 ὲπιδηο

288 1695 428 1764 μέαν
471 1698 636 1752 αὑτοῦ
675 1700 770 1753 τοῦ
820 1702 1061 1773 Χριστοῦ
1107 1707 1432 1773 πεπόνθασι,
1489 1711 1583 1763 καὶ
1614 1710 1860 1780 ἦρξαντο

1977 520 2098 576 suis
2137 521 2204 574 ad
2240 521 2406 576 Deum
2435 522 2904 576 intercedentibus
2935 522 3005 576 ab
3033 537 3098 576 eo
3164 523 3407 578 salvatus
3456 524 3547 578 sit.

1975 608 2169 681 Magna
2198 625 2276 665 eu
2299 613 2470 680 gloria
2527 612 2640 680 ejus
2710 614 2766 666 in
2819 613 3052 667 salutari
3093 623 3184 668 tuo
3214 630 3234 666 :
3289 614 3392 669 hoc
3443 627 3550 679 est,

1978 711 2202 772 propter
2233 704 2688 777 salutemillam,
2752 720 2872 773 quae
2931 719 2959 756 a
3028 713 3081 760 te
3130 714 3235 761 est.
3302 706 3550 777 Magnam

1975 791 2178 860 quippe
2213 791 2440 862 gloriam
2477 776 2767 848 assecutus
2795 802 2879 848 est
2903 794 3094 848 beatus
3125 793 3313 859 David,
3341 776 3464 850 eum
3485 812 3550 849 ex

1975 882 2094 952 ejus
2147 883 2334 939 radice
2363 883 2515 940 salus
2550 894 2735 938 nostra
2775 885 3122 954 pullulaverit
3153 903 3166 938 :
3204 886 3348 941 unde
3374 886 3554 956 major

1977 991 2042 1032 ac
2072 977 2349 1032 celebrior
2386 979 2528 1047 apud
2597 992 2788 1033 omnes
2817 976 3044 1033 euectus
3071 983 3174 1033 est.
3210 976 3552 1048 :Lazti/icabis

1976 1077 2157 1125 autem
2188 1085 2307 1124 eum
2333 1069 2388 1124 iu
2411 1071 2606 1140 gaudio
2633 1085 2753 1122 cum
2782 1071 2927 1124 vultu
2951 1078 3082 1134 tuo;
3122 1070 3227 1126 hoc
3256 1079 3365 1135 est,
3399 1069 3551 1126 delc-

1973 1160 2151 1215 ctaliis
2188 1175 2313 1214 eum
2347 1176 2443 1231 per
2493 1158 2695 1214 Filimn
2746 1170 2922 1214 tuum.
2999 1158 3196 1214 Vultus
3240 1162 3387 1217 enim
3453 1178 3549 1216 seu

1977 1251 2145 1309 facies
2175 1251 2373 1317 Patris,
2402 1251 2574 1308 Filius
2637 1254 2842 1309 dicitur
2874 1269 2887 1306 :
2956 1252 3059 1317 Qui
3100 1253 3240 1306 enim
3277 1255 3406 1307 vidit
3447 1271 3548 1316 mc,

1975 1343 2177 1413 inquit,
2207 1345 2339 1399 sidit
2361 1353 2411 1400 et
2437 1344 2654 1399 Patrem
2677 1361 2850 1398 meum
2877 1345 2942 1397 ⁸⁷.
2966 1343 3072 1399 Per
3094 1345 3347 1401 inimicos
3369 1355 3552 1402 autem

1975 1436 2351 1506 Deilludzeos
2411 1438 2676 1508 intellige,
2735 1438 2943 1494 ChriSIi
3004 1439 3284 1506 inimicos,
3349 1439 3553 1510 quibus

1972 1533 2161 1603 gravia
2194 1535 2536 1604 imprecetur
2577 1535 2868 1603 PrOpheta,
2923 1533 3232 1605 prauliceus
3261 1533 3367 1587 hoc
3394 1543 3556 1603 pacto

1973 1640 2318 1697 quaecunque
2367 1635 2558 1695 postea
2591 1628 2810 1696 passuri
2842 1635 3022 1693 erant,
3079 1636 3134 1680 et
3175 1639 3416 1696 quorum
3459 1639 3547 1680 se-

1974 1734 2098 1774 men
2135 1717 2250 1788 jam
2286 1733 2519 1788 prorsus
2556 1719 2798 1774 deletum
2835 1729 2921 1775 est
2957 1737 2972 1787 ;
3005 1734 3198 1774 eorum
3258 1718 3403 1783 dico,
3460 1717 3553 1788 qui

282 1790 612 1845 κατάὑτῶν
634 1793 867 1863 φύεσθαι
902 1797 970 1848 τὰ
1004 1795 1175 1863 δεινὰ,
1210 1798 1305 1868 ἀφ’
1334 1793 1394 1855 οὗ
1427 1773 1666 1870 Χριστὸς
1704 1773 1866 1858 εἶπεν

1973 1773 2250 1864 Chrisium
2281 1773 2702 1867 cruciﬂxerunt.
2744 1812 2877 1868 Nam
2937 1773 3031 1886 qui
3088 1823 3245 1872 erant
3289 1817 3402 1884 jam
3460 1773 3558 1885 per

278 1883 474 1946 αὐτοῖς
494 1899 509 1914 ο
550 1884 896 1954 ’Λρθήσεται
917 1889 1018 1957 ἀφ’
1043 1889 1208 1960 ὑμῶν
1235 1893 1275 1960 ἡ
1309 1890 1626 1955 βασιλεία.
1664 1927 1731 1939 --
1761 1897 1866 1952 Ἓν

1973 1901 2163 1957 orbem
2200 1902 2470 1973 diSpersi,
2507 1905 2585 1959 illi
2623 1901 3004 1962 Romanorum
3046 1907 3320 1980 flagellum
3366 1923 3557 1964 evase-

277 1973 355 2028 ὃὲ
384 1976 508 2041 τοῖς
537 1981 913 2047 περιλοίποις
942 1998 1080 2047 σου,
1129 1984 1378 2039 τουτέστι
1428 1989 1543 2051 τοῖς
1581 1989 1642 2055 ἐξ
1689 1990 1866 2044 αὐτῶν

1969 2003 2121 2050 runt.
2157 1995 2324 2052 Panes
2359 1998 2526 2052 etiam
2561 2015 2650 2054 eos
2680 2009 2734 2052 ut
2766 2000 3036 2055 clibanum
3061 1973 3201 2073 ignis
3229 2002 3286 2056 in
3318 2011 3553 2070 tempore

281 2071 722 2123 πεπιστευκόσιν
752 2075 832 2135 εἰς
869 2073 927 2125 σὲ
960 2073 1054 2127 τὸν
1105 2073 1258 2142 Υξδν,
1290 2077 1385 2130 καὶ
1441 2079 1866 2147 ὑπολειφθεῖσιν.

1969 2087 2146 2142 vultus
2185 2090 2285 2153 tui,
2314 2089 2416 2145 hoc
2446 2097 2552 2153 est.
2583 2090 2637 2144 in
2672 2099 2920 2161 tempore
2992 2071 3116 2148 Filii
3177 2093 3278 2159 tui,
3332 2103 3394 2147 ut
3438 2093 3553 2160 jam

291 2156 688 2253 'li'tocyciauc,
749 2163 915 2233 ἡγουν
955 2167 1280 2236 κοσμήσεις,
1357 2169 1452 2221 καὶ
1509 2157 1757 2237 δοξάσεις
1811 2172 1866 2227 τὸ

1969 2179 2244 2236 diximus:
2281 2196 2403 2250 quas
2431 2197 2518 2238 res
2551 2193 2674 2253 post
2703 2156 2995 2240 adventum
3038 2156 3272 2243 Christi
3322 2156 3552 2241 accidit.

281 2248 442 2345 γένος
467 2251 650 2306 αὐτῶν
690 2265 705 2283 ⁸
754 2255 880 2321 δὸξα
927 2256 1033 2330 γὰρ
1085 2259 1199 2322 τοῖς
1259 2259 1537 2332 Ἑϐραίοις
1581 2264 1740 2329 τέως,
1783 2265 1866 2321 ὅτι

1969 2269 2046 2326 Ex
2071 2273 2162 2327 illo
2180 2248 2326 2328 enim
2349 2248 2601 2344 tempore
2621 2291 2732 2345 quo
2746 2277 2883 2332 dixit
2902 2278 3166 2333 Dominus
3183 2279 3251 2333 ad
3288 2276 3507 2334 Judzos
3538 2295 3551 2332 :

282 2341 524 2414 πατέρες
553 2345 663 2397 τῶν
697 2348 1019 2402 ἀποστόλων
1052 2351 1366 2418 γεγόνασιν,
1393 2354 1443 2407 εἰ
1473 2355 1569 2409 καὶ
1592 2356 1716 2410 καθ’
1739 2358 1866 2411 ἑαυ-

1969 2364 2250 2419 Tolletura
2280 2366 2420 2421 vobis
2454 2384 2674 2438 regnum
2731 2370 2797 2433 ⁸⁸,
2849 2380 2980 2435 etc.,
3041 2371 3229 2442 gravia
3285 2371 3556 2425 adversus

277 2435 412 2497 τοὺς
446 2436 750 2502 ὢοξοίεῑσι
776 2441 869 2495 καὶ
891 2443 1139 2510 φευκτοι.
1209 2443 1555 2516 Ἀρμόζομεν
1599 2449 1690 2502 τὸν
1734 2451 1866 2520 ψαλ-

1969 2473 2063 2514 eos
2116 2458 2325 2515 indies
2375 2471 2665 2532 coeperunt
2718 2463 2853 2517 oriri
2911 2462 3147 2534 ﬂagella.
3198 2461 3267 2518 In
3316 2463 3554 2532 reliquiis

277 2534 384 2602 μδν
408 2535 599 2591 τοῦτον
624 2539 720 2592 καὶ
746 2539 825 2609 τῷ
855 2539 1067 2610 βασιλεῖ
1098 2543 1258 2615 ἡμῶν
1307 2545 1451 2601 κατὰ
1501 2547 1612 2600 τῶν
1653 2549 1866 2617 Βαρϐά-

1969 2552 2097 2615 tuis,
2132 2552 2235 2607 hoc
2288 2563 2372 2607 cst
2434 2554 2488 2608 in
2557 2554 2623 2609 iis
2652 2553 2878 2618 Judaeis.
2928 2556 3022 2626 qui
3087 2555 3440 2610 crediderunt
3497 2554 3554 2607 in

277 2642 416 2694 ρων,
455 2628 530 2692 ὡς
562 2632 655 2684 καὶ
689 2631 784 2685 τὸν
807 2635 916 2700 πρδ
939 2635 1157 2691 τούτου.

1969 2652 2021 2698 te
2086 2642 2283 2697 Filium
2316 2644 2435 2709 Dei,
2467 2655 2521 2700 et
2555 2648 2649 2716 qui
2683 2648 2781 2702 tihi
2821 2647 3003 2703 relicti
3038 2657 3167 2702 sunt
3223 2658 3283 2701 ut
3341 2646 3550 2704 ﬁdeles.

276 2721 643 2788 Prwparabis,
689 2725 794 2781 hoc
828 2730 1210 2796 est,oruahis,
1239 2741 1292 2785 et
1325 2731 1664 2802 gloriﬁcabis
1690 2750 1864 2806 genus
1901 2750 2119 2791 eorum.
2155 2738 2384 2792 Summa
2425 2740 2629 2810 quippe
2660 2740 2836 2809 gloria
2877 2740 3045 2795 etiam
3113 2741 3385 2796 hactenus
3459 2739 3555 2793 Ju-

273 2819 416 2873 daeis
444 2829 550 2883 est,
582 2824 729 2892 quod
793 2833 983 2896 patres
1047 2829 1429 2898 apostolorum
1494 2830 1750 2887 fuerint:
1836 2834 2058 2890 tametsi
2120 2835 2226 2906 ipsi
2285 2850 2385 2905 per
2444 2851 2506 2891 se
2572 2835 2788 2906 inglorii
2857 2838 2967 2891 sint
3021 2843 3077 2891 et
3137 2837 3554 2891 abominabiles.

275 2913 586 2975 Possumus
640 2928 699 2976 et
750 2921 900 2979 hunc
959 2924 1237 2994 psalmum
1301 2925 1413 2998 regi
1471 2935 1668 2983 nostro
1719 2928 1865 2985 lideli
1939 2931 2384 2994 accommodare,
2465 2938 2518 2985 et
2568 2931 2836 2987 adversus
2926 2929 3175 2986 inﬁdeles
3257 2931 3552 3002 Barbaros,

272 3008 744 3077 quemadmodum
822 3013 1065 3075 diximus
1135 3020 1384 3090 proxime
1463 3020 1862 3090 praecedentem
1902 3025 2068 3079 etiam
2094 3023 2496 3080 accommodari
2530 3037 2711 3092 posse.

267 3102 377 3168 Εἰς
405 3101 474 3156 τό
500 3102 674 3173 τέλος
700 3108 854 3176 ὑπὲρ
890 3109 999 3177 τῆς
1030 3112 1414 3180 ἀντιλήψεως
1467 3116 1580 3185 τῆς·
1611 3115 1861 3186 ἑωθινῆς

774 3181 1021 3250 ψαλμὸς
1057 3184 1136 3246 τῷ
1162 3182 1363 3238 Δαϐίδ.

1973 3116 2040 3172 In
2073 3118 2231 3187 ﬁnem
2257 3133 2356 3186 pro
2377 3117 2583 3172 auxilio
2624 3117 2888 3172 matutina
2938 3115 3187 3172 Pirahnus
3227 3117 3330 3186 ipsi
3364 3116 3553 3172 Dat-id.

845 3271 1148 3328 ΨΑᾺΜΟΣ
1181 3277 1313 3330 KA'.

2532 3277 2854 3335 PSALMUS
2881 3275 3026 3332 XXI.

362 3358 421 3412 Ὀ
439 3357 655 3429 ψαλμὺς
679 3356 839 3425 οὗτος
875 3367 1133 3436 φανερῶς
1173 3370 1252 3432 εἰς
1299 3369 1535 3438 Χριστὸν
1556 3370 1822 3439 ἀνάγεται
1847 3388 1861 3402 θ

270 3453 717 3521 προαναγορεὺει
753 3455 859 3525 γὰρ
895 3457 966 3510 τὰ
1007 3459 1102 3512 τοῦ
1129 3461 1594 3532 προσλήμματος,
1648 3465 1742 3517 καὶ
1794 3465 1866 3517 τὲ

268 3543 370 3595 τοῦ
415 3546 690 3615 σωτηρίου
743 3548 952 3612 πάθους
1008 3552 1202 3617 αὑτοῦ,
1260 3553 1296 3608 ἃ
1339 3555 1491 3621 τέλος
1553 3556 1863 3626 εἰλήφασιν.

284 3634 461 3702 Ὑπὲρ
497 3635 608 3704 τῆς
631 3639 1018 3710 ἀντιλήψεως
1067 3643 1124 3696 δὲ
1161 3644 1594 3718 ἐπιγέγραπται,
1660 3649 1748 3702 διὰ
1804 3649 1865 3702 τὸ

272 3728 560 3799 περιέχειν
595 3731 828 3799 ἱκεσίαν,
861 3734 1004 3805 ὑπὲρ
1035 3735 1130 3788 τοῦ
1156 3735 1331 3790 ἐλθεῖν
1365 3739 1517 3810 αὐτῷ
1570 3740 1724 3812 παρὰ
1765 3738 1862 3794 τοῦ

271 3823 495 3891 Πατρδς
525 3824 586 3875 ὲν
615 3823 694 3892 τῷ
740 3826 924 3897 καιρῷ
980 3829 1076 3880 τοῦ
1144 3831 1374 3897 πάθους,
1434 3835 1517 3897 εἰς
1575 3834 1863 3903 ἀντίληψιν

264 3913 634 3982 ὲνισκύουσαν
661 3932 676 3948 ο
710 3916 826 3986 τῆς
857 3918 1108 3986 ἑωθινῆς
1136 3921 1192 3975 δὲ
1227 3924 1583 3993 πρόσκειται,
1612 3928 1734 3980 ἀντὶ
1763 3929 1864 3996 τῆς

263 4004 370 4060 τοῦ
399 4007 656 4078 Χριστοῦ.
687 4009 924 4080 Ὀρθρος
951 4014 1064 4083 γὰρ
1090 4007 1246 4078 οὗτος
1280 4015 1629 4086 ὀνομάζεται,
1663 4022 1692 4074 'o'
1716 4022 1864 4075 ἐστιν

265 4097 493 4168 ἡμέρας
528 4099 693 4170 ἀρχή.
742 4103 956 4165 Ὄντως
1008 4107 1116 4174 γὰρ
1173 4108 1452 4162 ἀνέτειλεν
1478 4112 1611 4179 ἡμῖν
1658 4116 1773 4176 τοῖς
1803 4114 1864 4166 ἐν

265 4190 458 4243 σκότει
484 4191 582 4261 τῆς
612 4193 824 4263 πλάνης
889 4197 1232 4266 καθημένοις
1286 4202 1441 4271 ἥλιος
1485 4203 1863 4275 δικαιοσύνης,

265 4283 369 4335 καὶ
399 4282 516 4351 φῶς
542 4287 817 4351 γνώσεως.
860 4288 1100 4344 Ίκέτευε
1127 4291 1183 4343 δὲ
1241 4294 1319 4358 ὼς
1371 4294 1680 4366 ἄνθρωπος,
1714 4299 1864 4352 διδά-

266 4390 422 4428 σκων
451 4373 711 4445 εὓχεσθαι
737 4378 880 4434 κατὰ
902 4380 996 4435 τὸν
1024 4381 1120 4436 τοῦ
1157 4386 1396 4439 θανάτου
1431 4389 1648 4460 καιρόν.
1698 4391 1862 4446 Quian

2037 3369 2290 3426 Praesens
2316 3369 2572 3426 Psalmus
2636 3369 3085 3425 manifestissime
3143 3372 3209 3425 ad
3271 3370 3553 3426 Christum

1968 3462 2295 3519 referendus
2325 3471 2432 3528 est,
2470 3469 2525 3516 et
2551 3464 2723 3516 multa
2754 3461 3028 3532 praedicit,
3061 3478 3186 3532 quae
3216 3462 3283 3516 ad
3336 3477 3555 3519 assum-

1967 3566 2113 3626 ptam
2138 3572 2363 3612 carnem
2390 3563 2445 3612 et
2465 3556 2530 3610 ad
2563 3557 2866 3610 salutarem
2912 3556 3034 3625 eius
3062 3555 3371 3625 passionem
3431 3572 3557 3626 per-

1967 3649 2164 3716 tinent,
2190 3657 2243 3703 et
2266 3648 2377 3718 jam
2438 3648 2602 3702 linem
2654 3662 2815 3702 suum
2890 3655 3185 3703 consecuta
3238 3656 3389 3703 sunt.
3447 3648 3554 3704 Pro

1967 3741 2166 3794 auxilio
2203 3753 2383 3794 autem
2440 3739 2566 3794 ideo
2595 3739 2924 3809 inscriptum
2959 3745 3063 3800 est.
3099 3739 3230 3809 quia
3264 3740 3550 3809 supplica-

1965 3835 2172 3888 tionem
2203 3833 2410 3889 Christi
2473 3835 2744 3896 continet,
2799 3849 2907 3903 qua
2964 3832 3244 3903 passionis
3302 3843 3552 3902 tempore

1967 3942 1995 3980 a
2041 3923 2206 3981 Patre
2232 3926 2499 3979 auxilium
2529 3925 2705 3996 petiit.
2734 3923 3059 3980 Matutinum
3079 3941 3210 3979 vero
3236 3942 3332 3979 seu
3361 3928 3550 3992 etiam,

1967 4029 2027 4072 ut
2054 4019 2240 4075 Graeca
2304 4018 2477 4073 dictio
2533 4027 2714 4081 sonat,
2761 4017 3030 4074 orientale
3093 4017 3360 4073 auxilium
3415 4019 3554 4070 Pro-

1967 4113 2127 4182 pheta
2158 4111 2439 4168 Christum
2478 4111 2792 4182 appellavit,
2829 4110 2921 4178 qui
2959 4126 3119 4164 mane
3152 4118 3319 4180 atque
3365 4110 3551 4164 oriens

1965 4212 2220 4263 vocatur,
2253 4202 2354 4257 hoc
2383 4209 2466 4256 est
2494 4200 2602 4255 diei
2630 4201 2990 4271 principium.
3022 4199 3162 4255 Vere
3192 4200 3339 4254 enim
3395 4201 3554 4256 uehis

1969 4293 2257 4356 Dominus,
2290 4294 2613 4349 sedentibus
2643 4295 2698 4348 in
2733 4294 2928 4348 umbra
2963 4292 3185 4356 mortis,
3222 4308 3332 4347 non
3386 4308 3552 4348 secus

1968 4402 2031 4440 ac
2056 4385 2138 4440 sol
2164 4385 2390 4455 quidam
2411 4385 2644 4455 iustitiae
2667 4393 2826 4440 ortus
2853 4392 2959 4447 est,
2994 4400 3090 4438 seu
3115 4385 3302 4438 lumen
3361 4385 3548 4438 scien-

264 4463 384 4533 γὰρ
414 4463 539 4517 τότε
562 4468 656 4520 καὶ
683 4469 710 4521 6
739 4467 884 4522 πάνυ
914 4471 1150 4537 δίκαιος,
1182 4473 1359 4547 δειλιᾷ
1403 4479 1464 4532 τὸ
1530 4483 1718 4534 καινὸν
1759 4483 1856 4552 τῆς

1969 4481 2072 4536 tite.
2103 4480 2257 4547 Quod
2292 4489 2474 4535 autem
2505 4480 2798 4550 supplicat,
2834 4477 2964 4532 facit
3027 4488 3291 4546 tanquam
3360 4477 3546 4540 homo,

264 4555 624 4623 διαζεύξεως.
659 4562 819 4625 Τινὲς
852 4563 908 4617 δὲ
929 4567 1182 4630 νοοῦντες
1216 4570 1478 4640 πρόθεσιν
1504 4574 1627 4627 ἀντὶ
1655 4578 1856 4646 προθέ-

268 4665 434 4712 σεως.
469 4651 592 4714 ἔθος
639 4653 751 4725 γὰρ
796 4657 892 4711 καὶ
929 4658 1092 4714 τοῦτο
1147 4663 1259 4726 τοῖς
1306 4665 1560 4729 παλαιοῖς
1601 4670 1738 4734 φασὶ
1772 4671 1863 4723 τὸν

262 4741 485 4809 ψαλμὸν
505 4742 696 4799 τοῦτον
727 4741 870 4802 εἶναι
898 4751 1033 4819 περὶ
1072 4753 1182 4805 τῶν
1212 4756 1403 4808 παθῶν
1442 4756 1538 4812 τοῦ
1596 4760 1862 4832 Χριστοῦ.

263 4831 445 4886 ταῦτα
468 4836 579 4904 γάρ
605 4839 757 4893 ἐστιν
786 4841 1021 4913 ἐωθεινὴ
1042 4843 1351 4914 ἀντίληψις,
1395 4848 1477 4904 ὅτι
1505 4851 1630 4905 τότε
1663 4853 1865 4922 μᾶλλον

263 4922 602 4978 ἀντελάϐετο
633 4927 793 4998 ἡμῶν
818 4930 847 4983 6
866 4929 1132 5000 δηλωθεὶς
1147 4933 1363 5005 ὄρθρος,
1400 4936 1430 4988 ὅ
1456 4937 1573 4990 ἐστι
1601 4939 1861 5008 Χριστὸς,

263 5018 489 5088 θανάτῳ
518 5023 752 5092 νικήσας
789 5021 882 5075 τὸν
914 5024 976 5076 τὸ
1002 5026 1210 5096 κράτος
1244 5027 1439 5100 ἔχοντα
1463 5029 1562 5084 τοῦ
1598 5031 1859 5087 θανάτου.

1958 4583 2020 4629 ιιι
2051 4588 2148 4627 nos
2169 4588 2331 4628 orare
2386 4572 2633 4637 doceret,
2672 4573 2725 4625 in
2759 4570 2956 4626 mortis
3017 4579 3264 4639 tempore
3305 4587 3319 4623 :
3372 4584 3554 4638 quan-

1959 4664 2256 4734 doquidem
2285 4666 2331 4719 is
2361 4665 2527 4720 etiam
2583 4664 2678 4735 qui
2727 4670 2924 4718 natura
3021 4663 3138 4731 ipsa
3205 4659 3550 4728 iustissimus

1959 4765 2066 4821 est,
2095 4765 2318 4826 propter
2354 4757 2627 4811 iusuotam
2662 4755 2858 4809 animae
2917 4769 2980 4808 ac
3020 4754 3270 4822 corporis
3337 4754 3547 4822 disiun-

1960 4849 2197 4903 Ctionem
2235 4860 2367 4902 tunc
2398 4849 2664 4917 temporis
2715 4843 2973 4899 formidat
3032 4860 3095 4899 ac
3153 4843 3545 4914 perhorrescit.

1961 4940 2196 5007 Quidam
2233 4955 2363 4995 vero
2398 4940 2844 5011 praepositionem
2872 4954 2994 5006 pro,
3027 4936 3146 4992 loco
3199 4936 3546 5006 praepositio-

1967 5037 2056 5087 nis
2087 5032 2174 5098 de,
2210 5032 2445 5103 positam
2477 5047 2601 5089 esse
2672 5033 3046 5102 intelligentcs
3111 5030 3193 5099 (ut
3244 5027 3373 5082 alibi
3429 5028 3546 5095 ple-

263 5131 503 5187 rumque
535 5119 852 5191 reperitur),
890 5122 1047 5177 aiunt
1112 5125 1384 5192 psalmum
1448 5129 1598 5186 hunc
1675 5131 1744 5187 de
1825 5131 2031 5186 Christi
2092 5131 2441 5202 passionibus
2496 5134 2874 5201 conscriptum
2939 5145 3081 5185 esse.
3134 5126 3338 5182 Christi
3397 5127 3542 5179 cnim

262 5211 554 5276 passiones
621 5211 922 5282 signiﬁcari
985 5214 1201 5278 dicunt,
1273 5235 1369 5289 per
1440 5223 1706 5278 auxilium
1766 5227 2146 5292 matutinum;

2230 5226 2357 5294 quia
2440 5234 2868 5280 commemorato
2942 5223 3217 5292 passionis
3293 5229 3543 5288 teu'tpoz'e

262 5317 452 5367 "Iane.
483 5302 841 5393 illttdnatque
889 5307 1096 5374 oriens,
1123 5312 1270 5380 quod
1300 5316 1566 5383 diximus,
1597 5321 1704 5378 hoc
1736 5331 1842 5378 est.
1885 5322 2141 5376 Christus
2173 5339 2186 5388 ;
2220 5323 2515 5377 maximum
2554 5321 2711 5377 nobis
2745 5322 3012 5375 auxilium
3099 5317 3374 5388 praestitit,
3445 5316 3546 5370 de»

258 5394 412 5448 victo
442 5410 536 5463 per
569 5407 802 5452 mortem
837 5402 1133 5470 propriam,
1171 5407 1262 5461 illo
1299 5417 1531 5478 tyranno
1559 5415 1654 5484 qui
1694 5417 1888 5470 mortis
1913 5426 2073 5470 antea
2107 5417 2394 5486 imperium
2434 5425 2825 5486 occupaverat.

439 5491 609 5580 Θεός,
648 5495 680 5546 ό
711 5496 857 5560 Θεός
878 5515 1019 5564 μου,
1050 5501 1321 5570 πρόσχες
1342 5523 1472 5572 μοι,
1526 5511 1686 5562 ὶνιιτί
1749 5512 1850 5580 ἐγ-

256 5579 588 5645 κατέλιπές
613 5599 723 5652 με’
778 5585 995 5650 Δειλὶας
1049 5591 1149 5658 μὲν
1200 5590 1551 5664 ἀνθρωπίνης
1587 5598 1615 5648 6
1647 5579 1804 5666 λόγος
1836 5613 1848 5631 ο

332 5763 380 5793 ⁸⁷
421 5760 581 5817 Juan.
637 5779 749 5832 xlv,
802 5768 854 5823 9.
937 5769 981 5800 ⁸⁸
1020 5769 1215 5828 Matth.
1276 5789 1392 5839 rm,
1436 5775 1527 5829 45.

2030 5511 2198 5567 Vsus.
2231 5512 2283 5565 2.
2325 5513 2466 5571 Deus
2499 5530 2645 5567 meus
2687 5511 2963 5572 νρερὶεεὶιε
3007 5534 3085 5569 me
3115 5533 3279 5586 quare
3324 5534 3403 5571 me
3453 5519 3543 5569 de-

1962 5601 2262 5668 reliquiati?
2292 5601 2556 5660 Humana:
2590 5613 2672 5660 est
2707 5605 3016 5663 formidinis
3050 5622 3257 5671 sermo,
3288 5623 3398 5678 quo
3425 5623 3543 5662 ma-
