4036 6256
392 139 504 208 279

1571 151 1960 214 EUTHYMII
1996 155 2358 217 ZIGABENI

3544 157 3648 223 E80

389 255 575 324 specie
596 257 826 327 exiguus
857 258 948 320 sit,
976 260 1202 314 materia
1228 267 1407 315 tamen
1444 266 1789 318 corroaendo
1811 265 1956 321 delet
1996 275 2049 322 et
2079 283 2139 322 ac
2169 271 2368 340 perdit,
2402 270 2477 324 ita
2502 279 2556 325 et
2588 269 2844 326 Christus
2905 270 3034 326 licet
3089 279 3314 341 aspectu
3389 287 3450 326 ac
3512 287 3651 341 pra:-

392 355 566 406 sentia
596 354 757 409 exilis
783 354 1082 419 videretur,
1146 356 1454 412 contrarias
1513 365 1693 414 tamen
1719 373 1781 414 ac
1813 361 1918 415 sibi
1963 361 2286 420 resistentes
2329 365 2640 420 daemonum
2674 372 2839 435 atque
2885 364 3115 419 aliorum
3179 373 3480 434 potestates
3539 367 3655 419 dis-

395 449 657 524 perdidit.

476 542 832 613 Opprobrium
882 543 1152 596 hominum
1189 554 1240 599 et
1293 548 1548 620 neglectio
1609 547 1792 615 plebis.
1847 547 1973 604 Haec
2003 551 2049 610 Α

393 639 558 694 verba
618 635 914 692 manifeste
955 639 1330 706 praenuntiant
1381 657 1444 697 ea
1501 656 1625 711 qua:
1687 641 1973 698 Passionis

394 745 643 803 tempore
676 730 851 786 Judaei
906 733 1308 788 contumeliose
1363 735 1626 791 adversus
1681 733 1972 790 Dominum

394 828 677 888 dixerunt,
709 826 1002 881 il!udentrs
1037 827 1294 882 nimirum
1321 836 1376 883 et
1392 826 1731 885 deridentes.
1757 827 1974 899 Oppro-

393 919 575 972 brium
604 925 786 972 autem
822 918 1107 973 hominum
1137 929 1192 975 et
1225 920 1626 990 neglectionem
1672 922 1856 991 populi
1890 923 1977 975 in-

396 1010 603 1080 tellige.
641 1018 698 1062 ut
727 1008 868 1062 idem
899 1010 1238 1080 signiﬁcent.
1271 1009 1376 1066 Per
1406 1011 1660 1069 homines
1679 1023 1863 1068 autem
1886 1013 1976 1068 hic

398 1101 676 1155 Romanos
709 1100 908 1156 milites
943 1102 1210 1172 intellige,
1240 1110 1291 1157 et
1328 1118 1423 1174 per
1445 1092 1685 1173 plebem,
1718 1103 1976 1174 populum

392 1192 728 1246 Judteorum.

473 1284 635 1338 Vens.
675 1284 728 1346 8,
775 1283 828 1341 9.
867 1285 1060 1339 Omnes
1105 1285 1337 1339 videntes
1393 1303 1474 1340 me
1520 1286 1982 1341 subsannaverunt

398 1396 515 1442 me;
557 1378 718 1432 locuti
748 1389 870 1432 sunt
907 1378 1064 1433 labiis
1104 1388 1153 1432 et
1187 1389 1458 1433 moverunt
1491 1391 1644 1446 caput
1681 1396 1698 1432 :
1738 1380 1979 1448 Speravit

397 1472 452 1520 in
473 1469 721 1530 Domino,
749 1471 941 1539 eripiat
967 1472 1332 1538 eum,salvum
1360 1470 1528 1540 faciat
1552 1488 1690 1535 eum,
1728 1471 1981 1540 quoniam

397 1564 504 1615 rutt
545 1580 682 1616 eum.
722 1561 844 1616 llaec
888 1562 1241 1633 apertissime
1287 1563 1535 1619 invenies
1574 1563 1778 1633 scripta
1839 1564 1980 1635 apud

401 1653 713 1708 Mattlueum
747 1654 809 1710 ⁷³,
837 1654 1260 1724 Aitenimquod
1297 1655 1372 1709 illi
1419 1658 1512 1726 qui
1547 1656 1980 1726 pertransibant,

399 1748 879 1816 blasphemabant,
908 1759 1190 1805 moventes
1211 1748 1389 1818 capita
1426 1763 1547 1816 sua,
1577 1758 1631 1803 et
1665 1750 1774 1805 alia
1807 1750 1984 1806 dicen-

401 1851 507 1902 tes,
544 1856 666 1910 qua
702 1842 812 1896 illic
839 1851 1168 1912 sequuntur.

475 1932 644 1992 Vnus.
684 1936 771 1990 10.
810 1936 1077 2001 Quoniam
1111 1950 1165 1991 tu
1189 1955 1243 1993 es
1297 1939 1389 2007 qui
1438 1939 1720 1993 extruxisti
1780 1956 1861 1994 me
1919 1939 1984 1995 de
2010 1912 2058 1972 Β

405 2035 601 2078 ventre.
631 2023 742 2078 Viri
781 2026 977 2095 copula
1022 2026 1306 2097 virginalia
1343 2027 1551 2081 ventris
1587 2025 1827 2081 claustra
1859 2041 1985 2098 ape-

404 2118 470 2170 rit
501 2137 513 2170 :
542 2116 849 2172 immissum
867 2118 1010 2172 enim
1047 2133 1237 2173 semen
1263 2119 1591 2174 naturaliter
1624 2118 1837 2172 vulvam
1859 2132 1985 2187 ape-

402 2209 651 2286 tittqttm
682 2209 939 2280 deinceps
961 2210 1283 2266 conclusum
1323 2211 1454 2266 illud
1509 2212 1774 2276 continet,
1810 2211 1985 2267 donec

405 2301 572 2357 fastus
613 2302 953 2372 perficiatur.
988 2304 1304 2359 Acdemum
1336 2304 1574 2373 pondere
1605 2312 1826 2374 gravata
1865 2321 1986 2360 rur-

404 2408 528 2447 sum
557 2393 819 2464 aperitur,
851 2403 909 2451 et
933 2394 1120 2450 laetum
1155 2395 1262 2450 labi
1298 2395 1582 2467 permittit.
1609 2395 1667 2450 In
1697 2396 1986 2452 Salvatore

407 2498 589 2542 autem
619 2498 810 2544 nostro
852 2489 1319 2580 quemadmodum
1346 2490 1632 2560 conceptio
1656 2490 1862 2561 absque
1882 2493 1986 2545 ulta

411 2579 514 2634 fuit
580 2580 683 2634 viri
746 2580 1099 2652 copula,'ita
1154 2590 1208 2636 et
1242 2582 1560 2652 prOgressio
1623 2583 1768 2639 fetus
1821 2599 1986 2655 supra

410 2683 662 2728 naturam
745 2674 956 2729 exstitit
1011 2693 1026 2733 ;
1089 2674 1208 2744 ipsa
1273 2673 1485 2729 scilicet
1550 2674 1735 2731 divina
1778 2677 1831 2731 vi
1889 2678 1989 2734 loe-

418 2777 541 2823 tum
580 2767 924 2832 extrahente,
979 2778 1033 2823 et
1067 2767 1325 2838 virgineis
1371 2767 1629 2824 claustris
1676 2769 1989 2825 nullatenus

413 2860 640 2929 apertis.

488 2951 619 3020 Spes
651 2970 766 3008 mea
794 2951 859 3007 ab
904 2953 1150 3008 uberibus
1183 2955 1370 3009 matris
1403 2969 1552 3009 mete.
1607 2953 1690 3010 Tu
1752 2955 1818 3009 ab
1847 2955 1989 3026 ipso,

417 3046 618 3116 inquit,
644 3047 785 3102 lacte
809 3045 957 3102 fuisti
998 3063 1127 3119 spes
1150 3063 1292 3103 mea.
1330 3048 1407 3101 Ex
1439 3048 1534 3104 illo
1567 3049 1711 3103 enim
1748 3056 1992 3120 tempore

419 3138 648 3207 cognovi
684 3154 809 3208 spes
849 3155 1000 3194 meas
1051 3154 1245 3195 omnes
1304 3141 1356 3193 in
1376 3155 1485 3194 uno
1515 3140 1812 3198 collocatas
1848 3157 1989 3198 esse:

417 3227 649 3284 edoctus
676 3230 933 3283 nimirum
975 3247 1002 3284 a
1033 3230 1320 3285 divinitate
1337 3231 1471 3287 mihi
1504 3232 1819 3302 conjuncta.
1842 3231 1992 3287 Scri-

424 3324 501 3375 bit
524 3323 667 3375 enim
702 3322 769 3376 de
786 3322 1007 3378 Christo
1038 3323 1218 3379 Lucas
1249 3324 1293 3355 ⁷⁸
1339 3325 1484 3394 quod
1523 3340 1661 3394 puer
1692 3326 1993 3390 crescebat,

427 3423 586 3483 atque
614 3415 987 3470 invalescebat
1009 3416 1230 3486 spiritu,
1256 3425 1310 3472 et
1360 3416 1673 3489 replebalur
1705 3415 1995 3485 sapientia,

425 3519 477 3562 et
511 3509 682 3577 gratia
717 3507 807 3562 Dei
842 3516 959 3562 erat
989 3523 1113 3563 cum
1140 3511 1255 3566 illo.

405 3593 412 3599 ’
511 3600 675 3656 Vens.
703 3603 789 3665 ll,
820 3602 905 3656 ιο.
943 3600 1008 3654 In
1047 3611 1094 3657 te
1132 3604 1400 3672 projectus
1426 3620 1542 3658 sum
1577 3619 1641 3656 ex
1667 3610 1840 3658 utero.
1867 3601 1998 3656 Pro-

430 3695 710 3749 cnratione
741 3705 852 3756 tua,
882 3694 1084 3763 inquit,
1107 3695 1384 3765 projectus
1407 3710 1527 3750 sum
1552 3711 1615 3751 ex
1638 3707 1815 3761 utero,
1833 3695 2002 3752 veluti

430 3789 518 3857 qui
545 3797 749 3855 patrem
784 3788 837 3839 in
872 3795 1015 3840 terra
1053 3787 1259 3841 nullum
1284 3787 1473 3842 habui.

500 3883 542 3933 Α
573 3893 748 3933 ventre
777 3882 965 3933 matris
994 3895 1121 3934 meat
1161 3881 1302 3935 Deus
1337 3897 1481 3934 meus
1539 3897 1594 3935 es
1652 3890 1729 3936 tu.
1787 3879 2005 3947 Statim,

433 3975 630 4044 inquit,
658 3984 708 4028 te
741 3975 907 4028 Deum
944 3975 1195 4039 cognovi.
1231 3975 1460 4030 edoctus
1482 3976 1548 4029 ab
1580 3976 1698 4046 ipsa
1727 3977 2012 4033 divinitate

435 4076 494 4120 ut
520 4067 839 4136 praedictum
893 4076 994 4121 est.
1031 4067 1067 4118 Α
1110 4075 1285 4121 ventre
1320 4075 1500 4121 autem
1564 4067 1723 4132 dixit,
1754 4070 1837 4122 vel
1880 4069 2008 4138 quia

434 4162 487 4214 in
517 4176 682 4215 carne
707 4172 844 4225 erat,
866 4162 944 4215 vel
974 4161 1101 4230 quia
1131 4175 1388 4230 egressus
1422 4158 1486 4214 de
1515 4168 1704 4214 ventre
1751 4159 2010 4231 [hmcau-

2151 550 2424 615 Ὀνειδος
2481 547 2828 616 ἀνθρώπιον.
2886 547 2984 600 καὶ
3043 545 3417 614 ἐξουθένημα
3477 543 3648 598 λαοῦ.

2078 641 2254 696 Τοῦτο
2289 641 2661 714 προαγορεύει
2707 640 2914 710 σαφῶς,
2939 640 2973 693 5.
3002 641 3083 702 el;
3133 638 3295 691 αὑτὸν
3326 639 3653 707 πεπαρῳνή-

2081 753 2210 789 κασι
2250 735 2392 789 κατὰ
2420 735 2510 789 τὸν
2535 734 2726 805 καιρὸν
2764 734 2860 788 τοῦ
2895 732 3120 798 πάθους,
3170 731 3535 797 ἐμπαίζοντες
3565 730 3659 782 καὶ

2080 827 2453 898 χλευάζοντες.
2511 827 2620 879 Καὶ
2647 824 2843 878 ταύτὸν
2878 823 2976 893 μὲν
3008 821 3074 874 ἂν
3120 821 3208 889 εἴη
3235 817 3297 872 τὸ
3337 818 3540 880 ὖνειδος
3567 819 3660 867 ἀν-

2081 920 2352 993 θρώπων,
2394 919 2509 990 (80)
2549 919 2610 972 τὸ
2638 916 2980 986 ὲξουϐἐνημα
3022 913 3177 966 λαοῦ.
3225 912 3294 966 Ἢ
3325 910 3530 973 δνειδος
3565 909 3662 980 μὲν

2081 1012 2409 1086 ἀνθρώπων,
2428 1013 2537 1066 τῶν
2565 1015 2630 1065 ὲκ
2665 1009 2883 1080 Ῥώμης
2915 1006 3267 1080 στρατιωτῶν
3286 1021 3300 1036 ·
3325 1002 3662 1072 ἑξουθένημα

2081 1109 2137 1161 δὲ
2167 1107 2321 1169 λαοῦ,
2348 1105 2456 1160 τῶν
2490 1104 2780 1158 Ἰουδαῖων.

2155 1291 2387 1357 Πάντες
2444 1294 2498 1345 οὶ
2551 1285 2917 1357 θεωροῦντές
2959 1301 3058 1354 με,
3117 1281 3536 1352 ἐμυκτήρισάν
3570 1296 3670 1348 με.

2083 1386 2403 1455 ἐλάλησαν
2425 1386 2496 1439 ἐν
2518 1384 2817 1454 χείλεσιν,
2856 1380 3158 1445 ἐκίνησαν
3189 1375 3490 1445 κεφαλήν,
3524 1375 3671 1428 Ἥλ-

2086 1496 2270 1534 πισεν
2301 1478 2399 1532 ἐπὶ
2438 1478 2676 1546 Κύριον,
2713 1472 3011 1542 ῥυσάσθω
3031 1471 3239 1535 αὑτὸν,
3282 1467 3538 1522 σωσάτω
3572 1467 3670 1519 αὑ-

2083 1573 2213 1639 τὸν,
2243 1573 2331 1626 ὅτι
2366 1570 2528 1626 θέλει
2559 1568 2768 1624 αὐτόν.
2811 1565 3000 1619 Ταῦτα
3036 1562 3224 1631 σαφῶς
3246 1561 3500 1632 εὑρήσεις
3522 1558 3675 1629 παρὰ

2084 1667 2162 1738 τῷ
2222 1665 2488 1735 Ματθαίῳ
2553 1663 2812 1731 κειμενα·
2869 1659 3005 1728 φησὶ
3052 1657 3196 1727 γάρ’
3246 1657 3311 1709 Οἱ
3362 1653 3429 1706 δὲ
3480 1668 3676 1720 παρα-

2085 1758 2477 1829 πορευόμενοι
2539 1752 2983 1821 ἐὸλασφήμουν
3048 1745 3238 1800 αὐτὸν
3264 1787 3279 1812 ,
3358 1741 3678 1805 κινοῦντες

2087 1853 2192 1920 τὰς
2215 1848 2483 1921 κεφαλὰς
2507 1845 2731 1908 αὐτῶν,
2758 1844 2856 1898 καὶ
2883 1843 3191 1911 λέγοντες,
3222 1838 3320 1891 καὶ
3343 1834 3412 1888 τὰ
3444 1833 3604 1903 ἑξῆς.

2159 1945 2292 1998 Ὀτι
2323 1943 2404 1998 σὺ
2427 1938 2488 1996 ετ
2511 1943 2542 1995 ὁ
2568 1937 2891 2000 ἐπισπάσας
2925 1950 3000 2003 με
3021 1933 3090 1986 ἐκ
3131 1928 3410 2001 γαστρός.
3461 1922 3680 1995 Ἀνδρδς

2096 2040 2194 2111 μὲν
2221 2036 2409 2109 ὁμιλία
2463 2032 2674 2089 διαλύει
2706 2029 2777 2086 τὰ
2810 2023 3121 2098 παρθενικὰ
3159 2021 3276 2092 (81)
3308 2020 3540 2090 κλεῖθρα
3579 2015 3681 2122 τῇς

2094 2132 2332 2203 σαρκός*
2383 2126 2814 2197 ἁκοντιζόμενον
2866 2121 2924 2176 δὲ
2975 2119 3037 2174 τὸ
3104 2117 3327 2188 σπέρμα
3356 2157 3369 2179 ,
3431 2117 3684 2203 φυσικῷς

2092 2201 2300 2294 ἀνοίγει
2326 2223 2425 2295 τὴν
2459 2223 2672 2294 μήτραν
2697 2236 2712 2251 ⁸
2740 2215 2883 2287 αὕτη
2917 2214 2976 2268 δὲ
3017 2211 3207 2266 λοιπὸν
3247 2207 3496 2279 μύσασα,
3531 2201 3685 2257 cove-

2093 2339 2179 2392 χει
2211 2319 2393 2380 τοῦτο,
2454 2315 2647 2387 μέχρις
2705 2311 2772 2366 ἂν
2824 2311 2904 2373 εἰς
2963 2305 3163 2378 βρέφος
3215 2295 3678 2392 τελεσιουργηθῇ·

2095 2388 2187 2466 ᾆξαι
2217 2411 2361 2464 οὕτω
2408 2403 2882 2478 στενοχωρηθεῖσα
2941 2398 3102 2452 πάλιν
3139 2395 3216 2465 τῷ
3254 2393 3427 2461 ὄγκῳ,
3459 2388 3707 2481 ἀνοίγεῖ

2093 2522 2184 2559 ται
2251 2503 2347 2556 καὶ
2408 2498 2826 2570 παραχωρείται
2855 2492 3031 2561 τούτῳ
3085 2485 3489 2542 διολισθαίνειν.
3561 2477 3685 2533 Ἐπὶ

2094 2595 2154 2650 δὲ
2210 2593 2304 2648 τοῦ
2362 2590 2652 2661 Σωτῆρος.
2683 2585 2872 2657 ὥσπερ
2906 2582 3035 2636 ἄνευ
3071 2577 3286 2650 ὁμιλίας
3323 2576 3355 2644 ἡ
3387 2570 3685 2661 σύλληψις,

2097 2688 2239 2743 οὕτω
2290 2685 2383 2740 καὶ
2419 2687 2452 2753 ἡ
2483 2660 2710 2754 πρόοδος
2763 2675 2858 2729 τοῦ
2913 2673 3151 2744 βρέφους
3212 2665 3527 2738 ὑπερφυὴς,
3583 2660 3686 2730 τῆς

2095 2781 2192 2837 τοῦ
2237 2779 2374 2833 Θεοῦ
2426 2776 2708 2845 δυνάμεως
2747 2768 3055 2838 ὲλκυσάσης
3079 2763 3229 2828 αὐτὸ,
3274 2761 3384 2814 τῶν
3410 2756 3685 2826 κλείθρων

2102 2872 2368 2946 μηδαμῶς
2422 2869 2775 2937 ἁνοιγέντων.

2180 2965 2251 3018 Ἡ
2289 2963 2465 3028 ἐλπίς
2495 2979 2612 3031 μου
2643 2958 2760 3013 ἀπὸ
2811 2954 3061 3026 μαστῶν
3099 2949 3210 3017 τῆς
3248 2944 3479 3017 μητρός
3539 2958 3684 3012 μου.

2114 3061 2177 3113 Ἠ
2207 3057 2361 3119 ἐλπίς
2429 3073 2531 3126 μου
2566 3055 2622 3119 ἐξ
2663 3050 2834 3119 αὐτῆς
2875 3046 3064 3116 θηλῆς.
3107 3042 3242 3094 Ἀπὸ
3286 3040 3409 3091 τότε
3461 3034 3576 3126 γάρ
3627 3049 3687 3084 σε

2102 3125 2439 3218 ἐγνώριζον,
2474 3145 2665 3199 ἐλπίδα
2729 3158 2832 3212 μου
2874 3134 3206 3195 συνετισϐεὶς
3258 3131 3362 3183 ὑπὸ
3417 3127 3518 3195 τῆς
3553 3125 3688 3218 evm-

2025 3250 2067 3340 ε
2104 3217 2288 3311 Θείσης
2319 3258 2408 3312 μοι
2435 3237 2709 3308 θεότητος.
2753 3232 2889 3301 Φησὶ
2921 3229 2976 3281 δὲ
3009 3228 3139 3297 περὶ
3181 3223 3371 3329 τούτου
3419 3217 3684 3326 ιλουκᾶς,⁶

2107 3336 2175 3389 Τὸ
2215 3311 2458 3388 παιδίον
2505 3331 2758 3398 ηὔξανε,
2799 3325 2895 3382 καὶ
2939 3316 3322 3404 ἐκραταιοῦτο
3372 3314 3452 3379 τῷ
3505 3311 3688 3404 arei)-

2097 3446 2260 3497 ματι,
2303 3427 2730 3495 πληρούμενον
2777 3422 3019 3489 σοφίας,
3073 3399 3168 3467 κᾶὶ
3206 3410 3378 3480 χάρις
3420 3405 3574 3461 Θεοῦ
3613 3399 3691 3473 ἦν

2105 3520 2194 3573 ἐπ’
2234 3521 2410 3574 αὐτό.

2190 3614 2315 3667 ἐπὶ
2351 3614 2427 3668 σὲ
2453 3611 2782 3682 ἐπερρίςρην
2833 3608 2902 3660 ἐκ
2951 3603 3202 3670 μήτρας.
3254 3598 3333 3668 Τῇ
3383 3595 3449 3664 σῇ
3512 3591 3728 3661 σκέπϊι·

2107 3705 2436 3775 ὲπερῤίφην,
2469 3698 2555 3756 οἷα
2595 3702 2669 3772 μὴ
2704 3701 2844 3769 ἔχων
2870 3697 2962 3750 ἐπὶ
2995 3695 3094 3764 γῆς
3132 3689 3366 3759 πατέρα.

2189 3887 2332 3939 Ἀπὸ
2376 3884 2638 3956 γαστρὸς
2659 3880 2880 3954 μητρός
2903 3896 3023 3947 μου
3059 3874 3204 3939 Θεός
3231 3887 3349 3940 μου
3376 3862 3436 3921 εἴ
3453 3865 3562 3919 σύ.
3592 3863 3695 3915 Eb-

2110 3978 2203 4041 θὺς
2234 3978 2291 4030 σὲ
2327 3980 2456 4032 Θεὸν
2511 3979 2776 4047 ἐπέγνων,
2820 3968 3178 4034 συνετισθεὶς,
3205 3965 3280 4028 ὡς
3341 3959 3692 4032 προείρηται.

2111 4072 2186 4124 Τὸ
2217 4072 2260 4125 δ’
2292 4073 2410 4126 ἀπὸ
2441 4075 2722 4142 γαστρός,
2754 4072 2786 4140 ἢ
2823 4070 2904 4122 ὅτι
2939 4069 2995 4119 ὲν
3025 4067 3092 4135 τῇ
3123 4059 3325 4131 γαστρὶ
3379 4053 3491 4128 (89.)
3525 4052 3624 4119 ὢν.
3662 4049 3695 4120 ἢ

2110 4165 2191 4218 ὅτι
2217 4164 2317 4235 τῆς
2354 4166 2589 4237 γαστρὸς
2613 4163 2863 4229 ἐξελθών.

435 4261 542 4305 tem
577 4267 638 4304 ex
676 4252 888 4306 Clll‘iStl
946 4265 1181 4321 persona
1231 4251 1371 4305 dicta
1428 4259 1574 4306 sunt.
1631 4249 1762 4320 Ego.
1817 4252 2012 4323 inquit,
2048 4249 2193 4312 Deus
2224 4259 2442 4327 quidem
2464 4275 2605 4320 sum,
2637 4267 2692 4312 et
2749 4256 2893 4310 ﬁlius
2929 4263 3190 4314 aeternus,
3261 4243 3357 4301 sed
3401 4251 3696 4314 postquam

437 4345 566 4399 mihi
599 4359 820 4409 carnem
850 4345 903 4396 in
926 4353 1082 4398 utero
1111 4343 1339 4412 virginis
1355 4355 1594 4399 creatam
1622 4348 1919 4415 assumpsi,
1943 4363 2007 4401 cx
2049 4355 2252 4416 tunc,o
2288 4360 2460 4420 pater,
2497 4363 2552 4405 tu
2595 4352 2735 4405 Deus
2764 4363 2917 4402 meus
2938 4363 3018 4401 es.

521 4437 598 4491 Ne
621 4438 928 4490 discesseris
967 4451 997 4487 a
1027 4452 1131 4499 me,
1157 4436 1406 4502 quoniam
1439 4437 1711 4490 tribulatio
1765 4440 2009 4506 proxima
2045 4452 2086 4507 ι)

437 4539 534 4595 est,
567 4533 818 4599 quoniam
853 4546 954 4581 non
980 4530 1185 4596 est,qui
1217 4528 1428 4596 adiuvet
1462 4547 1560 4583 me.
1592 4529 1665 4585 De
1703 4531 1804 4586 hoc
1839 4533 2005 4586 etiam

433 4623 658 4678 tradunt
687 4623 1057 4692 evangelistae,
1090 4621 1418 4691 quodCaepit
1468 4622 1639 4676 tristis
1683 4639 1747 4676 ac
1803 4628 2008 4680 mwstis

435 4734 564 4781 esse,
596 4729 648 4770 et
679 4732 888 4779 rursus,
913 4716 1055 4784 quod
1093 4715 1337 4783 discipuli
1362 4731 1536 4770 omnes
1569 4716 1750 4770 relicto
1784 4734 1842 4771 eo
1861 4719 2013 4788 fuge-

436 4819 581 4864 runt.

502 4903 668 4959 Vens.
714 4904 796 4957 15.
849 4903 1324 4959 Circumdederunt
1368 4918 1447 4955 me
1476 4902 1624 4956 vituli
1656 4903 1830 4970 multi,
1871 4907 2012 4960 tauri

440 4997 658 5064 pingues
699 4995 1013 5048 obsederunt
1050 5012 1148 5048 me.
1207 4994 1308 5049 Per
1369 4994 1566 5048 vitulos
1621 4994 1884 5062 plebeiam
1922 4998 2020 5054 Ju-

443 5088 686 5142 daaorum
723 5088 1123 5143 multitudinem
1160 5087 1440 5158 intelligit,
1472 5085 1636 5139 veluti
1675 5084 2017 5153 iuventutem

441 5181 588 5233 omni
623 5195 845 5249 prorsus
913 5182 1095 5251 regula
1125 5192 1445 5236 carentem:
1479 5194 1576 5249 per
1630 5192 1816 5238 tauros
1869 5199 2019 5245 vero,

448 5275 765 5342 pontilices,
814 5277 1027 5330 scribas
1090 5287 1144 5330 et
1204 5275 1452 5331 seniores
1519 5275 1730 5348 populi,
1796 5287 2022 5348 propter

515 5396 558 5428 ⁷³
595 5393 786 5448 Matth.
829 5412 999 5458 uvn,
1039 5397 1127 5451 39.
1216 5397 1258 5428 "
1302 5394 1433 5450 Luc.
1470 5411 1530 5462 ιι,
1564 5395 1652 5450 40.

2186 4443 2281 4512 Μὴ
2332 4442 2606 4510 ἀποστῇς
2651 4442 2753 4497 ἀπ’
2786 4440 2954 4510 ἐμοῦ,
2987 4437 3074 4491 ὅτι
3125 4434 3334 4501 θλίψις
3377 4429 3581 4500 ἐγγὺς,
3610 4427 3699 4481 ὅτι

2118 4537 2228 4589 οὐκ
2254 4536 2427 4588 ἔστιν
2456 4538 2488 4589 o'
2513 4534 2757 4600 βοηθῶν
2797 4549 2919 4601 μοι.
2975 4529 3085 4583 Καὶ
3137 4526 3266 4596 περὶ
3295 4522 3489 4576 τούτου
3533 4520 3699 4589 φασὶν

2118 4628 2167 4680 οἱ
2196 4627 2603 4694 εὐαγγελισταὶ,
2626 4626 2728 4690 ὅτι,
2749 4623 3000 4692 Ἤρξατο
3016 4618 3340 4675 λυπεῖσθαι
3367 4613 3700 4684 καὶξάδημο-

2118 4718 2267 4770 νεῖν.
2301 4719 2411 4772 Καὶ
2435 4715 2596 4768 πάλιν
2618 4731 2630 4741 ·
2678 4714 2814 4768 Τότε
2843 4715 2894 4765 οἱ
2919 4710 3177 4782 μαθηταὶ
3201 4708 3421 4773 πάντες
3443 4705 3701 4775 ἀφέντες

2117 4810 2327 4872 αὐτὸν,
2353 4810 2599 4878 ἔφυγον.

2190 4899 2694 4970 Περιεκύκλωσάν
2721 4914 2799 4967 με
2825 4897 3047 4966 μόσχοι
3073 4893 3314 4960 πολλοὶ,
3338 4889 3541 4959 ταῦροι
3567 4891 3701 4944 alc-

2119 5014 2223 5062 νες
2254 4993 2585 5062 περιέσχον
2612 5009 2710 5062 με.
2744 4992 2998 5060 Μόσχους
3018 4987 3174 5042 καλεῖ
3200 4987 3260 5039 τὸ
3286 4985 3532 5056 δημῶδες
3564 4981 3702 5049 πλῆ-

2120 5091 2209 5153 θος
2243 5089 2353 5141 τῶν
2409 5085 2702 5149 Ἰουδαίων,
2737 5083 2824 5136 διὰ
2874 5082 2934 5134 τὸ
2992 5079 3256 5151 νεώτερον
3300 5080 3394 5131 καὶ
3422 5079 3657 5132 ἄτακτον
3682 5093 3696 5105 ·

2121 5183 2354 5252 ταύρους
2383 5180 2461 5239 δὲ,
2489 5177 2612 5241 τοὺς
2643 5177 2921 5248 ἀρχιερεῖς
2954 5175 3049 5227 καὶ
3080 5174 3428 5243 γραμματεῖς
3445 5171 3539 5224 καὶ
3565 5186 3698 5239 πρε-

2126 5274 2420 5343 σϐυτέρους
2443 5270 2537 5324 τοῦ
2560 5269 2715 5334 λαοῦ,
2750 5267 2838 5321 διὰ
2859 5265 2918 5320 τὸ
2953 5265 3295 5337 προῆεϐηκδς
3330 5264 3425 5317 καὶ
3446 5262 3696 5332 ἔξαρχον,

1755 5486 1952 5548 Variae
1981 5485 2316 5547 lectiones.

525 5593 634 5651 (Rm
669 5594 754 5648 70'.
783 5595 878 5660 τῷ.

527 5667 636 5733 (βόι)
674 5665 756 5717 ἵσ.
798 5668 1046 5735 γαστρός.

2184 5585 2295 5649 (8'2)
2325 5582 2511 5639 Graece
2538 5583 2761 5652 γαστρὶ.
2795 5590 2990 5652 ventre,
3013 5595 3109 5651 pro
3138 5596 3246 5652 quo
3265 5583 3489 5636 Latinus
3513 5581 3688 5634 inter-

2126 5671 2249 5726 pres
2281 5655 2474 5725 legisse
2513 5651 2727 5708 videtur
2755 5651 2939 5723 σαρκὶ.
