4068 6276
408 348 515 413 5:89

1566 353 1960 415 (ῘΟΜΜΕΝΪΓ.
2003 352 2083 412 1N
2131 353 2254 412 PSA
2267 353 2486 412 LMOS.

3561 356 3665 416 290

483 463 588 516 Kal
629 461 1173 529 προσκυνήσωσιν
1201 461 1456 515 ἐνώπιον
1486 464 1673 518 αὐτοῦ
1718 464 1906 519 πᾶσαι
1937 466 1988 516 al

2161 463 2230 512 Et
2267 462 2566 515 adorabunt
2602 462 2656 515 in
2687 471 2961 529 conspectu
2994 462 3108 530 ejus
3135 463 3392 517 universa:
3447 467 3667 533 futililite

411 555 653 622 πατριαὶ
681 553 800 607 τῶν
823 553 1032 608 ἐθνῶν.
1060 557 1169 608 Καὶ
1194 555 1297 624 μὴν
1321 554 1444 606 οὔτε
1485 558 1741 608 πάντατὰ
1774 558 1986 625 πέρατα

407 647 506 713 τῆς
531 649 632 713 γῆς
669 646 1175 712 ὲπίστευσαν,οΰτε
1231 650 1286 699 αἱ
1351 650 1583 718 πατριαὶ
1639 648 1746 701 τῶν
1794 646 1982 701 ἐθνῶν.

419 739 566 792 Ἀλλ’
602 741 723 792 ἐπεὶ
754 741 848 793 καὶ
874 742 952 803 εἰς
985 744 1165 793 πάντα
1203 742 1270 795 τὰ
1300 741 1514 810 πέρατα
1555 743 1652 810 τῆς
1709 742 1831 812 γῆς,
1894 741 1987 795 καὶ

405 831 488 891 si;
518 831 694 884 πάντα
724 832 792 884 τὰ
823 831 953 900 ἔθνη
983 833 1046 884 τὸ
1073 833 1406 901 Εὑαγγέλιον
1433 834 1695 901 ἔφθασεν,
1752 835 1863 887 ἀπὸ
1890 832 1984 887 τοῦ

403 921 533 974 ὅλου
567 922 626 974 τὺ
662 922 826 994 μέρος
870 923 1208 994 δεδήλωκεν,
1265 925 1341 986 ὡς
1395 927 1452 977 ὲν
1512 926 1693 988 ἄλλοις
1758 927 1988 979 τούναν-

402 1015 544 1076 τίον,
580 1014 686 1066 ἀπὸ
722 1014 920 1084 μέρους
949 1030 1009 1066 το
1033 1014 1171 1068 ὅλον.
1209 1015 1415 1079 ’Λλλως
1437 1033 1495 1066 τε
1517 1015 1573 1068 δὲ
1609 1016 1866 1085 πατριὰ·,
1891 1017 1988 1079 τὰς

407 1107 731 1173 συγγενείας
770 1106 926 1159 καλεί
958 1120 967 1130 ·
1000 1107 1162 1177 δῆλον
1197 1107 1253 1160 δὲ
1283 1110 1364 1160 ὅτι
1399 1109 1601 1171 παντὸς
1642 1109 1830 1170 ἔθνους
1856 1126 1986 1176 συγ-

405 1202 587 1266 γενεῖς
619 1199 948 1254 ἐπίστευσαν
979 1202 1059 1263 εἰς
1084 1200 1342 1272 Χριστὸν,
1373 1203 1466 1255 καὶ
1507 1203 1574 1256 δι’
1613 1203 1780 1256 αὑτοῦ
1816 1220 1987 1274 προσ-

406 1291 683 1362 εκύνησαν
708 1292 797 1346 τὸν
833 1293 1070 1364 Πατέρα.

483 1477 609 1529 Ὀτι
643 1474 747 1528 τοῦ
779 1477 1003 1544 Κυρίου
1029 1477 1068 1543 ἠ
1087 1477 1400 1541 βασιλεία,
1434 1479 1530 1531 καὶ
1555 1477 1739 1541 αὐτὸς
1764 1477 1987 1530 £80.16-

2095 557 2351 619 gentium.
2397 556 2559 623 Atqui
2593 570 2692 609 nec
2725 556 2966 609 univrrsi
3021 555 3154 610 ﬁnes
3201 564 3359 608 terra:
3406 557 3661 610 credide-

2092 655 2241 704 runt,
2279 659 2452 713 neque
2484 661 2679 700 omnes
2714 647 2958 712 gentium
3000 645 3260 711 familiae;
3319 661 3502 700 verum
3537 648 3664 715 quia

2090 736 2143 790 in
2181 750 2396 790 omnem
2434 746 2636 790 terram
2677 737 3028 808 Evangelium
3066 747 3117 789 et
3154 737 3220 790 ad
3257 751 3448 791 omnes
3473 747 3665 806 gentes

2088 832 2411 900 penetrarit.
2452 847 2479 883 a
2518 841 2629 886 toto
2685 845 2889 900 partem
2944 832 3221 900 signiﬁcat
3264 853 3276 885 :
3311 834 3665 900 qucnmdmo-

2091 923 2220 978 dum
2276 924 2400 977 alibi
2455 933 2669 987 contra,
2721 933 2893 977 totum
2941 939 2970 977 a
3000 935 3186 993 parte.
3228 925 3292 977 Et
3328 924 3486 977 a'iter
3517 942 3531 978 ε
3564 921 3668 976 Per

2091 1014 2324 1068 familias
2353 1014 2515 1085 [quas
2539 1016 2695 1084 juxta
2727 1015 2899 1070 Graeci
2925 1016 3165 1071 nominis
3196 1016 3324 1080 vim,
3355 1018 3666 1086 pareutclas

2094 1106 2280 1176 potius
2340 1108 2525 1162 dicere
2580 1107 2923 1181 possumus],
2974 1111 3334 1178 cngnationes
3393 1109 3662 1180 intelligit.

2088 1197 2437 1253 Manifestum
2465 1214 2591 1253 vero
2613 1202 2756 1254 enim
2790 1202 2932 1269 quod
2968 1201 3036 1255 de
3059 1204 3315 1256 omnibus
3348 1203 3666 1259 nationibus

2091 1289 2305 1358 plurimi
2331 1292 2425 1359 qui
2458 1292 2597 1345 inter
2628 1307 2685 1347 se
2712 1295 2930 1361 cognati
2961 1304 3140 1357 erant,
3166 1295 3386 1351 Christo
3414 1297 3667 1352 credide-

2090 1393 2241 1446 runt,
2275 1391 2328 1438 et
2359 1399 2454 1452 per
2481 1384 2682 1452 ipsum,
2716 1384 2930 1440 Patrem
2958 1386 3344 1440 adorareruut.

2165 1473 2333 1530 Vens.
2367 1475 2456 1529 29.
2489 1476 2754 1541 Quoniam
2791 1475 3001 1528 Domini
3055 1487 3131 1531 est
3187 1493 3402 1547 regnum
3457 1488 3506 1532 et
3558 1480 3669 1546 ipse

405 1564 486 1626 ζει
558 1565 679 1618 τῶν
725 1566 936 1620 ἐθνῶν.
997 1563 1170 1630 Οὗτός
1217 1570 1334 1621 ἐστι
1387 1570 1482 1621 καὶ
1521 1569 1774 1636 βασιλεὺς
1809 1569 1988 1621 αὐτῶν

2093 1568 2450 1622 dominabitur
2473 1568 2722 1638 gentium.
2758 1568 2878 1636 lpse
2912 1569 3057 1622 enim
3104 1583 3292 1622 eorum
3329 1570 3445 1625 Rex
3475 1581 3560 1625 est
3610 1582 3666 1626 et

412 1658 509 1709 καὶ
565 1659 860 1727 Δεσπότης,
919 1658 1060 1711 κιτὰ
1123 1659 1184 1712 τό
1217 1676 1231 1688 ⁸
1302 1658 1410 1714 Kal
1472 1658 1645 1712 δώσω
1699 1676 1800 1712 σοι
1845 1659 1988 1725 ἔθνη

405 1749 524 1815 τὴν
563 1752 968 1818 κληρονομίαν
999 1769 1137 1811 σου.
1162 1752 1260 1805 xal
1306 1753 1421 1818 τὴν
1454 1751 1832 1820 κατάσχεσιν
1870 1767 1987 1804 σου

407 1842 481 1895 τὰ
506 1843 731 1920 πέρατα
763 1843 875 1911 τῆς
910 1843 1021 1914 γῆς
1053 1862 1066 1874 ο
1094 1847 1190 1898 καὶ
1221 1846 1308 1898 διὰ
1361 1845 1520 1897 τοῦτο
1572 1844 1986 1916 προσκυνήσου-

408 1955 496 1988 σιν
553 1937 735 2004 αὐτὸν,
783 1939 884 2009 τῆς
937 1938 1257 2008 διαδολικῆς
1309 1938 1632 2012 τυραννῖδος
1682 1937 1986 2008 ἐλευθερω-

405 2029 622 2094 ῦέντες.

485 2122 746 2190 Ἤρητον
775 2122 873 2176 καὶ
905 2125 1378 2191 προσεκύνησαν
1417 2124 1641 2192 πάντες
1690 2128 1744 2179 οι
1781 2127 1988 2189 πίονες

404 2216 521 2283 τῆς
548 2213 887 2284 τῆς.Πίονας
911 2216 1058 2284 λέγει
1080 2218 1206 2280 τοὺς
1231 2218 1545 2282 πλουσίους,
1591 2219 1718 2282 τοὺς
1754 2218 1987 2288 πλουτή-

408 2324 615 2370 σαντας
635 2309 736 2377 τὴν
771 2307 1153 2372 εὐσέϐειαν,οἳ
1213 2310 1478 2381 πρότερον
1531 2312 1766 2381 πένητες
1817 2306 1984 2382 ἦσαν,

406 2399 487 2461 ὼς
521 2400 951 2472 προειρήκαμεν.

487 2490 782 2546 Ἐνὼπιον
848 2493 1034 2549 αὐτοῦ
1103 2496 1594 2560 προσπεσοῦνται
1656 2495 1879 2561 πάντες
1931 2497 1987 2548 οἱ

410 2586 880 2653 καταϐαίνοντες
935 2589 1024 2650 εις
1080 2587 1217 2659 γῆν,
1281 2590 1764 2660 Προσκυνήσουσιν
1840 2587 1988 2658 αὐτῷ

415 2677 619 2739 πάντες
655 2678 1180 2749 οἱάποθνήσκοντες,
1223 2681 1315 2732 καὶ
1342 2682 1422 2743 εἰς
1455 2681 1556 2750 γῆν
1607 2681 1986 2750 ἀναλυόμενοι.

411 2771 572 2824 Πετὰ
597 2770 706 2842 γὰρ
760 2773 858 2838 τὴν
914 2771 1099 2843 κοινὴν
1150 2770 1469 2837 ἀνάστασιν,
1513 2773 1664 2840 αὑτῷ
1697 2774 1803 2826 πᾶν
1859 2773 1986 2841 γόνυ

413 2863 646 2933 κάμψει,
685 2866 826 2918 κατὰ
848 2863 1313 2919 τὸνἈπόστο).ον·
1349 2867 1445 2918 καὶ
1485 2867 1536 2918 οἱ
1601 2865 1723 2937 μὲν,
1771 2865 1988 2929 ἑκόντες

411 2958 512 3009 καὶ
537 2956 684 3028 πόθῳ
710 2974 723 2988 '
762 2958 808 3010 οἱ
837 2957 913 3016 δὲ.
949 2957 1173 3022 ἄκοντες
1209 2960 1299 3012 καὶ
1334 2957 1505 3028 φόϐῳ.

482 3051 589 3103 Καὶ
614 3049 651 3117 ἡ
685 3049 848 3119 ψυχή
870 3067 990 3118 μου
1018 3050 1177 3114 αὐτῷ
1199 3049 1286 3119 ζῇ.
1326 3050 1496 3112 Αὐτός
1527 3050 1673 3102 ἐστιν
1711 3052 1740 3104 ὁ
1784 3051 1988 3120 ταύτην

2093 1663 2357 1715 Dominus
2376 1661 2530 1730 juxta
2560 1661 2690 1715 illud
2729 1678 2741 1714 :
2778 1662 3003 1714 Postulo
3026 1678 3056 1713 α
3079 1678 3158 1713 me
3179 1672 3227 1714 et
3259 1661 3396 1714 dabo
3422 1662 3517 1716 tibi
3541 1677 3668 1733 gen-

2093 1764 2170 1806 tes
2209 1753 2575 1806 [nereditatem
2611 1762 2773 1815 tuam,
2809 1762 2857 1807 et
2879 1757 3263 1820 possessionem
3295 1765 3442 1809 tuam
3484 1759 3667 1811 termi-

2094 1851 2264 1901 minos
2301 1859 2457 1902 terra:
2483 1847 2549 1902 ’°.
2580 1847 2644 1900 Et
2680 1848 2803 1903 ideo
2837 1847 3143 1902 adorabunt
3176 1865 3300 1904 eum
3331 1864 3363 1905 a
3399 1850 3667 1906 daemonis

2092 1939 2380 2009 tyrannide
2410 1939 2644 1994 liberati.

2163 2115 2332 2171 Vens.
2368 2116 2454 2170 50.
2494 2116 2952 2171 Manducarerunt
2990 2128 3039 2170 et
3083 2117 3438 2174 adorauerunt
3484 2137 3666 2176 omnes

2087 2209 2306 2279 pingues
2332 2217 2507 2262 terrte.
2543 2208 2644 2262 Per
2684 2209 2911 2279 pingues
2951 2217 3115 2265 terra:
3142 2211 3340 2267 divites
3370 2212 3620 2285 intelligit
3648 2232 3663 2269 :

2090 2300 2307 2363 divites,
2336 2302 2583 2370 inquam,
2612 2300 2810 2368 pietate
2836 2311 2888 2355 et
2917 2302 3198 2371 religione,
3227 2305 3320 2374 qui
3350 2315 3509 2360 antea
3537 2321 3668 2375 pau-

2094 2407 2251 2460 peres
2282 2394 2526 2452 fuerant,
2564 2400 2616 2445 ut
2645 2393 3019 2461 praediximus.

2167 2483 2228 2538 In
2263 2497 2549 2552 conspectu
2580 2482 2690 2550 ejus
2717 2486 2906 2538 cadent
2931 2501 3111 2540 omnes
3142 2486 3235 2556 qui
3259 2487 3581 2545 descendunt
3609 2490 3664 2544 in

2091 2587 2310 2631 terram.
2355 2578 2677 2633 Adorabunt
2737 2592 2861 2631 eum
2924 2580 3184 2635 mortales
3227 2595 3419 2635 omnes
3475 2583 3565 2650 qui
3608 2585 3663 2638 in

2093 2682 2293 2726 terram
2328 2673 2720 2728 revolvuntur:
2748 2673 2875 2741 quia
2908 2679 3028 2739 post
3048 2686 3392 2729 communem
3419 2677 3665 2730 omnium

2095 2765 2556 2819 resurrectionem
2587 2804 2602 2827 ,
2660 2781 2821 2820 oume
2867 2779 3008 2833 genu
3054 2766 3102 2820 ei
3156 2764 3405 2822 ﬂectetur
3464 2783 3667 2824 secun-

2091 2858 2220 2909 dum
2280 2857 2602 2925 Apostolum
2637 2858 2678 2888 ’ί
2711 2875 2726 2924 ;
2784 2857 2874 2910 alii
2914 2858 3174 2912 nimirum
3236 2866 3434 2928 sponte
3465 2875 3563 2915 sua
3604 2876 3669 2916 ac

2094 2950 2281 3003 libenti
2313 2951 2519 3013 animo,
2567 2951 2658 3005 alii
2710 2967 2836 3006 vero
2870 2951 3028 3005 inviti
3062 2961 3115 3005 et
3147 2968 3270 3006 cum
3305 2953 3520 3009 timore.

2165 3044 2327 3100 Vens.
2364 3045 2452 3098 51.
2503 3043 2570 3098 Et
2608 3045 2786 3098 (mima
2823 3061 2937 3099 mea
2964 3047 3046 3098 illi
3075 3047 3219 3099 vivit.
3257 3043 3374 3115 lpse
3407 3047 3554 3103 enim
3582 3054 3669 3102 est

409 3141 592 3207 ζωῶν.
618 3143 707 3195 καὶ
743 3142 818 3212 μὴ
849 3142 950 3194 ὲῶν
993 3142 1362 3211 ἀποθνήσκειν
1395 3140 1499 3194 ὑπὸ
1529 3142 1627 3212 τῆς
1669 3141 1945 3210 ἁμαρτίας
1971 3155 1985 3171 ⁸

2094 3135 2186 3203 qui
2222 3151 2342 3190 eam
2371 3137 2630 3200 viviﬁcat,
2655 3139 2858 3206 quique
2885 3150 2913 3189 a
2947 3146 3170 3204 peccato
3191 3140 3365 3193 occidi
3396 3156 3514 3194 eam
3556 3156 3665 3195 non

409 3233 574 3288 τοῦτο
611 3233 666 3287 δὲ
701 3234 799 3287 καὶ
828 3235 923 3286 ἐπὶ
957 3232 1053 3286 τοῦ
1087 3234 1300 3304 [ἰατρὸς
1325 3235 1544 3301 νοεῖται,
1596 3234 1691 3288 καὶ
1743 3234 1837 3288 ἐπὶ
1888 3233 1985 3288 τοῦ

413 3325 567 3381 Υἱοῦ.
612 3328 722 3380 Καὶ
750 3327 925 3389 ἄλλως
948 3326 1025 3389 δὲ,
1066 3328 1142 3398 Ζῇ
1197 3325 1271 3394 τῷ
1316 3326 1456 3397 Θεῷ,
1510 3327 1695 3397 φησὶν,
1746 3329 1778 3396 ἡ
1837 3326 1984 3398 ψυχή

411 3435 542 3489 μου,
583 3417 660 3480 ὡς
690 3418 911 3487 ἐνεργὸς
930 3417 1064 3472 οὖσα
1089 3419 1224 3489 πρὸς
1248 3418 1429 3483 αὐτὸν,
1460 3417 1652 3490 ὥσπερ
1671 3421 1766 3472 mi.
1794 3421 1858 3472 ὲκ
1893 3416 1986 3472 τοῦ

411 3511 682 3573 ὲναντέου,
714 3509 941 3579 τέθνηκε
977 3509 1054 3579 τῷ
1082 3511 1318 3581 δαίμονι,
1342 3510 1418 3574 ὡς
1465 3509 1799 3582 ἅκινητοῦσα
1852 3511 1989 3581 πρὸς

408 3602 512 3663 τὰς
550 3600 830 3670 ὑποθήκας
865 3601 1054 3653 αὑτοῦ.

490 3775 562 3828 Τὸ
612 3774 852 3843 σπέρμα
931 3791 1051 3843 μου
1119 3774 1443 3829 δουλεύσει
1509 3776 1690 3842 αὐτῷ.
1757 3776 1988 3845 Σπέρμα

408 3868 676 3938 Χριστοῦ,
711 3872 830 3940 ἢτοι
875 3869 1064 3931 τέκνα,
1098 3869 1300 3931 πάντες
1327 3871 1377 3922 οἱ
1410 3869 1499 3924 διὰ
1527 3872 1621 3923 τοῦ
1654 3871 1988 3940 Εὑαγγελίου

409 3960 772 4032 γεννηθέντες
799 3960 971 4031 αὐτῷ,
1001 3959 1094 4025 οὓς
1117 3960 1213 4013 καὶ
1240 3961 1480 4026 ὑπέταξε
1515 3963 1594 4034 τῷ
1625 3962 1824 4035 Πατρί.

499 4225 1002 4296 Ἀναπελήσεται
1031 4224 1112 4292 τῷ
1136 4227 1334 4296 Κυρίῳ
1359 4228 1538 4297 γενεὰ
1581 4229 1618 4298 ἠ
1671 4229 1988 4299 ἐρχομένη.

411 4318 859 4388 Γνωρισθὴσεται
889 4318 966 4388 τῷ
993 4318 1113 4387 Θεῴ
1148 4320 1181 4390 ἡ
1219 4319 1280 4384 ἐξ
1310 4321 1480 4374 ἐθνῶν
1510 4321 1676 4390 γενεὰ
1728 4323 1837 4375 τῶν
1899 4340 1992 4376 πι-

411 4410 581 4470 στῶν.
615 4411 648 4480 ἡ
676 4409 1004 4482 ὲὶευσομένη
1038 4409 1097 4462 ὲν
1125 4412 1246 4473 ταῖς
1275 4410 1514 4483 ἡμέραις
1568 4412 1669 4483 τῆς
1720 4414 1991 4485 ὲνανθρω-

412 4505 492 4570 πή
506 4518 637 4563 seu;
669 4501 762 4554 τοῦ
792 4501 944 4555 Υῐοῦ.

489 4592 598 4647 Kal
627 4594 1032 4663 ἀναγγελοῦσι
1065 4595 1180 4662 τὴν
1199 4594 1602 4668 δικαιοσύνην
1634 4602 1821 4656 αὐτοῦ
1863 4603 1992 4670 λαῷ

411 4685 500 4749 τῷ
523 4686 960 4755 τεχθησομένφ.
994 4689 1056 4740 0!
1085 4688 1175 4740 διὰ
1201 4688 1439 4752 πίστεως
1472 4692 1789 4760 τεχθέντες,
1821 4697 1993 4762 ἁναγ·

412 4775 637 4845 ⁴γελοῦσι
665 4780 776 4840 τοῖς
817 4779 1270 4849 τεχθησομένοις,
1308 4781 1404 4834 καὶ
1460 4779 1523 4833 τὸ
1577 4783 1816 4856 καθεξῆς
1882 4787 1992 4842 ἀεί.

412 4870 826 4936 Δικαιοσύνην
864 4873 942 4932 δὲ,
978 4871 1060 4923 ὅτι
1095 4869 1312 4925 καθεῖλε
1373 4872 1464 4927 τὸν
1520 4875 1812 4931 ἀδικοῦντα
1868 4881 1996 4942 τοὺς

413 4958 741 5033 ἀνθρώπους
785 4961 1064 5031 πολέμιον.

495 5150 605 5200 Ὃν
626 5148 917 5212 ἐποίησεν
940 5151 972 5201 ὀ
1003 5150 1238 5217 Κύριος.
1262 5181 1327 5193 -—
1371 5154 1480 5205 'Or
1509 5152 1817 5220 ἐποίησεν,
1877 5155 1997 5225 ἦτοι

421 5238 793 5304 συνεστήσατο
815 5238 941 5290 λαὸν
970 5239 1173 5308 ἐαυτῷ,
1198 5240 1464 5312 πρότερον
1504 5243 1633 5295 λαὸν
1675 5243 1827 5308 ὄντα,
1877 5244 1996 5297 ἀλλ’

412 5329 746 5396 ἀπωσμένον
776 5344 788 5356 '
827 5327 860 5397 ἢ
891 5328 950 5380 ὃν
982 5329 1410 5400 ἐδημιούργησε.
1441 5333 1516 5386 Τὸ
1549 5333 1626 5399 δὲ,
1661 5335 1996 5405 ἀναγγελήο

413 5436 592 5475 σεται
655 5418 734 5483 τῷ
796 5421 1012 5489 Κυρίῳ,
1070 5424 1213 5487 τινὲς
1264 5423 1437 5489 ἄλλως
1495 5428 1871 5498 ὴρμήνευσαν,
1912 5430 1994 5482 ὅτι

493 5608 539 5640 ιο
581 5603 723 5660 Psal.
762 5621 822 5670 η,
861 5578 914 5659 ἑ.
990 5602 1036 5636 οι
1078 5603 1311 5674 Philipp.
1367 5621 1425 5673 η,
1464 5605 1550 5661 to.

2092 3228 2266 3292 sinit;
2310 3229 2412 3282 hoc
2441 3236 2620 3284 autem
2651 3238 2706 3281 et
2745 3229 2814 3283 de
2841 3229 2999 3283 Patre
3032 3228 3258 3299 intelligi
3297 3241 3476 3301 putest
3509 3239 3562 3284 et
3598 3231 3668 3286 de

2093 3317 2256 3372 Filio.
2291 3317 2384 3372 Vel
2419 3319 2619 3372 aliter:
2651 3316 2812 3383 Vivit,
2877 3319 3077 3387 inquit,
3132 3321 3316 3374 anima
3367 3334 3482 3374 mea
3531 3318 3666 3385 Deo,

2092 3412 2261 3466 velati
2295 3427 2415 3483 quae.
2439 3413 2686 3466 actiones
2743 3425 2874 3465 suas
2905 3425 3098 3467 omnes
3152 3413 3223 3466 ad
3274 3427 3399 3467 eum
3457 3413 3667 3483 dirigit,

2089 3501 2552 3572 quemadmodum
2614 3510 2808 3558 contra
2851 3519 2865 3554 :
2904 3501 3140 3557 daemoni
3180 3504 3385 3561 dicitur
3424 3513 3666 3568 mortua.

2089 3594 2310 3663 quando
2331 3593 2395 3648 ad
2416 3607 2611 3663 pravas
2643 3594 2786 3648 illius
2821 3597 3202 3664 suggestiones
3226 3595 3524 3651 immobilis
3545 3613 3670 3665 pcr-

2092 3693 2304 3738 manet.

2162 3773 2230 3827 Et
2250 3791 2424 3829 semen
2445 3791 2619 3829 meum
2637 3775 2827 3830 serviet
2851 3776 2977 3846 ipsi.
3017 3774 3224 3830 Semen
3265 3777 3421 3849 (δι),
3468 3778 3666 3848 inquit,

2094 3882 2270 3920 meum
2303 3869 2580 3933 Christus,
2603 3867 2748 3922 Patri
2775 3883 2897 3923 meo
2920 3869 3146 3923 serviet.
3175 3868 3280 3923 Per
3311 3885 3520 3935 semen,
3547 3886 3669 3926 om-

2092 3973 2191 4014 nes
2229 3959 2368 4015 lilios
2394 3960 2689 4030 intelligas,
2718 3960 2808 4028 qui
2850 3959 2899 4017 ei
2925 3976 3023 4030 per
3044 3961 3397 4031 Evangelium
3422 3963 3668 4034 generati

2096 4059 2247 4115 sunt,
2281 4060 2336 4106 et
2358 4068 2497 4122 quos
2540 4054 2657 4124 ipse
2689 4051 2775 4125 [ut
2807 4053 2986 4124 inquit
3035 4052 3354 4126 Apostolus]
3392 4054 3536 4109 Patri
3564 4071 3672 4112 suo

2093 4143 2350 4212 subjecit.

2176 4237 2342 4291 Vsus.
2377 4236 2468 4292 52.
2503 4235 2924 4290 Annuntiabitur
2965 4235 3194 4290 Domino
3241 4239 3509 4307 generatio
3551 4257 3672 4293 ven-

2095 4344 2236 4387 tura.
2268 4331 2643 4400 Cognoscetur
2670 4344 2699 4382 a
2733 4327 2868 4394 Deo,
2896 4329 3093 4397 inquit,
3117 4310 3395 4397 generatio
3427 4330 3666 4386 ﬁdelium

2095 4443 2159 4481 ex
2197 4424 2474 4496 gentibus,
2537 4437 2658 4490 qua:
2691 4431 2924 4474 ventura
2953 4429 3037 4474 est
3074 4421 3130 4474 in
3159 4422 3353 4475 diebus
3408 4421 3672 4476 luearna-

2016 4507 2069 4566 D
2098 4517 2260 4571 tionis
2291 4514 2409 4568 Filii
2442 4514 2585 4583 ejus.

2170 4607 2236 4661 Et
2259 4606 2653 4660 annuntiabunt
2677 4605 2954 4674 justitiam
2986 4604 3101 4674 ejus
3134 4606 3328 4675 papqu
3355 4608 3444 4676 qui
3481 4624 3668 4662 nasce-

2099 4710 2204 4754 tur.
2233 4700 2272 4754 Ii
2305 4700 2396 4768 qui
2431 4713 2527 4768 per
2560 4697 2718 4751 tidem
2775 4698 3021 4765 generati
3055 4707 3208 4760 sunt,
3267 4700 3674 4754 ammntiabuut

2097 4805 2220 4846 eam
2257 4789 2517 4861 posteris,
2544 4796 2597 4842 et
2632 4787 2684 4839 lii
2713 4787 3027 4840 successive
3062 4786 3207 4840 aliis.
3235 4784 3509 4840 Justitiam
3536 4804 3668 4842 vero

2096 4883 2220 4937 ideo
2249 4879 2505 4950 appellat,
2540 4878 2666 4950 quia
2712 4879 2939 4930 humani
2969 4878 3187 4948 generis
3242 4877 3519 4932 inimicum
3573 4884 3672 4935 ite—

2099 4969 2323 5035 struxit,
2360 4969 2453 5040 qui
2505 4967 2702 5038 injuria
2746 4968 2877 5022 illud
2916 4982 3131 5036 semper
3180 4982 3244 5021 ac
3291 4968 3493 5023 damno
3542 4971 3673 5026 alte—

2100 5072 2269 5120 cerat.

2173 5155 2338 5221 Quem
2361 5154 2482 5223 fecit
2521 5151 2796 5206 Dominus.
2858 5151 2970 5206 l‘loc
3004 5163 3111 5219 εει,
3143 5167 3306 5221 quem
3345 5151 3448 5207 sibi
3494 5165 3672 5220 popu-

2105 5249 2216 5303 lum
2243 5248 2529 5302 constituit
2561 5261 2684 5300 cum
2722 5252 2879 5300 antea
2916 5244 3006 5298 Dei
3038 5247 3272 5314 populus
3301 5259 3406 5297 non
3455 5244 3672 5298 direre-

2104 5350 2192 5392 tur
2227 5357 2238 5391 :
2275 5338 2522 5408 quinimo
2547 5335 2807 5404 repulsus
2839 5343 2958 5388 erat
2990 5341 3043 5389 et
3082 5349 3302 5389 exosus.
3339 5330 3435 5387 Vel
3467 5333 3626 5387 aliter
3655 5351 3670 5387 :

2104 5430 2269 5497 Quem
2292 5431 2434 5498 luit,
2472 5427 2574 5484 hoc
2601 5435 2703 5496 est,
2744 5441 2907 5498 quem
2933 5427 3159 5483 creavit.
3197 5425 3259 5480 Et
3286 5426 3432 5496 quod
3465 5425 3670 5480 dictum

1778 5702 1979 5764 Varie:
2011 5702 2342 5765 lectiones.

495 5808 611 5880 (34)
661 5807 972 5863 Graecorum
1036 5804 1322 5861 verborum
1376 5818 1572 5862 sensus
1618 5813 1701 5860 est
1732 5823 1744 5860 :
1793 5803 1974 5860 Semen
2001 5802 2219 5868 Christi,
2247 5821 2338 5858 seu
2367 5804 2652 5873 Filii,sunt
2677 5821 2855 5860 omnes
2887 5806 2975 5865 aui
2996 5820 3087 5873 per
3105 5802 3468 5870 Erngelium,
3489 5813 3596 5861 etc.
