4036 6256
555 305 663 366 295

1751 302 2136 363 EUTIIYMII
2175 300 2539 362 ZIGABENI

549 421 722 490 ntagis
746 417 958 472 allicere
989 415 1235 472 student.
1263 416 1356 471 Vel
1386 432 1478 487 per
1507 435 1776 483 mensam,
1806 421 2117 475 futurorum

3673 316 3760 379 $90

2224 419 2425 472 λόντων
2476 417 2699 487 ἀγαθῶν
2727 417 2763 473 ἃ.
2792 418 3093 491 ἡτοίμασεν
3133 422 3160 475 ὁ
3201 422 3331 488 Θεὸς
3361 426 3469 489 τοῖς
3509 427 3760 495 ἀγαπῶσιν

551 485 827 566 honorum
867 508 1191 563 iruitioncm
1245 509 1524 580 intelligit,
1579 527 1741 579 quam
1794 511 2092 581 praeparati

2225 511 2411 571 αὐτόν.
2452 485 2650 567 Ἢνκαλ⁸
2685 513 2784 583 τήν
2812 485 2931 567 τοῦ-
2962 485 3352 588 θυσιαστηρίου
3384 485 3664 588 τράπεξαν,
3691 526 3746 593 ὲφ

552 604 696 658 Deus
725 603 1081 672 diligentibus
1116 618 1210 668 se;
1250 602 1332 657 vel
1362 605 1556 659 altaris
1589 621 1861 669 mensam,
1911 607 1964 660 in
2014 621 2085 676 qu

2220 600 2288 677 ἦς
2315 607 2603 675 πρόκειται
2631 609 2656 660 ὁ
2687 609 2902 672 δεῖπνος
2945 611 2973 662 ὁ
3000 612 3290 680 μυστικόςο
3320 615 3352 684 ἦ
3398 616 3633 685 τράπεζα
3661 619 3760 690 μὲν,

547 711 704 751 caena
743 696 972 766 mystica
1007 695 1099 748 illa
1131 696 1304 764 jacet,
1331 697 1414 750 vel
1448 698 1612 751 etiam
1646 698 1904 751 virtutem
1939 712 2124 751 mora-

547 790 650 844 lem
685 807 701 842 :
731 795 784 842 et
821 804 919 857 per
954 789 1133 841 oleum
1172 787 1317 856 quod
1361 799 1596 842 mentem
1635 790 1959 862 impinguat,
1987 805 2122 846 con-

546 882 960 950 templationem
1004 899 1195 936 earum
1231 883 1508 936 rationum
1567 882 1838 955 iutellige,
1893 898 2018 954 quae
2069 885 2123 937 iu

547 977 822 1031 :nentibus
860 977 1072 1033 insunt.

2224 699 2259 768 ἡ
2282 699 2563 770 πρακτικὴ
2592 701 2764 771 ἀρετή
2793 717 2807 732 ·
2841 701 3018 756 ἔλαιον
3060 704 3136 767 δὲ,
3171 705 3417 760 ).ιπαίνον
3449 708 3537 762 τὸν
3565 711 3674 765 νοῦν
3699 716 3765 779 ὡς

2223 791 2491 861 κεφαλὴν,
2524 794 2556 860 ὴ
2590 791 2796 862 θεωρία
2826 794 2935 848 τῶν
2968 797 3026 849 ὲν
3071 799 3182 859 τοῖς
3233 795 3352 850 οὖσι
3382 800 3586 868 λόγων·
3622 807 3768 877 ποτή.

2228 901 2343 953 ριον
2375 885 2451 950 δὲ,
2487 887 2520 956 ἠ
2548 887 2674 956 περὶ
2692 887 2826 940 Θεοῦ
2851 889 3054 958 γνῶσις
3078 905 3093 920 ο
3132 889 3280 956 ἔλεος
3318 893 3374 946 δὲ
3415 892 3637 962 αὑτοῦ,ὀ
3663 898 3768 952 ἐλε-

2223 976 2380 1046 ήμων
2411 977 2545 1041 Υἱὸς
2601 979 2696 1032 καὶ
2748 979 2904 1048 Θεὸς,
2953 983 3010 1046 ὃς
3057 984 3144 1039 διὰ
3177 987 3274 1057 τῆς
3332 987 3770 1071 ἐνανθρωπήσεως

545 1071 728 1132 αὐτοῦ,
752 1070 1080 1123 καταδιώκει
1108 1070 1192 1123 ἀεὶ
1218 1071 1325 1135 ἕως
1357 1065 1418 1126 οὗ
1449 1071 1736 1144 καταλάϐῃ
1759 1070 1967 1134 πάντας
1994 1069 2118 1132 τοὺς
2155 1069 2572 1139 σωθησομένους
2590 1083 2602 1097 ’
2637 1068 2785 1137 οἶκος
2808 1073 2886 1139 δὲ,
2907 1077 2941 1147 ἡ
2966 1074 3216 1146 βασιλεία
3246 1083 3411 1135 αὐτοῦ
3443 1065 3517 1135 ἐν’
3651 1088 3769 1140 ἀπο·

541 1162 896 1216 καθίστανται
931 1164 1135 1226 πάντες
1161 1166 1209 1215 ol
1254 1163 1401 1233 ἅγιοι
1428 1181 1443 1196 °
1478 1167 1759 1237 μακρότης
1783 1165 1842 1220 δὲ
1870 1164 2114 1235 ἡμερῶν,
2152 1164 2186 1235 ἡ
2216 1162 2434 1227 αἰώνιος
2465 1164 2599 1236 ζωή.

606 1257 973 1325 lmpinguasti
998 1258 1048 1308 in
1069 1258 1181 1312 oleo
1210 1269 1367 1327 caput
1394 1277 1585 1316 meum.
1623 1261 1681 1314 In
1709 1261 1828 1315 oleo
1855 1259 2117 1314 nimirum

539 1349 843 1418 splt'itualis
883 1351 1114 1419 gratiae:
1147 1358 1200 1404 et
1241 1368 1338 1421 per
1364 1360 1530 1422 caput
1563 1363 1799 1408 mentem
1832 1369 1927 1409 seu
1957 1353 2121 1408 intel-

540 1441 742 1494 lectum
785 1443 1071 1512 intellige,
1135 1442 1297 1497 veluti
1349 1454 1670 1501 contentum
1718 1446 2112 1500 acontinente.

2297 1259 2628 1328 Ἔλίπανας
2657 1261 2729 1318 ἐν
2762 1264 2948 1334 ἐλαίῳ
2974 1270 3089 1338 τὴν
3119 1271 3394 1340 κεφαλήν
3419 1292 3554 1342 μου.
3584 1277 3666 1351 Τῷ
3691 1280 3771 1336 τοῦ

2215 1355 2594 1423 πνευματικοῦ
2626 1359 2968 1431 χαρίσματος
2991 1376 3005 1392 ⁸
3034 1366 3277 1435 κεφαλὴν
3310 1368 3387 1434 δὲ,
3413 1371 3503 1426 τὸν
3533 1373 3646 1429 νοῦν
3673 1378 3772 1447 oln-

2212 1444 2355 1507 τέον,
2409 1445 2475 1498 ὲκ
2498 1446 2591 1499 τοῦ
2622 1450 2970 1521 περιέχοντος
3000 1454 3058 1507 τὸ
3097 1460 3507 1529 περιεχόμενον.
3545 1465 3613 1518 Τὸ
3637 1444 3775 1539 χάρὶ-

540 1533 724 1588 Gratia
763 1536 905 1587 enim
940 1533 1181 1604 Spiritus
1215 1537 1520 1607 impingunt
1553 1551 1606 1594 et
1650 1539 1878 1594 hilarem
1934 1537 2088 1593 reddi

2215 1553 2326 1605 σμα
2360 1537 2470 1607 γὰρ
2498 1539 2592 1592 τοῦ
2644 1541 2964 1613 Πνεύματος
3021 1547 3264 1618 ίλαρύνει
3314 1552 3412 1606 καὶ
3462 1533 3665 1612 πιαίνει
3695 1533 3776 1614 τὸν

542 1638 798 1681 tuentem.
832 1627 1102 1683 Fortassis
1137 1630 1302 1684 etiam
1337 1631 1648 1686 unctionem
1681 1632 1784 1687 olei
1818 1631 2116 1702 baptisma-

2210 1627 2357 1683 νοῦν.
2398 1631 2470 1683 Ἢ
2518 1631 2579 1686 τὸ
2627 1635 2837 1707 χρίσμα
2870 1637 2965 1691 τοῦ
3019 1639 3379 1710 βαπτιστικοῡ
3411 1646 3675 1721 ὲλαίου,ἥ
3724 1651 3777 1705 τὸ

543 1721 613 1769 tis
646 1719 912 1786 praedicit,
941 1729 1033 1772 aut
1072 1731 1410 1791 unguentum
1454 1722 1619 1788 illud,
1651 1737 1758 1791 quo
1788 1721 2049 1778 Dominus
2079 1737 2092 1776 ε

2214 1720 2309 1773 τοῦ
2347 1721 2519 1793 μύρου
2562 1725 2966 1798 προατιαφωνεῖ,
3001 1732 3089 1803 ἐφ’
3110 1733 3168 1788 ὃν
3201 1737 3310 1808 (37)
3358 1738 3466 1793 ἀπὸ
3494 1740 3591 1811 τῆς
3621 1719 3774 1812 κεφα-

539 1811 767 1864 muliere
797 1822 992 1865 unctus
1021 1820 1123 1876 est,
1165 1812 1218 1867 in
1244 1815 1442 1882 quibus
1492 1815 1750 1871 omnibus
1802 1829 1900 1887 per
1946 1823 2110 1884 caput

539 1910 709 1955 totum
751 1902 1026 1955 hominem
1064 1904 1359 1973 signiﬁcat.

612 1991 679 2046 Et
707 1995 849 2046 calix
876 2004 995 2049 tuus
1029 1996 1296 2052 inebrians
1348 2014 1426 2051 me
1462 2040 1476 2064 ,
1528 2015 1685 2070 quam
1733 2001 1964 2068 Optimus
1990 2002 2110 2057 est!

532 2085 816 2152 Poculum,
851 2088 1097 2159 inquam,
1126 2092 1565 2161 evangelicorum
1599 2109 1934 2162 sermonum,
1962 2097 2104 2166 quod

532 2195 620 2234 tne
648 2181 863 2236 ebrium
895 2182 1099 2248 reddit,
1124 2182 1407 2240 Excedere
1438 2187 1582 2240 enim
1616 2202 1700 2240 me
1725 2188 1851 2242 facit
1878 2203 1906 2241 a
1933 2191 2102 2261 priori

536 2273 881 2340 pertinacia,
937 2281 1124 2345 utpote
1187 2284 1378 2346 potens
1432 2289 1622 2332 contra
1682 2280 1955 2338 inimicos.
2007 2281 2102 2339 Vel

531 2363 714 2429 aliter,
750 2367 1001 2434 poculum
1045 2367 1314 2422 incruenti
1351 2370 1603 2424 sacriticii
1632 2369 1903 2440 intelligit.

601 2453 768 2512 VEus.
826 2458 877 2513 6.
940 2458 1004 2515 Et
1051 2461 1420 2517 misericordia
1473 2474 1564 2516 tua
1619 2477 1960 2535 persequetur
2020 2485 2100 2522 me

524 2552 766 2606 omnibus
795 2552 980 2608 diebus
1007 2556 1128 2608 vita:
1160 2573 1307 2612 mea.
1350 2589 1417 2599 —
1457 2555 1823 2625 Persequetur,
1857 2560 1957 2614 hoc
1990 2569 2095 2625 est,

519 2651 781 2709 sequetur
808 2661 914 2707 me,
937 2650 1007 2699 ita
1033 2647 1374 2702 incedentem
1408 2649 1688 2712 nimirum,
1715 2657 1762 2704 et
1798 2649 2095 2722 fugientem

519 2740 760 2782 errores.
796 2726 909 2791 Vel,
949 2743 1310 2800 peraequetur,
1348 2733 1450 2787 hoc
1481 2744 1585 2797 est,
1614 2738 1893 2802 perquirct
1925 2753 2008 2789 me
2042 2744 2095 2791 et

520 2830 630 2868 non
664 2815 926 2871 discedet.

595 2905 658 2957 Et
684 2918 739 2959 ut
767 2909 1114 2964 inhabitarent
1143 2913 1196 2964 in
1221 2914 1376 2967 domo
1412 2912 1625 2968 Domini
1675 2916 1728 2969 in
1767 2915 2092 2986 longitudine

515 2997 741 3053 dierum.
774 2999 1142 3071 Persequetur
1169 3015 1346 3058 autem
1384 3023 1490 3071 me,
1523 3016 1582 3060 ut
1634 3015 1782 3062 tutus
1823 3010 1874 3061 iu
1908 3018 2090 3078 prote-

2215 1811 2313 1882 λῆς
2336 1813 2456 1868 ὅλον
2488 1816 2579 1871 τὸν
2607 1819 2893 1891 ἄνθρωπον
2928 1826 3232 1898 νοήσωμεν.

2282 1992 2391 2048 Kal
2425 1994 2490 2050 τὸ
2541 1999 2828 2068 ποτήριόν
2871 2020 2988 2059 σου
3011 2007 3325 2076 μεθύσκον
3345 2027 3443 2079 με,
3479 2013 3619 2070 ὡσεί
3647 2017 3777 2086 apd-

2212 2106 2437 2147 τιστον.
2465 2093 2539 2148 Τὸ
2565 2099 2716 2162 πόμα
2748 2098 2860 2153 τῶν
2882 2100 3258 2170 εὐαγγελικῶν
3289 2105 3485 2175 λόγων,
3518 2111 3775 2181 μεθύσκον

2217 2181 2285 2250 μέ
2313 2183 2482 2238 ἐστιν.
2522 2185 2821 2243 Ἔκστασιν
2846 2190 2954 2263 γὰρ
2984 2195 3205 2261 ἐμποιεῖ
3231 2194 3325 2249 τοῦ
3363 2200 3629 2271 προτέρου
3655 2221 3776 2274 φρο-

2210 2274 2273 2342 νή
2284 2291 2471 2342 ματος,
2507 2279 2583 2343 ὡς
2616 2283 2854 2351 κρατοῦν
2881 2285 3022 2337 κατὰ
3046 2286 3154 2339 τῶν
3183 2288 3415 2361 ἐχθρῶν.
3451 2293 3523 2347 Ἦ
3563 2299 3654 2350 καὶ
3682 2315 3774 2352 πο·

2208 2367 2418 2437 τήριον,
2445 2371 2506 2424 τὸ
2542 2373 2638 2443 τῆς
2676 2375 3020 2447 ἀναιμάκτου
3061 2377 3270 2442 θυσίας.

2278 2462 2387 2516 Καὶ
2419 2465 2485 2518 τὸ
2520 2465 2698 2532 ἔλεός
2751 2485 2869 2524 σου
2919 2471 3270 2534 καταὸιὼξει
3317 2493 3396 2544 με
3423 2481 3629 2548 πάσας
3679 2485 3776 2549 τὰς

2204 2549 2432 2621 ἡμέρας
2480 2554 2590 2624 τῆς
2646 2557 2796 2630 ζωῆς
2838 2577 2979 2629 μου.
3011 2592 3080 2602 -
3113 2567 3475 2634 Καταδιώξει
3507 2573 3630 2629 ἀντὶ
3663 2577 3773 2641 τοῦ,

2207 2642 2458 2708 Ἔπεται,
2496 2646 2640 2704 οὕτω
2665 2651 2906 2718 δηλονότι
2937 2654 3315 2730 πορευομένῳ,
3373 2664 3467 2716 καὶ
3495 2665 3598 2737 τὴν
3645 2668 3774 2722 πλάο

2204 2754 2299 2809 νην
2329 2739 2606 2809 φεύγοντι.
2637 2745 2707 2797 Ἣ
2738 2745 2857 2811 καὶ,
2889 2747 3117 2814 Διὼξει,
3141 2750 3264 2803 ἀντὶ
3295 2753 3391 2824 τοῦ
3460 2757 3778 2833 Ἐκζητήσει

2205 2845 2300 2898 με,
2335 2831 2430 2884 καὶ⁸
2459 2833 2559 2885 οὐκ
2581 2834 2967 2906 ἀποστήσεται.

2274 2922 2384 2974 Καὶ
2407 2921 2472 2975 τὸ
2497 2924 2798 2980 κατοικεῖν
2821 2945 2898 2996 με
2922 2929 2993 2982 ἐν
3031 2930 3175 2999 οἴκῳ
3192 2937 3414 3005 Κυρίου
3442 2945 3533 3009 εις
3558 2945 3777 3013 μακρό-

2204 3028 2348 3080 τητα
2381 3015 2636 3084 ἡμερῶν.
2667 3019 3012 3088 Καταδιώξει
3033 3022 3089 3078 δέ
3117 3042 3185 3095 με
3210 3030 3304 3084 καὶ
3330 3031 3392 3085 τὸ
3416 3040 3694 3091 κατοικεῖν
3721 3041 3776 3093 ἐν

517 3092 698 3144 ctione
752 3091 841 3146 Dei
880 3094 1138 3151 habitem.
1182 3096 1274 3151 Vel
1328 3113 1428 3168 per
1468 3099 1690 3152 domum
1735 3100 1946 3156 Domini
1987 3101 2087 3156 Ec-

2197 3111 2260 3177 τῇ
2295 3109 2474 3182 σκέπῃ
2511 3111 2605 3165 τοῦ
2642 3112 2852 3184 Κυρίου
2905 3091 3465 3194 περιφρουρούμενον.
3517 3131 3591 3184 ’Ἠ
3632 3091 3775 3188 οἷκον

511 3182 733 3236 clcsiam
772 3184 905 3239 dicit
937 3226 952 3248 ,
983 3195 1038 3239 et
1069 3191 1544 3258 congregationem
1577 3191 1812 3244 fidelium
1840 3232 1855 3255 ,
1893 3193 1945 3247 in
1981 3211 2086 3265 qua

509 3271 718 3328 habitat
747 3275 1048 3340 Dominus,
1081 3285 1134 3332 et
1185 3280 1251 3335 iis
1299 3293 1521 3350 apparet
1553 3321 1568 3346 ,
1627 3285 1722 3353 qui
1771 3285 1878 3339 Deo
1938 3286 2086 3357 digni

505 3373 639 3419 sunt
685 3384 700 3432 ;
751 3378 802 3422 et
831 3383 1026 3426 sensus
1054 3379 1138 3426 est
1191 3387 1205 3425 :
1263 3372 1374 3441 Ego
1402 3380 1456 3427 et
1485 3374 1670 3429 divina
1707 3376 2085 3434 misericordia

503 3453 700 3525 dignus
727 3462 1015 3527 ccnsehor,
1049 3471 1103 3517 et
1138 3471 1389 3533 protegar
1417 3479 1444 3517 a
1483 3465 1593 3521 Deo
1616 3509 1631 3533 ,
1660 3476 1714 3521 ct
1750 3468 1924 3523 ﬁdelis
1961 3486 2085 3540 pcr-

505 3547 755 3600 maneho.
787 3548 882 3603 Vel
915 3551 1072 3605 aliter
1119 3570 1133 3607 :
1179 3552 1408 3609 Dabitur
1455 3557 1588 3612 mihi
1641 3559 1694 3612 in
1740 3558 2081 3629 longitudine

499 3627 734 3695 dierum.
769 3635 871 3690 hoc
894 3647 978 3692 est
1011 3654 1107 3708 per
1134 3649 1305 3696 totam
1338 3645 1503 3698 vitam
1535 3685 1550 3710 ,
1586 3654 1648 3700 ut
1678 3649 1980 3705 inhabilem
2019 3653 2072 3707 in

499 3721 663 3776 domo
690 3723 935 3781 Domini.
967 3730 1032 3783 Et
1065 3732 1225 3787 aliter
1258 3751 1272 3786 :
1319 3734 1474 3789 Calix
1508 3736 1621 3807 (88)
1654 3741 1894 3810 cognitio
1921 3745 2012 3798 Dei
2046 3749 2152 3808 est,
2187 3721 2570 3805 misericordia
2603 3761 2786 3809 autem
2814 3771 2844 3809 e

2191 3203 2396 3270 Κυρίου
2429 3204 2573 3272 λέγει
2609 3205 2705 3278 τὴν
2767 3209 3096 3283 Ἐκκλησίαν
3163 3217 3255 3268 καὶ
3306 3226 3637 3296 συναγωγὴν
3665 3228 3769 3282 τῶν

2188 3294 2420 3357 πιστῶν,
2441 3298 2499 3348 ἐν
2577 3299 2719 3350 οἰκεῖ
2741 3300 2768 3352 ὀ
2790 3301 3016 3371 Κύριος,
3033 3305 3404 3379 ὀπτανόμενος
3429 3289 3554 3380 τοῖς
3577 3289 3773 3387 ἀξίοις,

2185 3385 2458 3449 τουτέστι,
2494 3386 2606 3440 Καὶ
2640 3387 2795 3441 ὲλέου
2835 3391 3240 3466 ἀξιωθήσομαι,
3264 3402 3359 3455 καὶ
3388 3385 3773 3480 φρουρηθήσοέ

2193 3491 2313 3544 μαι,
2349 3477 2442 3529 καὶ
2466 3480 2654 3542 πιστὸς
2692 3480 2862 3551 μενῶ.
2905 3483 2976 3537 Ἦ
3009 3487 3103 3540 καὶ
3147 3490 3359 3557 ἄλλωςο
3393 3497 3465 3550 Τὸ
3499 3477 3776 3560 κατοικεῖν

2193 3581 2259 3635 με
2290 3567 2348 3619 ὲν
2372 3568 2507 3637 οἴκῳ
2550 3571 2778 3640 Κυρίου,
2817 3573 2976 3628 ἔσται
3027 3595 3118 3647 μοι
3161 3583 3240 3648 είς
3268 3589 3600 3663 μακρότητα
3639 3598 3776 3667 in“.

2190 3655 2322 3723 ρῶν,
2349 3656 2536 3727 ἤγουν,
2566 3659 2632 3713 δι’
2665 3661 2788 3714 ὅλου
2817 3663 2912 3717 τοῦ
2945 3665 3085 3736 βίου.

2845 3757 2959 3825 jus,
2997 3761 3317 3824 misericors
3342 3771 3603 3830 nimirum
3633 3777 3774 3848 Deu,

2845 3814 2861 3825 υ
2947 3814 2957 3822 ν
3079 3814 3153 3818 ⁷-“
3173 3814 3274 3820 ⁷⁷⁷-
3292 3814 3317 3824 ν
3342 3814 3495 3829 "-uu-o
3514 3814 3602 3830 uua
3633 3814 3770 3848 υνυς

499 3814 692 3884 Filius,
729 3824 819 3889 qui
849 3840 944 3891 per
972 3826 1408 3885 incarnationem
1460 3847 1614 3886 suam
1641 3876 1655 3899 ,
1708 3851 1925 3906 semper
1981 3855 2082 3896 nos
2107 3844 2482 3914 persequitur,
2517 3847 2694 3906 donec
2718 3866 2910 3910 omnes
2977 3862 3446 3932 comprehendat,
3493 3872 3591 3940 qui
3658 3873 3770 3927 sal-

499 3913 814 3940 ι.....,12-.....
873 3919 1074 3940 n-4a,”
1147 3926 1180 3940 .-
1311 3927 1346 3940 ι.
1450 3928 1460 3938 .
1514 3930 1524 3940 .
1630 3939 1634 3940 ,
1709 3929 1720 3940 .
2112 3937 2123 3940 _

495 3913 662 3968 vandi
689 3929 837 3972 sunt.
873 3919 1078 3977 Domus
1113 3926 1275 3978 etiam
1311 3927 1524 3980 Domini
1559 3939 1641 3983 est
1673 3929 1792 4000 ejus
1827 3949 2080 4004 regnum.

497 4020 628 4060 vero
658 4007 898 4073 dierum,
927 4022 1189 4068 mternam
1228 4018 1390 4069 vitam
1430 4019 1690 4089 intellige.

713 4097 963 4156 Psalmus
980 4105 1081 4172 ipsi
1107 4105 1277 4161 David
1296 4110 1481 4173 prima:
1502 4112 1868 4170 sabbatorum.

1012 4195 1335 4254 PSALMUS
1369 4201 1556 4260 XXIII.

570 4278 668 4333 llic
696 4283 940 4349 psalmus
974 4285 1382 4356 inscriptiOnem
1435 4293 1596 4350 habet
1632 4314 1646 4353 :
1707 4299 1904 4356 Prima
1960 4306 2081 4358 sab-

493 4371 735 4425 batnrum
765 4389 785 4426 :
823 4375 923 4428 hoc
955 4386 1060 4444 est,
1093 4379 1242 4433 illius
1274 4382 1380 4437 dici
1403 4427 1417 4448 ,
1451 4401 1555 4455 qua
1589 4387 1846 4449 Christus
1892 4410 2078 4450 resur-

495 4463 662 4529 rexit;
699 4466 845 4518 illam
878 4469 1022 4521 enim
1047 4470 1188 4524 diem
1228 4476 1475 4542 prazdicit
1502 4494 1665 4548 quam
1691 4481 2071 4556 Evangelislze,

491 4555 717 4620 primam
744 4557 1086 4613 sabbatorum
1117 4564 1406 4621 manifeste
1427 4573 1771 4640 appellarunt
1806 4591 1818 4627 :
1852 4581 2069 4634 tametsi

2197 4582 2474 4639 Ξαϐὅάτων
2511 4591 2699 4658 σαφῶς

493 4644 546 4699 in
578 4646 680 4700 fine
706 4647 772 4701 de
796 4654 1176 4720 assumptione
1207 4658 1374 4711 etiam
1399 4659 1604 4716 Christi
1649 4672 1869 4721 tractet.
1903 4668 2066 4741 [Illud

495 4743 674 4790 tamen
703 4739 1101 4796 observandum
1134 4748 1279 4814 quod
1313 4749 1371 4802 iu
1399 4751 1584 4807 Graeca
1627 4754 1869 4812 lectione
1909 4739 2072 4814 unam
2111 4759 2470 4822 Sabbatorum
2506 4769 2760 4842 legimus,

495 4829 597 4881 sim
617 4871 630 4893 ,
664 4832 892 4899 primam
920 4836 1198 4904 dixerunt,

566 4922 733 4981 Vens.
781 4928 831 4981 I.
875 4929 1087 4986 Domini
1128 4945 1203 4988 est
1240 4947 1383 4992 terra
1435 4951 1484 4995 et
1532 4946 1804 5012 plenitudo
1827 4954 1964 5019 ejus.
1995 4950 2072 5006 Ex

494 5029 604 5080 quo
632 5015 890 5070 nimirum
916 5021 984 5073 de
1013 5025 1294 5091 sepultura
1321 5035 1628 5088 resurrexit
1659 5077 1675 5100 ,
1703 5050 1758 5091 et
1783 5039 2075 5109 discipulis

495 5104 767 5171 apparuit,
799 5105 987 5163 dicens
1026 5126 1040 5162 :
1080 5111 1214 5166 Data
1247 5127 1324 5170 est
1353 5121 1480 5174 mihi
1519 5127 1690 5180 omnis
1725 5104 1980 5196 potestas,
2017 5133 2073 5185 in

492 5193 620 5242 aeto
649 5195 772 5245 etin
802 5207 936 5248 terra
969 5200 1036 5262 ’9,
1063 5217 1124 5255 ex
1163 5204 1255 5258 illo
1293 5222 1426 5262 sane
1457 5220 1700 5280 tempore
1728 5257 1742 5279 ,
1791 5235 1902 5288 quo
1960 5222 2076 5280 hac

499 5282 870 5349 acciderunt,
903 5289 1110 5344 Christi
1145 5293 1332 5349 eﬂecta
1367 5309 1449 5352 est
1483 5306 1664 5360 omnis
1705 5317 1849 5364 terra
1881 5351 1894 5375 ,
1950 5329 2073 5382 qua:

496 5382 653 5425 antea
679 5375 780 5427 sub
821 5376 1126 5434 daemonum
1159 5397 1426 5453 potestate
1456 5392 1821 5454 detinebatur.
1852 5399 1916 5454 Et
1950 5375 2072 5457 tibi-

497 5475 600 5526 que
637 5477 926 5533 terrarum,
958 5485 1057 5537 pro
1092 5472 1252 5529 idolis
1293 5481 1489 5548 templa
1519 5481 1631 5538 Deo
1669 5497 1850 5542 erecta
1896 5502 2025 5546 sunt
2055 5534 2071 5560 ,

2108 3937 2165 3992 in
2238 3957 2349 4012 quo
2419 3947 2788 4001 restituuntur
2813 3964 3002 4007 omnes
3026 3959 3776 4034 sancti;perlongitudincm

2333 4128 2583 4197 Ψαλμὸς
2619 4129 2699 4196 τῷ
2727 4134 2927 4196 Δαϐίδ,
2960 4138 3071 4205 τῆς
3100 4141 3243 4207 μιᾶς
3271 4147 3614 4208 Σαϐϐάτων.

2744 4225 3041 4280 ΨΑΛΜΟΣ
3081 4230 3209 4285 ΚΓ.

2267 4306 2325 4360 '0
2375 4309 2593 4379 ψαλμὸς
2629 4308 2806 4381 οὗτος,
2865 4317 2975 4385 τῆς
3018 4321 3164 4389 μιᾶς
3226 4328 3547 4385 Σαϐϐάτων
3599 4336 3773 4404 ἐστὶν,

2176 4397 2295 4467 ἦτοι
2335 4402 2433 4470 τῆς
2467 4404 2682 4475 ἡμέρας
2743 4409 2866 4462 καθ’
2914 4411 2985 4482 ῆν
3024 4415 3053 4466 ὁ
3110 4415 3316 4486 Κύριος
3360 4403 3589 4496 ἀνέστη,
3641 4397 3774 4499 περί

2175 4491 2345 4561 αὐτῆς
2376 4498 2864 4568 προσαγορευθεὶς,
2919 4503 2985 4575 ἢν
3018 4506 3114 4559 καὶ
3139 4510 3187 4561 οί
3228 4491 3614 4582 εὐαγγελισταὶ
3640 4491 3775 4591 μίαν

2725 4594 3013 4652 ἐκάλεσαν.
3044 4601 3391 4674 Διεξέρχετιι
3425 4607 3483 4662 δὲ
3513 4612 3608 4664 καὶ
3641 4614 3774 4684 περὶ

2177 4675 2275 4742 τῆς
2325 4676 2418 4728 τοῦ
2449 4677 2703 4749 Σωτῆρος
2732 4683 3055 4757 ἀναλήψεως
3087 4691 3143 4742 ἐν
3173 4695 3248 4760 τῷ
3267 4695 3432 4750 τέλει.

2798 4779 2940 4848 quod
2996 4781 3178 4838 Latini
3245 4785 3570 4860 interpretes
3643 4811 3774 4866 pas-

2258 4952 2368 5006 Τοῦ
2394 4957 2621 5021 Κυρίου
2650 4959 2688 5025 ἠ
2722 4960 2797 5029 γῆ
2825 4966 2922 5016 καὶ
2976 4970 3040 5019 τὸ
3077 4972 3372 5043 πλήρωμα
3396 4979 3609 5048 αὐτῆς.
3641 4981 3774 5038 ὀτι

2170 5043 2372 5117 δηλαδὴ
2407 5047 2501 5101 τοῦ
2546 5051 2835 5120 μνήματος
2867 5057 3169 5127 ἐξαναστὰς
3193 5105 3208 5130 ,
3262 5043 3597 5144 ἐνεφανίσθη
3653 5079 3773 5141 τοῖς

2175 5134 2463 5205 μαθηταῖς,
2494 5142 2585 5193 καὶ
2617 5138 2772 5197 εἶπεν
2796 5163 2810 5176 ο
2856 5149 3059 5220 Ἐδόθη
3084 5172 3187 5221 μοι
3217 5134 3388 5214 πᾶσα
3418 5134 3676 5225 ἐξουσία
3700 5134 3774 5221 ea;

2171 5227 2425 5295 οὐρανῷ,
2452 5234 2550 5286 καὶ
2579 5235 2680 5289 ἐπὶ
2709 5237 2842 5305 γῆς.
2879 5242 2966 5308 Ἐξ
3001 5246 3217 5317 ἐκείνης
3252 5252 3362 5322 γὰρ
3393 5255 3489 5326 τῆς
3517 5261 3628 5326 ήμέ
3641 5277 3768 5331 ρας,

2170 5317 2262 5370 τοῦ
2312 5321 2554 5390 Χριστοῦ
2599 5328 2829 5394 γέγονεν
2874 5333 2906 5399 ἡ
2940 5336 3032 5404 γῆ,
3067 5317 3344 5411 πρότερον.
3367 5317 3482 5398 ὕπο
3511 5317 3619 5401 των
3641 5317 3772 5404 ’δεῇ

2177 5411 2354 5478 μόνων
2407 5423 2944 5494 κατακυριευομένη.
2979 5428 3263 5500 Πανταιχοῦ
3312 5435 3499 5490 λοιπὸν
3535 5441 3637 5509 τῆς
3660 5444 3771 5512 γῆς

2171 5499 2293 5552 ἀντὶ
2321 5504 2429 5557 τῶν
2456 5507 2692 5564 εἰδώλων
2725 5511 2862 5566 θεῖοι
2894 5518 3016 5570 ναοὶ
3071 5522 3496 5596 καθιδρύθησαν,
3529 5499 3632 5584 του

1864 5608 2061 5671 νεηνίαι
2097 5612 2422 5681 lectiones.

718 5681 803 5734 Ῑσ.
835 5686 919 5754 ἐφ’
940 5682 1034 5742 ὧν.

571 5752 679 5820 (83)
734 5752 918 5809 (ιι-ευρ..
972 5763 1056 5816 hic
1101 5762 1310 5821 Latinis
1364 5773 1752 5842 respondentia
1811 5778 2071 5849 leguntur

2186 5732 2376 5788 supra.
2426 5724 2480 5778 in
2540 5726 2645 5782 fine
2677 5734 3043 5799 expositionis
3082 5741 3340 5800 versiculi

3381 5761 3396 5798 :
3443 5745 3677 5806 Parasti
3711 5755 3768 5807 id

2181 5804 2460 5860 conspectu
2500 5804 2592 5853 ιιιο
2627 5813 2881 5860 πιεηδαηι.
