4068 6276
273 361 371 426 333

1413 347 1808 412 COMMENT.
1843 342 1926 405 ΙΝ
1963 342 2327 405 PSALMOS.

3409 337 3516 403 334

280 468 673 542 Ἰεροσολύμοις
705 468 998 537 συναγωγὴ
1027 485 1040 499 ο
1079 464 1216 536 μετὰ
1243 463 1298 518 δὲ
1318 463 1418 534 τὴν
1465 465 1545 526 εἰς
1597 457 1834 532 Χριστὸν

1941 461 2131 515 eratin
2157 459 2465 515 Jerusalem
2503 459 2637 526 ;sed
2663 464 2787 530 post
2822 455 3183 513 contumelias
3235 469 3265 509 a
3307 453 3512 510 Judaeis

269 564 436 634 ὕϐριν,
459 562 682 630 ἐγένετο
703 563 735 632 ἡ
754 560 983 624 ἔπαυλις
1009 559 1194 614 αὐτῶν
1236 557 1599 628 ἡρημωμένη.
1635 555 1831 608 ’Υστε-

269 673 357 726 ρον
389 655 443 706 δὲ
469 656 693 722 γέγονεν
725 652 866 723 αὐλὴ
897 653 1028 720 ἁγία
1046 652 1139 703 τοῦ
1175 651 1437 720 Χριστοῦ,
1469 651 1503 719 ἡ
1544 649 1652 702 τῶν
1700 648 1832 716 Χρι-

267 743 490 796 στιανῶν
536 743 836 812 Ἐκκλησία
859 743 952 796 καὶ
989 729 1193 808 πίστις’,
1225 743 1284 795 ἑν
1385 741 1716 811 προσκυνεῖν
1737 739 1831 792 αὺ-

264 837 349 890 τὸν
375 837 402 888 ὁ
429 835 584 903 λόγος
618 835 1013 904 προτρέπεται,
1041 835 1272 888 κωλύων
1298 835 1396 898 τὰς
1450 831 1833 903 σχισματικῶς

264 927 760 998 παρασυναγωγάς,
785 929 881 980 καὶ
909 928 1083 999 μόνην
1108 928 1380 997 ὲκκρίνων
1417 929 1516 995 τὴν
1565 926 1673 979 άπὸ
1700 925 1832 995 Χρι-

267 1016 388 1072 στοῦ
420 1018 860 1091 παραδεδομένην
893 1019 1097 1072 πίστιν.
1129 1018 1366 1072 Δυνατὸν
1392 1017 1451 1070 δὲ
1490 1017 1684 1086 νοῆσαι
1737 1015 1834 1068 αὕ-

264 1108 359 1178 λὴν
385 1109 477 1160 καὶ
500 1109 598 1178 τὴν
626 1108 975 1178 ἐπουράνιον.
1009 1109 1109 1162 Διά
1136 1108 1296 1162 τοῦτο
1319 1110 1369 1160 οἱ
1431 1108 1833 1177 πεφυτευμένοι

264 1196 493 1251 ἐνταῦθα
521 1201 580 1251 ἑν
600 1197 676 1267 τῷ
701 1198 836 1269 οῐκῳ
867 1199 1102 1270 Κυρίου,
1165 1200 1368 1270 δηλαδὴ
1424 1201 1489 1268 τῇ
1537 1198 1836 1268 Ἐκκλησία

263 1288 368 1340 τῶν
398 1289 627 1354 πιστῶν,
651 1292 711 1342 ἐν
769 1293 891 1354 ταῖς
951 1292 1146 1357 αὐλαῖς
1197 1293 1318 1345 ἐκεῖ
1356 1290 1452 1345 τοῦ
1495 1290 1630 1345 Θεοῦ
1676 1291 1835 1360 ήμῶν

262 1381 632 1452 ιξανθήσουσι.

328 1476 500 1542 Φωνὴ
547 1479 766 1545 Kvplov
821 1478 922 1533 ἐπὶ
959 1479 1077 1533 τῶν
1105 1479 1360 1535 ὑδάτων.
1397 1481 1571 1534 Τοῦτο
1621 1497 1835 1551 προφηυ

261 1569 375 1620 τεία
400 1571 530 1638 περὶ
557 1571 656 1640 τῆς
688 1571 1002 1642 ἐνεχθείσης
1034 1570 1246 1626 ἄνωθεν
1279 1574 1462 1642 φωνῆς
1497 1573 1832 1646 ὲνίορδάνῃ,

260 1662 348 1714 ὅτε
374 1662 402 1714 ὁ
436 1661 678 1731 Χριστὸς
721 1661 1078 1723 ἔσαπτίσατο,
1115 1662 1383 1731 λεγούσης
1403 1679 1418 1695 ·
1448 1659 1638 1730 Οὗτός
1667 1663 1838 1718 ἐστιν

265 1756 298 1806 ό
332 1752 465 1818 Υίός
487 1771 609 1822 μου
649 1756 680 1807 ό
703 1753 1033 1822 ἀγαπητὸς,
1066 1754 1137 1807 ἐν
1163 1749 1213 1822 ᾧ
1249 1755 1586 1822 ηὑδόκησα.

341 1844 402 1896 '0
428 1844 580 1911 Θεὸς
601 1843 712 1912 τῆς
733 1846 921 1912 δόξης
949 1848 1298 1916 ἐϐρόντησε.
1317 1847 1376 1900 '0
1402 1848 1592 1918 Πατὴρ
1623 1849 1836 1918 ἀφῆκεν

263 1939 474 2010 εκείνην
503 1940 606 2011 τὴν
653 1941 862 2012 φωνὴν,
914 1942 981 2012 ἢν
1019 1943 1117 1995 καὶ
1162 1941 1395 2012 βροντὴν
1427 1941 1707 2010 ὀνομάζει,
1746 1941 1837 1996 διὰ

261 2031 322 2083 τὸ
351 2031 407 2097 ἐξ
437 2032 679 2100 οὐρανοῦ
710 2033 1066 2102 κατηνέχοαι,
1102 2034 1227 2089 ὅθεν
1262 2035 1358 2087 καὶ
1389 2035 1446 2086 αἱ
1480 2034 1724 2105 βρονταὶ,
1742 2035 1837 2088 καὶ

259 2123 346 2177 διά
372 2123 434 2176 τὸ
457 2125 712 2196 στερρὸν,
740 2125 837 2180 καὶ
867 2125 1218 2190 ἐξάκουστον.
1251 2128 1400 2192 Θεὸς
1419 2127 1477 2180 δὲ
1504 2125 1612 2195 τῆς
1625 2126 1835 2194 δόξης,

261 2215 376 2268 ἀντὶ
401 2213 525 2278 τοῦ,
554 2215 788 2282 ἔνδοξος,
822 2216 1016 2287 ὥσπερ
1056 2217 1155 2271 καὶ
1185 2217 1320 2281 Θεὸς
1354 2217 1456 2287 τῆς
1484 2217 1768 2289 ἀληθείας,
1808 2220 1838 2272 δ

259 2305 535 2376 ἀληθινὸς,
569 2306 666 2361 καὶ
714 2306 848 2371 Θεὸς
892 2310 1250 2379 ἐκδικήσεως,
1304 2313 1333 2363 ὁ
1384 2311 1699 2382 ὲκδικητής,
1741 2312 1840 2366 καὶ

258 2398 387 2462 Θεὸς
415 2400 732 2471 δυνάμεων,
766 2403 795 2453 δ
818 2402 1070 2468 δυνατὸς,
1097 2404 1191 2455 καὶ
1220 2403 1357 2466 Θεὸς
1392 2403 1596 2469 ἐλέους,
1628 2407 1656 2459 ὀ
1684 2405 1841 2475 ἐλεή-

262 2507 400 2560 μων,
430 2493 533 2545 καὶ
567 2493 669 2546 ὅσα
713 2491 943 2548 τοιαῦτα
969 2509 985 2525 ·
1021 2493 1220 2565 ιδίωμα
1263 2495 1373 2568 γὰρ
1406 2497 1502 2552 καὶ
1543 2498 1706 2552 τοῦτο
1739 2498 1841 2570 τῆς

257 2579 526 2644 Παλαιᾶς.

327 2767 554 2836 Κύριος
586 2769 686 2823 ἐπὶ
745 2771 988 2827 ὑδάτων
1035 2774 1303 2829 πολλῶν.
1367 2775 1427 2830 '0
1482 2779 1720 2849 Χριστὸς
1782 2779 1842 2833 ὲν

257 2858 412 2915 ὕδασι
438 2900 456 2926 ,
493 2866 610 2925 τοῖς
640 2863 734 2918 τοῦ
773 2867 1062 2934 Ἰορδάνου,
1095 2869 1192 2922 καὶ
1218 2866 1286 2921 δι’
1323 2867 1551 2922 ἐκείνων
1581 2871 1642 2924 ἐν
1674 2870 1844 2925 πᾶσιν

256 2951 465 3019 ῦδασιν,
490 2955 740 3022 ἁγιάζων
771 2958 869 3028 τὴν
896 2958 1059 3026 φύσιν
1087 2959 1268 3012 αὐτῶν
1299 2960 1358 3012 ὲν
1396 2961 1661 3033 Ἰορδάνῃ.

323 3046 503 3113 Φωνὴ
535 3050 754 3115 Κυρίου
784 3051 855 3103 ἐν
883 3053 1074 3120 ίσχύτ.
1095 3052 1184 3105 Ἐν
1211 3053 1290 3120 τῷ
1331 3055 1538 3124 ισχυρῷ
1565 3057 1709 3108 κατὰ
1731 3057 1841 3111 τῶν
1900 3093 1903 3095 -

1935 552 1989 606 in
2023 552 2305 609 Christum
2330 553 2538 617 illatas,
2581 550 2725 606 facta
2765 557 2849 605 est
2879 551 3146 604 habitatio
3188 549 3279 603 illa
3346 549 3509 603 deso—

1935 646 2069 701 lata.
2096 644 2406 701 Novissime
2439 654 2623 700 autem
2664 646 2786 698 aula
2835 655 3024 699 saneta
3083 643 3310 708 Christi,
3366 642 3508 698 facta

1935 749 2022 795 est
2051 740 2494 795 Christianorum
2531 739 2778 795 Ecclesia
2803 753 2867 793 ac
2903 740 3059 799 lidcs.
3103 740 3159 793 in
3221 754 3328 808 qua
3385 754 3513 806 pro-

1936 833 2193 905 pheticus
2217 848 2403 889 sermo
2438 834 2780 889 adorandqu
2831 849 2956 890 esse
2991 833 3281 888 Dominum
3332 833 3510 901 jubet,

1937 942 2132 982 omnes
2162 928 2302 982 alias
2337 927 2656 999 illegitimas
2703 929 3154 998 cengregatioues
3192 927 3512 996 prohibens,

1936 1029 1991 1076 et
2023 1023 2197 1076 solam
2238 1019 2448 1091 eligens
2481 1019 2640 1076 ﬁdem
2665 1035 2693 1072 a
2725 1019 2944 1076 Christo
2988 1020 3268 1074 traditam.
3305 1019 3517 1074 Intelli-

1937 1130 2065 1185 gere
2098 1116 2266 1169 etiam
2310 1129 2610 1185 possumus
2634 1129 2731 1186 per
2765 1115 2971 1178 aulam,
2999 1115 3279 1168 caelestem
3302 1113 3518 1167 habita-

1938 1209 2166 1262 tionem.
2207 1206 2344 1259 Nam
2383 1207 2418 1259 ii
2456 1207 2548 1275 qui
2592 1205 2647 1261 in
2697 1207 2800 1260 hac
2829 1206 2937 1259 vita
2993 1204 3221 1276 plantati
3275 1212 3406 1259 sunt
3462 1206 3514 1258 iu

1937 1297 2099 1353 domo
2133 1296 2368 1362 Domini,
2395 1299 2506 1353 illic
2535 1300 2590 1353 in
2621 1299 2760 1354 aulis
2786 1297 2879 1354 Dei
2911 1297 3084 1354 nostri
3115 1297 3409 1352 ﬁorehunt.

2016 1474 2176 1530 VERS.
2210 1477 2262 1531 3.
2301 1474 2410 1528 νοτ
2433 1475 2649 1528 Domini
2675 1491 2832 1542 super
2870 1489 3056 1543 aquas.
3085 1471 3374 1542 Prophetia
3399 1470 3515 1525 lmc

1940 1579 2028 1623 eat
2057 1569 2121 1623 dc
2145 1583 2277 1621 voce
2318 1583 2440 1638 quae
2489 1570 2542 1621 in
2577 1566 2816 1621 Jordane
2848 1581 3088 1636 superne
3118 1565 3360 1620 demissa
3403 1574 3511 1629 est,

1939 1661 2161 1730 quando
2187 1661 2443 1715 Christus
2474 1659 2877 1730 baptizahaIur.
2911 1659 3143 1714 dicens:
3177 1657 3282 1711 Hic
3311 1667 3388 1711 est
3419 1656 3514 1710 Fi-

1940 1757 2042 1810 lius
2077 1771 2221 1808 meus
2243 1755 2486 1818 dilectus,
2509 1754 2562 1808 in
2591 1769 2694 1824 quo
2730 1754 3030 1822 complacui
3085 1754 3212 1808 mihi
3234 1754 3298 1805 “.

2014 1845 2154 1900 Deus
2215 1847 2398 1915 gloria:
2439 1848 2695 1899 intonuit.
2756 1846 2876 1914 Ipse
2921 1843 3080 1900 Pater
3139 1860 3326 1899 vocem
3364 1845 3511 1899 illam

1941 1940 2128 1997 emisit
2158 1955 2324 2007 quam
2359 1938 2623 1995 diximus.
2661 1938 2993 1994 Tonitruum
3025 1949 3207 1992 autem
3248 1953 3368 1992 eam
3411 1952 3513 2007 ap-

1941 2033 2170 2103 pellavit
2194 2030 2492 2102 Propheta,
2528 2041 2583 2086 ct
2613 2032 2746 2100 quia
2779 2047 2809 2086 e
2842 2033 2984 2086 coelo
3011 2032 3191 2086 delata
3239 2039 3324 2085 est
3367 2033 3515 2086 unde

1944 2124 2177 2180 veniunt
2207 2125 2454 2179 tonitrua
2484 2132 2537 2179 et
2577 2133 2799 2195 propter
2833 2125 2982 2179 illius
3017 2125 3458 2195 magnitudinem
3497 2142 3511 2177 :

1943 2232 2072 2273 nam
2108 2219 2178 2272 ab
2203 2219 2466 2273 omnibus
2511 2219 2580 2274 de
2613 2217 2764 2273 facili
2796 2218 2980 2272 audita
3007 2227 3114 2274 est.
3154 2219 3294 2273 Deus
3329 2208 3511 2273 autem

1940 2312 2129 2382 gloria:
2160 2310 2303 2365 dixit
2334 2327 2457 2382 pro,
2503 2312 2645 2368 Deus
2689 2312 2994 2382 gloriosus,
3049 2309 3514 2381 quemadmodum

1941 2413 2000 2459 et
2040 2404 2169 2458 alibi
2220 2403 2361 2461 Deus
2391 2404 2595 2461 dicitur
2619 2406 2887 2470 veritatis,
2911 2404 3056 2461 Deus
3101 2404 3344 2467 ultionis,
3370 2403 3518 2457 Deus

1942 2497 2351 2568 potentiarum,
2389 2506 2445 2553 et
2497 2497 2642 2552 Deus
2701 2497 3245 2560 misericordiarum,
3291 2511 3391 2566 pro
3450 2510 3520 2549 eo

1943 2589 2092 2660 quod
2105 2597 2210 2656 est,
2232 2589 2375 2646 Deus
2389 2604 2575 2656 verus,
2594 2589 2733 2645 Deus
2752 2589 2944 2646 vindex
2958 2631 2972 2652 ,
2990 2591 3129 2645 Deus
3143 2598 3356 2661 potens,
3374 2587 3522 2646 Deus

1944 2680 2281 2736 misericors.
2323 2682 2526 2737 ldioma
2553 2683 2699 2738 enim
2733 2689 2817 2738 est
2847 2683 3046 2738 veteris
3076 2683 3395 2754 Scriptum.

2020 2775 2278 2830 Dominus
2307 2792 2464 2846 super
2499 2792 2666 2844 aquas
2705 2776 2929 2831 multas.
2962 2776 3224 2833 Christus
3255 2778 3517 2833 nimirum

1945 2867 2003 2922 in
2053 2867 2214 2936 aquis
2243 2867 2489 2923 ﬂuminis
2547 2867 2828 2935 Jordanis,
2871 2878 2928 2925 et
2982 2869 3187 2938 ubique
3243 2885 3342 2941 per
3372 2871 3520 2936 illas.

1947 2975 2214 3031 aquarum
2239 2969 2493 3016 naturam
2523 2962 2898 3019 sanetiﬁcans.

2020 3053 2184 3110 Vens.
2215 3054 2270 3110 4.
2328 3054 2441 3110 Vox
2469 3055 2682 3111 Domini
2709 3059 2762 3110 in
2787 3057 3121 3127 fortitudine.
3155 3057 3210 3114 in
3244 3059 3395 3124 forti,
3431 3060 3521 3114 in-

254 3134 445 3188 παθῶν
475 3137 638 3209 ἀνδρὶ
669 3142 821 3211 φωνὴ
850 3142 1061 3210 γίνεται
1089 3143 1323 3214 Κυρίου,
1380 3147 1702 3215 ρωννύουσα
1744 3150 1839 3203 καὶ

1945 3147 2085 3218 quit,
2142 3163 2208 3203 ac
2263 3149 2498 3205 robusto
2534 3151 2802 3206 adversus
2849 3154 3136 3222 passiones
3187 3164 3354 3226 atque
3390 3156 3522 3212 ασε-

256 3229 633 3301 ὐποτιοεμένη
667 3233 734 3286 τὰ
762 3234 972 3288 δέοντα.

319 3427 500 3496 Φωνὴ
562 3430 786 3497 Κυρίου
837 3431 911 3485 ἐν
954 3436 1460 3504 μεγαλοπρεπείᾳ.
1521 3437 1628 3490 Και
1666 3439 1724 3489 ὲν
1758 3438 1840 3508 τῷ

253 3520 702 3590 μεγαλοπρεπεῖ,
737 3523 814 3592 τῷ
846 3525 1280 3595 καταφρονοῦντι
1323 3528 1423 3596 μὲν
1454 3529 1562 3582 τῶν
1598 3530 1838 3601 γεηρῶν,

253 3608 552 3678 φρονοῦντι
586 3610 642 3664 δὲ
669 3613 736 3664 τά
759 3611 992 3682 οὐράνια
1013 3631 1026 3646 ο
1059 3615 1133 3678 ὡς
1164 3616 1460 3686 δηλοῦσθαι
1498 3617 1587 3672 διὰ
1619 3619 1719 3690 μὲν
1739 3620 1841 3691 τῆς

251 3700 466 3772 ἰσχύος,
493 3705 595 3756 τὸν
627 3708 936 3775 πρακτικόν
958 3725 972 3740 ’
1008 3709 1098 3765 διὰ
1129 3709 1186 3764 δὲ
1208 3712 1306 3783 τῆς
1333 3711 1837 3784 μεγαλοπρεπείας,

249 3794 338 3847 τὸν
362 3793 735 3868 θεωρητικόν.

323 3889 502 3957 Φωνὴ
534 3893 786 3958 Κυρίου,
809 3897 1242 3964 συντρίϐοντος
1266 3899 1535 3967 κέδρους.
1556 3901 1621 3955 ’11
1647 3903 1840 3973 κέδρος

250 3981 382 4035 ποτὲ
439 3984 544 4053 μὲν
581 3983 678 4035 ἐπὶ
727 3985 897 4038 καλοῦ
948 3988 1306 4058 λαμσάνεται,
1340 3991 1431 4045 διὰ
1463 3993 1526 4045 τὸ
1583 3995 1837 4064 ἄσηπτον

251 4074 344 4127 καὶ
401 4075 727 4146 κατάκομον
785 4079 880 4129 καὶ
925 4079 1148 4145 εὐῶδες,
1203 4083 1279 4147 ὡς
1331 4083 1432 4137 τόν
1469 4087 1706 4154 Δίκαιος
1756 4087 1838 4155 ὡς

248 4165 454 4232 φοίνιξ
479 4167 761 4233 ἀνθήσει,
791 4170 886 4223 καὶ
914 4172 1056 4225 ὡσεὶ
1080 4171 1294 4242 κέδρος
1335 4177 1375 4244 ἡ
1407 4178 1477 4230 ἐν
1499 4175 1577 4242 τῷ
1607 4178 1838 4244 Λιβάνῳ

251 4259 762 4325 πληθυνθήσεται
784 4277 798 4290 ·
843 4262 975 4315 ποτὲ
1008 4263 1062 4317 δὲ
1093 4265 1186 4318 ἐπὶ
1222 4267 1426 4334 κακοῦ,
1456 4269 1544 4321 διὰ
1575 4274 1634 4323 τὸ
1664 4270 1840 4341 άκαρα

247 4364 351 4400 πον
373 4351 472 4402 καὶ
502 4351 937 4422 δυσκαμπὲς,ὡς
957 4355 1050 4408 τό·
1085 4355 1267 4412 Εἶδον
1293 4361 1400 4414 τὸν
1435 4362 1628 4430 ἀσεϐῆ
1660 4364 1838 4433 ὑπερ-

1945 3251 2068 3296 ctus
2095 3242 2338 3304 homine,
2382 3257 2487 3296 vox
2546 3243 2760 3297 Domini
2822 3246 2901 3309 ﬁt,
2955 3247 3225 3304 roborans
3280 3264 3406 3303 eum
3454 3266 3520 3307 ac

1945 3347 2250 3401 suggerens
2281 3347 2402 3401 qua:
2436 3335 2750 3389 necessaria
2778 3344 2929 3389 sunt.

2031 3422 2140 3478 Vox
2180 3425 2394 3479 Domini
2430 3427 2484 3479 in
2526 3429 2946 3497 magniﬁcentia.
2991 3430 3105 3486 lloc
3148 3441 3256 3498 est,
3309 3435 3363 3488 in
3403 3451 3522 3490 ma-

1944 3516 2146 3585 gniﬁco
2177 3531 2246 3572 eo
2272 3518 2412 3583 viro,
2435 3521 2527 3588 qui
2561 3523 2846 3576 terrestria
2871 3525 3162 3592 spreverit,
3189 3533 3244 3580 et
3266 3528 3518 3584 emlestia

1946 3615 2159 3662 tantum
2226 3610 2526 3664 meditetur
2561 3626 2572 3662 :
2611 3620 2670 3665 ut
2733 3629 2828 3673 per
2870 3615 3254 3672 iortztudinem
3293 3621 3517 3689 quidem

1943 3701 2145 3765 activa,
2177 3715 2240 3756 ac
2271 3704 2498 3758 moralis
2530 3705 2727 3769 virtus,
2758 3721 2856 3775 per
2878 3708 3349 3778 magniﬁcentiam
3386 3729 3519 3770 vero

1945 3795 2380 3863 contemplativa
2409 3797 2773 3864 signiﬁcetur.

2021 3890 2183 3944 Vsus.
2221 3890 2272 3944 5.
2325 3888 2442 3943 Vox
2472 3890 2724 3956 Domini,
2767 3894 3147 3962 confringenlis
3171 3899 3374 3956 cedros.
3415 3900 3520 3956 Ce-

1945 3979 2083 4035 drus
2118 3980 2418 4049 aliquando
2452 3983 2506 4035 in
2542 3983 2744 4037 bonum
2797 3985 3085 4054 accipitur,
3120 3990 3247 4059 quia
3292 3992 3516 4047 cedrina

1945 4071 2090 4142 ligna
2141 4075 2627 4129 immarcescibilia
2681 4085 2847 4142 sunt,
2882 4087 3048 4146 atque
3099 4081 3420 4149 imputrida,
3461 4097 3516 4140 et

1946 4180 2136 4220 earum
2156 4168 2385 4220 materia
2406 4166 2573 4220 densa
2599 4175 2684 4220 est
2712 4176 2877 4236 atque
2897 4170 3145 4232 odorata,
3164 4173 3319 4240 juxta
3347 4175 3513 4229 illud:

1941 4251 2130 4308 Justus
2154 4263 2208 4306 ut
2233 4254 2417 4320 palma
2446 4255 2682 4323 ﬂorebit,
2731 4266 2778 4310 et
2811 4258 2947 4310 sicut
3007 4260 3193 4315 cedrus
3228 4263 3279 4315 in
3311 4261 3516 4319 Libano

1945 4346 2401 4415 multiplicabitur
2443 4347 2512 4409 ",
2581 4346 2880 4417 aliquando
2937 4359 3117 4404 autem
3169 4352 3223 4406 in
3292 4355 3517 4420 malum,

248 4444 611 4513 υψούμενον
629 4446 727 4498 καί
763 4447 1183 4517 ἐπαιρόμενον,
1207 4451 1288 4518 ὡς
1317 4452 1425 4518 τὰς
1453 4454 1706 4522 κέδρους
1729 4456 1834 4511 τοῦ

1942 4439 2069 4505 quia
2111 4438 2275 4493 arhor
2327 4445 2414 4492 est
2468 4439 2677 4492 sterilis
2740 4448 2908 4508 atque
2947 4441 3297 4511 inﬂexibilis,
3360 4447 3516 4517 juxta

249 4535 542 4591 Λιϐάνου.
574 4536 690 4588 Νῦν
724 4537 818 4590 οῦν
842 4537 1067 4608 κέδρους
1112 4541 1370 4612 ὀνομάζει
1394 4544 1519 4608 τοὺς
1551 4545 1832 4613 δαίμονας,

249 4624 332 4678 διὰ
358 4629 420 4679 το
453 4629 793 4698 ἐπῃρμένον.
838 4631 902 4684 Ἥ
930 4633 1164 4704 ἔπαρσις
1211 4636 1320 4704 γάρ
1350 4638 1550 4698 αὐτοὺς
1592 4638 1699 4690 ἀπὸ
1739 4639 1836 4691 τοῦ

251 4720 490 4789 οὐρανοῦ
519 4725 990 4792 κατεκρήμνισεν.
1043 4727 1224 4794 Φωνὴ,
1256 4728 1414 4795 φησι,
1451 4733 1662 4796 γίνεται
1721 4732 1834 4784 Ku-

252 4810 393 4879 ρίου,
453 4813 548 4864 ὅτε
606 4814 885 4884 συντρίϐει
924 4818 1014 4868 καὶ
1060 4818 1325 4886 ταράσσει
1367 4820 1493 4882 τοὺς
1549 4821 1832 4888 δαίμονας.

261 4900 663 4956 ’Υποστικτὲον
714 4908 822 4976 γάρ
880 4909 1018 4975 μετὰ
1045 4909 1107 4962 τὸ
1152 4912 1396 4977 Κυρίου,
1433 4912 1518 4963 ἵνα
1547 4914 1765 4982 νοηθείη
1804 4917 1836 4980 ὴ

251 4994 493 5062 πλαγεία
547 4996 822 5062 σύνταξις.
859 4999 1047 5072 Τούτῳ
1082 5001 1138 5053 δὲ
1181 5004 1258 5072 τῷ
1291 5005 1531 5074 σχήματι
1576 5004 1669 5058 καὶ
1704 5006 1840 5059 ὑπο-

252 5085 456 5138 κατιὼν
484 5089 795 5156 ἐχρήσατο.

326 5264 436 5317 Καὶ
465 5266 794 5333 συντρίψει
829 5269 1043 5334 Κύριος
1071 5267 1180 5333 τὰς
1214 5268 1467 5336 κέδρους
1523 5270 1628 5325 τοῦ
1673 5272 1840 5325 Λιόά·

254 5371 386 5408 νου.
423 5356 662 5419 Λίϐανος
693 5358 817 5428 ὅρος
847 5360 1051 5430 ὑψηλὸν
1079 5362 1445 5432 Παλαιστίνης
1482 5364 1836 5435 κεδροφόρον,

257 5447 565 5511 είδωλικοῖς
605 5453 754 5512 ναοῖς
787 5452 1170 5520 ἀνακείμενον.
1203 5454 1368 5506 ὈΘεν
1409 5455 1634 5524 κέδρους
1666 5458 1836 5510 Λιὸάο

258 5556 348 5590 νου
389 5540 547 5606 λέγει
582 5542 646 5594 τά
676 5544 876 5612 τεμένη
909 5545 1016 5598 τῶν
1059 5548 1317 5609 εἰδώλων,
1350 5549 1420 5600 τὰ
1465 5551 1524 5600 ἐν
1565 5549 1736 5617 αὐτῷ,
1775 5551 1840 5602 ὲκ

254 5631 350 5684 τοῦ
402 5632 756 5702 περιέχοντος
789 5637 966 5706 δηλῶν
997 5641 1066 5692 τὰ
1102 5641 1497 5710 περιεχόμενα,
1535 5643 1630 5696 καὶ
1666 5643 1841 5706 ἄλλως

1945 4531 2077 4586 illud
2106 4548 2119 4584 :
2162 4530 2282 4584 Vidi
2315 4531 2538 4600 impium
2573 4538 3032 4602 superexaltatum
3075 4550 3232 4610 atque
3259 4541 3516 4596 eleuatum

1942 4624 2076 4675 sicut
2101 4622 2282 4676 cedros
2317 4622 2506 4676 Libani
2534 4625 2601 4678 ⁸⁸.
2624 4624 2738 4680 11οε
2771 4625 2824 4681 in
2857 4628 2980 4682 loco
3011 4629 3178 4699 igitur
3203 4646 3300 4700 per
3321 4635 3517 4688 eedros

1944 4716 2219 4769 daemones
2248 4716 2502 4785 intelligit
2534 4729 2754 4786 propter
2792 4720 3087 4776 elationem
3111 4739 3175 4777 ac
3203 4726 3516 4793 superbiam

1946 4805 2121 4870 illam,
2172 4822 2293 4873 quae
2324 4807 2389 4860 de
2418 4809 2562 4861 cmlo
2593 4824 2687 4862 eos
2724 4811 3106 4881 praecipitavit.
3157 4811 3287 4879 Vox,
3315 4816 3516 4885 inquit,

1947 4895 2162 4950 Domini
2211 4898 2268 4950 ﬁt
2297 4939 2313 4963 ,
2348 4899 2567 4968 quando
2598 4903 2842 4956 conterit
2871 4918 2936 4957 ac
2984 4906 3282 4976 confringit.
3320 4909 3519 4965 dmino-

1948 5005 2070 5043 nes.
2102 4990 2346 5044 Punctus
2384 4992 2530 5045 enim
2566 4993 2853 5061 ponendus
2887 5005 2993 5058 est,
3031 5007 3157 5064 post
3191 5000 3513 5065 dictionem,

1945 5082 2186 5143 Domini,
2213 5093 2271 5135 ut
2310 5084 2647 5153 intelligatur
2687 5101 2809 5140 esse
2843 5087 3065 5155 obliqua
3098 5092 3348 5159 quaedam
3377 5107 3515 5147 con-

1948 5175 2176 5229 structio
2204 5192 2216 5237 ;
2243 5191 2348 5241 qua
2381 5174 2645 5245 loquendi
2683 5175 2854 5245 ﬁgura
2886 5177 3030 5231 inira
3057 5181 3218 5232 etiam
3247 5196 3381 5235 usus
3408 5192 3514 5238 est.

2020 5269 2088 5322 Et
2129 5269 2419 5339 confringet
2472 5269 2726 5324 Dominus
2775 5273 2956 5328 cedros
3011 5273 3215 5329 Libani.
3274 5275 3515 5334 Libanus

1938 5375 2096 5414 mons
2134 5371 2220 5413 est
2259 5360 2566 5414 Palaestinae
2609 5363 2871 5432 regionis,
2909 5365 3076 5428 altus,
3113 5381 3175 5418 ac
3207 5364 3386 5420 iet-ens
3425 5384 3512 5421 ce-

1939 5454 2094 5513 dros.
2137 5453 2406 5508 idolorum
2439 5457 2658 5523 templis
2685 5467 3068 5511 consecratum
3095 5476 3107 5522 ;
3142 5461 3282 5512 unde
3309 5476 3402 5527 per
3421 5477 3511 5515 ce-

1939 5549 2072 5604 tll'OS
2092 5548 2360 5604 idolorum
2387 5563 2609 5603 nemora
2635 5563 2698 5603 ac
2725 5551 2877 5606 lucos
2902 5551 3174 5622 intelligit,
3198 5553 3292 5621 qui
3318 5553 3369 5606 in
3393 5553 3512 5622 ipso

1941 5657 2092 5708 sunt,
2127 5661 2222 5714 per
2251 5646 2545 5703 continens
2577 5655 2836 5702 contenta
2901 5648 3243 5718 signiﬁcans.
3295 5646 3508 5703 Similia

388 5813 432 5845 "
467 5811 667 5870 Matth.
717 5832 800 5881 ιιι,
834 5818 917 5874 17.
965 5818 1010 5850 ’⁵
1036 5818 1184 5877 Psal.
1218 5834 1327 5889 scr,
1360 5821 1446 5878 15.
1506 5824 1550 5856 ²⁶
1578 5822 1725 5880 Psal.
1750 5840 1932 5896 xxxvr,
1961 5826 2052 5882 35.
