4036 6256
452 230 559 289 343

1697 240 2087 300 EUTIIYMII
2127 243 2493 309 ZlGABENl
3586 260 3674 323 3M

453 353 662 406 rexisse
694 364 1094 412 asseverantes.
1131 353 1395 414 Ezechias
1434 366 1616 413 autem
1649 367 1704 412 ct
1733 357 2013 413 universus

2128 363 2238 416 Καὶ
2274 368 2323 419 οἱ
2354 367 2483 438 περὶ
2513 367 2605 421 τὸν
2652 369 2904 435 Ἐζεκίαν
2932 371 3007 435 δὲ,
3043 370 3181 441 μετὰ
3214 373 3386 443 ερορᾶν
3414 373 3670 443 (99)ἀπει-

452 447 708 515 populus,
755 463 984 516 Vespere
1017 449 1072 503 in
1107 465 1276 505 unum
1335 451 1550 507 collecti
1603 451 1805 507 ﬂebant
1835 492 1850 516 ,
1905 467 2028 506 cum

453 540 757 597 horrendas
788 541 1163 599 Sennacherib
1189 547 1367 601 minas
1420 545 1747 610 audissent,
1775 547 2030 600 timentes

453 651 513 690 se
541 637 768 706 jamjam
793 638 847 693 in
881 639 1231 696 inimicorum
1261 648 1590 710 potestatem
1624 647 1988 711 perventuros
2015 657 2027 691 :

449 736 503 781 et
535 744 692 782 mane
722 746 941 785 summo
963 733 1164 802 gaudio
1197 731 1374 788 aﬂ'ccti
1412 739 1542 788 sunt
1572 773 1588 794 ,
1619 732 1987 803 intelligentes
2013 775 2026 798 ,

449 819 594 885 ψιοά
643 835 704 873 ca
739 831 900 875 nocte
932 828 1013 874 tot
1054 820 1222 874 millia
1258 822 1500 876 hostium
1549 820 1786 876 fuissent
1833 821 1903 876 ab
1933 828 2032 875 an-

448 914 568 980 gelo
606 913 822 970 Domini
880 916 1228 986 interempta.
1279 915 1659 972 Demorabitur
1706 929 1833 969 vero
1864 956 1880 980 ,
1927 914 2030 969 hoc

448 1017 553 1065 cst,
585 1006 875 1062 habitabit.

527 1100 688 1152 Vens.
713 1101 763 1153 7.
802 1097 911 1170 Ego
934 1111 1111 1155 autem
1133 1101 1246 1154 dixi
1271 1101 1327 1155 iu
1351 1100 1686 1155 abundantia
1720 1116 1833 1153 mea
1861 1115 1877 1151 :
1905 1099 2028 1153 Non

448 1195 692 1245 movebar
721 1195 775 1245 in
794 1194 1069 1248 arculum.
1094 1194 1281 1249 Potest
1313 1192 1418 1248 hoc
1443 1200 1550 1247 tam
1581 1191 1834 1248 Ezechiae
1861 1205 2026 1262 quam

449 1285 609 1338 beato
647 1284 814 1338 David
843 1285 1271 1351 accommodari,
1298 1286 1390 1356 qui
1414 1286 1470 1340 in
1499 1297 1743 1354 tempore
1772 1285 2029 1340 secunde

447 1371 684 1428 fortuna:
710 1374 960 1429 arbitrati
997 1383 1128 1430 sunt
1167 1391 1287 1431 eam
1339 1375 1593 1431 stabilem
1634 1391 1852 1445 semper
1876 1374 2026 1430 futu-

450 1481 588 1530 ram,
613 1474 667 1521 et
688 1482 966 1537 nunquam
997 1469 1304 1525 adversam.
1336 1470 1442 1525 Per
1461 1469 1853 1525 abundantiam
1876 1469 2024 1524 enim

446 1560 650 1613 bonum
703 1573 766 1615 ac
799 1561 1011 1616 felicem
1050 1569 1256 1616 statum
1288 1561 1562 1632 intelligit,
1612 1570 1668 1616 et
1706 1577 1803 1632 per
1825 1563 2025 1616 motio-

446 1665 593 1713 nem,
621 1666 716 1706 seu
747 1651 1178 1718 fluctuationem,
1203 1655 1619 1710 conversionem
1643 1669 1678 1708 θ
1703 1653 2022 1710 stabilitate.

524 1745 686 1799 Vens.
723 1746 775 1800 8.
811 1746 1049 1813 Domine,
1087 1749 1139 1800 in
1179 1748 1449 1802 voluntate
1478 1756 1573 1801 tua
1604 1747 1910 1817 prmtitisti
1928 1746 2022 1801 de-

445 1839 552 1893 cori
584 1855 698 1893 mea
721 1842 1005 1904 potentiam
1026 1883 1040 1900 ,
1077 1842 1318 1894 avertisti
1353 1840 1543 1909 [etiam
1597 1852 1742 1893 tuam
1765 1857 1796 1893 a
1823 1857 1930 1903 me,
1973 1850 2024 1894 et

443 1933 620 2000 factus
651 1949 769 1987 sum
798 1932 1162 1987 conturbatus.
1209 1931 1287 1986 Ad
1343 1933 1562 1988 eosdem
1623 1939 1854 2001 possunt
1906 1933 2022 1988 haec

440 2028 608 2080 verba
641 2026 932 2094 pertinere.
971 2027 1123 2080 Illam
1147 2065 1161 2087 .
1199 2027 1377 2097 inquit
1402 2065 1419 2090 ,
1469 2027 1771 2098 potentiam
1795 2067 1808 2092 ,
1855 2040 2020 2097 quam

443 2117 795 2186 pulchritudo
822 2133 919 2174 seu
953 2119 1118 2173 decor
1151 2133 1308 2174 meus
1337 2128 1497 2174 antea
1541 2117 1774 2174 habebat
1803 2137 1820 2174 :
1869 2119 2019 2172 illam

441 2211 702 2267 nimirum
726 2211 1032 2266 claritatem
1068 2222 1234 2282 atque
1265 2212 1647 2267 excellentiam
1682 2212 1873 2282 regni,
1909 2223 2018 2265 non

441 2314 560 2356 mea
593 2314 696 2370 ego
724 2299 945 2363 virtute,
978 2309 1072 2355 aut
1101 2302 1236 2356 meis
1268 2301 1501 2362 meritis,
1549 2301 1649 2355 seri
1702 2308 1754 2356 te
1795 2301 1877 2357 sic
1925 2315 2021 2356 vo-

440 2393 584 2447 lente
609 2379 897 2448 habebam.
929 2393 1187 2448 Avertisti
1220 2403 1399 2448 autem
1432 2393 1827 2462 protectionem
1864 2402 2013 2448 tuam

439 2491 604 2550 a'me,
630 2494 853 2555 propter
886 2486 1348 2541 existimationem
1381 2501 1554 2541 meam
1579 2524 1596 2550 ,
1644 2495 1700 2542 et
1727 2486 1912 2541 statim
1961 2486 2016 2542 in

438 2577 834 2632 turbulentiam
866 2587 1029 2646 atque
1058 2579 1398 2633 calamitates
1437 2593 1627 2633 versus
1659 2593 1806 2632 sum.

515 2668 682 2724 Vens.
715 2670 768 2724 9.
812 2669 892 2721 Ad
947 2670 1277 2733 te,Domine,
1321 2670 1586 2724 clamabo.
1615 2670 1956 2726 Consecutus
1985 2685 2015 2724 a

437 2772 493 2817 te
508 2763 896 2832 tempestivum
919 2763 1203 2824 auxilium,
1232 2764 1297 2818 ad
1321 2773 1373 2817 te
1394 2764 1447 2817 in
1475 2763 2010 2819 l'uturnm'clamabo.

439 2853 622 2908 Utitur
671 2862 853 2907 autem
906 2853 1170 2923 propheta
1222 2868 1600 2923 saepenumero
1657 2855 1761 2909 hoc
1801 2855 2009 2921 verbo,

435 2946 656 3016 quando
681 2961 873 3016 preces
895 2962 959 3000 ex
992 2947 1184 3002 intimo
1207 2949 1440 3003 emissas
1471 2949 1636 3004 corde
1659 2949 1953 3019 signiﬁcat.

2133 456 2231 528 λὴν
2255 459 2349 513 τοῦ
2382 461 2725 535 Σεναχηρεὶμ
2751 465 2989 534 ἑσπέρας
3017 465 3393 534 συλλεγέντες.
3419 469 3508 520 καὶ
3531 468 3672 522 κλαύ-

2135 567 2350 618 σαντες,
2389 554 2464 620 ὠς
2500 557 2601 626 ἥδη
2639 559 3201 629 κατασχεθησόμενοι,
3235 558 3295 613 τὸ
3334 557 3477 628 πρωῒ
3527 563 3675 630 χαρᾶς

2131 647 2503 719 ἐπλήσθησαν,
2528 652 2618 705 διὰ
2646 652 2747 723 τῆς
2796 654 2986 717 νυκτὸς
3012 654 3268 723 ἀοράτως
3311 653 3674 722 ἀναιρεθεισῶν

2131 743 2242 795 τῶν
2264 745 2534 798 τοσούτων
2560 745 2786 799 ἐκείνων
2827 747 3103 816 χιλιάδων.
3141 744 3574 812 Αὐλισθήσεται
3609 744 3675 808 δὲ,

2130 838 2252 892 ἀντὶ
2279 839 2396 908 τοῦ,
2433 841 2678 912 σκηνώσε
2690 859 2728 898 ι.

2217 1113 2357 1184 Ἐγὼ
2385 1111 2454 1168 δὲ
2480 1112 2620 1170 εἶπα
2649 1113 2721 1168 ἐν
2754 1113 2828 1183 τῇ
2859 1113 3110 1182 εὐθηνὶςι
3136 1131 3258 1182 μου
3286 1129 3303 1143 ·
3339 1114 3421 1166 Οὐ
3454 1111 3535 1180 μὴ
3588 1127 3682 1166 a'a-

2129 1202 2329 1260 λευθῶ
2358 1205 2447 1272 εἷς
2474 1204 2579 1258 τὸν
2606 1203 2812 1258 αἰῶνα.
2841 1203 3014 1257 Τοῦτο
3066 1203 3193 1272 περὶ
3229 1202 3392 1255 Δαδίδ
3444 1202 3554 1254 ἐστι
3604 1203 3684 1255 καὶ

2143 1295 2409 1360 Ἐζεκίου,
2443 1298 2495 1349 οἳ
2520 1299 2580 1350 ὲν
2608 1299 2729 1361 ταῖς
2752 1295 3078 1369 εὐημερίαις
3105 1296 3310 1356 αὐτῶν,
3371 1291 3558 1364 ᾤοντο,
3617 1295 3682 1363 μὴ

2129 1387 2518 1458 δυσπραγῆσαί
2578 1406 2730 1445 ποτε.
2788 1389 3031 1460 Εὺθηνία
3091 1387 3188 1455 μὲν
3222 1387 3353 1454 γὰρ,
3399 1388 3432 1456 ἡ
3481 1385 3681 1451 εὐεξία·

2131 1479 2385 1542 σάλευσις
2407 1478 2486 1544 δὲ,
2510 1481 2544 1549 ἡ
2579 1478 2908 1551 παρατροπὴ
2932 1478 3028 1549 τῆς
3049 1477 3398 1539 εὐπαθείας.

2197 1752 2393 1820 Κύριε,
2423 1750 2494 1805 ἐν
2519 1749 2599 1817 τῷ
2630 1750 2919 1820 θελήματι
2949 1766 3068 1804 σου
3098 1747 3418 1816 παράσχου
3452 1745 3529 1809 τῷ
3555 1743 3690 1798 κάλ-

2124 1848 2217 1899 λει
2233 1861 2354 1914 μου
2379 1844 2657 1914 δύναμιν,
2703 1844 3096 1912 ἀπέστρεψας
3149 1843 3216 1896 δὲ
3269 1842 3336 1895 τὸ
3383 1838 3693 1908 πρόσωπόν

2125 1951 2267 2002 σου,
2298 1937 2394 1991 καὶ
2418 1937 2715 2006 ἐγενήθην
2743 1937 3201 2006 τεταραγμένος.
3235 1934 3372 2004 Περὶ
3392 1932 3502 1985 τῶν
3523 1928 3689 1984 αὐτῶν

2125 2030 2220 2082 καὶ
2241 2013 2420 2085 ταῦτα
2439 2047 2453 2061 ο
2482 2031 2628 2099 φησὶι
2650 2030 2779 2101 γὰρ,
2808 2031 2891 2084 δτι
2930 2030 3147 2099 Ἦνπερ
3188 2023 3301 2096 εἶχε
3350 2025 3580 2093 δυνάμιν
3637 2021 3693 2074 τὸ

2125 2121 2322 2185 κάλλος
2357 2138 2458 2192 μου
2483 2122 2774 2194 πρότερον,
2823 2123 2944 2192 ἦτοι
2973 2122 3006 2192 ἡ
3040 2120 3370 2190 λαμπρότης
3407 2117 3504 2170 καὶ
3543 2131 3691 2184 περι-

2124 2212 2323 2280 φάνεια
2350 2212 2450 2281 τῆς
2492 2211 2772 2284 βασιλείας
2828 2227 2953 2282 μου,
2998 2208 3092 2263 σοῦ
3151 2207 3482 2277 θελήσαντος
3535 2199 3692 2274 εἶχον,

2121 2305 2217 2358 καὶ
2255 2304 2356 2358 οὐκ
2375 2303 2433 2370 ἐξ
2465 2305 2606 2374 ἐμῆς
2630 2303 2853 2374 ἀρετῆς.
2891 2299 3279 2372 Ἀπέστρεψας
3317 2297 3428 2366 γὰρ
3457 2297 3553 2366 τὴν
3585 2295 3693 2346 ἐπι-

2123 2398 2337 2466 σκοπὴν
2359 2413 2453 2449 σου
2488 2395 2578 2451 διὰ
2606 2396 2704 2465 τὴν
2732 2397 2871 2467 ἐμήν
2899 2396 3100 2465 οἴησιν,
3129 2393 3222 2446 καὶ
3252 2390 3417 2453 εὐθὺς
3436 2387 3694 2458 ὲγινόμην

2119 2490 2180 2542 ἐν
2203 2488 2537 2561 Θορύόῳικαὶ
2559 2489 2839 2560 συμφορᾷ.

2191 2678 2346 2746 Πρὸς
2373 2675 2469 2737 σὲ.
2501 2675 2697 2742 Κύριε,
2716 2668 3099 2740 κεκράξομαι.
3127 2666 3453 2724 ’Δπολαύσω
3480 2665 3697 2735 ταχείας

2118 2772 2439 2843 ἐπικουρίας
2469 2787 2484 2801 ο
2518 2771 2656 2838 πρὸς
2698 2767 2756 2821 σὲ
2775 2767 2855 2828 είς
2877 2765 2938 2818 τὸ
2965 2763 3093 2834 ἑξῆς
3117 2759 3482 2832 κεκράξομαι.
3513 2761 3699 2829 Παραι

2115 2865 2384 2937 τηρητέον
2413 2864 2491 2925 δὲ,
2533 2864 2616 2916 ὅτι
2649 2861 2709 2915 τὸ
2737 2858 2985 2931 κράζειν,
3010 2857 3110 2910 καὶ
3156 2854 3420 2926 τδῐβοᾷν,
3461 2853 3556 2907 ἐπὶ
3592 2851 3696 2905 τῶν

2117 2960 2183 3012 ὲκ
2209 2957 2440 3028 καρδίας
2468 2955 2744 3024 δεομένων
2767 2952 2984 3021 τίθησιν
3013 2951 3046 3019 ἡ
3073 2948 3291 3018 Γραφή.

510 3038 580 3092 Et
608 3037 676 3092 ad
699 3038 867 3092 Deum
891 3054 1061 3091 meum
1112 3039 1451 3108 deprecabor.
1499 3039 1757 3094 Eamdem
1821 3040 2012 3111 repetit

2193 3049 2303 3105 Kal
2338 3049 2488 3117 πρὸς
2529 3048 2639 3102 τὸν
2670 3046 2822 3101 Θεόν
2864 3062 2987 3114 μου
3025 3041 3418 3110 δεηθήσομαι.
3460 3038 3537 3093 Τδ
3569 3033 3696 3090 αὗτδ

439 3131 792 3186 sententiam.
821 3129 936 3186 Vel.
967 3131 1112 3200 quod
1146 3147 1310 3202 supra
1340 3132 1438 3196 ait,
1465 3131 1546 3187 Ad
1579 3141 1649 3193 le,
1678 3131 1920 3196 Domine,
1945 3134 2012 3188 ad

438 3223 654 3277 Patrem
675 3223 881 3277 dictum
897 3232 1014 3277 est:
1037 3232 1090 3278 et
1106 3223 1251 3292 quod
1279 3239 1423 3278 nunc
1440 3224 1516 3278 ait
1537 3223 1608 3278 ad
1632 3223 1790 3278 Deum
1816 3240 2011 3287 meum,

435 3317 502 3371 ad
537 3315 736 3371 Filium
765 3318 1016 3386 pertinet.
1045 3317 1202 3372 [llum
1233 3327 1411 3373 autem
1444 3319 1586 3373 diem
1637 3319 2013 3390 praenuntiare

433 3408 570 3462 mihi
597 3408 813 3462 videtur
841 3407 1036 3465 beatus
1071 3407 1267 3471 David,
1304 3425 1410 3479 quo
1442 3409 1680 3466 Absalon
1714 3409 1859 3468 ﬁlius
1882 3425 2009 3465 eum

433 3511 756 3570 persecutus
785 3509 890 3567 εει,
930 3501 986 3553 in
1022 3516 1132 3571 qua
1168 3503 1549 3570 persecutione
1585 3501 1753 3558 Deum
1788 3504 2014 3559 invoca-

431 3598 512 3651 vit
545 3597 667 3652 :rel
718 3596 859 3649 diem
885 3596 1191 3665 illum,quo
1228 3595 1489 3651 Ezechias
1512 3596 1687 3651 factus
1710 3605 1793 3653 est
1815 3598 2014 3652 certior

435 3703 533 3755 per
560 3685 889 3753 PrOphetam
914 3727 930 3750 ,
963 3685 1107 3755 quod
1137 3687 1387 3755 sequenti
1420 3686 1511 3742 die
1563 3687 1614 3742 ei
1666 3688 2008 3743 moriendum

428 3784 570 3839 erat,
595 3791 703 3842 quo
736 3774 948 3838 audito,
980 3775 1164 3828 statim
1192 3773 1301 3828 Deo
1331 3789 1428 3843 pro
1451 3774 1561 3828 vita
1595 3789 1697 3828 sua
1729 3776 2010 3846 supplica-

430 3869 532 3925 vit.
570 3867 852 3930 Clamaho,
889 3868 1089 3937 inquit,
1125 3876 1181 3922 et
1223 3867 1485 3935 precabor
1521 3866 1601 3921 sic
1636 3866 1862 3921 dicens:

500 3958 669 4011 Vens.
694 3957 779 4012 10.
814 3958 944 4024 Qua:
971 3958 1177 4011 utilitas
1211 3959 1263 4010 in
1305 3959 1567 4028 sanguine
1595 3973 1707 4012 meo
1756 3959 1880 4011 dum
1916 3958 2010 4012 de-

429 4054 619 4106 scendo
655 4052 707 4103 in
736 4049 1165 4118 corruptionem?
1202 4049 1301 4105 Per
1333 4050 1652 4121 sanguinem
1678 4092 1692 4116 ,
1733 4052 2007 4120 propriam

430 4159 651 4199 carnem
684 4143 962 4214 intelligit,
992 4157 1114 4213 qua:
1140 4144 1406 4210 sanguine
1429 4151 1684 4197 concreta
1711 4152 1812 4198 est.
1844 4142 2005 4209 Qua:-

429 4251 581 4303 nam,
616 4239 816 4306 inquit,
847 4244 932 4292 est
968 4235 1177 4290 utilitas
1208 4235 1258 4290 in
1292 4251 1457 4292 carne
1509 4251 1628 4291 mea
1658 4277 1673 4302 ,
1725 4237 1799 4289 ita
1850 4246 2005 4293 aucta

427 4337 590 4399 atque
616 4338 832 4394 ornata,
858 4330 904 4383 si
935 4329 1002 4383 ad
1025 4329 1477 4398 putrefactionem
1503 4328 1835 4384 deventurus
1857 4330 2010 4385 sum?

2121 3143 2425 3200 κάνταῦθα.
2454 3143 2527 3196 Ἢ
2549 3141 2702 3209 πρὸς
2733 3140 2794 3194 σὲ
2819 3140 2942 3208 μὲν,
2971 3137 3059 3191 διὰ
3107 3136 3200 3189 τὸν
3233 3133 3458 3204 Πατέρα
3497 3148 3513 3163 ο
3546 3129 3694 3198 πρὸς

2117 3239 2228 3293 τὸν
2251 3238 2402 3292 Θεόν
2432 3252 2553 3306 μου
2579 3234 2660 3299 δὲ,
2690 3232 2781 3287 διὰ
2809 3231 2902 3286 τὸν
2932 3230 3084 3285 Υίόν.
3118 3229 3304 3282 Ἐοικε
3330 3227 3387 3281 δὲ
3421 3238 3698 3297 προσαγομ-

2119 3328 2300 3399 ρεύειν
2327 3326 2425 3397 τὴν
2442 3326 2661 3397 ἡμέραν
2679 3323 2803 3379 καθ’
2831 3324 2898 3396 ἦν
2917 3316 3082 3385 αὐτὸς
3107 3322 3136 3376 ὁ
3170 3318 3494 3388 Ἀὅεσαλὼμ
3514 3316 3699 3371 ἐδίωκε

2115 3422 2210 3476 τὸν
2245 3420 2406 3474 Δαόίδ
2431 3437 2444 3450 ·
2485 3417 2814 3489 διωκόμενος
2853 3416 2963 3487 γὰρ
2989 3408 3163 3480 οὗτος,
3204 3411 3583 3467 ἐπεκαλέσατο
3612 3408 3698 3462 τδν

2117 3512 2280 3568 Δαϐίδ
2305 3526 2319 3540 ⁸
2347 3513 2380 3585 ἢ
2408 3511 2532 3565 καθ’
2563 3511 2632 3580 ἢν
2681 3508 2930 3572 Ἐζεκίας
2977 3506 3417 3579 πληροφορηθεὶς
3469 3504 3561 3558 διὰ
3607 3499 3696 3555 τοῦ

2116 3604 2401 3674 προφήτου
2455 3603 2538 3656 ὅτι
2581 3598 2772 3671 αὔριον
2821 3594 3204 3664 ἀποθανεῖται,
3276 3591 3562 3650 ἱκέτευσεν
3608 3592 3699 3645 τὸν

2115 3698 2322 3768 Κύριον
2349 3697 2478 3766 περὶ
2508 3695 2610 3766 τῆς
2654 3693 2851 3748 ἑαυτοῦ
2904 3692 3075 3762 ζωῆς.
3098 3690 3483 3763 Κεκράξομαι,
3540 3685 3708 3756 φησι,

2116 3792 2211 3844 καὶ
2245 3790 2606 3861 δεηθήσομαι,
2638 3788 2817 3857 λέγων
2859 3786 3053 3849 οὕτως’

2191 3974 2286 4040 Τίς
2318 3973 2575 4042 ὠφέλεια
2597 3971 2666 4026 ἐν
2702 3969 2782 4036 τῷ
2812 3969 3018 4041 αἵματί
3044 3985 3185 4040 μου,
3210 3969 3282 4022 ἐν
3307 3963 3387 4035 τῷ
3415 3962 3697 4020 καταϐαί-

2113 4084 2242 4122 νειν
2265 4080 2340 4136 με
2376 4069 2464 4132 εις
2494 4062 2866 4134 διαφθοράν;
2919 4057 3070 4131 Αἷμα
3107 4059 3394 4129 λέγει.τὴν
3459 4058 3647 4129 σάρκα
3678 4067 3698 4087 ο

2113 4163 2148 4231 ἡ
2209 4160 2344 4231 σὰρξ
2403 4161 2532 4229 γὰρ,
2595 4151 2736 4226 αἷμα
2795 4155 3046 4225 πεπηγός
3106 4156 3247 4208 ἐστι.
3305 4150 3467 4216 Ποία,
3501 4148 3696 4220 φησιν,

2111 4254 2350 4321 ὠφέλεια
2381 4251 2629 4321 τῇ⁶σαρκί
2658 4267 2783 4319 μου,
2815 4248 2987 4311 οὕτως
3017 4245 3337 4317 αὐξηθείσῃ.
3371 4242 3497 4296 ιπεὶ
3521 4255 3696 4295 κατα·-

2112 4343 2278 4414 6ῆναι
2311 4341 2491 4411 μέλλω
2518 4341 2600 4402 εἰς
2629 4340 2812 4410 σῆψιν.
2847 4339 3108 4408 ’Δμεινον
3159 4336 3269 4404 γὰρ
3314 4333 3450 4404 μηδὲ
3492 4347 3696 4401 γεννη-

428 4423 606 4477 satius
640 4429 783 4477 esset
821 4435 1101 4490 nunquam
1133 4429 1319 4474 natmn
1344 4420 1535 4477 fuisse.
1571 4420 1832 4476 Naturam
1856 4422 1999 4476 enim

2121 4433 2274 4505 θῆναι
2307 4451 2397 4502 με.
2431 4430 2688 4496 Φαυλίζει
2717 4430 2775 4484 δὲ
2806 4430 2908 4500 τὴν
2939 4429 3127 4500 φύσιν,
3152 4427 3229 4490 ὡς
3262 4426 3566 4497 ἐπίκηρον,
3598 4423 3697 4477 καὶ

427 4516 724 4567 humanam
756 4512 1040 4581 vilipcudit
1067 4511 1337 4582 Propheta
1385 4514 1488 4569 hoc
1540 4513 1592 4568 in
1645 4515 1766 4568 loco
1792 4555 1807 4577 ,
1843 4512 2001 4582 quasi

427 4605 712 4659 mortalem
761 4615 819 4686 et
869 4604 1020 4660 brevi
1091 4605 1540 4675 exstinguendam
1597 4623 1609 4657 :
1674 4605 1817 4660 unde
1875 4604 2002 4660 alihi

426 4699 589 4754 etiam
616 4700 690 4754 ait
725 4715 740 4753 :
787 4698 955 4752 Homo
979 4699 1204 4751 vanitati
1236 4697 1428 4752 similis
1461 4698 1635 4766 factus
1657 4708 1753 4752 est.

497 4791 755 4862 Nunquid
775 4791 1119 4859 conﬁtebitur
1153 4791 1250 4842 tibi
1292 4791 1487 4857 pluuia,
1525 4800 1619 4845 aut
1660 4797 2003 4851 annuntiabit

424 4885 698 4936 veritatem
758 4884 947 4937 tuam?
999 4880 1175 4937 Verba
1227 4883 1430 4938 similia
1486 4884 1597 4940 illis
1651 4895 1781 4941 sunt
1823 4905 1836 4941 :
1875 4887 1999 4943 Non

426 4974 624 5028 mortui
691 4973 988 5026 laudabunt
1041 4983 1111 5035 te,
1167 4972 1411 5037 Domine,
1465 4990 1625 5042 neque
1684 4993 1862 5032 omnes
1911 4981 2004 5048 qui

423 5064 743 5118 descendunt
776 5065 831 5118 in
867 5064 1166 5130 infernum;
1189 5064 1280 5118 sed
1307 5081 1399 5118 nos
1426 5067 1517 5136 qui
1541 5067 1760 5122 vivimus
1784 5070 1999 5125 benedi-

423 5171 597 5209 cemus
635 5153 861 5208 Domino
895 5154 961 5209 ⁸⁸.
994 5154 1194 5210 Fidens
1220 5155 1365 5210 enim
1410 5158 1464 5210 in
1491 5171 1703 5213 summa
1755 5159 1849 5216 Dei
1903 5179 1998 5232 pa-

424 5243 615 5297 tientia
675 5259 738 5298 ac
790 5244 1204 5314 longanimitate
1247 5260 1469 5301 causam
1524 5264 1677 5302 suam
1731 5250 1998 5318 justiticat

423 5333 614 5388 dicens
651 5351 663 5385 :
704 5333 960 5405 Nunquid
994 5335 1169 5402 pulvis
1220 5336 1332 5402 ille,
1368 5337 1422 5392 in
1449 5354 1610 5408 quem
1659 5356 1760 5412 ego
1815 5347 1994 5400 resol.

498 5515 541 5544 ⁸⁸
572 5512 715 5570 Psal.
755 5531 945 5580 cum,
983 5518 1035 5572 4.
1099 5519 1138 5550 ³⁸
1167 5519 1311 5574 l’sal.
1354 5535 1510 5587 cxm,
1543 5522 1628 5576 t7.

2107 4525 2493 4596 ὀλιγοχρόνιον.
2544 4525 2884 4591 Ἀνθρωπος
2923 4519 3057 4592 γὰρ,
3118 4520 3277 4589 φησὶ,
3335 4516 3696 4588 ματαιότητι

2108 4619 2397 4686 ὡμοιώθη.

2179 4801 2276 4870 Μὴ
2346 4799 2858 4871 ἐξομολογήσεται
2901 4813 3001 4854 σοι
3057 4797 3226 4868 χοῦς,
3276 4796 3315 4864 ἢ
3371 4793 3696 4866 ἀναγγελεῖ

2113 4894 2230 4962 τὴν
2256 4892 2545 4960 ἀλήθειάν
2563 4907 2719 4956 σου;
2743 4893 2947 4962 Ὅμοια
2974 4891 3148 4946 ταῦτα
3167 4890 3244 4960 τῷ
3267 4905 3281 4922 ο
3313 4889 3460 4957 Οὐχὶ
3487 4885 3695 4956 νεκροὶ

2112 4985 2432 5039 αινέσουσί
2459 4998 2552 5049 σε,
2585 4984 2784 5052 Κύριε,
2834 4980 2980 5038 οὐδὲ
3023 4982 3250 5048 πάντες
3307 4984 3364 5038 οἱ
3407 4978 3694 5034 καταϐαι-

2109 5091 2320 5141 romae
2344 5075 2431 5141 εἰς
2456 5074 2630 5141 ᾅδην-ο
2650 5074 2787 5129 ἀλλ’
2813 5073 3004 5144 ἡμεῖς,
3034 5076 3087 5128 οι
3144 5072 3375 5137 ζῶντες,
3435 5067 3693 5138 solarii-

2108 5185 2298 5237 σομεν
2325 5168 2429 5220 τὸν
2462 5168 2701 5235 Κύριον.
2735 5166 2968 5238 Θαρῤῶν
2993 5165 3103 5236 γὰρ
3135 5168 3201 5236 τῇ
3226 5162 3551 5234 ἀνεξικακίᾳ
3593 5159 3692 5213 τοῦ

2105 5261 2265 5326 Θεοῦ,
2299 5261 2741 5329 δικαιολογεῖται,
2767 5259 2944 5328 λέγων
2970 5276 2984 5291 ⁶
3028 5256 3176 5329 *Δρα
3225 5257 3619 5329 εὐχαριστήσει
3663 5257 3692 5308 ὁ

2106 5351 2255 5422 χοῦς,
2281 5355 2358 5416 εἰς
2386 5352 2444 5406 ὃν
2470 5351 2802 5425 ἀναλωθῆναι
2857 5353 3186 5420 κινδυνεὺως
3229 5350 3262 5422 ἢ
3296 5349 3498 5415 διδάξει
3559 5347 3692 5409 τοὺς

1750 5615 1953 5678 Variae
1991 5615 2321 5682 lectiones.

496 5708 606 5772 (U9)
631 5710 716 5763 2'0'.
752 5713 1006 5782 ἀπειλῆς.
