4068 6276
220 300 318 363 345

1348 306 1745 374 COMMENT.
1786 308 1872 370 IN
1909 310 2272 376 PSALMOS.

3347 315 3456 381 3%

214 408 549 503 ἁγνοούντας,
577 409 664 465 ὅτι
692 411 758 466 σὺ
777 412 998 483 ἀληθῶς
1024 412 1180 480 Θεὸς,
1222 415 1255 486 ἢ
1282 416 1364 470 ὅτι
1413 417 1651 488 ἀληθής
1707 418 1763 472 Ti

1882 425 2097 481 veudus
2122 443 2270 492 sum,
2303 431 2510 499 gratias
2534 431 2833 503 aliquando
2865 431 2963 488 tibi
2998 427 3167 502 aget?
3197 425 3456 498 Nunquid

214 501 330 569 μὲν,
357 499 431 572 (l)
466 502 577 557 τῶν
605 503 785 559 ἄλλων
806 505 944 560 θεῶν
973 507 1188 576 ψευδῶν
1214 507 1385 563 ὄντων
1413 527 1426 541 ·
1484 511 1547 564 τὸ
1588 511 1668 576 δὲ,
1698 512 1772 576 ὡς

213 594 536 664 πληροῦντός
573 613 669 650 σου
693 597 764 650 τὰ
804 600 1215 670 ἐπηγγελμένα.
1269 603 1492 658 Βέλτιον
1543 601 1639 658 οὖν
1691 604 1772 658 ἔτι

209 684 303 754 ζῇν
335 703 423 754 με,
457 690 508 742 si
529 688 626 742 καὶ
657 688 734 762 μὴ
748 690 821 744 δι’
843 691 969 761 ἐμὲ,
1003 691 1119 746 ἀλλ’
1146 695 1235 748 ἵνα
1262 694 1530 766 δοξολογῶ
1577 713 1638 750 σε
1677 698 1772 753 καὶ

209 775 374 847 ὑμνῶ,
405 778 502 833 καὶ
527 781 786 851 κηρύττω
813 782 914 855 τὴν
937 784 1198 855 ἀλήθειάν
1229 804 1348 844 σου.

1880 518 2063 571 etiam‘
2090 518 2203 584 ille,
2235 521 2552 592 ignorantes
2590 526 2832 588 docebit.
2859 525 3003 596 quod
3031 539 3159 579 vere
3197 538 3262 576 ac
3291 537 3459 575 verax

1881 607 2030 665 Deus
2060 612 2160 666 es?
2191 629 2316 669 vere
2357 617 2580 684 quidem
2609 618 2768 689 quasi
2801 617 2998 688 reliqui
3022 616 3116 670 Dei
3167 615 3289 670 falsi
3325 614 3458 677 sint,

1881 701 2113 758 alterum
2176 721 2307 761 vero
2361 719 2422 762 ut
2457 708 2636 778 jussa,
2669 725 2736 766 ac
2783 709 3037 764 mandata
3070 718 3159 761 tua
3191 705 3456 777 perficiat.

1880 791 2074 852 Melius
2121 808 2209 853 est
2256 799 2425 872 igitur
2449 813 2510 856 ut
2541 804 2723 858 adhuc
2753 804 3007 873 praesenti
3057 803 3165 855 vita
3208 800 3382 861 fruar,
3413 798 3456 852 si

209 874 276 926 ob
316 873 516 928 nullam
567 876 839 969 privatam
908 881 1015 934 mei
1075 880 1252 947 ipsius
1298 882 1594 949 rationem,
1628 884 1824 941 saltem
1854 887 1928 943 ob
1959 889 2110 946 illam
2141 893 2232 947 vel
2281 896 2539 964 maxime,
2587 909 2645 953 ut
2673 897 2974 969 glorificem
3001 905 3076 961 te,
3107 905 3163 950 et
3220 895 3460 951 laudem.

209 971 364 1034 atque
390 972 447 1019 ut
471 966 758 1022 veritatem
785 977 932 1022 tuam
961 969 1276 1041 pra-dicem.

276 1056 536 1110 Ἤκουσε
576 1059 794 1127 Κύριος
818 1101 835 1120 .
873 1061 976 1117 και
1009 1061 1240 1131 ἠλέησέ
1293 1080 1392 1133 με.
1439 1064 1779 1135 Δῑσθόμενος

206 1147 302 1219 τῆς
331 1149 632 1221 μελλούσης
663 1151 940 1224 βοηθείας,
961 1156 1051 1224 ζὼς
1095 1156 1197 1228 ἤδη
1248 1158 1561 1226 γεγονυίας,
1606 1159 1778 1231 αὐτὴν

204 1242 485 1313 διηγεῖται.
520 1245 796 1300 Ἤκουσεν
829 1247 930 1317 τῆς
979 1249 1124 1319 ἐμῆς
1172 1254 1458 1322 κραυγῆς.
1506 1255 1775 1318 τουτέστι,

204 1337 513 1408 «meum
539 1355 644 1408 μου
683 1338 784 1410 τὴν
809 1339 996 1414 δέησιν
1020 1358 1036 1374 ·
1065 1344 1117 1397 oi
1149 1343 1258 1414 γὰρ
1286 1343 1366 1416 μὴ
1397 1345 1781 1418 προσιέμενοι,

205 1428 310 1482 οὐδ’
328 1428 549 1484 ἀκούειν
571 1431 878 1504 ἀνέχονται.

266 1611 478 1678 Κύριος
506 1611 762 1683 ἐγενήθη
795 1613 1026 1681 ,ϐοηθός
1055 1617 1481 1686 nominatim;
1516 1620 1772 1692 ἠλέησεν,

199 1702 291 1756 καὶ
321 1704 573 1774 ἐλεήσας,
597 1705 864 1777 ὲόοηθησέ
889 1725 1002 1780 μοι,
1031 1711 1339 1780 ῥυσάμενος
1366 1713 1433 1767 ἐκ
1477 1712 1574 1768 τοῦ
1616 1731 1773 1787 τηνι-

199 1793 367 1847 καῦτα
398 1794 658 1851 θανάτου.

269 1886 612 1957 Ἔστρεψας
630 1889 750 1969 ,τὸν
771 1894 1029 1947 κοπετόν
1055 1909 1178 1963 μου
1202 1896 1291 1961 εις
1320 1885 1544 1964 ‘xapa'r.
1590 1896 1771 1950 Κοπτ-

1952 1069 2120 1128 Vns.
2155 1074 2241 1131 ιι.
2276 1077 2493 1132 Audirit
2526 1077 2786 1134 Dominus
2814 1087 2865 1133 et
2916 1079 3167 1132 misertus
3208 1088 3285 1132 est
3332 1078 3457 1130 mei-

1875 1160 2195 1221 vaidens
2223 1166 2492 1236 Propheta
2524 1171 2842 1225 adfuturum
2871 1172 2977 1227 sibi
3015 1171 3265 1226 divinum
3293 1168 3460 1223 auxi-

1877 1255 2037 1319 lium,
2062 1259 2193 1312 illud
2227 1270 2418 1316 narrat
2462 1272 2524 1317 ut
2548 1263 2663 1334 jam
2706 1265 3013 1334 prastitum
3042 1264 3323 1330 :Audivit,
3373 1265 3456 1317 in-

1876 1348 2021 1418 quit,
2063 1352 2367 1408 clamorem
2400 1369 2606 1420 meum,
2671 1357 2778 1412 boc
2828 1366 2935 1424 est,
2982 1357 3223 1413 Admisit
3252 1356 3458 1411 oratio-

1875 1454 2001 1494 nem
2035 1455 2237 1496 meam.
2268 1443 2404 1498 Nam
2429 1446 2523 1516 qui
2554 1461 2664 1502 non
2697 1447 3092 1515 admittuntur,
3134 1446 3313 1501 audiri
3346 1462 3456 1501 non

1875 1544 2130 1603 possunt.

1945 1625 2207 1683 Dominus
2235 1631 2411 1698 factus
2440 1641 2519 1687 est
2546 1631 2762 1702 adjutor
2792 1649 2956 1687 meus.
2989 1632 3228 1687 Audiens
3259 1633 3458 1686 miscr-

1875 1726 1967 1776 tus
1996 1730 2102 1784 est,
2129 1730 2183 1777 et
2212 1724 2424 1794 adju‘vit
2451 1741 2559 1790 me,
2599 1727 2841 1797 eripiens
2871 1742 2899 1780 a
2929 1736 3125 1790 morte,
3170 1741 3292 1796 qua:
3325 1735 3456 1780 tunc

1875 1812 2251 1882 impendebat.

1948 1906 2117 1961 Vsus.
2160 1909 2246 1962 12.
2289 1909 2607 1966 Convertiin
2633 1912 2900 1982 planctum
2924 1927 3098 1966 meum
3118 1912 3174 1964 in
3198 1910 3454 1979 gaudium

195 1975 282 2041 τός
306 1979 421 2055 ἐστι
450 1979 512 2032 τὸ
544 1981 766 2054 θρηνεῖν
792 1987 886 2040 καὶ
932 1986 992 2040 τὸ
1037 1987 1269 2041 τύπτειν
1315 1987 1378 2042 τὸ
1440 1987 1639 2060 στῆθος
1676 1990 1763 2043 καὶ

1877 1995 2027 2049 mihi.
2064 1997 2330 2070 Plangere
2355 2001 2498 2055 idem
2527 1975 2790 2072 estquod
2816 2003 3024 2073 lugere,
3056 2015 3119 2054 ac
3153 1975 3324 2069 genas
3359 2013 3454 2068 pe-

195 2072 290 2135 τὰς
322 2074 557 2146 παρειάς
579 2093 594 2106 ·
620 2077 821 2131 κόπτω
855 2077 963 2150 γὰρ
998 2078 1064 2131 τὸ
1092 2081 1316 2135 τύπτω.
1354 2078 1645 2152 Ἐνήλλαξε
1673 2083 1772 2154 τὴν

193 2164 362 2236 λύπην
394 2185 502 2237 μου
536 2169 618 2232 εἰς
643 2171 841 2240 χαράν.

1871 2096 2104 2157 ctusque
2165 2101 2476 2160 percutere.
2543 2093 2782 2149 Verbum
2835 2095 2978 2149 enim
3032 2094 3251 2162 plango,
3310 2090 3455 2144 unde

1869 2178 2055 2249 plaga.
2105 2181 2248 2237 idem
2306 2185 2611 2256 significat,
2660 2187 2806 2257 quod
2851 2186 2996 2242 credo
3043 2201 3139 2241 seu
3193 2183 3450 2252 percutio.

197 2256 469 2326 [Eamdem
494 2260 642 2316 enim
679 2263 1063 2336 etymologiam
1097 2273 1284 2320 servat
1315 2263 1512 2320 Graeca
1535 2261 1755 2335 dictio.]
1793 2264 2169 2343 Commutavit
2204 2273 2389 2343 itaque
2425 2274 2636 2330 luctum
2674 2256 2739 2329 ac
2777 2290 3068 2331 maerorem
3137 2288 3320 2328 meum
3395 2271 3451 2325 in

193 2350 446 2411 laetitiam.

253 2447 583 2519 Διέρῤηξας
605 2450 713 2505 τὸν
740 2451 979 2508 σάκκον
996 2472 1138 2525 μου,
1169 2455 1270 2509 καὶ
1293 2450 1668 2522 περιέζωσάς
1691 2470 1769 2521 με

185 2541 595 2611 εὐφροσύνην.
638 2543 698 2599 ’0
725 2546 951 2611 σάκκος,
993 2546 1284 2618 μετανοίας
1311 2543 1378 2619 ἦν
1423 2548 1518 2601 καὶ
1572 2563 1768 2600 ταπει-

185 2631 399 2698 νώσεως
426 2635 702 2704 σύμϐολον
734 2654 749 2669 ο
777 2639 827 2691 οἱ
857 2640 960 2711 γὰρ
988 2639 1202 2713 μεγάλῃ
1230 2641 1324 2694 καὶ
1353 2641 1766 2710 ἀπαρηγορήτῳ

186 2729 440 2798 συμφορᾷ
473 2732 897 2800 περιπεσόντες,
941 2734 1146 2788 σάκκον
1192 2733 1632 2805 περιεϐάλλοντο,
1671 2735 1767 2788 καὶ

184 2819 376 2873 σποδὸν
407 2821 513 2890 τῆς
551 2823 796 2894 κεφαλῆς
815 2824 1162 2880 κατέπασσον
1187 2842 1200 2858 ·
1231 2827 1321 2879 ὅτε
1369 2826 1426 2879 δὲ
1477 2826 1764 2896 ὲψυχαγω-

182 2908 394 2978 γοῦντο,
443 2912 886 2984 περιρρήξαντες
941 2915 1125 2980 αὑτὸν,
1186 2914 1528 2986 εὐφροσύνης
1575 2913 1766 2984 ἱμάτια

181 3002 664 3071 περιεζωννύοντο.
703 3005 1045 3073 Διέῤῥηξας,
1069 3006 1190 3060 ἀντὶ
1215 3008 1332 3073 τοῦ,
1370 3007 1658 3074 Ἐξέδυσας
1701 3004 1765 3058 τὸ

182 3093 374 3158 πένθος
411 3111 428 3131 ο
463 3094 838 3164 Περιέζωσας
863 3097 942 3166 δὲ,
974 3097 1276 3167 τουτέστιν,
1334 3099 1624 3171 ἡμφίασας
1676 3096 1766 3150 εύ-

179 3202 476 3259 φροσυνην.

1944 2452 2270 2510 Canscidisti
2304 2470 2518 2510 saccum
2548 2469 2741 2521 meum,
2774 2463 2823 2507 et
2847 2452 3175 2522 pt-wcinxistt
3210 2466 3288 2502 me
3314 2449 3453 2503 (teti-

1873 2549 1972 2602 tia.
2009 2548 2240 2612 Saccus,
2269 2547 2634 2618 paenitentiae,
2669 2557 2835 2616 atque
2868 2543 3196 2598 humilitatis
3225 2545 3445 2612 signum

1871 2648 2015 2697 erat.
2057 2639 2234 2694 Sacco
2264 2640 2410 2695 enim
2447 2641 2598 2694 indui
2651 2640 2925 2704 solebant,
2959 2651 3013 2691 et
3047 2638 3234 2691 cinere
3286 2647 3454 2706 caput

1870 2733 2114 2804 aspergi,
2145 2733 2192 2788 sl
2224 2733 2452 2802 quando
2489 2734 2543 2787 in
2603 2737 2896 2785 maximam
2932 2741 3096 2801 atque
3139 2729 3449 2782 inconsola-

1869 2827 2037 2882 bilem
2070 2826 2439 2881 calamitatem
2471 2825 2802 2890 inciderent,
2833 2831 2888 2877 et
2928 2834 3185 2878 cessante
3227 2822 3446 2876 demum

1869 2917 2179 2974 calamitate
2203 2917 2492 2984 consolati,
2527 2931 2751 2972 saccum
2786 2915 3136 2976 scindebant,
3166 2921 3219 2968 et
3247 2913 3451 2967 lmtitize

1869 3009 2115 3065 vestibus
2169 3008 2558 3064 induebantnr.
2592 3007 2913 3063 Conrcidisti
2957 3007 3142 3078 itaque
3210 3021 3446 3064 saccum,

1868 3101 1976 3158 hoc
2005 3111 2110 3168 est,
2139 3100 2314 3156 Luctu
2344 3117 2434 3156 me
2474 3100 2720 3168 exuisti;
2765 3110 2814 3155 et
2843 3099 3176 3155 orazcinxisti
3199 3113 3299 3163 me,
3342 3097 3448 3150 hoc

1869 3204 1978 3259 est,
2013 3195 2243 3251 induisti
2271 3194 2544 3249 laetitiam.

247 3277 453 3348 ὀπως
482 3280 566 3336 ἂν
591 3281 764 3352 ψὰλῃ
797 3299 897 3340 σοι
931 3284 970 3352 ἡ
1011 3285 1162 3351 δόξα
1177 3304 1318 3356 μου.
1368 3289 1489 3342 Ἵνα
1549 3287 1762 3361 ἀνυμνῇ

1941 3286 2110 3344 Vens.
2137 3289 2226 3344 15.
2264 3285 2335 3341 Ut
2366 3293 2543 3340 cantet
2564 3286 2661 3340 tibi
2685 3286 2861 3356 gloria
2889 3302 3024 3340 mea.
3062 3282 3131 3340 Ut
3160 3283 3269 3337 vita
3301 3297 3442 3338 mea.

179 3387 239 3423 σε
277 3371 312 3438 ἡ
361 3372 739 3444 δεδοξασμένῃ
779 3376 893 3448 ζωή
944 3395 1048 3448 μου
1075 3396 1090 3409 ο
1141 3378 1504 3450 δεδοξασμένη
1541 3380 1620 3444 δὲ,
1674 3381 1764 3435 διὰ

177 3464 273 3536 τὴν
307 3464 465 3536 παρὰ
498 3467 597 3519 σοῦ
630 3466 904 3538 βοήθειαν.
940 3472 1009 3524 Ἦ
1042 3473 1136 3526 καὶ
1178 3472 1373 3537 ἄλλως,
1406 3473 1566 3538 δόξαν
1608 3473 1762 3540 λέγει

177 3557 266 3704 ἑὸν
306 3558 458 3625 νοῦν,
495 3553 548 3629 ᾧ
575 3561 918 3634 τετιμήμεθα
948 3562 1037 3618 διὰ
1078 3563 1141 3617 τὸ
1205 3565 1327 3619 κατ’
1385 3565 1572 3621 εἰκόνα
1622 3560 1762 3621 εἶναι

221 3669 329 3704 sou.

221 3669 329 3708 εου.

238 3836 347 3892 Kal
371 3838 449 3892 οὑ
484 3837 582 3908 μὴ
609 3839 939 3909 κατανυγῶ.
965 3840 1112 3895 Ἀντὶ
1149 3841 1266 3906 τοῦ,
1318 3844 1400 3899 οὐ
1445 3843 1531 3913 μὴ
1583 3861 1762 3900 arara-

169 3928 349 3999 νυγῶ,
385 3932 472 3984 Οὐ
493 3930 590 3998 μὴ
610 3931 851 4000 σιτήσω
872 3934 1222 4004 ήρμήνευσεν
1252 3937 1278 3989 ό
1308 3935 1608 4008 Σύμμαχος
1630 3954 1644 3969 θ
1693 3939 1760 3992 ὲκ

171 4021 264 4074 τοῦ
293 4023 726 4094 προηγουμένου
756 4018 851 4076 οὖν
875 4023 935 4077 τὸ
964 4025 1232 4092 ἑπόμενον
1275 4024 1520 4098 ἐδηλώθη
1556 4045 1571 4060 ·
1622 4029 1757 4083 Em-

170 4134 256 4172 ται
287 4119 397 4187 γὰρ
445 4121 516 4190 τῇ
551 4118 850 4182 κατανύξει
875 4119 1024 4191 σιγή.
1056 4120 1148 4187 Ἦ,
1179 4122 1264 4174 Οὐ
1308 4120 1396 4191 μὴ
1421 4121 1756 4193 natae-mai,

170 4206 290 4258 ἀντὶ
309 4207 428 4270 τοῦ,
466 4208 544 4262 Οὐ
594 4207 671 4278 μὴ
707 4208 1014 4282 ἀμαρτήσω
1047 4210 1148 4276 ἔτι,
1194 4211 1272 4277 ὠς
1326 4212 1616 4286 δηλοῦσθαι
1666 4216 1759 4270 διὰ

167 4296 262 4350 τοῦ
296 4300 577 4370 ἑπομένου
613 4299 677 4354 τὸ
719 4301 1138 4376 προηγούμενον
1165 4321 1178 4336 ·
1239 4302 1432 4361 ἕπεται
1480 4308 1590 4378 γὰρ
1644 4311 1758 4373 τοῖς

170 4388 556 4458 ἁμαρτάνουσι
587 4394 906 4459 κατάνυξις.

233 4485 415 4550 Κύριε
435 4487 470 4538 ό
504 4484 655 4551 Θεός
672 4499 815 4554 μου,
843 4489 930 4554 εις
955 4486 1064 4542 τὸν
1093 4487 1278 4544 citima
1308 4489 1756 4562 ἐξομολογήσο·

164 4577 269 4642 μαι
301 4591 426 4632 σοι.
466 4576 588 4630 Ἀεὶ
626 4579 1030 4651 εὐχαριστήσω,
1058 4580 1137 4646 ὡς
1171 4582 1432 4654 τοιαύτης
1477 4601 1546 4656 με
1573 4600 1753 4656 σωτη-

172 4665 288 4734 ρίας
325 4667 658 4734 ἀξιώσαντι.
688 4671 795 4724 Καὶ
829 4670 1006 4736 ἄλλως
1032 4673 1140 4744 γάρ
1178 4691 1192 4706 ·
1225 4677 1304 4730 Δι’
1334 4676 1457 4730 δλου
1486 4675 1582 4731 τοῦ
1608 4693 1751 4746 παρ-

168 4759 316 4824 όντος
361 4761 571 4826 αἰῶνος
622 4762 1011 4835 εὐχαριστήσει
1070 4767 1240 4838 αὐτῷ.
1279 4772 1396 4834 τοῖς
1458 4771 1750 4844 ἡμετέροις

171 4851 401 4920 στόμασι
426 4849 744 4922 χρώμενος,
771 4855 960 4920 ὁσάκις
981 4855 1185 4928 ᾄδομεν
1213 4861 1308 4912 τὸν
1334 4859 1571 4932 ψαλμόν.

232 5129 332 5196 Ek
365 5129 434 5184 τὸ
459 5128 641 5196 τέλος
685 5131 933 5200 Ψαλμός
990 5130 1070 5197 τῷ
1102 5130 1280 5190 Δαόιδ
1316 5133 1681 5203 ἐκστάσεως.

756 5223 1051 5279 ΨᾹΛΜΟΣ
1093 5227 1172 5280 Δ’.

239 5315 345 5380 Hic
369 5314 435 5369 τὸ
465 5313 645 5381 τέλος
679 5316 797 5386 μὶν,
830 5316 907 5379 ὡς
956 5315 1229 5387 περιέχων
1283 5320 1627 5391 προφητείαν
1672 5322 1752 5385 εις

173 5401 233 5456 τὸ
295 5405 448 5468 τέλος
513 5405 775 5476 όρῶσαν;
820 5407 1200 5474 Ἐκστάσεως
1261 5407 1319 5460 δὲ
1383 5407 1618 5477 ψαλμδς,
1676 5406 1751 5470 ὡς

179 5495 540 5566 μνημονεύων
562 5496 658 5566 τῆς
697 5498 1055 5569 παρατροπῆς
1121 5499 1191 5569 ἠν
1232 5498 1586 5568 παρετράπη,
1631 5512 1750 5564 μοι·

1867 3381 2098 3454 gloriam
2136 3387 2387 3436 assecuta
2420 3380 2606 3434 laudet
2631 3387 2720 3442 te;
2756 3386 3004 3434 assecuta
3037 3377 3163 3432 dico
3193 3376 3443 3445 gloriam,

1866 3476 1936 3530 ob
1963 3473 2227 3528 auxilium
2259 3487 2287 3525 a
2325 3480 2377 3526 te
2408 3471 2540 3525 mihi
2593 3471 2921 3540 prtestitum.
2959 3467 3055 3523 Vel
3103 3468 3264 3522 aliter
3294 3485 3308 3521 :
3343 3465 3447 3518 Per

1865 3567 2119 3638 gloriam,
2176 3573 2436 3629 mentem,
2492 3579 2590 3619 seu
2622 3563 2960 3617 intellectum
3001 3560 3279 3628 intelligit,
3334 3574 3447 3629 quo

1864 3659 2105 3714 maxime
2157 3657 2518 3720 honoramur,
2570 3671 2694 3711 cum
2727 3655 2800 3710 ob
2834 3655 2987 3708 illum
3024 3653 3093 3708 ad
3145 3651 3443 3720 imaginem

1863 3753 1958 3809 Dei
1991 3751 2117 3806 facti
2152 3767 2272 3806 esse
2311 3750 2583 3804 dicamur.

1935 3848 2003 3902 Et
2025 3863 2127 3900 non
2150 3860 2490 3914 compungar.
2521 3843 2648 3906 Pro,
2676 3842 2798 3896 Non
2819 3856 3163 3911 compungar,
3187 3837 3443 3909 Symma-

1860 3940 2000 3996 chus
2036 3939 2427 4008 interpretatus
2458 3947 2563 4000 est,
2594 3935 2663 3988 Et
2693 3952 2791 3989 non
2823 3945 3051 3990 taceam.
3091 3932 3166 3987 Ex
3190 3948 3254 3988 eo
3285 3931 3433 3986 enim

1861 4033 2006 4102 quod
2037 4033 2320 4104 praecedit,
2348 4030 2727 4102 signiﬁcatum
2761 4037 2846 4084 est
2875 4029 3022 4100 qnod
3057 4026 3438 4094 consequitur.

1859 4125 2362 4195 Compunctionem
2399 4124 2546 4178 enim
2581 4124 2936 4179 taciturnitas
2983 4121 3296 4176 comitatur.
3338 4115 3436 4171 Vel

1861 4217 2061 4270 aliter:
2093 4214 2217 4269 Non
2247 4230 2588 4283 compungar,
2625 4213 2727 4267 hoc
2755 4225 2859 4277 est,
2891 4209 3010 4265 Non
3042 4208 3280 4278 amplius
3304 4220 3434 4276 pec-

1859 4313 2004 4366 cabo
2057 4325 2073 4364 :
2133 4320 2195 4364 Ut
2249 4322 2316 4362 ex
2374 4307 2737 4376 consequenti
2801 4303 3119 4374 praecedens
3166 4297 3441 4370 signitice-

1858 4408 1970 4456 tur.
2012 4397 2143 4453 Nam
2180 4407 2305 4468 post
2336 4407 2623 4468 peceatum
2657 4397 2909 4468 sequitur
2955 4393 3332 4462 compunctio.

1931 4491 2153 4546 Domine
2197 4491 2338 4545 Deus
2393 4505 2570 4555 meus,
2610 4490 2663 4542 in
2699 4488 2952 4542 sa'culum
2985 4483 3274 4553 conﬁtebor
3323 4481 3439 4536 tibi.

1857 4583 2158 4653 Perpetuo,
2192 4582 2394 4653 inquit,
2452 4581 2551 4636 tibi
2591 4583 2796 4652 gratias
2832 4595 3014 4650 agam,
3070 4592 3195 4632 cum
3238 4573 3439 4643 bujus-

1862 4676 2009 4732 modi
2039 4691 2126 4731 me
2165 4677 2342 4730 salute
2364 4676 2588 4744 dignum
2619 4673 2838 4729 feceris.
2869 4671 2963 4727 Vel
2995 4670 3152 4724 aliter
3179 4685 3194 4722 :
3225 4667 3442 4721 Per~too

1861 4778 1978 4822 tum
2006 4768 2110 4822 hoc
2138 4781 2381 4836 praesens
2403 4767 2687 4832 s:eculum,
2712 4767 2919 4835 gratias
2947 4777 3162 4832 semper
3193 4759 3305 4814 Deo
3327 4763 3440 4828 agit

1863 4860 2058 4914 beatus
2117 4857 2312 4921 David,
2375 4873 2475 4928 per
2519 4872 2637 4924 ora,
2682 4872 2748 4912 ac
2791 4855 2935 4911 labia
2983 4866 3442 4924 quorumcunquo

1863 4951 2124 5017 fidelium,
2159 4952 2252 5022 qui
2284 4951 2433 5007 illius
2485 4951 2875 5006 celeberrimos
2931 4947 3171 5019 psalmos
3202 4944 3314 5000 Deo
3345 4959 3443 4999 ca-

1863 5055 2023 5098 nunt.

2081 5136 2150 5191 In
2188 5137 2346 5205 ﬁnem
2382 5137 2620 5204 psalmus
2674 5135 2777 5198 ipsi
2807 5132 2976 5188 David
3006 5132 3259 5187 exstasis.

2353 5225 2675 5282 PSALMUS
2728 5225 2900 5281 XXX.

1929 5315 1997 5370 In
2027 5318 2183 5384 ﬁnem
2216 5316 2436 5386 quidem
2477 5315 2601 5371 ideo
2659 5315 2987 5384 inscriptum
3015 5322 3119 5376 est,
3149 5309 3278 5382 quia
3309 5323 3439 5379 pro-

1858 5405 2042 5474 pbetia
2079 5409 2166 5460 hic
2190 5408 2504 5462 continetur
2527 5423 2648 5477 qua:
2670 5410 2736 5461 ad
2771 5407 2932 5461 tinem
2953 5404 3150 5460 tendit.
3186 5403 3436 5456 Exstasis

1859 5507 2041 5553 autem
2071 5496 2467 5556 Psalmusidco
2489 5497 2667 5556 dictus
2701 5507 2808 5564 est,
2851 5498 2981 5568 quia
3036 5493 3434 5552 commutatio-

1525 5682 1719 5744 Variae
1769 5683 2096 5747 lectiones.

240 5776 318 5852 (ι)
347 5778 674 5837 Addendum
706 5779 938 5839 fortasse
967 5780 1061 5844 ὡς.
