4036 6256
484 224 590 287 351
1722 221 2107 284 EUTHYMII
2149 226 2508 288 ZlGABENI
3622 214 3715 277 352

487 339 705 390 ticinum
733 343 824 389 aut
854 342 1068 405 captum
1098 350 1130 389 a
1165 337 1278 407 [era
1308 334 1382 396 θ’,
1408 340 1461 387 et
1489 347 1551 387 ca
1575 347 1697 403 quae
1728 344 2059 402 sequuntur.
2094 380 2099 395 ι

2202 357 2382 404 ηωτον,
2443 340 2541 395 καὶ
2562 337 2630 393 τὰ
2676 339 2805 407 ὲξῆς
2826 353 2840 369 ’
2880 336 3012 391 ποτὲ
3045 336 3122 403 δὲ,
3151 332 3258 390 ἀπο
3294 330 3517 400 σαρκὸς.
3549 326 3615 390 ὡς
3640 328 3715 380 τό.

492 428 665 481 Sicuti
699 428 862 481 etiam
894 426 1208 495 aliquando,
1246 440 1374 481 caro
1406 441 1503 494 pro
1535 423 1754 477 homine
1783 424 2072 493 accipitur,

2202 435 2331 501 Ἱρός
2362 437 2438 489 σὲ
2465 434 2636 489 mica
2668 433 2825 502 σὰρξ
2858 432 3009 500 ἥξει.

485 520 643 589 juxta
670 520 800 573 illud
828 535 845 572 :
873 519 953 571 Ad
986 529 1032 572 te
1062 520 1233 571 omnis
1266 534 1392 570 caro
1425 517 1589 569 veniet
1621 513 1689 567 ³⁸.

561 609 674 664 Nec.
698 611 1004 664 conclusisti
1030 626 1109 663 me
1141 610 1196 663 in
1256 610 1498 662 manibus
1549 606 1906 662 inimicorum.
1963 606 2077 662 Hoc

489 718 587 773 rer
622 719 680 756 se
703 705 911 756 clarum
944 711 1049 758 est.

562 795 816 850 Statuisti
846 799 901 849 in
944 796 1056 849 loco
1088 796 1321 865 spatioso
1360 796 1516 867 pedes
1549 814 1712 853 meos.
1747 798 1861 853 lloc
1891 806 1996 855 est,
2019 797 2074 849 iu

494 890 674 956 ampla
714 890 990 949 libertate,
1030 889 1098 943 ab
1130 889 1384 957 angustia
1416 890 1677 944 nimirum
1722 889 2076 946 circumdan-

494 979 630 1032 tium
671 995 756 1033 me
789 980 1165 1035 inimicorum.

2252 614 2663 682 Συνέκλεισάς
2686 630 2763 683 με
2801 617 2889 679 είς
2926 611 3127 682 χεῖρας
3173 609 3422 681 ἐχθρῶν.
3453 606 3616 661 Τοῦτο
3644 622 3724 658 σα-

2182 709 2304 777 φές.

2256 803 2571 867 Ἔστησας
2622 799 2693 855 ἐν
2726 800 3041 870 εὐρυχώρῳ
3076 795 3220 860 τοὺς
3252 793 3443 853 πόδας
3475 808 3607 859 μου.
3651 788 3730 841 Ἐν

2184 891 2516 963 εὐρυχωρίᾳ,
2549 890 2834 945 τουτέστιν
2891 893 2971 954 είς
3003 888 3205 949 πλάτος
3258 882 3591 952 ὲλευθερὲας,
3638 882 3732 934 ἀπο

2185 987 2285 1052 τῆς
2312 985 2677 1054 στενοχωρίας
2709 983 2802 1037 τοῦ
2828 982 3184 1052 κυκλώματος
3215 980 3321 1032 τῶν
3348 978 3439 1046 ὲχθ
3451 976 3574 1045 ρῶν.

573 1064 733 1120 Vens.
772 1068 858 1121 10.
891 1067 1138 1122 Miserere
1157 1069 1281 1133 mei,
1309 1067 1811 1138 Domine,quoniam
1833 1069 2081 1125 tributor.

498 1158 738 1212 ltursum
796 1160 862 1213 ad
923 1161 1271 1231 propositum
1319 1160 1519 1231 refugit
1544 1161 1813 1222 solamen.
1845 1162 2078 1217 salutem

498 1268 655 1306 suam
696 1253 1031 1317 accelerans,
1056 1254 1126 1309 ob
1152 1254 1424 1309 intensam
1457 1254 1656 1309 divina:
1684 1255 2080 1310 misericordia

499 1347 1116 1399 commemorationem.

577 1437 849 1491 Turbatus
876 1446 952 1491 est
982 1438 1035 1490 in
1066 1437 1151 1490 ira
1187 1437 1374 1492 oculus
1402 1438 1646 1493 meus.ln
1684 1439 1763 1492 ira
1794 1445 1887 1491 tua
1917 1435 2083 1491 nimi-

501 1542 648 1580 rum.
681 1526 814 1580 Nam
853 1527 898 1582 si
933 1529 1003 1581 ob
1032 1528 1332 1582 commissa
1367 1536 1529 1596 atque
1556 1537 1737 1583 errata
1762 1543 1880 1582 mea
1907 1529 2081 1583 iratus

2261 1077 2558 1142 Ἐλέησόν
2604 1092 2704 1144 με.
2764 1076 2957 1143 Κύριε,
2997 1073 3086 1127 ὅτι
3126 1074 3419 1139 θλίϐομαι.
3470 1068 3627 1119 Πάλιν
3656 1066 3737 1117 ἐπὶ

2185 1170 2286 1241 τὴν
2322 1168 2682 1238 προτεθεῖσαν
2738 1166 3029 1237 ἀνατρέχει
3087 1163 3458 1232 παράκλησιν,
3509 1159 3599 1212 διὰ
3650 1159 3735 1227 τῆς

2186 1261 2583 1332 ὲπιτεταμένης
2630 1258 3021 1327 ὲλεεινολογίας
3050 1256 3397 1326 ἐπιταχύνων
3446 1253 3542 1323 τὴν
3582 1267 3739 1321 σωτη-

2190 1355 2338 1426 ρίαν.

2272 1445 2606 1517 Ἐταράχθη
2646 1445 2718 1498 ἐν
2750 1441 2917 1513 θυμῷ
2954 1444 2987 1495 ὁ
3021 1439 3329 1508 ὀφθαλμός
3356 1454 3499 1506 μου.
3542 1434 3629 1502 Τῷ
3673 1433 3741 1502 σῷ

2187 1538 2433 1610 δηλονότι
2463 1554 2477 1567 ο
2519 1538 2571 1590 εἰ
2625 1538 2700 1605 μὴ
2731 1535 2842 1604 γὰρ
2881 1530 3174 1599 ἐθυμώθης
3199 1529 3287 1582 διὰ
3323 1528 3393 1579 τὰ
3428 1541 3745 1595 προγεγενη-

504 1620 637 1673 mihi
671 1636 775 1673 non
819 1621 1043 1684 fuisses,
1080 1622 1133 1673 in
1164 1629 1367 1675 tantam
1397 1636 1530 1675 sane
1578 1635 1855 1691 nunquam
1895 1622 2083 1674 conci-

2202 1632 2336 1701 μένα
2363 1648 2452 1700 μοι
2482 1628 2795 1698 σφάλματα,
2820 1625 2919 1678 οὐκ
2951 1624 3017 1677 ἂν
3035 1620 3210 1684 οὕτως
3243 1616 3743 1684 ὲταλαιπωρούμην.

505 1712 711 1769 dissem
747 1713 1049 1769 miseriam.
1084 1713 1429 1782 Quapropter
1459 1712 1715 1769 turbatus
1765 1724 1850 1767 est
1899 1714 2092 1767 oculus

508 1824 687 1873 meus,
729 1807 798 1859 oh
837 1806 1087 1860 assiduas
1118 1806 1407 1876 Iacrymas.
1442 1803 1575 1859 Nam
1604 1805 1749 1872 quod
1772 1802 1911 1858 LXX
1938 1805 2090 1858 dixe-

513 1907 647 1952 runt
686 1914 700 1950 :
736 1896 1002 1950 Turbatus
1025 1905 1125 1960 cst,
1156 1895 1517 1967 Symmachus
1542 1895 1775 1949 reddidit
1803 1896 2090 1966 (.‘aligavit,

584 1990 782 2041 Anima
843 2003 960 2041 mea
989 1997 1037 2041 et
1068 1997 1248 2041 venter
1294 2004 1461 2041 meus.
1520 1986 1716 2041 Anima
1767 1986 1984 2057 quidem
2021 1987 2091 2042 ob

512 2096 785 2135 summam
820 2080 1139 2134 mmstitiam
1186 2090 1240 2134 et
1271 2080 1518 2146 taedium,
1570 2091 1759 2135 venter
1788 2095 1920 2133 vero
1946 2072 2101 2149 quod

512 2175 695 2229 cibum
768 2187 875 2227 non
926 2172 1216 2240 reciperet.
1263 2172 1502 2227 Possunt
1559 2171 1675 2225 haec
1714 2172 1878 2227 etiam
1934 2170 2088 2241 juxta

515 2267 872 2338 anagogicum
930 2280 1153 2320 sensum
1201 2264 1454 2333 intelligi,
1526 2272 1579 2317 et
1605 2264 1805 2318 oculus
1863 2264 2088 2332 quidem

517 2361 660 2414 sumi
696 2375 795 2429 pro
859 2357 1162 2417 intellectu.
1200 2363 1261 2409 ut
1306 2354 1544 2409 diximus
1577 2356 1630 2408 in
1667 2355 1881 2423 psalmo
1918 2369 1969 2408 vr
1994 2371 2010 2419 ;
2038 2360 2093 2409 et

519 2453 698 2505 anima
739 2467 837 2521 pro
871 2465 987 2521 spe,
1026 2465 1150 2519 qua:
1201 2448 1584 2517 pusillanimes
1632 2446 1923 2515 refrigerat
1958 2463 1975 2510 ;
2040 2456 2093 2501 ct

516 2549 709 2595 venter
740 2555 838 2610 pro
893 2540 1279 2604 memorativa,
1329 2546 1385 2591 ut
1419 2540 1491 2590 ita
1536 2536 1738 2601 dicam,
1786 2538 1875 2590 illa
1904 2537 2095 2592 anitnte

521 2642 702 2703 parte,
738 2634 793 2687 in
821 2648 925 2701 qua
954 2631 1237 2686 rationalis
1268 2630 1424 2684 cibus
1458 2630 1797 2684 reconditur.

593 2725 761 2779 Vnus.
788 2725 875 2779 Η.
903 2723 1039 2787 Quia
1068 2722 1258 2788 defecit
1298 2722 1348 2774 in
1380 2720 1563 2774 dolore
1601 2722 1706 2775 vita
1734 2737 1868 2785 mea,
1887 2731 1935 2776 et
1969 2721 2096 2775 anui

521 2817 623 2869 mei
655 2816 706 2868 iu
742 2813 1044 2885 gemitibus.
1075 2812 1115 2863 Α
1152 2810 1430 2867 communi
1467 2825 1635 2864 sensu
1671 2810 1939 2865 sumenda
1969 2818 2099 2863 sunt

520 2907 690 2962 verba
727 2907 815 2960 illa
851 2921 863 2957 :
908 2905 1153 2958 Miserere
1179 2903 1306 2967 mei,
1349 2902 1591 2967 Domine,
1626 2902 1752 2971 quia
1789 2917 1899 2971 pra:
1924 2904 2097 2955 nimio

2192 1723 2284 1777 Διδ
2317 1724 2412 1776 καὶ
2446 1719 2722 1792 ἐταράχθη
2742 1721 2770 1773 ὀ
2801 1714 3077 1786 ὀφθαλμός
3104 1730 3231 1783 μου,
3264 1711 3372 1763 ἀπὸ
3396 1707 3493 1761 τοῦ
3524 1708 3747 1775 συνεχῶς

2190 1813 2492 1885 δακρύειν·
2550 1812 2611 1866 τὸ
2655 1812 2765 1881 γὰρ
2817 1806 3173 1875 Ἑταράχθη,
3226 1804 3255 1857 ὀ
3293 1803 3595 1873 Σύμμαχος
3634 1799 3749 1853 ἑθο·

2191 1901 2351 1970 λώϐη
2371 1902 2744 1972 ἡρμήνευκεν.

2273 1994 2336 2049 Ἠ
2363 1992 2535 2063 ψυχή
2590 2010 2708 2065 μου
2759 1992 2861 2047 καὶ
2894 1990 2933 2059 ἠ
2964 1987 3196 2058 γαστήρ
3231 2004 3369 2054 μου.
3420 1983 3490 2038 Ἦ
3509 1983 3625 2054 μὲν,
3657 1979 3754 2035 ἀπὸ

2191 2086 2286 2141 τοῦ
2321 2085 2569 2157 σφοδρῶς
2611 2084 2904 2155 ἀδημονεῖν
2930 2082 3025 2135 καὶ
3059 2080 3291 2150 ἁκηδιᾷν
3316 2095 3330 2109 ο
3362 2080 3397 2148 ἡ
3433 2077 3511 2141 δὲ,
3540 2075 3643 2129 ἀπὸ
3668 2073 3753 2127 τοῦ

2196 2179 2274 2249 μὴ
2308 2176 2640 2250 προσίεσθαι
2691 2177 2920 2247 τροφήν.
2951 2172 3187 2228 Δύναται
3238 2168 3603 2237 ἁναγωγιχῶς
3633 2168 3752 2220 voci-

2194 2268 2339 2331 σθαι,
2375 2267 2647 2337 ὀφθαλμὸς
2700 2268 2801 2337 μὲν
2824 2267 2854 2319 6
2884 2263 3032 2328 νοῦς,
3064 2263 3141 2326 ὡς
3189 2263 3246 2315 ὲν
3276 2258 3355 2330 τῷ
3384 2260 3533 2329 ἕκτῳ
3573 2254 3756 2326 ψαλμῷ

2192 2360 2515 2432 προέφημεν
2542 2376 2557 2392 ο
2594 2359 2741 2428 ψυχὴ
2779 2358 2855 2423 δὲζ
2901 2355 3138 2419 ἐλπίδες,
3164 2352 3239 2413 ὡς
3266 2352 3642 2421 ἀναψύχουσαι
3676 2348 3757 2401 τὸν

2192 2452 2561 2524 ὀλιγωροῦντα
2586 2468 2602 2482 °
2626 2450 2840 2520 γαστὴρ
2896 2449 2987 2510 δὲ,
3021 2448 3083 2501 τὸ
3120 2444 3553 2516 μνημονευτικδν
3606 2440 3764 2511 μέρος

2193 2548 2292 2618 τῆς
2320 2546 2517 2617 ψυχῆς,
2547 2547 2604 2598 ὲν
2624 2537 2668 2611 ᾧ
2697 2541 3086 2614 θησαυρίζεται
3115 2540 3150 2610 ἠ
3180 2536 3373 2608 λογικὴ
3398 2535 3630 2607 βρῶσις.

2269 2729 2390 2780 Ὅτι
2417 2724 2704 2789 ἐξέλιπεν
2729 2719 2801 2776 ἐν
2820 2721 3009 2789 ὀδύνῃ
3034 2719 3073 2785 ἡ
3107 2718 3219 2787 ζωή
3249 2734 3401 2786 μου,
3452 2714 3552 2769 καί
3580 2714 3649 2768 τὰ
3668 2713 3767 2776 ἔτη

2194 2836 2313 2889 μου
2340 2818 2412 2871 ἐν
2430 2814 2808 2885 στεναγμοῖς.
2847 2810 2981 2866 Ἀπδ
2996 2810 3176 2865 κοινοῦ
3206 2808 3443 2877 ληπτέον
3462 2808 3545 2869 τὸ,
3580 2808 3768 2871 Ἐλέηο

2202 2911 2319 2964 σόν
2342 2926 2440 2979 με,
2474 2909 2672 2976 Κύριε,
2710 2908 2815 2969 ὅτι,
2864 2903 3053 2973 φησὶν,
3109 2900 3215 2955 ὑπὸ
3264 2899 3367 2967 τῆς
3399 2898 3546 2967 ἄγαν
3590 2896 3767 2962 ὀδύνης

525 2997 721 3051 dolore
751 2996 955 3050 defecit
987 2996 1093 3048 vita
1128 3009 1268 3057 mea,
1304 3002 1360 3049 et
1393 3008 1505 3063 pra:
1538 2994 1755 3048 acerbis
1777 2994 2092 3061 gemitibus,

2204 3004 2453 3069 ἐξέλιπεν
2487 3002 2520 3070 ἡ
2554 3000 2670 3069 ζωή
2714 3015 2843 3067 μου.
2895 2997 2991 3050 καὶ
3020 2994 3128 3048 ὑπὸ
3157 2994 3269 3046 τῶν
3298 2992 3521 3062 πικρῶν
3556 3003 3770 3054 στεναγ-

525 3089 653 3141 mmi
683 3091 804 3148 mei.
833 3088 935 3143 hoc
970 3098 1074 3152 cst,
1099 3088 1216 3142 dies
1245 3086 1371 3141 vitae
1404 3100 1543 3140 meae
1580 3084 1919 3140 defecerunt.
1957 3084 2102 3139 ldcm

525 3176 671 3229 cutim
714 3178 988 3245 signiﬁcat
1042 3178 1149 3229 vita
1182 3194 1319 3239 mea,
1353 3176 1523 3245 quod,
1569 3174 1700 3228 anni
1732 3175 1851 3228 mei.
1898 3175 2105 3229 ldioma

527 3276 612 3323 cst
684 3270 845 3322 etiam
931 3268 1206 3337 peculiare
1265 3268 1407 3337 apud
1470 3281 1682 3321 sacram
1743 3265 2105 3335 Scripturam,

528 3374 639 3427 quo
690 3360 813 3428 quis
875 3360 929 3413 in
962 3375 1178 3414 summo
1203 3358 1392 3413 dolore
1432 3360 1791 3422 constitutus,
1821 3360 2107 3428 appellare

533 3468 592 3506 se
615 3461 891 3507 mortuum
926 3454 1123 3515 soleat,
1162 3461 1382 3522 propter
1405 3450 1816 3506 inbecillitatem
1853 3452 2108 3507 videlicet

533 3545 733 3598 virium
773 3547 1045 3614 corporis.

606 3660 891 3728 .uﬁrmata
945 3668 1022 3712 est
1078 3660 1129 3712 iu
1166 3666 1477 3727 paupertate
1509 3657 1770 3726 fortitudo
1799 3675 1935 3711 mea.
1975 3656 2107 3711 Pro-

536 3763 656 3820 ptcr
694 3759 1068 3821 paupertatem
1131 3751 1241 3812 hic,
1307 3750 1545 3803 inediam
1602 3759 1655 3804 et
1689 3748 1963 3818 jejunium
2019 3765 2106 3801 m-

538 3842 754 3909 tclligit,
787 3843 932 3910 quod
986 3857 1051 3894 cx
1094 3840 1211 3910 ipsa
1250 3841 1416 3895 etiam
1452 3839 1679 3895 historia
1730 3839 1971 3908 conspici
2014 3855 2110 3908 po-

539 3941 668 3985 ICSl.

604 4043 671 4093 Et
704 4059 823 4094 ossa
847 4058 959 4095 mea
983 4043 1298 4096 conturbata
1327 4050 1472 4097 suu‘t.
1495 4042 1637 4096 Mota
1666 4052 1795 4098 sunt
1838 4057 1864 4095 a
1898 4042 2110 4096 fortitu—

538 4133 689 4199 tliuc,
723 4142 775 4185 et
805 4134 1085 4187 soliditate
1109 4135 1222 4199 illa,
1263 4149 1427 4198 quam
1460 4135 1750 4197 habeham,
1787 4149 1893 4187 non
1921 4134 2108 4187 valen-

541 4225 613 4274 tia
660 4222 924 4292 amplius,
984 4234 1042 4276 ut
1102 4235 1283 4287 antea,
1338 4238 1424 4279 me
1476 4225 1772 4278 sustinere.
1825 4222 2109 4277 Fortitudo

2212 3095 2331 3165 μῶν
2372 3094 2442 3147 τὰ
2490 3093 2586 3163 ἔτη
2614 3110 2738 3163 μου,
2780 3090 2952 3159 ἤγουν
2979 3088 3036 3142 at
3091 3086 3299 3157 ἡμέραι
3346 3084 3448 3154 τῆς
3483 3084 3627 3151 ζωῆς
3656 3097 3766 3149 μου·

2207 3186 2375 3239 ταύτὸ
2397 3184 2549 3239 δὲλδΰ
2585 3182 2916 3253 ἀμφοτέρων
2949 3179 3296 3249 σημαίνεται.
3342 3175 3566 3245 ’ἰδίωμα
3598 3174 3652 3227 δὲ
3681 3174 3769 3241 τῆς

2210 3276 2455 3339 Παλαιᾶς
2490 3275 2549 3327 τὸ
2599 3276 2691 3327 ἐπὶ
2716 3273 2815 3338 τῆς
2849 3273 2990 3339 ἄγαν
3016 3268 3379 3340 περιωδυνίας
3433 3265 3638 3333 λέγειν,
3696 3263 3771 3315 ὅτι

2220 3368 2573 3433 Ἀπέθανον,
2614 3366 2701 3420 διὰ
2731 3365 2829 3436 τὴν
2861 3363 3149 3417 ἀσθένειαν
3215 3362 3435 3424 πάντως
3464 3358 3577 3412 τῶν
3606 3372 3774 3424 σωμα-

2207 3460 2377 3515 τικῶν
2398 3460 2703 3530 δυνάμεων.

2293 3665 2660 3729 Ἡσθένησεν
2687 3661 2757 3715 ἐν
2786 3660 3047 3730 πτωχείᾳ
3073 3660 3110 3728 ἠ
3138 3657 3317 3737 itm);
3331 3673 3476 3726 μου.
3510 3654 3774 3724 Πτωχείι»

2210 3755 2445 3809 ἐνταῦθα
2494 3754 2594 3823 τὴν
2629 3754 2737 3807 ἀπὸ
2766 3752 2865 3821 τῆς
2892 3752 3105 3814 ἀσιτίας
3134 3750 3246 3804 νόει
3279 3764 3293 3780 ·
3351 3749 3449 3801 καὶ
3472 3745 3635 3801 τοῦτο
3677 3744 3775 3812 γὰρ

2209 3850 2241 3918 ἡ
2278 3847 2489 3917 ἱστορία
2520 3845 2886 3916 παρέστησεν.

2284 4053 2392 4106 Καὶ
2430 4052 2501 4105 τὰ
2526 4048 2677 4107 ὀστᾶ
2701 4067 2821 4118 μου
2850 4047 3293 4116 ἐταράχθησαν.
3330 4044 3778 4114 Παρεκινήθησαν

2209 4144 2305 4212 ἀφ’
2334 4140 2402 4215 ἦς
2449 4139 2594 4212 εἶχον
2622 4141 3002 4211 στερεότητος.
3035 4137 3111 4207 μὴ
3142 4137 3416 4205 δυνάμενα
3433 4134 3774 4206 συνέχειν,ὼ;

2211 4236 2275 4287 τὸ
2304 4234 2591 4304 πρότερον.
2645 4232 2863 4284 Νοεῖται
2894 4229 2950 4283 δὲ
2983 4228 3144 4283 πάλιν
3175 4230 3208 4297 ἡ
3240 4225 3430 4296 ἀνδρία
3451 4228 3550 4295 τῆς
3576 4224 3772 4293 ψυχῆς,

540 4315 705 4366 (tiam
756 4330 856 4381 pro
906 4314 1167 4369 virilitate
1218 4315 1414 4369 anima:
1469 4315 1756 4383 accipitur,
1785 4313 1938 4383 juxta
1966 4314 2099 4380 quod

2219 4326 2305 4393 ἐφ’
2406 4324 2677 4393 πτωχείαν
2709 4323 2868 4390 εἴπῃς
2921 4322 3019 4389 τὴν
3081 4320 3191 4373 ἀπὸ
3219 4319 3319 4387 τῆς
3347 4317 3503 4380 Θείας
3549 4319 3778 4384 ἐγκατα-

544 4419 639 4471 per
674 4416 1072 4475 paupertatem,
1140 4408 1227 4462 hic
1274 4422 1391 4460 eam
1449 4407 1746 4475 intelliges,
1780 4420 1941 4475 quam
1991 4407 2114 4473 quis

542 4498 749 4562 patitur
772 4512 896 4548 cum
919 4497 1321 4566 derelinquilur
1349 4514 1377 4550 a
1406 4498 1533 4563 Deo,
1558 4508 1719 4568 ctper
1746 4513 1894 4564 ossa,
1913 4499 2116 4554 solidas

543 4598 707 4657 atque
749 4598 1065 4645 constantes
1090 4592 1469 4661 cogitationes.

613 4702 776 4754 Vens.
812 4701 900 4755 19..
930 4701 1101 4762 Supra
1133 4720 1306 4757 omnes
1332 4704 1572 4757 inimicos
1616 4721 1753 4758 meo:
1787 4707 1962 4773 factus
1996 4719 2114 4758 sum

2218 4418 2445 4487 λείψεως
2467 4432 2479 4447 ·
2507 4416 2638 4468 ὀστᾶ
2663 4414 2738 4477 δὲ,
2771 4415 2820 4466 οἱ
2852 4412 3071 4483 στερροὶ
3100 4408 3375 4480 λογισμοί.

2292 4710 2455 4779 Παρὰ
2479 4709 2708 4773 πάντας
2738 4706 2879 4772 τοὺς
2903 4704 3156 4773 ἐχθρούς
3175 4720 3296 4772 μου
3322 4700 3621 4771 ἐγενήθην
3643 4699 3781 4753 ὄνει-

543 4790 905 4858 opprobrium.
936 4790 1281 4858 Exprobraut
1331 4794 1475 4846 enim
1540 4796 1669 4847 mihi
1706 4811 1919 4859 omnes,
1956 4804 2099 4863 atqm

2216 4804 2338 4865 6ος.
2369 4803 2497 4855 Ἀνὰ
2531 4800 2760 4861 πάντας,
2795 4797 2875 4859 είς
2902 4794 3109 4857 πάντας
3133 4810 3146 4824 ·
3197 4793 3520 4857 ὀνειδίζουσι
3553 4794 3660 4863 γάρ
3698 4808 3780 4859 μοι

543 4881 813 4949 objiciunt
868 4883 1160 4951 ignaviain,
1195 4884 1361 4937 veluti
1399 4885 1491 4953 qui
1520 4886 1588 4939 ob
1637 4887 1857 4956 propria
1896 4894 2116 4956 peccata

546 4971 851 5042 aufugerim
892 4987 955 5026 ac
987 4973 1163 5028 vietus
1195 4974 1297 5027 sim

622 5089 687 5139 Et
721 5085 907 5138 uicinis
967 5086 1092 5137 meis
1131 5086 1295 5139 rnldc.
1339 5086 1476 5156 Ipsis
1522 5089 1685 5140 ctiam
1723 5090 1998 5156 gentibus,
2032 5102 2115 5141 re-

551 5180 639 5246 gni
695 5179 798 5232 mci
846 5179 1116 5240 ﬁnitimis,
1172 5180 1223 5229 in
1280 5196 1496 5232 summo
1553 5181 1851 5249 opprobrio
1902 5182 2119 5235 habitus

552 5286 838 5337 sum,qu:c
877 5285 1001 5321 cum
1037 5278 1191 5323 antea
1234 5269 1584 5325 felicitatibus
1618 5274 1752 5325 meis
1790 5271 2116 5330 inviderent.

552 5362 715 5415 modo
742 5362 1121 5423 infortunium,
1155 5378 1215 5415 ac
1236 5363 1598 5416 calamitatem
1630 5379 1803 5418 meam
1827 5364 2116 5418 vehemen—

554 5467 635 5509 tvr
670 5456 799 5507 mihi
836 5471 895 5507 ex
909 5455 1159 5523 probrum
1175 5496 1188 5507 .

672 5631 714 5661 ³⁷
745 5631 914 5686 Ltvit.
950 5645 1078 5692 xm,
1136 5627 1199 5681 13
1251 5629 1291 5660 ³⁸
1332 5627 1475 5683 Psal.
1508 5644 1653 5692 wa,
1688 5627 1740 5678 5.

2216 4894 2289 4957 ὼς
2317 4892 2595 4963 φεύγοντι,
2650 4886 2966 4958 ἀνανδρίαν,
3018 4886 3113 4939 καὶ
3139 4884 3215 4949 ὡς
3244 4885 3544 4956 ἡττωμένῳ
3584 4885 3669 4938 διὰ
3690 4884 3780 4945 τὰς

2218 4985 2357 5056 ἐμὰς
2390 4981 2688 5054 ἁμαρτίας.

2290 5101 2399 5155 Καὶ
2420 5097 2547 5163 τοῖς
2566 5095 2794 5166 γείτοσι
2814 5111 2933 5164 μου
2957 5091 3220 5161 σφόδρα.
3253 5089 3363 5144 Καὶ
3394 5092 3515 5151 ταῖς
3544 5086 3780 5153 γειτνιᾶ-

2226 5211 2279 5247 σι
2311 5195 2377 5262 τῇ
2411 5188 2657 5260 βασιλείᾳ
2691 5204 2791 5257 μου
2850 5186 3062 5240 ἔθνεσιν
3101 5184 3223 5237 λίαν
3245 5184 3518 5251 ἐγενόμην
3555 5180 3777 5238 ὄνειδος·

2226 5280 2545 5352 φθονοῦντες
2591 5279 2699 5348 γὰρ
2728 5294 2817 5347 μοι
2869 5274 3033 5327 πάλαι
3073 5274 3159 5327 διὰ
3190 5272 3289 5335 τὰς
3314 5272 3619 5341 εὐπρα·,ίας
3664 5285 3777 5337 μου.

2225 5376 2323 5429 νῦν
2373 5372 2608 5442 ἀφειδῶς
2664 5369 2983 5433 ὀνειδίζουσι
3022 5367 3122 5437 τὴν
3181 5363 3473 5437 δυστυχίαν
3521 5362 3613 5416 καὶ
3654 5376 3779 5427 συμ-

2226 5466 2419 5538 φοράν.
