4036 6256
570 272 678 337 355

1781 272 2172 336 EUTHYMII
2206 274 2573 336 ZIGABENI

3675 282 3769 345 356

624 389 791 445 Vens.
830 390 919 445 17.
968 390 1199 446 Ostende
1228 391 1424 461 faciem
1493 399 1641 446 tuam
1710 404 1868 457 super
1941 406 2125 443 servitu

2320 388 2659 457 Ἐπίφιινον
2693 387 2760 441 τὸ
2798 386 3126 458 πρόσωπόν
3148 402 3263 442 σου
3296 388 3393 443 ἐπὶ
3422 390 3523 444 τὸν
3576 390 3773 448 δοῦλόν·

555 492 831 538 tttum.—-
877 484 1129 547 Ostende,
1172 484 1277 538 hoc
1339 495 1447 549 est,
1519 483 1814 537 Converte.
1880 482 2125 537 Avertert

2243 495 2384 535 σου.
2424 482 2878 551 -Ἐπίφανοη
2947 482 3072 535 ἀντὶ
3122 483 3241 544 τοῦ,
3298 481 3631 553 ἐπίστρεψον.
3695 487 3774 558 Μὴ

556 576 760 646 quippe
796 590 915 629 eam
943 576 1171 641 videris,
1206 578 1422 646 quoties
1445 577 1515 632 ob
1546 585 1771 643 peccata
1797 591 1917 630 mea
1948 589 2125 632 cessat

2243 571 2455 641 βοηθῶν
2486 589 2576 642 μοι
2618 572 2748 642 γὰρ,
2778 571 2955 635 δοκεῖς
2998 570 3343 643 ἀποστρέψαι
3397 572 3569 635 τοῦτο,
3600 572 3680 627 διὰ
3720 576 3773 627 τὸ

547 671 682 724 mihi
715 684 873 739 opem
905 670 1065 725 iet-re.
1091 669 1191 725 Per
1223 656 1433 726 faciem.
1457 678 1641 725 autem
1671 668 1788 735 Dei,
1831 668 1978 724 illius
2005 667 2125 725 visi-

2241 663 2352 718 τῶν
2384 662 2676 735 ἁμαρτιῶν
2707 681 2811 733 μου
2847 661 2923 734 (5)
2957 663 3226 734 είδαχθές.
3268 664 3560 736 Πρόσωπον
3598 666 3669 733 ὀὶ,
3690 665 3777 737 τὴν

550 760 809 813 lationem
842 770 1005 832 atque
1038 761 1374 824 custodiam,
1394 775 1491 816 seu
1510 760 1675 816 etiam
1701 758 2138 815 benevolentiam

546 852 819 923 intelligit.

622 943 841 998 Satt-um
868 960 948 997 me
1012 944 1101 1012 fac
1172 946 1227 999 in
1294 945 1667 1000 misericordia
1734 954 1850 1001 tua.
1908 943 1969 999 Si
2028 957 2137 999 non

547 1046 773 1106 propter
810 1054 918 1099 me,
954 1039 1156 1091 saltem
1188 1038 1262 1091 ob
1322 1037 1765 1093 misericordiam
1822 1046 1997 1091 tuam.
2060 1036 2137 1093 De

547 1134 601 1178 te
622 1129 769 1179 enim
793 1126 981 1181 dixisti
1013 1126 1069 1179 in
1095 1126 1231 1180 libro
1247 1124 1503 1181 Levitici:
1533 1126 1639 1197 Ego
1669 1126 1967 1181 misericors
1994 1142 2134 1181 sum.

619 1218 786 1276 Vens.
829 1218 916 1273 l8.
949 1218 1193 1286 Domine,
1228 1236 1336 1273 non
1383 1220 1704 1288 confundor,
1750 1218 1999 1290 quoniam
2050 1219 2137 1272 in-

549 1311 732 1363 vocavi
761 1320 831 1364 te.
864 1309 1057 1366 Simile
1091 1319 1177 1365 est
1204 1311 1350 1379 quod
1405 1311 1635 1380 legimus
1688 1310 1901 1381 psalmo
1949 1323 2087 1364 mn
2117 1324 2133 1363 :

556 1400 674 1455 Non
701 1401 1023 1470 confundar,
1076 1403 1329 1472 quoniam
1360 1404 1568 1473 speravi
1594 1406 1649 1457 in
1700 1412 1769 1457 te.

619 1516 1033 1584 Confundantur
1061 1519 1213 1585 impii
1260 1528 1311 1571 et
1362 1517 1685 1573 descendant
1723 1522 1779 1572 in
1837 1520 2128 1589 infernum.

548 1610 965 1677 Acltitophelem
996 1611 1225 1679 impium
1256 1613 1516 1681 appellat,
1546 1612 1713 1666 veluti
1744 1613 1835 1682 qui
1862 1613 2031 1682 legem
2065 1611 2134 1667 de

2241 756 2552 829 ἐπισκοπὴν
2578 757 2675 813 xui.
2696 756 2973 811 οἰκείωσιν
3006 758 3181 811 καλεῖ.

2312 934 2524 992 Σῶσόν
2545 956 2622 1006 με
2646 941 2715 992 ἐν
2744 932 2825 1007 τῷ
2844 937 3003 993 ἐλέει
3034 955 3171 995 σου.
3205 938 3265 992 Ei
3291 936 3367 1008 μὴ
3402 936 3469 990 δι’
3513 936 3626 1007 ἐμὲ,
3662 938 3780 991 ἀλλά

2239 1027 2327 1082 διὰ
2359 1030 2419 1082 τὸ
2441 1030 2531 1083 σὺν
2562 1030 2732 1093 ἔλεος.
2785 1031 2857 1083 Σὺ
2908 1031 3015 1099 γὰρ
3050 1026 3213 1095 εἶπας
3272 1031 3333 1082 ἂν
3378 1030 3445 1101 τῇ
3495 1027 3654 1099 βίσλῳ
3701 1027 3780 1081 τοῦ

2237 1120 2551 1185 Λευῖτικοῦ,
2578 1122 2659 1174 ὃτι
2693 1120 2998 1189 Ἔλεήμων
3028 1120 3171 1189 ειμι.
3752 1126 3758 1135 ’

2307 1216 2485 1281 Κύριε
2520 1253 2535 1276 ,
2573 1213 2660 1281 μὴ
2735 1213 3289 1283 καταισχυνθείην,
3347 1210 3785 1281 ἑπεκαλεσὰμηγ

2236 1322 2330 1360 σε.
2368 1305 2551 1358 Ἕοικε
2591 1305 2750 1359 τοῦτο
2780 1305 2857 1375 τῷ
2886 1305 3116 1375 εἰκοστῷ
3139 1306 3385 1376 τετάρτῳ
3441 1302 3653 1376 ψαλμῷ·
3698 1304 3781 1374 Μὴ

2237 1401 2772 1466 καταισχυνθείην,
2812 1398 2901 1451 ὅτι
2941 1399 3174 1466 ἤλπισα
3196 1399 3294 1452 ἐπὶ
3328 1399 3424 1453 σέ.

2298 1513 2793 1583 Αίσχυνθείησαν
2876 1514 3137 1579 ἀσεϐεῖς,
3209 1515 3307 1568 καὶ
3366 1518 3787 1585 καταχθειησαν

2232 1604 2321 1671 είς
2357 1604 2528 1671 ᾅδου.
2568 1605 2768 1673 Ἀσεϐἧ
2797 1607 2897 1676 μὲν
2922 1606 3073 1674 λέγει
3105 1606 3201 1658 τὸν
3250 1608 3558 1677 ’Δχιτόφελ,
3600 1608 3672 1669 ὡς
3717 1610 3783 1679 μὴ

546 1700 843 1770 parricidio
877 1716 988 1755 non
1021 1710 1107 1756 est
1161 1704 1392 1770 veritus,
1455 1704 1584 1757 dum
1644 1704 1817 1759 tilium
1891 1704 2125 1760 irritavit

2235 1697 2530 1766 σεϐόμενον
2557 1699 2686 1761 τοὺς
2717 1699 2859 1751 κατὰ
2886 1697 3235 1769 πατραλοιῶν
3263 1701 3462 1770 νόμους
3506 1701 3598 1753 τοῦ
3642 1701 3782 1766 Θεοῦ,

545 1792 810 1849 adversus
895 1802 1128 1863 patrem,
1223 1803 1387 1864 atque
1484 1797 1776 1867 insurgere
1867 1796 1922 1851 in
1998 1812 2125 1854 eum

2236 1792 2294 1844 ὲν
2317 1757 2395 1859 τά)
2426 1757 2733 1860 ἐπεγείρειν
2752 1789 2843 1842 τὸν
2870 1757 3088 1859 υἱὸν
3104 1790 3293 1861 πατρί.
3320 1757 3544 1853 ’ὶινὲ-ςδὲ
3568 1757 3785 1860 λέγουσι,

549 1885 709 1940 fecit.
746 1885 931 1957 Aliqui
975 1897 1159 1940 autem
1216 1887 1429 1951 dicunt,
1494 1888 1663 1943 verba
1724 1888 1840 1942 haec
1899 1886 2128 1943 formam

543 1979 767 2050 quidem
828 1979 1249 2050 imprecationis
1315 1979 1542 2044 habere,
1620 1979 1717 2035 sed
1776 1980 1883 2035 vim
1944 1992 2130 2038 tenere

546 2069 873 2141 prophetiae,
908 2080 1072 2140 atque
1119 2070 1342 2140 praedici
1402 2086 1467 2125 ea
1524 2086 1646 2140 quae
1692 2084 1956 2140 passurus
2009 2078 2129 2125 erat

543 2162 900 2234 Acltitophel,
935 2164 1028 2233 qui
1071 2177 1289 2219 summa
1331 2162 1566 2217 refertus
1601 2161 1955 2226 confusione,
1980 2160 2127 2231 quod

547 2256 845 2311 consilium
886 2254 1054 2310 Cltusi
1105 2271 1204 2310 suo
1239 2254 1599 2326 praepositum
1652 2252 1876 2320 fuisset,
1929 2254 2128 2323 laqueo

544 2362 852 2418 suspensus
885 2347 1130 2417 seipsum
1191 2348 1490 2402 interemit.
1544 2344 1940 2414 Multiplieibus
1995 2359 2126 2401 vero

544 2436 733 2493 verbis
770 2437 964 2493 beatus
987 2436 1182 2504 David,
1212 2438 1486 2494 adversus
1547 2437 1799 2492 inimicos
1850 2452 1910 2491 se
1955 2438 2128 2507 impu-

543 2537 778 2600 gnantcs
807 2528 1049 2585 divinam
1079 2529 1313 2585 advocat
1355 2530 1793 2601 indignationem
1832 2547 1846 2583 :
1885 2532 2125 2599 primum

543 2636 606 2677 ea
656 2622 893 2687 ratione,
959 2632 1018 2677 ut
1078 2622 1335 2695 Castigati
1384 2623 1640 2677 meliores
1706 2621 2124 2676 redderentur:

542 2713 767 2770 Percute
807 2716 976 2780 enim,
1021 2716 1223 2785 inquit,
1250 2727 1541 2786 argentum
1582 2716 1886 2786 reprobum,
1917 2724 1967 2767 et
1995 2730 2127 2782 pur-

470 2796 471 2799 “
542 2807 761 2877 gabitur
811 2808 903 2875 ‘°;
955 2809 1221 2873 secundo,
1278 2818 1336 2863 ut
1387 2809 1440 2862 in
1504 2809 1612 2865 hac
1661 2809 1773 2863 vita
1837 2809 2125 2863 tormentis

541 2899 742 2963 all‘ecti,
798 2899 851 2954 in
903 2889 1092 2955 futura
1153 2902 1221 2955 ab
1254 2902 1475 2956 aeternis
1535 2902 1711 2971 poenis
1773 2902 2122 2967 liberentur;

544 2990 731 3054 tertio,
766 2998 822 3043 ut
858 2991 1067 3061 posteri
1114 2992 1219 3045 hoc
1256 2999 1415 3062 pacto
1449 2991 1850 3046 moderatiores
1899 2991 2121 3058 ﬁerent;

2230 1884 2303 1936 τὰ
2331 1883 2581 1953 παρόντα
2614 1885 2755 1954 ῥητὰ
2777 1877 2931 1953 ἰσχὺν
2961 1882 3065 1953 μὲν
3095 1883 3241 1954 ἔχειν
3267 1886 3430 1954 ἀρᾶς,
3490 1884 3712 1955 δύναμιν
3737 1884 3787 1937 δὲ

2233 1975 2583 2046 προφητείας
2604 1992 2618 2005 ·
2654 1975 2992 2046 προείρηκεν
3024 1975 3129 2048 γὰρ
3155 1976 3191 2029 ἃ
3222 1974 3419 2047 ἔμελλε
3446 1977 3659 2030 παθεῖν.
3693 1976 3790 2031 Καὶ

2230 2067 2472 2141 ᾐσχύνθη
2506 2069 2634 2139 γὰρ,
2667 2070 3107 2140 προτιμηθείσης
3135 2068 3339 2139 τῆςτοῦ
3371 2070 3543 2127 Χουσὶ
3573 2068 3791 2139 συρισου·

2233 2162 2352 2232 λῆς,
2384 2164 2481 2215 καὶ
2502 2160 2766 2233 ἀνῃρέθη,
2802 2161 3000 2233 βρόχον
3039 2161 3343 2231 ἁψάμενος.
3367 2164 3470 2217 Διὰ
3530 2163 3694 2217 πολλὰ
3739 2163 3792 2215 δὲ

2228 2253 2406 2309 ταῦτα
2432 2254 2531 2325 τὴν
2558 2253 2709 2309 Θείαν
2731 2254 3107 2323 ἀγανάκτησιν
3124 2256 3266 2309 κατὰ
3289 2257 3400 2309 τῶν
3428 2253 3793 2327 πολεμούντων

2229 2346 2381 2416 αὐτῷ
2406 2345 2721 2400 ἐκκαλεῖται
2759 2362 2773 2376 ·
2810 2346 2869 2400 ἓν
2902 2347 3023 2416 μὲν,
3061 2345 3205 2401 ὥστε
3243 2346 3473 2412 τούτους
3517 2346 3795 2419 βελτιωθῆ-

2229 2457 2341 2495 ναι’
2374 2442 2566 2495 Tristes
2597 2440 2728 2512 γὰρ,
2778 2442 2968 2511 φησὶν,
3018 2440 3314 2509 ἀδόκιμον
3344 2440 3636 2511 ἀργύριον
3656 2482 3672 2507 ,
3703 2439 3793 2493 καὶ

2231 2534 2676 2603 καθαρθήσεται
2695 2551 2708 2566 ·
2736 2535 2924 2604 ἕτερον
2958 2533 3036 2598 δὲ,
3080 2535 3168 2588 ἵνα
3196 2533 3332 2604 τῷδε
3360 2532 3793 2605 βασανισθέντες,

2230 2629 2349 2681 ἐκεῖ
2376 2628 2618 2699 ρυσθῶσι
2652 2628 2760 2681 τῶν
2794 2628 3030 2682 αἰωνίων
3064 2628 3344 2683 κολάσεων
3373 2643 3387 2656 ·
3456 2628 3665 2697 τρίτον,
3717 2626 3797 2679 ἴνα

2230 2721 2325 2773 καὶ
2345 2720 2523 2789 ἕτεροι
2544 2719 2632 2773 διὰ
2658 2718 2819 2773 τοῦτο
2847 2719 3285 2790 σωφρονισθῶσι·
3331 2722 3649 2793 πανοῦργος
3677 2717 3798 2787 γὰρ,

2229 2810 2418 2882 φησὶν,
2447 2810 2570 2864 tam
2594 2811 2809 2881 ἄφρονα
2842 2812 3262 2882 τιμωρούμενον
3302 2811 3615 2881 κραταιῶς,
3647 2809 3799 2872 αὐτὸς

2228 2899 2599 2955 παιδεύεται·
2658 2900 2946 2973 τέταρτον,
3003 2901 3147 2955 ὥστε
3218 2903 3313 2956 καὶ⁸
3371 2902 3489 2972 βίον
3511 2900 3800 2972 λοιμώδους

2228 2992 2609 3063 ἀπαλλαγῆναι
2633 2993 2871 3058 κακίας·
2915 2994 3190 3065 πέμπτον,
3220 2994 3309 3047 ἵνα
3358 2993 3434 3066 μὴ
3497 2998 3600 3049 καὶ
3662 2992 3802 3047 ἄλλοι

543 3082 813 3137 scelestus
845 3084 1203 3138 enimvidens
1237 3084 1337 3137 sibi
1372 3084 1605 3138 similem
1640 3083 1796 3151 CIBtli,
1838 3084 2123 3149 eruditur;

2236 3086 2565 3139 ὲπιτεθῶσιν
2594 3085 2766 3156 αὐτῷ,
2797 3086 2896 3148 τὰς
2925 3085 3312 3158 ἐπενεχθείσας
3369 3087 3607 3151 ἐκείνοις
3639 3085 3801 3155 φοϐη-

541 3184 763 3243 quarto,
798 3182 857 3228 ut
890 3189 1126 3241 praesens
1167 3176 1278 3228 vita
1336 3176 1402 3228 ab
1462 3174 1780 3244 ltujusmodi
1848 3174 2125 3247 pestilenti

2240 3177 2425 3243 θέντες
2452 3178 2668 3249 πληγάς
2692 3193 2707 3208 ⁶
2735 3177 2914 3242 ἓκτον,
2953 3179 3040 3231 ἶνα
3072 3180 3143 3249 μή
3182 3195 3328 3243 τινες
3389 3178 3647 3246 εἴπωσιν,
3690 3178 3803 3231 οὐκ

542 3265 678 3318 vitio
703 3264 1001 3331 liberetur;
1038 3268 1253 3334 quinto,
1284 3283 1351 3321 ne
1374 3268 1463 3321 alii
1496 3268 1804 3323 addantur:
1829 3276 2125 3323 cernentes

2230 3268 2363 3322 ἐστι
2391 3270 2657 3336 σωτηρία
2685 3267 2845 3339 αὐτῷ
2873 3268 2944 3323 ἐν
2976 3266 3058 3334 τῷ
3098 3269 3238 3336 Θεῷ.

543 3359 804 3415 nimirum
834 3375 899 3416 ac
931 3363 1087 3416 veriti
1137 3365 1323 3435 plagas
1376 3364 1483 3419 illis
1540 3363 1755 3430 illatas;
1817 3373 1998 3430 sexto,
2058 3378 2128 3417 ne
2166 3365 2292 3433 quis
2318 3364 2452 3420 illud
2474 3364 2659 3420 dicere
2693 3365 2903 3436 possit:
2948 3363 3074 3419 Non
3104 3375 3182 3420 est
3252 3366 3401 3421 satus
3446 3367 3534 3421 illi
3591 3367 3647 3421 in
3703 3364 3804 3418 Deo

540 3453 656 3522 ejus
690 3456 759 3509 “.

599 3571 765 3628 Vens.
799 3573 888 3627 l9.
927 3571 1082 3627 Huta
1112 3574 1245 3639 ﬁant
1274 3572 1420 3627 labia
1450 3572 1638 3628 dolosa
1675 3592 1793 3646 qua:
1827 3575 2121 3645 loquuntur

539 3676 725 3719 contra
743 3664 955 3735 justum
990 3665 1299 3734 iniquitates
1332 3665 1385 3718 in
1416 3666 1663 3732 superbia
1688 3678 1737 3721 et
1773 3666 2121 3735 despectione.

541 3758 645 3813 Per
677 3757 818 3810 labia
851 3756 1039 3811 dolosa
1072 3756 1456 3825 Aeltitopbelis
1509 3758 1651 3811 labia
1696 3758 1975 3829 intelligit,
2029 3774 2125 3812 ve-

544 3851 644 3905 luti
674 3866 795 3919 quae
822 3849 1107 3917 antiquum
1146 3847 1330 3903 dolum
1348 3863 1416 3903 eo
1455 3864 1630 3919 usque
1695 3849 2126 3913 occultaverant,

537 3950 595 3997 et
618 3956 740 4011 quae
778 3949 925 3993 muta
996 3940 1140 3994 facta
1180 3948 1310 3995 sunt
1354 3939 1481 4011 quia
1515 3940 1680 4009 paulo
1738 3948 1862 4010 post
1901 3949 2129 3995 enectus

540 4028 918 4107 est.[Justutn
981 4040 1162 4086 autem
1220 4033 1465 4103 seipsum
1526 4030 1803 4105 appellat.)
1832 4048 1899 4088 eo
1973 4032 2119 4103 quod

544 4136 645 4176 nec
696 4120 1020 4175 Absalonem
1092 4123 1295 4189 injuria
1365 4135 1604 4190 unquam
1688 4121 1962 4185 affecerat,
2025 4137 2124 4176 nec

547 4213 983 4283 AcltitOplteietn,
1036 4222 1132 4266 aut
1174 4216 1340 4267 alium
1398 4230 1464 4269 ex
1520 4229 1710 4269 eorum
1771 4216 1961 4269 sociis.
2020 4212 2125 4269 Per

544 4304 893 4374 iniquitatem
927 4319 1081 4368 vero,
1116 4320 1307 4358 eorum
1341 4304 1637 4359 consilium
1696 4306 1973 4377 intelligit,
2010 4320 2121 4375 quo

546 4396 714 4449 tilium
767 4396 1034 4451 adversus
1099 4406 1305 4465 patrem
1364 4396 1677 4451 irritabant.
1742 4395 1807 4450 In
1874 4396 2119 4465 superbia

542 4490 708 4542 etiam
740 4488 911 4552 addit,
980 4488 1105 4557 quia
1150 4489 1395 4557 jactabat
1438 4489 1758 4559 Acltitopltel
1812 4500 1973 4544 nocte
2030 4491 2121 4545 illa

2300 3573 2542 3627 Ἀλαλα
2577 3569 2890 3639 γενηθήτω
2920 3569 2994 3625 τὰ
3022 3571 3200 3642 χείλη
3229 3570 3303 3624 τὰ
3331 3570 3532 3641 δόλια,
3587 3573 3660 3627 τὰ
3706 3575 3805 3626 .ta-

2222 3669 2454 3725 λοῢντα
2491 3668 2641 3721 κατὰ
2668 3666 2780 3722 τοῦ
2812 3664 3050 3721 δικαίου
3105 3666 3384 3736 ἀνομίαν,
3438 3666 3511 3720 ἐν
3588 3668 3804 3733 1'23qu-

2225 3761 2414 3831 φανΙᾳ
2436 3757 2541 3814 καὶ
2567 3757 2989 3824 ἐξουδενώσει.
3014 3756 3183 3827 Χεῑλη
3208 3757 3379 3822 δόλια,
3402 3758 3473 3809 τὰ
3527 3757 3625 3811 τοῦ
3660 3759 3804 3827 Ἀχι-

2225 3855 2413 3925 τόφελ,
2440 3855 2516 3919 ὼς
2545 3852 2836 3926 κρύψαντα
2869 3852 2963 3907 τὸν
2987 3853 3053 3905 ὲκ
3086 3851 3257 3906 πάλαι
3282 3852 3433 3905 δόλον
3481 3851 3621 3924 ἄχρι
3651 3853 3711 3906 τό
3724 3868 3800 3916 τε,

2226 3948 2262 4003 ἃ
2287 3949 2382 4003 καὶ
2402 3947 2578 4001 ἄλαλα
2606 3946 2922 4015 γεγόνασιν,
2955 3946 3352 4012 ἀποπνιγέντος
3410 3945 3516 3998 οὐκ
3569 3947 3652 4010 είς
3702 3964 3804 4016 μα-

2224 4042 2387 4111 κράν.
2418 4040 2639 4093 Δίκαιον
2659 4038 2717 4091 δὲ
2743 4037 2935 4091 ἑαυτὸν
2967 4034 3139 4105 λέγει,
3179 4038 3256 4099 ὡς
3314 4053 3389 4107 μη
3412 4036 3801 4108 ἀδικήσανταῆ

2223 4133 2316 4187 τὸν
2355 4128 2760 4202 ’Δϐεσαλὼμ,ἢ
2795 4130 2888 4182 τὸν
2931 4127 3243 4200 Ἀχιτόφελ,
3278 4128 3313 4198 ἦ
3365 4145 3489 4181 τινα
3543 4130 3658 4182 τῶν
3712 4130 3805 4182 σὺν

2222 4226 2427 4288 αὐτοῖς.
2447 4224 2706 4294 ’Δνομίαν
2722 4222 2800 4285 ὁὶ,
2824 4223 2923 4293 τὴν
2952 4222 3146 4275 τούτου
3173 4221 3486 4292 συμϐουλὴν
3517 4223 3803 4292 ὀνομάζει*

2225 4318 2427 4387 ἄνομος
2451 4318 2582 4387 γὰρ,
2612 4317 2688 4379 ὡς
2708 4314 3110 4385 παραθήγουσα
3127 4314 3245 4368 υίὸν
3279 4316 3416 4386 πρὸς
3443 4317 3535 4369 τὸν
3563 4320 3803 4387 πατέρα.

2227 4407 2321 4460 Ἐν
2361 4407 2714 4478 ὑπερηφανίᾳ
2763 4405 2941 4472 δὲ,δτι
2971 4406 3391 4478 ἐμεγαλαύχησε
3433 4408 3701 4463 δύνασθαι
3739 4409 3804 4460 δι’

2229 4499 2357 4566 ὅλης
2378 4498 2481 4567 τῆς
2514 4496 2706 4558 νυκτὸς
2728 4496 2944 4565 ἐκείνης
2976 4495 3052 4564 (6)
3080 4496 3402 4561 ἀποπεσεῖν,
3449 4498 3546 4551 καὶ
3593 4498 3807 4551 ἀνελεῖν

546 4595 668 4633 sese
707 4580 969 4648 impetum
1009 4578 1284 4632 facturum
1317 4588 1484 4647 atque
1535 4582 1994 4649 interempturum
2019 4579 2121 4632 Da-

2229 4588 2389 4652 αὑτὸς
2418 4586 2511 4642 τὸν
2533 4585 2719 4651 Δασὶδ,
2742 4586 2819 4650 ὡς
2848 4589 2907 4640 ὲν
2940 4590 3005 4656 τῇ
3043 4586 3340 4639 Βασιλειῶν
3370 4586 3576 4655 ἐδίδαξε
3612 4588 3803 4659 βὲδλῳ.

545 4670 655 4735 vid,
700 4680 759 4723 ut
792 4670 1025 4723 habetur
1060 4671 1111 4722 in
1145 4668 1303 4723 libris
1360 4669 1592 4738 Regum.
1663 4668 1729 4722 In
1788 4671 2119 4737 despectione

542 4762 818 4825 similiter,
855 4762 984 4831 quia
1032 4762 1329 4831 opprobrio
1362 4775 1426 4814 ac
1460 4763 1797 4817 contumelia
1830 4777 1957 4817 eum
1988 4761 2120 4817 am:-

544 4861 719 4906 cerat.

617 4944 780 5000 Vens.
812 4944 904 4998 20.
934 4943 1104 5008 Quam
1128 4961 1319 5013 magna
1370 4943 1656 4999 multitudo
1706 4945 1957 4999 bonitatis
1992 4955 2117 5011 tum,

547 5036 791 5101 Domine,
851 5051 1008 5103 quam
1060 5035 1382 5089 abscondisti
1446 5037 1749 5090 timentibus
1806 5038 1896 5091 te!
1947 5038 2119 5106 Quam

548 5143 769 5196 magna,
812 5143 933 5197 pro,
980 5128 1137 5182 valde
1172 5143 1409 5195 magna:
1471 5128 1888 5199 philosophatur
1936 5140 2118 5185 autem

548 5219 832 5287 preplteta,
879 5217 1040 5272 modo
1073 5218 1548 5288 longanimitatem
1588 5220 1703 5284 Dei,
1738 5221 1899 5275 modo
1937 5223 2118 5275 vindi-

545 5318 688 5363 ctam
747 5308 1048 5375 admirans,
1083 5321 1248 5380 atque
1296 5313 1395 5377 ait,
1445 5312 1593 5383 quod
1639 5314 1799 5369 valde
1829 5316 2006 5383 ampla
2038 5325 2122 5370 est

620 5487 665 5518 “
699 5489 842 5545 Psal.
876 5508 950 5559 xi,
984 5492 1037 5545 7.
1115 5494 1173 5558 ⁸]-
1197 5494 1345 5551 Psal.
1393 5511 1476 5563 ιιι,
1504 5497 1559 5551 5.

2219 4678 2654 4748 Ἐξουδενώσει
2700 4677 2780 4744 δὲ,
2812 4679 2895 4731 ὅτι
2918 4677 3014 4732 καὶ
3038 4677 3264 4748 ὓσρισεν
3289 4678 3478 4735 αὐτόν.

2298 4945 2400 5010 Ὠς
2439 4944 2596 4999 πολὺ
2651 4944 2720 4998 τὸ
2765 4944 3003 5014 πλῆθος
3048 4943 3160 5014 τῆς
3188 4949 3604 5018 χρηστότητός
3662 4965 3804 5015 σου,

2230 5040 2429 5105 Κύριε,
2467 5036 2547 5104 ἣν
2584 5038 2858 5105 ἔκρυψας
2888 5037 3011 5103 τοῖς
3040 5040 3435 5107 φοϐουμένοις
3469 5058 3564 5096 σε.
3595 5042 3674 5096 Τὸ
3706 5044 3809 5108 ὡς,

2229 5133 2352 5186 ἀντὶ
2376 5130 2493 5195 τοῦ,
2526 5129 2669 5184 λίαν.
2695 5129 2979 5198 Φιλοσοφεῖ
3016 5130 3071 5184 δὲ
3095 5132 3225 5203 περὶ
3255 5134 3353 5204 τῆς
3379 5132 3475 5188 τοῦ
3504 5133 3643 5187 Θεοῦ
3675 5137 3809 5189 ποτὲ

2235 5222 2335 5292 μὲν
2370 5222 2776 5293 μακροθυμίας,
2812 5227 2945 5279 ποτὲ
2986 5226 3044 5280 δὲ
3073 5227 3313 5300 ἀμύνης,
3363 5231 3456 5284 καί
3494 5247 3684 5300 φησιν,
3721 5230 3806 5283 ὅτι

2232 5315 2369 5369 Δίαν
2399 5316 2568 5387 πολλὴ
2593 5316 2955 5390 ή’χρηστὸτης
2988 5335 3105 5386 σου,
3130 5320 3196 5391 ἦν
3240 5321 3378 5394 πρὸς
3408 5322 3596 5393 καιρὸν
3635 5322 3808 5396 ἔκρυ-

1826 5608 2020 5669 Varitn
2050 5607 2381 5669 lectiones.

621 5730 695 5800 (δ)
718 5733 824 5800 rp.
855 5731 1123 5804 Είδεχθές.

2303 5733 2379 5803 (6i
2421 5732 2633 5791 Mallem
2672 5734 3033 5806 Προσπεσείν.
