4036 6256
601 299 707 362 359
1760 299 2157 361 EUTHYMII
2217 301 2584 362 ZlGABENl
3711 311 3794 375 διο

671 404 743 461 Et
773 405 1017 461 retribuit
1047 406 1112 461 iis
1155 406 1247 477 qui
1267 405 1600 462 abundanter
1631 407 1840 477 faciunt
1859 411 2183 479 superbiant.
2210 415 2264 476 Α

2210 415 2264 476 Α
2361 413 2468 466 Kal
2535 411 2979 467 ἀνταποδίδωσι
3044 415 3167 480 τοῖς
3240 413 3535 483 περισσῶς
3598 418 3798 476 ποιοῦσι

599 497 735 566 Hoc,
764 507 822 554 ut
847 499 1221 569 prtediximus.
1250 509 1471 571 propter
1509 500 1923 574 Acltitnpbelem
1973 506 2181 560 dictum

2288 507 2762 575 ὑπερηφάνειαν.
2795 506 2965 560 Τοῦτο
2996 507 3083 560 διὰ
3117 508 3208 560 τὸν
3254 507 3546 576 Ἀχιτόφελ,
3587 509 3653 573 ὡς
3683 527 3792 581 προ-

598 604 704 646 est.
731 590 868 646 Cum
905 591 973 647 iis
1031 591 1197 662 igitur
1245 593 1339 663 qui
1391 593 1715 664 simpliciter
1768 595 1994 667 superbi
2031 606 2179 663 sunt,

2287 598 2610 668 ειρήκαμεν.
2643 598 2767 651 Ἐπὶ
2790 598 2888 668 μὲν
2911 601 3023 662 τοῖς
3045 598 3233 663 ante);
3260 600 3361 651 ὺπε
3373 603 3798 672 ρηφανευομένοις,

604 678 869 735 Dominus
919 683 1253 750 longanimis
1277 691 1361 737 est
1395 699 1408 735 :
1441 698 1564 738 cum
1597 683 1665 738 iis
1715 699 1844 740 vero
1887 687 1980 756 qui
2027 687 2182 741 nimii

2289 689 2636 759 μακροθυμεῖ
2657 703 2674 720 ο
2704 691 2818 752 τοῖς
2846 689 2902 741 δὲ
2940 690 3216 760 περισσῶς
3249 690 3408 743 τοῦτο
3455 691 3694 761 ποιοῦσιν,
3719 696 3800 748 οὐκ

600 783 730 827 sunt
786 773 840 827 in
898 788 964 828 eo
1020 773 1177 839 vitio,
1241 773 1513 846 condigna
1576 772 1702 847 [nec
1762 774 1914 848 sero]
1967 778 2184 834 delictis

2064 779 2184 834 ictis
2285 783 2364 842 εἰς
2388 782 2611 853 μακρὰν
2641 780 2763 835 ἀντὶ
2793 780 2998 853 ταύτης
3029 782 3358 836 ἀποδίδωσιν
3381 785 3658 855 τιμωρίαν.

601 866 857 920 retribuit
891 867 1185 937 supplicia.

670 955 840 1012 Vens.
898 958 992 1012 25.
1064 957 1301 1013 Viriliter
1371 961 1536 1031 agite,
1599 970 1650 1015 et
1715 961 2032 1032 fortiﬁcetur
2091 979 2182 1016 cor

2365 955 2728 1024 Ἁνδρίζεσθε
2771 959 2869 1011 καί
2906 961 3316 1026 κρατιιιούσθω
3355 963 3392 1030 ἠ
3427 963 3624 1030 καρδία
3648 967 3805 1036 ὑμῶν.

595 1062 846 1116 rutrum,
879 1066 1055 1103 omnes
1099 1053 1191 1122 qui
1222 1055 1450 1120 speratis
1499 1055 1552 1107 in
1597 1054 1843 1109 Domino.
1880 1055 2180 1126 Adjuvabit

2284 1048 2508 1117 πάντες
2551 1055 2602 1104 oi
2647 1048 2991 1116 ἐλπίζοντες
3034 1053 3132 1106 ἐπί
3161 1054 3403 1121 Κύριον.
3440 1055 3686 1128 Βοηθήσει
3718 1061 3805 1130 γὰρ

596 1143 791 1208 procul
821 1143 991 1197 dubio
1024 1144 1292 1199 Dominus
1325 1161 1443 1213 vos,
1469 1158 1524 1203 et
1553 1163 1662 1202 non
1698 1148 1989 1218 despiciet.
2024 1147 2168 1202 Nam

2281 1143 2693 1213 ἀναμφιϐόλως,
2726 1147 2819 1197 καὶ
2848 1145 2911 1198 οὐ
2942 1146 3286 1215 περιόψεται.
3313 1147 3376 1198 Ol
3399 1148 3505 1219 γάρ
3535 1150 3806 1215 πεπιιθότες

594 1232 687 1298 qui
742 1233 796 1284 in
835 1232 990 1286 illum
1049 1235 1358 1302 conﬁdunt,
1392 1251 1504 1290 non
1537 1237 1981 1292 confunduntur.
2031 1237 2178 1294 Con-

2279 1237 2368 1289 ὲπ’
2398 1237 2585 1301 αὐτὸν,
2609 1238 2668 1290 οὐ
2704 1236 2778 1308 μὴ
2813 1236 3312 1306 καταισχυνθῶσιν.
3356 1238 3715 1310 Ἐπεφὼνησεν
3735 1245 3809 1296 καὶ

592 1337 732 1376 soua
761 1333 946 1377 autem
997 1325 1115 1380 haec
1165 1335 1298 1381 sunt
1360 1327 1432 1383 iis
1480 1342 1602 1396 quin
1655 1326 1932 1382 habentur
1984 1329 2041 1382 in
2070 1326 2177 1383 [ine

1984 1329 2041 1382 in
2070 1326 2177 1383 ﬁne
2277 1328 2454 1384 ταῦτα
2482 1328 2663 1400 ἑαυτῷ
2689 1332 2748 1383 ιν
2781 1329 2861 1398 τῷ
2885 1327 3030 1381 τέλει
3051 1328 3145 1382 τοῦ
3173 1327 3267 1393 κς¹
3296 1329 3535 1400 ψαλμοῦ.

591 1413 798 1469 Psalmi
837 1431 986 1470 τινι.

883 1511 1132 1567 Psalmus
1176 1513 1277 1579 ipsi
1303 1511 1477 1565 David
1509 1512 1892 1583 intelligentiae.

2600 1502 2846 1575 Ψαλμὸς
2875 1503 2957 1570 τῷ
2990 1506 3169 1559 Δαΰίὸ
3208 1507 3537 1573 συνέσεως.

1102 1605 1422 1662 PSALMUS
1471 1604 1666 1660 XXXI.

2838 1597 3130 1652 ΨΑΛΜΟΣ
3167 1597 3292 1654 AA'.

664 1695 1032 1766 Intelligentitz
1092 1697 1436 1763 inscribitur,
1486 1697 1593 1762 vel,
1643 1698 1769 1768 quia
1826 1697 1997 1752 multa
2055 1703 2172 1753 erat
2207 1757 2242 1768 _

2218 1757 2242 1768 _
2347 1695 2420 1749 Ἦ
2465 1697 2545 1748 ὃτι
2594 1695 2863 1756 συνέσεως
2911 1693 3172 1762 πλησθεὶς
3202 1693 3443 1765 ἔγραψεν
3472 1697 3660 1761 ταῦτα,
3690 1697 3720 1768 ἢ
3746 1698 3812 1751 ὃτι

595 1757 865 1858 Pmplieta
901 1790 1095 1858 plenus
1143 1757 1525 1861 intelligentia,
1575 1757 1796 1859 quando
1834 1789 1982 1845 hunc
2028 1789 2175 1860 psal-

2219 1757 2435 1861 Βχρεία
2474 1788 2742 1849 σδνέσεως
2771 1757 3034 1853 ἐνταῦθα,
3076 1787 3109 1858 ἢ
3156 1757 3366 1841 καίότι
3403 1757 3664 1855 συνετξζει
3707 1757 3813 1853 τοὺς

599 1895 744 1932 mum
804 1881 1164 1949 composuit;
1225 1883 1334 1944 vel,
1393 1882 1519 1951 quia
1579 1883 1648 1935 ob
1710 1881 2174 1950 prolundissimos

2277 1879 2775 1948 ἀναγινώσκοντας.
2809 1878 2949 1947 Φησὶ
2982 1877 3092 1947 γάρ
3118 1895 3132 1909 ·
3165 1877 3261 1946 Μὴ
3296 1881 3540 1947 γίνεσθε
3566 1881 3641 1945 ὡς
3659 1880 3814 1945 ἵππος

593 1971 791 2040 psalmi
817 1985 1034 2036 sensus,
1065 1972 1256 2026 lectori
1286 1974 1454 2026 multa
1485 1988 1624 2042 opus
1652 1982 1736 2027 est
1771 1973 2129 2042 intelligentia
2157 1991 2177 2030 ι

2276 1972 2376 2026 καί
2429 1970 2723 2040 ἡμίονος,
2785 1964 2878 2035 οἷς
2924 1970 3038 2024 οὐκ
3093 1969 3229 2024 ἐστι
3273 1971 3547 2035 σύνεσις.
3613 1971 3817 2040 Είρηκιν

591 2067 699 2130 vel,
733 2067 864 2135 quia
906 2065 1166 2120 lectorem
1198 2057 1385 2120 erudit
1413 2075 1577 2137 atque
1606 2065 2002 2138 intelligentem
2050 2066 2178 2122 red-

2274 2063 2332 2117 at
2392 2061 2484 2116 τὸν
2538 2061 2785 2131 παρόντα
2835 2059 3054 2131 ψαλμὸν
3102 2060 3243 2131 μετά
3296 2061 3396 2131 τὴν
3453 2060 3692 2144 μοιχείαν
3740 2061 3820 2114 καὶ

588 2158 692 2210 dit.
744 2158 1021 2208 Admonet
1077 2156 1282 2226 quippe
1338 2172 1465 2210 eum
1515 2158 1754 2213 dicens:
1815 2155 1998 2211 Nolite
2051 2157 2172 2226 ﬁeri

2275 2157 2368 2207 τὸν
2397 2152 2561 2222 φόνον
2614 2150 2712 2204 τοῦ
2762 2149 2990 2221 Οὐρίου.
3047 2151 3335 2222 Διαφόροις
3387 2152 3502 2222 γάρ
3541 2151 3821 2223 περιπεσὼν

591 2249 724 2303 sicut
766 2264 927 2317 equus
976 2257 1024 2302 et
1081 2248 1279 2314 mulus,
1305 2247 1494 2317 quibus
1554 2265 1659 2303 non
1717 2258 1792 2302 est
1847 2249 2162 2303 intellectus.

2275 2249 2340 2300 ὲκ
2402 2246 2525 2298 τότε
2568 2243 2875 2315 λογισμοῖς,
2932 2244 3226 2313 διαφόρους
3283 2243 3538 2314 ψαλμοὺς
3588 2243 3817 2314 ἐγραψεν,

591 2340 934 2408 Couscripsit
988 2343 1153 2394 etiam
1211 2341 1403 2394 beatus
1464 2341 1631 2396 David
1691 2342 1840 2395 hunc
1885 2342 2162 2411 psalmum

2279 2335 2723 2408 μνημονεύοντας
2777 2333 2995 2405 ἐκείνης
3047 2335 3144 2406 τῆς
3177 2336 3483 2408 ἁμαρτίας.
3537 2337 3820 2406 Πρόσφορος

589 2441 716 2503 post
749 2430 1104 2485 counuissum
1153 2431 1492 2487 adulterium
1549 2440 1598 2486 et
1647 2431 1850 2486 caedem
1889 2447 1904 2485 :
1942 2431 2011 2486 ob
2041 2445 2165 2498 quae

2072 2445 2165 2496 ita:
2271 2429 2330 2482 δὲ
2360 2431 2495 2500 ἡμῖν
2527 2429 2555 2481 ὁ
2583 2426 2822 2496 ψαλμὸς,
2851 2425 3134 2494 ἀναλόγως
3168 2427 3666 2498 ἐπιλαμϐανόμενος.

588 2538 713 2575 cum
745 2525 796 2576 in
832 2527 1012 2576 varias
1046 2521 1339 2578 incidisset
1367 2523 1730 2590 calamitates,
1773 2523 1956 2580 varios
1996 2523 2162 2579 etiam
2202 2521 2443 2593 psalmos
2472 2520 2826 2592 conscripsit,
2858 2519 2952 2576 illa
2995 2520 3291 2591 deplorans
3364 2529 3614 2591 peccata.
3683 2519 3825 2576 L‘tilit

587 2621 754 2673 etiam
803 2620 906 2674 erit
938 2621 1024 2673 hic
1061 2619 1329 2689 psalmus,
1361 2621 1405 2674 si
1434 2620 1592 2689 juxta
1619 2622 1980 2691 anagogicum
2023 2635 2249 2676 sensum
2286 2619 2648 2690 intelligatur.

661 2714 824 2765 Vens.
856 2711 907 2764 l.
941 2710 1093 2764 Beati
1135 2725 1361 2780 quarunt
1402 2713 1635 2766 remissa:
1678 2721 1800 2766 sunt
1833 2712 2169 2781 iniquitates,

2340 2713 2634 2780 Μακάριοι
2679 2704 2768 2763 ὦν
2815 2708 3137 2779 ἀφέθησαν
3181 2713 3242 2764 al
3296 2710 3562 2780 ἀνομίαι,
3615 2712 3705 2765 καί
3751 2705 3824 2764 ὧν

586 2816 635 2862 et
668 2821 892 2876 quarunt
926 2814 1064 2858 tecta
1116 2813 1239 2857 sunt
1283 2818 1521 2874 peccata.
1553 2804 1688 2860 Cum
1720 2816 1841 2874 post
1873 2808 2166 2862 commissa

2270 2805 2798 2872 ἀπεκαλύφθησαν
2850 2805 2911 2858 al
2970 2804 3268 2872 ἁμαρτίαι.
3326 2805 3502 2866 Αὐτὸς
3560 2805 3693 2872 μετά
3737 2803 3822 2872 τὴν

589 2916 619 2953 a
645 2915 702 2953 se
720 2898 944 2962 delicta,
979 2897 1183 2952 multos
1211 2899 1500 2966 pertulerit
1529 2899 1766 2963 labores,
1801 2898 1991 2954 beatos
2023 2906 2175 2953 nunc

2271 2896 2546 2966 ἁμαρτίαν
2569 2895 2743 2948 πολλὰ
2776 2896 3021 2964 πονήσας
3053 2897 3112 2949 ὲν
3147 2898 3216 2968 τῇ
3247 2896 3520 2966 ἁμαρτίᾳ,
3551 2896 3823 2968 μακαρίζει

589 2992 713 3044 illos
758 2991 874 3044 fore
923 2987 1080 3054 dicit,
1129 2990 1333 3060 quibus
1368 2994 1574 3060 absque
1607 2991 1721 3044 ullo
1759 2991 1950 3047 labore
1988 2991 2171 3047 couti-

2268 2989 2394 3051 τοὺς
2444 2987 2664 3050 ἀπόνως
2714 2986 3155 3055 ἀπολουομένους
3201 2987 3268 3040 τὰ
3315 2988 3662 3059 ἐγκλήματα,
3716 2987 3824 3050 τοὺς

593 3084 752 3152 gerit,
787 3085 1008 3152 pr0pria
1043 3084 1268 3140 abluere
1298 3093 1522 3154 peccata
1558 3103 1571 3139 :
1606 3085 1730 3142 illos
1783 3086 2046 3141 nimirum
2092 3086 2171 3141 si-

2267 3076 2702 3148 βαπτιζομένους
2752 3076 3148 3146 αἰνιττόμενος.
3219 3076 3375 3132 Ἐπεὶ
3423 3078 3482 3131 δὲ
3538 3079 3735 3131 τούτων
3782 3078 3823 3130 ot

591 3175 884 3242 guilicans,
917 3176 1012 3244 qui
1042 3177 1259 3229 lavacro
1298 3175 1650 3247 baptismatis
1701 3177 1804 3232 hoc
1846 3177 2048 3232 fuerint
2079 3192 2164 3232 re-

2232 3209 2236 3255 i!
2275 3174 2372 3240 μὲν
2423 3169 2486 3234 ἐξ
2532 3169 2710 3229 ἐθνῶν
2769 3170 2929 3236 είσὶν,
2983 3171 3036 3223 οἱ
3085 3171 3144 3224 δὲ
3199 3171 3264 3223 ὲκ
3329 3170 3635 3242 περιτομῆς
3665 3188 3678 3202 ·
3719 3172 3826 3223 dvo-

590 3266 868 3320 missionis
906 3267 1108 3319 donum
1153 3269 1430 3322 consecuti
1458 3285 1472 3335 ;
1505 3277 1561 3322 et
1611 3269 1740 3337 quia
1776 3283 1841 3324 ex
1872 3271 1941 3324 iis
1968 3269 2061 3323 alii
2094 3283 2162 3322 ex

2275 3262 2408 3334 μίαν
2467 3263 2567 3333 μὲν
2618 3257 2792 3327 εἶπεν,
2846 3264 2938 3315 ἐπὶ
2969 3262 3076 3315 τῶν
3101 3263 3159 3329 ἐξ
3213 3263 3407 3327 ἐθνῶν,
3440 3258 3522 3328 οἷς
3562 3265 3661 3317 οὐκ
3687 3261 3825 3332 ἐδόθη

588 3360 846 3426 gentibus
894 3359 1064 3413 futuri
1110 3372 1289 3422 erant,
1337 3361 1426 3413 alii
1477 3375 1539 3415 ex
1583 3361 2030 3426 circumcisione,
2062 3362 2164 3414 iui-

2271 3356 2434 3426 νόμος
2459 3371 2475 3387 ·
2528 3355 2809 3426 ἁμαρτίαν
2854 3357 2933 3422 δὲ,
2986 3357 3080 3410 ἐπὶ
3125 3357 3236 3410 τῶν
3278 3360 3341 3410 ἐκ
3377 3359 3699 3429 περιτομῆς,
3728 3355 3824 3409 τῶν

589 3452 824 3517 quitates
853 3451 1071 3520 quidem
1103 3467 1225 3520 qua:
1251 3451 1437 3507 Graeca
1487 3453 1733 3508 dictione
1783 3453 2008 3522 ἀνομίαι
2061 3453 2166 3507 hoc

2103 3466 2166 3507 oc
2273 3449 2380 3502 ὑπὸ
2409 3446 2499 3500 τὸν
2533 3447 2734 3517 νόμον·
2769 3446 3020 3517 ἁμαρτία
3048 3448 3177 3517 γὰρ,
3218 3446 3477 3517 ἀθέτησις
3509 3448 3697 3517 νόμου.

589 3559 670 3604 est
698 3547 913 3617 etleges
972 3554 1153 3611 erant,
1219 3545 1288 3601 de
1309 3547 1607 3617 gentilibus
1634 3546 1884 3616 dicit‘qui
1918 3545 2067 3599 cunni
2093 3558 2324 3614 prorsus
2350 3542 2614 3597 carebant
2653 3541 2805 3613 lege;
2838 3549 3063 3611 peccata
3092 3554 3223 3595 vero
3255 3539 3321 3597 de
3350 3540 3582 3609 ludatis,
3617 3543 3709 3614 qui
3738 3539 3826 3597 sub

587 3641 705 3710 lege
734 3649 914 3693 erant.
947 3637 1241 3692 Peccatum
1266 3639 1412 3692 enim
1443 3639 1725 3708 neglectus
1750 3648 1856 3701 est,
1881 3646 1974 3692 aut
1996 3647 2340 3705 contemptus
2365 3635 2520 3703 legis.

660 3730 825 3785 Vsus.
853 3735 906 3784 '2.
939 3730 1138 3784 Beatus
1171 3733 1252 3785 vir
1282 3733 1368 3784 cui
1397 3747 1500 3784 non
1537 3733 1876 3798 imputaret-it
1909 3730 2162 3784 Dominus

2337 3727 2643 3794 Μακάριος
2690 3726 2870 3796 ἀνὴρ.
2924 3721 2975 3796 ᾧ
3022 3712 3095 3784 οὗ
3136 3729 3223 3798 μὴ
3263 3730 3575 3800 λογίσεται
3629 3729 3830 3796 Κύριος

589 3832 881 3892 peccatum.
905 3822 1007 3874 Cui
1031 3837 1093 3875 ea
1119 3825 1330 3876 ratione
1353 3832 1636 3891 peccatum
1662 3838 1770 3877 non
1820 3823 2159 3892 ascripserit,

2262 3819 2576 3888 ἁμαρτίαν.
2609 3812 2678 3891 Ὦ
2698 3821 2801 3873 οὐκ
2833 3822 3220 3892 ἐπιγράφεται,
3251 3824 3315 3876 οὐ
3353 3827 3638 3895 μετρήσει,
3669 3823 3751 3875 διὰ
3774 3820 3829 3873 τὸ

586 3915 734 3982 quod
762 3913 1200 3982 regenerationis
1227 3915 1502 3968 lavacrum
1532 3915 1776 3969 ablutum
1802 3915 1937 3984 jam,
1965 3929 2027 3967 ac
2059 3929 2158 3982 pe-

2255 3914 2616 3985 ἀφανισθῆναι
2636 3915 2843 3986 ταύτην
2863 3915 3013 3987 παρά
3034 3917 3128 3969 τοῦ
3158 3919 3256 3987 τῆς
3280 3918 3699 3986 παλιγγενεσίας
3716 3916 3828 3970 λου·

589 4008 738 4060 nitus
761 4005 996 4059 deletum
1016 4006 1110 4060 sit.
1135 4005 1419 4061 Peccatum
1446 4005 1821 4062 indilferenter
1844 4006 2026 4074 posuit
2056 4019 2155 4075 pro

2254 4003 2406 4074 τροῦ.
2436 4006 2745 4075 Ἀμαρτίαν
2762 4008 2816 4060 δὲ
2839 4007 2932 4061 νῦν
2953 4008 3263 4076 ἀδιαφόρως
3290 4010 3344 4062 τὸ
3363 4009 3616 4079 ἔγκλημα
3639 4007 3826 4073 κέκλη-

586 4099 768 4166 culpa.
794 4097 1024 4159 Quidam
1053 4106 1234 4149 autem
1270 4096 1410 4151 idem
1444 4109 1675 4166 utraque
1697 4098 2005 4166 signiﬁcare
2029 4111 2162 4150 cou-

2272 4113 2384 4152 κεν.
2418 4097 2572 4161 Τινὲς
2595 4099 2652 4152 δὲ
2684 4099 2751 4152 τά
2783 4101 2891 4153 ἀνω
2916 4101 3076 4170 ῥητὰ,
3106 4100 3420 4170 ἀδιαφόρως
3442 4100 3828 4170 λαμϐάνουσιν,

587 4188 875 4242 tendentes
920 4188 1284 4257 prmcedentia
1316 4187 1459 4242 dicta
1499 4188 1868 4245 indilierenter
1909 4192 2156 4258 capiunt.

2269 4188 2334 4238 ἐκ
2363 4186 2706 4257 παραλλήλου
2741 4187 2801 4240 τὸ
2861 4189 2993 4241 αὐτὸ
3053 4189 3302 4257 λέγοντες
3328 4190 3494 4259 ἄμφω
3526 4191 3823 4260 σημαίνειν.

661 4278 774 4332 Nec
830 4293 900 4333 est
959 4281 1012 4332 in
1071 4295 1161 4333 ore
1208 4281 1326 4350 ejus
1369 4280 1546 4335 dolus.
1588 4281 1701 4336 Nec
1731 4291 1856 4350 post
1886 4283 2157 4352 baptisma

2341 4277 2494 4332 Οὺδέ
2523 4279 2653 4332 ἐστι
2688 4278 2760 4331 ἐν
2799 4277 2879 4344 τῷ
2921 4281 3171 4347 στόματι
3219 4281 3403 4336 αὑτοῦ
3437 4281 3644 4348 δόλος.
3705 4281 3828 4334 Οὐδὲ

587 4371 852 4424 mentitus
889 4380 994 4434 cst,
1035 4379 1130 4422 aut
1181 4372 1406 4424 violarit
1469 4382 1649 4440 pacta,
1700 4389 1822 4441 quzu
1870 4388 1995 4427 cum
2049 4372 2162 4428 Deo

2269 4369 2408 4435 μετά
2439 4369 2498 4422 τὸ
2532 4368 2816 4440 βάπτισμα
2841 4370 3108 4441 ἐψεύσατο
3137 4371 3232 4434 τὰς
3259 4375 3338 4436 εἰς
3373 4374 3505 4426 Θεὸν
3542 4374 3823 4444 συνθήκας.

588 4462 772 4515 habet.
832 4461 1024 4514 Delum
1077 4462 1222 4516 enim
1267 4463 1354 4518 hic
1403 4478 1503 4533 pro
1532 4466 1820 4519 mendacio
1854 4465 2162 4536 intelligere

2263 4460 2426 4513 Δόλον
2468 4463 2575 4531 γὰρ
2607 4460 2722 4525 νῦν,
2765 4464 2828 4514 τὸ
2877 4460 3073 4530 ψεῦδος
3121 4463 3480 4531 ὑποληπτέον.
3549 4465 3828 4535 Ὁμολογεῖ

586 4554 867 4607 debemus.
904 4552 1199 4608 Prolitetur
1231 4555 1377 4607 enim
1431 4557 1502 4620 is,
1538 4560 1630 4625 qui
1665 4557 1996 4626 baptizatur,
2028 4571 2158 4626 ope-

2264 4552 2373 4622 γὰρ
2403 4552 2431 4604 ὁ
2485 4552 2880 4622 βαπτιζόμενος
2929 4554 3308 4620 ἀποτάξασθαι
3366 4557 3466 4624 μὲν
3508 4560 3626 4618 τοϊς
3653 4558 3826 4625 ἔργοις

587 4641 741 4695 ribus
772 4642 1079 4695 daemonum
1125 4644 1488 4709 renuntiare,
1540 4655 1595 4700 et
1643 4643 1847 4701 Christi
1882 4647 2157 4702 mandatis

2133 4663 2157 4701 s
2183 4681 2238 4742 Β
2265 4641 2360 4696 τοῦ
2391 4643 2671 4712 δαίμονος,
2726 4643 3094 4709 συντάξασθαι
3116 4645 3172 4697 δὲ
3206 4649 3315 4709 τοῖς
3339 4647 3433 4699 τοῦ
3462 4646 3727 4716 Χριστοῦ.

587 4747 643 4784 se
676 4731 762 4801 adj
774 4748 995 4800 ungere.

666 4825 824 4877 Vens.
851 4825 903 4878 5.
936 4824 1200 4887 Quoniam
1237 4827 1397 4879 tacui.
1432 4823 1579 4882 Beati
1608 4828 1701 4884 isti
1734 4840 1883 4897 sunt,
1906 4845 2004 4901 ego
2028 4844 2154 4887 vero

2326 4825 2448 4878 Ὅτι
2468 4825 2748 4893 ἑσίγησα.
2776 4825 3052 4896 Μακάριοι
3083 4818 3229 4879 οὗτοι
3251 4843 3263 4856 ·
3298 4827 3392 4880 καὶ
3422 4828 3532 4899 γὰρ
3566 4826 3681 4896 ἐγὼ
3699 4828 3825 4882 ἀπο-

588 4915 897 4986 plangeudo
937 4916 1194 4985 fatigatus
1228 4916 1380 4971 silui.

2253 4916 2446 4988 καμὼν
2478 4919 2536 4969 ὲν
2562 4915 2639 4984 τῷ
2668 4915 2988 4977 κόπτεσθαι.
3026 4916 3275 4987 ἐσίγησα.

661 5005 961 5060 Inveterata
989 5017 1111 5060 sunt
1138 5024 1259 5062 oua
1288 5025 1424 5070 mea,
1451 5009 1577 5063 dum
1612 5011 1892 5065 clamarem
1918 5021 2024 5067 tota
2047 5013 2152 5067 die.

2340 5007 2710 5074 Ἐπαλαιώθιι
2743 5007 2815 5059 τὰ
2847 5006 2998 5062 ὀστᾶ
3045 5026 3166 5076 μου
3216 5009 3334 5062 ἀπὸ
3363 5010 3470 5064 τοῦ
3494 5011 3732 5079 κράζειν
3756 5027 3827 5081 με

589 5099 712 5154 llaec
748 5100 848 5152 l'uit
879 5100 1083 5154 silentii
1115 5115 1304 5157 causa.
1345 5104 1451 5157 Per
1476 5117 1598 5158 ossa
1630 5114 1813 5158 autem
1844 5108 1986 5160 vires
2023 5121 2154 5160 suas

2254 5101 2406 5168 ὅλην
2434 5101 2548 5166 τὴν
2574 5098 2823 5168 ⁴ἡμέραν.
2859 5098 3030 5151 Τοῦτο
3057 5102 3088 5170 ὴ
3116 5101 3264 5156 alti:
3296 5102 3397 5171 τῆς
3428 5105 3585 5173 σιγῆς
3610 5121 3626 5134 ·
3659 5104 3749 5157 διὰ
3773 5104 3825 5156 δὲ

587 5191 838 5261 intelligit
865 5208 878 5254 ;
913 5207 1037 5247 ossa
1063 5193 1208 5246 enim
1249 5207 1453 5262 corpus
1479 5195 1771 5257 sustinent,
1807 5212 1870 5251 ac
1900 5199 2149 5252 stabilem

2254 5189 2360 5242 τῶν
2383 5188 2579 5254 ὀστῶν,
2627 5189 2725 5259 τὴν
2765 5188 2994 5258 δύναμιν
3017 5190 3184 5243 αὑτοῦ
3220 5193 3540 5263 ἑνεσήμανε.
3581 5195 3665 5248 re
3697 5196 3824 5246 ὀστᾶ

589 5282 842 5335 reddunt.
883 5279 1186 5336 Inveterata
1222 5294 1404 5338 autem
1427 5294 1572 5350 sunt,
1595 5284 1698 5339 hoc
1726 5296 1810 5340 est
1871 5287 2154 5341 inﬁrmata

2250 5281 2360 5350 γὰρ
2390 5279 2729 5349 ὑπερείδουσι
2764 5281 2823 5332 τὸ
2853 5280 3010 5344 ζῶον.
3053 5284 3426 5352 Ἐπαλιιιώθη
3466 5285 3545 5347 δὲ,
3575 5287 3706 5339 ἀντὶ
3732 5285 3824 5338 τοῦ

589 5387 652 5423 ac
686 5372 991 5427 debilitata.
1023 5372 1157 5427 Nam
1189 5374 1332 5444 quod
1368 5377 1652 5447 antiquum
1675 5387 1778 5442 est,
1805 5378 2038 5434 debilius
2070 5381 2151 5433 lit.

2263 5373 2616 5443 Ἥσθένησαν,
2640 5373 2721 5425 ὅτι
2746 5373 2805 5426 τὸ
2835 5371 3078 5437 παλαιὸν,
3097 5374 3341 5437 ἀσθενές.
3384 5376 3699 5448 Ἠσθὲνησε,
3726 5392 3823 5443 φη-

591 5466 904 5526 lutirmataa,
939 5465 1137 5533 inquit,
1171 5478 1302 5520 sunt
1325 5469 1468 5522 vires
1511 5483 1661 5522 lllCiB.
1712 5468 1843 5523 Tota
1881 5486 2008 5527 vero
2042 5470 2148 5536 die,

2254 5473 2356 5530 o'tv,
2417 5469 2449 5533 ἡ
2498 5465 2721 5534 δύναμίς
2757 5483 2881 5535 μου.
2919 5466 3115 5534 Ὅλην
3150 5469 3205 5521 δὲ
3257 5470 3370 5537 τὴν
3398 5471 3654 5538 ἡμέραν,
3707 5472 3824 5524 ἀντὶ

589 5556 719 5607 dicit
750 5571 865 5624 pro,
904 5556 1147 5625 Semper,
1182 5567 1343 5626 atque
1378 5559 1613 5613 assidue.
1640 5561 1866 5625 Quoties
1898 5565 2044 5617 enim
2098 5565 2151 5618 in

2254 5561 2372 5625 τοῦ,
2403 5560 2502 5612 Διά
2538 5559 2763 5622 παντός.
2805 5559 3023 5623 Ὀσάκις
3050 5562 3157 5630 γὰρ
3193 5562 3260 5614 ἂν
3307 5563 3598 5633 πειρασμῷ
3637 5566 3823 5632 περιέ·

592 5645 916 5698 tcntationes
948 5644 1245 5706 incidebat,
1277 5647 1438 5700 toties
1470 5662 1628 5700 suum
1684 5647 1902 5717 lugebat
1955 5664 2151 5718 pecca-

2258 5668 2479 5714 πιπτεν,
2537 5650 2757 5721 ὀδύρετο
2785 5650 2883 5722 τὴν
2922 5653 3192 5722 ἁμαρτίαν
3231 5655 3470 5725 ἐκείνην,
3510 5655 3581 5716 ὡς
3611 5653 3825 5706 ἐκεῖθεν

590 5745 726 5803 tum,
753 5736 909 5806 quasi
942 5737 1124 5791 omnis
1151 5736 1299 5793 illinc
1321 5737 1441 5792 vita:
1470 5750 1581 5792 sua:
1614 5737 1956 5808 inuaqualitas
1983 5739 2147 5796 deflu-

2256 5742 2406 5814 αὐτῷ
2433 5745 2530 5814 τῆς
2565 5742 2880 5814 ἀνωμαλίας
2927 5744 3023 5798 τοῦ
3050 5744 3166 5816 βίου
3213 5747 3458 5817 ῥυείσης.
3511 5749 3662 5802 Ἐπεὶ
3716 5748 3822 5818 ’τὲρ
