4068 6276
293 287 395 352 369

1447 280 1838 342 CCMMEN'I‘.
1886 282 1966 343 IN
2009 280 2375 341 PSALMOS.

3438 279 3546 345 310

288 396 423 465 ἔργα
450 391 633 447 αὐτοῦ
656 390 724 445 ἐν
741 393 961 446 πίστει.
991 388 1251 444 Τοιοῦτόν
1278 390 1329 442 τί
1351 406 1519 459 φησιν
1548 407 1562 421 ’
1610 389 1798 462 Ὀρθδε,
1830 392 1860 443 δ

1965 392 2145 445 omnia
2173 405 2332 455 opera
2361 404 2480 459 ejus
2523 389 2575 442 in
2606 386 2732 457 ﬁde.
2764 387 2964 442 [lectus
2988 395 3095 449 est,
3129 387 3324 456 inquit,
3364 404 3548 443 sermo

287 490 457 558 λόγος,
488 487 547 539 ὃν
578 487 823 558 ἐμήνυσε
846 484 937 540 διά
968 483 1064 539 τοῦ
1108 486 1395 557 προφήτου
1441 481 1676 536 Ἡσαΐου
1727 481 1860 551 περὶ

286 582 374 636 τοῦ
404 580 626 651 λυθῆναι
657 578 757 651 τὴν
780 579 1122 651 πολιορκίαν.
1157 578 1270 631 Καὶ
1298 578 1409 631 ἰδοὺ
1436 575 1508 629 τὰ
1540 575 1676 645 ἔργα
1704 574 1858 627 ἑποί-

286 691 381 745 ησε
409 672 548 727 κατά
578 671 686 724 τῶν
725 672 1028 743 Ἀσσυρίων
1053 670 1244 737 πιστὰ,
1274 668 1600 739 βεϐαιοῦντα
1632 668 1724 720 τὸν
1770 665 1860 718 λό-

286 782 398 835 γον.
432 764 502 818 ἰι
532 764 711 818 πάντα
735 765 803 818 τὰ
842 764 981 834 ἔργα
1015 762 1182 817 αὐτοῦ
1213 765 1269 815 ὲν
1300 761 1482 813 πίστει
1514 759 1642 827 εἰσὶ,
1668 758 1858 812 τουτέ-

286 875 422 921 στιν,
448 859 525 919 είς
576 856 763 909 πίστιν
811 855 907 909 τοῦ
953 854 1294 925 δημιουργοῦ
1342 852 1481 906 Θεοῦ
1520 851 1615 905 τὸν
1644 850 1858 921 ὁρῶντα

290 948 520 1003 κινοῦσιν
542 963 555 978 °
587 948 786 1002 αὐτίκα
808 946 942 1018 γὰρ,
973 948 1061 1002 ἵνα
1091 946 1145 1001 τ³
1172 946 1311 1002 ἄλλα
1342 943 1632 1016 παρῶμεν,
1663 943 1726 995 τὸ
1778 942 1859 995 λε-

291 1042 547 1093 πτότατον
602 1037 829 1109 κέντρον
886 1040 986 1109 τῆς
1050 1038 1315 1107 μελίσσης
1373 1035 1727 1106 σωληνοειδὲς
1773 1034 1856 1097 ὃν,

289 1133 426 1187 ὥστε
478 1132 549 1186 δι’
584 1132 753 1202 αὑτοῦ
796 1132 986 1186 τὺνίὸν
1014 1131 1323 1203 ἐκκεῖσθαι,
1374 1129 1686 1184 διδακτικόν
1740 1128 1857 1180 ἑστι

284 1225 375 1279 τοῦ
403 1224 478 1295 μὴ
506 1225 854 1295 αὐτομάτως,
883 1226 1023 1280 ἀλλὰ
1066 1225 1188 1295 θεία
1230 1225 1462 1293 δυνάμει
1504 1222 1856 1292 κοιλανθῆναι

282 1318 380 1390 τὴν
409 1318 677 1390 τοσαύτην
700 1320 1026 1390 λεπτότητα.
1072 1319 1287 1381 ’Ἄλλως
1320 1318 1377 1371 δὲ
1407 1318 1592 1381 πάλιν,
1640 1314 1803 1386 ὀρθὸς
1829 1315 1859 1366 ὁ

281 1412 375 1482 τῆς
398 1410 523 1474 νέας
542 1410 810 1482 διαθήκης
828 1411 987 1480 λόγος
1016 1410 1113 1465 τοῦ
1136 1410 1411 1481 Σωτῆρος,
1448 1409 1618 1479 μηδὲν
1645 1406 1858 1460 σκολιὸν

280 1504 371 1556 καὶ
383 1503 639 1557 δύσλυτον
655 1503 815 1573 ἔχων,
841 1498 930 1557 οἷα
953 1502 1023 1556 τὰ
1035 1504 1133 1575 τῆς
1150 1504 1420 1565 Παλαιᾶς.
1439 1501 1563 1555 Ἔτι
1581 1501 1636 1555 δὲ
1648 1503 1744 1556 καὶ
1758 1502 1857 1555 ὅσα

278 1594 529 1665 ἐποίησεν
554 1594 694 1665 ἔργα
722 1595 1144 1665 πολιτευόμενος
1174 1597 1232 1647 ἐν
1268 1594 1454 1665 σαρκὶ,
1488 1593 1742 1648 πιστοῦσι
1764 1595 1858 1647 τδν

278 1686 430 1752 λόγον
456 1685 622 1739 αὐτοῦ
650 1686 1052 1755 συμφωνοῦντα
1071 1688 1277 1755 τούτῳ·
1310 1687 1405 1741 καὶ
1420 1686 1561 1740 αὐτὰ
1595 1686 1653 1740 δὲ
1686 1683 1855 1739 πιστά

276 1779 432 1843 είσιν,
487 1777 565 1843 ὡς
622 1779 798 1849 ἀληθῆ
858 1781 953 1833 καὶ
1013 1780 1405 1853 ἀναντίρῥητα.
1441 1782 1515 1833 Ἥ
1542 1780 1640 1834 καὶ
1694 1778 1857 1848 λόγος

279 1871 435 1934 αὐτὸς
461 1872 489 1923 ὁ
520 1870 673 1934 Υἱὸς,
713 1871 774 1935 ὃς
800 1872 950 1926 ἐστιν
984 1873 1166 1935 εὐθὺς.
1194 1872 1268 1936 ὡς
1290 1871 1408 1936 ὁδὸς
1441 1873 1708 1943 ἀπλανὴς,
1763 1872 1858 1927 καὶ

274 1961 531 2031 ἀλήθεια·
568 1964 738 2037 ἔφησε
763 1966 871 2035 γάρ
899 1981 914 1997 ’
952 1956 1245 2034 Ἑγώέίμι
1280 1966 1314 2035 ἠ
1347 1966 1490 2032 ὁδὸς
1514 1964 1611 2019 καί
1645 1966 1683 2033 ἡ
1711 1964 1860 2031 ἀλή-

275 2059 420 2111 θεια.
485 2058 602 2112 Καὶ
630 2060 808 2112 πάντα
860 2061 963 2112 ὅσα
1000 2060 1228 2128 ἐποίησε
1268 2061 1493 2130 σημεῖα,
1543 2057 1634 2112 διὰ
1673 2058 1859 2111 πίστιν

273 2146 379 2198 τῶν
404 2148 661 2218 ὁρώντων
695 2151 977 2221 ἐποίησεν.
1003 2150 1091 2205 ἵνα
1123 2151 1491 2205 πιστεύσωσιν
1528 2150 1641 2221 (10)
1667 2150 1854 2204 αὐτόν.

1962 483 2204 545 Domini.
2235 497 2398 553 quem
2422 479 2732 550 perlsaiam
2762 479 3084 548 prophetam
3104 477 3172 532 de
3193 478 3548 535 dissolvenda

1960 576 2252 630 olzsidiono
2291 571 2651 644 signiﬁcavit.
2692 570 2839 647 Ecce
2871 569 3019 626 enim
3050 570 3199 640 quod
3235 586 3402 640 opera
3428 588 3550 641 qua:

1962 667 2227 721 Dominus
2260 674 2451 720 contra
2486 663 2748 736 Assyrios
2782 662 2932 726 fecit,
2968 662 3128 717 ﬁdem
3167 674 3435 733 praestant
3494 675 3550 718 ct

1960 758 2465 813 contirueantillius
2500 771 2838 811 sermonem.
2871 753 2966 808 Vel
3026 754 3206 821 aliter,
3247 754 3433 809 omnia
3491 756 3546 809 in

1961 851 2278 905 universum
2322 864 2489 918 opera
2544 847 2757 903 Domini
2830 846 2884 902 in
2954 846 3059 901 llde
3109 862 3231 903 esse
3262 848 3547 917 dicuntur,

1959 941 2090 1011 quia
2122 954 2484 1011 quoscunque
2515 954 2577 993 ea
2606 948 2900 995 cernentes
2924 949 3143 993 moveut
3176 937 3245 994 ad
3277 938 3459 1003 ﬁdem,
3488 951 3549 992 ut

1961 1035 2190 1088 credant
2223 1032 2548 1102 iuopillcem
2576 1045 2641 1085 ac
2671 1040 2982 1085 creatorem
3041 1031 3235 1087 Deum.
3287 1029 3422 1086 Nam
3461 1028 3548 1103 [ut

1960 1130 2067 1181 alia
2101 1126 2286 1181 omnia
2320 1124 2598 1199 omittam]
2648 1140 2834 1181 nonne
2894 1126 2977 1181 vel
3018 1125 3218 1180 unicus
3249 1126 3367 1194 apis
3421 1141 3551 1178 acu.

1960 1221 2105 1284 lens,
2133 1219 2226 1289 qui
2262 1218 2458 1274 ﬁstulae
2484 1218 2539 1275 in
2572 1233 2776 1274 morem
2812 1217 2992 1274 factus
3035 1225 3143 1282 est,
3207 1218 3279 1272 ita
3345 1229 3405 1272 ut
3455 1234 3550 1289 per

1958 1329 2083 1368 cum
2138 1312 2382 1385 [tametsi
2415 1313 2665 1383 alioquin
2703 1311 3070 1367 tenuissimus
3102 1309 3231 1384 est]
3260 1312 3382 1379 apis
3455 1327 3545 1363 re-

1958 1424 2163 1463 ncnum
2212 1407 2485 1471 effundat,
2511 1408 2729 1463 abunde
2762 1407 2964 1462 docere
2990 1421 3092 1461 nos
3150 1406 3350 1476 possit,
3397 1407 3545 1475 quod

1960 1518 2069 1556 non
2105 1502 2355 1568 fortuito,
2381 1499 2477 1556 aut
2504 1518 2567 1558 ex
2603 1517 2748 1566 sese,
2775 1501 2869 1556 sed
2911 1500 3058 1570 quod
3087 1499 3272 1554 divina
3301 1500 3347 1553 vi
3382 1508 3535 1553 tanta

1958 1594 2205 1649 tenuitas
2236 1593 2403 1648 fuerit
2455 1593 2812 1649 concavata?
2856 1593 2918 1647 Et
2946 1593 3143 1647 aliter:
3185 1593 3418 1646 Rectum
3454 1602 3544 1646 cst

1958 1685 2092 1743 Novi
2123 1687 2457 1743 Testamenti
2488 1703 2552 1743 ac
2594 1685 2898 1743 Salvatoris
2926 1687 3103 1742 nostri
3129 1687 3383 1750 verbum,
3406 1686 3547 1739 nihil

1960 1760 2275 1850 obliquum,
2314 1779 2450 1833 nihil
2496 1781 2795 1835 obscurum
2831 1778 3061 1842 habens,
3097 1790 3158 1834 ut
3208 1774 3378 1831 Vetus
3435 1776 3544 1829 lex.

1958 1870 2228 1926 Praeterea
2261 1880 2317 1927 et
2355 1887 2701 1943 qmrcunque
2733 1886 2901 1942 opera
2936 1871 3066 1925 olim
3101 1869 3234 1926 iecit
3262 1867 3546 1930 Dominus,

1959 1965 2088 2019 dum
2122 1975 2546 2020 conversaretur
2573 1966 2627 2019 in
2652 1979 2843 2028 carne.
2886 1963 3094 2018 ﬁdelem
3130 1963 3368 2016 reddunt
3425 1961 3548 2029 ejus

1960 2072 2302 2119 sermonem,
2345 2056 2475 2111 dum
2527 2057 2633 2111 sibi
2669 2070 2915 2112 consona
2948 2066 3119 2122 sunt;
3161 2063 3216 2108 et
3253 2054 3377 2109 aliis
3426 2068 3539 2107 ere.

1959 2149 2162 2216 denda,
2208 2159 2396 2221 utpote
2427 2164 2558 2205 vera
2585 2156 2640 2204 et
2674 2148 2877 2220 quibus
2906 2146 3216 2203 contradici
3253 2162 3362 2201 non
3414 2160 3546 2214 pos-

275 2246 361 2299 sit.
386 2243 480 2300 Vel
499 2246 684 2309 aliter,
716 2263 813 2317 per
869 2245 1113 2302 Verbum
1173 2250 1290 2318 ipse
1317 2247 1492 2302 Filius
1528 2245 1944 2317 intelligendus,
1980 2253 2035 2301 et
2074 2248 2153 2301 via
2184 2262 2294 2301 non
2341 2260 2563 2311 errans,
2630 2259 2696 2299 ac
2727 2244 2956 2299 veritas.
3029 2242 3143 2315 Ego
3194 2242 3340 2297 enim
3403 2257 3541 2296 ιιιιιις

277 2337 465 2407 inquit,
492 2345 586 2395 via
639 2352 691 2396 et
748 2342 946 2421 veritas
973 2342 1043 2398 ".
1099 2342 1296 2398 Omnia
1370 2342 1534 2397 etiam
1587 2340 1745 2409 signa
1802 2353 2145 2409 qutccuuque
2209 2339 2361 2405 fecit,
2405 2338 2476 2393 ob
2530 2336 2832 2393 videntium
2910 2343 2965 2392 ct
3017 2337 3330 2391 auditorum
3386 2337 3544 2391 fidem

275 2428 409 2483 facta
438 2441 594 2493 sunt.
631 2441 689 2485 ut
712 2434 925 2487 scilicet
966 2433 1258 2487 crederent
1286 2432 1340 2486 in
1370 2430 1571 2500 ipsum.

352 2523 584 2593 Ἀγηπᾷ
599 2525 1022 2594 ἐλεημοσύνην
1038 2526 1135 2579 καὶ
1150 2526 1355 2593 κρίσιν
1382 2527 1414 2578 ὁ
1440 2524 1675 2592 Κύριος.
1693 2522 1863 2593 Ὅρα,

284 2614 388 2685 πρὸ
414 2616 517 2685 τῆς
551 2616 791 2686 κρίσεως
832 2617 981 2686 φιλεί
1045 2617 1144 2688 τὴν
1193 2615 1570 2686 ἐλεημοσύνην
1592 2632 1605 2645 ·
1657 2615 1740 2669 διὸ
1766 2615 1864 2669 καὶ

285 2707 377 2761 ἐπὶ
405 2709 514 2760 τῶν
546 2709 1000 2779 ἁμαρτανόντων,
1039 2709 1263 2778 πρῶτον
1290 2709 1389 2779 μὲν
1444 2709 1708 2778 ἀναμένει
1759 2709 1860 2778 τὴν

287 2800 583 2865 μετάνοιαν
617 2800 820 2864 αὐτῶν,
851 2802 989 2871 ὅπερ
1013 2800 1163 2853 ἐστὶν
1216 2800 1609 2869 ὲλεημοσύνης·
1668 2799 1862 2853 ἔπειτα

280 2889 541 2959 μένοντας
585 2892 840 2955 ἀνιάτους
880 2893 1123 2956 κολάζει,
1151 2893 1287 2963 ὅπερ
1318 2893 1433 2945 ἐστὶ
1487 2892 1743 2962 κρίσεως.
1785 2891 1857 2943 Ἥ

278 2984 369 3035 καὶ
399 2984 483 3036 ὃτι
514 2984 653 3054 ἐλέῳ
677 2986 861 3038 πᾶσαν
911 2984 1096 3055 κρίσιν
1141 2983 1307 3038 αὑτοῦ
1372 2985 1647 3055 κίρνησιν.
1710 2980 1852 3034 Ἐὰν

277 3074 382 3144 γὰρ
425 3076 740 3145 ἀνομοίας,
806 3079 962 3146 φησι,
1011 3077 1722 3146 παρατηρήσεις,,Κύριε,
1764 3076 1857 3141 τίς

276 3166 730 3233 ὑποστήσεται;
758 3169 830 3222 Ἢ
856 3170 1049 3238 ἀγαπᾷ
1079 3170 1453 3239 ἐλεημοσύνην
1476 3169 1596 3239 μὲν,
1623 3169 1703 3226 εἰς
1730 3170 1858 3231 τοὺς

2032 2517 2203 2573 Vsus.
2237 2514 2289 2567 5.
2323 2512 2508 2583 Diligit
2535 2512 2955 2568 misericordiam
2980 2524 3028 2568 et
3050 2516 3319 2583 judicium
3362 2515 3546 2571 Domi-

1962 2605 2227 2663 nus.Vide
2257 2605 2539 2675 quomodo
2587 2604 3029 2661 misericordiam
3061 2615 3345 2677 praeponat
3391 2609 3546 2677 judi-

1960 2703 2067 2768 cio,
2101 2709 2266 2770 utque
2305 2713 2424 2753 eam
2450 2696 2591 2752 Deus
2624 2699 2795 2768 magis
2819 2698 3030 2768 diligat.
3059 2697 3172 2754 Hac
3211 2700 3415 2755 etenim
3448 2717 3505 2754 ra
3531 2729 3544 2741 -

1960 2794 2112 2848 tione
2145 2792 2199 2844 in
2261 2789 2654 2861 peccatoribus
2716 2788 2860 2844 Deus
2921 2794 3163 2860 primum
3221 2802 3545 2863 exspectare

1964 2887 2033 2939 ab
2065 2885 2148 2939 eis
2170 2883 2332 2944 solet,
2372 2897 2441 2935 an
2471 2882 2853 2951 pmnitentiam
2881 2890 3067 2952 agant,
3104 2884 3231 2953 quia
3280 2886 3543 2939 nimirum

1968 2978 2284 3033 misericors
2312 2986 2432 3040 est;
2466 2973 2687 3036 deinde.
2727 2978 2771 3029 si
2811 2975 3246 3031 immedicabiles
3289 2994 3543 3047 perman-

1966 3070 2289 3133 serint,cos
2354 3068 2615 3137 castigat,
2659 3066 2804 3135 quod
2859 3068 3095 3135 pertinet
3130 3068 3194 3121 ad
3247 3066 3539 3136 judicium.

1966 3160 2087 3225 Vel,
2120 3162 2245 3231 quia
2278 3161 2593 3228 cuicunque
2625 3159 2839 3229 judicio
2898 3173 2998 3212 suo
3040 3158 3182 3213 Deus
3227 3160 3542 3214 misericor-

275 3260 676 3331 δωρθωθὲντας
698 3277 714 3292 ο
748 3262 932 3332 κρίσιν
949 3262 1027 3324 δὲ,
1067 3263 1148 3325 είς
1174 3262 1301 3326 τοὺς
1362 3262 1742 3331 ἀδιορθώτους.
1786 3261 1856 3313 Ἥ

1965 3254 2109 3308 diam
2138 3252 2482 3318 commiscet,
2529 3250 2685 3319 juxta
2720 3251 2891 3306 illud:
2926 3250 2986 3306 Si
3019 3251 3326 3320 iniquitates
3372 3254 3549 3306 obser-

276 3352 424 3405 ἔλεον
457 3355 586 3423 μὲν,
618 3355 677 3406 ὲν
714 3353 790 3424 τῷ
819 3354 1049 3425 παρόντι
1083 3355 1242 3408 αίῶνι
1268 3371 1281 3383 °
1346 3355 1429 3408 Οὐ
1477 3356 1588 3425 γὶρ
1642 3350 1856 3423 ἦλθον,

279 3442 432 3510 φησὶ,
457 3442 662 3509 κρῖναι
685 3443 797 3497 τὸν
821 3444 1056 3513 κόσμον
1074 3459 1087 3473 ·
1116 3443 1300 3515 κρίσιν
1314 3444 1370 3497 δὲ
1388 3446 1445 3496 ὲν
1470 3442 1549 3512 τῷ
1578 3443 1859 3513 μέλλοντι.

277 3533 530 3588 Τοιοῦτόν
567 3537 685 3588 ἔστι
721 3537 815 3588 καὶ
845 3536 906 3588 τό
933 3554 945 3567 ·
1001 3537 1217 3609 "Elem-
1245 3536 1342 3588 καί
1374 3536 1581 3602 κρίσιν
1636 3534 1864 3603 ᾄσομαι

278 3642 396 3692 σοι,
426 3628 627 3696 Κύριε.
658 3629 911 3697 ’ᾼσομαι
958 3626 1050 3691 δὲ,
1081 3626 1206 3679 ἀντί
1242 3627 1357 3693 τοῦ,
1407 3626 1571 3698 ᾮδήν
1605 3644 1685 3679 σοι
1743 3642 1864 3679 ποι-

282 3721 417 3788 ήσω,
455 3722 554 3774 καὶ
593 3718 763 3789 ὕμνον
792 3722 883 3773 τὸν
910 3721 1078 3785 ἔλεον,
1122 3722 1221 3774 καὶ
1252 3720 1353 3791 τὴν
1379 3720 1589 3792 κρίσιν,
1624 3713 1756 3780 οἷον,
1776 3719 1861 3771 ὅτι

280 3809 446 3863 ἐλθὼν
472 3812 692 3880 κρίνεις
722 3811 924 3864 καθ’ὃν
958 3813 1270 3883 εἰρήκαμεν
1303 3813 1529 3882 τρόπον.
1577 3812 1861 3880 Κέκραται

280 3898 336 3951 δὲ
364 3902 457 3954 καὶ
482 3902 544 3954 τὸ
572 3900 720 3964 ἔλεος
752 3903 954 3973 κρίσει,
979 3902 1073 3954 καὶ
1102 3902 1140 3971 ἢ
1166 3901 1346 3972 κρίσις
1369 3901 1524 3971 ἐλέῳ,
1576 3901 1661 3954 ἵνα
1723 3900 1862 3971 μήτε

280 3991 307 4041 ὀ
352 3989 497 4055 ἔλεος
551 3992 827 4061 χαύνωσιν
887 3992 1165 4062 ἐμποιήσῃ
1221 3993 1402 4061 μόνος,
1440 3993 1579 4063 μήτε
1608 3993 1642 4061 ὴ
1676 3990 1859 4061 κρίσις

279 4081 616 4153 ἀπόγνωσιν.
684 4086 808 4138 Ἐπὶ
830 4086 887 4139 δὲ
912 4086 1011 4147 τῆς
1044 4084 1362 4148 ὑποθέσεως
1399 4083 1648 4149 Ἐζεκίου
1707 4082 1862 4154 εἵλη-

281 4190 410 4228 τιται
441 4177 504 4229 τὸ
535 4175 707 4246 ῥητόν
732 4194 745 4207 ·
778 4178 861 4230 ὃτι
897 4176 1128 4247 ἐλεήσας
1162 4178 1260 4246 τὴν
1334 4174 1696 4247 Ἰερουσαλὴμ
1760 4191 1860 4227 πο-

281 4265 702 4339 λιορκουμένην,
759 4270 1056 4338 κατέκρινε
1102 4271 1229 4332 τοὺς
1299 4266 1626 4330 ἀδικοῦντας
1689 4265 1862 4336 αὐτὴν

295 4357 645 4430 Ἀσσυρίους.

1960 3344 2181 3409 vareris,
2228 3343 2469 3408 Domine,
2533 3343 2773 3405 Domine,
2826 3344 2943 3412 quis
2996 3345 3273 3398 sustinebit
3303 3345 3392 3398 "‘1’
3451 3346 3543 3401 Vel

1964 3436 2401 3492 misericordiam
2440 3435 2659 3504 quidem
2696 3435 2872 3504 diligit
2940 3435 3104 3500 Deus,
3183 3438 3238 3491 in
3304 3438 3371 3493 iis
3403 3454 3545 3509 quos

1965 3529 2286 3600 castigando
2344 3527 2527 3583 erudit
2581 3542 2644 3581 ac
2702 3527 2910 3597 dirigit,
2964 3529 3232 3597 judicium
3312 3546 3442 3585 vero
3489 3532 3543 3583 iu

1968 3625 2036 3678 iis
2058 3623 2150 3690 qui
2194 3622 2439 3691 perversi
2486 3631 2654 3689 atque
2716 3620 3123 3689 incorrigihiles
3175 3633 3541 3688 perseverant.

1973 3715 2065 3771 Vel
2098 3715 2526 3770 misericordiam
2556 3714 2736 3785 diligit
2782 3715 2833 3766 in
2867 3715 3121 3778 prmscnti
3147 3717 3383 3770 saeculo:
3421 3714 3544 3769 Non

1968 3809 2083 3862 ueni
2106 3808 2272 3874 enim,
2300 3806 2497 3876 inquit,
2538 3816 2595 3860 ut
2624 3808 2855 3877 judicent
2881 3813 3135 3860 mundum
3165 3806 3209 3840 ⁸⁸
3236 3826 3252 3874 ς
3277 3808 3543 3876 judicium

1971 3910 2151 3953 autem
2191 3898 2245 3952 in
2281 3898 2489 3952 futuro.
2533 3896 2729 3952 Simile
2757 3908 2840 3951 est
2865 3899 3030 3952 etiam
3061 3900 3207 3969 quod
3253 3901 3381 3954 alibi
3415 3902 3547 3966 legi-

1970 3992 2185 4062 gimus:
2216 3990 2665 4054 Miscricordiant,
2690 4003 2735 4045 et
2759 3991 3026 4059 judicium
3049 3993 3270 4047 cantabo
3299 3994 3415 4055 tibi,
3439 3993 3551 4044 Do-

1971 4084 2109 4138 mine
2139 4084 2185 4116 “
2210 4124 2225 4149 ,
2259 4084 2361 4137 hoc
2398 4093 2502 4147 est,
2554 4083 2989 4137 misericordiam
3045 4093 3102 4139 et
3142 4085 3429 4163 judicium
3490 4086 3542 4139 in

1971 4177 2244 4231 canticum
2268 4175 2367 4229 tibi
2400 4191 2463 4230 ac
2495 4174 2707 4230 laudem
2737 4191 3084 4244 componam,
3122 4192 3354 4231 narrans
3388 4180 3547 4231 nimi-

1974 4284 2117 4334 rum,
2154 4269 2431 4337 quomodo
2463 4267 2896 4322 misnricorditcr
2920 4269 3161 4333 iudicas,
3204 4281 3260 4321 ιιι
3299 4269 3549 4338 [ιιπάὶκῑο

1976 4374 2121 4414 mus.
2157 4357 2561 4412 Commiscetur
2590 4358 2733 4413 enim
2778 4357 3153 4413 misericordia
3197 4361 3425 4429 judicio,
3494 4366 3549 4412 et

282 4452 553 4523 judicium
586 4459 1002 4524 misericordiae,
1038 4474 1106 4514 ne
1174 4458 1544 4515 misericordia
1586 4458 1864 4514 laxitatem
1906 4471 1970 4509 ac
2011 4454 2317 4517 mollitiem,
2352 4466 2485 4506 neve
2547 4451 2816 4519 judicium
2894 4452 3323 4522 desperationem
3387 4471 3549 4522 grue.

288 4563 389 4607 rel.
432 4554 663 4623 Quodsi
690 4557 961 4627 psalmum
999 4556 1208 4611 referas
1232 4553 1299 4609 ad
1324 4564 1568 4624 tempora
1598 4554 1867 4615 Ezechirc.
1910 4553 1999 4608 die
2020 4550 2166 4619 quod
2198 4548 2463 4602 Dominus
2497 4545 2791 4602 miseratus
2830 4556 2914 4602 est
2980 4548 3261 4602 obsessam
3326 4549 3545 4603 Jerusa-

288 4645 415 4711 lem,
442 4657 499 4704 et
533 4650 682 4717 quod
705 4649 917 4717 judicio
944 4664 1049 4723 suo
1077 4650 1334 4719 Assyrios
1366 4648 1571 4717 injuste
1597 4646 1913 4703 obsidentes
1932 4644 2336 4701 condemnavit.

360 4765 475 4822 Τοῦ
513 4765 731 4834 ἐλέους
760 4768 984 4837 Κυρίου
1010 4768 1249 4837 πλήρης
1277 4769 1317 4834 ἠ
1352 4768 1451 4837 τῆ.
1504 4768 1720 4830 Πάντας
1759 4769 1860 4840 γὰρ

2046 4764 2423 4819 Misericordia.
2464 4762 2678 4817 Domini
2731 4761 2884 4831 plena
2938 4772 3014 4815 est
3070 4770 3229 4816 terra.
3289 4759 3544 4814 Oumium

287 4857 449 4924 nea,
484 4858 729 4922 καὶτοὺς
761 4861 984 4924 ἀθέους·
1046 4861 1278 4932 καὶγὰρ
1324 4861 1426 4914 οὐκ
1472 4860 1541 4913 ἂν
1599 4861 1688 4914 eia
1746 4861 1867 4930 ζῇν’

293 4948 431 5022 πλὴν
454 4951 586 5015 τοὺς
619 4952 720 5021 μὲν
746 4954 1181 5016 πεπιστευκότας
1208 4954 1431 5022 μᾶλλον,
1468 4948 1633 5024 ἦττον
1659 4953 1717 5006 δὲ
1746 4953 1872 5015 τοὺς

295 5041 509 5107 ἄλλους.
546 5044 619 5097 Ἦ
659 5044 756 5098 καὶ
786 5045 934 5108 ἔλεος
981 5045 1190 5114 Κυρίου
1222 5044 1332 5098 νόει
1360 5044 1421 5098 τὸ
1456 5044 1722 5115 κήρυγμα
1776 5043 1871 5095 τοῦ

295 5135 640 5204 εὐαγγελίου,
675 5136 880 5207 πλῆρες
913 5138 972 5190 ὃν
1002 5138 1206 5201 ἐλέους.
1240 5137 1314 5199 ὡς
1339 5137 1434 5190 καὶ
1475 5135 1766 5205 δεδομένον
1815 5136 1872 5201 ἐξ

296 5226 668 5301 “cuneatim;
692 5229 789 5283 τοῦ
811 5230 1322 5302 δημιουργήσαντος
1351 5229 1521 5299 ἡμᾶς,
1556 5221 1618 5279 οὗ
1654 5225 1869 5296 πεπλή-

301 5332 469 5386 ρωται
492 5320 700 5391 πᾶσαή
731 5320 802 5390 γῆ
836 5319 924 5374 διὰ
944 5324 1040 5392 τῆς
1097 5319 1208 5375 τῶν
1246 5318 1563 5374 ἀποστόλων
1612 5316 1873 5369 διδασκα-

1971 4859 2115 4913 enim
2152 4857 2444 4912 miseretur
2476 4857 2638 4917 Deus,
2661 4855 2955 4924 impiorum
2986 4857 3147 4911 etiam
3173 4853 3261 4925 [ac
3291 4871 3350 4909 se
3380 4855 3543 4907 Deum

1973 4947 2556 5021 abnegautium].Nam
2587 4948 2813 5013 alioqui,
2842 4947 2886 5001 si
2908 4946 3284 5001 misericordia
3307 4956 3547 5000 nonutc-

1974 5052 2148 5105 retur,
2208 5041 2484 5110 quomodo
2532 5040 2737 5094 sineret
2794 5054 2891 5091 eos
2933 5038 3153 5093 \‘lVCl‘C?
3203 5039 3547 5092 credentium

1976 5143 2157 5188 tamen
2189 5146 2406 5201 semper
2439 5131 2611 5200 magis
2647 5130 2969 5194 miseretur,
3013 5139 3067 5184 et
3097 5129 3389 5198 impiorum
3448 5132 3551 5183 mi—

1978 5243 2105 5282 nus.
2137 5226 2234 5281 Vel
2262 5239 2359 5294 per
2383 5223 2814 5279 misericordiam
2847 5223 3079 5285 Domini,
3114 5220 3389 5290 Evangelii
3410 5236 3548 5290 pra:-

1980 5318 2311 5374 dicationcm
2338 5315 2601 5388 intellige,
2637 5315 2781 5387 quod
2817 5313 3190 5371 misericordia
3226 5313 3443 5383 plenum
3466 5322 3551 5366 est

373 5495 420 5531 ¹’³
442 5498 602 5555 Joau.
639 5516 751 5566 xxv,
784 5500 839 5556 6.
915 5501 1125 5559 “Psal.
1155 5516 1337 5569 cum,
1378 5502 1430 5555 5.
1497 5500 1543 5532 ⁸⁸
1572 5497 1731 5554 Joan.
1766 5512 1860 5559 xu.

1965 5498 2005 5548 l.
2077 5496 2124 5527 "‘
2153 5496 2297 5553 Psal.
2335 5511 2385 5559 c,
2418 5496 2467 5549 1.

1653 5631 1849 5694 Variae
1899 5630 2226 5693 lectiones.

367 5759 478 5834 (ιο)
513 5760 599 5816 ισ.
622 5764 701 5825 είς
753 5758 931 5818 αὐτόν.
