4014 6248
410 7 520 72 375

1683 23 2064 85 EUTHYMII
2092 26 2457 88 ZIGABENI

3568 31 3662 94 376

413 126 538 193 quia
569 140 631 178 es
667 124 901 181 diversis
949 129 1260 186 nationibus
1303 133 1368 187 ad
1417 134 1618 190 bellum
1665 138 1985 206 huiusmodi

2105 143 2259 204 laet;
2286 143 2365 206 δὲ,
2400 143 2529 205 τοὺς
2579 141 2870 212 Ἐϐραίους
2896 163 2908 177 ο
2945 157 3092 206 τινες
3130 144 3240 213 γὰρ
3294 143 3472 196 αὐτῶν
3504 142 3662 211 ἐλογί-

410 216 627 270 fnerant
651 220 962 286 congregati
1000 219 1264 276 adversus
1312 223 1653 291 Jerusalemv,
1680 238 1734 282 et
1773 244 1868 297 per
1899 245 1995 299 po-

410 311 566 378 pulos
619 309 878 366 Hebraeos
915 313 1063 379 ipsos
1097 316 1370 387 intelligit.
1402 318 1635 385 Quidam
1692 321 1837 375 enim
1892 335 1986 375 eo-

406 418 532 454 rum
568 412 791 472 propter
821 408 1103 473 angustias
1133 408 1185 460 in
1216 411 1416 478 quibus
1454 422 1611 466 erant
1658 413 1944 468 constituti
1975 453 1989 477 ,

403 505 659 562 oportere
687 500 1000 568 cogitabant
1035 513 1158 553 sese
1190 501 1242 554 in
1271 517 1469 557 manus
1491 504 1842 559 inimicorum
1878 514 1990 557 tra-

404 587 557 640 dese.
597 587 697 640 Per
729 590 1003 660 principes
1033 607 1180 656 vero,
1217 592 1388 647 dures
1450 610 1515 648 ac
1543 595 1832 663 praefectos
1876 599 1989 648 As-

407 679 708 746 syriorum.
744 679 901 745 Quod
964 682 1008 736 si
1060 683 1330 751 psalmum
1382 702 1629 756 exponas
1670 687 1739 743 de
1785 687 1986 742 Christi

404 770 848 836 crncitixorihus,
884 771 1249 827 dill‘erentiam
1285 791 1646 843 personarum
1689 792 1909 840 nosces,
1942 781 1988 831 si

2097 234 2256 298 ζοντο
2304 237 2415 288 δεῖν
2462 239 2603 305 σφᾶς
2635 238 2833 299 αὐτοὺς
2879 238 3191 309 ἐγχειρίσαι
3219 240 3330 300 τοῖς
3371 236 3661 306 πολεμίοις.

2095 325 2185 379 διὰ
2213 325 2312 396 τὴν
2336 326 2616 397 ἀνάγκην·
2648 328 2919 398 ἄρχοντας
2945 328 3024 391 δὲ,
3050 328 3180 390 τοὺς
3206 328 3542 398 στρατηγοὺς
3566 326 3664 380 τῶν

2095 417 2536 488 πολιορκούντων
2556 433 2570 447 ·
2607 419 2701 473 ἐπὶ
2728 420 2785 473 δέ
2821 419 2932 472 τῶν
2985 421 3418 490 ἐσταυρωκότων
3446 417 3533 470 τὸν
3559 418 3663 471 Κύ-

2101 527 2221 578 ριον
2249 511 2374 579 εἴσῃ
2421 510 2523 580 τὴν
2562 510 2855 580 διαφορὰν,
2895 510 3139 580 ἐντυχὼν
3169 513 3235 580 τῇ
3269 509 3529 579 ἐξηγήσει
3576 507 3664 562 τοῦ

2097 601 2357 672 δευτέρου
2387 601 2608 671 ψαλμοῦ
2630 617 2646 632 ⁸
2673 603 2769 654 ἐπὶ
2800 602 2857 655 δὲ
2891 603 3001 655 τῶν
3035 601 3337 671 τυράννων,
3373 601 3499 666 iam
3552 600 3665 668 μὲν,

2096 690 2166 744 τὰ
2202 692 2440 762 διάφορα
2465 693 2608 747 κατὰ
2642 692 2828 754 πόλεις
2858 693 2992 761 γένη
3015 709 3032 724 ο
3062 690 3186 744 λαοὶ
3216 691 3297 752 δὲ,
3331 691 3380 743 οἱ
3412 689 3664 759 Ἑϐραῖοι·

2096 781 2357 850 ἄρχοντες
2384 784 2462 845 δὲ,
2498 787 2547 836 οἱ
2574 783 2812 850 βασιλεῖς
2856 784 2950 836 καὶ
2974 782 3272 852 ἡγεμόνες.
3503 768 3511 785 ’

402 863 798 929 expositionem
834 865 1029 935 legeris
1057 866 1285 921 secundi
1310 870 1501 938 psalmi
1532 886 1548 936 ;
1576 873 1623 924 si
1655 886 1782 925 vero
1811 871 1970 928 malis
2010 872 2076 927 de
2105 878 2354 944 tyrannis
2386 879 2715 947 intelligere,
2779 893 2878 948 per
2939 887 3131 947 gentes
3194 874 3460 929 nationes'
3500 872 3670 925 varias

405 956 662 1023 inrellige,
687 973 806 1026 quae
830 959 1032 1027 ubique
1058 960 1304 1013 locorum
1329 971 1454 1015 sunt
1481 981 1494 1016 :
1528 971 1582 1017 et
1609 978 1707 1032 per
1729 964 1980 1034 populos,
2023 965 2277 1023 inimicos
2300 969 2541 1026 ﬁdelium
2569 970 2818 1033 .lndteos;
2850 986 2947 1040 per
2971 971 3244 1040 principes
3301 981 3456 1032 vero,
3515 980 3664 1036 reges

401 1048 553 1117 ipsos
589 1064 652 1103 ac
683 1051 870 1104 duces.

473 1146 642 1201 Vens.
700 1149 782 1202 11.
817 1138 1110 1203 Consilium
1162 1159 1340 1204 autem
1401 1151 1611 1206 Domini
1636 1152 1688 1204 in
1732 1160 1988 1207 teter-num

398 1249 688 1304 permanet.
714 1241 813 1295 Per
836 1241 1125 1295 consilium
1149 1250 1329 1297 autem
1371 1243 1586 1297 Domini
1615 1245 1985 1312 cvangelicani

2176 1158 2251 1211 'II
2271 1157 2342 1210 δὲ
2361 1156 2566 1223 ,βουλὴ
2598 1157 2705 1211 τοῦ
2735 1155 2959 1223 Κυρίου
2989 1152 3158 1222 μένει
3200 1154 3290 1216 εις
3335 1149 3444 1204 τὸν
3469 1147 3668 1204 αἰῶνα.

2097 1251 2269 1320 Βουλῆ
2303 1251 2400 1304 τοῦ
2450 1253 2680 1323 Κυρίου,
2714 1252 2777 1303 τὸ
2808 1248 3180 1317 Εὖαγγελικὺν
3229 1248 3515 1315 κήρυγμα,
3557 1243 3672 1312 βου-

400 1331 844 1400 przrdieationeu'i
879 1333 1141 1402 inlellige,
1174 1349 1297 1403 qua‘
1331 1349 1526 1389 omnes
1573 1337 1827 1392 homines
1867 1352 1988 1391 crc-

2105 1346 2320 1413 λόμενον
2373 1343 2616 1412 σωθῆναι
2662 1342 2728 1396 δι’
2775 1340 2945 1396 αὑτοῦ
2981 1340 3190 1402 πάντας
3231 1339 3356 1401 τοὺς
3389 1334 3672 1391 πιστεύον·

402 1424 598 1477 dentes
633 1438 728 1492 per
759 1439 818 1477 se
846 1424 1047 1478 salvari
1077 1425 1213 1478 vult.
1293 1425 1408 1480 Hoc
1453 1427 1625 1496 igitur
1697 1428 1988 1482 consilium

399 1516 598 1569 stabile
649 1526 813 1584 atque
847 1517 1110 1571 invictum
1140 1533 1312 1587 usque
1334 1519 1400 1573 ad
1431 1517 1679 1574 futurum
1717 1519 1982 1574 stimulum

403 1608 770 1676 permanebit.

474 1699 832 1766 Cogitationes
857 1702 1032 1757 comis
1050 1704 1166 1771 ejus
1196 1705 1250 1757 in
1277 1706 1663 1774 generationem
1703 1717 1752 1761 et
1769 1724 1989 1778 genera-

401 1792 615 1845 tionem.
659 1791 1133 1859 Quemadmodum
1175 1797 1432 1866 superius
1464 1800 1696 1854 consilia
1735 1811 1790 1854 et
1835 1803 1987 1870 cogi-

402 1883 639 1939 tationes
671 1885 826 1949 dixit,
860 1886 931 1939 ita
981 1895 1038 1940 et
1078 1903 1244 1943 nunc.
1297 1886 1393 1943 Est
1449 1899 1632 1944 autem
1693 1892 1987 1946 consilium

402 1976 712 2038 sententia,
745 1992 866 2044 qua:
913 1985 1062 2032 recta
1107 1994 1231 2034 esse
1277 1981 1630 2044 existimatur
1658 2022 1673 2046 ,
1726 1984 1990 2053 cogitatio

403 2079 534 2117 vero
567 2065 798 2134 simplex
824 2069 1218 2125 consideratio.
1249 2069 1313 2123 1η
1351 2074 1741 2140 generationem
1764 2086 1812 2130 et
1833 2093 1988 2146 gene-

401 2156 665 2208 rationem
691 2167 1102 2213 consueverunt
1141 2161 1348 2229 antiqui
1384 2161 1567 2216 dicere
1616 2179 1716 2230 pro
1763 2181 1988 2234 semper,

399 2246 556 2314 quasi
600 2262 694 2315 pi-r
742 2250 984 2300 omnium
1014 2250 1430 2319 generationum
1460 2254 1861 2310 successiones.
1893 2257 1991 2310 Per

402 2354 498 2390 eor
545 2347 726 2391 autem
780 2339 872 2392 Dei
912 2381 925 2403 ,
962 2342 1222 2401 humano
1265 2343 1501 2412 quodam
1553 2361 1704 2401 more
1757 2347 1990 2416 loquens

403 2432 700 2499 Propheta,
726 2434 1070 2489 voluntatem
1105 2435 1196 2490 Dei
1233 2436 1484 2506 intelligit
1516 2456 1530 2500 ς
1567 2449 1622 2493 et
1656 2455 1854 2496 sensus
1885 2450 1988 2506 est,

401 2526 544 2594 quod
580 2540 801 2603 semper
841 2526 894 2580 id
933 2537 1222 2592 permanet
1256 2529 1402 2597 quod
1444 2532 1559 2583 vult
1588 2532 1730 2586 Deus
1759 2575 1773 2596 ,
1805 2547 1982 2602 neque

402 2620 455 2671 id
490 2619 666 2673 solum
695 2619 840 2687 quod
879 2621 1015 2683 vult,
1049 2621 1142 2674 sed
1181 2621 1310 2676 illud
1352 2623 1512 2676 etiam
1563 2625 1708 2693 quod
1765 2627 1987 2695 cogitat.

399 2711 672 2783 Cogitatio
701 2716 844 2768 enim
880 2714 1060 2767 divina
1124 2714 1426 2782 perfectum
1457 2733 1596 2785 opus
1631 2730 1735 2775 est.
1772 2718 1980 2774 Possu-
2020 2707 2063 2764 ο

402 2823 525 2858 mus
563 2820 617 2860 et
649 2807 807 2859 aliter
862 2807 1045 2861 dicere
1073 2807 1217 2876 quod
1250 2810 1610 2878 cogitationes
1641 2811 1820 2866 cordis
1852 2811 1946 2867 Dei
1978 2854 1994 2877 ,

407 2894 573 2949 Vetus
591 2895 852 2948 nimirum
882 2910 945 2950 ac
965 2895 1176 2948 Novum
1203 2894 1638 2965 Testamentum,
1673 2912 1998 2968 permanent

402 2987 458 3038 in
488 2986 946 3055 generationem:
991 2987 1220 3041 alterum
1269 2989 1521 3044 videlicet
1575 2992 1627 3044 in
1681 2990 1993 3047 .ludaeorum

407 3079 842 3142 generationem,
877 3078 1113 3131 alterum
1148 3094 1275 3134 vero
1305 3082 1357 3134 in
1403 3081 1658 3135 ﬁdelium.
1687 3081 1989 3152 Antiquum

403 3168 606 3236 quippe
637 3169 766 3234 illis,
797 3167 1008 3223 Novum
1059 3182 1238 3226 autem
1271 3171 1388 3226 istis
1420 3183 1722 3240 permanet.
1765 3174 1995 3245 lntelligi

403 3260 567 3312 etiam
608 3269 831 3328 possunt
863 3261 976 3316 inec
999 3263 1158 3316 verba
1200 3263 1522 3330 simpliciter
1553 3265 1618 3318 de
1666 3267 1994 3330 visibilibus.

405 3367 502 3405 seu
567 3355 728 3410 etiam
781 3354 1145 3411 invisibilihus
1190 3357 1428 3412 inimicis
1467 3375 1480 3411 :

2091 1455 2210 1500 τας.
2241 1438 2270 1490 ὃ
2297 1437 2452 1508 μένει
2485 1436 2779 1507 μέλλοντος
2811 1435 3009 1496 αἰῶνος
3041 1434 3338 1504 ἀήττητον.

2160 1707 2453 1779 Λογισμοὶ
2487 1705 2594 1772 τῆς
2629 1703 2879 1770 καρδίας
2932 1699 3140 1764 αὐτοῦ,
3192 1700 3279 1763 εἲς
3327 1693 3547 1766 γενεὰν
3579 1692 3675 1745 καὶ

2094 1800 2330 1870 γενεάν.
2374 1798 2586 1867 Ὠσπερ
2623 1797 2737 1849 ἄνω
2767 1795 2963 1866 βουλὰς
3008 1792 3104 1846 καὶ
3149 1787 3451 1858 λογισμοὺς
3495 1782 3671 1845 εἶπεν,

2093 1892 2236 1946 οὕτω
2284 1890 2382 1944 καὶ
2418 1889 2534 1942 νῦν.
2570 1889 2695 1943 Ἔτι
2725 1886 2783 1940 δὶ
2821 1885 2987 1956 βουλὴ
3017 1884 3138 1954 μὲν,
3173 1885 3206 1953 ἡ
3259 1879 3443 1943 καλῶς
3475 1877 3678 1945 δόξασα

2092 1987 2286 2055 γνώμη
2308 2001 2322 2016 ο
2359 1983 2618 2052 λογισμὸς
2650 1981 2728 2046 δὲ,
2774 1981 2807 2050 ἡ
2851 1978 3038 2040 ἁπλῶς
3068 1974 3394 2045 ἐνθύμησις.
3424 1975 3531 2037 Εἰς
3577 1985 3676 2037 γε⁴

2091 2079 2241 2132 γεὰν
2285 2078 2340 2130 δὲ
2386 2077 2484 2130 καὶ
2547 2074 2779 2142 γενεὰν,
2808 2071 3034 2125 εἰώθασι
3063 2069 3246 2136 λέγειν
3276 2065 3326 2118 οἱ
3365 2061 3591 2118 παλαιοὶ
3618 2058 3682 2112 τὺ

2093 2170 2202 2233 ἀεὶ,
2249 2169 2310 2220 τὸ
2364 2168 2445 2228 εἰς
2497 2167 2676 2218 πᾶσαν
2713 2161 2906 2230 γενεὰν
2956 2161 3020 2212 ἐκ
3070 2155 3342 2226 διαδοχῆς.
3375 2150 3594 2220 Καρὸία
3620 2147 3676 2200 δὲ

2092 2261 2229 2314 Θεοῦ
2291 2255 2783 2328 ἀνθρωποπρεπῶς
2836 2251 3055 2322 εἴρηται
3113 2250 3148 2320 ὴ
3211 2247 3432 2316 θέλησις
3484 2239 3672 2295 αὐτοῦ.

2095 2351 2303 2415 Σκοπὸς
2351 2350 2407 2403 δὲ
2445 2353 2559 2412 τοῖς
2617 2349 2802 2417 ῥητοῖς
2858 2343 3125 2406 τοιοῦτος,
3179 2341 3264 2394 ὅτι
3291 2338 3319 2390 ὃ
3356 2335 3612 2407 βούλεται
3649 2333 3680 2384 ὁ

2093 2445 2246 2507 Θεδς,
2289 2444 2377 2496 ἀεὶ
2433 2441 2619 2511 μένει·
2677 2438 2774 2492 καὶ
2801 2435 2866 2490 οὗ
2897 2435 3057 2486 τοῦτο
3109 2431 3294 2502 μόνον,
3351 2425 3493 2482 ἀλλὰ
3525 2423 3620 2477 καὶ
3649 2422 3678 2475 ὂ

2093 2535 2401 2604 ἐνθυμηθῇ.
2480 2532 2555 2584 Τὸ
2609 2530 2720 2599 γὰρ
2777 2528 3041 2596 ἐννόημα,
3096 2524 3286 2594 φησὶν,
3342 2521 3508 2589 ἔργον
3561 2514 3679 2570 νῦν.

2098 2626 2253 2680 Ἐστι
2282 2625 2339 2678 δὲ
2368 2622 2466 2678 καὶ
2494 2622 2668 2686 ἄλλως
2697 2622 2897 2683 εἰπεῖν,
2949 2616 3212 2686 λογισμὸν
3238 2614 3470 2684 καρδίας
3516 2608 3676 2672 θεοῦ,

2095 2721 2194 2790 τὴν
2231 2715 2474 2772 Παλαιὰν
2527 2715 2621 2768 καὶ
2680 2716 2781 2782 τὴν
2826 2712 2973 2767 Νέαν
3024 2710 3335 2779 Διαθήκην·
3367 2705 3569 2775 γενεὰν
3623 2703 3679 2757 δὲ

2093 2812 2185 2866 καὶ
2211 2809 2427 2878 γενεὰν,
2452 2808 2553 2878 τήν
2584 2824 2640 2859 τε
2687 2804 2800 2859 τῶν
2847 2801 3117 2857 Ἰουδαίων
3149 2803 3242 2856 καὶ
3269 2800 3380 2852 τῶν
3407 2800 3681 2867 Χριστια-

2094 2905 2231 2956 νῶν·
2266 2904 2299 2972 ἡ
2335 2902 2435 2970 μὲν
2467 2899 2576 2969 γὰρ
2612 2897 2866 2959 ἐκείνοις.
2899 2897 2932 2965 ἠ
2971 2895 3028 2948 δὲ
3079 2893 3291 2955 τούτοις
3343 2888 3679 2958 παραμένει.

2106 2993 2476 3064 Ἐκδεχὸμεοα
2514 2992 2568 3044 δὲ
2599 2990 2785 3051 ἁπλῶς
2813 2988 2879 3040 τὰ
2916 2986 3057 3058 ῥητὰ
3084 2986 3176 3038 καὶ
3205 2982 3299 3035 ἐπὶ
3327 2983 3434 3033 τῶν
3461 2979 3682 3032 ἐπιϐου-

2093 3088 2403 3140 λευσάντων
2433 3085 2566 3152 ἡμῖν
2592 3079 2865 3152 ὁρατῶνῆ
2899 3079 3149 3148 ἀοράτων
3179 3075 3411 3144 ἐχθρῶν,
3445 3073 3530 3124 ὅτι
3569 3070 3682 3122 Κύ-

2097 3197 2211 3249 ριος
2234 3173 2581 3237 διασκεδὰζει
2607 3174 2705 3235 τὰς
2737 3171 2929 3241 βουλὰς
2963 3168 3160 3233 αὐτῶν,
3191 3169 3285 3221 καὶ
3307 3167 3334 3218 ὃ
3358 3165 3524 3227 αὐτὸς
3556 3161 3678 3231 βού·

2103 3272 2278 3334 λεται,
2311 3271 2455 3320 ποιεῖ
2487 3267 2625 3336 πρὸς
2659 3264 2935 3334 σωτηρίαν
2960 3263 3139 3330 ἡμῶν.

1531 3360 1675 3427 quod
1730 3361 1984 3420 Christus
2011 3365 2268 3419 nimirum
2293 3377 2481 3418 eorum
2524 3358 2754 3414 consilia
2780 3355 3088 3428 dissipabit,
3115 3362 3171 3408 et
3227 3350 3374 3421 quod
3417 3350 3680 3404 Dominus

404 3446 647 3515 pcrticiet
706 3461 1042 3516 quaecunque
1104 3447 1170 3501 ad
1209 3449 1440 3502 salutem
1477 3458 1718 3505 nostram
1748 3451 2036 3520 disponere
2065 3454 2316 3510 voluerit.

481 3542 656 3598 Vens.
707 3543 796 3597 12.
843 3543 1010 3596 Beata
1062 3559 1204 3612 gens,
1251 3546 1402 3614 cujus
1429 3555 1507 3600 est
1551 3546 1811 3602 Dominus
1852 3548 1993 3603 Deus

407 3638 544 3706 ejus.
580 3637 742 3690 Beata
775 3651 929 3704 gens,
961 3652 1079 3703 qua:
1110 3637 1318 3707 regitur
1361 3646 1416 3689 et
1453 3638 1793 3706 gubernatur
1828 3657 1854 3691 a
1889 3640 1997 3696 Dco

412 3744 539 3783 suo.
591 3727 717 3782 llaec
751 3739 933 3783 autem
965 3730 1081 3783 sola
1119 3740 1201 3783 est
1245 3730 1688 3783 Christianorum
1723 3747 1876 3800 gens,
1909 3735 1997 3787 cui

414 3819 670 3875 Salvator
721 3822 972 3889 promisit
1003 3821 1194 3874 dicens
1228 3839 1241 3872 ε
1274 3821 1409 3874 Ecce
1444 3839 1537 3891 ego
1579 3824 1840 3876 vobiscum
1886 3843 2002 3878 sum

410 3930 573 3981 usque
601 3914 670 3966 ad
700 3915 1203 3967 consummationem
1236 3915 1503 3968 stt-culi".

487 4092 721 4159 Populus
743 4109 892 4162 quem
919 4095 1074 4162 elegit
1102 4095 1155 4146 in
1181 4094 1540 4148 hereditatem
1567 4096 1690 4148 sibi.
1721 4093 1826 4149 Nos
1860 4095 1996 4150 ﬁde-

2167 3548 2473 3615 Μακάριον
2528 3546 2596 3599 τὸ
2649 3545 2846 3607 ἔθνος,
2885 3537 2955 3596 οὗ
2980 3543 3113 3593 ἐστι
3169 3539 3383 3604 Κύριος
3448 3539 3483 3588 ό
3539 3535 3685 3600 Θεὸς

2096 3639 2307 3694 αὐτοῦ.
2345 3637 2635 3708 Μακάρων
2688 3634 2748 3687 τὸ
2802 3631 2978 3695 ἔθνος,
3029 3631 3090 3683 τὸ
3142 3627 3540 3698 κυριευόμενον
3592 3626 3686 3679 καὶ

2098 3726 2554 3797 οίκονομούμενον
2603 3724 2707 3778 ὑπὸ
2762 3721 2858 3776 τοῦ
2927 3721 3062 3774 [δίου
3101 3719 3272 3772 Θεοῦο
3307 3719 3392 3788 εἴη
3447 3717 3494 3770 δ’
3529 3717 3597 3769 ἂν
3624 3715 3685 3767 τὸ

2101 3823 2209 3873 τῶν
2242 3817 2590 3890 Χριστιανῶν
2643 3818 2825 3885 μόνον,
2868 3807 2949 3876 οἷς
3005 3810 3375 3878 ἐπηγγείλατο
3428 3809 3611 3877 λέγων
3659 3811 3687 3861 6

2106 3911 2298 3980 Σωτήρ
2318 3927 2331 3940 ο
2361 3910 2468 3964 Kal
2495 3906 2627 3962 ἰδοὺ
2660 3903 2777 3975 ἐγὼ
2817 3904 2946 3972 μεθ’
2981 3902 3146 3971 ὑμῶν
3177 3903 3295 3970 ειμι
3326 3900 3536 3965 πάσας
3582 3899 3690 3963 τὰς

2102 4004 2350 4075 ἡμέρας,
2381 4003 2492 4068 ἕως
2524 4001 2633 4069 τῆς
2654 3997 3014 4062 συντελείας
3040 3995 3147 4048 τοῦ
3179 3993 3416 4058 ιιιῶνος.

2176 4097 2335 4160 Λαὸς
2375 4095 2447 4149 ὃν
2498 4092 2820 4159 ἐξελέξατο
2873 4093 2962 4155 εις
3013 4089 3419 4156 κληρονομίαν
3469 4086 3684 4150 ἐαυτῷ.

416 4188 494 4240 les
535 4197 589 4241 et
631 4201 764 4255 gens
806 4186 1064 4246 dicimur,
1108 4186 1276 4239 veluti
1315 4204 1376 4239 es
1425 4188 1680 4255 gentibus
1733 4188 1785 4240 in
1807 4199 1991 4239 mnam

2114 4190 2306 4256 Ἡμεῖς
2328 4188 2497 4255 ἐσμεν
2527 4185 2682 4245 ἔθνος
2720 4184 2842 4253 μὲν,
2875 4181 2948 4246 ὡς
2973 4179 3032 4245 ἐξ
3071 4179 3242 4232 ἐθνῶν
3297 4177 3684 4245 συλλεγέντες.

417 4278 720 4331 Erclesiant
754 4280 1071 4346 congregati
1108 4296 1118 4343 ;
1161 4290 1215 4331 et
1250 4279 1510 4346 populus,
1540 4277 1703 4332 veluti
1746 4278 1838 4344 qui
1883 4277 2003 4329 loco

416 4369 614 4436 ahjccti
656 4369 804 4421 illius
853 4367 1169 4420 Judzcorum
1210 4369 1396 4436 populi
1458 4367 1758 4420 introducti
1785 4381 1998 4419 sumus.

419 4459 766 4526 l-Zlegitenim
803 4473 903 4512 nos
942 4459 1080 4510 Dens
1112 4460 1163 4509 in
1199 4458 1596 4522 lia-reditatem,
1625 4458 1776 4524 juxta
1811 4456 1942 4510 illud
1986 4473 2000 4509 :

421 4550 571 4602 Dabo
605 4550 698 4602 tibi
734 4561 908 4618 gentes
939 4549 1300 4601 lia-roditamn
1351 4559 1494 4600 tuam
1524 4550 1588 4600 δ’.
1632 4548 1827 4602 Beatos
1877 4564 2002 4603 vero

421 4660 521 4697 nos
567 4641 824 4711 appellat,
862 4642 934 4695 ob
984 4651 1296 4710 paraturum
1356 4641 1513 4694 nobis
1545 4641 1811 4694 honorum
1865 4640 2002 4695 frui-

421 4738 650 4786 tionem.

494 4824 661 4878 \‘eus.
693 4825 780 4877 1⁸5.
825 4822 896 4876 De
936 4823 1064 4875 ca'lo
1103 4824 1328 4888 respexit
1370 4823 1644 4876 Dominus.
1680 4824 1801 4877 llmc
1835 4825 1997 4879 verba

417 4919 581 4973 etiam
617 4919 886 4970 habentur
932 4919 985 4969 in
1027 4917 1242 4968 l’salnio
1283 4934 1371 4969 xm
1421 4937 1432 4969 :
1492 4917 1742 4970 Dominus
1772 4919 1836 4972 de
1872 4922 1999 4972 caelo

420 5012 691 5078 prospexit
742 5009 808 5060 ad
845 5009 983 5072 ﬁlios
1036 5010 1328 5060 hominum.
1368 5010 1501 5063 Vide
1550 5027 1671 5078 qum
1710 5011 1822 5063 illic
1857 5012 1998 5065 dicta

425 5115 574 5156 sunt.

500 5194 638 5246 Vidit
703 5209 878 5246 omnes
939 5193 1080 5259 ﬁlios
1125 5192 1413 5243 hominum.
1467 5193 1670 5248 Omnes
1705 5196 1849 5249 enim
1895 5199 1996 5249 sub

421 5287 560 5342 calo
589 5286 839 5338 habitant
877 5302 887 5335 :
921 5293 970 5338 ct
998 5285 1185 5336 nullus
1225 5299 1345 5336 cum
1381 5285 1530 5337 latet.

497 5492 536 5524 ἰ
581 5487 768 5541 Matth.
808 5504 998 5552 xxmt,
1031 5485 1123 5540 ‘30.
1199 5490 1240 5519 ⁸³
1267 5485 1410 5542 Pani.
1437 5503 1494 5550 ιι,
1526 5486 1580 5538 3-

2101 4280 2227 4342 λαὸς
2263 4278 2344 4340 δέ,
2370 4279 2447 4340 ὡς
2480 4273 2931 4346 ἀντεισαχῢέντες
2961 4271 3058 4324 τοῦ
3094 4268 3497 4339 ἀποωηοέντος
3527 4268 3685 4322 λαοῦ.

2113 4371 2426 4436 Ἑξελὲξατο
2439 4370 2495 4421 δὲ
2518 4369 2665 4438 ἡμᾶς
2701 4369 2781 4428 εἰς
2801 4362 3188 4434 κληρονομίαν,
3211 4360 3353 4413 κατᾶ
3377 4361 3438 4412 τό
3457 4375 3472 4390 °
3507 4359 3686 4412 Δώσω

2101 4483 2199 4520 σοι
2227 4465 2372 4528 ἔθνη
2414 4461 2528 4527 τὴν
2574 4459 2981 4526 κληρονομίαν
3004 4470 3142 4508 σου.
3177 4453 3465 4520 Μακάρων
3494 4452 3574 4516 δὲ,
3598 4453 3687 4504 διὰ

2100 4559 2201 4629 τὴν
2235 4557 2344 4610 τῶν
2371 4554 2798 4624 ἡτοιμασμένων
2825 4550 3053 4618 ἀγαθῶν
3083 4549 3412 4602 ἀπόλαυσιν.

2190 4821 2282 4882 Ἐξ
2315 4808 2575 4885 οἱρηνοῦ
2601 4814 2942 4882 ἐπέϐλεψεν
2965 4814 2996 4864 ό
3032 4810 3266 4876 Κύριος.
3303 4803 3474 4857 Τοῦτο
3503 4802 3596 4855 καὶ
3625 4803 3684 4854 ἐν

2101 4912 2178 4980 τῷ
2215 4907 2653 4980 τρισκαιδεκάτῳ
2688 4906 2866 4956 κεῖται
2903 4897 3146 4970 ψαλμῷ·
3189 4897 3404 4962 Κύριος
3453 4894 3523 4944 ἐκ
3574 4890 3685 4945 τοῦ

2101 5001 2366 5069 οὐρανοῦ
2385 4997 2679 5063 διέκοψεν
2705 4994 2804 5047 ἐπὶ
2825 4991 2960 5058 τοὺς
2985 4989 3154 5054 υἱοὺς
3184 4987 3300 5042 τῶν
3328 4987 3465 5052 ἀγοί
3483 4984 3681 5035 ώπων·

2109 5096 2202 5149 κιὶ
2239 5094 2392 5163 ζήτει
2426 5092 2563 5142 ἐκεῖ.

2178 5184 2317 5240 Εἷὸε
2353 5184 2577 5246 πάντας
2609 5181 2745 5245 τοὺς
2780 5177 2949 5241 υἱοὺς
2973 5173 3315 5241 ἀνθρώπων.
3341 5171 3546 5227 Πάντες
3574 5164 3686 5232 γὰρ

2105 5278 2212 5331 ὑπὸ
2240 5277 2332 5330 τὸν
2377 5277 2607 5348 οὐρανὸν
2643 5269 2875 5336 οἰκοῦσι,
2913 5268 3008 5320 καὶ
3057 5263 3245 5318 λοιπθιν
3272 5259 3448 5322 οὐδεὶς
3489 5257 3686 5312 λανεὰο

2098 5388 2240 5424 νειμ.
