4036 6262
300 353 403 418 409

1453 358 1598 418 (ἐοΜ
1612 357 1716 418 ΜΕ
1727 356 1843 416 ΝΤ.
1893 354 1973 414 IN
2015 356 2377 416 PSALMOS.

3451 358 3560 421 410

298 483 394 541 tes,
426 479 750 547 volttptalcltt
789 475 963 550 [olim,
1005 487 1058 534 et
1088 479 1274 534 carnis
1298 476 1568 534 desideria
1602 491 1860 548 pecorum
1907 475 2109 549 instar]
2142 485 2442 533 sectantes.
2485 477 2551 532 Et
2581 484 2712 532 tunc
2739 479 2968 533 verbum
3045 478 3292 533 Saluabis
3353 475 3408 531 in
3455 493 3557 533 suo

295 579 616 637 permaneat
659 573 1086 644 signiﬁcatione,
1128 580 1182 626 ct
1216 573 1385 626 futuri
1436 572 1508 625 sit
1536 573 1802 640 temporis
1845 587 1858 622 :

1940 575 1995 621 ct
2062 571 2402 637 prophetiam
2425 569 2787 624 continebunt
2820 571 2934 624 ltrec
2963 570 3128 623 verba
3182 570 3250 625 dc
3277 569 3554 624 lidelibus.

295 665 542 721 Salvabis
580 669 725 721 enim
757 683 873 733 eos,
907 667 998 737 qui
1027 667 1368 723 crediderint
1418 667 1605 721 audita
1659 660 2050 735 prmdicatioue
2082 663 2386 731 Evangelii.

377 759 472 824 Ὡς
495 760 848 829 ἑπλήθυγας
879 761 943 814 τὸ
972 762 1146 827 ἔλεός
1165 777 1303 829 σου,
1324 765 1358 817 ὁ
1385 765 1551 830 Θεός.
1572 763 1648 815 Τὸ
1673 762 1761 823 Ὠς
1780 761 1860 812 ὲν-

2046 759 2222 824 Quam
2246 759 2614 829 multiplicati
2633 758 3052 812 misericordia»:
3077 769 3246 821 mam,
3268 758 3429 812 Deus.
3463 756 3557 812 Dl-

290 850 484 914 τιῦθα,
508 850 882 922 θαυμαστικόν
918 854 1030 922 (28)
1062 856 1235 910 ἐστιν.
1279 854 1608 924 Ἐκπλατεὶς
1641 856 1749 922 γὰρ
1770 855 1860 922 τὴν

1971 853 2105 918 ctio,
2137 869 2323 922 quam,
2348 853 2451 906 hoc
2477 852 2530 905 in
2563 854 2681 907 loco
2707 851 3032 905 admirantis
3057 851 3299 904 animum
3323 849 3554 904 demon-

291 944 597 1015 ὑπερϐολὴν
627 945 727 1015 τῆς
766 943 860 999 τοῦ
890 946 1026 1001 Θεοῦ
1065 945 1405 1020 ἀγαθότητος
1436 948 1530 1000 καὶ
1564 945 1870 1016 ἐλεημοσύ-

288 1054 406 1106 νης,
444 1034 511 1090 δι’
541 1039 608 1109 ἦν
639 1036 802 1102 σώζει
829 1039 1056 1104 τούτους
1090 1041 1406 1106 κάκείνους,
1445 1040 1734 1108 ἐπιφωνεῖ,
1782 1041 1868 1093 ὅτι

289 1129 424 1186 Λέαν
447 1129 760 1200 ὲπλὴθυνας
790 1132 869 1196 είς
899 1132 1049 1202 ἡμᾶς
1075 1132 1137 1186 τὸ
1164 1133 1312 1197 ἔλεός
1343 1150 1461 1188 σου.

361 1397 426 1448 οι
451 1394 521 1448 δὲ
558 1395 673 1449 υἱοὶ
700 1395 819 1451 τῶν
842 1396 1170 1464 ἀνθρώπων
1196 1398 1264 1452 ἐν
1289 1399 1493 1467 σκέπῃ
1521 1396 1638 1453 τῶν
1656 1396 1867 1465 arrepti.

285 1505 406 1553 γων
431 1505 550 1543 σου
569 1488 909 1544 ἐλπιοῦσιν.
939 1489 1060 1542 Υίοὶ
1085 1490 1193 1543 τῶν
1236 1491 1560 1561 ἀνθρώπων,
1595 1492 1718 1545 ἀντὶ
1745 1491 1862 1554 τοῦ,

287 1581 622 1650 Ἄνθρωποι,
672 1582 860 1647 καθὼς
904 1585 962 1635 ὲν
993 1584 1069 1653 τῷ
1099 1586 1343 1657 τετάρτῳ
1363 1585 1564 1656 ψαλμῷ
1600 1585 1865 1656 προείρη-

280 1691 367 1727 ται
387 1690 402 1703 ’
438 1674 592 1742 λέγει
625 1675 704 1739 δὲ,
740 1676 821 1728 ὅτι
843 1676 1003 1732 Ὀσοι
1032 1678 1240 1749 κυρίως
1269 1679 1407 1732 είσὶν
1440 1678 1745 1749 ἄνθρωποι,
1786 1676 1863 1747 μὴ

281 1765 777 1838 παραχαράξαντες
827 1772 1093 1840 πονηραῖς
1146 1771 1379 1840 πράξεσι
1430 1770 1532 1841 τὴν
1585 1787 1864 1840 προσηγοο

281 1857 424 1925 ρίαν,
462 1861 521 1911 ἐν
547 1862 614 1930 τῇ
657 1861 840 1932 σκέπῃ
867 1863 966 1929 τῆς
997 1862 1149 1931 παρὰ
1198 1861 1294 1915 σοῦ
1349 1861 1596 1931 θάλψεως
1633 1865 1729 1917 καὶ
1758 1882 1862 1932 φυ-

278 1951 450 2021 λακῆς
481 1952 790 2007 ἐλπιοῦσιν.
848 1954 919 2007 Ἣ
957 1957 1050 2006 καὶ
1101 1954 1314 2019 ἇὶλως’
1348 1955 1659 2026 πρόρρησις
1701 1955 1863 2009 τοῦτο

279 2043 406 2112 περὶ
435 2043 549 2096 τῶν
588 2043 954 2116 Χριστιανῶν.

339 2224 852 2294 Μεθυσθήσοντιιι
890 2227 1010 2282 ἀπὸ
1040 2229 1328 2296 πιότητος
1357 2228 1529 2283 οἷκον
1561 2241 1705 2283 σου.
1751 2227 1861 2282 Μέ-

274 2319 372 2387 θην
397 2318 640 2372 ἐνταῦθα
680 2319 780 2393 τὴν
809 2321 1152 2394 εὐφροσύνην
1175 2322 1354 2387 καλεῖ,
1402 2323 1593 2392 ὥσπερ
1623 2320 1719 2374 καὶ
1743 2319 1865 2373 πιό-

271 2430 409 2484 τητα
426 2414 524 2466 τὸν
548 2414 798 2470 πλοῦτον.
834 2417 1011 2483 Οἷνός
1037 2434 1097 2470 τε
1138 2416 1248 2487 γὰρ
1276 2418 1588 2485 εὐφραίνει
1610 2415 1863 2483 καρδίαν

269 2504 592 2572 ἀνθρώπου
612 2524 626 2538 ·
660 2511 753 2559 καὶ
773 2508 806 2578 ἡ
829 2508 1024 2577 πιότης
1074 2509 1364 2580 περισσεία
1391 2511 1506 2562 ἐστὶ
1534 2507 1628 2562 τοῦ
1645 2509 1858 2572 λίπους.

272 2597 547 2671 Τοιαύτην
578 2600 634 2654 δὲ
666 2601 910 2656 διάνοιαν
941 2602 1056 2672 ἔχει
1096 2605 1157 2656 τὺ
1186 2603 1373 2674 ῥητὸν,
1397 2603 1479 2656 ὅτι
1511 2603 1576 2657 Oi
1626 2602 1862 2656 τοιοῦτοι

194 2744 200 2750 .
270 2695 747 2766 εὐφρανθήσονται
772 2697 881 2750 ἀπὸ
906 2697 1000 2750 τοῦ
1029 2697 1260 2751 πλούτου
1279 2696 1371 2750 τοῦ
1397 2697 1548 2750 οῐκου
1579 2710 1696 2751 σου·
1711 2692 1861 2760 οἶκος

273 2787 373 2855 μὲν
398 2787 510 2857 γὰρ
541 2788 635 2842 τοῦ
666 2787 823 2856 Θεοῦ,
849 2792 882 2862 ἡ
919 2790 1222 2861 Ἐκκλησία
1245 2806 1259 2820 ·
1307 2788 1442 2843 πλοῦ
1456 2807 1539 2853 τος
1577 2789 1636 2843 δὲ
1667 2790 1859 2860 αὐτῆς,

268 2881 335 2932 τὰ
364 2879 572 2950 εὐσεϐῆ
597 2879 866 2951 δόγματα,
908 2883 1273 2952 εὐφραίνοντα
1306 2882 1698 2951 πνευματικῶς
1731 2884 1861 2947 τοὺς

270 2973 818 3045 μεταλαμϐάνοντας.
839 2975 912 3028 Ἦ
941 2970 1091 3037 οἶκος
1123 2974 1223 3044 μὲν
1251 2975 1346 3027 τοῦ
1376 2975 1555 3042 Λόγου
1577 2976 1674 3029 καὶ¹
1696 2973 1858 3042 Θεοῦ,

268 3067 299 3134 ἠ
326 3066 742 3136 προσληφθεῖσα
774 3065 1018 3137 ἔμψυχος
1050 3066 1208 3136 σὰρξ,
1233 3067 1292 3120 ἐν
1385 3068 1664 3136 ἐσκήνωσε
1687 3085 1699 3098 ’
1737 3068 1859 3121 πιό-

264 3173 363 3225 της
385 3156 466 3222 δὲ,
494 3159 530 3225 ἡ
585 3157 736 3228 παρὰ
772 3156 966 3211 τούτου
1017 3155 1361 3223 διδασκαλία,
1415 3157 1653 3228 ἄρδουσα
1679 3157 1859 3230 ψυχὰς

264 3251 357 3303 καὶ
389 3249 688 3304 πιαίνουσα
722 3250 818 3304 καὶ
863 3249 1238 3318 εὖφραίνουσα
1263 3267 1277 3280 ·
1322 3249 1396 3313 ὡς
1426 3248 1688 3302 δύνασθαι
1721 3251 1860 3319 μετὰ

267 3343 485 3398 Παύλου
516 3343 701 3413 λέγειν
723 3359 738 3376 ⁸
779 3344 875 3412 Τίς
897 3342 1056 3413 ἡμᾶς
1082 3343 1325 3414 χωρίσει
1349 3341 1470 3398 ἀπὸ
1491 3341 1595 3411 τῆς
1619 3343 1860 3413 ἀγάπης

265 3437 372 3492 τοῦ
401 3436 674 3505 Χριστοῦ
696 3453 718 3500 ;

335 3701 446 3757 Kal
477 3701 593 3756 τὸν
643 3701 1012 3771 χειμάῤῥουν
1069 3700 1181 3770 τῆς
1219 3702 1452 3772 τρυφῆς
1488 3718 1606 3761 σου
1635 3705 1859 3774 ποτιεῖς

269 3796 511 3863 αὐτούς.
539 3794 616 3848 re
637 3796 769 3849 αὐτὸ
802 3795 966 3847 πάλιν
985 3794 1264 3849 κάνταῦθα
1300 3799 1480 3867 νόημα
1504 3815 1518 3829 '
1551 3799 1724 3869 μέθης
1748 3799 1857 3872 γὰρ

270 3892 683 3959 μνημονεύσας,
713 3887 1024 3951 ἀκολούθως
1057 3887 1152 3940 καὶ
1181 3888 1311 3959 περὶ
1337 3890 1581 3959 πόματος
1614 3891 1858 3946 διέλαϐε.

269 3983 376 4036 Καὶ
395 3983 490 4035 τὸν
523 3981 768 4049 ποταμὸν
800 3982 894 4050 τῆς
927 3981 1078 4050 παρὰ
1109 3979 1223 4046 σοῦ,
1257 3982 1414 4051 φησι,
1445 3982 1860 4053 χορηγουμένης

267 4074 610 4145 εὐφροσύνης
640 4075 882 4137 ποτίσεις
905 4075 1123 4138 αὐτούς.
1160 4075 1510 4146 Χειμάρρους
1533 4077 1589 4129 δὲ
1619 4077 1857 4147 τρυφῆς,

265 4167 325 4218 τὸ
365 4166 553 4237 ῥεῦμα
595 4165 696 4234 τῆς
727 4166 1067 4238 εὐφροσύνου
1102 4167 1446 4229 διδασκαλίας
1469 4184 1484 4199 ·
1518 4169 1859 4240 χειμάρρους

269 4259 388 4326 μὲν,
418 4257 510 4311 διὰ
555 4257 618 4311 τὸ
643 4258 984 4331 πρόσκαιρον
1010 4257 1114 4327 τῆς
1143 4259 1233 4312 διὰ
1284 4260 1464 4327 στόμα
1493 4259 1586 4312 τοῦ
1618 4260 1856 4329 Χριστοῦ

265 4352 511 4423 διδαχῆς,
547 4351 643 4404 καὶ
672 4350 735 4406 τδ
775 4351 1000 4423 ἰσχυρὸν
1026 4353 1198 4423 αὐτῆς
1230 4352 1326 4406 καὶ
1356 4352 1533 4421 βίαιον
1563 4354 1644 4416 είς
1668 4355 1858 4426 ἀντίῤ-

271 4445 450 4515 ῥησιν,
480 4441 661 4498 καὶτὸ
687 4442 795 4496 ἀπὸ
821 4445 1180 4515 προφητικῶν
1203 4444 1378 4512 λόγων
1407 4447 1859 4516 συγκεκροτημέο

269 4554 391 4589 νον·
424 4537 521 4591 καὶ
553 4535 583 4589 ό
627 4537 969 4609 χειμάρρους
999 4538 1130 4610 γὰρ,
1182 4537 1541 4608 πρόσκαιρος,
1584 4539 1680 4593 καὶ
1725 4557 1858 4606 σφοσ

267 4630 414 4700 δρὸς,
444 4632 546 4685 καὶ
573 4629 771 4701 βίαιος,
821 4632 915 4685 καὶ
941 4631 1051 4684 ἀπὺ
1089 4628 1352 4701 συρῤοίας
1402 4632 1612 4685 ὑδάτων
1647 4651 1860 4703 συμπε-

269 4726 581 4794 φορημένος
601 4741 614 4755 ·
647 4724 832 4796 τρυφὴ
846 4723 926 4787 δὲ,
944 4725 1020 4787 ὡς
1037 4724 1408 4794 εὐφραίνουσα
1425 4725 1521 4778 καὶ
1542 4727 1855 4792 πιαίνουσα,

1973 953 2130 999 Strat.
2169 941 2578 1012 Obstupescens
2617 942 2762 997 enim
2824 941 3093 1009 Propheta
3155 942 3452 995 bonitatem
3489 956 3554 995 ac

1973 1035 2411 1089 misericordiam
2445 1050 2718 1090 summam
2758 1034 2871 1096 Dei,
2908 1050 3014 1104 qua
3050 1035 3104 1088 hi
3145 1035 3348 1103 pariter
3387 1042 3554 1102 atque

1973 1125 2053 1179 illi
2120 1127 2434 1191 salvantur,
2493 1126 2754 1180 inclamat
2809 1125 2876 1178 ad
2940 1125 3128 1192 Deum,
3184 1125 3381 1180 dicens
3427 1141 3551 1177 eum

1968 1233 2134 1289 quam
2165 1221 2401 1274 maxime
2426 1233 2580 1275 suam
2606 1221 2660 1274 in
2691 1235 2793 1276 nos
2827 1219 3262 1276 misericordiam
3290 1216 3555 1286 multipli-

1969 1328 2148 1370 68888.

2044 1403 2177 1459 Filii
2210 1413 2389 1458 autem
2417 1404 2691 1458 hominum
2737 1404 2789 1457 in
2818 1405 3139 1472 protectione
3169 1406 3383 1458 alarum
3424 1417 3549 1460 tua-

1967 1515 2085 1553 rum
2113 1499 2425 1566 sperabunt.
2460 1495 2579 1550 Filii
2602 1496 2908 1556 hominum.
2946 1495 3050 1550 hoc
3081 1507 3166 1550 est
3191 1496 3466 1561 hornincs,
3491 1509 3552 1552 ut

1966 1591 2210 1648 diximus
2281 1592 2332 1645 in
2367 1590 2579 1660 pSaItno
2611 1598 2832 1658 quarto.
2860 1588 2950 1644 Ait
2982 1590 3146 1659 igitur
3178 1591 3323 1659 quod
3355 1606 3567 1654 omnes.

1967 1683 2061 1754 qui
2086 1683 2196 1738 veri
2227 1681 2479 1737 homines
2505 1690 2655 1741 sunt.
2685 1689 2739 1734 et
2769 1682 2860 1749 qui
2893 1681 3058 1746 hujus
3085 1680 3325 1734 nominis
3365 1681 3552 1749 appel-

1967 1775 2226 1830 lationem
2255 1774 2554 1829 sceleribus
2578 1772 2692 1827 suis
2719 1788 2825 1826 non
2849 1773 3248 1835 adulterarum,
3284 1771 3336 1824 in
3365 1772 3549 1825 divina

1968 1868 2269 1937 sperabunt
2301 1866 2665 1935 protecti'onc,
2702 1867 2960 1936 quodque
3002 1881 3098 1920 eos
3127 1866 3270 1920 Dens
3324 1873 3384 1918 ιιι
3429 1866 3549 1919 avis

1968 1961 2222 2030 proprios
2257 1959 2438 2030 pullus
2472 1958 2684 2014 fovebit
2715 1975 2779 2014 ac
2815 1959 3115 2014 custodiet.
3159 1959 3223 2014 Et
3267 1960 3428 2014 aliter
3463 1959 3551 2012 in-

1969 2053 2136 2124 telligi
2169 2062 2348 2122 potest
2378 2052 2712 2118 versiculus,
2745 2061 2804 2105 ut
2831 2043 2918 2108 isit
2975 2052 3260 2121 prophetia
3292 2053 3359 2106 de
3385 2036 3548 2105 Chriz

1964 2147 2182 2204 stianis.

2035 2237 2203 2295 Vens.
2242 2240 2296 2295 9.
2331 2237 2748 2294 Inebriabuutur
2773 2237 2837 2290 ab
2881 2238 3120 2292 ubertate
3167 2237 3360 2292 domus
3416 2248 3545 2294 tua.

1963 2330 2430 2403 llmbriabuutur,
2487 2333 2592 2385 hoc
2660 2338 2748 2385 cst
2801 2328 3206 2402 Laetabuntun]
3268 2330 3538 2385 Laetitiam

1963 2426 2110 2480 enim
2149 2424 2237 2480 hic
2270 2424 2599 2479 ebrietatem
2660 2422 2921 2491 appellat,
2983 2423 3448 2491 quemadmodum
3492 2431 3550 2478 et

1962 2518 2182 2574 divitias
2232 2518 2559 2572 ubertatem.
2611 2515 2804 2569 Vinum
2851 2515 3023 2576 enim,
3055 2523 3116 2568 ut
3173 2516 3305 2569 alibi
3369 2514 3550 2584 inquit

1963 2608 2254 2681 Propheta,
2297 2610 2539 2677 la'tiﬁcat
2571 2626 2662 2662 cor
2689 2607 2918 2660 hominis
2965 2607 3035 2662 ⁸ο.
3099 2608 3329 2663 libertas
3381 2607 3546 2659 etiam

1959 2702 2175 2772 copiam
2209 2702 2501 2772 quamdam
2530 2700 2850 2770 ampliorem
2880 2697 3172 2768 signiﬁcat.
3196 2697 3544 2766 llujusmodi,

1963 2795 2162 2864 inquit,
2210 2796 2460 2849 homines
2499 2792 2601 2847 lzeti
2648 2801 2808 2846 ertmt
2849 2807 2876 2843 a
2906 2791 3113 2846 divitiis
3161 2791 3359 2846 domus
3415 2800 3543 2844 tuae.

1964 2889 2166 2943 Domus
2231 2894 2414 2941 autem
2474 2885 2567 2940 Dei
2638 2885 2886 2940 Ecclesia
2940 2892 3046 2944 est,
3122 2885 3280 2952 cujus
3346 2882 3548 2936 divitia:

1961 2976 2049 3044 pia
2111 2983 2242 3030 sunt
2293 2977 2544 3045 dogmata
2576 3014 2590 3033 ,
2674 2989 2795 3043 quzc
2848 2975 2995 3042 ipsos
3053 2975 3368 3045 dogmatum
3420 2988 3547 3041 par-

1966 3069 2161 3139 ticipes
2199 3067 2477 3136 spirituali
2510 3067 2758 3120 alliciunt
2797 3067 3009 3123 laetitia.
3050 3066 3146 3119 νει
3185 3083 3282 3138 per
3317 3067 3542 3120 domum

1965 3157 2085 3222 Dei,
2118 3156 2281 3213 Verbi
2312 3173 2534 3212 carnem
2567 3157 2813 3227 inlellige
2840 3177 2855 3212 :
2892 3158 3043 3211 illam
3083 3157 3345 3210 nimirum
3377 3170 3542 3225 quam

1964 3253 2128 3310 simul
2159 3267 2282 3306 cum
2337 3253 2520 3304 anima
2554 3252 2881 3320 assumpsit,
2914 3259 2967 3304 et
2998 3251 3051 3304 in
3102 3265 3207 3320 qua
3242 3249 3541 3314 habitavit;

1965 3353 2018 3399 et
2059 3359 2155 3413 per
2193 3343 2524 3405 ubertatem,
2570 3341 2776 3395 Chriin
2818 3341 3146 3404 doctrinam,
3178 3353 3300 3408 quae
3328 3335 3544 3390 animas

1883 3459 1929 3522 ο
1964 3439 2175 3508 irrigat,
2230 3436 2560 3505 impingunt,
2590 3446 2644 3488 et
2670 3433 2955 3497 lmﬁlicnt;
2989 3434 3064 3487 ila
3103 3440 3165 3486 ut
3200 3447 3325 3485 cum
3373 3428 3544 3482 Paulo

1965 3530 2153 3585 dicere
2219 3528 2487 3598 possint:
2527 3527 2658 3592 Quis
2711 3541 2808 3579 nos
2864 3524 3131 3594 separabit
3196 3541 3230 3577 ιι
3284 3520 3545 3576 charitate

1959 3620 2159 3674 Christi
2183 3619 2225 3650 "
2257 3617 2281 3672 ‘i

2036 3712 2105 3766 Et
2132 3720 2363 3766 torrente
2386 3709 2703 3764 deliciarum
2745 3716 2960 3760 uiarum
2989 3705 3198 3774 potabis
3229 3721 3342 3759 eos.
3373 3703 3538 3758 Eam-

1963 3805 2084 3860 dem
2118 3805 2317 3874 repetit
2352 3803 2708 3866 sententiam,
2740 3809 2794 3854 et
2823 3815 2948 3852 cum
2978 3798 3262 3854 ebrietatis
3289 3796 3546 3851 memine-

1968 3901 2063 3962 rit,
2131 3907 2541 3966 consequenter
2594 3905 2650 3950 et
2705 3893 2964 3962 poculum
3021 3892 3281 3945 addidit:
3318 3891 3544 3946 Potabis

1962 3992 2109 4047 enim
2149 4005 2275 4052 eos,
2333 3988 2534 4057 inquit,
2589 3988 2820 4040 numine
2862 3986 2986 4052 ejus
3023 3986 3244 4047 lzctitiae,
3281 3999 3402 4052 qum
3431 3999 3459 4036 ιι
3493 3991 3546 4036 te

1965 4081 2447 4138 subministratur.
2475 4076 2799 4131 Torrentem
2835 4085 3022 4130 autem
3063 4076 3406 4137 deliciarum,
3447 4073 3542 4139 ju-

1961 4174 2306 4228 cundlssima
2355 4170 2561 4226 Christi
2607 4171 2873 4224 doctrina:
2934 4167 3135 4220 ﬂuenta
3199 4164 3486 4233 appellavit
3527 4180 3542 4217 :

1963 4274 2262 4322 torrentem
2299 4265 2523 4334 quidem
2551 4263 2623 4315 ob
2642 4261 3026 4329 tempestivam
3059 4259 3394 4320 doctrinam,
3425 4272 3548 4325 qua:

1964 4368 2117 4414 Certo
2146 4366 2389 4425 tempore
2417 4355 2484 4408 ab
2517 4369 2613 4407 ore
2640 4351 2842 4407 Christi
2867 4352 3140 4404 deﬂuebat
3159 4390 3174 4412 ,
3211 4357 3544 4417 propterque

1963 4453 2083 4520 ejus
2112 4448 2537 4511 vehementiam,
2569 4462 2634 4500 ac
2666 4447 2774 4500 vim
2829 4444 2913 4516 (ut
2945 4445 3015 4496 ita
3051 4443 3254 4510 dicam)
3295 4440 3548 4494 indeten-

1965 4557 2098 4611 tam,
2133 4553 2185 4598 et
2218 4553 2435 4614 propter
2471 4542 2638 4594 multa
2680 4555 2801 4608 quae
2832 4540 2900 4592 de
2955 4535 3294 4606 pmplteticis
3341 4547 3550 4588 scruto-

1966 4643 2127 4695 nibos
2175 4640 2230 4692 in
2264 4653 2433 4690 unum
2483 4635 2712 4690 collecta
2751 4633 3078 4687 adducebat.
3131 4630 3369 4684 Ton-cus
3399 4627 3544 4680 enim

1965 4735 2032 4790 ad
2061 4742 2275 4802 tempus
2307 4732 2448 4794 ﬂuit,
2482 4741 2537 4785 et
2568 4730 2862 4784 vehemens
2889 4735 2974 4783 est
3021 4741 3085 4780 ac
3133 4725 3432 4786 violentus,
3492 4731 3548 4776 et

269 4814 454 4881 καθὼς
478 4817 810 4888 εἰρήκαμεν.
842 4815 1000 4880 Τινὲς
1033 4816 1090 4870 δὲ
1127 4816 1363 4887 πιότητα
1396 4817 1498 4884 μὲν
1531 4818 1709 4882 οἴκου,
1760 4820 1856 4872 τοῦ

1963 4843 2027 4880 ex
2060 4826 2347 4893 multiplici
2399 4823 2626 4878 conﬂuit
2663 4837 2930 4892 aquarum
2961 4834 3276 4882 concursu;
3316 4815 3546 4871 delicias

271 4909 446 4976 Λόγου
494 4910 593 4963 καί
627 4909 764 4963 Θεοῦ
793 4909 1013 4979 λέγουσι
1047 4910 1107 4963 τὸ
1155 4909 1548 4980 καταρῥεῦσαν
1588 4904 1732 4980 αἷμα
1761 4911 1861 4981 τῆς

269 5005 547 5073 ἀχράντου
579 5005 853 5075 πλευρᾶς’
911 5005 1254 5077 χειμάρρους
1297 5004 1377 5068 δὲ,
1429 5005 1490 5057 τὸ
1528 5005 1861 5076 συνεκχυθὲν

271 5095 418 5165 αὖτῷ
439 5096 609 5167 ὕδωρ.
643 5097 753 5149 Καὶ
773 5095 882 5168 γὰρ
904 5097 962 5149 ἐν
1003 5095 1181 5164 καιρῷ
1207 5096 1476 5166 χειμῶνος
1503 5097 1804 5168 ἐρρύησαν,
1827 5097 1864 5151 ἂ

273 5187 365 5237 καὶ
394 5187 567 5256 ἄμφω
623 5185 901 5254 ἐμέθυσαν
932 5188 1103 5256 ἡμᾶς,
1135 5186 1211 5250 ὡς
1246 5187 1684 5259 ἐκϐακχευθῆναι
1727 5191 1863 5258 πρὸς

274 5280 571 5349 σωτηρίαν,
603 5280 699 5332 καὶ
749 5280 1010 5350 ἐκστῆναι
1051 5279 1153 5352 τῆς
1201 5279 1479 5353 προτέρας
1511 5280 1731 5354 ἀπάτης
1767 5285 1861 5336 καὶ

274 5370 504 5441 πλάνης,
537 5373 630 5428 καὶ
657 5372 968 5446 ηὖφραναν.

1959 4929 2141 4973 autem
2192 4917 2313 4972 ideo
2345 4915 2506 4980 dixit,
2543 4916 2690 4985 quia
2746 4913 3024 4969 laetilicant
3086 4921 3143 4966 ct
3178 4911 3542 4981 impinguant.

1960 5011 2138 5078 Aliqui
2161 5025 2257 5079 per
2283 5010 2586 5062 ubertatem
2611 5011 2808 5061 domus
2848 5005 2962 5066 Dei.
2989 5005 3308 5074 sanguinem
3336 5000 3542 5055 Christi

1962 5101 2294 5170 intelligunt,
2326 5103 2417 5171 qui
2447 5115 2510 5154 et
2540 5099 2686 5154 illius
2712 5099 3062 5153 immaculato
3085 5099 3255 5150 latere
3277 5095 3502 5150 deﬂuxit
3527 5133 3542 5157 ,

1960 5202 2017 5247 et
2056 5210 2151 5263 per
2184 5203 2508 5255 torrentem,
2542 5206 2740 5262 aquam
2764 5192 2934 5255 illam,
2961 5207 3083 5260 qua:
3120 5199 3254 5244 tunc
3284 5185 3547 5256 temporis

1969 5300 2093 5339 cum
2125 5288 2392 5357 sanguine
2417 5286 2622 5356 pariter
2648 5284 2826 5341 clIusa
2858 5295 2966 5350 est,
2994 5293 3046 5338 et
3070 5300 3191 5354 quae
3227 5288 3309 5352 (ut
3343 5282 3547 5336 Grmcze

1971 5376 2225 5436 dictionis
2261 5379 2592 5451 etymologia
2650 5377 2880 5449 indicat)
2915 5378 3146 5432 hiberno
3185 5385 3426 5443 tempore
3450 5373 3546 5426 de:

275 5461 434 5519 (luxit
494 5465 709 5539 {hycms
741 5467 889 5522 enim
919 5477 1040 5523 erat
1071 5470 1289 5538 quando
1315 5485 1514 5530 passus
1556 5478 1640 5527 est
1673 5467 1984 5543 Dominus],
2018 5485 2140 5539 quae
2174 5471 2341 5526 etiam
2412 5471 2710 5528 inebriavit
2787 5484 2909 5538 nos,
2979 5469 3054 5524 ita
3129 5478 3188 5523 ut
3221 5465 3540 5524 debaccltati

329 5648 378 5682 ⁸³
405 5647 551 5703 Psal.
583 5667 699 5715 cm,
725 5650 809 5707 l5.
877 5651 920 5683 ⁸¹
951 5652 1109 5708 Rom.
1154 5671 1271 5723 vm,
1306 5654 1397 5713 35.

1604 5750 1800 5813 Varia;
1835 5748 2164 5812 lectiones.

347 5846 462 5914 (28)
495 5848 576 5905 Al.
600 5848 700 5903 θαυ
710 5850 934 5922 μαστόν.
