4014 6248
530 445 638 510 415

1772 450 2155 511 ΕΠΤΙΙΥΜΙῘ
2195 454 2554 512 ZIGABENI

3664 458 3751 524 416

605 555 772 624 Spera
823 555 876 606 in
911 570 991 611 eo.
1038 555 1246 611 Rursus
1289 571 1438 626 spem
1502 558 1803 627 protendit,
1864 569 2119 629 tauquam

2299 562 2407 616 Καί
2438 563 2700 617 inlatae?
2725 566 2818 618 ἐπ’
2851 567 3059 620 αὐτόν.
3099 567 3268 619 Πάλιν
3326 565 3619 634 τὴινὲλπίόα
3644 590 3752 640 προσ

532 646 908 700 nccessariam
937 648 1002 700 iis
1025 649 1113 717 qui
1139 649 1191 702 itt
1219 649 1610 704 afﬂictionibus
1644 659 1772 706 sunt
1798 653 2118 719 constituti;

535 739 654 792 sola
691 740 838 793 enim
873 755 1001 804 spes
1041 742 1241 796 minuit
1270 744 1518 799 dolores.

609 830 677 884 Et
704 831 817 901 ipse
866 834 1049 902 faciet.
1118 831 1304 890 Faciet
1362 835 1649 902 nimirum,
1699 853 1822 909 qua:
1859 839 2024 910 petis,
2071 847 2125 896 et

530 939 653 992 quae
690 923 1029 978 conducunt.

613 1015 771 1070 Vens.
812 1015 866 1070 6.
903 1016 969 1071 Et
1001 1019 1184 1074 educet
1235 1019 1390 1089 quasi
1429 1019 1604 1074 iumen
1640 1021 1918 1090 justitiam
1951 1029 2121 1080 tuam.

530 1110 753 1163 .lustitia
789 1111 893 1165 hoc
951 1112 1005 1165 in
1060 1113 1183 1167 loco
1233 1116 1498 1169 sumenda
1563 1123 1650 1169 est
1693 1131 1791 1184 pro
1815 1115 1968 1185 justa
1998 1133 2126 1172 scn-

532 1206 731 1259 tentia.
764 1202 831 1256 Et
867 1205 1088 1269 educet,
1121 1207 1330 1276 inquit,
1355 1208 1564 1278 justam
1591 1208 1659 1263 de
1685 1218 1736 1262 te
1767 1209 2121 1276 sententiam,

534 1295 872 1367 lnminisque
907 1298 1196 1366 cujusdam
1228 1301 1403 1355 instar
1451 1299 1752 1371 fulgentem
1799 1316 1864 1356 ac
1893 1303 2120 1372 conspi-

532 1399 694 1437 cuam
790 1401 980 1440 coram
1037 1390 1294 1445 omnibus
1362 1392 1681 1446 constituet.
1746 1394 1913 1446 Pater
1977 1402 2121 1458 tuus,

533 1478 716 1546 inquit
768 1479 924 1546 alibi,
975 1482 1067 1548 qui
1119 1483 1253 1534 videt
1305 1484 1358 1535 in
1399 1485 1628 1548 occulto,
1679 1485 1866 1538 reddet
1923 1486 2020 1538 tibi
2067 1489 2123 1540 in

535 1571 818 1640 manifesto
847 1570 916 1625 ⁸⁷.
943 1569 1041 1627 Vel
1074 1573 1264 1628 aﬂ'eret
1294 1574 1549 1629 virtutem
1585 1583 1730 1628 tuam
1773 1578 1828 1630 in
1857 1576 2120 1642 medium,

533 1663 826 1734 divulgaus
853 1680 973 1719 eam
1010 1667 1169 1733 quasi
1234 1681 1432 1734 purum
1490 1667 1695 1729 lumen,
1729 1678 1782 1721 et
1813 1667 2124 1734 praedicans

535 1756 589 1808 iu
628 1763 880 1824 tempore
929 1769 1265 1825 opportuno.

611 1846 677 1900 Et
704 1847 972 1916 judicium
1027 1859 1173 1903 tuum
1223 1859 1476 1920 tanquam
1528 1853 1826 1909 meridiem.
1866 1855 2124 1912 Eamde

2223 653 2414 720 τείνει,
2463 655 2538 717 ὡς
2575 658 2880 725 ἀναγκαίαν
2926 661 3041 722 τοῖς
3093 660 3152 711 ἐν
3189 657 3400 726 Ολὶψεσι
3433 675 3448 689 ⁸
3503 661 3628 731 μόνη
3670 663 3757 735 γὰρ

2226 747 2412 810 αὐτοῖς
2438 749 2782 817 ἐπικουφίζει
2815 750 2876 802 τὸ
2910 750 3097 818 ἄλγος.

2296 845 2405 899 Καὶ
2434 843 2574 897 αὐτί
2586 864 2618 910 ς
2651 844 2914 913 ποιήσει.
2943 845 3164 914 ἰιοιήσει
3197 843 3234 899 ὃ.
3269 841 3524 910 ἐλπίζεις,
3544 843 3579 899 ἃ.
3598 846 3758 913 αἰτεῖς,

2223 937 2259 993 ἃ
2285 940 2578 1009 συμφέρει.

2308 1030 2571 1096 Ἐξοίσει
2601 1029 2682 1095 ὡς
2703 1027 2829 1099 φῶς
2862 1029 2978 1096 τὴν
3007 1028 3412 1095 δικαιοσύνην
3427 1046 3557 1083 σου.
3580 1031 3765 1083 Amato-

2225 1126 2393 1193 σύνην
2424 1123 2657 1178 ἐνταῦθα
2706 1123 2943 1193 ληπτέον
2980 1123 3079 1194 τὴν
3122 1123 3338 1178 δικαίαν
3368 1123 3647 1192 ἀπόφασιν.
3675 1125 3766 1178 Καὶ

2225 1217 2510 1290 ἐξενέγκῃ,
2547 1217 2708 1286 φησὶ,
2739 1218 2838 1287 τὴν
2889 1218 3040 1288 παρά
3093 1218 3187 1271 σοῦ
3243 1217 3459 1272 δικαίαν
3505 1219 3766 1284 ἀπόφασιν,

2224 1311 2301 1374 ὡς
2330 1312 2446 1380 φῶς
2483 1311 2748 1382 λαμπρὰν
2781 1310 3015 1365 ἐνώπιον
3042 1314 3320 1368 ἁπάντων.
3359 1313 3422 1366 '0
3452 1312 3642 1380 Πατήρ
3670 1327 3769 1366 σου

2224 1403 2355 1475 γὰρ,
2388 1405 2576 1474 φησιν,
2611 1407 2644 1458 o'
2681 1405 2935 1469 βλέπων
2965 1405 3038 1458 ἐν
3073 1404 3154 1470 τῷ
3201 1403 3461 1473 κρυπτῷ,
3506 1404 3773 1460 ἀποδώσει

2227 1512 2324 1551 σοι
2359 1497 2428 1551 ἐν
2457 1495 2536 1562 τῷ
2581 1497 2841 1567 φανερῷ.
2883 1499 2955 1552 ’Ἡ
3003 1497 3264 1570 ἐξενέγκῃ
3307 1497 3408 1568 τὴν
3464 1499 3654 1568 ἀρετήν
3694 1515 3773 1551 σου

2225 1591 2304 1652 είς
2335 1590 2396 1642 τὸ
2424 1588 2612 1658 μέσον,
2670 1590 2746 1653 ὡς
2792 1589 2908 1656 φῶς
2963 1589 3206 1661 καοαρδν
3237 1589 3574 1659 δημοσιεύων
3607 1589 3775 1660 αὐτὴν,

2226 1681 2320 1734 καὶ
2343 1681 2736 1751 ἀνακηρύττων
2763 1683 2821 1735 ὲν
2849 1681 3027 1753 καιρῷ
3056 1681 3136 1752 τῷ
3167 1684 3526 1753 προσήκοντι.

2299 1858 2408 1913 Καὶ
2444 1858 2510 1911 τὸ
2541 1858 2718 1926 κρῖμὰ
2775 1875 2896 1913 σου
2940 1858 3024 1925 ὡς
3076 1858 3479 1928 μεσημϐρίαν.
3524 1859 3784 1912 Ἧταύτὸν

538 1943 739 2009 repetit
773 1943 1128 1996 sententiam.
1167 1941 1425 1999 Meridies
1450 1947 1596 1999 enim
1632 1962 1767 2011 pura
1816 1956 1864 2002 et
1906 1948 2124 2005 sincera

2246 1951 2378 2020 ιέγει
2405 1954 2471 2021 τῇ
2502 1950 2743 2023 προτέρᾳ
2766 1951 3045 2022 ἐξηγήσει,
3068 1927 3138 2022 τῇ
3175 1950 3303 2021 περὶ
3323 1953 3425 2019 τῆς
3453 1951 3781 2017 ἀποφάσεως

536 2042 624 2087 est
679 2048 743 2087 ac
775 2033 1178 2104 fulgentissima
1208 2034 1314 2088 diei
1353 2037 1468 2090 lux.
1498 2035 1592 2091 Vel
1629 2038 1825 2093 educet
1851 2040 2125 2109 judicium

538 2123 691 2178 tuum
729 2168 743 2191 ,
803 2127 909 2182 ltoc
960 2135 1068 2192 est,
1117 2129 1597 2184 conversationem
1644 2145 1709 2186 ac
1756 2133 1923 2186 vitam
1978 2134 2127 2189 illam

537 2236 704 2287 quam
765 2220 976 2291 judicio
1034 2230 1131 2278 tuo
1203 2223 1300 2276 tibi
1360 2227 1676 2279 sectandam
1745 2227 2127 2297 proposuisti,

539 2312 862 2378 pablicabit.
898 2323 953 2368 et
988 2315 1247 2370 omnibus
1276 2325 1458 2371 notam
1499 2317 1689 2382 faciet,
1723 2326 1785 2372 ut
1815 2320 2126 2376 meridiem.

541 2403 799 2460 Meridies
850 2407 998 2460 enim
1062 2409 1320 2463 omnibus
1377 2417 1461 2464 est
1530 2411 1892 2476 manifestus,
1961 2413 2127 2468 veluti

539 2495 983 2562 splendidissima
1025 2513 1089 2550 ac
1111 2499 1493 2554 lucentissima
1525 2502 1632 2557 dici
1663 2519 1810 2572 pars.

612 2586 866 2642 Subditus
914 2599 1026 2644 esto
1084 2589 1331 2644 Domino.
1379 2591 1619 2648 Scrvans
1677 2596 1933 2649 nimirum
1988 2597 2132 2654 illius

544 2683 825 2750 mandata,
857 2693 912 2737 et
948 2698 1054 2738 non
1083 2700 1226 2754 aegre
1279 2685 1460 2741 ferens
1501 2686 1708 2756 ﬂagella
1744 2689 1812 2742 ab
1845 2702 1911 2743 eo
1944 2691 2129 2752 missa,

543 2774 637 2825 sed
671 2775 876 2844 gratias
931 2776 980 2829 ei
1034 2791 1224 2846 agens,
1280 2779 1437 2847 quasi
1493 2780 1767 2835 erudienti
1822 2789 1873 2836 te
1919 2795 1985 2836 ac
2038 2796 2134 2836 ca~

545 2863 796 2932 stigauti.

617 2952 685 3006 Et
731 2971 826 3007 ora
860 2971 1001 3010 eum.
1039 2955 1110 3013 Ut
1153 2956 1369 3012 scilicet
1399 2960 1730 3015 misereatur
1784 2963 1863 3017 tui
1909 2973 1963 3018 et
2004 2980 2134 3035 pro-

545 3054 692 3115 tegat
733 3055 806 3100 te.

618 3136 782 3192 Vsus.
820 3139 871 3192 7.
907 3138 991 3192 Ne
1021 3141 1287 3197 mmuleris
1334 3145 1388 3197 in
1430 3161 1512 3208 eo,
1571 3148 1660 3214 qui
1698 3161 2046 3218 praeparatur
2080 3151 2134 3202 in

2232 2042 2588 2113 μεσημϐρίαν
2645 2042 2756 2114 γὰρ
2813 2044 2884 2095 τὰ
2922 2042 3223 2113 ἀκραιφνὲς
3277 2043 3376 2095 καὶ
3431 2041 3659 2111 ἀκμαῖον
3706 2038 3788 2092 τοῦ

2232 2133 2410 2202 φωτὸς
2443 2133 2542 2203 τῆς
2568 2133 2820 2203 ἡμέρας·
2857 2134 2892 2200 ἢ
2921 2134 3082 2188 πάλιν
3133 2133 3206 2190 Τὸ
3244 2132 3426 2203 κρῖμά
3467 2150 3605 2198 σου,
3652 2148 3788 2185 τουτ-

2233 2226 2401 2290 έστιν,
2449 2226 2552 2278 Ἦν
2582 2226 2804 2296 ἔκρινας
2836 2226 2931 2280 καὶ
2962 2224 3108 2280 εἵλου
3158 2225 3463 2290 πολιτείαν,
3506 2223 3794 2295 δημοσιεὺει

2233 2318 2309 2381 ὼς
2337 2318 2687 2388 μεσημϐρίαν
2716 2337 2731 2352 ·
2763 2318 2899 2371 πᾶσι
2928 2317 3038 2390 γὰρ
3059 2319 3095 2390 ή
3133 2318 3456 2389 μεσημϐρία
3490 2316 3794 2387 κατάδηλος,

2232 2402 2732 2481 οἷαλαμπροτάτη.

2314 2589 2682 2658 ’Υποτάγηθι
2721 2589 2799 2654 τῷ
2851 2589 3071 2656 Κυρίῳ.
3104 2587 3398 2643 Φυλάττων
3443 2587 3542 2650 τὰς
3600 2585 3800 2649 ἐντολὰς

2236 2681 2401 2735 αὐτοῦ
2431 2698 2445 2712 ο
2488 2684 2521 2752 ἢ
2560 2681 2657 2734 καὶ
2691 2680 2765 2752 μὴ
2802 2681 3220 2752 δυσανασχετῶν
3253 2681 3391 2753 πρὸς
3420 2681 3520 2743 τὰς
3547 2677 3800 2749 ἐπαγομέ-

2236 2791 2333 2837 νας
2365 2772 2661 2843 μὰστιγας,
2693 2772 2808 2827 ἀλλ’
2839 2773 3184 2846 εὐχαριστῶν
3215 2773 3548 2828 παιδεύοντι.

2309 2957 2414 3013 Kal
2446 2959 2764 3013 ἱκέτευσον
2798 2959 3010 3013 αὐτόν.
3044 2958 3207 3014 Ὥστε
3238 2956 3536 3030 ἐλεηθῆναι
3569 2956 3660 3011 καὶ
3695 2974 3797 3010 σκε-

2239 3051 2535 3124 σπασθῆναι.

2309 3146 2406 3210 Μὴ
2455 3141 2800 3213 παραζήλου
2850 3143 2922 3197 ἐν
2965 3140 3047 3208 τῷ
3091 3142 3587 3213 κατευοδουμένφ
3637 3141 3702 3197 ἐν
3743 3137 3807 3210 τῇ

549 3228 634 3280 via
665 3246 786 3292 sua,
814 3231 869 3282 in
899 3231 1108 3286 homine
1142 3234 1370 3303 faciente
1417 3234 1774 3305 iniquitatem.
1807 3239 1932 3294 l'izec
1970 3241 2131 3294 verba

2246 3238 2358 3305 ὀδῷ
2411 3239 2621 3304 αὑτοῦ,
2661 3240 2729 3292 ἐν
2766 3237 3059 3306 ἀνθρώπῳ
3108 3237 3390 3292 ποιοῦντι
3425 3237 3806 3305 παρανομίαν.

547 3323 799 3376 eumdem
835 3337 1062 3379 sensum
1096 3326 1321 3391 habent,
1359 3346 1522 3399 quam
1565 3333 1696 3386 illa:
1752 3332 1835 3388 Ne
1867 3335 2134 3388 cumulari:

548 3416 604 3468 in
638 3417 1081 3486 malignantibus,
1135 3437 1299 3491 neque
1345 3426 1613 3480 wmuleris
1652 3426 1905 3490 facientes
1941 3428 2139 3498 iniqui-

551 3515 745 3559 tatem:
776 3523 966 3561 verum
1003 3511 1282 3578 apertiora
1322 3526 1470 3568 sunt.
1509 3517 1592 3578 Et,
1628 3518 1757 3570 dum
1796 3519 1869 3572 ait
1907 3535 1922 3571 :
1961 3517 2028 3572 In
2054 3535 2135 3583 eo,

550 3601 641 3667 qui
675 3611 1019 3670 prosperatur
1074 3607 1128 3657 in
1180 3609 1266 3660 ria
1317 3624 1437 3672 sua,
1495 3611 1748 3664 distinxit
1781 3612 1848 3667 de
1895 3628 2136 3683 quonam

556 3694 865 3762 loquatur:
932 3696 1000 3749 de
1055 3697 1264 3765 injusto
1325 3702 1612 3758 nimirum.
1662 3701 1798 3756 Nam
1867 3705 2137 3776 alioquin,

553 3785 599 3837 si
653 3785 845 3852 justus
906 3787 999 3852 sit,
1033 3790 1127 3857 qui
1165 3802 1548 3861 prosperatur,
1612 3796 1816 3850 imitari
1867 3813 1991 3852 eum
2049 3798 2137 3853 dc-

556 3878 767 3932 bemus.

632 3970 798 4027 Vens.
832 3973 884 4028 8.
928 3972 1120 4028 Desine
1161 3979 1226 4029 ab
1264 3978 1367 4038 ira,
1420 3987 1472 4032 et
1524 3981 1825 4051 deretinque
1885 3985 2139 4051 furorem.

559 4063 695 4114 tium
729 4064 906 4127 vides,
959 4066 1160 4136 inquit,
1215 4067 1454 4135 iniustos
1504 4069 1756 4126 homines
1811 4074 1862 4126 in
1900 4075 2142 4130 secunda

557 4169 683 4206 esse
716 4153 962 4220 fortuna,
1018 4159 1130 4212 noli
1194 4160 1380 4224 irasci,
1439 4170 1534 4215 aut
1566 4161 1840 4232 indignari
1868 4181 1995 4235 erga
2026 4181 2144 4232 eos,

564 4245 723 4308 quasi
754 4254 950 4315 praater
979 4247 1030 4302 id
1068 4261 1484 4318 prosperentur,
1511 4254 1658 4321 quod
1693 4270 1789 4323 par
1811 4264 1896 4309 est
1925 4275 1936 4307 ε
1970 4273 2147 4323 neque

562 4344 740 4389 tecum
768 4337 886 4406 ipse
922 4339 1055 4392 illud
1102 4339 1314 4405 doleas,
1368 4343 1514 4411 quod
1561 4344 1632 4396 ob
1682 4360 1958 4398 summum
1994 4355 2145 4398 tuum

561 4441 690 4496 erga
745 4427 978 4480 virtutes
1034 4443 1270 4484 amorem
1337 4433 1523 4500 potius
1583 4431 1856 4485 infelicior
1914 4433 2016 4487 sis.
2067 4432 2147 4484 ira

563 4523 743 4567 autem
768 4525 821 4568 et
849 4517 1158 4587 indignatio
1192 4520 1280 4572 hic
1309 4519 1452 4572 idem
1492 4519 1808 4587 significant
1837 4539 1849 4573 :
1882 4538 2070 4575 verum
2103 4523 2146 4576 si

562 4621 753 4657 eorum
787 4605 1155 4661 differentiam
1194 4610 1422 4674 quaeris,
1488 4611 1610 4664 vide
1652 4627 1777 4680 qua:
1825 4615 2151 4681 exponendo
2186 4617 2227 4672 D

565 4699 870 4754 dixerimus
903 4703 1050 4754 circa
1087 4702 1420 4771 principium
1455 4704 1596 4756 sexti
1633 4705 1858 4772 psalmi.

641 4785 724 4840 Ne
778 4789 1070 4854 aemuleris,
1129 4799 1184 4841 ut
1219 4792 1550 4860 malrgneris.
1608 4792 1745 4858 Quia
1805 4808 2004 4861 pravos
2049 4795 2146 4848 ali-

567 4882 814 4948 quando,
850 4891 901 4936 ct
952 4883 1252 4950 aliquando
1301 4885 1477 4941 bonos
1523 4888 1871 4952 :enmlantur,
1914 4890 2144 4957 primam

569 4973 934 5027 teritulationis
986 4976 1220 5041 speciem
1292 4977 1514 5030 avertit.
1578 4975 1712 5031 Nam
1767 4981 2014 5033 :rmulari
2080 4979 2147 5032 ad

575 5065 802 5127 bonum,
857 5075 1070 5118 rectum
1126 5076 1231 5122 est.
1288 5068 1352 5121 Et
1412 5070 1702 5124 considera
1767 5074 2045 5142 quomodo
2099 5072 2153 5125 in

574 5157 850 5224 principio
896 5159 1089 5226 psalmi
1139 5160 1431 5215 obscurius
1464 5162 1778 5230 hujusmodi
1829 5164 2156 5219 admonitio-

571 5261 699 5301 nem
748 5251 992 5313 tradidit,
1043 5261 1099 5305 ct
1156 5254 1434 5320 quomodo
1475 5255 1737 5325 deinceps
1786 5259 2152 5325 procedendo,

572 5341 857 5407 aliquanto
884 5356 1002 5394 eam
1036 5343 1279 5408 apertius
1311 5346 1631 5411 declaravit,
1667 5360 1730 5400 ac
1761 5362 1906 5401 nunc
1934 5349 2152 5403 tandem

581 5431 796 5499 plenius
859 5431 1206 5486 manifestam
1265 5435 1414 5486 facit.
1472 5434 1672 5490 Eadem
1727 5443 1911 5489 autem
1958 5438 2160 5505 saepius

579 5522 775 5589 repetit
805 5521 1104 5592 Propheta,
1134 5532 1189 5577 ct
1222 5541 1386 5593 supra
1419 5535 1582 5595 atque
1636 5527 1774 5580 infra
1814 5543 1875 5581 ca
1911 5529 2162 5594 revolvit,

577 5628 814 5681 sperans
891 5617 993 5671 hac
1059 5619 1334 5674 sermonis
1400 5621 1766 5690 perpetuitate
1816 5621 2026 5674 firmam
2099 5635 2160 5675 ac

579 5705 836 5758 stabilem
867 5705 1180 5761 doctrinam
1214 5710 1266 5762 in
1302 5711 1614 5764 auditorum
1643 5726 1806 5766 aures
1839 5711 2158 5764 immittere.

581 5798 794 5851 Deinde
820 5799 972 5867 pauit
1005 5815 1254 5867 causam,
1291 5818 1458 5873 quare
1497 5796 1906 5874 malignandutu
1939 5819 2046 5857 non
2071 5803 2161 5856 sit.

647 5909 696 5949 "
732 5909 921 5967 Matth.
961 5929 1035 5980 Vl,
1064 5914 1117 5967 ὁ.

2238 3333 2426 3389 Ταῦτα
2455 3333 2653 3386 ταύτὸν
2705 3332 2805 3401 μὲν
2861 3330 3119 3385 δύνανται
3175 3329 3290 3400 τῷ⁶
3345 3331 3445 3396 Μὴ
3484 3327 3811 3400 παραζῆλου

2238 3427 2308 3480 ἐν
2341 3419 2875 3494 πονηρεύομένοις,
2907 3423 3063 3492 μηδὲ
3096 3423 3284 3488 ζήλου
3329 3423 3478 3489 τοὺς
3508 3421 3814 3484 ποιοῦντας

2241 3518 2355 3583 τὴν
2393 3517 2653 3586 ἀνομίαν
2678 3533 2693 3546 ο
2738 3519 2945 3568 κεῖνται
2983 3515 3040 3567 δὲ
3076 3515 3485 3586 φανερώτερον.
3539 3513 3718 3566 Εἰπὼν
3743 3511 3814 3574 δὲ,

2240 3612 2346 3665 Ἐν
2367 3610 2446 3675 τῷ
2468 3607 2958 3678 κατευοδουμένφ
2987 3607 3057 3661 ἐν
3088 3608 3161 3675 τῇ
3190 3607 3313 3673 ὀδῷ
3338 3607 3555 3671 αὑτοῦ,
3576 3606 3816 3661 διέστειλε

2242 3703 2372 3772 περὶ
2405 3704 2562 3754 ποίου
2612 3700 2786 3767 λέγει,
2843 3700 2926 3753 ὅτι
2983 3699 3117 3770 περὶ
3169 3698 3266 3751 τοῦ
3325 3698 3705 3769 παρανόμουο
3736 3694 3818 3746 τὸν

2243 3795 2353 3863 γὰρ
2383 3792 2593 3846 δίκαιον
2621 3791 2978 3861 εὖοδούμενον
3017 3789 3307 3861 μιμεῖσθαι
3352 3788 3562 3859 χρεών.

2317 3971 2555 4027 Παῦσαι
2612 3969 2734 4025 ἀπὸ
2785 3968 3006 4039 ὀργῆς,
3055 3968 3155 4022 καί
3210 3965 3586 4037 ἐγκατάλιπε
3628 3965 3820 4035 θυμόν.

2246 4065 2472 4118 Βλέπων
2517 4063 2646 4126 τοὺς
2695 4061 2918 4124 ἀδίκους
2971 4057 3408 4130 εὐημεροῦντας,
3465 4058 3544 4129 μὴ
3595 4057 3821 4127 ὀργίζου,

2252 4156 2389 4227 μηδὲ
2448 4155 2647 4225 ουμοῦ,
2717 4155 2854 4225 μήτε
2912 4153 3034 4206 κατ’
3095 4151 3314 4217 αὐτῶν,
3363 4149 3442 4216 ὥς
3502 4151 3637 4222 παρ’
3687 4148 3826 4212 ἀξίαν

2250 4247 2644 4318 εὐτυχούντων,
2679 4247 2820 4316 μήτε
2849 4243 2991 4297 κατά
3031 4241 3285 4308 σεαυτοῦ,
3333 4241 3410 4302 ὼς
3452 4242 3546 4295 διὰ
3579 4241 3640 4294 τδ
3670 4240 3827 4308 φιλεῖν

2249 4341 2350 4412 τὴν
2380 4339 2583 4409 ἀρετὴν
2631 4336 2833 4407 μᾶλλον
2864 4334 3283 4404 δυστυχοῦντος.
3344 4331 3445 4386 Ἐκ
3493 4331 3828 4403 παραλλήλου

2250 4434 2306 4486 δὲ
2338 4431 2433 4485 νῦν
2466 4432 2605 4502 ὀργὴ
2637 4432 2731 4482 καὶ
2755 4429 2924 4497 Θυμός
2960 4443 2976 4459 ·
3019 4428 3069 4480 εἰ
3114 4428 3170 4480 δὲ
3202 4425 3298 4479 καὶ
3329 4425 3606 4497 διαφορὰν
3640 4425 3826 4494 ζητεῖς.

2255 4525 2510 4596 εὑρήσεις
2546 4524 2604 4575 ὲν
2636 4523 2780 4591 ἀρχῇ
2811 4520 2908 4573 τοῦ
2941 4519 3102 4573 ἕκτου
3133 4517 3377 4590 ψαλμοῦ.

2328 4790 2424 4856 Μὴ
2497 4785 2845 4856 παραζήλου
2913 4783 3070 4839 ὥστε
3149 4786 3620 4852 πονηρεύεσθαι.
3696 4780 3833 4836 Ἐπεὶ

2260 4879 2572 4952 παραζηλοῖ
2629 4895 2714 4940 τις
2759 4877 2858 4929 καὶ
2913 4876 2992 4939 είς
3049 4875 3292 4946 πονηρὸν
3343 4876 3442 4929 καὶ
3497 4874 3727 4942 ἀγαθὸν,
3783 4870 3837 4923 τδ

2260 4975 2476 5046 πρῶτον
2534 4971 2880 5041 ἀποτρέπει·
2943 4968 3005 5021 τδ
3080 4967 3190 5037 γὰρ
3245 4967 3647 5038 παραζηλρῦν,
3707 4967 3834 5019 ὥστε

2261 5063 2687 5138 χρηστεύεσθαι,
2722 5061 2888 5116 καλόν
2917 5063 3088 5115 ἐστιν.
3117 5063 3262 5131 Ὅρα
3295 5061 3352 5114 δὲ
3395 5063 3551 5126 ὅπως
3598 5063 3657 5114 ὲν
3704 5061 3837 5131 ἀρχῇ

2257 5157 2338 5221 τὸ,
2383 5151 2478 5222 Μὴ
2510 5151 2878 5222 παραζηλου,
2911 5149 3255 5219 δύσφραστον
3287 5150 3506 5204 τέθεικε
3535 5168 3551 5185 θ
3596 5168 3835 5222 παρακα-

2260 5242 2391 5297 τιὼν
2450 5241 2531 5304 δὲ,
2597 5238 2940 5309 σαφέστερον
2995 5237 3128 5290 αὐτὸ
3180 5239 3582 5310 προστέθηκεο
3650 5239 3742 5294 νῦν
3791 5239 3840 5292 5k

2258 5336 2440 5388 τέλεον
2507 5332 2641 5386 αὐτὸ
2711 5331 3058 5400 ἐσαφήνισεν.
3124 5330 3395 5396 Πολλάκις
3445 5333 3505 5387 δὲ
3577 5335 3652 5388 τὰ
3714 5335 3842 5388 αὐτὰ

2263 5430 2434 5499 λέγει,
2492 5428 2584 5480 καὶ
2640 5426 2754 5479 ἀνω
2795 5424 2891 5476 καὶ
2951 5423 3103 5478 κάτω
3152 5423 3413 5494 στρέφει,
3473 5424 3709 5495 βεϐαίαν
3754 5425 3842 5495 τὴν

2264 5519 2614 5575 διδασκαλία-ι
2648 5518 2769 5579 ταῖς
2805 5514 2915 5568 τῶν
2960 5514 3247 5585 ἀκροατῶν
3293 5515 3496 5587 ψυχαῖς
3541 5519 3842 5588 ὲνατιεργάο

2268 5615 2467 5669 σασοαι
2511 5611 2600 5665 διὰ
2643 5611 2742 5679 τῆς
2794 5606 3077 5678 συνεχείας
3107 5609 3668 5679 πραγματευόμενος.
3723 5607 3846 5664 Εἶτα.

2268 5705 2450 5776 τίθησι
2488 5704 2581 5758 καὶ
2624 5701 2720 5773 τὴν
2752 5697 2933 5753 αἰτίαν
2961 5696 3058 5750 τοῦ
3095 5697 3168 5769 μὴ
3201 5698 3312 5751 δεῖν
3351 5700 3782 5770 πονηρεύεσοαι.
