  <div class='ocr_page' id='page_1' title='image "/cluster/home/n/w/nwhite01/storage/ocr_20150623/128/mdp.39015078384263/228.png"; bbox 0 0 4036 6262; ppageno 0'>
   <div class='ocr_carea' id='block_1_1' title="bbox 274 292 360 355">
    <p class='ocr_par' dir='ltr' id='par_1_1' title="bbox 274 292 360 355">
     <span class='ocr_line' id='line_1_1' title="bbox 274 292 360 355; baseline -0.012 0"><span class='ocrx_word' id='word_1_1' title='bbox 274 292 360 355; x_wconf 72' lang='lat' dir='ltr'><strong>ut</strong></span> 
     </span>
    </p>
   </div>
   <div class='ocr_carea' id='block_1_2' title="bbox 1389 299 2293 363">
    <p class='ocr_par' dir='ltr' id='par_1_2' title="bbox 1389 299 2293 363">
     <span class='ocr_line' id='line_1_2' title="bbox 1389 299 2293 363; baseline 0.007 -7"><span class='ocrx_word' id='word_1_2' title='bbox 1389 300 1535 359; x_wconf 66' lang='lat' dir='ltr'><strong>CUM</strong></span> <span class='ocrx_word' id='word_1_3' title='bbox 1547 302 1598 358; x_wconf 80' lang='grc' dir='ltr'><strong>Μ</strong></span> <span class='ocrx_word' id='word_1_4' title='bbox 1612 299 1774 360; x_wconf 67' lang='lat' dir='ltr'><strong>ENT.</strong></span> <span class='ocrx_word' id='word_1_5' title='bbox 1823 301 1900 358; x_wconf 77' lang='grc' dir='ltr'>ΙΝ</span> <span class='ocrx_word' id='word_1_6' title='bbox 1940 302 2070 360; x_wconf 67' lang='lat' dir='ltr'><strong>PSA</strong></span> <span class='ocrx_word' id='word_1_7' title='bbox 2083 301 2293 363; x_wconf 85' lang='lat' dir='ltr'><strong>LMOS.</strong></span> 
     </span>
    </p>
   </div>
   <div class='ocr_carea' id='block_1_3' title="bbox 3387 303 3499 368">
    <p class='ocr_par' dir='ltr' id='par_1_3' title="bbox 3387 303 3499 368">
     <span class='ocr_line' id='line_1_3' title="bbox 3387 303 3499 368; baseline 0 -2"><span class='ocrx_word' id='word_1_8' title='bbox 3387 303 3499 368; x_wconf 67' lang='grc'><strong>442</strong></span> 
     </span>
    </p>
   </div>
   <div class='ocr_carea' id='block_1_4' title="bbox 335 412 1814 496">
    <p class='ocr_par' dir='ltr' id='par_1_4' title="bbox 335 412 1814 485">
     <span class='ocr_line' id='line_1_4' title="bbox 335 412 1814 485; baseline 0.003 -17"><span class='ocrx_word' id='word_1_9' title='bbox 335 414 433 468; x_wconf 77' lang='grc' dir='ltr'><strong>Καὶ</strong></span> <span class='ocrx_word' id='word_1_10' title='bbox 469 414 527 466; x_wconf 80' lang='grc' dir='ltr'>τὸ</span> <span class='ocrx_word' id='word_1_11' title='bbox 557 412 796 484; x_wconf 71' lang='grc' dir='ltr'>ἄλγημά</span> <span class='ocrx_word' id='word_1_12' title='bbox 819 433 937 484; x_wconf 82' lang='grc' dir='ltr'>μου</span> <span class='ocrx_word' id='word_1_13' title='bbox 963 418 1380 485; x_wconf 74' lang='grc' dir='ltr'><strong>ἀνεκαινίσθη.</strong></span> <span class='ocrx_word' id='word_1_14' title='bbox 1423 421 1530 474; x_wconf 72' lang='grc' dir='ltr'><strong>Καὶ</strong></span> <span class='ocrx_word' id='word_1_15' title='bbox 1556 421 1584 472; x_wconf 82' lang='grc' dir='ltr'><strong>ὁ</strong></span> <span class='ocrx_word' id='word_1_16' title='bbox 1613 420 1698 472; x_wconf 63' lang='grc' dir='ltr'><strong>διὰ</strong></span> <span class='ocrx_word' id='word_1_17' title='bbox 1720 421 1814 482; x_wconf 77' lang='grc' dir='ltr'>τὰς</span> 
     </span>
    </p>
   </div>
   <div class='ocr_carea' id='block_1_5' title="bbox 1925 412 3502 496">
    <p class='ocr_par' dir='ltr' id='par_1_5' title="bbox 1995 421 3502 496">
     <span class='ocr_line' id='line_1_5' title="bbox 1995 421 3502 496; baseline 0.002 -21"><span class='ocrx_word' id='word_1_18' title='bbox 1995 421 2062 475; x_wconf 87' lang='lat' dir='ltr'><strong>Et</strong></span> <span class='ocrx_word' id='word_1_19' title='bbox 2094 425 2249 478; x_wconf 79' lang='lat' dir='ltr'><strong>dolor</strong></span> <span class='ocrx_word' id='word_1_20' title='bbox 2283 440 2426 476; x_wconf 70' lang='lat' dir='ltr'><strong>meus</strong></span> <span class='ocrx_word' id='word_1_21' title='bbox 2472 434 2757 478; x_wconf 73' lang='lat' dir='ltr'><strong>renovatus</strong></span> <span class='ocrx_word' id='word_1_22' title='bbox 2806 431 2904 477; x_wconf 79' lang='lat' dir='ltr'><strong>est.</strong></span> <span class='ocrx_word' id='word_1_23' title='bbox 2961 422 3024 476; x_wconf 81' lang='lat' dir='ltr'><strong>Et</strong></span> <span class='ocrx_word' id='word_1_24' title='bbox 3082 423 3260 487; x_wconf 87' lang='lat' dir='ltr'><strong>dolor,</strong></span> <span class='ocrx_word' id='word_1_25' title='bbox 3301 423 3502 496; x_wconf 82' lang='lat' dir='ltr'><strong>inquit,</strong></span> 
     </span>
    </p>
   </div>
   <div class='ocr_carea' id='block_1_6' title="bbox 272 508 1814 583">
    <p class='ocr_par' dir='ltr' id='par_1_6' title="bbox 272 508 1814 583">
     <span class='ocr_line' id='line_1_6' title="bbox 272 508 1814 583; baseline 0.003 -22"><span class='ocrx_word' id='word_1_26' title='bbox 272 508 514 577; x_wconf 71' lang='grc' dir='ltr'>ἁμαρτίας</span> <span class='ocrx_word' id='word_1_27' title='bbox 548 525 647 576; x_wconf 79' lang='grc' dir='ltr'><strong>μου</strong></span> <span class='ocrx_word' id='word_1_28' title='bbox 675 510 835 573; x_wconf 79' lang='grc' dir='ltr'>πόνος</span> <span class='ocrx_word' id='word_1_29' title='bbox 882 509 1236 580; x_wconf 80' lang='grc' dir='ltr'>ἀνεκαινίοθη</span> <span class='ocrx_word' id='word_1_30' title='bbox 1266 514 1336 581; x_wconf 80' lang='grc' dir='ltr'>τῇ</span> <span class='ocrx_word' id='word_1_31' title='bbox 1405 512 1596 583; x_wconf 76' lang='grc' dir='ltr'>μνήμῃ</span> <span class='ocrx_word' id='word_1_32' title='bbox 1635 528 1648 542; x_wconf 74' lang='grc'><strong><em>⁸</em></strong></span> <span class='ocrx_word' id='word_1_33' title='bbox 1693 512 1814 565; x_wconf 77' lang='grc' dir='ltr'>τότε</span> 
     </span>
    </p>
   </div>
   <div class='ocr_carea' id='block_1_7' title="bbox 273 602 1814 675">
    <p class='ocr_par' dir='ltr' id='par_1_7' title="bbox 273 602 1814 675">
     <span class='ocr_line' id='line_1_7' title="bbox 273 602 1814 675; baseline 0.003 -21"><span class='ocrx_word' id='word_1_34' title='bbox 273 603 365 671; x_wconf 75' lang='grc' dir='ltr'>γὰρ</span> <span class='ocrx_word' id='word_1_35' title='bbox 392 602 551 669; x_wconf 76' lang='grc' dir='ltr'>ἔγνων</span> <span class='ocrx_word' id='word_1_36' title='bbox 579 602 784 670; x_wconf 77' lang='grc' dir='ltr'>σαφῶς,</span> <span class='ocrx_word' id='word_1_37' title='bbox 813 603 897 656; x_wconf 82' lang='grc' dir='ltr'>ὅτι</span> <span class='ocrx_word' id='word_1_38' title='bbox 925 602 1083 668; x_wconf 80' lang='grc' dir='ltr'>δίκας</span> <span class='ocrx_word' id='word_1_39' title='bbox 1137 603 1269 658; x_wconf 86' lang='grc' dir='ltr'>τίνω</span> <span class='ocrx_word' id='word_1_40' title='bbox 1324 603 1431 657; x_wconf 88' lang='grc' dir='ltr'>τῶν</span> <span class='ocrx_word' id='word_1_41' title='bbox 1481 604 1814 675; x_wconf 74' lang='grc' dir='ltr'>πεπλημμε-</span> 
     </span>
    </p>
   </div>
   <div class='ocr_carea' id='block_1_8' title="bbox 271 694 509 763">
    <p class='ocr_par' dir='ltr' id='par_1_8' title="bbox 271 694 509 763">
     <span class='ocr_line' id='line_1_8' title="bbox 271 694 509 763; baseline 0.021 -22"><span class='ocrx_word' id='word_1_42' title='bbox 271 694 509 763; x_wconf 76' lang='grc' dir='ltr'>λημένων.</span> 
     </span>
    </p>
   </div>
   <div class='ocr_carea' id='block_1_9' title="bbox 330 786 1819 864">
    <p class='ocr_par' dir='ltr' id='par_1_9' title="bbox 330 786 1819 864">
     <span class='ocr_line' id='line_1_9' title="bbox 330 786 1819 864; baseline 0.001 -21"><span class='ocrx_word' id='word_1_43' title='bbox 330 786 676 855; x_wconf 74' lang='grc' dir='ltr'><strong>Ἐθερμάνθη</strong></span> <span class='ocrx_word' id='word_1_44' title='bbox 704 789 743 856; x_wconf 78' lang='grc' dir='ltr'><strong><em>ἡ</em></strong></span> <span class='ocrx_word' id='word_1_45' title='bbox 781 789 1000 856; x_wconf 74' lang='grc' dir='ltr'><strong>καρδία</strong></span> <span class='ocrx_word' id='word_1_46' title='bbox 1047 807 1168 857; x_wconf 80' lang='grc' dir='ltr'>μου</span> <span class='ocrx_word' id='word_1_47' title='bbox 1196 791 1372 857; x_wconf 75' lang='grc' dir='ltr'>ἐντός</span> <span class='ocrx_word' id='word_1_48' title='bbox 1424 810 1565 862; x_wconf 81' lang='grc' dir='ltr'>μου.</span> <span class='ocrx_word' id='word_1_49' title='bbox 1629 793 1819 864; x_wconf 79' lang='grc' dir='ltr'>Ὑϐρι-</span> 
     </span>
    </p>
   </div>
   <div class='ocr_carea' id='block_1_10' title="bbox 266 881 1816 956">
    <p class='ocr_par' dir='ltr' id='par_1_10' title="bbox 266 881 1816 956">
     <span class='ocr_line' id='line_1_10' title="bbox 266 881 1816 956; baseline 0.003 -23"><span class='ocrx_word' id='word_1_50' title='bbox 266 882 489 950; x_wconf 63' lang='grc' dir='ltr'>ζᾶμενος,</span> <span class='ocrx_word' id='word_1_51' title='bbox 515 881 804 951; x_wconf 75' lang='grc' dir='ltr'>ὲπυρὼθην</span> <span class='ocrx_word' id='word_1_52' title='bbox 831 882 937 935; x_wconf 73' lang='grc' dir='ltr'><strong>ὑπὸ</strong></span> <span class='ocrx_word' id='word_1_53' title='bbox 962 882 1056 936; x_wconf 81' lang='grc' dir='ltr'>τοῦ</span> <span class='ocrx_word' id='word_1_54' title='bbox 1094 882 1270 954; x_wconf 82' lang='grc' dir='ltr'>ουμοῦ</span> <span class='ocrx_word' id='word_1_55' title='bbox 1296 900 1311 915; x_wconf 86' lang='grc'>⁶</span> <span class='ocrx_word' id='word_1_56' title='bbox 1375 885 1816 956; x_wconf 71' lang='grc' dir='ltr'>ε’μακροθύμησα</span> 
     </span>
    </p>
   </div>
   <div class='ocr_carea' id='block_1_11' title="bbox 263 970 1813 1046">
    <p class='ocr_par' dir='ltr' id='par_1_11' title="bbox 263 970 1813 1046">
     <span class='ocr_line' id='line_1_11' title="bbox 263 970 1813 1046; baseline 0.004 -23"><span class='ocrx_word' id='word_1_57' title='bbox 263 972 331 1024; x_wconf 81' lang='grc' dir='ltr'><strong>δέ.</strong></span> <span class='ocrx_word' id='word_1_58' title='bbox 373 970 542 1034; x_wconf 81' lang='grc' dir='ltr'>Ἐντός</span> <span class='ocrx_word' id='word_1_59' title='bbox 581 990 684 1041; x_wconf 83' lang='grc' dir='ltr'>μου</span> <span class='ocrx_word' id='word_1_60' title='bbox 711 973 769 1026; x_wconf 78' lang='grc' dir='ltr'><strong>δὲ</strong></span> <span class='ocrx_word' id='word_1_61' title='bbox 796 970 941 1040; x_wconf 79' lang='grc' dir='ltr'>εἷπε,</span> <span class='ocrx_word' id='word_1_62' title='bbox 977 975 1155 1045; x_wconf 82' lang='grc' dir='ltr'>δηλῶν</span> <span class='ocrx_word' id='word_1_63' title='bbox 1193 977 1401 1030; x_wconf 81' lang='grc' dir='ltr'>ὅτιούκ</span> <span class='ocrx_word' id='word_1_64' title='bbox 1457 977 1685 1046; x_wconf 74' lang='grc' dir='ltr'>ἐξέφηνε</span> <span class='ocrx_word' id='word_1_65' title='bbox 1718 977 1813 1030; x_wconf 58' lang='grc' dir='ltr'>νειὸν</span> 
     </span>
    </p>
   </div>
   <div class='ocr_carea' id='block_1_12' title="bbox 1921 515 3509 583">
    <p class='ocr_par' dir='ltr' id='par_1_12' title="bbox 1921 515 3509 583">
     <span class='ocr_line' id='line_1_12' title="bbox 1921 515 3509 583; baseline 0.004 -17"><span class='ocrx_word' id='word_1_66' title='bbox 1921 517 2015 582; x_wconf 84' lang='lat' dir='ltr'><strong>qui</strong></span> <span class='ocrx_word' id='word_1_67' title='bbox 2055 515 2186 569; x_wconf 92' lang='lat' dir='ltr'><strong>mihi</strong></span> <span class='ocrx_word' id='word_1_68' title='bbox 2212 515 2280 570; x_wconf 92' lang='lat' dir='ltr'><strong>de</strong></span> <span class='ocrx_word' id='word_1_69' title='bbox 2317 517 2553 581; x_wconf 64' lang='lat' dir='ltr'><strong>peccatis</strong></span> <span class='ocrx_word' id='word_1_70' title='bbox 2587 517 2854 583; x_wconf 93' lang='lat' dir='ltr'><strong>provenit,</strong></span> <span class='ocrx_word' id='word_1_71' title='bbox 2914 529 2978 570; x_wconf 90' lang='lat' dir='ltr'><strong>ea</strong></span> <span class='ocrx_word' id='word_1_72' title='bbox 3026 515 3290 570; x_wconf 84' lang='lat' dir='ltr'><strong>memoria</strong></span> <span class='ocrx_word' id='word_1_73' title='bbox 3343 531 3509 572; x_wconf 85' lang='lat' dir='ltr'><strong>reno—</strong></span> 
     </span>
    </p>
   </div>
   <div class='ocr_carea' id='block_1_13' title="bbox 1923 607 3508 681">
    <p class='ocr_par' dir='ltr' id='par_1_13' title="bbox 1923 607 3508 681">
     <span class='ocr_line' id='line_1_13' title="bbox 1923 607 3508 681; baseline 0.004 -20"><span class='ocrx_word' id='word_1_74' title='bbox 1923 618 2081 663; x_wconf 88' lang='lat' dir='ltr'><strong>vatus</strong></span> <span class='ocrx_word' id='word_1_75' title='bbox 2131 618 2234 664; x_wconf 88' lang='lat' dir='ltr'><strong>est.</strong></span> <span class='ocrx_word' id='word_1_76' title='bbox 2278 609 2433 664; x_wconf 86' lang='lat' dir='ltr'><strong>Tunc</strong></span> <span class='ocrx_word' id='word_1_77' title='bbox 2479 609 2627 662; x_wconf 86' lang='lat' dir='ltr'><strong>enim</strong></span> <span class='ocrx_word' id='word_1_78' title='bbox 2688 607 2980 664; x_wconf 88' lang='lat' dir='ltr'><strong>manifeste</strong></span> <span class='ocrx_word' id='word_1_79' title='bbox 3010 608 3241 677; x_wconf 70' lang='lat' dir='ltr'><strong>cegrrovi</strong></span> <span class='ocrx_word' id='word_1_80' title='bbox 3275 623 3362 666; x_wconf 76' lang='lat' dir='ltr'><strong>.ne</strong></span> <span class='ocrx_word' id='word_1_81' title='bbox 3392 624 3508 681; x_wconf 59' lang='lat' dir='ltr'><strong>par-</strong></span> 
     </span>
    </p>
   </div>
   <div class='ocr_carea' id='block_1_14' title="bbox 1924 701 2584 755">
    <p class='ocr_par' dir='ltr' id='par_1_14' title="bbox 1924 701 2584 755">
     <span class='ocr_line' id='line_1_14' title="bbox 1924 701 2584 755; baseline 0 -1"><span class='ocrx_word' id='word_1_82' title='bbox 1924 716 2024 755; x_wconf 86' lang='lat' dir='ltr'><strong>nas</strong></span> <span class='ocrx_word' id='word_1_83' title='bbox 2053 701 2379 755; x_wconf 69' lang='lat' dir='ltr'><strong>delictorum</strong></span> <span class='ocrx_word' id='word_1_84' title='bbox 2410 702 2584 754; x_wconf 86' lang='lat' dir='ltr'><strong>luere.</strong></span> 
     </span>
    </p>
   </div>
   <div class='ocr_carea' id='block_1_15' title="bbox 1995 794 3506 866">
    <p class='ocr_par' dir='ltr' id='par_1_15' title="bbox 1995 794 3506 866">
     <span class='ocr_line' id='line_1_15' title="bbox 1995 794 3506 866; baseline 0.002 -19"><span class='ocrx_word' id='word_1_85' title='bbox 1995 794 2162 851; x_wconf 74' lang='lat' dir='ltr'><strong>Vsus.</strong></span> <span class='ocrx_word' id='word_1_86' title='bbox 2195 797 2250 851; x_wconf 75' lang='grc'><strong>4.</strong></span> <span class='ocrx_word' id='word_1_87' title='bbox 2277 796 2609 866; x_wconf 73' lang='lat' dir='ltr'><strong>Calefactum</strong></span> <span class='ocrx_word' id='word_1_88' title='bbox 2637 805 2715 852; x_wconf 78' lang='lat' dir='ltr'><strong>est</strong></span> <span class='ocrx_word' id='word_1_89' title='bbox 2750 813 2844 850; x_wconf 88' lang='lat' dir='ltr'><strong>cor</strong></span> <span class='ocrx_word' id='word_1_90' title='bbox 2875 812 3045 850; x_wconf 78' lang='lat' dir='ltr'><strong>meum</strong></span> <span class='ocrx_word' id='word_1_91' title='bbox 3078 797 3224 850; x_wconf 81' lang='lat' dir='ltr'><strong>intra</strong></span> <span class='ocrx_word' id='word_1_92' title='bbox 3247 814 3348 852; x_wconf 76' lang='lat' dir='ltr'><strong>me.</strong></span> <span class='ocrx_word' id='word_1_93' title='bbox 3368 796 3506 852; x_wconf 81' lang='lat' dir='ltr'><strong>Cum</strong></span> 
     </span>
    </p>
   </div>
   <div class='ocr_carea' id='block_1_16' title="bbox 1920 885 3508 958">
    <p class='ocr_par' dir='ltr' id='par_1_16' title="bbox 1920 885 3508 958">
     <span class='ocr_line' id='line_1_16' title="bbox 1920 885 3508 958; baseline 0.001 -20"><span class='ocrx_word' id='word_1_94' title='bbox 1920 886 2162 940; x_wconf 72' lang='lat' dir='ltr'><strong>alliceret</strong></span> <span class='ocrx_word' id='word_1_95' title='bbox 2190 901 2277 938; x_wconf 88' lang='lat' dir='ltr'><strong>me</strong></span> <span class='ocrx_word' id='word_1_96' title='bbox 2298 885 2479 942; x_wconf 88' lang='lat' dir='ltr'><strong>Semei</strong></span> <span class='ocrx_word' id='word_1_97' title='bbox 2503 886 2862 949; x_wconf 82' lang='lat' dir='ltr'><strong>contumelia,</strong></span> <span class='ocrx_word' id='word_1_98' title='bbox 2897 888 3121 942; x_wconf 78' lang='lat' dir='ltr'><strong>tametsi</strong></span> <span class='ocrx_word' id='word_1_99' title='bbox 3151 887 3203 942; x_wconf 89' lang='lat' dir='ltr'><strong>id</strong></span> <span class='ocrx_word' id='word_1_100' title='bbox 3237 889 3508 958; x_wconf 80' lang='lat' dir='ltr'><strong>patienter</strong></span> 
     </span>
    </p>
   </div>
   <div class='ocr_carea' id='block_1_17' title="bbox 1915 976 3502 1048">
    <p class='ocr_par' dir='ltr' id='par_1_17' title="bbox 1915 976 3502 1048">
     <span class='ocr_line' id='line_1_17' title="bbox 1915 976 3502 1048; baseline 0.004 -21"><span class='ocrx_word' id='word_1_101' title='bbox 1915 978 2156 1042; x_wconf 87' lang='lat' dir='ltr'><strong>tulerim,</strong></span> <span class='ocrx_word' id='word_1_102' title='bbox 2209 994 2318 1048; x_wconf 76' lang='lat' dir='ltr'><strong>prae</strong></span> <span class='ocrx_word' id='word_1_103' title='bbox 2349 976 2427 1032; x_wconf 77' lang='lat' dir='ltr'><strong>ira</strong></span> <span class='ocrx_word' id='word_1_104' title='bbox 2458 988 2637 1033; x_wconf 89' lang='lat' dir='ltr'><strong>tamen</strong></span> <span class='ocrx_word' id='word_1_105' title='bbox 2669 979 2810 1033; x_wconf 86' lang='lat' dir='ltr'><strong>intra</strong></span> <span class='ocrx_word' id='word_1_106' title='bbox 2844 996 2930 1034; x_wconf 88' lang='lat' dir='ltr'><strong>me</strong></span> <span class='ocrx_word' id='word_1_107' title='bbox 2958 981 3328 1036; x_wconf 81' lang='lat' dir='ltr'><strong>inﬂammatus</strong></span> <span class='ocrx_word' id='word_1_108' title='bbox 3356 997 3502 1037; x_wconf 91' lang='lat' dir='ltr'><strong>sum.</strong></span> 
     </span>
    </p>
   </div>
   <div class='ocr_carea' id='block_1_18' title="bbox 261 1064 1814 1144">
    <p class='ocr_par' dir='ltr' id='par_1_18' title="bbox 261 1064 1808 1140">
     <span class='ocr_line' id='line_1_18' title="bbox 261 1064 1808 1140; baseline 0.005 -24"><span class='ocrx_word' id='word_1_109' title='bbox 261 1065 415 1131; x_wconf 73' lang='grc' dir='ltr'>θυμόν</span> <span class='ocrx_word' id='word_1_110' title='bbox 436 1081 449 1095; x_wconf 75' lang='grc' dir='ltr'><strong>ο</strong></span> <span class='ocrx_word' id='word_1_111' title='bbox 480 1064 537 1117; x_wconf 76' lang='grc' dir='ltr'>τὸ</span> <span class='ocrx_word' id='word_1_112' title='bbox 562 1065 662 1136; x_wconf 81' lang='grc' dir='ltr'>μὲν</span> <span class='ocrx_word' id='word_1_113' title='bbox 689 1065 799 1137; x_wconf 79' lang='grc' dir='ltr'>γὰρ</span> <span class='ocrx_word' id='word_1_114' title='bbox 823 1067 897 1137; x_wconf 82' lang='grc' dir='ltr'><strong>μὴ</strong></span> <span class='ocrx_word' id='word_1_115' title='bbox 944 1069 1139 1123; x_wconf 83' lang='grc' dir='ltr'><strong>παθεῖν</strong></span> <span class='ocrx_word' id='word_1_116' title='bbox 1195 1068 1331 1133; x_wconf 82' lang='grc' dir='ltr'><strong>ὅλως</strong></span> <span class='ocrx_word' id='word_1_117' title='bbox 1380 1071 1529 1140; x_wconf 78' lang='grc' dir='ltr'>παρὰ</span> <span class='ocrx_word' id='word_1_118' title='bbox 1555 1070 1668 1139; x_wconf 64' lang='lat' dir='ltr'><strong>(di)</strong></span> <span class='ocrx_word' id='word_1_119' title='bbox 1707 1069 1808 1140; x_wconf 72' lang='grc' dir='ltr'>τὴν</span> 
     </span>
    </p>
   </div>
   <div class='ocr_carea' id='block_1_19' title="bbox 1925 1064 3506 1144">
    <p class='ocr_par' dir='ltr' id='par_1_19' title="bbox 1925 1073 3506 1144">
     <span class='ocr_line' id='line_1_19' title="bbox 1925 1073 3506 1144; baseline 0.003 -19"><span class='ocrx_word' id='word_1_120' title='bbox 1925 1073 2056 1125; x_wconf 71' lang='lat' dir='ltr'><strong>intra</strong></span> <span class='ocrx_word' id='word_1_121' title='bbox 2095 1089 2184 1126; x_wconf 88' lang='lat' dir='ltr'><strong>me</strong></span> <span class='ocrx_word' id='word_1_122' title='bbox 2223 1085 2404 1128; x_wconf 87' lang='lat' dir='ltr'><strong>autem</strong></span> <span class='ocrx_word' id='word_1_123' title='bbox 2431 1074 2588 1138; x_wconf 69' lang='lat' dir='ltr'><strong>dixit,</strong></span> <span class='ocrx_word' id='word_1_124' title='bbox 2639 1084 2701 1128; x_wconf 92' lang='lat' dir='ltr'><strong>ut</strong></span> <span class='ocrx_word' id='word_1_125' title='bbox 2751 1074 3066 1130; x_wconf 90' lang='lat' dir='ltr'><strong>ostenderet</strong></span> <span class='ocrx_word' id='word_1_126' title='bbox 3111 1076 3256 1144; x_wconf 87' lang='lat' dir='ltr'><strong>quod</strong></span> <span class='ocrx_word' id='word_1_127' title='bbox 3315 1075 3506 1144; x_wconf 84' lang='lat' dir='ltr'><strong>hujus—</strong></span> 
     </span>
    </p>
   </div>
   <div class='ocr_carea' id='block_1_20' title="bbox 263 1155 752 1226">
    <p class='ocr_par' dir='ltr' id='par_1_20' title="bbox 263 1155 752 1226">
     <span class='ocr_line' id='line_1_20' title="bbox 263 1155 752 1226; baseline 0.012 -19"><span class='ocrx_word' id='word_1_128' title='bbox 263 1155 424 1226; x_wconf 76' lang='grc' dir='ltr'>ὕϐριν,</span> <span class='ocrx_word' id='word_1_129' title='bbox 498 1158 705 1212; x_wconf 87' lang='grc' dir='ltr'>τελείου</span> <span class='ocrx_word' id='word_1_130' title='bbox 736 1174 752 1192; x_wconf 77' lang='grc' dir='ltr'><strong><em>ο</em></strong></span> 
     </span>
    </p>
   </div>
   <div class='ocr_carea' id='block_1_21' title="bbox 261 1249 549 1314">
    <p class='ocr_par' dir='ltr' id='par_1_21' title="bbox 261 1249 549 1314">
     <span class='ocr_line' id='line_1_21' title="bbox 261 1249 549 1314; baseline 0.021 -14"><span class='ocrx_word' id='word_1_131' title='bbox 261 1249 549 1314; x_wconf 72' lang='grc' dir='ltr'><strong>κόπτοντος.</strong></span> 
     </span>
    </p>
   </div>
   <div class='ocr_carea' id='block_1_22' title="bbox 827 1160 1805 1233">
    <p class='ocr_par' dir='ltr' id='par_1_22' title="bbox 827 1160 1805 1233">
     <span class='ocr_line' id='line_1_22' title="bbox 827 1160 1805 1233; baseline 0.002 -19"><span class='ocrx_word' id='word_1_132' title='bbox 827 1160 892 1214; x_wconf 82' lang='grc' dir='ltr'><strong>τὸ</strong></span> <span class='ocrx_word' id='word_1_133' title='bbox 960 1161 1018 1215; x_wconf 76' lang='grc' dir='ltr'><strong>δὲ</strong></span> <span class='ocrx_word' id='word_1_134' title='bbox 1074 1163 1269 1232; x_wconf 74' lang='grc' dir='ltr'>πράως</span> <span class='ocrx_word' id='word_1_135' title='bbox 1333 1165 1605 1232; x_wconf 74' lang='grc' dir='ltr'><strong>ἐνεγκεῖν,</strong></span> <span class='ocrx_word' id='word_1_136' title='bbox 1670 1179 1805 1233; x_wconf 85' lang='grc' dir='ltr'>προ-</span> 
     </span>
    </p>
   </div>
   <div class='ocr_carea' id='block_1_23' title="bbox 1908 1165 3503 1223">
    <p class='ocr_par' dir='ltr' id='par_1_23' title="bbox 1908 1165 3503 1223">
     <span class='ocr_line' id='line_1_23' title="bbox 1908 1165 3503 1223; baseline 0.003 -6"><span class='ocrx_word' id='word_1_137' title='bbox 1908 1165 2053 1219; x_wconf 77' lang='lat' dir='ltr'><strong>modi</strong></span> <span class='ocrx_word' id='word_1_138' title='bbox 2077 1167 2213 1219; x_wconf 87' lang='lat' dir='ltr'><strong>iram</strong></span> <span class='ocrx_word' id='word_1_139' title='bbox 2237 1169 2482 1222; x_wconf 83' lang='lat' dir='ltr'><strong>externis</strong></span> <span class='ocrx_word' id='word_1_140' title='bbox 2506 1182 2616 1222; x_wconf 90' lang='lat' dir='ltr'><strong>non</strong></span> <span class='ocrx_word' id='word_1_141' title='bbox 2633 1167 3053 1222; x_wconf 80' lang='lat' dir='ltr'><strong>demonstravit.</strong></span> <span class='ocrx_word' id='word_1_142' title='bbox 3079 1167 3348 1223; x_wconf 78' lang='lat' dir='ltr'><strong>Caeterum</strong></span> <span class='ocrx_word' id='word_1_143' title='bbox 3368 1167 3503 1223; x_wconf 84' lang='lat' dir='ltr'><strong>illud</strong></span> 
     </span>
    </p>
   </div>
   <div class='ocr_carea' id='block_1_24' title="bbox 1917 1257 3501 1336">
    <p class='ocr_par' dir='ltr' id='par_1_24' title="bbox 1917 1257 3501 1336">
     <span class='ocr_line' id='line_1_24' title="bbox 1917 1257 3501 1336; baseline -0.001 -24"><span class='ocrx_word' id='word_1_144' title='bbox 1917 1257 2138 1325; x_wconf 76' lang='lat' dir='ltr'><strong>perfecti</strong></span> <span class='ocrx_word' id='word_1_145' title='bbox 2193 1258 2435 1314; x_wconf 80' lang='lat' dir='ltr'><strong>heminis</strong></span> <span class='ocrx_word' id='word_1_146' title='bbox 2465 1269 2573 1318; x_wconf 83' lang='lat' dir='ltr'><strong>est.</strong></span> <span class='ocrx_word' id='word_1_147' title='bbox 2605 1267 2662 1313; x_wconf 92' lang='lat' dir='ltr'><strong>et</strong></span> <span class='ocrx_word' id='word_1_148' title='bbox 2700 1260 2966 1316; x_wconf 64' lang='lat' dir='ltr'><strong>absolutae</strong></span> <span class='ocrx_word' id='word_1_149' title='bbox 3003 1276 3228 1330; x_wconf 84' lang='lat' dir='ltr'><strong>prorsus</strong></span> <span class='ocrx_word' id='word_1_150' title='bbox 3256 1258 3501 1336; x_wconf 59' lang='lat' dir='ltr'><strong>virtutis,</strong></span> 
     </span>
    </p>
   </div>
   <div class='ocr_carea' id='block_1_25' title="bbox 259 1346 3509 1422">
    <p class='ocr_par' dir='ltr' id='par_1_25' title="bbox 259 1346 3509 1422">
     <span class='ocr_line' id='line_1_25' title="bbox 259 1346 3509 1422; baseline 0.002 -23"><span class='ocrx_word' id='word_1_151' title='bbox 259 1347 298 1399; x_wconf 81' lang='lat' dir='ltr'><strong>si</strong></span> <span class='ocrx_word' id='word_1_152' title='bbox 343 1346 716 1401; x_wconf 78' lang='lat' dir='ltr'><strong>mntumeliam</strong></span> <span class='ocrx_word' id='word_1_153' title='bbox 773 1349 1002 1404; x_wconf 85' lang='lat' dir='ltr'><strong>omnino</strong></span> <span class='ocrx_word' id='word_1_154' title='bbox 1055 1365 1167 1405; x_wconf 85' lang='lat' dir='ltr'><strong>non</strong></span> <span class='ocrx_word' id='word_1_155' title='bbox 1199 1352 1425 1414; x_wconf 81' lang='lat' dir='ltr'><strong>sentiat,</strong></span> <span class='ocrx_word' id='word_1_156' title='bbox 1474 1359 1530 1408; x_wconf 87' lang='lat' dir='ltr'><strong>et</strong></span> <span class='ocrx_word' id='word_1_157' title='bbox 1558 1367 1624 1407; x_wconf 78' lang='lat' dir='ltr'><strong>ex</strong></span> <span class='ocrx_word' id='word_1_158' title='bbox 1676 1366 1742 1406; x_wconf 82' lang='lat' dir='ltr'><strong>ea</strong></span> <span class='ocrx_word' id='word_1_159' title='bbox 1771 1349 1909 1405; x_wconf 80' lang='lat' dir='ltr'><strong>nihil</strong></span> <span class='ocrx_word' id='word_1_160' title='bbox 1963 1367 2194 1420; x_wconf 86' lang='lat' dir='ltr'><strong>prorsus</strong></span> <span class='ocrx_word' id='word_1_161' title='bbox 2251 1356 2492 1422; x_wconf 86' lang='lat' dir='ltr'><strong>patiatur</strong></span> <span class='ocrx_word' id='word_1_162' title='bbox 2536 1368 2551 1405; x_wconf 89' lang='lat'><strong>:</strong></span> <span class='ocrx_word' id='word_1_163' title='bbox 2587 1351 2736 1422; x_wconf 91' lang='lat' dir='ltr'><strong>quod</strong></span> <span class='ocrx_word' id='word_1_164' title='bbox 2771 1352 2815 1407; x_wconf 89' lang='lat' dir='ltr'><strong>si</strong></span> <span class='ocrx_word' id='word_1_165' title='bbox 2849 1355 2974 1420; x_wconf 91' lang='lat' dir='ltr'><strong>quis</strong></span> <span class='ocrx_word' id='word_1_166' title='bbox 3011 1354 3238 1418; x_wconf 72' lang='lat' dir='ltr'><strong>sentiat,</strong></span> <span class='ocrx_word' id='word_1_167' title='bbox 3266 1353 3509 1407; x_wconf 87' lang='lat' dir='ltr'><strong>modeste</strong></span> 
     </span>
    </p>
   </div>
   <div class='ocr_carea' id='block_1_26' title="bbox 257 1438 3503 1517">
    <p class='ocr_par' dir='ltr' id='par_1_26' title="bbox 257 1438 3503 1517">
     <span class='ocr_line' id='line_1_26' title="bbox 257 1438 3503 1517; baseline 0.003 -27"><span class='ocrx_word' id='word_1_168' title='bbox 257 1438 418 1493; x_wconf 60' lang='lat' dir='ltr'><strong>tamen</strong></span> <span class='ocrx_word' id='word_1_169' title='bbox 443 1453 502 1491; x_wconf 85' lang='lat' dir='ltr'><strong>ac</strong></span> <span class='ocrx_word' id='word_1_170' title='bbox 524 1449 807 1495; x_wconf 79' lang='lat' dir='ltr'><strong>mansuete</strong></span> <span class='ocrx_word' id='word_1_171' title='bbox 837 1457 958 1496; x_wconf 83' lang='lat' dir='ltr'><strong>eam</strong></span> <span class='ocrx_word' id='word_1_172' title='bbox 1004 1444 1269 1513; x_wconf 77' lang='lat' dir='ltr'><strong>perferat,</strong></span> <span class='ocrx_word' id='word_1_173' title='bbox 1310 1446 1578 1516; x_wconf 83' lang='lat' dir='ltr'><strong>proficere</strong></span> <span class='ocrx_word' id='word_1_174' title='bbox 1610 1445 1655 1501; x_wconf 89' lang='lat' dir='ltr'><strong>is</strong></span> <span class='ocrx_word' id='word_1_175' title='bbox 1688 1444 1958 1500; x_wconf 87' lang='lat' dir='ltr'><strong>dicendus</strong></span> <span class='ocrx_word' id='word_1_176' title='bbox 1987 1453 2072 1498; x_wconf 90' lang='lat' dir='ltr'><strong>est</strong></span> <span class='ocrx_word' id='word_1_177' title='bbox 2127 1447 2180 1498; x_wconf 91' lang='lat' dir='ltr'><strong>in</strong></span> <span class='ocrx_word' id='word_1_178' title='bbox 2213 1445 2436 1510; x_wconf 88' lang='lat' dir='ltr'><strong>virtute,</strong></span> <span class='ocrx_word' id='word_1_179' title='bbox 2483 1446 2700 1502; x_wconf 76' lang='lat' dir='ltr'><strong>tametsi</strong></span> <span class='ocrx_word' id='word_1_180' title='bbox 2742 1446 2922 1501; x_wconf 87' lang='lat' dir='ltr'><strong>adhuc</strong></span> <span class='ocrx_word' id='word_1_181' title='bbox 2956 1445 3229 1517; x_wconf 82' lang='lat' dir='ltr'><strong>perfectus</strong></span> <span class='ocrx_word' id='word_1_182' title='bbox 3257 1464 3364 1501; x_wconf 90' lang='lat' dir='ltr'><strong>non</strong></span> <span class='ocrx_word' id='word_1_183' title='bbox 3410 1446 3503 1502; x_wconf 87' lang='lat' dir='ltr'><strong>sit.</strong></span> 
     </span>
    </p>
   </div>
   <div class='ocr_carea' id='block_1_27' title="bbox 321 1532 1810 1610">
    <p class='ocr_par' dir='ltr' id='par_1_27' title="bbox 321 1532 1810 1610">
     <span class='ocr_line' id='line_1_27' title="bbox 321 1532 1810 1610; baseline 0.005 -23"><span class='ocrx_word' id='word_1_184' title='bbox 321 1534 417 1587; x_wconf 76' lang='lat' dir='ltr'><strong>Kal</strong></span> <span class='ocrx_word' id='word_1_185' title='bbox 463 1534 530 1588; x_wconf 80' lang='grc' dir='ltr'><strong>ἐν</strong></span> <span class='ocrx_word' id='word_1_186' title='bbox 573 1532 650 1602; x_wconf 76' lang='grc' dir='ltr'>τῇ</span> <span class='ocrx_word' id='word_1_187' title='bbox 724 1537 950 1606; x_wconf 64' lang='grc' dir='ltr'>μελέτῃ</span> <span class='ocrx_word' id='word_1_188' title='bbox 1013 1556 1135 1609; x_wconf 84' lang='grc' dir='ltr'>μου</span> <span class='ocrx_word' id='word_1_189' title='bbox 1183 1539 1625 1606; x_wconf 77' lang='grc' dir='ltr'><strong>ἐκκαυθήσεται</strong></span> <span class='ocrx_word' id='word_1_190' title='bbox 1670 1541 1810 1610; x_wconf 85' lang='grc' dir='ltr'><strong>πῦρ.</strong></span> 
     </span>
    </p>
   </div>
   <div class='ocr_carea' id='block_1_28' title="bbox 258 1629 1811 1706">
    <p class='ocr_par' dir='ltr' id='par_1_28' title="bbox 258 1629 1811 1706">
     <span class='ocr_line' id='line_1_28' title="bbox 258 1629 1811 1706; baseline 0.005 -25"><span class='ocrx_word' id='word_1_191' title='bbox 258 1629 354 1681; x_wconf 79' lang='grc' dir='ltr'><strong>Καὶ</strong></span> <span class='ocrx_word' id='word_1_192' title='bbox 402 1630 459 1681; x_wconf 82' lang='grc' dir='ltr'>ἐν</span> <span class='ocrx_word' id='word_1_193' title='bbox 519 1629 599 1701; x_wconf 81' lang='grc' dir='ltr'>τῷ</span> <span class='ocrx_word' id='word_1_194' title='bbox 636 1631 866 1702; x_wconf 83' lang='grc' dir='ltr'>μελετᾷν</span> <span class='ocrx_word' id='word_1_195' title='bbox 900 1650 968 1702; x_wconf 88' lang='grc' dir='ltr'>με</span> <span class='ocrx_word' id='word_1_196' title='bbox 1003 1632 1100 1688; x_wconf 72' lang='grc' dir='ltr'><strong>καὶ</strong></span> <span class='ocrx_word' id='word_1_197' title='bbox 1135 1635 1430 1689; x_wconf 84' lang='grc' dir='ltr'><strong>ἀναπολεῖν</strong></span> <span class='ocrx_word' id='word_1_198' title='bbox 1479 1634 1515 1689; x_wconf 74' lang='grc' dir='ltr'>ἃ</span> <span class='ocrx_word' id='word_1_199' title='bbox 1551 1636 1811 1706; x_wconf 84' lang='grc' dir='ltr'>πέπραχα</span> 
     </span>
    </p>
   </div>
   <div class='ocr_carea' id='block_1_29' title="bbox 253 1723 1814 1798">
    <p class='ocr_par' dir='ltr' id='par_1_29' title="bbox 253 1723 1814 1798">
     <span class='ocr_line' id='line_1_29' title="bbox 253 1723 1814 1798; baseline 0.009 -25"><span class='ocrx_word' id='word_1_200' title='bbox 253 1723 464 1794; x_wconf 76' lang='grc' dir='ltr'>πονηρὰ,</span> <span class='ocrx_word' id='word_1_201' title='bbox 534 1724 631 1776; x_wconf 73' lang='grc' dir='ltr'><strong>καὶ</strong></span> <span class='ocrx_word' id='word_1_202' title='bbox 698 1724 733 1778; x_wconf 76' lang='grc' dir='ltr'>ἃ</span> <span class='ocrx_word' id='word_1_203' title='bbox 796 1727 994 1798; x_wconf 83' lang='grc' dir='ltr'>πάσχω</span> <span class='ocrx_word' id='word_1_204' title='bbox 1083 1727 1255 1789; x_wconf 82' lang='grc' dir='ltr'>δεινὰ,</span> <span class='ocrx_word' id='word_1_205' title='bbox 1336 1729 1426 1782; x_wconf 60' lang='grc' dir='ltr'><strong>ἀεὶ⁵</strong></span> <span class='ocrx_word' id='word_1_206' title='bbox 1504 1729 1814 1798; x_wconf 74' lang='grc' dir='ltr'>ἀναφλεγή·</span> 
     </span>
    </p>
   </div>
   <div class='ocr_carea' id='block_1_30' title="bbox 1990 1538 3507 1609">
    <p class='ocr_par' dir='ltr' id='par_1_30' title="bbox 1990 1538 3507 1609">
     <span class='ocr_line' id='line_1_30' title="bbox 1990 1538 3507 1609; baseline 0.001 -18"><span class='ocrx_word' id='word_1_207' title='bbox 1990 1538 2060 1592; x_wconf 85' lang='lat' dir='ltr'><strong>Et</strong></span> <span class='ocrx_word' id='word_1_208' title='bbox 2085 1540 2138 1592; x_wconf 88' lang='lat' dir='ltr'><strong>in</strong></span> <span class='ocrx_word' id='word_1_209' title='bbox 2182 1539 2524 1594; x_wconf 85' lang='lat' dir='ltr'><strong>meditatione</strong></span> <span class='ocrx_word' id='word_1_210' title='bbox 2576 1556 2692 1592; x_wconf 76' lang='lat' dir='ltr'><strong>mea</strong></span> <span class='ocrx_word' id='word_1_211' title='bbox 2753 1538 3059 1592; x_wconf 71' lang='lat' dir='ltr'><strong>exardescet</strong></span> <span class='ocrx_word' id='word_1_212' title='bbox 3113 1539 3274 1609; x_wconf 80' lang='lat' dir='ltr'><strong>ignis.</strong></span> <span class='ocrx_word' id='word_1_213' title='bbox 3330 1538 3507 1594; x_wconf 78' lang='lat' dir='ltr'><strong>Medi-</strong></span> 
     </span>
    </p>
   </div>
   <div class='ocr_carea' id='block_1_31' title="bbox 1919 1633 3508 1703">
    <p class='ocr_par' dir='ltr' id='par_1_31' title="bbox 1919 1633 3508 1703">
     <span class='ocr_line' id='line_1_31' title="bbox 1919 1633 3508 1703; baseline -0.001 -12"><span class='ocrx_word' id='word_1_214' title='bbox 1919 1637 2110 1699; x_wconf 89' lang='lat' dir='ltr'><strong>tando,</strong></span> <span class='ocrx_word' id='word_1_215' title='bbox 2145 1633 2345 1702; x_wconf 87' lang='lat' dir='ltr'><strong>inquit,</strong></span> <span class='ocrx_word' id='word_1_216' title='bbox 2398 1641 2453 1688; x_wconf 92' lang='lat' dir='ltr'><strong>et</strong></span> <span class='ocrx_word' id='word_1_217' title='bbox 2514 1633 2844 1688; x_wconf 83' lang='lat' dir='ltr'><strong>rcvolvendo</strong></span> <span class='ocrx_word' id='word_1_218' title='bbox 2899 1649 3067 1702; x_wconf 90' lang='lat' dir='ltr'><strong>prava</strong></span> <span class='ocrx_word' id='word_1_219' title='bbox 3136 1649 3326 1702; x_wconf 81' lang='lat' dir='ltr'><strong>opera.</strong></span> <span class='ocrx_word' id='word_1_220' title='bbox 3383 1650 3508 1703; x_wconf 67' lang='lat' dir='ltr'><strong>quae</strong></span> 
     </span>
    </p>
   </div>
   <div class='ocr_carea' id='block_1_32' title="bbox 1916 1728 3504 1796">
    <p class='ocr_par' dir='ltr' id='par_1_32' title="bbox 1916 1728 3504 1796">
     <span class='ocr_line' id='line_1_32' title="bbox 1916 1728 3504 1796; baseline -0.002 -11"><span class='ocrx_word' id='word_1_221' title='bbox 1916 1729 2194 1794; x_wconf 83' lang='lat' dir='ltr'><strong>commisi,</strong></span> <span class='ocrx_word' id='word_1_222' title='bbox 2228 1736 2282 1782; x_wconf 89' lang='lat' dir='ltr'><strong>et</strong></span> <span class='ocrx_word' id='word_1_223' title='bbox 2311 1728 2453 1781; x_wconf 84' lang='lat' dir='ltr'><strong>mala</strong></span> <span class='ocrx_word' id='word_1_224' title='bbox 2481 1743 2603 1796; x_wconf 75' lang='lat' dir='ltr'><strong>quae</strong></span> <span class='ocrx_word' id='word_1_225' title='bbox 2631 1728 2834 1796; x_wconf 86' lang='lat' dir='ltr'><strong>patior,</strong></span> <span class='ocrx_word' id='word_1_226' title='bbox 2870 1742 3088 1796; x_wconf 79' lang='lat' dir='ltr'><strong>semper</strong></span> <span class='ocrx_word' id='word_1_227' title='bbox 3134 1742 3220 1782; x_wconf 89' lang='lat' dir='ltr'><strong>me</strong></span> <span class='ocrx_word' id='word_1_228' title='bbox 3249 1728 3504 1782; x_wconf 88' lang='lat' dir='ltr'><strong>dolorum</strong></span> 
     </span>
    </p>
   </div>
   <div class='ocr_carea' id='block_1_33' title="bbox 251 1817 1814 1904">
    <p class='ocr_par' dir='ltr' id='par_1_33' title="bbox 251 1817 1808 1894">
     <span class='ocr_line' id='line_1_33' title="bbox 251 1817 1808 1894; baseline 0.005 -27"><span class='ocrx_word' id='word_1_229' title='bbox 251 1817 388 1869; x_wconf 73' lang='grc' dir='ltr'>σεταέ</span> <span class='ocrx_word' id='word_1_230' title='bbox 467 1835 557 1887; x_wconf 85' lang='grc' dir='ltr'>μοι</span> <span class='ocrx_word' id='word_1_231' title='bbox 637 1818 750 1890; x_wconf 80' lang='grc' dir='ltr'><strong>πῦρ</strong></span> <span class='ocrx_word' id='word_1_232' title='bbox 825 1819 1027 1889; x_wconf 80' lang='grc' dir='ltr'><strong>λύπης,</strong></span> <span class='ocrx_word' id='word_1_233' title='bbox 1109 1822 1410 1894; x_wconf 79' lang='grc' dir='ltr'>ὲμπιπρῶν</span> <span class='ocrx_word' id='word_1_234' title='bbox 1484 1823 1586 1892; x_wconf 80' lang='grc' dir='ltr'>τὴν</span> <span class='ocrx_word' id='word_1_235' title='bbox 1667 1822 1808 1894; x_wconf 77' lang='grc' dir='ltr'><strong>ἐμὴν</strong></span> 
     </span>
    </p>
   </div>
   <div class='ocr_carea' id='block_1_34' title="bbox 1925 1817 3506 1904">
    <p class='ocr_par' dir='ltr' id='par_1_34' title="bbox 1925 1821 3506 1891">
     <span class='ocr_line' id='line_1_34' title="bbox 1925 1821 3506 1891; baseline -0.001 -15"><span class='ocrx_word' id='word_1_236' title='bbox 1925 1838 2158 1878; x_wconf 79' lang='lat' dir='ltr'><strong>meorum</strong></span> <span class='ocrx_word' id='word_1_237' title='bbox 2218 1823 2360 1891; x_wconf 76' lang='lat' dir='ltr'><strong>ignis</strong></span> <span class='ocrx_word' id='word_1_238' title='bbox 2409 1822 2873 1886; x_wconf 82' lang='lat' dir='ltr'><strong>intlammahit,et</strong></span> <span class='ocrx_word' id='word_1_239' title='bbox 2912 1822 3108 1875; x_wconf 83' lang='lat' dir='ltr'><strong>anima:</strong></span> <span class='ocrx_word' id='word_1_240' title='bbox 3163 1821 3506 1877; x_wconf 75' lang='lat' dir='ltr'><strong>memincen-</strong></span> 
     </span>
    </p>
   </div>
   <div class='ocr_carea' id='block_1_35' title="bbox 245 1910 427 1978">
    <p class='ocr_par' dir='ltr' id='par_1_35' title="bbox 245 1910 427 1978">
     <span class='ocr_line' id='line_1_35' title="bbox 245 1910 427 1978; baseline 0.005 -1"><span class='ocrx_word' id='word_1_241' title='bbox 245 1910 427 1978; x_wconf 62' lang='grc' dir='ltr'><strong>ψυχήν.</strong></span> 
     </span>
    </p>
   </div>
   <div class='ocr_carea' id='block_1_36' title="bbox 310 2003 1812 2079">
    <p class='ocr_par' dir='ltr' id='par_1_36' title="bbox 310 2003 1812 2079">
     <span class='ocr_line' id='line_1_36' title="bbox 310 2003 1812 2079; baseline 0.003 -24"><span class='ocrx_word' id='word_1_242' title='bbox 310 2003 616 2070; x_wconf 72' lang='grc' dir='ltr'><strong>Ἥ.1ά.1ησ¹α</strong></span> <span class='ocrx_word' id='word_1_243' title='bbox 645 2004 716 2060; x_wconf 82' lang='grc' dir='ltr'><strong>ἐν</strong></span> <span class='ocrx_word' id='word_1_244' title='bbox 753 2007 1008 2076; x_wconf 66' lang='grc' dir='ltr'>γλώσσῃ</span> <span class='ocrx_word' id='word_1_245' title='bbox 1056 2024 1197 2076; x_wconf 75' lang='grc' dir='ltr'>μου.</span> <span class='ocrx_word' id='word_1_246' title='bbox 1254 2007 1400 2079; x_wconf 79' lang='grc' dir='ltr'>Πρὸς</span> <span class='ocrx_word' id='word_1_247' title='bbox 1436 2009 1537 2078; x_wconf 79' lang='grc' dir='ltr'><strong>μὲν</strong></span> <span class='ocrx_word' id='word_1_248' title='bbox 1571 2007 1662 2062; x_wconf 78' lang='grc' dir='ltr'><strong>τὸν</strong></span> <span class='ocrx_word' id='word_1_249' title='bbox 1722 2009 1812 2078; x_wconf 67' lang='lat' dir='ltr'><strong>tx-</strong></span> 
     </span>
    </p>
   </div>
   <div class='ocr_carea' id='block_1_37' title="bbox 245 2097 1813 2171">
    <p class='ocr_par' dir='ltr' id='par_1_37' title="bbox 245 2097 1813 2171">
     <span class='ocr_line' id='line_1_37' title="bbox 245 2097 1813 2171; baseline 0.004 -25"><span class='ocrx_word' id='word_1_250' title='bbox 245 2097 364 2162; x_wconf 77' lang='grc' dir='ltr'>Ορὸν</span> <span class='ocrx_word' id='word_1_251' title='bbox 394 2139 408 2161; x_wconf 90' lang='grc'><strong>,</strong></span> <span class='ocrx_word' id='word_1_252' title='bbox 445 2099 671 2168; x_wconf 76' lang='grc' dir='ltr'>ἐσίγησε</span> <span class='ocrx_word' id='word_1_253' title='bbox 695 2115 709 2130; x_wconf 75' lang='grc' dir='ltr'><strong>ο</strong></span> <span class='ocrx_word' id='word_1_254' title='bbox 740 2099 875 2170; x_wconf 78' lang='grc' dir='ltr'>πρὸς</span> <span class='ocrx_word' id='word_1_255' title='bbox 909 2100 967 2153; x_wconf 81' lang='grc' dir='ltr'><strong>δὲ</strong></span> <span class='ocrx_word' id='word_1_256' title='bbox 1010 2100 1104 2153; x_wconf 80' lang='grc' dir='ltr'><strong>τὸν</strong></span> <span class='ocrx_word' id='word_1_257' title='bbox 1168 2099 1327 2167; x_wconf 80' lang='grc' dir='ltr'>Θεὸν,</span> <span class='ocrx_word' id='word_1_258' title='bbox 1367 2100 1650 2171; x_wconf 67' lang='grc' dir='ltr'>ιλάλησεν.</span> <span class='ocrx_word' id='word_1_259' title='bbox 1722 2100 1813 2152; x_wconf 85' lang='grc' dir='ltr'>Ἐν</span> 
     </span>
    </p>
   </div>
   <div class='ocr_carea' id='block_1_38' title="bbox 245 2186 1812 2263">
    <p class='ocr_par' dir='ltr' id='par_1_38' title="bbox 245 2186 1812 2263">
     <span class='ocr_line' id='line_1_38' title="bbox 245 2186 1812 2263; baseline 0.006 -27"><span class='ocrx_word' id='word_1_260' title='bbox 245 2186 448 2261; x_wconf 81' lang='grc' dir='ltr'>γλώσσῃ</span> <span class='ocrx_word' id='word_1_261' title='bbox 473 2205 576 2256; x_wconf 82' lang='grc' dir='ltr'><strong>μου</strong></span> <span class='ocrx_word' id='word_1_262' title='bbox 609 2188 777 2253; x_wconf 51' lang='lat' dir='ltr'><strong>suo;</strong></span> <span class='ocrx_word' id='word_1_263' title='bbox 831 2191 890 2243; x_wconf 81' lang='grc' dir='ltr'>ὲν</span> <span class='ocrx_word' id='word_1_264' title='bbox 936 2189 1274 2263; x_wconf 75' lang='grc' dir='ltr'>ψιθυρισμῷ.</span> <span class='ocrx_word' id='word_1_265' title='bbox 1335 2189 1467 2246; x_wconf 85' lang='grc' dir='ltr'><strong>Εἶτα</strong></span> <span class='ocrx_word' id='word_1_266' title='bbox 1521 2191 1667 2260; x_wconf 81' lang='grc' dir='ltr'>λέγει</span> <span class='ocrx_word' id='word_1_267' title='bbox 1716 2193 1812 2246; x_wconf 73' lang='grc' dir='ltr'><strong>καὶ</strong></span> 
     </span>
    </p>
   </div>
   <div class='ocr_carea' id='block_1_39' title="bbox 243 2279 561 2349">
    <p class='ocr_par' dir='ltr' id='par_1_39' title="bbox 243 2279 561 2349">
     <span class='ocr_line' id='line_1_39' title="bbox 243 2279 561 2349; baseline 0.016 -19"><span class='ocrx_word' id='word_1_268' title='bbox 243 2279 287 2332; x_wconf 84' lang='grc' dir='ltr'><strong>τί</strong></span> <span class='ocrx_word' id='word_1_269' title='bbox 315 2280 561 2349; x_wconf 77' lang='grc' dir='ltr'>ἐλάλησε.</span> 
     </span>
    </p>
   </div>
   <div class='ocr_carea' id='block_1_40' title="bbox 301 2557 1812 2635">
    <p class='ocr_par' dir='ltr' id='par_1_40' title="bbox 301 2557 1812 2635">
     <span class='ocr_line' id='line_1_40' title="bbox 301 2557 1812 2635; baseline 0.007 -24"><span class='ocrx_word' id='word_1_270' title='bbox 301 2557 616 2627; x_wconf 69' lang='grc' dir='ltr'><strong>Γνιὶφισὸν</strong></span> <span class='ocrx_word' id='word_1_271' title='bbox 670 2578 794 2630; x_wconf 84' lang='grc' dir='ltr'>μοι,</span> <span class='ocrx_word' id='word_1_272' title='bbox 851 2563 1051 2632; x_wconf 75' lang='grc' dir='ltr'>Κύριε,</span> <span class='ocrx_word' id='word_1_273' title='bbox 1107 2563 1173 2617; x_wconf 81' lang='grc' dir='ltr'>τὸ</span> <span class='ocrx_word' id='word_1_274' title='bbox 1226 2564 1413 2635; x_wconf 67' lang='grc' dir='ltr'>πέρας</span> <span class='ocrx_word' id='word_1_275' title='bbox 1476 2584 1616 2635; x_wconf 85' lang='grc' dir='ltr'>μου.</span> <span class='ocrx_word' id='word_1_276' title='bbox 1672 2566 1812 2621; x_wconf 81' lang='grc' dir='ltr'>Πότε</span> 
     </span>
    </p>
   </div>
   <div class='ocr_carea' id='block_1_41' title="bbox 233 2650 1814 2728">
    <p class='ocr_par' dir='ltr' id='par_1_41' title="bbox 233 2650 1814 2728">
     <span class='ocr_line' id='line_1_41' title="bbox 233 2650 1814 2728; baseline 0.008 -26"><span class='ocrx_word' id='word_1_277' title='bbox 233 2650 414 2716; x_wconf 69' lang='grc' dir='ltr'>ἔσται,</span> <span class='ocrx_word' id='word_1_278' title='bbox 471 2653 507 2723; x_wconf 78' lang='grc' dir='ltr'>ἢ</span> <span class='ocrx_word' id='word_1_279' title='bbox 568 2654 754 2707; x_wconf 81' lang='grc' dir='ltr'>ὁποῖον</span> <span class='ocrx_word' id='word_1_280' title='bbox 829 2653 985 2709; x_wconf 75' lang='grc' dir='ltr'><strong>ἔσται</strong></span> <span class='ocrx_word' id='word_1_281' title='bbox 1022 2673 1038 2688; x_wconf 89' lang='grc'><strong>·</strong></span> <span class='ocrx_word' id='word_1_282' title='bbox 1101 2656 1283 2728; x_wconf 82' lang='grc' dir='ltr'><strong>Μέχρι</strong></span> <span class='ocrx_word' id='word_1_283' title='bbox 1360 2657 1470 2728; x_wconf 70' lang='grc' dir='ltr'>γὰρ</span> <span class='ocrx_word' id='word_1_284' title='bbox 1559 2659 1690 2713; x_wconf 80' lang='grc' dir='ltr'>πότε</span> <span class='ocrx_word' id='word_1_285' title='bbox 1746 2660 1814 2714; x_wconf 79' lang='grc' dir='ltr'>τὰ</span> 
     </span>
    </p>
   </div>
   <div class='ocr_carea' id='block_1_42' title="bbox 233 2743 490 2817">
    <p class='ocr_par' dir='ltr' id='par_1_42' title="bbox 233 2743 490 2817">
     <span class='ocr_line' id='line_1_42' title="bbox 233 2743 490 2817; baseline -0.023 0"><span class='ocrx_word' id='word_1_286' title='bbox 233 2743 446 2817; x_wconf 80' lang='grc' dir='ltr'>λυπηρά</span> <span class='ocrx_word' id='word_1_287' title='bbox 472 2761 490 2811; x_wconf 75' lang='grc' dir='ltr'>ς</span> 
     </span>
    </p>
   </div>
   <div class='ocr_carea' id='block_1_43' title="bbox 300 2840 1818 2916">
    <p class='ocr_par' dir='ltr' id='par_1_43' title="bbox 300 2840 1818 2916">
     <span class='ocr_line' id='line_1_43' title="bbox 300 2840 1818 2916; baseline 0.005 -21"><span class='ocrx_word' id='word_1_288' title='bbox 300 2841 405 2896; x_wconf 73' lang='grc' dir='ltr'><strong>Καὶ</strong></span> <span class='ocrx_word' id='word_1_289' title='bbox 437 2841 542 2896; x_wconf 76' lang='grc' dir='ltr'>τὸν</span> <span class='ocrx_word' id='word_1_290' title='bbox 556 2840 809 2910; x_wconf 75' lang='grc' dir='ltr'><strong>ἀριθμὸν</strong></span> <span class='ocrx_word' id='word_1_291' title='bbox 830 2840 950 2897; x_wconf 69' lang='grc' dir='ltr'><strong>τῶν</strong></span> <span class='ocrx_word' id='word_1_292' title='bbox 972 2843 1209 2914; x_wconf 73' lang='grc' dir='ltr'>ἡμερῶν</span> <span class='ocrx_word' id='word_1_293' title='bbox 1231 2863 1351 2916; x_wconf 84' lang='grc' dir='ltr'>μου</span> <span class='ocrx_word' id='word_1_294' title='bbox 1372 2845 1464 2913; x_wconf 74' lang='grc' dir='ltr'><strong>τίς</strong></span> <span class='ocrx_word' id='word_1_295' title='bbox 1484 2847 1680 2914; x_wconf 78' lang='grc' dir='ltr'>ἐστιν,</span> <span class='ocrx_word' id='word_1_296' title='bbox 1715 2848 1818 2903; x_wconf 72' lang='grc' dir='ltr'><strong>ἵνα</strong></span> 
     </span>
    </p>
   </div>
   <div class='ocr_carea' id='block_1_44' title="bbox 230 2933 1819 3015">
    <p class='ocr_par' dir='ltr' id='par_1_44' title="bbox 230 2933 1819 3015">
     <span class='ocr_line' id='line_1_44' title="bbox 230 2933 1819 3015; baseline 0.004 -26"><span class='ocrx_word' id='word_1_297' title='bbox 230 2933 369 3002; x_wconf 76' lang='grc' dir='ltr'>γνῶ,</span> <span class='ocrx_word' id='word_1_298' title='bbox 396 2936 454 2990; x_wconf 82' lang='grc' dir='ltr'><strong>τί</strong></span> <span class='ocrx_word' id='word_1_299' title='bbox 502 2933 764 3004; x_wconf 81' lang='grc' dir='ltr'>ὑστερῶ.</span> <span class='ocrx_word' id='word_1_300' title='bbox 809 2937 923 2991; x_wconf 75' lang='grc' dir='ltr'><strong>Καὶ</strong></span> <span class='ocrx_word' id='word_1_301' title='bbox 956 2936 1228 3009; x_wconf 83' lang='grc' dir='ltr'>γνὼρισόν</span> <span class='ocrx_word' id='word_1_302' title='bbox 1296 2957 1388 3010; x_wconf 87' lang='grc' dir='ltr'>μοι</span> <span class='ocrx_word' id='word_1_303' title='bbox 1450 2939 1544 2994; x_wconf 79' lang='grc' dir='ltr'>τὸν</span> <span class='ocrx_word' id='word_1_304' title='bbox 1583 2941 1819 3015; x_wconf 69' lang='grc' dir='ltr'>ἀριβμδν</span> 
     </span>
    </p>
   </div>
   <div class='ocr_carea' id='block_1_45' title="bbox 228 3027 1818 3108">
    <p class='ocr_par' dir='ltr' id='par_1_45' title="bbox 228 3027 1818 3108">
     <span class='ocr_line' id='line_1_45' title="bbox 228 3027 1818 3108; baseline 0.008 -29"><span class='ocrx_word' id='word_1_305' title='bbox 228 3027 334 3080; x_wconf 81' lang='grc' dir='ltr'>τῶν</span> <span class='ocrx_word' id='word_1_306' title='bbox 357 3029 590 3098; x_wconf 76' lang='grc' dir='ltr'>ἡμερῶν</span> <span class='ocrx_word' id='word_1_307' title='bbox 611 3029 715 3099; x_wconf 75' lang='grc' dir='ltr'>τῆς</span> <span class='ocrx_word' id='word_1_308' title='bbox 750 3029 881 3097; x_wconf 85' lang='grc' dir='ltr'>ὅλης</span> <span class='ocrx_word' id='word_1_309' title='bbox 911 3049 1016 3101; x_wconf 81' lang='grc' dir='ltr'><strong>μου</strong></span> <span class='ocrx_word' id='word_1_310' title='bbox 1063 3032 1227 3102; x_wconf 80' lang='grc' dir='ltr'>ζωῆς,</span> <span class='ocrx_word' id='word_1_311' title='bbox 1274 3034 1443 3099; x_wconf 76' lang='grc' dir='ltr'>πόσος</span> <span class='ocrx_word' id='word_1_312' title='bbox 1486 3035 1604 3090; x_wconf 70' lang='grc' dir='ltr'>ἐστὶ</span> <span class='ocrx_word' id='word_1_313' title='bbox 1679 3037 1818 3108; x_wconf 83' lang='grc' dir='ltr'><strong>σύμ-</strong></span> 
     </span>
    </p>
   </div>
   <div class='ocr_carea' id='block_1_46' title="bbox 229 3119 1815 3195">
    <p class='ocr_par' dir='ltr' id='par_1_46' title="bbox 229 3119 1815 3195">
     <span class='ocr_line' id='line_1_46' title="bbox 229 3119 1815 3195; baseline 0.008 -25"><span class='ocrx_word' id='word_1_314' title='bbox 229 3135 354 3185; x_wconf 78' lang='grc' dir='ltr'>πας,</span> <span class='ocrx_word' id='word_1_315' title='bbox 391 3119 479 3174; x_wconf 80' lang='grc' dir='ltr'><strong>ἵνα</strong></span> <span class='ocrx_word' id='word_1_316' title='bbox 511 3119 939 3193; x_wconf 71' lang='grc' dir='ltr'>συναριθμήσας</span> <span class='ocrx_word' id='word_1_317' title='bbox 974 3123 1045 3176; x_wconf 82' lang='grc' dir='ltr'>τὰ</span> <span class='ocrx_word' id='word_1_318' title='bbox 1081 3123 1176 3192; x_wconf 73' lang='grc' dir='ltr'><strong>ἔτη</strong></span> <span class='ocrx_word' id='word_1_319' title='bbox 1209 3124 1313 3178; x_wconf 82' lang='grc' dir='ltr'><strong>ὅσα</strong></span> <span class='ocrx_word' id='word_1_320' title='bbox 1339 3125 1503 3195; x_wconf 76' lang='grc' dir='ltr'>μέχρι</span> <span class='ocrx_word' id='word_1_321' title='bbox 1567 3129 1662 3182; x_wconf 85' lang='grc' dir='ltr'>τοῦ</span> <span class='ocrx_word' id='word_1_322' title='bbox 1719 3129 1815 3182; x_wconf 80' lang='grc' dir='ltr'>νῦν</span> 
     </span>
    </p>
   </div>
   <div class='ocr_carea' id='block_1_47' title="bbox 226 3209 1809 3288">
    <p class='ocr_par' dir='ltr' id='par_1_47' title="bbox 226 3209 1809 3288">
     <span class='ocr_line' id='line_1_47' title="bbox 226 3209 1809 3288; baseline 0.006 -25"><span class='ocrx_word' id='word_1_323' title='bbox 226 3209 415 3282; x_wconf 72' lang='grc' dir='ltr'><strong>ἔζησα,</strong></span> <span class='ocrx_word' id='word_1_324' title='bbox 449 3210 766 3282; x_wconf 85' lang='grc' dir='ltr'>γνώσωμαι</span> <span class='ocrx_word' id='word_1_325' title='bbox 803 3215 864 3267; x_wconf 81' lang='grc' dir='ltr'><strong>τὸ</strong></span> <span class='ocrx_word' id='word_1_326' title='bbox 884 3212 1074 3268; x_wconf 82' lang='grc' dir='ltr'>λοιπόν</span> <span class='ocrx_word' id='word_1_327' title='bbox 1095 3231 1108 3244; x_wconf 88' lang='grc'>·</span> <span class='ocrx_word' id='word_1_328' title='bbox 1139 3214 1201 3268; x_wconf 77' lang='grc' dir='ltr'>τδ</span> <span class='ocrx_word' id='word_1_329' title='bbox 1231 3215 1342 3285; x_wconf 79' lang='grc' dir='ltr'><strong>γὰρ</strong></span> <span class='ocrx_word' id='word_1_330' title='bbox 1372 3218 1574 3288; x_wconf 77' lang='grc' dir='ltr'>μέτρον</span> <span class='ocrx_word' id='word_1_331' title='bbox 1602 3218 1809 3288; x_wconf 74' lang='grc' dir='ltr'>μαθὼν,</span> 
     </span>
    </p>
   </div>
   <div class='ocr_carea' id='block_1_48' title="bbox 225 3302 1814 3381">
    <p class='ocr_par' dir='ltr' id='par_1_48' title="bbox 225 3302 1814 3381">
     <span class='ocr_line' id='line_1_48' title="bbox 225 3302 1814 3381; baseline 0.004 -26"><span class='ocrx_word' id='word_1_332' title='bbox 225 3304 285 3357; x_wconf 81' lang='grc' dir='ltr'><strong>οὐ</strong></span> <span class='ocrx_word' id='word_1_333' title='bbox 334 3303 438 3376; x_wconf 79' lang='grc' dir='ltr'>τὴν</span> <span class='ocrx_word' id='word_1_334' title='bbox 481 3302 763 3375; x_wconf 76' lang='grc' dir='ltr'><strong>τυχοῦσαν</strong></span> <span class='ocrx_word' id='word_1_335' title='bbox 803 3305 1058 3360; x_wconf 75' lang='grc' dir='ltr'>ἐντεῦθεν</span> <span class='ocrx_word' id='word_1_336' title='bbox 1121 3307 1227 3372; x_wconf 75' lang='grc' dir='ltr'><strong>ἔξω</strong></span> <span class='ocrx_word' id='word_1_337' title='bbox 1290 3308 1649 3381; x_wconf 78' lang='grc' dir='ltr'><strong>παραμυθίαν</strong></span> <span class='ocrx_word' id='word_1_338' title='bbox 1703 3307 1814 3362; x_wconf 79' lang='grc' dir='ltr'>τῶν</span> 
     </span>
    </p>
   </div>
   <div class='ocr_carea' id='block_1_49' title="bbox 224 3397 1065 3468">
    <p class='ocr_par' dir='ltr' id='par_1_49' title="bbox 224 3397 1065 3468">
     <span class='ocr_line' id='line_1_49' title="bbox 224 3397 1065 3468; baseline 0.004 -19"><span class='ocrx_word' id='word_1_339' title='bbox 224 3398 596 3466; x_wconf 64' lang='grc' dir='ltr'>ἐπαγομένων</span> <span class='ocrx_word' id='word_1_340' title='bbox 625 3414 716 3468; x_wconf 79' lang='grc' dir='ltr'><strong>μοι</strong></span> <span class='ocrx_word' id='word_1_341' title='bbox 740 3397 1065 3468; x_wconf 79' lang='grc' dir='ltr'>συμφορῶν.</span> 
     </span>
    </p>
   </div>
   <div class='ocr_carea' id='block_1_50' title="bbox 290 3488 1814 3563">
    <p class='ocr_par' dir='ltr' id='par_1_50' title="bbox 290 3488 1814 3563">
     <span class='ocr_line' id='line_1_50' title="bbox 290 3488 1814 3563; baseline 0.003 -20"><span class='ocrx_word' id='word_1_342' title='bbox 290 3488 447 3543; x_wconf 79' lang='grc' dir='ltr'><strong>Ἰδοὺ</strong></span> <span class='ocrx_word' id='word_1_343' title='bbox 473 3489 822 3557; x_wconf 70' lang='grc' dir='ltr'>παλαιστὰς</span> <span class='ocrx_word' id='word_1_344' title='bbox 865 3488 1008 3545; x_wconf 77' lang='grc' dir='ltr'>ἔθου</span> <span class='ocrx_word' id='word_1_345' title='bbox 1040 3491 1147 3557; x_wconf 85' lang='grc' dir='ltr'>τὰς</span> <span class='ocrx_word' id='word_1_346' title='bbox 1176 3491 1401 3561; x_wconf 79' lang='grc' dir='ltr'><strong>ἡμέρας</strong></span> <span class='ocrx_word' id='word_1_347' title='bbox 1426 3511 1568 3563; x_wconf 77' lang='grc' dir='ltr'>μου.</span> <span class='ocrx_word' id='word_1_348' title='bbox 1622 3493 1814 3563; x_wconf 83' lang='grc' dir='ltr'>Μέτρα</span> 
     </span>
    </p>
   </div>
   <div class='ocr_carea' id='block_1_51' title="bbox 219 3580 1811 3658">
    <p class='ocr_par' dir='ltr' id='par_1_51' title="bbox 219 3580 1811 3658">
     <span class='ocr_line' id='line_1_51' title="bbox 219 3580 1811 3658; baseline 0.006 -25"><span class='ocrx_word' id='word_1_349' title='bbox 219 3580 304 3634; x_wconf 70' lang='grc' dir='ltr'><strong>διὰ</strong></span> <span class='ocrx_word' id='word_1_350' title='bbox 317 3583 506 3652; x_wconf 78' lang='grc' dir='ltr'>χειρός</span> <span class='ocrx_word' id='word_1_351' title='bbox 529 3583 697 3644; x_wconf 83' lang='grc' dir='ltr'>εἰσιν,</span> <span class='ocrx_word' id='word_1_352' title='bbox 719 3582 938 3652; x_wconf 82' lang='grc' dir='ltr'>ὀργυιὰ,</span> <span class='ocrx_word' id='word_1_353' title='bbox 963 3583 1169 3654; x_wconf 79' lang='grc' dir='ltr'>πῆχυς,</span> <span class='ocrx_word' id='word_1_354' title='bbox 1191 3586 1519 3653; x_wconf 83' lang='grc' dir='ltr'>παλαιστὴς,</span> <span class='ocrx_word' id='word_1_355' title='bbox 1540 3586 1811 3658; x_wconf 79' lang='grc' dir='ltr'><strong>σπιθαμή.</strong></span> 
     </span>
    </p>
   </div>
   <div class='ocr_carea' id='block_1_52' title="bbox 227 3672 1813 3752">
    <p class='ocr_par' dir='ltr' id='par_1_52' title="bbox 227 3672 1813 3752">
     <span class='ocr_line' id='line_1_52' title="bbox 227 3672 1813 3752; baseline 0.006 -26"><span class='ocrx_word' id='word_1_356' title='bbox 227 3675 407 3728; x_wconf 78' lang='grc' dir='ltr'>Ἔστιν</span> <span class='ocrx_word' id='word_1_357' title='bbox 433 3672 532 3731; x_wconf 84' lang='grc' dir='ltr'><strong>οὖν</strong></span> <span class='ocrx_word' id='word_1_358' title='bbox 558 3677 589 3729; x_wconf 72' lang='grc' dir='ltr'>ὁ</span> <span class='ocrx_word' id='word_1_359' title='bbox 611 3675 918 3744; x_wconf 76' lang='grc' dir='ltr'>παλαιστὴς</span> <span class='ocrx_word' id='word_1_360' title='bbox 950 3675 1013 3729; x_wconf 70' lang='grc' dir='ltr'><strong>τι</strong></span> <span class='ocrx_word' id='word_1_361' title='bbox 1036 3678 1255 3731; x_wconf 75' lang='grc' dir='ltr'>πάντων</span> <span class='ocrx_word' id='word_1_362' title='bbox 1277 3679 1485 3734; x_wconf 83' lang='grc' dir='ltr'>τούτων</span> <span class='ocrx_word' id='word_1_363' title='bbox 1511 3681 1813 3752; x_wconf 78' lang='grc' dir='ltr'>ἐλάχιστον,</span> 
     </span>
    </p>
   </div>
   <div class='ocr_carea' id='block_1_53' title="bbox 216 3767 1816 3843">
    <p class='ocr_par' dir='ltr' id='par_1_53' title="bbox 216 3767 1816 3843">
     <span class='ocr_line' id='line_1_53' title="bbox 216 3767 1816 3843; baseline 0.006 -23"><span class='ocrx_word' id='word_1_364' title='bbox 216 3767 274 3829; x_wconf 76' lang='grc' dir='ltr'>ὃς</span> <span class='ocrx_word' id='word_1_365' title='bbox 329 3768 696 3822; x_wconf 80' lang='grc' dir='ltr'><strong>ἀποτελεῖται</strong></span> <span class='ocrx_word' id='word_1_366' title='bbox 753 3770 822 3838; x_wconf 80' lang='grc' dir='ltr'>τῇ</span> <span class='ocrx_word' id='word_1_367' title='bbox 850 3769 1129 3839; x_wconf 75' lang='grc' dir='ltr'>συμπήξει</span> <span class='ocrx_word' id='word_1_368' title='bbox 1182 3771 1348 3838; x_wconf 74' lang='grc' dir='ltr'>μόνον</span> <span class='ocrx_word' id='word_1_369' title='bbox 1388 3772 1498 3825; x_wconf 85' lang='grc' dir='ltr'><strong>τῶν</strong></span> <span class='ocrx_word' id='word_1_370' title='bbox 1529 3774 1816 3843; x_wconf 81' lang='grc' dir='ltr'>τεσσάρων</span> 
     </span>
    </p>
   </div>
   <div class='ocr_carea' id='block_1_54' title="bbox 218 3859 1817 3935">
    <p class='ocr_par' dir='ltr' id='par_1_54' title="bbox 218 3859 1817 3935">
     <span class='ocr_line' id='line_1_54' title="bbox 218 3859 1817 3935; baseline 0.008 -25"><span class='ocrx_word' id='word_1_371' title='bbox 218 3859 530 3925; x_wconf 81' lang='grc' dir='ltr'><strong>δακτύλων,</strong></span> <span class='ocrx_word' id='word_1_372' title='bbox 559 3861 928 3932; x_wconf 80' lang='grc' dir='ltr'>τριτημόριον</span> <span class='ocrx_word' id='word_1_373' title='bbox 960 3861 1021 3916; x_wconf 78' lang='grc' dir='ltr'>ὃν</span> <span class='ocrx_word' id='word_1_374' title='bbox 1046 3860 1148 3930; x_wconf 85' lang='grc' dir='ltr'>τῆς</span> <span class='ocrx_word' id='word_1_375' title='bbox 1182 3864 1481 3935; x_wconf 78' lang='grc' dir='ltr'><strong>σπιθαμῆς.</strong></span> <span class='ocrx_word' id='word_1_376' title='bbox 1519 3866 1618 3920; x_wconf 80' lang='grc' dir='ltr'><strong>Διὰ</strong></span> <span class='ocrx_word' id='word_1_377' title='bbox 1656 3867 1817 3924; x_wconf 78' lang='grc' dir='ltr'>τοῦτο</span> 
     </span>
    </p>
   </div>
   <div class='ocr_carea' id='block_1_55' title="bbox 213 3951 1815 4030">
    <p class='ocr_par' dir='ltr' id='par_1_55' title="bbox 213 3951 1815 4030">
     <span class='ocr_line' id='line_1_55' title="bbox 213 3951 1815 4030; baseline 0.008 -28"><span class='ocrx_word' id='word_1_378' title='bbox 213 3951 396 4005; x_wconf 77' lang='grc' dir='ltr'>τοίνυν</span> <span class='ocrx_word' id='word_1_379' title='bbox 423 3952 531 4020; x_wconf 75' lang='grc' dir='ltr'>τὴν</span> <span class='ocrx_word' id='word_1_380' title='bbox 559 3952 859 4022; x_wconf 77' lang='grc' dir='ltr'><strong>ὀλιγότητα</strong></span> <span class='ocrx_word' id='word_1_381' title='bbox 882 3953 978 4007; x_wconf 85' lang='grc' dir='ltr'>τοῦ</span> <span class='ocrx_word' id='word_1_382' title='bbox 999 3954 1206 4025; x_wconf 78' lang='grc' dir='ltr'>μέτρου</span> <span class='ocrx_word' id='word_1_383' title='bbox 1233 3956 1334 4025; x_wconf 80' lang='grc' dir='ltr'>τῆς</span> <span class='ocrx_word' id='word_1_384' title='bbox 1349 3957 1637 4012; x_wconf 74' lang='grc' dir='ltr'>ἐπιλοίπου</span> <span class='ocrx_word' id='word_1_385' title='bbox 1667 3959 1815 4030; x_wconf 81' lang='grc' dir='ltr'>ζωῆς</span> 
     </span>
    </p>
   </div>
   <div class='ocr_carea' id='block_1_56' title="bbox 214 4043 1813 4122">
    <p class='ocr_par' dir='ltr' id='par_1_56' title="bbox 214 4043 1813 4122">
     <span class='ocr_line' id='line_1_56' title="bbox 214 4043 1813 4122; baseline 0.007 -28"><span class='ocrx_word' id='word_1_386' title='bbox 214 4043 384 4098; x_wconf 80' lang='grc' dir='ltr'>αὐτοῦ</span> <span class='ocrx_word' id='word_1_387' title='bbox 435 4044 820 4115; x_wconf 80' lang='grc' dir='ltr'>παρέστησεν,</span> <span class='ocrx_word' id='word_1_388' title='bbox 858 4045 1166 4110; x_wconf 81' lang='grc' dir='ltr'>παλαιστὰς</span> <span class='ocrx_word' id='word_1_389' title='bbox 1213 4048 1388 4103; x_wconf 86' lang='grc' dir='ltr'>είπὼν</span> <span class='ocrx_word' id='word_1_390' title='bbox 1437 4050 1536 4113; x_wconf 72' lang='grc' dir='ltr'>τὰς</span> <span class='ocrx_word' id='word_1_391' title='bbox 1568 4051 1813 4122; x_wconf 80' lang='grc' dir='ltr'>ἡμέρας,</span> 
     </span>
    </p>
   </div>
   <div class='ocr_carea' id='block_1_57' title="bbox 214 4137 1814 4216">
    <p class='ocr_par' dir='ltr' id='par_1_57' title="bbox 214 4137 1814 4216">
     <span class='ocr_line' id='line_1_57' title="bbox 214 4137 1814 4216; baseline 0.007 -28"><span class='ocrx_word' id='word_1_392' title='bbox 214 4137 338 4190; x_wconf 76' lang='grc' dir='ltr'>ἀντὶ</span> <span class='ocrx_word' id='word_1_393' title='bbox 356 4137 480 4203; x_wconf 80' lang='grc' dir='ltr'>τοῦ,</span> <span class='ocrx_word' id='word_1_394' title='bbox 514 4138 846 4208; x_wconf 73' lang='grc' dir='ltr'>ἐλαχίστους</span> <span class='ocrx_word' id='word_1_395' title='bbox 876 4140 957 4203; x_wconf 89' lang='grc' dir='ltr'>εἰς</span> <span class='ocrx_word' id='word_1_396' title='bbox 977 4140 1199 4210; x_wconf 82' lang='grc' dir='ltr'>μέτρον,</span> <span class='ocrx_word' id='word_1_397' title='bbox 1221 4141 1298 4204; x_wconf 86' lang='grc' dir='ltr'>ὡς</span> <span class='ocrx_word' id='word_1_398' title='bbox 1322 4143 1418 4195; x_wconf 77' lang='grc' dir='ltr'><strong>καὶ</strong></span> <span class='ocrx_word' id='word_1_399' title='bbox 1443 4145 1471 4196; x_wconf 85' lang='grc' dir='ltr'><em>ὁ</em></span> <span class='ocrx_word' id='word_1_400' title='bbox 1492 4144 1814 4216; x_wconf 79' lang='grc' dir='ltr'>παλαιστής.</span> 
     </span>
    </p>
   </div>
   <div class='ocr_carea' id='block_1_58' title="bbox 212 4229 1814 4308">
    <p class='ocr_par' dir='ltr' id='par_1_58' title="bbox 212 4229 1814 4308">
     <span class='ocr_line' id='line_1_58' title="bbox 212 4229 1814 4308; baseline 0.006 -26"><span class='ocrx_word' id='word_1_401' title='bbox 212 4229 284 4282; x_wconf 82' lang='grc' dir='ltr'>Ἤ</span> <span class='ocrx_word' id='word_1_402' title='bbox 316 4233 709 4297; x_wconf 75' lang='grc' dir='ltr'>Παλαιστὰς,</span> <span class='ocrx_word' id='word_1_403' title='bbox 739 4232 864 4286; x_wconf 72' lang='grc' dir='ltr'>ἀντὶ</span> <span class='ocrx_word' id='word_1_404' title='bbox 894 4231 1012 4294; x_wconf 80' lang='grc' dir='ltr'>τοῦ,</span> <span class='ocrx_word' id='word_1_405' title='bbox 1047 4232 1436 4300; x_wconf 83' lang='grc' dir='ltr'>Ἑναγωνίους,</span> <span class='ocrx_word' id='word_1_406' title='bbox 1463 4235 1814 4308; x_wconf 76' lang='grc' dir='ltr'>ἐπιμόχθως,</span> 
     </span>
    </p>
   </div>
   <div class='ocr_carea' id='block_1_59' title="bbox 210 4320 1816 4395">
    <p class='ocr_par' dir='ltr' id='par_1_59' title="bbox 210 4320 1816 4395">
     <span class='ocr_line' id='line_1_59' title="bbox 210 4320 1816 4395; baseline 0.002 -19"><span class='ocrx_word' id='word_1_407' title='bbox 210 4320 394 4392; x_wconf 81' lang='grc' dir='ltr'>πάλης</span> <span class='ocrx_word' id='word_1_408' title='bbox 428 4322 673 4393; x_wconf 79' lang='grc' dir='ltr'>μεστὰςο</span> <span class='ocrx_word' id='word_1_409' title='bbox 706 4321 856 4391; x_wconf 83' lang='grc' dir='ltr'>λέγει</span> <span class='ocrx_word' id='word_1_410' title='bbox 881 4321 962 4389; x_wconf 74' lang='grc' dir='ltr'><strong>δὲ,</strong></span> <span class='ocrx_word' id='word_1_411' title='bbox 996 4323 1071 4387; x_wconf 82' lang='grc' dir='ltr'>ὡς</span> <span class='ocrx_word' id='word_1_412' title='bbox 1099 4325 1339 4395; x_wconf 78' lang='grc' dir='ltr'>εἴρηται,</span> <span class='ocrx_word' id='word_1_413' title='bbox 1376 4326 1476 4390; x_wconf 69' lang='grc' dir='ltr'>τὰς</span> <span class='ocrx_word' id='word_1_414' title='bbox 1507 4325 1772 4393; x_wconf 84' lang='grc' dir='ltr'>λιπούσας</span> <span class='ocrx_word' id='word_1_415' title='bbox 1799 4371 1816 4395; x_wconf 77' lang='grc'><strong>,</strong></span> 
     </span>
    </p>
   </div>
   <div class='ocr_carea' id='block_1_60' title="bbox 212 4410 1820 4487">
    <p class='ocr_par' dir='ltr' id='par_1_60' title="bbox 212 4410 1820 4487">
     <span class='ocr_line' id='line_1_60' title="bbox 212 4410 1820 4487; baseline 0.004 -24"><span class='ocrx_word' id='word_1_416' title='bbox 212 4413 308 4465; x_wconf 71' lang='grc' dir='ltr'><strong>καὶ</strong></span> <span class='ocrx_word' id='word_1_417' title='bbox 349 4413 439 4466; x_wconf 72' lang='grc' dir='ltr'>ὅτι</span> <span class='ocrx_word' id='word_1_418' title='bbox 473 4412 668 4481; x_wconf 82' lang='grc' dir='ltr'>ὀλίγον</span> <span class='ocrx_word' id='word_1_419' title='bbox 698 4410 1025 4483; x_wconf 78' lang='grc' dir='ltr'>ὲπιζήσεται</span> <span class='ocrx_word' id='word_1_420' title='bbox 1073 4411 1182 4467; x_wconf 82' lang='grc' dir='ltr'>οἶδε</span> <span class='ocrx_word' id='word_1_421' title='bbox 1206 4431 1221 4447; x_wconf 76' lang='grc' dir='ltr'><strong>ο</strong></span> <span class='ocrx_word' id='word_1_422' title='bbox 1264 4415 1399 4484; x_wconf 78' lang='grc' dir='ltr'><strong>φησὶ</strong></span> <span class='ocrx_word' id='word_1_423' title='bbox 1415 4413 1525 4486; x_wconf 72' lang='grc' dir='ltr'>γὰρ</span> <span class='ocrx_word' id='word_1_424' title='bbox 1550 4418 1608 4469; x_wconf 80' lang='grc' dir='ltr'>ὲν</span> <span class='ocrx_word' id='word_1_425' title='bbox 1642 4416 1820 4487; x_wconf 75' lang='grc' dir='ltr'>ἑτέρῳ</span> 
     </span>
    </p>
   </div>
   <div class='ocr_carea' id='block_1_61' title="bbox 1913 1913 2336 1982">
    <p class='ocr_par' dir='ltr' id='par_1_61' title="bbox 1913 1913 2336 1982">
     <span class='ocr_line' id='line_1_61' title="bbox 1913 1913 2336 1982; baseline 0 -14"><span class='ocrx_word' id='word_1_426' title='bbox 1913 1914 2062 1968; x_wconf 84' lang='lat' dir='ltr'><strong>dium</strong></span> <span class='ocrx_word' id='word_1_427' title='bbox 2096 1913 2336 1982; x_wconf 80' lang='lat' dir='ltr'><strong>augebit.</strong></span> 
     </span>
    </p>
   </div>
   <div class='ocr_carea' id='block_1_62' title="bbox 1988 2003 3506 2075">
    <p class='ocr_par' dir='ltr' id='par_1_62' title="bbox 1988 2003 3506 2075">
     <span class='ocr_line' id='line_1_62' title="bbox 1988 2003 3506 2075; baseline 0 -17"><span class='ocrx_word' id='word_1_428' title='bbox 1988 2004 2153 2060; x_wconf 76' lang='lat' dir='ltr'><strong>Vens.</strong></span> <span class='ocrx_word' id='word_1_429' title='bbox 2186 2007 2240 2061; x_wconf 82' lang='lat'><strong>5.</strong></span> <span class='ocrx_word' id='word_1_430' title='bbox 2284 2006 2512 2061; x_wconf 78' lang='lat' dir='ltr'><strong>Locutus</strong></span> <span class='ocrx_word' id='word_1_431' title='bbox 2541 2023 2659 2059; x_wconf 76' lang='lat' dir='ltr'><strong>sum</strong></span> <span class='ocrx_word' id='word_1_432' title='bbox 2681 2007 2735 2059; x_wconf 84' lang='lat' dir='ltr'><strong>in</strong></span> <span class='ocrx_word' id='word_1_433' title='bbox 2764 2006 2946 2074; x_wconf 81' lang='lat' dir='ltr'><strong>lingua</strong></span> <span class='ocrx_word' id='word_1_434' title='bbox 2981 2022 3119 2059; x_wconf 88' lang='lat' dir='ltr'><strong>mea.</strong></span> <span class='ocrx_word' id='word_1_435' title='bbox 3158 2003 3291 2075; x_wconf 72' lang='lat' dir='ltr'><strong>Erga</strong></span> <span class='ocrx_word' id='word_1_436' title='bbox 3317 2006 3506 2060; x_wconf 88' lang='lat' dir='ltr'><strong>inimi-</strong></span> 
     </span>
    </p>
   </div>
   <div class='ocr_carea' id='block_1_63' title="bbox 1915 2097 3508 2167">
    <p class='ocr_par' dir='ltr' id='par_1_63' title="bbox 1915 2097 3508 2167">
     <span class='ocr_line' id='line_1_63' title="bbox 1915 2097 3508 2167; baseline -0.001 -13"><span class='ocrx_word' id='word_1_437' title='bbox 1915 2115 2038 2154; x_wconf 91' lang='lat' dir='ltr'><strong>cum</strong></span> <span class='ocrx_word' id='word_1_438' title='bbox 2070 2098 2289 2167; x_wconf 84' lang='lat' dir='ltr'><strong>quidem</strong></span> <span class='ocrx_word' id='word_1_439' title='bbox 2320 2099 2511 2163; x_wconf 78' lang='lat' dir='ltr'><strong>tacuit,</strong></span> <span class='ocrx_word' id='word_1_440' title='bbox 2575 2107 2634 2151; x_wconf 92' lang='lat' dir='ltr'><strong>ut</strong></span> <span class='ocrx_word' id='word_1_441' title='bbox 2685 2098 2964 2152; x_wconf 85' lang='lat' dir='ltr'><strong>vidimus:</strong></span> <span class='ocrx_word' id='word_1_442' title='bbox 3019 2097 3086 2152; x_wconf 88' lang='lat' dir='ltr'><strong>ad</strong></span> <span class='ocrx_word' id='word_1_443' title='bbox 3151 2097 3317 2152; x_wconf 89' lang='lat' dir='ltr'><strong>Deum</strong></span> <span class='ocrx_word' id='word_1_444' title='bbox 3374 2112 3508 2153; x_wconf 86' lang='lat' dir='ltr'><strong>vero</strong></span> 
     </span>
    </p>
   </div>
   <div class='ocr_carea' id='block_1_64' title="bbox 1916 2191 3504 2262">
    <p class='ocr_par' dir='ltr' id='par_1_64' title="bbox 1916 2191 3504 2262">
     <span class='ocr_line' id='line_1_64' title="bbox 1916 2191 3504 2262; baseline 0 -15"><span class='ocrx_word' id='word_1_445' title='bbox 1916 2193 2139 2247; x_wconf 86' lang='lat' dir='ltr'><strong>locutus</strong></span> <span class='ocrx_word' id='word_1_446' title='bbox 2173 2200 2278 2246; x_wconf 89' lang='lat' dir='ltr'><strong>est.</strong></span> <span class='ocrx_word' id='word_1_447' title='bbox 2323 2191 2389 2245; x_wconf 86' lang='lat' dir='ltr'><strong>Et</strong></span> <span class='ocrx_word' id='word_1_448' title='bbox 2411 2192 2556 2262; x_wconf 87' lang='lat' dir='ltr'><strong>quod</strong></span> <span class='ocrx_word' id='word_1_449' title='bbox 2604 2193 2728 2257; x_wconf 89' lang='lat' dir='ltr'><strong>ait,</strong></span> <span class='ocrx_word' id='word_1_450' title='bbox 2784 2194 2836 2247; x_wconf 80' lang='lat' dir='ltr'><strong>in</strong></span> <span class='ocrx_word' id='word_1_451' title='bbox 2891 2193 3078 2262; x_wconf 80' lang='lat' dir='ltr'><strong>lingua</strong></span> <span class='ocrx_word' id='word_1_452' title='bbox 3145 2208 3288 2256; x_wconf 82' lang='lat' dir='ltr'><strong>mea,</strong></span> <span class='ocrx_word' id='word_1_453' title='bbox 3361 2192 3504 2247; x_wconf 87' lang='lat' dir='ltr'><strong>idem</strong></span> 
     </span>
    </p>
   </div>
   <div class='ocr_carea' id='block_1_65' title="bbox 1915 2281 3500 2350">
    <p class='ocr_par' dir='ltr' id='par_1_65' title="bbox 1915 2281 3500 2350">
     <span class='ocr_line' id='line_1_65' title="bbox 1915 2281 3500 2350; baseline -0.002 -12"><span class='ocrx_word' id='word_1_454' title='bbox 1915 2299 2066 2339; x_wconf 89' lang='lat' dir='ltr'><strong>nunc</strong></span> <span class='ocrx_word' id='word_1_455' title='bbox 2103 2283 2206 2338; x_wconf 86' lang='lat' dir='ltr'><strong>sibi</strong></span> <span class='ocrx_word' id='word_1_456' title='bbox 2234 2283 2371 2348; x_wconf 83' lang='lat' dir='ltr'><strong>vult,</strong></span> <span class='ocrx_word' id='word_1_457' title='bbox 2417 2297 2483 2337; x_wconf 91' lang='lat' dir='ltr'><strong>ac</strong></span> <span class='ocrx_word' id='word_1_458' title='bbox 2513 2282 2560 2339; x_wconf 88' lang='lat' dir='ltr'><strong>si</strong></span> <span class='ocrx_word' id='word_1_459' title='bbox 2622 2282 2849 2345; x_wconf 89' lang='lat' dir='ltr'><strong>diceret,</strong></span> <span class='ocrx_word' id='word_1_460' title='bbox 2916 2282 3136 2346; x_wconf 75' lang='lat' dir='ltr'><strong>sensim,</strong></span> <span class='ocrx_word' id='word_1_461' title='bbox 3194 2281 3402 2350; x_wconf 81' lang='lat' dir='ltr'><strong>quiete,</strong></span> <span class='ocrx_word' id='word_1_462' title='bbox 3433 2295 3500 2335; x_wconf 90' lang='lat' dir='ltr'><strong>ac</strong></span> 
     </span>
    </p>
   </div>
   <div class='ocr_carea' id='block_1_66' title="bbox 1913 2370 3498 2449">
    <p class='ocr_par' dir='ltr' id='par_1_66' title="bbox 1913 2370 3498 2449">
     <span class='ocr_line' id='line_1_66' title="bbox 1913 2370 3498 2449; baseline -0.003 -16"><span class='ocrx_word' id='word_1_463' title='bbox 1913 2379 2071 2449; x_wconf 85' lang='lat' dir='ltr'><strong>quasi</strong></span> <span class='ocrx_word' id='word_1_464' title='bbox 2103 2379 2157 2433; x_wconf 92' lang='lat' dir='ltr'><strong>in</strong></span> <span class='ocrx_word' id='word_1_465' title='bbox 2184 2392 2415 2432; x_wconf 88' lang='lat' dir='ltr'><strong>susurro</strong></span> <span class='ocrx_word' id='word_1_466' title='bbox 2445 2377 2665 2433; x_wconf 86' lang='lat' dir='ltr'><strong>locutus</strong></span> <span class='ocrx_word' id='word_1_467' title='bbox 2699 2391 2847 2432; x_wconf 92' lang='lat' dir='ltr'><strong>sum.</strong></span> <span class='ocrx_word' id='word_1_468' title='bbox 2893 2374 3100 2431; x_wconf 86' lang='lat' dir='ltr'><strong>Deinde</strong></span> <span class='ocrx_word' id='word_1_469' title='bbox 3155 2373 3314 2440; x_wconf 83' lang='lat' dir='ltr'><strong>dicit,</strong></span> <span class='ocrx_word' id='word_1_470' title='bbox 3364 2370 3498 2444; x_wconf 87' lang='lat' dir='ltr'><strong>quid</strong></span> 
     </span>
    </p>
   </div>
   <div class='ocr_carea' id='block_1_67' title="bbox 1915 2472 2260 2527">
    <p class='ocr_par' dir='ltr' id='par_1_67' title="bbox 1915 2472 2260 2527">
     <span class='ocr_line' id='line_1_67' title="bbox 1915 2472 2260 2527; baseline -0.006 -1"><span class='ocrx_word' id='word_1_471' title='bbox 1915 2473 2138 2526; x_wconf 81' lang='lat' dir='ltr'><strong>loeutus</strong></span> <span class='ocrx_word' id='word_1_472' title='bbox 2166 2472 2260 2527; x_wconf 88' lang='lat' dir='ltr'><strong>sit.</strong></span> 
     </span>
    </p>
   </div>
   <div class='ocr_carea' id='block_1_68' title="bbox 1991 2559 3504 2633">
    <p class='ocr_par' dir='ltr' id='par_1_68' title="bbox 1991 2559 3504 2633">
     <span class='ocr_line' id='line_1_68' title="bbox 1991 2559 3504 2633; baseline -0.003 -15"><span class='ocrx_word' id='word_1_473' title='bbox 1991 2565 2191 2620; x_wconf 86' lang='lat' dir='ltr'><strong>Notum</strong></span> <span class='ocrx_word' id='word_1_474' title='bbox 2218 2562 2478 2633; x_wconf 68' lang='lat' dir='ltr'><strong>(nemihi,</strong></span> <span class='ocrx_word' id='word_1_475' title='bbox 2504 2562 2746 2625; x_wconf 81' lang='lat' dir='ltr'><strong>Domine,</strong></span> <span class='ocrx_word' id='word_1_476' title='bbox 2801 2562 2961 2630; x_wconf 78' lang='lat' dir='ltr'><strong>ﬁnem</strong></span> <span class='ocrx_word' id='word_1_477' title='bbox 3004 2578 3197 2617; x_wconf 86' lang='lat' dir='ltr'><strong>meum.</strong></span> <span class='ocrx_word' id='word_1_478' title='bbox 3272 2559 3504 2627; x_wconf 84' lang='lat' dir='ltr'><strong>Quando</strong></span> 
     </span>
    </p>
   </div>
   <div class='ocr_carea' id='block_1_69' title="bbox 1916 2653 3501 2726">
    <p class='ocr_par' dir='ltr' id='par_1_69' title="bbox 1916 2653 3501 2726">
     <span class='ocr_line' id='line_1_69' title="bbox 1916 2653 3501 2726; baseline -0.003 -14"><span class='ocrx_word' id='word_1_479' title='bbox 1916 2659 2042 2722; x_wconf 88' lang='lat' dir='ltr'><strong>erit,</strong></span> <span class='ocrx_word' id='word_1_480' title='bbox 2078 2665 2173 2712; x_wconf 89' lang='lat' dir='ltr'><strong>aut</strong></span> <span class='ocrx_word' id='word_1_481' title='bbox 2204 2656 2382 2726; x_wconf 79' lang='lat' dir='ltr'><strong>quatis</strong></span> <span class='ocrx_word' id='word_1_482' title='bbox 2413 2655 2538 2710; x_wconf 88' lang='lat' dir='ltr'><strong>erit.</strong></span> <span class='ocrx_word' id='word_1_483' title='bbox 2573 2654 2882 2724; x_wconf 81' lang='lat' dir='ltr'><strong>Usquequo,</strong></span> <span class='ocrx_word' id='word_1_484' title='bbox 2915 2654 3115 2725; x_wconf 86' lang='lat' dir='ltr'><strong>inquit,</strong></span> <span class='ocrx_word' id='word_1_485' title='bbox 3159 2653 3336 2710; x_wconf 89' lang='lat' dir='ltr'><strong>tristia</strong></span> <span class='ocrx_word' id='word_1_486' title='bbox 3376 2669 3501 2724; x_wconf 86' lang='lat' dir='ltr'><strong>per-</strong></span> 
     </span>
    </p>
   </div>
   <div class='ocr_carea' id='block_1_70' title="bbox 1917 2745 2288 2804">
    <p class='ocr_par' dir='ltr' id='par_1_70' title="bbox 1917 2745 2288 2804">
     <span class='ocr_line' id='line_1_70' title="bbox 1917 2745 2288 2804; baseline -0.011 0"><span class='ocrx_word' id='word_1_487' title='bbox 1917 2748 2246 2804; x_wconf 84' lang='lat' dir='ltr'><strong>severabunt</strong></span> <span class='ocrx_word' id='word_1_488' title='bbox 2264 2745 2288 2800; x_wconf 82' lang='lat' dir='ltr'><strong>‘l</strong></span> 
     </span>
    </p>
   </div>
   <div class='ocr_carea' id='block_1_71' title="bbox 1991 2837 3505 2905">
    <p class='ocr_par' dir='ltr' id='par_1_71' title="bbox 1991 2837 3505 2905">
     <span class='ocr_line' id='line_1_71' title="bbox 1991 2837 3505 2905; baseline -0.003 -11"><span class='ocrx_word' id='word_1_489' title='bbox 1991 2841 2059 2895; x_wconf 85' lang='lat' dir='ltr'><strong>Et</strong></span> <span class='ocrx_word' id='word_1_490' title='bbox 2080 2855 2359 2894; x_wconf 75' lang='lat' dir='ltr'><strong>numerant</strong></span> <span class='ocrx_word' id='word_1_491' title='bbox 2387 2839 2592 2894; x_wconf 76' lang='lat' dir='ltr'><strong>dierum</strong></span> <span class='ocrx_word' id='word_1_492' title='bbox 2625 2853 2861 2892; x_wconf 81' lang='lat' dir='ltr'><strong>meorum</strong></span> <span class='ocrx_word' id='word_1_493' title='bbox 2927 2837 3043 2905; x_wconf 77' lang='lat' dir='ltr'><strong>quis</strong></span> <span class='ocrx_word' id='word_1_494' title='bbox 3091 2845 3194 2904; x_wconf 77' lang='lat' dir='ltr'><strong>est,</strong></span> <span class='ocrx_word' id='word_1_495' title='bbox 3236 2846 3292 2890; x_wconf 91' lang='lat' dir='ltr'><strong>ut</strong></span> <span class='ocrx_word' id='word_1_496' title='bbox 3337 2837 3505 2890; x_wconf 81' lang='lat' dir='ltr'><strong>sciam</strong></span> 
     </span>
    </p>
   </div>
   <div class='ocr_carea' id='block_1_72' title="bbox 1915 2929 3505 3007">
    <p class='ocr_par' dir='ltr' id='par_1_72' title="bbox 1915 2929 3505 3007">
     <span class='ocr_line' id='line_1_72' title="bbox 1915 2929 3505 3007; baseline -0.004 -19"><span class='ocrx_word' id='word_1_497' title='bbox 1915 2937 2044 3007; x_wconf 83' lang='lat' dir='ltr'><strong>quid</strong></span> <span class='ocrx_word' id='word_1_498' title='bbox 2064 2934 2198 2990; x_wconf 76' lang='lat' dir='ltr'><strong>desit</strong></span> <span class='ocrx_word' id='word_1_499' title='bbox 2233 2933 2381 2987; x_wconf 84' lang='lat' dir='ltr'><strong>mihi.</strong></span> <span class='ocrx_word' id='word_1_500' title='bbox 2439 2933 2698 3004; x_wconf 76' lang='lat' dir='ltr'><strong>Significa</strong></span> <span class='ocrx_word' id='word_1_501' title='bbox 2733 2931 2892 2995; x_wconf 88' lang='lat' dir='ltr'><strong>mihi,</strong></span> <span class='ocrx_word' id='word_1_502' title='bbox 2959 2929 3166 3001; x_wconf 86' lang='lat' dir='ltr'><strong>inquit,</strong></span> <span class='ocrx_word' id='word_1_503' title='bbox 3211 2944 3505 2985; x_wconf 89' lang='lat' dir='ltr'><strong>numerum</strong></span> 
     </span>
    </p>
   </div>
   <div class='ocr_carea' id='block_1_73' title="bbox 1917 3025 3507 3095">
    <p class='ocr_par' dir='ltr' id='par_1_73' title="bbox 1917 3025 3507 3095">
     <span class='ocr_line' id='line_1_73' title="bbox 1917 3025 3507 3095; baseline -0.006 -9"><span class='ocrx_word' id='word_1_504' title='bbox 1917 3031 2130 3086; x_wconf 88' lang='lat' dir='ltr'><strong>dierum</strong></span> <span class='ocrx_word' id='word_1_505' title='bbox 2158 3027 2328 3083; x_wconf 82' lang='lat' dir='ltr'><strong>tetius</strong></span> <span class='ocrx_word' id='word_1_506' title='bbox 2360 3027 2488 3081; x_wconf 67' lang='lat' dir='ltr'><strong>vitae</strong></span> <span class='ocrx_word' id='word_1_507' title='bbox 2522 3041 2674 3087; x_wconf 59' lang='lat' dir='ltr'><strong>mea,</strong></span> <span class='ocrx_word' id='word_1_508' title='bbox 2727 3035 2935 3095; x_wconf 83' lang='lat' dir='ltr'><strong>quotus</strong></span> <span class='ocrx_word' id='word_1_509' title='bbox 2986 3025 3061 3080; x_wconf 85' lang='lat' dir='ltr'><strong>sit</strong></span> <span class='ocrx_word' id='word_1_510' title='bbox 3093 3026 3412 3086; x_wconf 85' lang='lat' dir='ltr'><strong>universus,</strong></span> <span class='ocrx_word' id='word_1_511' title='bbox 3443 3032 3507 3078; x_wconf 88' lang='lat' dir='ltr'><strong>ut</strong></span> 
     </span>
    </p>
   </div>
   <div class='ocr_carea' id='block_1_74' title="bbox 1918 3117 3507 3187">
    <p class='ocr_par' dir='ltr' id='par_1_74' title="bbox 1918 3117 3507 3187">
     <span class='ocr_line' id='line_1_74' title="bbox 1918 3117 3507 3187; baseline -0.006 -7"><span class='ocrx_word' id='word_1_512' title='bbox 1918 3121 2332 3180; x_wconf 84' lang='lat' dir='ltr'><strong>connumeratis</strong></span> <span class='ocrx_word' id='word_1_513' title='bbox 2395 3121 2558 3176; x_wconf 88' lang='lat' dir='ltr'><strong>annis</strong></span> <span class='ocrx_word' id='word_1_514' title='bbox 2618 3119 2775 3183; x_wconf 89' lang='lat' dir='ltr'><strong>meis,</strong></span> <span class='ocrx_word' id='word_1_515' title='bbox 2808 3130 3176 3187; x_wconf 86' lang='lat' dir='ltr'><strong>quoscunque</strong></span> <span class='ocrx_word' id='word_1_516' title='bbox 3241 3117 3507 3171; x_wconf 83' lang='lat' dir='ltr'><strong>hactenus</strong></span> 
     </span>
    </p>
   </div>
   <div class='ocr_carea' id='block_1_75' title="bbox 1915 3207 3505 3283">
    <p class='ocr_par' dir='ltr' id='par_1_75' title="bbox 1915 3207 3505 3283">
     <span class='ocr_line' id='line_1_75' title="bbox 1915 3207 3505 3283; baseline -0.006 -14"><span class='ocrx_word' id='word_1_517' title='bbox 1915 3218 2049 3281; x_wconf 73' lang='lat' dir='ltr'><strong>vixi,</strong></span> <span class='ocrx_word' id='word_1_518' title='bbox 2073 3215 2247 3273; x_wconf 82' lang='lat' dir='ltr'><strong>sciam</strong></span> <span class='ocrx_word' id='word_1_519' title='bbox 2283 3213 2426 3283; x_wconf 88' lang='lat' dir='ltr'><strong>quod</strong></span> <span class='ocrx_word' id='word_1_520' title='bbox 2455 3211 2731 3280; x_wconf 88' lang='lat' dir='ltr'><strong>reliquum</strong></span> <span class='ocrx_word' id='word_1_521' title='bbox 2769 3219 2874 3266; x_wconf 87' lang='lat' dir='ltr'><strong>est.</strong></span> <span class='ocrx_word' id='word_1_522' title='bbox 2931 3207 3068 3264; x_wconf 84' lang='lat' dir='ltr'><strong>Nam</strong></span> <span class='ocrx_word' id='word_1_523' title='bbox 3113 3210 3159 3264; x_wconf 91' lang='lat' dir='ltr'><strong>si</strong></span> <span class='ocrx_word' id='word_1_524' title='bbox 3183 3222 3505 3264; x_wconf 86' lang='lat' dir='ltr'><strong>mensuram</strong></span> 
     </span>
    </p>
   </div>
   <div class='ocr_carea' id='block_1_76' title="bbox 1918 3299 3507 3370">
    <p class='ocr_par' dir='ltr' id='par_1_76' title="bbox 1918 3299 3507 3370">
     <span class='ocr_line' id='line_1_76' title="bbox 1918 3299 3507 3370; baseline -0.003 -10"><span class='ocrx_word' id='word_1_525' title='bbox 1918 3324 2187 3362; x_wconf 88' lang='lat' dir='ltr'><strong>annorum</strong></span> <span class='ocrx_word' id='word_1_526' title='bbox 2262 3308 2482 3362; x_wconf 86' lang='lat' dir='ltr'><strong>illorum</strong></span> <span class='ocrx_word' id='word_1_527' title='bbox 2554 3303 2824 3367; x_wconf 87' lang='lat' dir='ltr'><strong>didicero,</strong></span> <span class='ocrx_word' id='word_1_528' title='bbox 2890 3317 3000 3356; x_wconf 92' lang='lat' dir='ltr'><strong>non</strong></span> <span class='ocrx_word' id='word_1_529' title='bbox 3059 3300 3339 3370; x_wconf 81' lang='lat' dir='ltr'><strong>vulgarem</strong></span> <span class='ocrx_word' id='word_1_530' title='bbox 3373 3299 3507 3355; x_wconf 86' lang='lat' dir='ltr'><strong>inde</strong></span> 
     </span>
    </p>
   </div>
   <div class='ocr_carea' id='block_1_77' title="bbox 1914 3396 3316 3458">
    <p class='ocr_par' dir='ltr' id='par_1_77' title="bbox 1914 3396 3316 3458">
     <span class='ocr_line' id='line_1_77' title="bbox 1914 3396 3316 3458; baseline -0.006 0"><span class='ocrx_word' id='word_1_531' title='bbox 1914 3400 2348 3458; x_wconf 75' lang='lat' dir='ltr'><strong>coiisolationem</strong></span> <span class='ocrx_word' id='word_1_532' title='bbox 2381 3397 2593 3454; x_wconf 84' lang='lat' dir='ltr'><strong>habebo</strong></span> <span class='ocrx_word' id='word_1_533' title='bbox 2621 3398 2678 3452; x_wconf 91' lang='lat' dir='ltr'><strong>in</strong></span> <span class='ocrx_word' id='word_1_534' title='bbox 2706 3397 3121 3452; x_wconf 83' lang='lat' dir='ltr'><strong>calamitatibus</strong></span> <span class='ocrx_word' id='word_1_535' title='bbox 3156 3396 3316 3450; x_wconf 88' lang='lat' dir='ltr'><strong>meis.</strong></span> 
     </span>
    </p>
   </div>
   <div class='ocr_carea' id='block_1_78' title="bbox 1986 3488 3501 3554">
    <p class='ocr_par' dir='ltr' id='par_1_78' title="bbox 1986 3488 3501 3554">
     <span class='ocr_line' id='line_1_78' title="bbox 1986 3488 3501 3554; baseline -0.006 -5"><span class='ocrx_word' id='word_1_536' title='bbox 1986 3493 2153 3549; x_wconf 74' lang='lat' dir='ltr'><strong>Vsus.</strong></span> <span class='ocrx_word' id='word_1_537' title='bbox 2185 3492 2239 3547; x_wconf 84' lang='lat'><strong>6.</strong></span> <span class='ocrx_word' id='word_1_538' title='bbox 2295 3491 2430 3546; x_wconf 81' lang='lat' dir='ltr'><strong>Ecce</strong></span> <span class='ocrx_word' id='word_1_539' title='bbox 2473 3488 2860 3544; x_wconf 69' lang='lat' dir='ltr'><strong>mensurabile:</strong></span> <span class='ocrx_word' id='word_1_540' title='bbox 2911 3488 3135 3554; x_wconf 79' lang='lat' dir='ltr'><strong>posuisti</strong></span> <span class='ocrx_word' id='word_1_541' title='bbox 3177 3488 3290 3541; x_wconf 74' lang='lat' dir='ltr'><strong>dies</strong></span> <span class='ocrx_word' id='word_1_542' title='bbox 3335 3503 3501 3540; x_wconf 80' lang='lat' dir='ltr'><strong>meos.</strong></span> 
     </span>
    </p>
   </div>
   <div class='ocr_carea' id='block_1_79' title="bbox 1915 3579 3507 3659">
    <p class='ocr_par' dir='ltr' id='par_1_79' title="bbox 1915 3579 3507 3659">
     <span class='ocr_line' id='line_1_79' title="bbox 1915 3579 3507 3659; baseline -0.004 -19"><span class='ocrx_word' id='word_1_543' title='bbox 1915 3587 2100 3659; x_wconf 78' lang='lat' dir='ltr'><strong>[Quod</strong></span> <span class='ocrx_word' id='word_1_544' title='bbox 2136 3587 2409 3654; x_wconf 86' lang='lat' dir='ltr'><strong>interpres</strong></span> <span class='ocrx_word' id='word_1_545' title='bbox 2442 3582 2840 3640; x_wconf 82' lang='lat' dir='ltr'><strong>mcnsurahiles</strong></span> <span class='ocrx_word' id='word_1_546' title='bbox 2877 3581 3010 3635; x_wconf 80' lang='lat' dir='ltr'><strong>dixit</strong></span> <span class='ocrx_word' id='word_1_547' title='bbox 3039 3581 3093 3635; x_wconf 89' lang='lat' dir='ltr'><strong>in</strong></span> <span class='ocrx_word' id='word_1_548' title='bbox 3133 3579 3326 3635; x_wconf 59' lang='lat' dir='ltr'><strong>Graeco</strong></span> <span class='ocrx_word' id='word_1_549' title='bbox 3377 3580 3507 3649; x_wconf 67' lang='lat' dir='ltr'><strong>legi-</strong></span> 
     </span>
    </p>
   </div>
   <div class='ocr_carea' id='block_1_80' title="bbox 1919 3674 3505 3746">
    <p class='ocr_par' dir='ltr' id='par_1_80' title="bbox 1919 3674 3505 3746">
     <span class='ocr_line' id='line_1_80' title="bbox 1919 3674 3505 3746; baseline -0.006 -13"><span class='ocrx_word' id='word_1_550' title='bbox 1919 3697 2041 3735; x_wconf 87' lang='lat' dir='ltr'><strong>mus</strong></span> <span class='ocrx_word' id='word_1_551' title='bbox 2057 3677 2388 3741; x_wconf 83' lang='grc' dir='ltr'>παλαιστὰς,</span> <span class='ocrx_word' id='word_1_552' title='bbox 2409 3692 2573 3746; x_wconf 78' lang='lat' dir='ltr'><strong>quam</strong></span> <span class='ocrx_word' id='word_1_553' title='bbox 2597 3675 2892 3731; x_wconf 87' lang='lat' dir='ltr'><strong>dictionem</strong></span> <span class='ocrx_word' id='word_1_554' title='bbox 2911 3674 3067 3744; x_wconf 81' lang='lat' dir='ltr'><strong>juxta</strong></span> <span class='ocrx_word' id='word_1_555' title='bbox 3085 3689 3257 3728; x_wconf 86' lang='lat' dir='ltr'><strong>unum</strong></span> <span class='ocrx_word' id='word_1_556' title='bbox 3281 3688 3505 3728; x_wconf 86' lang='lat' dir='ltr'><strong>sensum</strong></span> 
     </span>
    </p>
   </div>
   <div class='ocr_carea' id='block_1_81' title="bbox 1919 3763 3507 3839">
    <p class='ocr_par' dir='ltr' id='par_1_81' title="bbox 1919 3763 3507 3839">
     <span class='ocr_line' id='line_1_81' title="bbox 1919 3763 3507 3839; baseline -0.008 -12"><span class='ocrx_word' id='word_1_557' title='bbox 1919 3770 2114 3827; x_wconf 85' lang='lat' dir='ltr'><strong>Latine</strong></span> <span class='ocrx_word' id='word_1_558' title='bbox 2151 3770 2336 3826; x_wconf 85' lang='lat' dir='ltr'><strong>dicere</strong></span> <span class='ocrx_word' id='word_1_559' title='bbox 2368 3782 2689 3839; x_wconf 89' lang='lat' dir='ltr'><strong>possumus,</strong></span> <span class='ocrx_word' id='word_1_560' title='bbox 2719 3765 3013 3836; x_wconf 74' lang='lat' dir='ltr'><strong>palmares.</strong></span> <span class='ocrx_word' id='word_1_561' title='bbox 3070 3763 3272 3820; x_wconf 81' lang='lat' dir='ltr'><strong>Verum</strong></span> <span class='ocrx_word' id='word_1_562' title='bbox 3306 3775 3365 3818; x_wconf 90' lang='lat' dir='ltr'><strong>ut</strong></span> <span class='ocrx_word' id='word_1_563' title='bbox 3394 3763 3507 3818; x_wconf 88' lang='lat' dir='ltr'><strong>cla-</strong></span> 
     </span>
    </p>
   </div>
   <div class='ocr_carea' id='block_1_82' title="bbox 1918 3856 3504 3932">
    <p class='ocr_par' dir='ltr' id='par_1_82' title="bbox 1918 3856 3504 3932">
     <span class='ocr_line' id='line_1_82' title="bbox 1918 3856 3504 3932; baseline -0.006 -14"><span class='ocrx_word' id='word_1_564' title='bbox 1918 3864 2034 3918; x_wconf 88' lang='lat' dir='ltr'><strong>rius</strong></span> <span class='ocrx_word' id='word_1_565' title='bbox 2075 3861 2362 3932; x_wconf 76' lang='lat' dir='ltr'><strong>PrOphetze</strong></span> <span class='ocrx_word' id='word_1_566' title='bbox 2416 3867 2654 3915; x_wconf 86' lang='lat' dir='ltr'><strong>mentem</strong></span> <span class='ocrx_word' id='word_1_567' title='bbox 2705 3859 3000 3928; x_wconf 83' lang='lat' dir='ltr'><strong>percipias,</strong></span> <span class='ocrx_word' id='word_1_568' title='bbox 3061 3856 3351 3914; x_wconf 89' lang='lat' dir='ltr'><strong>sciendum</strong></span> <span class='ocrx_word' id='word_1_569' title='bbox 3397 3867 3504 3922; x_wconf 88' lang='lat' dir='ltr'><strong>est,</strong></span> 
     </span>
    </p>
   </div>
   <div class='ocr_carea' id='block_1_83' title="bbox 1919 3948 3509 4027">
    <p class='ocr_par' dir='ltr' id='par_1_83' title="bbox 1919 3948 3509 4027">
     <span class='ocr_line' id='line_1_83' title="bbox 1919 3948 3509 4027; baseline -0.005 -20"><span class='ocrx_word' id='word_1_570' title='bbox 1919 3954 2093 4027; x_wconf 85' lang='lat' dir='ltr'><strong>quod]</strong></span> <span class='ocrx_word' id='word_1_571' title='bbox 2148 3954 2314 4008; x_wconf 84' lang='lat' dir='ltr'><strong>variae</strong></span> <span class='ocrx_word' id='word_1_572' title='bbox 2344 3962 2473 4008; x_wconf 89' lang='lat' dir='ltr'><strong>sunt</strong></span> <span class='ocrx_word' id='word_1_573' title='bbox 2521 3966 2815 4015; x_wconf 69' lang='lat' dir='ltr'><strong>mensurae,</strong></span> <span class='ocrx_word' id='word_1_574' title='bbox 2842 3967 2963 4021; x_wconf 77' lang='lat' dir='ltr'><strong>qua:</strong></span> <span class='ocrx_word' id='word_1_575' title='bbox 2989 3949 3243 4006; x_wconf 85' lang='lat' dir='ltr'><strong>manibus</strong></span> <span class='ocrx_word' id='word_1_576' title='bbox 3273 3948 3387 4002; x_wconf 86' lang='lat' dir='ltr'><strong>fieri</strong></span> <span class='ocrx_word' id='word_1_577' title='bbox 3416 3962 3509 4002; x_wconf 84' lang='lat' dir='ltr'><strong>so-</strong></span> 
     </span>
    </p>
   </div>
   <div class='ocr_carea' id='block_1_84' title="bbox 1919 4042 3501 4114">
    <p class='ocr_par' dir='ltr' id='par_1_84' title="bbox 1919 4042 3501 4114">
     <span class='ocr_line' id='line_1_84' title="bbox 1919 4042 3501 4114; baseline -0.004 -11"><span class='ocrx_word' id='word_1_578' title='bbox 1919 4050 2054 4103; x_wconf 90' lang='lat' dir='ltr'><strong>lent.</strong></span> <span class='ocrx_word' id='word_1_579' title='bbox 2085 4045 2226 4101; x_wconf 89' lang='lat' dir='ltr'><strong>Ulna</strong></span> <span class='ocrx_word' id='word_1_580' title='bbox 2275 4045 2558 4107; x_wconf 82' lang='lat' dir='ltr'><strong>videlicet,</strong></span> <span class='ocrx_word' id='word_1_581' title='bbox 2608 4044 2854 4107; x_wconf 85' lang='lat' dir='ltr'><strong>cubitus,</strong></span> <span class='ocrx_word' id='word_1_582' title='bbox 2877 4043 3114 4114; x_wconf 80' lang='lat' dir='ltr'><strong>palmus,</strong></span> <span class='ocrx_word' id='word_1_583' title='bbox 3144 4049 3198 4095; x_wconf 88' lang='lat' dir='ltr'><strong>et</strong></span> <span class='ocrx_word' id='word_1_584' title='bbox 3232 4042 3456 4111; x_wconf 68' lang='lat' dir='ltr'><strong>palaeste</strong></span> <span class='ocrx_word' id='word_1_585' title='bbox 3485 4060 3501 4097; x_wconf 88' lang='lat'><strong>:</strong></span> 
     </span>
    </p>
   </div>
   <div class='ocr_carea' id='block_1_85' title="bbox 1919 4132 3506 4208">
    <p class='ocr_par' dir='ltr' id='par_1_85' title="bbox 1919 4132 3506 4208">
     <span class='ocr_line' id='line_1_85' title="bbox 1919 4132 3506 4208; baseline -0.004 -14"><span class='ocrx_word' id='word_1_586' title='bbox 1919 4140 1988 4194; x_wconf 86' lang='lat' dir='ltr'><strong>de</strong></span> <span class='ocrx_word' id='word_1_587' title='bbox 2019 4155 2126 4206; x_wconf 88' lang='lat' dir='ltr'><strong>qua</strong></span> <span class='ocrx_word' id='word_1_588' title='bbox 2158 4154 2306 4194; x_wconf 90' lang='lat' dir='ltr'><strong>nunc</strong></span> <span class='ocrx_word' id='word_1_589' title='bbox 2330 4138 2578 4208; x_wconf 87' lang='lat' dir='ltr'><strong>loquitur</strong></span> <span class='ocrx_word' id='word_1_590' title='bbox 2609 4135 2906 4204; x_wconf 87' lang='lat' dir='ltr'><strong>Propheta,</strong></span> <span class='ocrx_word' id='word_1_591' title='bbox 2949 4143 3003 4190; x_wconf 93' lang='lat' dir='ltr'><strong>et</strong></span> <span class='ocrx_word' id='word_1_592' title='bbox 3038 4150 3202 4204; x_wconf 90' lang='lat' dir='ltr'><strong>quam</strong></span> <span class='ocrx_word' id='word_1_593' title='bbox 3238 4148 3341 4188; x_wconf 84' lang='lat' dir='ltr'><strong>nos</strong></span> <span class='ocrx_word' id='word_1_594' title='bbox 3390 4132 3506 4203; x_wconf 84' lang='lat' dir='ltr'><strong>pal-</strong></span> 
     </span>
    </p>
   </div>
   <div class='ocr_carea' id='block_1_86' title="bbox 1922 4227 3508 4301">
    <p class='ocr_par' dir='ltr' id='par_1_86' title="bbox 1922 4227 3508 4301">
     <span class='ocr_line' id='line_1_86' title="bbox 1922 4227 3508 4301; baseline -0.006 -15"><span class='ocrx_word' id='word_1_595' title='bbox 1922 4247 2066 4286; x_wconf 88' lang='lat' dir='ltr'><strong>mam</strong></span> <span class='ocrx_word' id='word_1_596' title='bbox 2118 4229 2301 4286; x_wconf 88' lang='lat' dir='ltr'><strong>dicere</strong></span> <span class='ocrx_word' id='word_1_597' title='bbox 2353 4244 2673 4301; x_wconf 83' lang='lat' dir='ltr'><strong>possumus.</strong></span> <span class='ocrx_word' id='word_1_598' title='bbox 2721 4228 3030 4285; x_wconf 84' lang='lat' dir='ltr'><strong>Conficitur</strong></span> <span class='ocrx_word' id='word_1_599' title='bbox 3059 4237 3240 4282; x_wconf 90' lang='lat' dir='ltr'><strong>antem</strong></span> <span class='ocrx_word' id='word_1_600' title='bbox 3284 4227 3508 4296; x_wconf 78' lang='lat' dir='ltr'><strong>pata-sto</strong></span> 
     </span>
    </p>
   </div>
   <div class='ocr_carea' id='block_1_87' title="bbox 1926 4319 3508 4394">
    <p class='ocr_par' dir='ltr' id='par_1_87' title="bbox 1926 4319 3508 4394">
     <span class='ocr_line' id='line_1_87' title="bbox 1926 4319 3508 4394; baseline -0.006 -14"><span class='ocrx_word' id='word_1_601' title='bbox 1926 4341 2025 4380; x_wconf 84' lang='lat' dir='ltr'><strong>seu</strong></span> <span class='ocrx_word' id='word_1_602' title='bbox 2077 4325 2282 4394; x_wconf 88' lang='lat' dir='ltr'><strong>palma.</strong></span> <span class='ocrx_word' id='word_1_603' title='bbox 2346 4323 2740 4391; x_wconf 82' lang='lat' dir='ltr'><strong>conjunctione</strong></span> <span class='ocrx_word' id='word_1_604' title='bbox 2798 4330 3040 4390; x_wconf 86' lang='lat' dir='ltr'><strong>quatuor</strong></span> <span class='ocrx_word' id='word_1_605' title='bbox 3087 4319 3409 4390; x_wconf 81' lang='lat' dir='ltr'><strong>digitorum,</strong></span> <span class='ocrx_word' id='word_1_606' title='bbox 3450 4327 3508 4372; x_wconf 88' lang='lat' dir='ltr'><strong>et</strong></span> 
     </span>
    </p>
   </div>
   <div class='ocr_carea' id='block_1_88' title="bbox 1923 4414 3509 4486">
    <p class='ocr_par' dir='ltr' id='par_1_88' title="bbox 1923 4414 3509 4486">
     <span class='ocr_line' id='line_1_88' title="bbox 1923 4414 3509 4486; baseline -0.003 -14"><span class='ocrx_word' id='word_1_607' title='bbox 1923 4426 2009 4472; x_wconf 86' lang='lat' dir='ltr'><strong>est</strong></span> <span class='ocrx_word' id='word_1_608' title='bbox 2039 4416 2203 4471; x_wconf 86' lang='lat' dir='ltr'><strong>tertia</strong></span> <span class='ocrx_word' id='word_1_609' title='bbox 2241 4432 2368 4486; x_wconf 85' lang='lat' dir='ltr'><strong>pars</strong></span> <span class='ocrx_word' id='word_1_610' title='bbox 2397 4415 2585 4485; x_wconf 86' lang='lat' dir='ltr'><strong>palmi,</strong></span> <span class='ocrx_word' id='word_1_611' title='bbox 2619 4423 2672 4470; x_wconf 89' lang='lat' dir='ltr'><strong>et</strong></span> <span class='ocrx_word' id='word_1_612' title='bbox 2702 4414 2913 4470; x_wconf 85' lang='lat' dir='ltr'><strong>minina</strong></span> <span class='ocrx_word' id='word_1_613' title='bbox 2942 4423 3028 4470; x_wconf 87' lang='lat' dir='ltr'><strong>est</strong></span> <span class='ocrx_word' id='word_1_614' title='bbox 3073 4415 3319 4468; x_wconf 90' lang='lat' dir='ltr'><strong>omnium</strong></span> <span class='ocrx_word' id='word_1_615' title='bbox 3353 4428 3509 4468; x_wconf 85' lang='lat' dir='ltr'><strong>men-</strong></span> 
     </span>
    </p>
   </div>
   <div class='ocr_carea' id='block_1_89' title="bbox 204 4501 1814 4605">
    <p class='ocr_par' dir='ltr' id='par_1_89' title="bbox 204 4501 1814 4578">
     <span class='ocr_line' id='line_1_89' title="bbox 204 4501 1814 4578; baseline 0.006 -25"><span class='ocrx_word' id='word_1_616' title='bbox 204 4501 412 4572; x_wconf 80' lang='grc' dir='ltr'><strong>ψαλμῷ</strong></span> <span class='ocrx_word' id='word_1_617' title='bbox 435 4518 451 4533; x_wconf 79' lang='lat'><strong><em>°</em></strong></span> <span class='ocrx_word' id='word_1_618' title='bbox 497 4502 630 4572; x_wconf 74' lang='grc' dir='ltr'><strong>Τὴν</strong></span> <span class='ocrx_word' id='word_1_619' title='bbox 660 4502 984 4573; x_wconf 73' lang='grc' dir='ltr'>ὀλιγότητα</span> <span class='ocrx_word' id='word_1_620' title='bbox 1037 4503 1158 4558; x_wconf 75' lang='grc' dir='ltr'>τῶν</span> <span class='ocrx_word' id='word_1_621' title='bbox 1193 4505 1429 4574; x_wconf 77' lang='grc' dir='ltr'><strong>ἡμερῶν</strong></span> <span class='ocrx_word' id='word_1_622' title='bbox 1469 4525 1584 4576; x_wconf 82' lang='grc' dir='ltr'>μου</span> <span class='ocrx_word' id='word_1_623' title='bbox 1637 4508 1814 4578; x_wconf 73' lang='grc' dir='ltr'>ἀνάγ-</span> 
     </span>
    </p>
   </div>
   <div class='ocr_carea' id='block_1_90' title="bbox 1925 4501 3508 4605">
    <p class='ocr_par' dir='ltr' id='par_1_90' title="bbox 1925 4503 3508 4576">
     <span class='ocr_line' id='line_1_90' title="bbox 1925 4503 3508 4576; baseline -0.004 -11"><span class='ocrx_word' id='word_1_624' title='bbox 1925 4525 2076 4565; x_wconf 86' lang='lat' dir='ltr'><strong>sura.</strong></span> <span class='ocrx_word' id='word_1_625' title='bbox 2132 4505 2248 4563; x_wconf 81' lang='lat' dir='ltr'><strong>Hoc</strong></span> <span class='ocrx_word' id='word_1_626' title='bbox 2307 4508 2527 4562; x_wconf 76' lang='lat' dir='ltr'><strong>nomine</strong></span> <span class='ocrx_word' id='word_1_627' title='bbox 2551 4506 2716 4576; x_wconf 79' lang='lat' dir='ltr'><strong>igitur</strong></span> <span class='ocrx_word' id='word_1_628' title='bbox 2751 4504 3084 4575; x_wconf 85' lang='lat' dir='ltr'><strong>paucitatem</strong></span> <span class='ocrx_word' id='word_1_629' title='bbox 3127 4503 3341 4559; x_wconf 86' lang='lat' dir='ltr'><strong>dierum</strong></span> <span class='ocrx_word' id='word_1_630' title='bbox 3380 4503 3508 4558; x_wconf 63' lang='lat' dir='ltr'><strong>vita:</strong></span> 
     </span>
    </p>
   </div>
   <div class='ocr_carea' id='block_1_91' title="bbox 205 4594 1816 4665">
    <p class='ocr_par' dir='ltr' id='par_1_91' title="bbox 205 4594 1816 4665">
     <span class='ocr_line' id='line_1_91' title="bbox 205 4594 1816 4665; baseline 0.004 -19"><span class='ocrx_word' id='word_1_631' title='bbox 205 4595 423 4661; x_wconf 72' lang='grc' dir='ltr'>τειλόν</span> <span class='ocrx_word' id='word_1_632' title='bbox 450 4611 588 4662; x_wconf 79' lang='grc' dir='ltr'>μοι.</span> <span class='ocrx_word' id='word_1_633' title='bbox 649 4594 826 4648; x_wconf 88' lang='grc' dir='ltr'>Πόσον</span> <span class='ocrx_word' id='word_1_634' title='bbox 861 4595 919 4648; x_wconf 79' lang='grc' dir='ltr'><strong>δὲ</strong></span> <span class='ocrx_word' id='word_1_635' title='bbox 952 4595 1107 4649; x_wconf 78' lang='grc' dir='ltr'><strong>ἔσται</strong></span> <span class='ocrx_word' id='word_1_636' title='bbox 1135 4597 1197 4651; x_wconf 85' lang='grc' dir='ltr'>τὺ</span> <span class='ocrx_word' id='word_1_637' title='bbox 1240 4597 1445 4664; x_wconf 75' lang='grc' dir='ltr'>ὀλίγον.</span> <span class='ocrx_word' id='word_1_638' title='bbox 1474 4600 1683 4665; x_wconf 81' lang='grc' dir='ltr'>ἀγνοεῖ,</span> <span class='ocrx_word' id='word_1_639' title='bbox 1719 4599 1816 4653; x_wconf 84' lang='grc' dir='ltr'><strong>καὶ</strong></span> 
     </span>
    </p>
   </div>
   <div class='ocr_carea' id='block_1_92' title="bbox 202 4684 1818 4758">
    <p class='ocr_par' dir='ltr' id='par_1_92' title="bbox 202 4684 1818 4758">
     <span class='ocr_line' id='line_1_92' title="bbox 202 4684 1818 4758; baseline 0.006 -21"><span class='ocrx_word' id='word_1_640' title='bbox 202 4684 370 4740; x_wconf 84' lang='grc' dir='ltr'>τοῦτο</span> <span class='ocrx_word' id='word_1_641' title='bbox 436 4685 610 4758; x_wconf 79' lang='grc' dir='ltr'>ζητεῖ</span> <span class='ocrx_word' id='word_1_642' title='bbox 657 4684 874 4756; x_wconf 77' lang='grc' dir='ltr'>μαθεῖν.</span> <span class='ocrx_word' id='word_1_643' title='bbox 954 4687 1168 4758; x_wconf 79' lang='grc' dir='ltr'>Ὀλίγον</span> <span class='ocrx_word' id='word_1_644' title='bbox 1212 4688 1270 4742; x_wconf 75' lang='grc' dir='ltr'><strong>δὲ</strong></span> <span class='ocrx_word' id='word_1_645' title='bbox 1313 4689 1474 4743; x_wconf 87' lang='grc' dir='ltr'>καλεῖ</span> <span class='ocrx_word' id='word_1_646' title='bbox 1524 4690 1584 4743; x_wconf 84' lang='grc' dir='ltr'><strong>τὸ</strong></span> <span class='ocrx_word' id='word_1_647' title='bbox 1630 4691 1818 4746; x_wconf 87' lang='grc' dir='ltr'>λεῖπον</span> 
     </span>
    </p>
   </div>
   <div class='ocr_carea' id='block_1_93' title="bbox 208 4777 1820 4854">
    <p class='ocr_par' dir='ltr' id='par_1_93' title="bbox 208 4777 1820 4854">
     <span class='ocr_line' id='line_1_93' title="bbox 208 4777 1820 4854; baseline 0.007 -27"><span class='ocrx_word' id='word_1_648' title='bbox 208 4777 350 4844; x_wconf 74' lang='grc' dir='ltr'>πρὸς</span> <span class='ocrx_word' id='word_1_649' title='bbox 414 4780 730 4848; x_wconf 79' lang='grc' dir='ltr'>σύγκρισιν</span> <span class='ocrx_word' id='word_1_650' title='bbox 772 4777 869 4832; x_wconf 84' lang='grc' dir='ltr'>τοῦ</span> <span class='ocrx_word' id='word_1_651' title='bbox 922 4779 1166 4851; x_wconf 74' lang='grc' dir='ltr'>πλήθους</span> <span class='ocrx_word' id='word_1_652' title='bbox 1199 4781 1308 4834; x_wconf 77' lang='grc' dir='ltr'>τῶν</span> <span class='ocrx_word' id='word_1_653' title='bbox 1361 4783 1820 4854; x_wconf 78' lang='grc' dir='ltr'>παρεληλυθὰιων</span> 
     </span>
    </p>
   </div>
   <div class='ocr_carea' id='block_1_94' title="bbox 208 4865 1819 4944">
    <p class='ocr_par' dir='ltr' id='par_1_94' title="bbox 208 4865 1819 4944">
     <span class='ocr_line' id='line_1_94' title="bbox 208 4865 1819 4944; baseline 0.006 -26"><span class='ocrx_word' id='word_1_654' title='bbox 208 4865 493 4921; x_wconf 66' lang='grc' dir='ltr'>ἐνιαυτῶν</span> <span class='ocrx_word' id='word_1_655' title='bbox 524 4867 638 4936; x_wconf 83' lang='grc' dir='ltr'>τῆς</span> <span class='ocrx_word' id='word_1_656' title='bbox 667 4866 817 4935; x_wconf 78' lang='grc' dir='ltr'>ζωῆς</span> <span class='ocrx_word' id='word_1_657' title='bbox 859 4869 1051 4926; x_wconf 81' lang='grc' dir='ltr'>αὑτοῦ.</span> <span class='ocrx_word' id='word_1_658' title='bbox 1084 4870 1207 4944; x_wconf 77' lang='grc' dir='ltr'>Χρὴ</span> <span class='ocrx_word' id='word_1_659' title='bbox 1233 4871 1290 4926; x_wconf 84' lang='grc' dir='ltr'><strong>δὲ</strong></span> <span class='ocrx_word' id='word_1_660' title='bbox 1311 4872 1603 4941; x_wconf 73' lang='grc' dir='ltr'>γινώσκειν</span> <span class='ocrx_word' id='word_1_661' title='bbox 1640 4876 1721 4928; x_wconf 79' lang='grc' dir='ltr'><strong>ὅτι</strong></span> <span class='ocrx_word' id='word_1_662' title='bbox 1758 4876 1819 4928; x_wconf 82' lang='grc' dir='ltr'>τὺ</span> 
     </span>
    </p>
   </div>
   <div class='ocr_carea' id='block_1_95' title="bbox 203 4961 1819 5039">
    <p class='ocr_par' dir='ltr' id='par_1_95' title="bbox 203 4961 1819 5039">
     <span class='ocr_line' id='line_1_95' title="bbox 203 4961 1819 5039; baseline 0.007 -27"><span class='ocrx_word' id='word_1_663' title='bbox 203 4961 361 5023; x_wconf 78' lang='grc' dir='ltr'><strong>ιδοὺ.</strong></span> <span class='ocrx_word' id='word_1_664' title='bbox 398 4962 707 5034; x_wconf 65' lang='grc' dir='ltr'>ἐπίρρημα</span> <span class='ocrx_word' id='word_1_665' title='bbox 741 4962 841 5034; x_wconf 78' lang='grc' dir='ltr'><strong>μέν</strong></span> <span class='ocrx_word' id='word_1_666' title='bbox 876 4966 994 5018; x_wconf 81' lang='grc' dir='ltr'>ἐστι</span> <span class='ocrx_word' id='word_1_667' title='bbox 1015 4981 1030 4996; x_wconf 89' lang='grc'><strong>·</strong></span> <span class='ocrx_word' id='word_1_668' title='bbox 1074 4966 1342 5039; x_wconf 66' lang='grc' dir='ltr'><strong>κέχρηται</strong></span> <span class='ocrx_word' id='word_1_669' title='bbox 1370 4967 1427 5021; x_wconf 77' lang='grc' dir='ltr'><strong>δὲ</strong></span> <span class='ocrx_word' id='word_1_670' title='bbox 1459 4966 1634 5038; x_wconf 76' lang='grc' dir='ltr'>τούτῳ</span> <span class='ocrx_word' id='word_1_671' title='bbox 1666 4985 1819 5022; x_wconf 87' lang='grc' dir='ltr'>συνε-</span> 
     </span>
    </p>
   </div>
   <div class='ocr_carea' id='block_1_96' title="bbox 204 5052 1813 5129">
    <p class='ocr_par' dir='ltr' id='par_1_96' title="bbox 204 5052 1813 5129">
     <span class='ocr_line' id='line_1_96' title="bbox 204 5052 1813 5129; baseline 0.005 -23"><span class='ocrx_word' id='word_1_672' title='bbox 204 5052 317 5122; x_wconf 81' lang='grc' dir='ltr'><strong>χῶς</strong></span> <span class='ocrx_word' id='word_1_673' title='bbox 355 5054 392 5125; x_wconf 74' lang='grc' dir='ltr'><strong>ἡ</strong></span> <span class='ocrx_word' id='word_1_674' title='bbox 419 5053 542 5108; x_wconf 83' lang='grc' dir='ltr'>τῶν</span> <span class='ocrx_word' id='word_1_675' title='bbox 587 5052 860 5126; x_wconf 74' lang='grc' dir='ltr'>Ἐϐραίων</span> <span class='ocrx_word' id='word_1_676' title='bbox 891 5056 1171 5122; x_wconf 72' lang='grc' dir='ltr'>διάλεκτος</span> <span class='ocrx_word' id='word_1_677' title='bbox 1195 5074 1211 5092; x_wconf 88' lang='grc'><strong>·</strong></span> <span class='ocrx_word' id='word_1_678' title='bbox 1242 5058 1498 5129; x_wconf 80' lang='grc' dir='ltr'>σημαίνει</span> <span class='ocrx_word' id='word_1_679' title='bbox 1527 5060 1612 5122; x_wconf 78' lang='grc' dir='ltr'>δὲ,</span> <span class='ocrx_word' id='word_1_680' title='bbox 1644 5060 1813 5114; x_wconf 76' lang='grc' dir='ltr'>καθο-</span> 
     </span>
    </p>
   </div>
   <div class='ocr_carea' id='block_1_97' title="bbox 204 5143 1812 5224">
    <p class='ocr_par' dir='ltr' id='par_1_97' title="bbox 204 5143 1812 5224">
     <span class='ocr_line' id='line_1_97' title="bbox 204 5143 1812 5224; baseline 0.007 -31"><span class='ocrx_word' id='word_1_681' title='bbox 204 5143 528 5214; x_wconf 78' lang='grc' dir='ltr'>λικώτερον</span> <span class='ocrx_word' id='word_1_682' title='bbox 545 5145 750 5208; x_wconf 74' lang='grc' dir='ltr'>εἰπεῖν,</span> <span class='ocrx_word' id='word_1_683' title='bbox 783 5147 1029 5217; x_wconf 78' lang='grc' dir='ltr'>ῆδεῖξιν,</span> <span class='ocrx_word' id='word_1_684' title='bbox 1060 5149 1094 5218; x_wconf 76' lang='grc' dir='ltr'><strong>ἢ</strong></span> <span class='ocrx_word' id='word_1_685' title='bbox 1133 5149 1433 5224; x_wconf 74' lang='grc' dir='ltr'>ἐγγύτητα.</span> <span class='ocrx_word' id='word_1_686' title='bbox 1475 5151 1601 5206; x_wconf 83' lang='grc' dir='ltr'><strong>Ἐπὶ</strong></span> <span class='ocrx_word' id='word_1_687' title='bbox 1630 5151 1686 5206; x_wconf 72' lang='grc' dir='ltr'><strong>δὲ</strong></span> <span class='ocrx_word' id='word_1_688' title='bbox 1717 5151 1812 5205; x_wconf 80' lang='grc' dir='ltr'>τοῦ</span> 
     </span>
    </p>
   </div>
   <div class='ocr_carea' id='block_1_98' title="bbox 205 5235 1811 5311">
    <p class='ocr_par' dir='ltr' id='par_1_98' title="bbox 205 5235 1811 5311">
     <span class='ocr_line' id='line_1_98' title="bbox 205 5235 1811 5311; baseline 0.006 -25"><span class='ocrx_word' id='word_1_689' title='bbox 205 5236 520 5304; x_wconf 80' lang='grc' dir='ltr'>παρόντος,</span> <span class='ocrx_word' id='word_1_690' title='bbox 588 5235 672 5300; x_wconf 82' lang='grc' dir='ltr'><strong>τὸ,</strong></span> <span class='ocrx_word' id='word_1_691' title='bbox 725 5237 805 5300; x_wconf 79' lang='grc' dir='ltr'>ὡς</span> <span class='ocrx_word' id='word_1_692' title='bbox 831 5240 987 5310; x_wconf 78' lang='grc' dir='ltr'>ὁρᾷς,</span> <span class='ocrx_word' id='word_1_693' title='bbox 1017 5241 1190 5311; x_wconf 81' lang='grc' dir='ltr'>δηλοῖ,</span> <span class='ocrx_word' id='word_1_694' title='bbox 1225 5242 1364 5310; x_wconf 80' lang='grc' dir='ltr'>ὅπερ</span> <span class='ocrx_word' id='word_1_695' title='bbox 1408 5243 1526 5297; x_wconf 77' lang='grc' dir='ltr'>ἐστὶ</span> <span class='ocrx_word' id='word_1_696' title='bbox 1570 5241 1811 5308; x_wconf 80' lang='grc' dir='ltr'>δείξεως,</span> 
     </span>
    </p>
   </div>
   <div class='ocr_carea' id='block_1_99' title="bbox 203 5323 1807 5402">
    <p class='ocr_par' dir='ltr' id='par_1_99' title="bbox 203 5323 1807 5402">
     <span class='ocr_line' id='line_1_99' title="bbox 203 5323 1807 5402; baseline 0.004 -23"><span class='ocrx_word' id='word_1_697' title='bbox 203 5323 406 5397; x_wconf 78' lang='grc' dir='ltr'>ὥσπερ</span> <span class='ocrx_word' id='word_1_698' title='bbox 470 5329 648 5382; x_wconf 71' lang='grc' dir='ltr'>πᾶλιν</span> <span class='ocrx_word' id='word_1_699' title='bbox 695 5329 999 5399; x_wconf 79' lang='grc' dir='ltr'>ἐγγύτητος</span> <span class='ocrx_word' id='word_1_700' title='bbox 1031 5331 1091 5384; x_wconf 84' lang='grc' dir='ltr'>τό</span> <span class='ocrx_word' id='word_1_701' title='bbox 1121 5348 1133 5360; x_wconf 90' lang='grc'>·</span> <span class='ocrx_word' id='word_1_702' title='bbox 1177 5333 1518 5402; x_wconf 69' lang='grc' dir='ltr'>Παρῆλθον,</span> <span class='ocrx_word' id='word_1_703' title='bbox 1543 5334 1642 5390; x_wconf 78' lang='grc' dir='ltr'><strong>καί</strong></span> <span class='ocrx_word' id='word_1_704' title='bbox 1678 5333 1807 5388; x_wconf 79' lang='grc' dir='ltr'><strong>ιδοὑ</strong></span> 
     </span>
    </p>
   </div>
   <div class='ocr_carea' id='block_1_100' title="bbox 201 5415 1450 5495">
    <p class='ocr_par' dir='ltr' id='par_1_100' title="bbox 201 5415 1450 5495">
     <span class='ocr_line' id='line_1_100' title="bbox 201 5415 1450 5495; baseline 0.008 -23"><span class='ocrx_word' id='word_1_705' title='bbox 201 5419 316 5473; x_wconf 78' lang='grc' dir='ltr'><strong>οὐκ</strong></span> <span class='ocrx_word' id='word_1_706' title='bbox 347 5415 434 5490; x_wconf 79' lang='grc' dir='ltr'><strong>ἦν</strong></span> <span class='ocrx_word' id='word_1_707' title='bbox 461 5437 478 5452; x_wconf 79' lang='grc'><strong><em>⁸</em></strong></span> <span class='ocrx_word' id='word_1_708' title='bbox 498 5420 751 5489; x_wconf 77' lang='grc' dir='ltr'>ἑγγύτης</span> <span class='ocrx_word' id='word_1_709' title='bbox 771 5422 882 5491; x_wconf 78' lang='grc' dir='ltr'>γὰρ</span> <span class='ocrx_word' id='word_1_710' title='bbox 916 5425 1130 5495; x_wconf 78' lang='grc' dir='ltr'>χρόνου,</span> <span class='ocrx_word' id='word_1_711' title='bbox 1155 5426 1215 5478; x_wconf 79' lang='grc' dir='ltr'>τὸ</span> <span class='ocrx_word' id='word_1_712' title='bbox 1246 5428 1450 5493; x_wconf 83' lang='grc' dir='ltr'><strong>εὐθύς.</strong></span> 
     </span>
    </p>
   </div>
   <div class='ocr_carea' id='block_1_101' title="bbox 1924 4595 3508 4667">
    <p class='ocr_par' dir='ltr' id='par_1_101' title="bbox 1924 4595 3508 4667">
     <span class='ocr_line' id='line_1_101' title="bbox 1924 4595 3508 4667; baseline -0.005 -13"><span class='ocrx_word' id='word_1_713' title='bbox 1924 4616 2039 4655; x_wconf 58' lang='lat' dir='ltr'><strong>sua</strong></span> <span class='ocrx_word' id='word_1_714' title='bbox 2067 4598 2392 4659; x_wconf 87' lang='lat' dir='ltr'><strong>declaravit,</strong></span> <span class='ocrx_word' id='word_1_715' title='bbox 2417 4598 2691 4667; x_wconf 88' lang='lat' dir='ltr'><strong>palmares</strong></span> <span class='ocrx_word' id='word_1_716' title='bbox 2723 4596 3005 4666; x_wconf 87' lang='lat' dir='ltr'><strong>appellans</strong></span> <span class='ocrx_word' id='word_1_717' title='bbox 3027 4595 3145 4650; x_wconf 88' lang='lat' dir='ltr'><strong>dies</strong></span> <span class='ocrx_word' id='word_1_718' title='bbox 3168 4609 3320 4657; x_wconf 89' lang='lat' dir='ltr'><strong>suos,</strong></span> <span class='ocrx_word' id='word_1_719' title='bbox 3347 4595 3508 4661; x_wconf 86' lang='lat' dir='ltr'><strong>quasi</strong></span> 
     </span>
    </p>
   </div>
   <div class='ocr_carea' id='block_1_102' title="bbox 1926 4685 3509 4756">
    <p class='ocr_par' dir='ltr' id='par_1_102' title="bbox 1926 4685 3509 4756">
     <span class='ocr_line' id='line_1_102' title="bbox 1926 4685 3509 4756; baseline -0.006 -10"><span class='ocrx_word' id='word_1_720' title='bbox 1926 4704 2186 4746; x_wconf 82' lang='lat' dir='ltr'><strong>mensura</strong></span> <span class='ocrx_word' id='word_1_721' title='bbox 2241 4688 2488 4744; x_wconf 86' lang='lat' dir='ltr'><strong>modicos</strong></span> <span class='ocrx_word' id='word_1_722' title='bbox 2550 4703 2615 4744; x_wconf 85' lang='lat' dir='ltr'><strong>ac</strong></span> <span class='ocrx_word' id='word_1_723' title='bbox 2664 4688 2906 4753; x_wconf 87' lang='lat' dir='ltr'><strong>breves;</strong></span> <span class='ocrx_word' id='word_1_724' title='bbox 2959 4695 3016 4742; x_wconf 87' lang='lat' dir='ltr'><strong>et</strong></span> <span class='ocrx_word' id='word_1_725' title='bbox 3075 4687 3204 4756; x_wconf 86' lang='lat' dir='ltr'><strong>quia</strong></span> <span class='ocrx_word' id='word_1_726' title='bbox 3262 4685 3509 4739; x_wconf 81' lang='lat' dir='ltr'><strong>diximus</strong></span> 
     </span>
    </p>
   </div>
   <div class='ocr_carea' id='block_1_103' title="bbox 1923 4777 3508 4847">
    <p class='ocr_par' dir='ltr' id='par_1_103' title="bbox 1923 4777 3508 4847">
     <span class='ocr_line' id='line_1_103' title="bbox 1923 4777 3508 4847; baseline -0.003 -11"><span class='ocrx_word' id='word_1_727' title='bbox 1923 4780 2218 4836; x_wconf 86' lang='lat' dir='ltr'><strong>dictionem</strong></span> <span class='ocrx_word' id='word_1_728' title='bbox 2239 4778 2547 4842; x_wconf 80' lang='grc' dir='ltr'>παλαιστὰς</span> <span class='ocrx_word' id='word_1_729' title='bbox 2573 4779 2744 4833; x_wconf 90' lang='lat' dir='ltr'><strong>alium</strong></span> <span class='ocrx_word' id='word_1_730' title='bbox 2795 4793 3018 4834; x_wconf 87' lang='lat' dir='ltr'><strong>sensum</strong></span> <span class='ocrx_word' id='word_1_731' title='bbox 3050 4793 3212 4847; x_wconf 88' lang='lat' dir='ltr'><strong>posse</strong></span> <span class='ocrx_word' id='word_1_732' title='bbox 3243 4777 3508 4844; x_wconf 85' lang='lat' dir='ltr'><strong>recipere,</strong></span> 
     </span>
    </p>
   </div>
   <div class='ocr_carea' id='block_1_104' title="bbox 1925 4869 3509 4942">
    <p class='ocr_par' dir='ltr' id='par_1_104' title="bbox 1925 4869 3509 4942">
     <span class='ocr_line' id='line_1_104' title="bbox 1925 4869 3509 4942; baseline -0.003 -17"><span class='ocrx_word' id='word_1_733' title='bbox 1925 4873 2155 4927; x_wconf 88' lang='lat' dir='ltr'><strong>alteram</strong></span> <span class='ocrx_word' id='word_1_734' title='bbox 2189 4879 2595 4942; x_wconf 85' lang='lat' dir='ltr'><strong>consequenter</strong></span> <span class='ocrx_word' id='word_1_735' title='bbox 2627 4869 2885 4925; x_wconf 86' lang='lat' dir='ltr'><strong>versiculi</strong></span> <span class='ocrx_word' id='word_1_736' title='bbox 2926 4870 3220 4924; x_wconf 81' lang='lat' dir='ltr'><strong>lectionem</strong></span> <span class='ocrx_word' id='word_1_737' title='bbox 3268 4869 3509 4938; x_wconf 82' lang='lat' dir='ltr'><strong>attinge-</strong></span> 
     </span>
    </p>
   </div>
   <div class='ocr_carea' id='block_1_105' title="bbox 1926 4958 3509 5031">
    <p class='ocr_par' dir='ltr' id='par_1_105' title="bbox 1926 4958 3509 5031">
     <span class='ocr_line' id='line_1_105' title="bbox 1926 4958 3509 5031; baseline -0.003 -16"><span class='ocrx_word' id='word_1_738' title='bbox 1926 4977 2075 5026; x_wconf 88' lang='lat' dir='ltr'><strong>mus,</strong></span> <span class='ocrx_word' id='word_1_739' title='bbox 2113 4963 2270 5031; x_wconf 80' lang='lat' dir='ltr'><strong>juxta</strong></span> <span class='ocrx_word' id='word_1_740' title='bbox 2303 4977 2466 5031; x_wconf 88' lang='lat' dir='ltr'><strong>quam</strong></span> <span class='ocrx_word' id='word_1_741' title='bbox 2519 4961 2699 5030; x_wconf 85' lang='lat' dir='ltr'><strong>legere</strong></span> <span class='ocrx_word' id='word_1_742' title='bbox 2741 4974 3032 5028; x_wconf 85' lang='lat' dir='ltr'><strong>possumus</strong></span> <span class='ocrx_word' id='word_1_743' title='bbox 3063 4977 3081 5016; x_wconf 87' lang='lat'><strong>:</strong></span> <span class='ocrx_word' id='word_1_744' title='bbox 3115 4958 3256 5012; x_wconf 84' lang='lat' dir='ltr'><strong>Ecce</strong></span> <span class='ocrx_word' id='word_1_745' title='bbox 3279 4970 3509 5013; x_wconf 86' lang='lat' dir='ltr'><strong>conten-</strong></span> 
     </span>
    </p>
   </div>
   <div class='ocr_carea' id='block_1_106' title="bbox 1923 5049 3505 5121">
    <p class='ocr_par' dir='ltr' id='par_1_106' title="bbox 1923 5049 3505 5121">
     <span class='ocr_line' id='line_1_106' title="bbox 1923 5049 3505 5121; baseline -0.004 -13"><span class='ocrx_word' id='word_1_746' title='bbox 1923 5056 2096 5110; x_wconf 83' lang='lat' dir='ltr'><strong>tiosos</strong></span> <span class='ocrx_word' id='word_1_747' title='bbox 2125 5068 2218 5107; x_wconf 86' lang='lat' dir='ltr'><strong>seu</strong></span> <span class='ocrx_word' id='word_1_748' title='bbox 2266 5052 2570 5108; x_wconf 87' lang='lat' dir='ltr'><strong>laboriosos</strong></span> <span class='ocrx_word' id='word_1_749' title='bbox 2605 5051 2832 5121; x_wconf 85' lang='lat' dir='ltr'><strong>posuisti</strong></span> <span class='ocrx_word' id='word_1_750' title='bbox 2870 5052 2990 5105; x_wconf 88' lang='lat' dir='ltr'><strong>dies</strong></span> <span class='ocrx_word' id='word_1_751' title='bbox 3047 5065 3235 5105; x_wconf 88' lang='lat' dir='ltr'><strong>meos:</strong></span> <span class='ocrx_word' id='word_1_752' title='bbox 3270 5049 3375 5102; x_wconf 88' lang='lat' dir='ltr'><strong>hoc</strong></span> <span class='ocrx_word' id='word_1_753' title='bbox 3398 5059 3505 5114; x_wconf 89' lang='lat' dir='ltr'><strong>est,</strong></span> 
     </span>
    </p>
   </div>
   <div class='ocr_carea' id='block_1_107' title="bbox 1921 5143 3501 5217">
    <p class='ocr_par' dir='ltr' id='par_1_107' title="bbox 1921 5143 3501 5217">
     <span class='ocr_line' id='line_1_107' title="bbox 1921 5143 3501 5217; baseline -0.006 -12"><span class='ocrx_word' id='word_1_754' title='bbox 1921 5149 2238 5205; x_wconf 86' lang='lat' dir='ltr'><strong>certaminis</strong></span> <span class='ocrx_word' id='word_1_755' title='bbox 2260 5163 2322 5201; x_wconf 85' lang='lat' dir='ltr'><strong>ac</strong></span> <span class='ocrx_word' id='word_1_756' title='bbox 2347 5163 2539 5217; x_wconf 71' lang='lat' dir='ltr'><strong>pugna:</strong></span> <span class='ocrx_word' id='word_1_757' title='bbox 2571 5148 2761 5214; x_wconf 84' lang='lat' dir='ltr'><strong>plenos</strong></span> <span class='ocrx_word' id='word_1_758' title='bbox 2785 5145 3143 5217; x_wconf 89' lang='lat' dir='ltr'><strong>[descendere</strong></span> <span class='ocrx_word' id='word_1_759' title='bbox 3164 5143 3308 5198; x_wconf 88' lang='lat' dir='ltr'><strong>enim</strong></span> <span class='ocrx_word' id='word_1_760' title='bbox 3335 5143 3501 5197; x_wconf 88' lang='lat' dir='ltr'><strong>etiam</strong></span> 
     </span>
    </p>
   </div>
   <div class='ocr_carea' id='block_1_108' title="bbox 1921 5235 3502 5312">
    <p class='ocr_par' dir='ltr' id='par_1_108' title="bbox 1921 5235 3502 5312">
     <span class='ocr_line' id='line_1_108' title="bbox 1921 5235 3502 5312; baseline -0.004 -16"><span class='ocrx_word' id='word_1_761' title='bbox 1921 5248 2101 5312; x_wconf 83' lang='lat' dir='ltr'><strong>potest</strong></span> <span class='ocrx_word' id='word_1_762' title='bbox 2128 5257 2189 5294; x_wconf 89' lang='lat' dir='ltr'><strong>ea</strong></span> <span class='ocrx_word' id='word_1_763' title='bbox 2243 5240 2411 5295; x_wconf 88' lang='lat' dir='ltr'><strong>dictio</strong></span> <span class='ocrx_word' id='word_1_764' title='bbox 2441 5256 2471 5294; x_wconf 90' lang='lat' dir='ltr'><strong>a</strong></span> <span class='ocrx_word' id='word_1_765' title='bbox 2507 5241 2781 5308; x_wconf 69' lang='lat' dir='ltr'><strong>palzestra,</strong></span> <span class='ocrx_word' id='word_1_766' title='bbox 2817 5255 2940 5308; x_wconf 73' lang='lat' dir='ltr'><strong>qua:</strong></span> <span class='ocrx_word' id='word_1_767' title='bbox 2967 5246 3076 5290; x_wconf 86' lang='lat' dir='ltr'><strong>tam</strong></span> <span class='ocrx_word' id='word_1_768' title='bbox 3107 5236 3248 5305; x_wconf 89' lang='lat' dir='ltr'><strong>apud</strong></span> <span class='ocrx_word' id='word_1_769' title='bbox 3276 5235 3502 5290; x_wconf 71' lang='lat' dir='ltr'><strong>Graacos</strong></span> 
     </span>
    </p>
   </div>
   <div class='ocr_carea' id='block_1_109' title="bbox 1918 5327 3504 5403">
    <p class='ocr_par' dir='ltr' id='par_1_109' title="bbox 1918 5327 3504 5403">
     <span class='ocr_line' id='line_1_109' title="bbox 1918 5327 3504 5403; baseline -0.003 -17"><span class='ocrx_word' id='word_1_770' title='bbox 1918 5348 2081 5403; x_wconf 82' lang='lat' dir='ltr'><strong>quam</strong></span> <span class='ocrx_word' id='word_1_771' title='bbox 2121 5333 2262 5400; x_wconf 89' lang='lat' dir='ltr'><strong>apud</strong></span> <span class='ocrx_word' id='word_1_772' title='bbox 2297 5330 2520 5386; x_wconf 86' lang='lat' dir='ltr'><strong>Latinos</strong></span> <span class='ocrx_word' id='word_1_773' title='bbox 2550 5331 2910 5386; x_wconf 87' lang='lat' dir='ltr'><strong>luctationem</strong></span> <span class='ocrx_word' id='word_1_774' title='bbox 2952 5330 3245 5399; x_wconf 73' lang='lat' dir='ltr'><strong>significat.</strong></span> <span class='ocrx_word' id='word_1_775' title='bbox 3269 5327 3324 5382; x_wconf 92' lang='lat' dir='ltr'><strong>In</strong></span> <span class='ocrx_word' id='word_1_776' title='bbox 3357 5329 3504 5381; x_wconf 84' lang='lat' dir='ltr'><strong>lucta</strong></span> 
     </span>
    </p>
   </div>
   <div class='ocr_carea' id='block_1_110' title="bbox 1921 5421 3502 5495">
    <p class='ocr_par' dir='ltr' id='par_1_110' title="bbox 1921 5421 3502 5495">
     <span class='ocr_line' id='line_1_110' title="bbox 1921 5421 3502 5495; baseline -0.004 -15"><span class='ocrx_word' id='word_1_777' title='bbox 1921 5440 2126 5491; x_wconf 88' lang='lat' dir='ltr'><strong>autem,</strong></span> <span class='ocrx_word' id='word_1_778' title='bbox 2159 5428 2345 5482; x_wconf 86' lang='lat' dir='ltr'><strong>labore</strong></span> <span class='ocrx_word' id='word_1_779' title='bbox 2379 5442 2443 5481; x_wconf 83' lang='lat' dir='ltr'><strong>ac</strong></span> <span class='ocrx_word' id='word_1_780' title='bbox 2496 5427 2849 5482; x_wconf 88' lang='lat' dir='ltr'><strong>c0utentione</strong></span> <span class='ocrx_word' id='word_1_781' title='bbox 2898 5426 3065 5480; x_wconf 92' lang='lat' dir='ltr'><strong>multa</strong></span> <span class='ocrx_word' id='word_1_782' title='bbox 3107 5421 3332 5495; x_wconf 75' lang='lat' dir='ltr'><strong>utimur]</strong></span> <span class='ocrx_word' id='word_1_783' title='bbox 3366 5464 3379 5476; x_wconf 94' lang='lat'><strong>.</strong></span> <span class='ocrx_word' id='word_1_784' title='bbox 3413 5421 3502 5479; x_wconf 83' lang='lat' dir='ltr'><strong>lu-</strong></span> 
     </span>
    </p>
   </div>
   <div class='ocr_carea' id='block_1_111' title="bbox 205 5511 3503 5594">
    <p class='ocr_par' dir='ltr' id='par_1_111' title="bbox 205 5511 3503 5594">
     <span class='ocr_line' id='line_1_111' title="bbox 205 5511 3503 5594; baseline 0.001 -28"><span class='ocrx_word' id='word_1_785' title='bbox 205 5511 408 5582; x_wconf 72' lang='lat' dir='ltr'><strong>telligit</strong></span> <span class='ocrx_word' id='word_1_786' title='bbox 453 5521 676 5579; x_wconf 88' lang='lat' dir='ltr'><strong>autem,</strong></span> <span class='ocrx_word' id='word_1_787' title='bbox 715 5527 770 5569; x_wconf 90' lang='lat' dir='ltr'><strong>ut</strong></span> <span class='ocrx_word' id='word_1_788' title='bbox 797 5516 1062 5585; x_wconf 73' lang='lat' dir='ltr'><strong>diximus,</strong></span> <span class='ocrx_word' id='word_1_789' title='bbox 1105 5518 1379 5591; x_wconf 87' lang='lat' dir='ltr'><strong>Propheta</strong></span> <span class='ocrx_word' id='word_1_790' title='bbox 1416 5521 1658 5594; x_wconf 82' lang='lat' dir='ltr'><strong>reliquos</strong></span> <span class='ocrx_word' id='word_1_791' title='bbox 1696 5521 1818 5576; x_wconf 70' lang='lat' dir='ltr'><strong>vitae</strong></span> <span class='ocrx_word' id='word_1_792' title='bbox 1859 5535 1972 5576; x_wconf 63' lang='lat' dir='ltr'><strong>suae</strong></span> <span class='ocrx_word' id='word_1_793' title='bbox 1998 5521 2137 5586; x_wconf 84' lang='lat' dir='ltr'><strong>dies,</strong></span> <span class='ocrx_word' id='word_1_794' title='bbox 2160 5521 2348 5577; x_wconf 85' lang='lat' dir='ltr'><strong>dicens</strong></span> <span class='ocrx_word' id='word_1_795' title='bbox 2374 5522 2518 5592; x_wconf 85' lang='lat' dir='ltr'><strong>quod</strong></span> <span class='ocrx_word' id='word_1_796' title='bbox 2546 5536 2711 5591; x_wconf 88' lang='lat' dir='ltr'><strong>parvo</strong></span> <span class='ocrx_word' id='word_1_797' title='bbox 2738 5521 2956 5591; x_wconf 85' lang='lat' dir='ltr'><strong>quidem</strong></span> <span class='ocrx_word' id='word_1_798' title='bbox 3022 5530 3263 5588; x_wconf 84' lang='lat' dir='ltr'><strong>tempore</strong></span> <span class='ocrx_word' id='word_1_799' title='bbox 3329 5517 3503 5572; x_wconf 81' lang='lat' dir='ltr'><strong>victu-</strong></span> 
     </span>
    </p>
   </div>
   <div class='ocr_carea' id='block_1_112' title="bbox 1561 5692 2129 5759">
    <p class='ocr_par' dir='ltr' id='par_1_112' title="bbox 1561 5692 2129 5759">
     <span class='ocr_line' id='line_1_112' title="bbox 1561 5692 2129 5759; baseline 0.011 -7"><span class='ocrx_word' id='word_1_800' title='bbox 1561 5692 1762 5758; x_wconf 72' lang='lat' dir='ltr'><strong>Vario:</strong></span> <span class='ocrx_word' id='word_1_801' title='bbox 1803 5694 2129 5759; x_wconf 87' lang='lat' dir='ltr'><strong>lectiones.</strong></span> 
     </span>
    </p>
   </div>
   <div class='ocr_carea' id='block_1_113' title="bbox 277 5789 741 5858">
    <p class='ocr_par' dir='ltr' id='par_1_113' title="bbox 277 5789 741 5858">
     <span class='ocr_line' id='line_1_113' title="bbox 277 5789 741 5858; baseline 0.009 -15"><span class='ocrx_word' id='word_1_802' title='bbox 277 5789 399 5858; x_wconf 64' lang='grc' dir='ltr'><strong>(Η)</strong></span> <span class='ocrx_word' id='word_1_803' title='bbox 433 5789 528 5843; x_wconf 76' lang='lat' dir='ltr'><strong>Ai.</strong></span> <span class='ocrx_word' id='word_1_804' title='bbox 572 5791 741 5855; x_wconf 69' lang='grc' dir='ltr'>πρός..</span> 
     </span>
    </p>
   </div>
  </div>
