4036 6262
515 318 620 382 447

1736 313 2125 378 EUTHYMII
2166 310 2531 372 ZIGABENI

3674 287 3776 352 458

518 430 1017 484 corroboratimnem
1077 428 1368 485 sententiae
1419 444 1446 482 a
1493 443 1552 483 se
1613 429 1800 492 dictze,
1848 427 2102 482 eumdem

2229 424 2296 476 τὸν
2346 421 2476 491 περὶ
2497 419 2687 473 τούτου
2711 417 2870 485 λόγον
2913 414 3048 484 πρὸς
3102 408 3457 483 βεϐαιοτέραν
3505 408 3775 478 πληροφο-

523 523 794 591 Propheta
850 523 1047 590 repetit
1071 538 1423 590 sermonem;
1457 520 1984 592 subintelligendum
2016 527 2100 574 est

519 624 699 664 tamen
724 610 971 667 verbum.
1001 610 1388 666 Conturbatur.

592 700 759 756 Vens.
792 701 875 754 13.
942 699 1157 754 Exaudi
1219 704 1517 755 orationem
1546 717 1715 754 meam
1737 741 1752 764 ,
1783 700 2026 759 Domine.
2049 706 2101 753 et

519 793 957 860 supplicationem
1014 809 1184 845 meam
1227 793 1448 845 auribus
1502 793 1727 861 percipe.
1762 790 1908 844 Idem
1948 803 2102 857 aeque

521 885 832 956 signiﬁcant
860 884 974 939 hazc
1002 885 1189 948 verba,
1216 899 1312 954 per
1347 884 1671 954 Prophetam
1710 895 1860 935 more
1894 895 1998 935 suo
2024 881 2103 934 sic

523 977 877 1045 ingeminata.

592 1069 884 1138 Lacrymas
913 1087 1054 1124 mea:
1074 1085 1136 1122 ne
1154 1071 1333 1126 sileas.
1353 1068 1409 1123 Id
1436 1075 1541 1132 est,
1563 1067 1638 1122 Ne
1650 1064 1942 1134 despicias.
1966 1062 2098 1118 Nam

521 1163 616 1232 qui
663 1164 898 1229 aliquem
967 1162 1304 1231 despiciunt,
1332 1170 1518 1215 tacere
1542 1160 1743 1214 solent.
1780 1156 2103 1212 lndiﬂ'erens

523 1262 810 1307 autemest
842 1253 1186 1307 constructio
1220 1252 1533 1311 verborum,
1566 1249 1782 1303 Exaudi
1821 1255 1878 1303 et
1913 1245 1994 1301 Ne
2028 1247 2104 1300 si-

525 1347 656 1399 leas.
701 1345 833 1399 Illud
866 1348 1033 1400 etiam
1065 1345 1381 1409 considera,
1435 1342 1712 1412 quomodo
1753 1355 1863 1395 non
1893 1339 2108 1410 simpli-

524 1441 662 1493 citer
683 1449 804 1492 orat
834 1438 1109 1508 Pr0pheta
1138 1447 1342 1502 noster,
1380 1436 1472 1490 sed
1501 1450 1623 1488 cum
1651 1430 1927 1503 lacrymis.

595 1529 858 1594 Quoniam
909 1547 999 1600 ego
1061 1528 1236 1582 incola
1279 1545 1395 1581 sum
1428 1527 1572 1596 apud
1627 1535 1676 1578 te
1704 1535 1751 1576 et
1780 1523 2106 1593 peregrinus,

527 1627 862 1678 sicutmnnes
897 1637 1076 1691 patres
1112 1623 1237 1676 mei.
1267 1620 1486 1682 Accola,
1527 1635 1624 1673 seu
1659 1618 1914 1687 indigena
1969 1615 2108 1670 dici-

527 1728 618 1770 tur
646 1718 767 1780 ille,
797 1719 889 1786 qui
949 1716 1050 1770 loci
1100 1715 1338 1784 alicujus
1392 1727 1720 1783 permanens
1748 1721 1836 1767 est
1883 1727 1947 1766 ac
1982 1725 2110 1780 per-

2207 515 2333 585 ρίαν
2358 529 2372 544 ’
2433 513 2612 566 λείπει
2642 510 2697 564 δὲ
2720 509 2802 575 τὸ,
2837 507 3229 576 Ταρὰσσεται.

2278 692 2666 747 Εὶσὰκουσον
2690 688 2802 756 τῆς
2846 683 3196 756 προσευχῆς
3241 699 3385 752 μου,
3435 681 3634 750 Κύριε,
3683 679 3782 734 και

2204 784 2315 852 τῆς
2339 781 2605 850 δεήσεώς
2621 798 2741 852 μου
2767 778 3065 834 ἐνώτισαι.
3084 777 3180 828 Ἐκ
3203 772 3552 844 παραλλήλου
3575 771 3637 825 τδ
3650 770 3783 824 αὑτό

2208 894 2394 948 φησιν,
2419 874 2494 939 ὡς
2525 874 2646 937 ἔθος
2668 870 2844 941 αὐτῷ.

2282 1052 2406 1108 Τῶν
2430 1051 2706 1119 δακρύων
2727 1067 2847 1118 μου
2859 1049 2947 1117 μὴ
2965 1043 3470 1115 παρασιωπήσῃς·
3489 1043 3638 1096 Ἀντὶ
3666 1040 3786 1107 τοῦ,

2205 1145 2299 1215 Μὴ
2320 1144 2551 1216 παρίδῃς
2577 1160 2592 1174 ο
2651 1142 2701 1195 oi
2737 1140 2847 1209 γὰρ
2911 1137 3264 1210 παρορῶντές
3309 1153 3451 1200 τινα,
3482 1133 3783 1187 σιωπῶσιν.

2221 1236 2538 1305 Ἀδιάφορος
2577 1231 2634 1286 δὲ
2663 1233 2696 1302 ἡ
2722 1230 2977 1296 σύνταξις
3006 1226 3124 1294 τοῦ,
3164 1227 3492 1290 Ἐνώτισαι,
3533 1225 3631 1276 καὶ
3669 1222 3788 1280 τοῦ.

2209 1329 2305 1396 Μὴ
2338 1323 2842 1396 ﬁrmamen-triane.
2877 1323 3019 1395 Ὅρα
3045 1321 3124 1387 δὲ,
3149 1321 3233 1373 ὅτι
3283 1319 3382 1390 οὐχ
3412 1317 3623 1382 ἁπλῶς,
3655 1315 3789 1369 ἀλλὰ

2216 1421 2358 1492 μετὰ
2387 1419 2642 1487 δακρύων
2669 1417 2905 1470 ἱκέτευε.

2281 1513 2410 1567 Ὅτι
2436 1514 2722 1578 πάροικος
2754 1508 2869 1579 ἐγώ
2887 1511 3003 1577 ειμι
3028 1505 3186 1575 παρὰ
3219 1504 3320 1559 σοὶ
3354 1503 3446 1557 καὶ
3469 1501 3796 1569 tropea:le

2207 1620 2344 1672 ιιος,
2380 1601 2573 1666 καθὼς
2603 1599 2826 1666 πάντες
2857 1601 2912 1652 οι
2931 1596 3180 1665 πατέρες
3205 1614 3347 1666 μου.
3388 1593 3663 1656 Κάτοικος
3697 1589 3798 1661 μέν

2216 1698 2364 1749 ἐστιν
2384 1698 2408 1747 ὁ
2428 1693 2658 1762 μόνιμος
2679 1693 2941 1760 οίκήτωςν
2964 1691 3228 1760 πάροικος
3249 1688 3326 1752 δὲ,
3351 1686 3379 1739 ὁ
3421 1684 3792 1755 πρόσκαιρος,

529 1817 722 1872 potans
779 1807 1097 1870 habitator;
1133 1805 1308 1860 incola
1368 1819 1500 1858 vero
1527 1805 1573 1857 is
1625 1802 1721 1871 qui
1761 1801 1827 1855 azl
1886 1810 2107 1868 tempus

2229 1789 2240 1839 5
2274 1786 2742 1856 μετοικιζόμενος,
2775 1780 3091 1845 κελεύοντος
3115 1779 3226 1832 τοῦ·
3249 1778 3344 1846 τῆς
3368 1777 3473 1845 γῆς
3503 1775 3796 1828 δεσπότου.

531 1901 758 1962 habitat,
793 1900 999 1967 Quique
1063 1897 1290 1963 iubente
1351 1895 1506 1950 fundi
1554 1895 1779 1948 domino
1805 1893 2112 1948 habitatio-

532 2003 653 2043 ucm
705 1995 901 2041 mutat.
968 1987 1100 2057 Ego,
1154 1987 1352 2055 inquit,
1408 1987 1454 2041 si
1509 1986 1726 2039 caeteris
1793 1984 2113 2039 hominibus

531 2094 844 2147 roniparer,
897 2079 1084 2132 accola
1134 2078 1354 2147 quidem
1387 2091 1533 2140 sum,
1568 2088 1622 2130 et
1651 2090 1921 2144 possessa:
1957 2083 2115 2129 terrae

529 2170 779 2240 indigena
807 2189 822 2233 ;
857 2168 974 2229 sed.
1020 2169 1066 2224 si
1091 2169 1156 2222 ad
1185 2175 1235 2222 te
1256 2167 1424 2222 Deum
1451 2182 1631 2221 meum
1666 2166 1928 2234 suspicio,
1957 2165 2114 2219 inco-

533 2265 640 2315 lam
673 2277 761 2315 me
777 2275 900 2316 esse
936 2259 1129 2315 fateor.
1148 2259 1224 2314 Te
1255 2260 1400 2314 enim
1429 2257 1657 2328 iubente
1679 2257 2110 2326 transmigraho,

528 2362 583 2405 ct
622 2353 725 2406 hoc
780 2353 987 2406 mundo
1057 2352 1273 2418 relicto.
1305 2349 1372 2403 ad
1429 2350 1597 2403 alium
1665 2348 1747 2403 ire
1793 2347 2112 2416 compellar.

534 2443 860 2515 Peregrinus
913 2443 1194 2508 similiter,
1235 2443 1328 2496 ubi
1379 2443 1655 2496 modicum
1682 2440 1814 2510 quid
1861 2438 2026 2492 fuerit
2058 2439 2112 2491 in

528 2538 701 2591 aliena
729 2538 952 2606 regione
1000 2538 1351 2600 immoratus,
1381 2550 1449 2589 eo
1500 2533 1849 2603 postmodum
1880 2529 2113 2585 reverti-

2209 1882 2353 1951 Πρδς
2389 1881 2486 1949 μὲν
2537 1879 2663 1940 τοὺς
2717 1873 3065 1945 ἀνθρώπους,
3118 1871 3378 1935 κάτοικός
3435 1873 3574 1939 εἰμι,
3601 1869 3800 1937 φησὶν,

2208 1971 2569 2040 ἀντεχόμενος
2625 1968 2725 2037 τῆς
2761 1969 2899 2038 ἐμῆς
2934 1966 3040 2035 γῆς
3077 1963 3151 2026 ὡς
3187 1963 3324 2025 ἰδίας
3347 1973 3363 1988 ⁸
3412 1960 3566 2030 παρὰ
3600 1958 3692 2011 σοὶ
3721 1957 3802 2020 δὲ,

2207 2065 2458 2118 τουτέστι
2523 2061 2661 2131 πρὸς
2694 2061 2774 2123 σὲ,
2828 2060 3116 2131 πάροικος.
3147 2056 3248 2109 Σοῦ
3289 2055 3398 2123 γὰρ
3425 2052 3802 2111 κελεύσαντος

2209 2157 2304 2212 τοῦ
2335 2157 2541 2227 Κυρίου
2567 2156 2668 2225 τῆς
2696 2154 2822 2223 γῆς,
2859 2145 3416 2222 μετοικίζομαιπρδς
3469 2144 3670 2214 ἕτερον
3711 2141 3804 2192 κό-

2215 2267 2377 2319 σμον.
2406 2251 2516 2304 Καὶ
2551 2250 2580 2302 ὁ
2620 2247 2999 2318 παρεπίδημος
3018 2243 3098 2308 δὲ,
3123 2241 3261 2311 πρὸς
3294 2238 3474 2307 ὀλίγον
3505 2237 3650 2291 τισὶν
3679 2235 3802 2287 ἑπι-

2211 2341 2486 2413 δημήσας,
2512 2337 2670 2402 αὖθις
2725 2341 2946 2394 ἄπεισιν
2989 2336 3114 2390 ὅθεν
3141 2329 3296 2404 ἦλθε.
3341 2330 3516 2384 Τοῦτο
3547 2328 3605 2383 δὲ
3652 2327 3805 2380 ποιεί

2209 2438 2322 2500 πᾶς
2368 2434 2655 2502 ἄνθρωπος
2687 2432 2826 2503 πρὸς
2858 2429 3048 2500 καιρὸν
3083 2427 3310 2498 βιώσας,
3342 2419 3459 2478 εἷτα
3499 2419 3684 2476 θανὼν
3708 2419 3808 2473 καὶ

2213 2529 2508 2590 ἀναλυθεὶς
2544 2528 2626 2589 είς
2658 2527 2728 2580 τὰ
2757 2525 2818 2591 ἐξ
2849 2519 2922 2577 ὧν
2948 2522 3250 2577 συνέκειτο.

532 2644 640 2695 tur,
682 2631 826 2684 unde
860 2628 1038 2685 iuerat
1094 2630 1394 2699 profectus.
1423 2629 1524 2684 Cui
1554 2626 1868 2698 comparari
1919 2631 2102 2695 potest
2141 2623 2374 2692 quilibet
2406 2622 2681 2677 mortalis.
2721 2619 2855 2674 Nam
2889 2618 2954 2675 ad
2986 2626 3199 2673 certum
3233 2630 3298 2672 ac
3352 2613 3519 2670 breve
3585 2623 3810 2680 temp-ts

533 2724 786 2785 vivimus,
817 2731 872 2774 et
897 2723 1116 2777 demum
1147 2723 1199 2776 in
1233 2739 1322 2786 ea,
1350 2723 1494 2776 unde
1521 2721 1789 2791 originem
1815 2718 2095 2782 duximus,
2132 2717 2329 2772 iterum
2359 2715 2707 2772 resolvimur.

605 2817 763 2872 Vens.
811 2816 899 2869 Η.
971 2814 1188 2869 Dimitte
1229 2816 1357 2868 mihi
1384 2825 1444 2869 ut
1476 2814 1760 2883 refrigerer
1799 2814 2110 2883 priusquam

532 2913 739 2964 abeam.
765 2908 934 2962 Parce
965 2908 1126 2968 mihi.
1159 2907 1360 2977 inquit,
1391 2909 1527 2965 siste
1554 2907 1855 2976 ﬂagellum,
1890 2915 1948 2959 ut
1976 2922 2115 2974 pau-

532 3005 708 3058 lulum
741 3001 1015 3066 consoler,
1045 3008 1100 3054 et
1136 3001 1459 3055 amictiones
1485 3016 1513 3053 a
1537 3015 1623 3054 me
1656 3003 1931 3054 excutiam
1957 3007 2114 3053 ante-

531 3109 696 3164 quan:
732 3093 935 3147 moriar
969 3090 1072 3162 [vel
1103 3091 1214 3155 dic,
1249 3092 1391 3161 quod
1417 3100 1767 3162 peccatorum
1802 3091 2019 3145 veniam
2060 3091 2118 3144 in

535 3186 784 3256 praesenti
803 3186 907 3238 vita
927 3183 1209 3253 postulat].

610 3278 923 3347 Etamplius
951 3293 1050 3329 nou
1082 3293 1195 3330 ero.
1228 3275 1292 3331 Et
1318 3290 1440 3330 cum
1467 3275 1620 3330 ivero
1654 3277 1746 3330 ubi
1770 3283 1900 3331 sunt
1924 3282 2108 3343 patres

542 3375 670 3435 mei,
706 3388 812 3425 non
852 3387 947 3427 ero
967 3371 1221 3439 amplius,
1252 3370 1355 3424 hoc
1380 3377 1483 3434 est,
1510 3385 1618 3422 non
1645 3367 1884 3438 amplius
1910 3366 2113 3420 vivam.

538 3468 653 3532 Vel,
690 3482 799 3520 non
858 3479 953 3518 ero
1007 3463 1245 3531 amplius
1303 3462 1358 3516 in
1424 3461 1680 3531 praesenti
1723 3461 1948 3514 mundo.
1995 3457 2121 3514 Haec

536 3561 700 3614 etiam
759 3559 925 3612 verba
967 3556 1032 3609 ad
1096 3556 1418 3626 placandam
1458 3553 1552 3609 Dei
1601 3555 1761 3618 iram,
1792 3560 1846 3609 et
1885 3551 1950 3606 ad
2001 3553 2122 3622 ejus

538 3651 971 3709 misericordiam
986 3648 1392 3704 conciliandam
1413 3645 1557 3701 dicta
1578 3653 1705 3700 sunt
1726 3663 1743 3711 ;
1765 3644 1901 3699 illud
1918 3652 2122 3713 autem,

540 3747 658 3802 Non
689 3745 944 3815 antplius,
975 3742 1041 3798 ad
1075 3741 1344 3797 orationis
1372 3740 1878 3796 Conﬁrmationem.

853 3859 920 3917 In
942 3860 1101 3928 ﬁnem
1152 3856 1398 3912 Psalmus
1452 3855 1555 3925 ipsi
1611 3853 1808 3910 David.

1039 3988 1358 4047 PSALMUS
1386 3987 1633 4043 XXXIX.

615 4108 819 4165 Sancto
841 4105 1054 4174 Spiritu
1085 4104 1299 4158 animus
1350 4103 1541 4155 beatus
1565 4099 1757 4163 David,
1787 4099 1934 4156 hunc
1986 4098 2132 4169 psal.

546 4215 695 4255 mum
755 4199 808 4251 in
856 4211 1086 4266 persona
1141 4193 1399 4246 Ecclesia:
1425 4190 1864 4244 Christianorum
1903 4188 2128 4252 cecinit,

542 4309 657 4362 quo
688 4291 893 4361 gratias
952 4289 1062 4342 Deo
1097 4287 1209 4354 agit
1257 4300 1356 4355 pro
1392 4281 1647 4335 miriﬁcis
1673 4282 1835 4336 donis
1871 4281 2070 4349 quibus
2101 4295 2130 4334 τι

548 4379 656 4433 beo
677 4377 849 4446 gratis
886 4374 1085 4430 donata
1116 4386 1220 4434 est,
1257 4384 1308 4426 et
1350 4373 1418 4426 ab
1443 4387 1507 4424 eo
1536 4371 1806 4424 adversus
1833 4371 2130 4440 insurgen-

544 4479 628 4525 tes
655 4471 710 4524 in
740 4485 799 4525 se
838 4478 1098 4538 tyrannos
1129 4480 1287 4534 opem
1317 4465 1473 4532 petit.
1501 4459 1568 4516 In
1592 4463 1749 4531 ﬁnem
1786 4461 2126 4526 inscribitur,

2139 3200 2186 3262 C

2293 2815 2462 2879 ’Ἂν-ες
2473 2830 2575 2882 μοι
2602 2812 2703 2864 ἵνα
2728 2805 3046 2876 ἀναψύξω,
3086 2803 3203 2873 πρὸ
3231 2802 3338 2858 τοῦ
3373 2802 3452 2872 μὲ
3487 2799 3808 2857 ἀπελθεῖν·

2220 2905 2410 2958 Φεῖςαί
2449 2922 2583 2974 μου,
2617 2904 2816 2974 στῆσον
2849 2902 2947 2970 τὴν
2980 2899 3239 2969 μάστιγα,
3282 2898 3369 2951 ἵνα
3428 2894 3626 2966 μικρὸν
3665 2909 3814 2963 παρ-

2223 2995 2504 3068 ηγορηθῶ,
2555 2996 2652 3049 καὶ
2710 2992 3058 3061 ἀποσείωμαι
3119 2992 3221 3053 τὰς
3271 2987 3514 3058 θλίψεις,
3569 2985 3684 3057 πρὸ
3719 2983 3815 3038 τοῦ

2224 3087 2520 3144 ἀποθανεῖν
2547 3103 2637 3158 με.

2289 3269 2396 3326 Καὶ
2422 3269 2624 3324 οὐκέτι
2660 3269 2733 3322 οὐ
2762 3265 2848 3337 μὴ
2879 3265 3146 3334 ὑπάρξαι.
3203 3265 3314 3318 Καὶ
3374 3261 3634 3317 ἀπελθὼν
3674 3261 3816 3314 ὅπου

2220 3364 2315 3418 καὶ
2354 3364 2404 3418 οἱ
2465 3360 2701 3433 πατέρες
2754 3377 2880 3428 μου,
2938 3358 3123 3412 οὐκέτι
3179 3357 3427 3427 ὑπάρξω,
3492 3353 3812 3417 τουτέστιν,

2220 3457 2406 3510 οὐκέτι
2442 3454 2710 3527 βιώσομαι
2733 3470 2748 3486 ’
2778 3452 2835 3524 ἢ,
2871 3452 3056 3506 οὐκέτι
3107 3450 3338 3522 ὑπάρξω
3364 3450 3421 3501 ὲν
3461 3448 3543 3520 τῷ
3575 3446 3816 3516 παρόντι

2222 3549 2435 3620 κόσμῳ.
2459 3547 2831 3617 Δυσωπητικὰ
2861 3545 2921 3598 δὲ
2963 3545 3056 3598 καὶ
3088 3545 3228 3612 ἄγαν
3256 3542 3450 3612 οἰκτρὰ
3470 3541 3539 3594 τὰ
3561 3541 3816 3612 ῥήματα.

2223 3637 2298 3692 Τὸ
2317 3638 2396 3704 δὲ,
2457 3638 2540 3692 Οὐ
2568 3635 2676 3707 μὴ,
2725 3635 2866 3706 πρὸς
2923 3632 3219 3704 βεϐαίωσιν
3262 3631 3358 3686 τοῦ
3385 3630 3549 3699 λόγου
3611 3628 3818 3701 mpsi-

2223 3730 2454 3800 ληπται.

2649 3843 2755 3906 Εἰς
2776 3841 2845 3895 τὸ
2884 3840 3059 3907 τέλος
3077 3836 3158 3904 τῷ
3195 3836 3394 3894 Δαόἰδ.

2794 3973 3089 4028 ΨΔΛΜΟΣ
3115 3969 3240 4026 AO’.

2301 4089 2471 4156 Οὗτος
2502 4094 2530 4146 ὁ
2565 4088 2782 4160 ψαλμδς
2812 4085 3058 4158 ὲνηχήθη
3082 4083 3162 4154 τῷ
3190 4081 3355 4136 Δαϐὶδ
3381 4080 3491 4135 ὑπὸ
3523 4081 3620 4136 τοῦ
3655 4081 3816 4148 ἁγίου

2238 4185 2581 4254 Πνεῦμα-τος,
2602 4183 2666 4234 ὲκ
2691 4175 2988 4249 προσώπου
3023 4177 3124 4246 τῆς
3153 4171 3486 4243 Ἐκκλησίας
3516 4171 3624 4225 τῶν
3677 4174 3819 4244 Χρι-

2234 4277 2485 4342 στιανῶν,
2535 4270 2966 4344 εὐχαριστούσης
3023 4268 3123 4338 μὲν
3189 4266 3275 4337 ἐφ’
3333 4259 3416 4329 οἷς
3464 4263 3678 4335 ἠξιώθη
3711 4266 3812 4333 τῆς

2234 4370 2386 4434 θείας
2417 4368 2662 4440 χάριτος,
2687 4365 2948 4434 δεομένης
2977 4363 3033 4416 δὲ
3069 4361 3197 4432 περὶ
3220 4359 3328 4414 τῶν
3359 4358 3817 4427 ἐπανισταμένων

2235 4464 2371 4533 αὐτῇ
2401 4461 2703 4530 τυράννων.
2735 4459 2833 4522 Εἰς
2858 4458 2923 4510 τὸ
2945 4455 3120 4520 τέλος
3159 4452 3215 4505 δὲ
3266 4451 3704 4520 ἐπιγέγραπται,
3733 4449 3816 4502 διὰ

545 4565 674 4632 quia
697 4580 820 4633 qua:
851 4562 939 4616 hic
988 4559 1281 4613 traduntur
1333 4558 1492 4610 linem
1533 4555 1827 4625 quemdam
1859 4555 2116 4628 respicie-

2235 4558 2295 4608 τὸ
2315 4556 2383 4609 τὰ
2418 4551 2788 4624 γεγραμμένα
2821 4547 2954 4618 πρὸς
2975 4548 3130 4612 τέλος
3151 4545 3364 4617 ἀφορᾷν
3383 4560 3398 4575 ⁶
3432 4545 3664 4613 γέγονεν
3709 4542 3816 4612 γὰρ

549 4658 702 4719 bant,
736 4670 894 4723 quem
934 4662 1120 4722 postea
1152 4651 1482 4706 habuerunt.

617 4747 784 4801 Vens.
806 4746 861 4798 ‘2.
893 4743 1219 4810 Exspectans
1259 4741 1554 4809 exspectavi
1583 4740 1892 4795 Dominum.
1926 4739 2128 4810 Hujus-

550 4839 695 4894 modi
743 4838 1034 4892 verborum
1089 4835 1346 4904 repetitio
1406 4834 1850 4902 frequentissima
1878 4841 1963 4889 est
1988 4834 2130 4902 apud

554 4931 834 4992 Hebraeos,
857 4937 910 4982 et
931 4928 1292 4982 intensionem
1325 4925 1618 4994 quamdam
1650 4925 1850 4978 mentis
1882 4923 2131 4987 denotat,

550 5031 614 5077 ut
640 5022 770 5076 illud
803 5037 819 5077 :
859 5019 1048 5074 Videris
1073 5020 1200 5079 vidi.
1237 5026 1312 5081 ct,
1341 5017 1670 5086 Cognosceus
1697 5032 1997 5086 cognosces,
2030 5017 2133 5072 hoc

550 5122 660 5179 cst,
690 5112 969 5181 Exquisite
1010 5125 1333 5180 cognosces,
1394 5116 1450 5161 et
1497 5109 1603 5161 alia
1639 5107 1980 5176 hujusmodi.
2019 5105 2134 5160 Ea:-

2238 4648 2440 4702 πάντα.

2313 4735 2660 4806 ’Υπομένων
2713 4732 3007 4802 ὑπέμεινα
3034 4727 3144 4783 τὸν
3169 4729 3410 4797 Κύριον.
3463 4724 3526 4782 '0
3568 4725 3816 4787 τοιοῦτος

2237 4826 2654 4897 διπλασιασμὸς,
2701 4823 2939 4894 συνήθης
2973 4819 3077 4891 μὲν
3098 4821 3209 4882 τοῖς
3253 4816 3530 4888 Ἑϐραίοις
3552 4831 3568 4846 ο
3606 4814 3728 4869 ἔστι
3759 4814 3814 4868 δι

2238 4919 2571 4991 ἐμφαντικὸς
2614 4917 2939 4978 ὲπιτάσεως,
2972 4913 3051 4977 ὡς
3075 4916 3159 4976 τὸ,
3228 4908 3399 4966 Ἰδὼν
3443 4909 3579 4961 ιδον
3606 4947 3622 4971 ,
3691 4907 3808 4971 καὶ,

2241 5012 2568 5069 Γινώσκων
2588 5009 2813 5081 γνώσῃ,
2841 5007 2965 5060 ἀντὶ
2999 5004 3120 5071 τοῦ,
3163 5000 3434 5070 Ἀκριὸὦς
3461 4998 3669 5068 γνώσῃ,
3723 4999 3814 5051 καὶ

2240 5105 2310 5156 τὰ
2340 5101 2583 5156 τοιαῦτα.
2631 5096 2982 5164 ’Υπομένων
3034 5094 3128 5149 οὖν
3182 5091 3496 5161 ὑπέμεινα,
3529 5089 3651 5142 ἀντὶ
3695 5087 3808 5149 τοῦ,

555 5180 798 5273 spectans
823 5203 984 5272 igitur
1006 5201 1296 5268 exspectavi
1342 5195 1645 5257 Dominum,
1689 5197 1790 5250 hoc
1822 5204 1926 5262 est,
1971 5193 2116 5249 Vald:

2243 5193 2460 5263 Σφόδρα
2532 5188 2911 5262 προσεδόκησα
2971 5184 3162 5256 βοηθὸν
3233 5182 3325 5234 τὸν
3371 5180 3627 5251 Χριστόν.
3705 5180 3812 5231 Καὶ

553 5293 869 5363 exspectavi
899 5293 1200 5359 adiutorem
1225 5303 1401 5344 meum
1441 5284 1744 5340 Christum.
1814 5284 1934 5354 Ipse
1989 5286 2116 5341 cniu

2235 5283 2425 5347 Αὐτὸς
2447 5281 2578 5349 γὰρ,
2608 5279 2763 5349 φησὶ,
2797 5274 3132 5345 προσδοκία
3187 5269 3409 5326 ἐθνῶν-ο
3472 5268 3599 5337 περὶ
3623 5268 3810 5321 τούτου

553 5397 634 5448 est
677 5385 999 5453 exspectatio
1049 5383 1368 5454 gentium”,
1427 5376 1889 5448 quemadmodum
1957 5377 2025 5432 de
2073 5392 2116 5431 et

2242 5379 2351 5448 γὰρ
2382 5377 2433 5429 οἱ
2472 5376 2749 5447 προφῆται
2786 5366 3285 5440 προκατήγγειλον.

559 5488 717 5532 antea
747 5493 775 5529 a
805 5477 1087 5545 prOpbetis
1131 5472 1552 5542 pra-nuntiatum
1613 5477 1719 5524 est.

635 5569 702 5624 Et
754 5568 979 5622 intendit
1053 5567 1203 5621 mihi.
1242 5563 1298 5620 ln
1359 5579 1464 5629 me,
1517 5562 1716 5631 inquit,
1760 5561 1948 5617 oculos
2002 5576 2133 5616 suos

645 5746 684 5778 ”
733 5743 870 5799 Gen.
918 5760 1063 5802 xm.
1099 5742 1182 5797 l0,

2315 5556 2424 5610 Καὶ
2475 5553 2789 5623 προσέσχε
2837 5568 2961 5621 μοι.
3018 5550 3128 5604 Καὶ
3164 5543 3440 5618 ἐπιμελῶς
3472 5542 3587 5612 ἅμα
3612 5537 3702 5592 καὶ
3726 5535 3809 5589 cti-
