4014 6248
301 273 401 335 465

1433 263 1825 326 COMMENT.
1861 260 1943 324 ιιι
1976 214 2347 324 PsALuos.

3433 259 3543 321 666

299 385 498 454 στῆναι
523 400 541 446 ,'
572 383 706 436 Κατ’
757 383 1030 451 ἐρώτησιν
1080 379 1240 435 τοῦτό
1265 396 1454 449 φησιν,
1485 379 1562 443 ὡς
1585 377 1740 442 Θεδς,
1774 377 1858 430 ὅτι

1970 372 2071 432 Per
2130 374 2620 446 interrogaﬁonem
2675 372 2781 428 hoc
2832 372 2987 438 dicit,
3040 382 3209 442 atque
3239 379 3301 428 ut
3349 369 3545 429 Deus:

299 477 429 548 'Apa
455 480 482 530 6
513 474 854 546 κοιμώμενος
872 475 934 527 οὺ
961 475 1182 544 θελήσει
1196 473 1495 543 ἀναστῆναι
1519 488 1534 538 ;
1561 469 1636 524 Τὸ
1667 473 1862 539 Προσ-

297 572 454 636 θήσει
513 569 642 638 γὰρ.
698 569 794 620 ἐπὶ
834 565 930 621 τοῦ
998 567 1290 634 Ἦθέλησε
1331 564 1593 627 πολλάκις
1642 562 1693 616 οἰ
1771 560 1862 616 Ἐ-

299 660 465 731 ὕραίοι
523 657 919 726 λαμϐάνουσιν.
968 657 1030 712 Εἰ
1066 655 1124 711 66
1154 659 1184 712 6
1230 654 1577 727 κοιμώμενος
1620 652 1862 725 ἀναστή-

300 768 457 816 σεται,
511 750 668 820 κάγὼ
725 749 894 822 σαρκί
939 749 1140 818 θανὼν,
1189 750 1572 820 ἀναστήσομαι
1616 747 1814 802 θᾶττον
1841 761 1856 773 ·

297 844 325 895 6
374 843 472 910 γὰρ
490 841 625 914 ἐμὸς
680 841 932 908 θάνατος,
967 842 1124 914 ὕπνῳ
1176 839 1374 897 ἔοικεν.
1433 839 1522 904 Ὠς
1571 840 1681 910 γὰρ
1731 838 1862 892 αὗτ-

298 932 537 999 εξουοίως
584 934 744 988 ὑπνοῖ
772 950 881 1001 τις,
917 932 1092 999 οὕτως
1135 932 1502 999 αὐτεξουσίως
1555 928 1862 987 ἀποθανοῦ-

300 1044 387 1097 μαι
413 1027 585 1094 κάγώ.

360 1119 460 1171 Kal
510 1119 622 1186 τὰρ
655 1121 689 1172 ὁ
732 1119 1043 1189 ἄνθρωπος
1075 1118 1186 1188 τῆς
1216 1119 1464 1189 εἰρήνης
1501 1135 1623 1188 μου
1661 1117 1756 1189 ἐφ’
1787 1118 1862 1173 δν

297 1205 536 1272 ἤλπισα,
578 1209 614 1260 d
656 1207 881 1262 ἐσθίων
916 1209 1135 1279 ἄρτους
1160 1226 1302 1278 μου,
1346 1208 1722 1277 ἐμεγάλυνεν
1759 1206 1857 1261 ἐπ’

295 1293 390 1361 ἐμὲ
422 1298 812 1365 πτερνισμόν.
870 1299 932 1352 ὐ
985 1297 1306 1368 σύνδεσμος,
1348 1299 1378 1352 6
1422 1297 1570 1366 Γὰρ,
1606 1297 1860 1369 περιττδς

297 1383 571 1438 κάνταυθοί
601 1406 614 1417 υ
644 1386 763 1439 ἑστι
795 1388 853 1442 δὲ
883 1386 1123 1451 τοιοῦτος
1160 1390 1191 1441 6
1221 1386 1369 1454 νοῦς,
1396 1388 1481 1442 ὅτι
1507 1387 1617 1440 Καὶ
1641 1388 1671 1441 6
1727 1385 1859 1456 ἒμδς

295 1477 404 1529 κατ’
455 1477 594 1547 ἐμοῦ
657 1480 904 1548 γέγονεν.
965 1479 1295 1551 Ἄνθρωπον
1350 1478 1409 1532 δὲ
1459 1479 1720 1550 εἰρήνης,
1767 1477 1862 1532 τὸν

293 1569 556 1637 εἰρηνικὸν
597 1571 842 1643 Ἑϐραῖοι
886 1571 1133 1628 καλοῦσι.
1172 1572 1342 1642 halm
1375 1566 1491 1636 οῦν,
1535 1571 1619 1626 δτι
1690 1570 1804 1625 Καὶ
1833 1571 1862 1625 6

1963 467 2240 536 Numquid
2293 466 2575 523 dormiens
2616 466 2802 529 homo,
2861 464 3057 534 inquit,
3116 465 3267 522 nolet
3315 479 3548 520 consur-

1961 560 2131 632 gere?
2183 557 2422 614 Verbum
2449 556 2596 614 enim
2632 557 2891 628 Adjiciet,
2925 556 3138 613 llebrzei
3169 571 3550 625 saepenumero

1962 663 2194 724 ponunt,
2249 668 2350 725 pro
2386 652 2556 708 Volet.
2595 651 2755 719 Quod
2806 652 2854 708 si
2905 651 3189 708 dormiens
3234 651 3548 720 consurgit,

1960 762 2065 819 ego
2109 746 2275 803 etiam
2333 748 2490 804 carni
2554 755 2833 810 mortuus,
2901 744 3017 800 cito
3069 759 3378 816 resurgam.
3430 743 3547 799 Mea

1961 841 2108 896 enim
2140 855 2293 898 mors
2326 854 2524 898 somno
2553 837 2754 896 similis
2775 846 2881 893 est.
2907 837 3043 892 Nam
3079 836 3548 908 quemadmodum

1961 933 2061 1005 qui
2119 932 2325 989 dormit
2381 948 2450 990 es
2498 947 2600 988 suo
2649 931 2858 986 dormit
2912 931 3165 995 arbitrio,
3204 930 3280 984 ita
3320 937 3375 984 ct
3429 930 3548 999 ipse

1964 1035 2164 1099 sponte
2198 1041 2341 1093 mea,
2369 1035 2535 1095 atque
2566 1040 2635 1081 ex
2671 1025 2894 1095 pr0pria
2927 1024 3139 1079 moriar
3170 1023 3474 1079 voluntate.

2037 1117 2202 1175 Vsus.
2228 1120 2321 1174 10.
2353 1119 2555 1175 Etenim
2581 1119 2735 1174 homo
2766 1119 2914 1186 pacis
2955 1133 3084 1172 mea
3115 1118 3171 1171 in
3194 1134 3298 1189 quo
3320 1119 3547 1184 speravi,

1961 1214 2054 1282 qui
2077 1209 2262 1266 edebat
2302 1226 2467 1279 partes
2500 1226 2668 1276 meos,
2715 1209 3077 1279 magniﬁcavit
3102 1218 3290 1261 contra
3323 1225 3403 1261 me
3433 1223 3552 1276 sup-

1961 1307 2364 1376 plantationem.
2417 1303 2752 1375 Conjutictio
2805 1304 2949 1358 enim
3002 1302 3110 1358 hoc
3161 1300 3215 1354 iu
3269 1299 3390 1355 loco
3450 1315 3549 1354 su-

1962 1395 2172 1467 perﬂua
2237 1402 2362 1462 est,
2437 1402 2495 1452 et
2554 1408 2756 1451 sensus
2821 1401 2955 1450 est:
3029 1390 3126 1447 ille
3181 1389 3347 1446 etiam
3415 1388 3548 1442 mihi

1962 1487 2316 1544 adversarius
2364 1484 2506 1552 fuit,
2554 1486 2649 1557 qui
2712 1492 2878 1540 antea
2946 1483 3178 1540 intimus
3225 1481 3357 1536 mihi
3408 1489 3550 1540 erat,

1963 1587 2019 1632 et
2073 1578 2206 1633 mihi
2261 1578 2505 1633 maxime
2552 1577 2907 1649 coniunctus.
2957 1575 3062 1632 Per
3113 1575 3396 1631 hominem
3451 1586 3552 1626 au-

291 1663 557 1732 εξρηνικός
614 1681 743 1733 μου,
802 1668 1090 1719 τουτέστιν
1139 1666 1168 1719 6
1205 1665 1359 1735 φίλος
1417 1682 1544 1735 μου,
1598 1665 1746 1734 λέγει
1802 1664 1860 1717 δὲ

1970 1677 2074 1722 lem
2122 1667 2273 1737 pacis
2325 1667 2539 1722 Hebraei
2601 1665 2888 1737 pacificum
2934 1664 3268 1734 intelligunt.
3305 1661 3396 1715 Ait
3447 1659 3547 1732 igi—

289 1754 372 1806 τὸν
438 1755 664 1820 Ἰούδαν,
725 1758 815 1827 ἐφ’
868 1751 912 1826 ᾧ
945 1757 1248 1830 ἐθάρρησα,
1301 1758 1379 1820 ὡς
1430 1757 1572 1829 ἱμῷ,
1621 1757 1682 1810 δν
1738 1754 1852 1825 ἐγὼ

1970 1765 2087 1814 tur:
2125 1757 2298 1812 liomo
2339 1757 2601 1828 paciﬁcus
2647 1772 2824 1825 meus,
2867 1756 2970 1811 hoc
2988 1767 3094 1822 est,
3144 1753 3356 1810 amicus
3393 1767 3547 1806 meus

293 1843 421 1910 μετὲ
454 1845 564 1896 τῶν
615 1845 794 1900 ἀλλων
854 1849 1115 1918 μαθητῶν
1171 1849 1418 1920 ἔτρεφον,
1494 1847 1850 1918 ἐμεγάλυνεν,

289 1936 443 2006 lira-av
495 1939 845 2008 ἰκραταίωσε
906 1941 1028 1994 κατ’
1088 1941 1223 2012 ἐμοῦ
1278 1941 1452 1996 δόλον.
1519 1942 1855 2012 Πτερνισμδς

288 2032 410 2094 γὰρ,
441 2028 469 2079 6
499 2029 674 2096 δόλος,
703 2031 768 2084 ἐκ
800 2032 1120 2104 μεταφορᾶς
1170 2029 1266 2094 τοῦ
1317 2031 1770 2094 ὑποσκελίζοντος
1799 2029 1858 2081 ιν

288 2122 486 2195 πτέρνῃ
543 2123 641 2178 τδν
708 2125 998 2196 τρέχοντα.
1068 2125 1443 2196 Ἐκραταίωσε
1517 2123 1574 2178 δὲ
1631 2121 1857 2189 τοῦτον,

284 2214 366 2267 διὰ
403 2219 502 2287 τῆς
541 2217 685 2287 πρὸς
713 2219 840 2284 τοὺς
864 2218 1147 2290 ἀρχιερεῖς
1190 2219 1286 2273 καὶ
1325 2217 1682 2290 Γραμματεῐς
1716 2231 1862 2286 συμ-

286 2305 506 2375 φωνίας.

286 2399 461 2454 dolum
496 2402 764 2461 adversus
789 2404 1090 2473 Christum,
1118 2417 1352 2474 eumque
1395 2401 1635 2472 quodam
1688 2400 1850 2454 modo
1893 2398 2271 2469 supplantavit
2329 2416 2342 2453 :

1959 1847 2154 1912 Iudas,
2207 1849 2263 1902 in
2316 1864 2427 1921 quo
2481 1849 2648 1903 veluti
2700 1848 2757 1903 in
2793 1864 2880 1903 me
2938 1849 3060 1918 ipso
3114 1846 3361 1901 conlisus
3402 1859 3550 1908 sum,

1963 1959 2128 2016 quem
2167 1945 2336 2000 etiam
2391 1944 2560 2000 simul
2607 1958 2732 1999 cum
2787 1942 2913 1997 aliis
2967 1941 3257 2010 discipulis
3297 1938 3550 2003 educavi,

1967 2035 2367 2106 Inagniilcavit.
2410 2035 2517 2090 hoc
2550 2043 2657 2102 est,
2696 2033 2977 2090 roboravit
3026 2031 3550 2102 supplantationem,

1969 2127 2077 2181 hoc
2104 2135 2211 2190 est,
2252 2125 2440 2181 dolum
2474 2133 2668 2180 contra
2719 2140 2856 2180 me:
2910 2122 3055 2194 quod
3107 2138 3177 2179 ex
3230 2120 3552 2190 metaphora

1970 2231 2162 2272 eorum
2190 2216 2398 2272 dictum
2428 2223 2536 2282 est,
2569 2216 2661 2287 qui
2712 2216 2852 2270 inter
2901 2213 3261 2274 currendum.
3290 2211 3550 2267 caicaneo

1969 2305 2206 2376 aliquem
2240 2306 2427 2362 dolose
2459 2307 2832 2378 supplantant.
2867 2304 3131 2361 Firmavit
3164 2315 3346 2359 autem
3376 2300 3547 2357 Judas

2413 2399 2775 2457 conventione
2813 2397 3072 2454 nimirum
3152 2413 3216 2454 se
3262 2398 3549 2467 conspira-

287 2494 431 2550 tione
473 2497 595 2560 iila,
645 2512 753 2567 qua
787 2513 912 2552 cum
970 2497 1181 2556 Scribis
1225 2496 1371 2562 iniit,
1420 2504 1476 2552 et
1521 2510 1646 2551 cum
1694 2491 2066 2565 pontificibus.

352 2590 434 2645 Σὺ
461 2591 552 2655 δὲ,
591 2595 781 2660 Κύριε,
810 2591 1076 2660 ἐλέησόν
1098 2611 1198 2664 με,
1229 2594 1330 2649 καί
1365 2593 1726 2662 ἀνάστησόν
1765 2607 1863 2661 με.

289 2681 381 2735 καί
406 2683 816 2738 ἀνταποδώσω
843 2683 1070 2750 αὐτοῖς.
1103 2684 1176 2739 T6
1231 2687 1330 2757 μὲν
1391 2684 1708 2754 Ἐλέησον,
1765 2683 1863 2740 καί

288 2774 664 2842 ἀγάστησον,
696 2775 1169 2847 ἀνθρωποπρεπές
1197 2793 1212 2808 ·
1247 2777 1536 2850 ἄνθρωπος
1563 2777 1673 2848 γὰρ
1707 2793 1866 2846 γεγο-

291 2864 411 2928 νὼς,
441 2867 503 2918 οὗ
539 2869 844 2940 παρῃτεῖτο
870 2867 970 2937 τὴν
1000 2871 1083 2933 εἰς
1107 2869 1242 2923 Θεὸν
1276 2869 1510 2931 ἰκεσίαν,
1544 2869 1574 2924 6
1608 2869 1707 2938 τῆς
1765 2868 1866 2937 φύε-

293 2972 422 3018 dam;
457 2957 596 3010 ἴδιον
617 2974 632 2989 ο
669 2959 1018 3028 προσηύξατο
1067 2961 1180 3030 γάρ
1212 2960 1499 3023 πολλάκις.
1527 2959 1604 3013 T6
1645 2959 1702 3014 δὲ
1743 2961 1866 3014 Ἀν-

291 3048 636 3112 ταποόώσω,
701 3049 1024 3121 θεοπρεπὲς.

292 3138 567 3209 ⁸προδοὺς
608 3139 905 3211 Ῥωμαίοις

1104 3052 1480 3108 Ἀνταπὲεωκε
1535 3052 1595 3106 δὲ
1652 3053 1860 3116 αὐτοῖς,

367 3409 471 3465 Ἑν
509 3412 707 3476 τούτῳ
732 3412 945 3482 ἔγνων,
981 3413 1071 3466 ὅτι
1098 3410 1427 3480 τσθέληκάς
1448 3429 1545 3483 με,
1574 3413 1665 3467 ὅτι
1683 3414 1758 3468 οὐ
1783 3413 1869 3485 μὴ

289 3501 548 3572 ἐπιχαρῇ
601 3505 636 3556 ὁ
675 3503 888 3572 ἐχθρός
907 3523 1028 3574 μου
1076 3504 1172 3559 ἐπ’
1221 3504 1347 3575 ἐμὲ.
1390 3535 1462 3548 --
1510 3505 1866 3575 Τεθέληκας,

291 3593 408 3647 ἀντὶ
433 3595 534 3649 τοῦ
581 3596 905 3666 Ἦγάπησας
936 3613 949 3626 ο
978 3597 1010 3651 6
1044 3597 1153 3668 γάρ
1197 3615 1282 3666 τις
1304 3598 1515 3672 ἀγαπᾷ,
1564 3599 1724 3653 τοῦτο
1775 3598 1873 3652 xui.

294 3683 458 3740 θέλει.
498 3685 595 3738 Ἐν
617 3685 814 3758 τούτῳ,
847 3690 1032 3760 φησὶν,
1063 3688 1239 3755 ἔγνων
1284 3691 1368 3744 ὅτι
1428 3689 1723 3760 ἠγάπησάς
1778 3706 1869 3759 με,

293 3779 350 3829 ἰν
377 3777 457 3848 τῷ
489 3779 572 3849 μὴ
601 3779 930 3851 ἐπιχαρῆναι
954 3781 1046 3836 τὸν
1075 3781 1271 3852 ἐχθρόν
1301 3800 1404 3854 μου
1440 3783 1528 3837 ἀπ’
1587 3782 1712 3850 tisi,
1745 3799 1870 3836 του-

293 3869 475 3924 τέστιν
504 3874 569 3926 ὲν
597 3869 678 3944 τῷ
712 3872 988 3943 ἀναζῆσαί
1021 3890 1112 3945 με,
1153 3874 1249 3928 καὶ
1282 3875 1342 3930 ἐν
1399 3873 1480 3946 τῷ
1528 3876 1871 3948 κηρυχθῆναι

293 3963 350 4014 τὸ
375 3963 556 4033 δνομά
586 3982 690 4035 μου
719 3967 800 4030 εἰς
817 3965 951 4037 ὅλην
976 3966 1076 4037 τὴν
1099 3966 1455 4039 οἰκουμένην,
1485 3965 1515 4020 6
1553 3967 1698 4042 λύπη
1722 3969 1873 4023 ἐστὶν

293 4054 461 4123 αὐτῷ.
507 4056 750 4120 Ἐκεῖνος
778 4056 890 4126 γὰρ
925 4056 1102 4128 (qui,
1153 4058 1216 4112 ἰδ
1273 4059 1568 4114 ἀποθανεῖν
1628 4077 1719 4131 με,
1777 4060 1874 4115 καὶ

294 4150 596 4205 ἀπολέσθαι
655 4152 717 4206 τὸ
775 4153 950 4225 ὄνομα
1000 4172 1128 4224 μου.
1168 4155 1397 4228 Ἐχθρδν
1438 4156 1496 4210 δὲ
1527 4157 1740 4229 νοήσεις
1777 4157 1874 4212 καὶ

300 4243 382 4294 εδν
414 4242 668 4297 διάϐολον
727 4243 824 4298 καὶ
862 4244 954 4300 τὸν
987 4246 1204 4303 Ἰούδαν.

385 4508 571 4578 Ἑμοῦ
623 4507 692 4563 δὲ
728 4508 825 4565 διὰ
876 4509 991 4578 τὴν
1039 4513 1321 4579 ἀκακίαν,
1360 4513 1714 4571 ἀντιλάϐοι).
1761 4516 1874 4570 Καὶ
1901 4476 1948 4533 θ

305 4600 493 4667 ιαῦτα,
520 4602 600 4663 ὡς
627 4601 738 4655 ἀπ’)
767 4602 864 4656 τοῦ
891 4602 1329 4675 προσλήμματος
1359 4619 1376 4637 ⁸
1426 4605 1669 4662 ἀκακίαν
1689 4605 1748 4660 δι
1784 4606 1875 4660 λι-

302 4709 384 4838 ιζει
443 4693 549 4764 τὴν
607 4693 953 4765 καθαρότητα
982 4709 998 4724 ·
1052 4697 1335 4766 ’Δνομίαν
1363 4696 1494 4768 γάρ,
1541 4697 1731 4771 φησὶν,
1762 4699 1877 4754 οὐκ

329 4786 572 4854 ποίησε.

377 4960 485 5014 Καὶ
519 4959 881 5026 “Muli-mh:
894 4976 972 5030 με
995 4961 1253 5016 ἐνώπιόν
1274 4976 1395 5018 σου
1424 4965 1513 5031 εἰς
1530 4964 1637 5020 τὸν
1663 4967 1873 5032 αἰῶνα,

306 5053 414 5106 Καὶ
440 5053 668 5125 ἴδρυσάς
702 5070 772 5124 με
796 5054 948 5125 παρά
978 5055 1191 5126 σεαυτῷ
1212 5072 1228 5088 ο
1269 5054 1466 5111 Κάθου
1509 5058 1639 5130 γὰρ,
1687 5061 1882 5129 φησὶν,

308 5145 370 5198 ἐι
390 5145 610 5209 δεξιῶν
625 5161 767 5215 μου,
793 5143 905 5212 ἕως
933 5144 1014 5200 ἂν
1049 5143 1132 5201 θῶ
1153 5146 1295 5214 τοὺς
1319 5147 1565 5217 ἐχθρούς
1593 5165 1712 5204 σου
1735 5153 1882 5204 ὐπο-

311 5237 523 5292 κόδιον
546 5235 666 5291 τῶν
689 5238 893 5294 ποδῶν
914 5253 1052 5295 σου.

377 5332 726 5403 Εὐλογητὸς
775 5333 992 5403 Κύριος
1039 5338 1074 5389 ό
1101 5333 1245 5401 Θεὸς
1308 5332 1558 5402 Ἰσραὴλ
1605 5335 1725 5391 ἀπὸ
1769 5334 1878 5390 τοῦ

331 5421 568 5488 αἰῶνος.
601 5422 702 5477 καί
751 5426 840 5492 εἰς
896 5424 1006 5479 τὸν
1063 5422 1252 5480 αἰῶνα
1279 5441 1293 5456 ·
1333 5423 1584 5494 γένοιτο,
1628 5426 1880 5494 γένοιτο.

2043 2587 2209 2644 Vens.
2235 2589 2322 2645 il.
2365 2588 2440 2643 Tu
2465 2600 2665 2654 autem,
2695 2587 2936 2653 Domine,
2965 2587 3218 2644 miserere
3245 2589 3368 2653 nisi,
3391 2602 3439 2644 et
3469 2604 3553 2644 re-

1967 2681 2171 2734 suscita
2201 2696 2307 2746 me,
2349 2690 2409 2734 et
2438 2683 2728 2736 retribuam
2771 2681 2867 2736 eis.
2917 2678 3077 2748 Quod
3107 2681 3185 2735 ait
3221 2678 3464 2736 Miserere
3493 2692 3552 2737 et

1971 2770 2276 2838 Resuscita,
2313 2780 2371 2826 ut
2408 2774 2476 2828 ab
2507 2773 2729 2829 nomine
2761 2773 2970 2828 dictum
3016 2781 3122 2830 est.
3174 2772 3350 2831 iiomo
3402 2773 3550 2829 enim

1969 2863 2231 2918 Christus
2257 2878 2384 2920 cum
2420 2875 2588 2929 esset,
2623 2880 2732 2920 non
2767 2866 3040 2921 recusavit
3068 2880 3258 2937 preces
3287 2866 3354 2920 ad
3380 2865 3548 2921 Deum

1972 2953 2240 3023 fundere;
2272 2958 2407 3027 quin
2446 2957 2558 3013 imo
2601 2957 2745 3027 quod
2795 2969 3006 3014 natura
3051 2958 3304 3014 humana:
3332 2958 3551 3028 proprie

1970 3049 2249 3115 convenit,
2281 3063 2662 3117 saepenumero
2683 3048 2748 3103 ad
2781 3048 2951 3103 Deum
2983 3050 3198 3105 orabat.
3226 3047 3382 3115 Quod
3415 3063 3550 3103 vero

1892 3143 1940 3207 ο
1971 3141 2068 3206 ait,
2124 3137 2459 3204 Retribuam,
2505 3141 2572 3196 ad
2599 3141 2748 3196 illius
2785 3141 3130 3196 divinitatem
3157 3142 3410 3210 pertinet.
3443 3139 3550 3197 Re-

1975 3232 2169 3288 tribuit
2194 3240 2374 3286 autem
2411 3234 2629 3302 quando
2657 3247 2754 3290 eos
2800 3232 3062 3289 Romanis
3102 3233 3410 3305 perdendos
3440 3245 3549 3290 tra—

1972 3322 2136 3380 didit.

2045 3413 2214 3471 Vess.
2251 3415 2334 3470 i2.
2366 3413 2432 3470 In
2469 3416 2564 3471 hoc
2602 3417 2839 3490 cognovi,
2893 3419 3144 3488 quoniam
3201 3418 3415 3473 voluisti
3445 3433 3546 3480 me,

1975 3509 2231 3577 quoniam
2287 3524 2392 3561 non
2453 3509 2703 3579 gaudebit
2761 3510 3006 3563 inimicus
3056 3525 3200 3563 meus
3253 3525 3411 3578 super
3443 3525 3544 3562 me.

1978 3597 2242 3660 Voluisti.
2275 3601 2378 3655 hoc
2409 3609 2518 3666 est,
2551 3599 2782 3656 Amasti.
2820 3599 2954 3654 Nam
2997 3599 3144 3670 quod
3199 3599 3323 3670 quis
3375 3606 3546 3662 amat,

1973 3688 2109 3746 illud
2133 3691 2296 3747 etiam
2327 3691 2532 3747 habere
2574 3692 2749 3761 cupit.
2835 3691 2893 3745 In
2944 3690 3050 3746 hoc
3102 3689 3333 3762 cognovi
3399 3690 3546 3758 quod

1970 3783 2170 3840 amasti
2235 3797 2323 3838 me
2360 3822 2379 3848 ,
2441 3784 2593 3853 quod
2648 3797 2755 3838 non
2819 3783 3042 3853 gavisus
3085 3789 3172 3837 est
3237 3794 3405 3851 super
3460 3796 3548 3835 me

1973 3874 2232 3932 inimicus
2258 3889 2416 3930 meus
2443 3873 2591 3946 quod
2616 3875 2882 3930 nimirum
2921 3873 3342 3938 resurrexerim,
3371 3872 3549 3943 quod-

1971 3980 2083 4035 que
2113 3979 2316 4021 nomen
2363 3981 2546 4020 rueum
2602 3966 2656 4021 in
2701 3965 2963 4022 universo
3005 3967 3142 4023 orbe
3188 3963 3550 4036 praedicatum

1972 4060 2058 4109 est
2095 4069 2110 4108 ε
2142 4068 2266 4124 qua
2309 4069 2402 4108 res
2445 4053 2686 4110 inimicis
2732 4054 2874 4111 meis
2913 4055 3153 4110 maximo
3203 4053 3308 4109 iuit
3346 4051 3546 4108 dolori.

1973 4145 2312 4212 Qumrebant
2377 4144 2529 4201 enim
2577 4155 2636 4200 ut
2687 4160 2957 4210 morerer,
2997 4155 3055 4202 et
3102 4160 3302 4200 nomen
3364 4159 3548 4200 meum

1975 4251 2208 4308 prorsus
2252 4237 2524 4292 interiret.
2555 4236 2716 4293 Potes
2765 4237 2934 4292 etiam
2980 4252 3076 4308 per
3125 4235 3412 4292 inimicum
3461 4235 3550 4290 vel

1973 4329 2323 4395 iitemonem,
2374 4329 2457 4385 vel
2526 4329 2706 4398 ipsum
2759 4327 2959 4384 ludam
3010 4327 3270 4399 privatim
3331 4325 3551 4382 intelli—

1973 4436 2121 4492 gere.

2049 4511 2216 4570 Vsus.
2243 4513 2332 4568 {5.
2368 4513 2451 4568 He
2469 4522 2642 4568 autem
2663 4523 2875 4584 propter
2889 4513 3244 4570 innocentiam
3268 4511 3546 4581 adjuuisti.

1977 4602 2108 4662 llaec
2155 4603 2323 4659 verba
2355 4603 2522 4660 simili
2551 4605 2717 4661 modo
2743 4604 2815 4660 ab
2841 4613 3126 4673 assumpta
3175 4617 3344 4658 carne
3396 4602 3541 4657 dicta

1975 4707 2125 4755 sunt.
2147 4695 2254 4752 Per
2273 4694 2648 4752 innocentiam
2682 4706 2863 4753 autem
2892 4694 3240 4758 munditiam,
3261 4703 3316 4749 et
3337 4693 3546 4764 purita-

1975 4796 2085 4846 tem
2142 4787 2398 4859 intelligit
2454 4806 2470 4844 :
2535 4786 2882 4859 Iniquitatem
2940 4787 3122 4852 enim,
3189 4786 3402 4856 inquit,
3442 4800 3545 4838 non

1971 4880 2118 4950 fecit.

2053 4971 2118 5026 Et
2164 4972 2397 5042 ﬁrmasti
2433 4989 2511 5026 me
2542 4973 2594 5025 in
2637 4980 2914 5037 conspectu
2947 4980 3034 5024 tuo
3070 4971 3125 5024 in
3175 4969 3446 5026 secutum.
3480 4969 3545 5022 Et

1976 5063 2260 5126 staliilisti,
2294 5061 2493 5132 inquit,
2519 5077 2605 5117 me
2636 5077 2804 5130 penes
2828 5061 3100 5131 te;justa
3139 5061 3272 5115 illud
3310 5077 3324 5114 :
3352 5058 3485 5114 Sede
3512 5077 3542 5111 a

1976 5154 2176 5208 dextris
2211 5153 2363 5218 meis,
2403 5153 2746 5224 quoadusque
2775 5169 2970 5221 ponam
2996 5153 3236 5207 inimicos
3264 5160 3381 5206 tuos
3407 5166 3539 5221 sup.

1974 5245 2267 5314 pcdaneum
2293 5243 2484 5313 pedum
2508 5255 2721 5300 tuorum
2744 5246 2812 5301 ³⁸.

2053 5337 2221 5392 Vsus.
2248 5336 2338 5393 ﬂ.
2367 5335 2679 5390 Benedictus
2711 5334 2965 5391 Dominus
2993 5334 3133 5389 Deus
3164 5331 3337 5388 Israel
3371 5349 3406 5386 ε
3434 5336 3540 5386 sc-

1982 5426 2120 5490 culo,
2144 5436 2194 5481 et
2224 5427 2280 5480 in
2307 5428 2561 5481 secutum
2596 5445 2614 5481 :
2645 5427 2763 5497 ﬁat,
2812 5426 2930 5495 ﬁat.
2958 5425 3094 5481 Cum
3137 5439 3259 5495 qua:
3302 5423 3541 5477 diximus

317 5515 736 5587 Προαγορεῠσας
756 5515 786 5569 6
806 5515 972 5572 Δαϐὶδ
997 5515 1066 5571 τὰ
1103 5514 1361 5588 ρηθέντα,
1400 5517 1494 5572 καὶ
1523 5516 1620 5587 τὴν
1643 5517 1868 5589 ἀῤῥητοι

1985 5517 2170 5574 omnia
2217 5517 2528 5588 praedixerit
2560 5517 2754 5573 beatus
2803 5516 2989 5581 David,
3041 5523 3098 5570 et
3147 5524 3416 5568 summam
3445 5508 3539 5562 Dei

378 5674 420 5705 ³¹
463 5673 605 5730 Paul.
636 5690 747 5742 cu,
783 5681 832 5734 Ι.
