4014 6248
518 258 620 323 46Ἰ

1718 275 2097 340 EUTHYMII
2138 282 2500 345 ZIGABENI

3650 299 3742 363 468

517 373 958 432 misericordiam
991 393 1056 434 ac
1102 380 1435 440 ineffabilem
1487 387 1783 455 quamdam
1812 391 1932 460 ejus
1959 408 2085 449 con«

2205 401 2623 466 ωγκατάὃασιν
2646 404 2743 457 καὶ
2766 401 3179 475 φιλανθρωπίαν
3217 406 3311 459 τοῦ
3362 408 3599 474 Σωτῆρος
3624 411 3733 462 ἀπο·

516 467 958 538 deseensionem,
1001 475 1172 531 multa
1206 491 1330 532 cum
1357 480 1716 538 admiratione
1752 488 2088 550 narraverit,

514 554 779 624 hymnum
815 558 1102 632 deinceps.
1158 574 1214 619 et
1276 565 1496 624 laudem
1548 571 1597 626 ei
1644 574 1795 629 canit
1843 574 2091 634 dicens:

511 642 845 703 Laudandus
871 661 957 705 est
978 652 1124 711 Deus
1152 658 1265 712 veri
1296 658 1538 731 lsraelis,
1569 665 1674 721 hoc
1702 676 1812 732 est,
1848 668 1879 721 ti

510 844 653 897 mus,
695 848 1038 903 exponentes
1082 844 1419 903 versiculum
1477 850 1630 905 illum
1670 870 1686 907 :
1721 852 1927 909 Timent
1969 874 2087 913 eum

505 938 661 977 omne
697 942 873 985 semen
905 928 1101 987 Israel.
1143 933 1476 996 Laudandus
1515 953 1695 998 autem
1744 948 1813 1002 ab
1851 948 1954 1004 hoc
1987 964 2090 1005 sae-

503 1013 634 1068 culo
665 1030 843 1087 usque
869 1020 937 1076 ad
973 1021 1241 1081 futurum.
1280 1029 1358 1085 Ac
1400 1031 1621 1088 demum
1654 1046 1793 1103 orat,
1831 1048 1887 1095 et
1944 1043 2087 1098 votis

503 1108 761 1164 omnibus
796 1115 982 1181 poscit
1011 1116 1255 1174 futuram
1300 1124 1441 1179 hanc
1486 1126 1702 1182 Domini
1752 1131 2090 1190 incarnatio-

502 1211 651 1264 nem,
682 1202 749 1257 de
775 1221 882 1274 qua
905 1221 1071 1279 supra
1098 1212 1316 1271 locutus
1344 1225 1451 1283 est,
1471 1234 1636 1287 quam
1664 1222 1920 1279 celeriter
1944 1226 2087 1295 ﬁeri,

2205 492 2513 560 Θαυμάσας,
2546 493 2717 565 ὕμνον
2748 495 2897 567 αὐτῷ
2934 497 3226 566 σχεδιάζει,
3258 498 3432 565 λέγων
3472 516 3484 529 ·
3517 504 3737 573 Rumpi-,-

2203 586 2324 649 τιος
2362 588 2391 639 ό
2424 585 2557 650 Θεὸς
2592 587 2687 642 τοῦ
2743 590 2951 659 κυρίως
2995 589 3232 660 Ἰσραὴλ,
3268 594 3297 645 ὅ
3335 594 3469 655 ἐστι,
3532 594 3629 647 τῶν
3672 615 3737 649 πι-

1887 668 2091 727 delium
2203 678 2373 741 στῶν,
2405 679 2482 742 ὠς
2515 682 2574 733 ἑν
2597 679 2675 750 τῷ
2704 686 2789 735 κα⁹
2816 681 3018 752 ψαλμῷ
3048 685 3395 754 προέφημεν,
3451 686 3738 755 ἑρμηνεύονο

510 737 680 805 Deus,
737 746 1207 811 quemadmodum
1271 753 1327 807 in
1378 770 1471 811 ut
1527 759 1739 826 psalmo
1789 762 2091 819 declaravi-

2202 784 2293 831 τες
2322 767 2382 823 τό
2418 786 2431 800 ⁶
2474 772 2793 839 Φοϐηθήτω
2820 772 2896 839 δὴ
2923 774 3027 828 ἀπ’
3053 775 3240 829 αὐτοῦ
3266 777 3428 829 ἅπαν
3454 780 3513 828 τὸ
3537 779 3741 845 σπέρμα

2211 860 2463 929 Ἰσραήλ
2485 879 2498 891 °
2550 864 2658 918 ἀπὸ
2684 864 2743 918 δὲ
2772 866 2865 918 τοῦ
2890 865 2986 919 νῦν
3018 867 3219 929 αἰῶνος
3243 869 3338 919 καὶ
3368 868 3492 937 ἄχρι
3524 869 3611 920 τοῦ
3637 871 3741 937 μέλ-

2195 955 2403 1020 λοντος.
2440 954 2574 1012 Εἶτα
2606 960 2897 1033 ἐπεύχεται
2946 962 3177 1030 ταχῦναι
3228 962 3323 1015 τοῦ
3373 963 3630 1015 Δεσπότου
3660 962 3743 1029 τὴν

2193 1050 2633 1121 ὲνανθρὼπησιν,
2694 1054 2752 1107 ιν
2808 1054 2885 1125 τῷ
2925 1057 3131 1119 εἰπεῖν,
3198 1057 3463 1120 Γένοιτο,
3518 1057 3742 1125 γένοιτο.

2196 1141 2414 1198 Νοεῖται
2437 1145 2493 1199 δὲ
2519 1146 2591 1200 τὰ
2611 1148 2875 1215 ρηθέντα
2910 1163 2922 1177 ⁸
2953 1150 3209 1203 ἐπίτασιν
3228 1150 3285 1202 δὲ
3315 1150 3478 1219 εὐχῆς
3533 1151 3560 1201 ὁ
3579 1149 3741 1202 διπλα-

2198 1234 2427 1303 σιασμὸς
2458 1236 2549 1289 τοῦ
2582 1238 2829 1295 ι’ένοιτο
2858 1243 3120 1314 παριστᾷ.

496 1290 689 1397 dicens
732 1314 747 1351 :
784 1296 935 1365 Fiat,
974 1302 1091 1365 ﬁat.
1130 1303 1496 1379 intelligimus
1553 1314 1699 1369 enim
1748 1290 2082 1388 Prophetarn
2119 1332 2312 1395 optare
2330 1290 2399 1382 .id
2446 1330 2592 1400 quod
2626 1333 2881 1402 superius
2937 1290 3098 1389 dixit:
3175 1334 3269 1389 Illa
3332 1343 3512 1389 autem
3568 1333 3742 1403 repeti-

499 1385 580 1442 tio
630 1392 806 1456 veriti,
880 1394 1029 1464 Fiat,
1093 1404 1362 1461 orationis
1425 1407 1793 1467 intensioncm
1849 1416 2213 1479 demonstrat.

712 1486 781 1540 In
820 1491 980 1559 ﬁnem
1016 1495 1072 1548 in
1105 1498 1517 1570 intelligentiam
1556 1507 1685 1575 ﬁliis
1714 1506 1867 1565 Core.

1031 1588 1356 1650 PSALMUS
1404 1595 1541 1651 XLI.

571 1669 647 1728 De
678 1675 803 1733 ﬁliis
841 1678 984 1737 Core
1029 1684 1271 1742 diximus
1327 1689 1379 1744 in
1438 1690 1714 1750 Prommio
1752 1700 1959 1765 operis.
2020 1700 2085 1756 In
2120 1691 2161 1747 Β
2263 1713 2337 1765 [is

498 1763 654 1829 finem
683 1768 1013 1828 inscribitur
1042 1787 1269 1847 prepter
1311 1782 1650 1852 prophetias,
1684 1763 1807 1858 quas
1839 1789 1926 1845 hic
1947 1806 2085 1849 con-

498 1855 766 1925 tinentur,
801 1874 857 1919 et
895 1867 961 1920 ad
995 1868 1156 1923 linem
1213 1873 1536 1932 tendebant.
1579 1855 1717 1934 Cum
1755 1883 1899 1938 enim
1930 1884 2081 1941 futu-

498 1965 621 2007 rum
656 1967 825 2020 esset,
858 1966 913 2010 ut
958 1959 1313 2020 llcbrreorum
1350 1971 1588 2039 populus
1622 1972 1694 2028 ob
1723 1978 1941 2046 propria
1983 1981 2084 2037 de-

496 2043 624 2100 licta
662 2048 729 2101 ah
757 2050 1000 2121 Assyriis
1029 2056 1080 2107 in
1113 2055 1443 2129 Babylonem
1477 2066 1734 2132 captivus
1764 2043 2080 2136 duceretur,

496 2137 585 2192 ubi
613 2154 716 2193 ιιι
744 2144 907 2197 annis
934 2145 1193 2203 detentus
1226 2158 1330 2212 cst.
1370 2154 1678 2220 praevidens
1748 2158 1853 2211 hoc
1883 2159 2079 2218 beatus

497 2228 693 2293 David.
734 2244 921 2304 utpote
961 2239 1290 2307 prophetico
1354 2244 1568 2300 aliiatus
1623 2250 1844 2318 spiritu,
1901 2253 1972 2323 pii
2020 2269 2083 2310 ac

496 2321 738 2393 religiosi
775 2327 1160 2401 cujuscunque
1196 2331 1371 2388 Judaei
1426 2336 1479 2389 iu
1529 2342 1851 2408 captivitate
1880 2321 2083 2413 degen-

495 2414 567 2469 tis
622 2432 916 2485 personam
978 2424 1168 2491 sumit,
1208 2426 1261 2478 in
1301 2431 1558 2496 prtesenti
1600 2435 1833 2498 psalmo,
1904 2438 2078 2492 veluti

496 2506 759 2573 Danielis,
795 2511 1115 2579 Ezechielis,
1153 2519 1317 2572 trium
1346 2536 1668 2591 puerorum.
1702 2538 1755 2580 et
1786 2529 2073 2597 similium,

495 2607 549 2652 et
575 2611 761 2657 narrat
784 2620 905 2674 qua:
934 2617 1062 2662 tunc
1086 2613 1356 2681 temporis
1390 2618 1737 2685 contigerint.
1806 2619 1873 2674 In
1925 2624 2081 2679 inte!-

496 2690 771 2758 tigentiam
801 2710 930 2750 vero
971 2698 1132 2763 dixit,
1165 2700 1448 2770 judicans,
1476 2708 1621 2775 quod
1659 2711 1753 2779 qui
1790 2711 1930 2767 inter
1959 2714 2082 2771 illos

498 2781 693 2850 majori
720 2798 876 2841 erant
911 2790 1120 2857 [διαξιίίιί
1152 2792 1535 2865 intelligentia,
1572 2798 1707 2862 hate,
1756 2812 1853 2856 aut
1888 2804 2083 2875 hujus-

496 2875 643 2929 tnndi
686 2879 853 2934 verba
879 2881 945 2936 ad
985 2880 1152 2939 Deum
1187 2886 1522 2944 clamabant.
1578 2891 1692 2956 Vel,
1748 2910 1811 2950 ea
1844 2901 2078 2963 ratione,

501 2971 625 3035 quia
667 2972 734 3025 ad
764 2974 1177 3045 percipiendum
1206 2980 1374 3034 totius
1406 2983 1602 3051 ps;:ltni
1638 3001 1884 3054 sensum,
1910 2993 2078 3046 multa

501 3064 691 3117 lectori
724 3080 863 3133 opus
895 3077 978 3122 est
1020 3069 1400 3141 intelligentia.

576 3159 742 3213 Vens.
773 3159 829 3216 9..
863 3160 1327 3227 Quemadmodum
1361 3169 1628 3225 desiderat
1684 3188 1837 3226 cerva
1868 3174 1937 3227 ad
1964 3174 2085 3243 fon-

501 3259 575 3304 tes
612 3267 892 3319 aquarum,
923 3254 1000 3307 ita
1033 3253 1302 3311 desiderat
1334 3260 1516 3316 anima
1544 3280 1656 3317 mea
1685 3264 1754 3318 ad
1807 3275 1879 3327 te.
1922 3262 2081 3321 Deus.

500 3340 761 3397 Ardentis
821 3345 1085 3401 desiderii
1130 3345 1533 3404 Vehementiam
1570 3354 1861 3410 ostendere
1896 3357 2087 3411 volens

501 3433 800 3503 Propheta,
850 3452 1073 3494 cervam
1110 3456 1376 3512 perquam
1414 3444 1752 3501 sitibundam
1807 3450 1860 3502 in
1895 3464 2079 3527 exem-

501 3528 651 3596 plum
684 3532 954 3598 sumpsit;
1005 3549 1128 3603 quae
1154 3550 1276 3589 cum
1308 3546 1363 3591 et
1392 3548 1584 3609 suapte
1628 3552 1824 3595 natura
1855 3543 2081 3599 calidis-

500 3618 639 3673 sima
666 3621 760 3686 sit,
784 3634 840 3676 et
870 3624 1146 3692 reptilium
1180 3642 1243 3680 ac
1278 3639 1601 3698 serpentmn
1636 3632 1923 3696 carnibus,
1957 3635 2083 3703 qui-

498 3714 604 3770 lms
634 3716 777 3770 vesci
819 3716 981 3782 solet,
1014 3718 1191 3789 magis
1221 3719 1388 3774 etiam
1418 3722 1772 3789 incendatur,
1810 3741 2079 3795 aquarum

499 3805 683 3862 fontes
717 3823 881 3878 quam
918 3810 1156 3865 maxime
1184 3822 1356 3879 amat,
1416 3823 1470 3868 et
1521 3815 1670 3869 circa
1729 3832 1827 3873 eos
1863 3832 2085 3887 semper

499 3901 704 3955 versari
735 3902 907 3969 cupit.
948 3902 1270 3962 Desiderare
1302 3914 1486 3961 autem
1523 3909 1610 3963 hic
1645 3909 1823 3978 posuit
1850 3924 1950 3978 pro
1980 3906 2086 3966 Fe-

498 3993 746 4059 stinare;
793 3992 857 4048 Et
889 3995 962 4049 ita
994 3994 1194 4065 Aquila
1244 3998 1510 4052 reddidit.
1556 3998 1621 4053 Et
1654 4000 1801 4069 quod
1835 4000 1915 4055 ait
1944 4018 1957 4056 :
1996 4000 2087 4054 Ita

500 4085 769 4139 desiderat
799 4090 979 4141 anima
1014 4106 1128 4142 mea
1159 4089 1227 4142 ad
1261 4099 1329 4155 te,
1374 4091 1621 4159 inquam,
1653 4091 1994 4148 habitantem
2026 4093 2083 4150 in

498 4174 829 4232 Jerusalem.
866 4177 1102 4235 Putabat
1144 4181 1289 4235 enim
1329 4182 1564 4251 populus
1599 4184 1692 4253 qui
1718 4184 1773 4238 in
1808 4182 2084 4255 Babylone

2292 1525 2396 1590 Είς
2431 1523 2498 1578 τὸ
2528 1524 2703 1593 τέλος
2732 1529 2818 1591 είς
2854 1528 3116 1581 σύνεσιν
3152 1527 3275 1594 τοῖς
3301 1529 3456 1594 υιοῖς
3496 1528 3651 1597 Κσρέ.

2730 1620 3026 1673 ΨᾹΔΜΟΣ
3071 1622 3209 1675 MA'.

2348 1714 2403 1784 ρὶ
2439 1716 2538 1783 μὲν
2561 1712 2671 1767 τῶν
2703 1712 2838 1766 υἱῶν
2901 1715 3069 1784 Κορὲ,
3111 1716 3527 1786 προειρήκαμεν
3579 1717 3631 1768 ὲν
3679 1714 3746 1783 τῷ

2189 1806 2464 1877 προοιμίῳ
2500 1805 2600 1875 τῆς
2626 1807 2910 1877 παρούσης
2944 1807 3152 1877 βίϐλου.
3207 1811 3314 1873 Εἰς
3370 1808 3438 1861 τὸ
3496 1808 3662 1872 τέλος
3697 1808 3747 1861 δὲ

2186 1898 2627 1969 ἐπιγέγραπται,
2675 1898 2761 1953 διὰ
2810 1899 2910 1964 τὰς
2968 1901 3028 1954 ὲν
3070 1900 3245 1970 τούτῳ
3301 1901 3648 1970 προφητείας,
3679 1900 3749 1959 είς

2184 1990 2337 2053 τέλος
2397 1990 2785 2062 ἑπειγομένας,
2843 1991 2999 2045 Ἐπεὶ
3060 1992 3169 2060 γὰρ
3235 1990 3462 2060 ἔμελλον
3528 1991 3748 2059 Ἐὗραίοε

2187 2085 2396 2155 χρόνοις
2419 2083 2648 2156 ὕστερον
2670 2087 2821 2153 παρὰ
2843 2084 3207 2138 Βαϐυλωνίων
3231 2084 3747 2155 αἰχμαλωτισοῆναι,

2182 2178 2271 2230 διὰ
2298 2177 2398 2241 τὰς
2433 2178 2668 2246 ἀνομίας
2696 2176 2900 2242 αὐτῶν,
2937 2178 3032 2230 καὶ
3054 2177 3342 2244 διαγαγεῖν
3394 2175 3747 2245 ἑϐδομήκοντα

2185 2272 2280 2338 ἔτη
2314 2274 2371 2325 ὲν
2428 2268 2765 2344 Βαϐυλῶνι,
2829 2268 3079 2338 κινηθεὶς
3144 2269 3248 2321 ὑπὸ
3301 2266 3397 2321 τοῦ
3459 2265 3748 2335 διορατικοῦ

2186 2364 2497 2432 πνεύματος
2538 2364 2565 2416 ό
2624 2363 2811 2425 Δαϐιδ,
2861 2361 3123 2414 ἀνέλαόεν
3181 2362 3478 2431 πρόσωπον
3538 2359 3751 2413 ἑκάστου

2184 2455 2295 2508 τῶν
2335 2455 2744 2526 εὐσεὸεστέρων
2782 2456 2839 2508 ὲν
2888 2455 3003 2518 τοῖς
3059 2454 3452 2523 αίχμιλὼτοις,
3505 2448 3612 2506 οἷον
3665 2450 3750 2503 τοῦ

2185 2548 2404 2617 Δανιὴλ,
2433 2547 2527 2601 τοῦ
2582 2546 2864 2618 ἰεζεκιὴλ,
2897 2548 3006 2601 τῶν
3030 2547 3197 2615 τριῶν
3235 2546 3467 2609 παίδων,
3511 2545 3601 2597 καὶ
3656 2542 3752 2596 τῶν

2186 2640 2466 2702 τοιούτων.
2500 2640 2596 2695 καὶ
2625 2640 2691 2695 τὰ
2724 2641 3071 2713 προκείμενα
3122 2632 3347 2705 διὲξεισι
3369 2658 3384 2669 ·
3447 2640 3506 2692 τὸ
3553 2638 3625 2698 δὲ,
3663 2640 3752 2701 Εις

2184 2736 2466 2799 σύνεσιν,
2487 2736 2798 2806 πρόκειται,
2824 2735 3115 2799 διδάσκων,
3145 2736 3227 2788 ὅτι
3255 2734 3592 2795 συνετισθεὶς
3638 2732 3751 2784 ἕκα-

2187 2845 2311 2892 στος
2360 2828 2563 2890 αὐτῶν,
2599 2828 2774 2883 ταῦτα
2827 2827 2957 2880 ἐϐόα
3009 2827 3145 2895 πρὸς
3194 2826 3373 2879 Θεόνο
3424 2824 3560 2898 nam
3608 2821 3753 2893 χρεία

2189 2922 2458 2985 συνέσεως
2490 2925 2601 2985 τοῖς
2638 2921 3081 2991 ἀναγινώσκουσι
3104 2920 3303 2975 ταῦτα.

2262 3172 2365 3225 Ὃν
2393 3170 2619 3237 τρόπον
2650 3167 2927 3223 ἐπιποθεῖ
2950 3170 2988 3236 ἡ
3016 3168 3244 3237 ἔλαφος
3269 3166 3367 3220 ἐπὶ
3412 3166 3521 3233 τὰς
3571 3164 3753 3233 πηγὰς

2182 3260 2303 3316 τῶν
2332 3260 2587 3325 ὑδάτων,
2614 3262 2804 3328 οὕτως
2835 3260 3111 3314 ἐπιποθεῖ
3160 3262 3197 3328 ἡ
3250 3258 3422 3329 ψυχή
3463 3275 3577 3327 μου
3616 3255 3753 3324 πρὸς

2184 3354 2280 3417 σὲ,
2306 3358 2338 3409 ό
2361 3356 2527 3420 Θεός.
2575 3354 2650 3406 Τὸ
2691 3352 2925 3423 σφοδρὸν
2960 3353 3060 3421 τῆς
3092 3352 3393 3421 ἐπιθυμίας
3418 3351 3751 3419 παραστῆσαι

2188 3446 2538 3517 βουλόμενος,
2565 3444 2924 3517 παράδειγμα
2970 3444 3071 3512 τὴν
3101 3442 3549 3513 διψητικωτάτην
3575 3439 3753 3503 ἔλαφον

2190 3536 2406 3591 ἔλαϐεν.
2439 3534 2592 3602 Αὕτη
2617 3536 2726 3607 γὰρ
2757 3534 2919 3604 φύσει
2951 3530 3088 3587 οὖσα
3139 3533 3341 3605 θερμὴ,
3402 3532 3499 3587 καὶ
3571 3530 3753 3599 μᾶλλον

2190 3628 2526 3700 ἰκκαιομένη
2556 3629 2679 3691 ταῖς
2716 3626 2879 3698 σαρξὶ
2913 3628 3022 3681 τῶν
3051 3626 3250 3696 ὄφεων,
3288 3626 3385 3688 οὒς
3416 3626 3504 3678 ἀεὶ
3565 3622 3755 3690 λαφύσ-

2191 3740 2295 3789 σει,
2349 3723 2582 3793 σφοδρὸν
2625 3722 2739 3792 εχει
2787 3722 2898 3777 τῶν
2942 3722 3135 3791 πηγῶν
3201 3721 3295 3774 τὸν
3350 3721 3553 3790 ἔρωτα.
3608 3717 3675 3769 Th
3704 3712 3755 3768 δὶ

2188 3818 2519 3883 Ἐπιποθεῖ,
2577 3820 2834 3887 σημαίνει
2889 3817 2952 3871 τὸ
3006 3817 3255 3880 Σπεύδει,
3315 3815 3413 3869 καὶ
3469 3814 3753 3880 ἐπείγεται,

2187 3910 2333 3963 κατὰ
2359 3909 2452 3963 τδν
2497 3910 2735 3964 Ἀκύλαν
2768 3925 2783 3941 ·
2811 3909 2967 3978 Πρὸς
2988 3910 3065 3963 σὲ
3093 3908 3171 3975 δὲ,
3192 3908 3440 3978 δηλονότι
3471 3907 3561 3961 τὸν
3588 3920 3756 3959 κατοι-

2183 4000 2390 4056 κοῦντα
2426 4001 2495 4057 τὰ
2517 4004 2577 4056 ὲν
2612 4003 3009 4075 ’ῐερουσαλήμο
3059 4003 3118 4054 ὲν
3174 3999 3460 4054 Βαϐυλῶνι
3511 4000 3616 4069 γὰρ
3664 3997 3754 4048 οὐκ

2176 4084 2358 4165 ’ᾤοντο
2392 4092 2537 4151 εἶναι
2566 4096 2756 4164 αὐτὸν,
2804 4095 2892 4149 διὰ
2936 4096 3039 4165 τὴν
3098 4093 3200 4163 τῆς
3252 4092 3440 4164 χώρας
3488 4087 3753 4146 είδωλολα·

2182 4188 2389 4259 τρείαν.

499 4269 640 4332 erat,
674 4286 733 4325 se
756 4270 941 4325 divina
967 4272 1262 4341 praesentia
1289 4274 1403 4329 illic
1438 4273 1562 4329 ideo
1594 4272 1699 4329 frui
1740 4289 1851 4329 non
1927 4289 2116 4347 posse,
2157 4277 2287 4349 quia
2349 4282 2503 4354 regio
2555 4281 2645 4337 illa
2695 4281 2953 4339 universa
3009 4281 3278 4337 idolorum
3365 4279 3541 4336 cultui
3585 4278 3754 4333 deser-

501 4364 665 4417 viret.

576 4458 740 4512 VERS.
772 4458 825 4513 5.
866 4455 1044 4513 Sitivit
1074 4460 1255 4513 anima
1290 4476 1406 4516 mea
1448 4465 1518 4517 ad
1558 4462 1724 4518 Deum
1760 4463 1954 4534 fortem
2009 4464 2085 4520 ui-

2276 4465 2610 4535 Ἐδίψησεν
2646 4465 2685 4532 ἠ
2733 4465 2915 4535 ψυχήν
2964 4482 3084 4535 μου
3123 4464 3271 4533 πρὸς
3327 4464 3438 4518 τὸν
3484 4463 3631 4518 Θεὸν
3664 4460 3757 4515 τίν

506 4560 725 4606 ventem.
780 4551 984 4619 Sitiuit,
1020 4553 1070 4607 id
1106 4562 1211 4620 cst,
1237 4553 1408 4611 Valde
1442 4557 1782 4629 concupivit.
1815 4558 1894 4613 lta
1928 4558 2091 4614 undi-

508 4659 621 4714 que
648 4644 911 4699 dcsiderii
964 4646 1215 4701 ardorem
1258 4648 1519 4703 ostendit.
1561 4648 1783 4705 Fortem
1818 4658 2003 4705 autem
2035 4657 2091 4705 et

507 4736 781 4790 virentem
808 4735 980 4792 Deum
1014 4739 1254 4807 appellat
1307 4750 1527 4810 propter
1554 4740 1803 4798 inﬁrmos
1840 4758 1905 4797 ac
1940 4757 2091 4799 mor-

2190 4557 2471 4627 ισχυρύν.
2527 4557 2639 4613 τὸν
2685 4555 2894 4620 ωηο.
2958 4586 3028 4599 -
3086 4556 3443 4625 Ἐδίψησεν,
3504 4553 3625 4611 ἀντὶ
3648 4551 3753 4615 τοῦ,

2205 4651 2659 4723 Ἐπιθυμητικῶς
2676 4652 2801 4722 ἔσχε
2827 4668 2842 4683 ο
2859 4650 2925 4705 τὸ
2946 4650 3058 4723 γὰρ
3088 4649 3315 4712 διακαὲς
3337 4651 3440 4719 τῆς
3478 4646 3755 4715 ἐπιθυμίας

2191 4748 2224 4818 ἡ
2260 4745 2408 4811 λέξις
2434 4747 2690 4817 ιμφαίνει
2719 4761 2737 4777 ο
2773 4746 2995 4816 ἰσχυρὸν
3021 4744 3079 4798 δὲ
3109 4743 3203 4797 καὶ
3257 4742 3437 4807 ζῶντα
3471 4742 3617 4809 λέγει
3675 4736 3755 4790 τὸν

506 4835 633 4882 tuos
691 4827 982 4899 Babylonis
1045 4830 1203 4886 deos.
1250 4829 1486 4897 Quidam
1536 4849 1601 4888 ex
1656 4837 1760 4888 hoc
1818 4834 2085 4891 versiculo

2192 4840 2350 4901 Θεὸν,
2378 4838 2467 4893 διὰ
2498 4840 2625 4902 τοὺς
2651 4837 2901 4900 ἀσθενεῖς
2936 4838 3031 4891 καὶ
3056 4836 3285 4905 νεκροὺς
3330 4834 3491 4896 θεοὺς
3519 4830 3624 4885 τῶν
3656 4828 3753 4881 Bx-

506 4928 790 4989 sumptum
819 4936 943 4976 esse
975 4922 1168 4976 dicunt
1207 4923 1471 4994 hymnum
1511 4924 1687 4989 illum,
1729 4942 1892 4996 quem
1918 4924 2085 4982 ϐεεθί

2194 4930 2498 4986 συλωνίων.
2527 4931 2684 4995 Τινὲς
2716 4930 2774 4984 δέ
2810 4947 2978 5000 φασιν
3005 4927 3259 4983 ὶντεΰθεν
3302 4925 3634 4997 πεποιῆσθαι
3675 4922 3756 4974 τὸν

509 5009 803 5081 Trisagion
848 5020 1053 5067 vocant
1098 5011 1251 5084 [quo
1308 5013 1537 5068 laudare
1595 5015 1841 5070 solemus
1900 5016 2093 5081 Deum,

510 5102 758 5157 dicentes
786 5120 800 5156 :
834 5100 1063 5158 Sanctus
1091 5104 1253 5170 Deus,
1276 5114 1494 5159 sanctus
1526 5105 1709 5175 furtis,
1740 5119 1958 5163 sanctus
1992 5110 2095 5162 imo

509 5192 810 5265 mortalis.]

585 5285 812 5352 Quando
865 5289 1094 5351 neniam,
1126 5298 1175 5341 et
1218 5290 1479 5359 apparebo
1532 5300 1657 5345 ante
1711 5291 1904 5361 [aciem
1947 5292 2043 5348 Dei
2070 5291 2097 5347 2

513 5374 651 5448 illoc
675 5386 780 5447 est,
809 5388 934 5433 ante
965 5380 1144 5447 ipsum
1174 5378 1396 5452 Deum.]
1424 5381 1884 5453 Coneupiscentis
1908 5397 2093 5437 sermo

2196 5022 2370 5093 ὕμνον
2396 5022 2493 5077 τοῦ
2521 5022 2841 5093 Τρισαγίου.

2268 5295 2420 5350 Πότε
2474 5294 2603 5361 ἥξω
2647 5294 2745 5348 καί
2788 5293 3128 5364 ὀφθήσομαι
3188 5290 3268 5359 τῷ
3325 5290 3619 5361 προσώπῳ
3663 5284 3754 5342 τοῦ

2212 5387 2401 5452 Θεοῦ;
2445 5385 2872 5456 Ἐπιθυμοῦντος
2902 5388 2932 5440 ὁ
2968 5386 3129 5455 λόγος
3159 5403 3174 5417 ·
3203 5386 3366 5447 Πότε,
3430 5384 3612 5454 φησὶν,
3652 5380 3753 5448 ἥξω

511 5481 600 5524 est
631 5490 646 5526 :
682 5471 935 5537 Quando,
969 5472 1165 5542 inquit,
1204 5474 1417 5529 veniam
1450 5476 1518 5528 ad
1547 5484 1599 5529 te
1621 5476 1674 5530 in
1698 5473 2004 5531 Jerusalem
2036 5483 2085 5529 et

2203 5477 2341 5545 πρὸς
2416 5478 2474 5531 σὲ
2525 5476 2640 5549 (5t)
2687 5478 2745 5531 ἐν
2809 5476 3189 5550 Ἰερουσαλὴμ..
3224 5477 3319 5532 καὶ
3351 5477 3655 5546 ὀφθήσομαι
3688 5470 3755 5543 τῷ

1835 5658 2030 5721 Varias
2073 5656 2405 5725 lectiones.

588 5758 704 5828 (51)
730 5757 816 5813 Al.
845 5755 914 5811 Ὦ
946 5760 1326 5827 Ἰερουσαλήμ.
