  <div class='ocr_page' id='page_1' title='image "/cluster/home/n/w/nwhite01/storage/ocr_20150623/128/mdp.39015078384263/243.png"; bbox 0 0 4014 6248; ppageno 0'>
   <div class='ocr_carea' id='block_1_1' title="bbox 414 340 613 419">
    <p class='ocr_par' dir='ltr' id='par_1_1' title="bbox 414 340 613 419">
     <span class='ocr_line' id='line_1_1' title="bbox 414 340 613 419; baseline 0 -17"><span class='ocrx_word' id='word_1_1' title='bbox 414 413 421 419; x_wconf 53' lang='grc'><strong>,</strong></span> <span class='ocrx_word' id='word_1_2' title='bbox 514 340 613 403; x_wconf 70' lang='lat'><strong>471</strong></span> 
     </span>
    </p>
   </div>
   <div class='ocr_carea' id='block_1_2' title="bbox 513 546 2099 627">
    <p class='ocr_par' dir='ltr' id='par_1_2' title="bbox 513 546 2099 627">
     <span class='ocr_line' id='line_1_2' title="bbox 513 546 2099 627; baseline 0.012 -29"><span class='ocrx_word' id='word_1_3' title='bbox 513 546 797 603; x_wconf 77' lang='lat' dir='ltr'><strong>conturbas</strong></span> <span class='ocrx_word' id='word_1_4' title='bbox 827 549 948 603; x_wconf 75' lang='lat' dir='ltr'><strong>me?</strong></span> <span class='ocrx_word' id='word_1_5' title='bbox 972 549 1153 616; x_wconf 85' lang='lat' dir='ltr'><strong>Quare</strong></span> <span class='ocrx_word' id='word_1_6' title='bbox 1194 568 1281 608; x_wconf 86' lang='lat' dir='ltr'><strong>me</strong></span> <span class='ocrx_word' id='word_1_7' title='bbox 1316 556 1496 622; x_wconf 89' lang='lat' dir='ltr'><strong>angis,</strong></span> <span class='ocrx_word' id='word_1_8' title='bbox 1525 557 1725 627; x_wconf 90' lang='lat' dir='ltr'><strong>inquit,</strong></span> <span class='ocrx_word' id='word_1_9' title='bbox 1769 566 1822 614; x_wconf 89' lang='lat' dir='ltr'><strong>et</strong></span> <span class='ocrx_word' id='word_1_10' title='bbox 1863 559 2099 617; x_wconf 76' lang='lat' dir='ltr'><strong>confun-</strong></span> 
     </span>
    </p>
   </div>
   <div class='ocr_carea' id='block_1_3' title="bbox 511 637 2097 712">
    <p class='ocr_par' dir='ltr' id='par_1_3' title="bbox 511 637 2097 712">
     <span class='ocr_line' id='line_1_3' title="bbox 511 637 2097 712; baseline 0.01 -21"><span class='ocrx_word' id='word_1_11' title='bbox 511 637 620 701; x_wconf 84' lang='lat' dir='ltr'><strong>dis,</strong></span> <span class='ocrx_word' id='word_1_12' title='bbox 646 647 702 693; x_wconf 89' lang='lat' dir='ltr'><strong>et</strong></span> <span class='ocrx_word' id='word_1_13' title='bbox 727 639 965 708; x_wconf 75' lang='lat' dir='ltr'><strong>quietem</strong></span> <span class='ocrx_word' id='word_1_14' title='bbox 993 657 1191 712; x_wconf 84' lang='lat' dir='ltr'><strong>capere</strong></span> <span class='ocrx_word' id='word_1_15' title='bbox 1226 659 1332 699; x_wconf 91' lang='lat' dir='ltr'><strong>non</strong></span> <span class='ocrx_word' id='word_1_16' title='bbox 1357 647 1539 703; x_wconf 73' lang='lat' dir='ltr'><strong>sinis?</strong></span> <span class='ocrx_word' id='word_1_17' title='bbox 1567 647 1695 703; x_wconf 64' lang='lat' dir='ltr'><strong>llaec</strong></span> <span class='ocrx_word' id='word_1_18' title='bbox 1723 657 1907 705; x_wconf 86' lang='lat' dir='ltr'><strong>autem</strong></span> <span class='ocrx_word' id='word_1_19' title='bbox 1931 650 2097 708; x_wconf 82' lang='lat' dir='ltr'><strong>verba</strong></span> 
     </span>
    </p>
   </div>
   <div class='ocr_carea' id='block_1_4' title="bbox 511 731 2098 806">
    <p class='ocr_par' dir='ltr' id='par_1_4' title="bbox 511 731 2098 806">
     <span class='ocr_line' id='line_1_4' title="bbox 511 731 2098 806; baseline 0.011 -23"><span class='ocrx_word' id='word_1_20' title='bbox 511 731 697 788; x_wconf 85' lang='lat' dir='ltr'><strong>dicere</strong></span> <span class='ocrx_word' id='word_1_21' title='bbox 740 734 928 802; x_wconf 64' lang='lat' dir='ltr'><strong>coepit.</strong></span> <span class='ocrx_word' id='word_1_22' title='bbox 956 744 1248 806; x_wconf 84' lang='lat' dir='ltr'><strong>postquam</strong></span> <span class='ocrx_word' id='word_1_23' title='bbox 1282 737 1486 793; x_wconf 75' lang='lat' dir='ltr'><strong>certior</strong></span> <span class='ocrx_word' id='word_1_24' title='bbox 1539 738 1723 798; x_wconf 76' lang='lat' dir='ltr'><strong>factus</strong></span> <span class='ocrx_word' id='word_1_25' title='bbox 1771 751 1858 799; x_wconf 90' lang='lat' dir='ltr'><strong>est</strong></span> <span class='ocrx_word' id='word_1_26' title='bbox 1894 744 1964 800; x_wconf 87' lang='lat' dir='ltr'><strong>de</strong></span> <span class='ocrx_word' id='word_1_27' title='bbox 1993 760 2098 801; x_wconf 84' lang='lat' dir='ltr'><strong>suo</strong></span> 
     </span>
    </p>
   </div>
   <div class='ocr_carea' id='block_1_5' title="bbox 511 827 1073 895">
    <p class='ocr_par' dir='ltr' id='par_1_5' title="bbox 511 827 1073 895">
     <span class='ocr_line' id='line_1_5' title="bbox 511 827 1073 895; baseline 0.005 -18"><span class='ocrx_word' id='word_1_28' title='bbox 511 827 567 878; x_wconf 87' lang='lat' dir='ltr'><strong>in</strong></span> <span class='ocrx_word' id='word_1_29' title='bbox 600 827 835 895; x_wconf 84' lang='lat' dir='ltr'><strong>patriam</strong></span> <span class='ocrx_word' id='word_1_30' title='bbox 872 829 1073 883; x_wconf 86' lang='lat' dir='ltr'><strong>reditu.</strong></span> 
     </span>
    </p>
   </div>
   <div class='ocr_carea' id='block_1_6' title="bbox 583 915 2092 999">
    <p class='ocr_par' dir='ltr' id='par_1_6' title="bbox 583 915 2092 999">
     <span class='ocr_line' id='line_1_6' title="bbox 583 915 2092 999; baseline 0.013 -29"><span class='ocrx_word' id='word_1_31' title='bbox 583 915 756 987; x_wconf 80' lang='lat' dir='ltr'><strong>Spera</strong></span> <span class='ocrx_word' id='word_1_32' title='bbox 806 920 862 973; x_wconf 77' lang='lat' dir='ltr'><strong>in</strong></span> <span class='ocrx_word' id='word_1_33' title='bbox 912 919 1041 987; x_wconf 85' lang='lat' dir='ltr'><strong>Deo,</strong></span> <span class='ocrx_word' id='word_1_34' title='bbox 1113 926 1367 992; x_wconf 77' lang='lat' dir='ltr'><strong>quoniam</strong></span> <span class='ocrx_word' id='word_1_35' title='bbox 1425 931 1597 983; x_wconf 71' lang='lat' dir='ltr'><strong>adhuc</strong></span> <span class='ocrx_word' id='word_1_36' title='bbox 1654 932 1942 999; x_wconf 78' lang='lat' dir='ltr'><strong>conﬁtebor</strong></span> <span class='ocrx_word' id='word_1_37' title='bbox 1990 934 2092 989; x_wconf 85' lang='lat' dir='ltr'><strong>illi.</strong></span> 
     </span>
    </p>
   </div>
   <div class='ocr_carea' id='block_1_7' title="bbox 508 1006 2093 1094">
    <p class='ocr_par' dir='ltr' id='par_1_7' title="bbox 508 1006 2093 1094">
     <span class='ocr_line' id='line_1_7' title="bbox 508 1006 2093 1094; baseline 0.011 -34"><span class='ocrx_word' id='word_1_38' title='bbox 508 1006 784 1075; x_wconf 84' lang='lat' dir='ltr'><strong>Quoniam</strong></span> <span class='ocrx_word' id='word_1_39' title='bbox 807 1012 1014 1082; x_wconf 85' lang='lat' dir='ltr'><strong>gratias</strong></span> <span class='ocrx_word' id='word_1_40' title='bbox 1041 1013 1114 1068; x_wconf 87' lang='lat' dir='ltr'><strong>illi</strong></span> <span class='ocrx_word' id='word_1_41' title='bbox 1141 1030 1322 1089; x_wconf 87' lang='lat' dir='ltr'><strong>agam,</strong></span> <span class='ocrx_word' id='word_1_42' title='bbox 1352 1019 1444 1075; x_wconf 85' lang='lat' dir='ltr'><strong>ubi</strong></span> <span class='ocrx_word' id='word_1_43' title='bbox 1483 1023 1745 1078; x_wconf 87' lang='lat' dir='ltr'><strong>nimirum</strong></span> <span class='ocrx_word' id='word_1_44' title='bbox 1780 1025 1832 1078; x_wconf 86' lang='lat' dir='ltr'><strong>in</strong></span> <span class='ocrx_word' id='word_1_45' title='bbox 1860 1033 2093 1094; x_wconf 77' lang='lat' dir='ltr'><strong>patriam</strong></span> 
     </span>
    </p>
   </div>
   <div class='ocr_carea' id='block_1_8' title="bbox 510 1101 748 1157">
    <p class='ocr_par' dir='ltr' id='par_1_8' title="bbox 510 1101 748 1157">
     <span class='ocr_line' id='line_1_8' title="bbox 510 1101 748 1157; baseline 0.021 -5"><span class='ocrx_word' id='word_1_46' title='bbox 510 1101 748 1157; x_wconf 83' lang='lat' dir='ltr'><strong>rediero.</strong></span> 
     </span>
    </p>
   </div>
   <div class='ocr_carea' id='block_1_9' title="bbox 581 1193 2091 1265">
    <p class='ocr_par' dir='ltr' id='par_1_9' title="bbox 581 1193 2091 1265">
     <span class='ocr_line' id='line_1_9' title="bbox 581 1193 2091 1265; baseline 0.008 -16"><span class='ocrx_word' id='word_1_47' title='bbox 581 1193 838 1251; x_wconf 78' lang='lat' dir='ltr'><strong>Salutare</strong></span> <span class='ocrx_word' id='word_1_48' title='bbox 868 1198 1041 1255; x_wconf 79' lang='lat' dir='ltr'><strong>vultus</strong></span> <span class='ocrx_word' id='word_1_49' title='bbox 1075 1204 1197 1265; x_wconf 85' lang='lat' dir='ltr'><strong>mei,</strong></span> <span class='ocrx_word' id='word_1_50' title='bbox 1231 1212 1281 1257; x_wconf 86' lang='lat' dir='ltr'><strong>et</strong></span> <span class='ocrx_word' id='word_1_51' title='bbox 1314 1204 1451 1259; x_wconf 82' lang='lat' dir='ltr'><strong>Deus</strong></span> <span class='ocrx_word' id='word_1_52' title='bbox 1481 1222 1653 1262; x_wconf 75' lang='lat' dir='ltr'><strong>meus.</strong></span> <span class='ocrx_word' id='word_1_53' title='bbox 1720 1207 1858 1263; x_wconf 88' lang='lat' dir='ltr'><strong>Cum</strong></span> <span class='ocrx_word' id='word_1_54' title='bbox 1908 1208 2091 1263; x_wconf 87' lang='lat' dir='ltr'><strong>futura</strong></span> 
     </span>
    </p>
   </div>
   <div class='ocr_carea' id='block_1_10' title="bbox 508 1292 2094 1367">
    <p class='ocr_par' dir='ltr' id='par_1_10' title="bbox 508 1292 2094 1367">
     <span class='ocr_line' id='line_1_10' title="bbox 508 1292 2094 1367; baseline 0.009 -24"><span class='ocrx_word' id='word_1_55' title='bbox 508 1295 564 1343; x_wconf 87' lang='lat' dir='ltr'><strong>et</strong></span> <span class='ocrx_word' id='word_1_56' title='bbox 596 1303 624 1343; x_wconf 83' lang='lat' dir='ltr'><strong>a</strong></span> <span class='ocrx_word' id='word_1_57' title='bbox 656 1303 715 1345; x_wconf 85' lang='lat' dir='ltr'><strong>se</strong></span> <span class='ocrx_word' id='word_1_58' title='bbox 756 1292 985 1358; x_wconf 69' lang='lat' dir='ltr'><strong>praevisa</strong></span> <span class='ocrx_word' id='word_1_59' title='bbox 1017 1292 1107 1349; x_wconf 90' lang='lat' dir='ltr'><strong>Dei</strong></span> <span class='ocrx_word' id='word_1_60' title='bbox 1144 1294 1408 1351; x_wconf 88' lang='lat' dir='ltr'><strong>beneﬁcia</strong></span> <span class='ocrx_word' id='word_1_61' title='bbox 1442 1299 1497 1352; x_wconf 90' lang='lat' dir='ltr'><strong>in</strong></span> <span class='ocrx_word' id='word_1_62' title='bbox 1536 1300 1723 1355; x_wconf 87' lang='lat' dir='ltr'><strong>animo</strong></span> <span class='ocrx_word' id='word_1_63' title='bbox 1764 1303 2094 1367; x_wconf 83' lang='lat' dir='ltr'><strong>revolveret,</strong></span> 
     </span>
    </p>
   </div>
   <div class='ocr_carea' id='block_1_11' title="bbox 510 1382 2092 1461">
    <p class='ocr_par' dir='ltr' id='par_1_11' title="bbox 510 1382 2092 1461">
     <span class='ocr_line' id='line_1_11' title="bbox 510 1382 2092 1461; baseline 0.008 -27"><span class='ocrx_word' id='word_1_64' title='bbox 510 1395 728 1435; x_wconf 86' lang='lat' dir='ltr'><strong>summa</strong></span> <span class='ocrx_word' id='word_1_65' title='bbox 779 1397 908 1436; x_wconf 83' lang='lat' dir='ltr'><strong>cum</strong></span> <span class='ocrx_word' id='word_1_66' title='bbox 945 1382 1318 1442; x_wconf 77' lang='lat' dir='ltr'><strong>delectatione</strong></span> <span class='ocrx_word' id='word_1_67' title='bbox 1376 1390 1529 1445; x_wconf 89' lang='lat' dir='ltr'><strong>illum</strong></span> <span class='ocrx_word' id='word_1_68' title='bbox 1578 1392 2092 1461; x_wconf 85' lang='lat' dir='ltr'><strong>circumloquendo,</strong></span> 
     </span>
    </p>
   </div>
   <div class='ocr_carea' id='block_1_12' title="bbox 508 1470 2094 1547">
    <p class='ocr_par' dir='ltr' id='par_1_12' title="bbox 508 1470 2094 1547">
     <span class='ocr_line' id='line_1_12' title="bbox 508 1470 2094 1547; baseline 0.013 -27"><span class='ocrx_word' id='word_1_69' title='bbox 508 1470 821 1538; x_wconf 88' lang='lat' dir='ltr'><strong>invocavit,</strong></span> <span class='ocrx_word' id='word_1_70' title='bbox 889 1471 1082 1531; x_wconf 88' lang='lat' dir='ltr'><strong>dicens</strong></span> <span class='ocrx_word' id='word_1_71' title='bbox 1139 1496 1152 1530; x_wconf 86' lang='lat'><strong>:</strong></span> <span class='ocrx_word' id='word_1_72' title='bbox 1206 1475 1251 1533; x_wconf 93' lang='grc' dir='ltr'><strong>Ο</strong></span> <span class='ocrx_word' id='word_1_73' title='bbox 1316 1480 1469 1536; x_wconf 83' lang='lat' dir='ltr'><strong>salus</strong></span> <span class='ocrx_word' id='word_1_74' title='bbox 1539 1496 1705 1547; x_wconf 88' lang='lat' dir='ltr'><strong>mea,</strong></span> <span class='ocrx_word' id='word_1_75' title='bbox 1760 1492 1818 1537; x_wconf 89' lang='lat' dir='ltr'><strong>et</strong></span> <span class='ocrx_word' id='word_1_76' title='bbox 1862 1501 1898 1540; x_wconf 89' lang='grc' dir='ltr'><strong>ο</strong></span> <span class='ocrx_word' id='word_1_77' title='bbox 1952 1486 2094 1541; x_wconf 81' lang='lat' dir='ltr'><strong>Deus</strong></span> 
     </span>
    </p>
   </div>
   <div class='ocr_carea' id='block_1_13' title="bbox 509 1579 692 1622">
    <p class='ocr_par' dir='ltr' id='par_1_13' title="bbox 509 1579 692 1622">
     <span class='ocr_line' id='line_1_13' title="bbox 509 1579 692 1622; baseline 0.022 -4"><span class='ocrx_word' id='word_1_78' title='bbox 509 1579 692 1622; x_wconf 87' lang='lat' dir='ltr'><strong>meus.</strong></span> 
     </span>
    </p>
   </div>
   <div class='ocr_carea' id='block_1_14' title="bbox 582 1658 2097 1731">
    <p class='ocr_par' dir='ltr' id='par_1_14' title="bbox 582 1658 2097 1731">
     <span class='ocr_line' id='line_1_14' title="bbox 582 1658 2097 1731; baseline 0.011 -20"><span class='ocrx_word' id='word_1_79' title='bbox 582 1658 667 1711; x_wconf 79' lang='lat' dir='ltr'><strong>Ad</strong></span> <span class='ocrx_word' id='word_1_80' title='bbox 704 1677 783 1715; x_wconf 83' lang='lat' dir='ltr'><strong>me</strong></span> <span class='ocrx_word' id='word_1_81' title='bbox 804 1662 975 1731; x_wconf 82' lang='lat' dir='ltr'><strong>ipsum</strong></span> <span class='ocrx_word' id='word_1_82' title='bbox 1010 1666 1330 1721; x_wconf 70' lang='lat' dir='ltr'><strong>conturbata</strong></span> <span class='ocrx_word' id='word_1_83' title='bbox 1358 1676 1437 1723; x_wconf 80' lang='lat' dir='ltr'><strong>est</strong></span> <span class='ocrx_word' id='word_1_84' title='bbox 1459 1673 1640 1725; x_wconf 70' lang='lat' dir='ltr'><strong>anima</strong></span> <span class='ocrx_word' id='word_1_85' title='bbox 1660 1688 1795 1725; x_wconf 77' lang='lat' dir='ltr'><strong>mea.</strong></span> <span class='ocrx_word' id='word_1_86' title='bbox 1816 1703 1885 1713; x_wconf 87' lang='lat'><strong>—-</strong></span> <span class='ocrx_word' id='word_1_87' title='bbox 1910 1672 1991 1726; x_wconf 77' lang='lat' dir='ltr'><strong>Ad</strong></span> <span class='ocrx_word' id='word_1_88' title='bbox 2016 1689 2097 1727; x_wconf 75' lang='lat' dir='ltr'><strong>me</strong></span> 
     </span>
    </p>
   </div>
   <div class='ocr_carea' id='block_1_15' title="bbox 1738 350 2535 424">
    <p class='ocr_par' dir='ltr' id='par_1_15' title="bbox 1738 350 2535 424">
     <span class='ocr_line' id='line_1_15' title="bbox 1738 350 2535 424; baseline 0.013 -9"><span class='ocrx_word' id='word_1_89' title='bbox 1738 350 2127 417; x_wconf 85' lang='lat' dir='ltr'><strong>EUTHYMII</strong></span> <span class='ocrx_word' id='word_1_90' title='bbox 2168 352 2535 424; x_wconf 72' lang='lat' dir='ltr'><strong>ZIGABENI</strong></span> 
     </span>
    </p>
   </div>
   <div class='ocr_carea' id='block_1_16' title="bbox 586 452 2175 540">
    <p class='ocr_par' dir='ltr' id='par_1_16' title="bbox 586 452 2175 540">
     <span class='ocr_line' id='line_1_16' title="bbox 586 452 2175 540; baseline 0.013 -36"><span class='ocrx_word' id='word_1_91' title='bbox 586 452 750 507; x_wconf 74' lang='lat' dir='ltr'><strong>Vens.</strong></span> <span class='ocrx_word' id='word_1_92' title='bbox 777 454 831 509; x_wconf 85' lang='lat'><strong>6.</strong></span> <span class='ocrx_word' id='word_1_93' title='bbox 889 457 1071 523; x_wconf 79' lang='lat' dir='ltr'><strong>Quare</strong></span> <span class='ocrx_word' id='word_1_94' title='bbox 1100 460 1269 515; x_wconf 79' lang='lat' dir='ltr'><strong>tristis</strong></span> <span class='ocrx_word' id='word_1_95' title='bbox 1312 478 1389 531; x_wconf 74' lang='lat' dir='ltr'><strong>es,</strong></span> <span class='ocrx_word' id='word_1_96' title='bbox 1436 465 1616 518; x_wconf 81' lang='lat' dir='ltr'><strong>anima</strong></span> <span class='ocrx_word' id='word_1_97' title='bbox 1656 483 1793 533; x_wconf 83' lang='lat' dir='ltr'><strong>mea,</strong></span> <span class='ocrx_word' id='word_1_98' title='bbox 1853 478 1900 522; x_wconf 82' lang='lat' dir='ltr'><strong>et</strong></span> <span class='ocrx_word' id='word_1_99' title='bbox 1935 485 2099 540; x_wconf 79' lang='lat' dir='ltr'><strong>quare</strong></span> <span class='ocrx_word' id='word_1_100' title='bbox 2129 469 2175 527; x_wconf 78' lang='grc' dir='ltr'><strong>Α</strong></span> 
     </span>
    </p>
   </div>
   <div class='ocr_carea' id='block_1_17' title="bbox 3645 373 3739 437">
    <p class='ocr_par' dir='ltr' id='par_1_17' title="bbox 3645 373 3739 437">
     <span class='ocr_line' id='line_1_17' title="bbox 3645 373 3739 437; baseline 0 0"><span class='ocrx_word' id='word_1_101' title='bbox 3645 373 3739 437; x_wconf 69' lang='grc'><strong>472</strong></span> 
     </span>
    </p>
   </div>
   <div class='ocr_carea' id='block_1_18' title="bbox 2289 472 3745 552">
    <p class='ocr_par' dir='ltr' id='par_1_18' title="bbox 2289 472 3745 552">
     <span class='ocr_line' id='line_1_18' title="bbox 2289 472 3745 552; baseline 0.011 -25"><span class='ocrx_word' id='word_1_102' title='bbox 2289 472 2476 530; x_wconf 78' lang='grc' dir='ltr'><strong>Ἰνατί</strong></span> <span class='ocrx_word' id='word_1_103' title='bbox 2501 478 2838 547; x_wconf 68' lang='grc' dir='ltr'><strong>περίλυπος</strong></span> <span class='ocrx_word' id='word_1_104' title='bbox 2858 477 2933 547; x_wconf 76' lang='grc' dir='ltr'><strong>εἴ,</strong></span> <span class='ocrx_word' id='word_1_105' title='bbox 2984 481 3023 550; x_wconf 79' lang='grc' dir='ltr'>ἡ</span> <span class='ocrx_word' id='word_1_106' title='bbox 3069 483 3240 552; x_wconf 76' lang='grc' dir='ltr'><strong>ψυχη</strong></span> <span class='ocrx_word' id='word_1_107' title='bbox 3272 498 3412 551; x_wconf 56' lang='grc' dir='ltr'><strong>μην,</strong></span> <span class='ocrx_word' id='word_1_108' title='bbox 3469 485 3555 539; x_wconf 61' lang='grc' dir='ltr'><strong>καί</strong></span> <span class='ocrx_word' id='word_1_109' title='bbox 3607 490 3745 543; x_wconf 75' lang='grc' dir='ltr'><strong>ίνατί</strong></span> 
     </span>
    </p>
   </div>
   <div class='ocr_carea' id='block_1_19' title="bbox 2199 570 3740 650">
    <p class='ocr_par' dir='ltr' id='par_1_19' title="bbox 2199 570 3740 650">
     <span class='ocr_line' id='line_1_19' title="bbox 2199 570 3740 650; baseline 0.009 -30"><span class='ocrx_word' id='word_1_110' title='bbox 2199 570 2651 639; x_wconf 76' lang='grc' dir='ltr'><strong>συνταράσσεις</strong></span> <span class='ocrx_word' id='word_1_111' title='bbox 2680 589 2796 641; x_wconf 71' lang='lat' dir='ltr'><strong>ps;</strong></span> <span class='ocrx_word' id='word_1_112' title='bbox 2826 576 2983 628; x_wconf 81' lang='grc' dir='ltr'><strong>Διατί</strong></span> <span class='ocrx_word' id='word_1_113' title='bbox 3013 573 3240 641; x_wconf 80' lang='grc' dir='ltr'><strong>ϐλίσεις,</strong></span> <span class='ocrx_word' id='word_1_114' title='bbox 3268 578 3358 630; x_wconf 76' lang='grc' dir='ltr'><strong>καὶ</strong></span> <span class='ocrx_word' id='word_1_115' title='bbox 3380 576 3515 631; x_wconf 77' lang='grc' dir='ltr'><strong>διατί</strong></span> <span class='ocrx_word' id='word_1_116' title='bbox 3549 585 3740 650; x_wconf 76' lang='grc' dir='ltr'><strong>συγχεῖς</strong></span> 
     </span>
    </p>
   </div>
   <div class='ocr_carea' id='block_1_20' title="bbox 2201 662 3744 742">
    <p class='ocr_par' dir='ltr' id='par_1_20' title="bbox 2201 662 3744 742">
     <span class='ocr_line' id='line_1_20' title="bbox 2201 662 3744 742; baseline 0.007 -29"><span class='ocrx_word' id='word_1_117' title='bbox 2201 675 2293 729; x_wconf 83' lang='grc' dir='ltr'><strong>με,</strong></span> <span class='ocrx_word' id='word_1_118' title='bbox 2333 662 2427 716; x_wconf 75' lang='grc' dir='ltr'><strong>καὶ</strong></span> <span class='ocrx_word' id='word_1_119' title='bbox 2455 663 2557 716; x_wconf 82' lang='grc' dir='ltr'><strong>οὐκ</strong></span> <span class='ocrx_word' id='word_1_120' title='bbox 2584 666 2677 734; x_wconf 78' lang='grc' dir='ltr'><strong>ἐᾷς</strong></span> <span class='ocrx_word' id='word_1_121' title='bbox 2704 665 2933 737; x_wconf 79' lang='grc' dir='ltr'><strong>ἠρεμεῖν</strong></span> <span class='ocrx_word' id='word_1_122' title='bbox 2958 683 2974 733; x_wconf 84' lang='grc'><strong>;</strong></span> <span class='ocrx_word' id='word_1_123' title='bbox 3001 666 3188 722; x_wconf 82' lang='grc' dir='ltr'><strong>ταῦτα</strong></span> <span class='ocrx_word' id='word_1_124' title='bbox 3228 668 3285 722; x_wconf 68' lang='grc' dir='ltr'><strong>δὲ</strong></span> <span class='ocrx_word' id='word_1_125' title='bbox 3340 668 3512 739; x_wconf 78' lang='grc' dir='ltr'><strong>ἔλεγε,</strong></span> <span class='ocrx_word' id='word_1_126' title='bbox 3569 672 3744 742; x_wconf 72' lang='grc' dir='ltr'><strong>πληροο</strong></span> 
     </span>
    </p>
   </div>
   <div class='ocr_carea' id='block_1_21' title="bbox 2200 752 3323 833">
    <p class='ocr_par' dir='ltr' id='par_1_21' title="bbox 2200 752 3323 833">
     <span class='ocr_line' id='line_1_21' title="bbox 2200 752 3323 833; baseline 0.009 -27"><span class='ocrx_word' id='word_1_127' title='bbox 2200 752 2400 825; x_wconf 81' lang='grc' dir='ltr'><strong>φορίαν</strong></span> <span class='ocrx_word' id='word_1_128' title='bbox 2430 758 2560 824; x_wconf 78' lang='grc' dir='ltr'><strong>περὶ</strong></span> <span class='ocrx_word' id='word_1_129' title='bbox 2574 758 2677 826; x_wconf 81' lang='grc' dir='ltr'><strong>τῆς</strong></span> <span class='ocrx_word' id='word_1_130' title='bbox 2714 759 2975 815; x_wconf 77' lang='grc' dir='ltr'><strong>ἐπανόδου</strong></span> <span class='ocrx_word' id='word_1_131' title='bbox 3003 760 3323 833; x_wconf 71' lang='grc' dir='ltr'><strong>δεξάμενος.</strong></span> 
     </span>
    </p>
   </div>
   <div class='ocr_carea' id='block_1_22' title="bbox 2276 936 3744 1012">
    <p class='ocr_par' dir='ltr' id='par_1_22' title="bbox 2276 936 3744 1012">
     <span class='ocr_line' id='line_1_22' title="bbox 2276 936 3744 1012; baseline 0.005 -22"><span class='ocrx_word' id='word_1_132' title='bbox 2276 936 2580 991; x_wconf 70' lang='grc' dir='ltr'><em>Ἕλπισον</em></span> <span class='ocrx_word' id='word_1_133' title='bbox 2604 936 2703 992; x_wconf 80' lang='grc' dir='ltr'><strong>ἐπί</strong></span> <span class='ocrx_word' id='word_1_134' title='bbox 2739 939 2847 993; x_wconf 77' lang='grc' dir='ltr'><strong>τὸν</strong></span> <span class='ocrx_word' id='word_1_135' title='bbox 2889 939 3057 1002; x_wconf 83' lang='grc' dir='ltr'><strong>Θεὸν,</strong></span> <span class='ocrx_word' id='word_1_136' title='bbox 3113 940 3204 996; x_wconf 81' lang='grc' dir='ltr'><strong>ὅτι</strong></span> <span class='ocrx_word' id='word_1_137' title='bbox 3254 940 3744 1012; x_wconf 66' lang='grc' dir='ltr'><strong>ἐξομολογήσομαι</strong></span> 
     </span>
    </p>
   </div>
   <div class='ocr_carea' id='block_1_23' title="bbox 2198 1028 3745 1106">
    <p class='ocr_par' dir='ltr' id='par_1_23' title="bbox 2198 1028 3745 1106">
     <span class='ocr_line' id='line_1_23' title="bbox 2198 1028 3745 1106; baseline 0.006 -25"><span class='ocrx_word' id='word_1_138' title='bbox 2198 1028 2382 1095; x_wconf 83' lang='grc' dir='ltr'><strong>αὐτῷ.</strong></span> <span class='ocrx_word' id='word_1_139' title='bbox 2433 1031 2557 1085; x_wconf 82' lang='grc' dir='ltr'><strong>Ὀτι</strong></span> <span class='ocrx_word' id='word_1_140' title='bbox 2586 1032 2971 1104; x_wconf 80' lang='grc' dir='ltr'><strong>εὖχαριστήσω</strong></span> <span class='ocrx_word' id='word_1_141' title='bbox 2994 1034 3164 1105; x_wconf 73' lang='grc' dir='ltr'><strong>αὐτῷ,</strong></span> <span class='ocrx_word' id='word_1_142' title='bbox 3201 1034 3513 1089; x_wconf 80' lang='grc' dir='ltr'><strong>ἐπανελθὼν</strong></span> <span class='ocrx_word' id='word_1_143' title='bbox 3543 1035 3745 1106; x_wconf 76' lang='grc' dir='ltr'><strong>δηλαδή.</strong></span> 
     </span>
    </p>
   </div>
   <div class='ocr_carea' id='block_1_24' title="bbox 2270 1125 3746 1197">
    <p class='ocr_par' dir='ltr' id='par_1_24' title="bbox 2270 1125 3746 1197">
     <span class='ocr_line' id='line_1_24' title="bbox 2270 1125 3746 1197; baseline 0.005 -19"><span class='ocrx_word' id='word_1_144' title='bbox 2270 1125 2575 1196; x_wconf 72' lang='grc' dir='ltr'><strong>Σωτήρων</strong></span> <span class='ocrx_word' id='word_1_145' title='bbox 2617 1128 2722 1181; x_wconf 86' lang='grc' dir='ltr'><strong>τοῦ</strong></span> <span class='ocrx_word' id='word_1_146' title='bbox 2757 1130 3082 1197; x_wconf 77' lang='grc' dir='ltr'><strong>προσώπου</strong></span> <span class='ocrx_word' id='word_1_147' title='bbox 3110 1146 3252 1197; x_wconf 82' lang='grc' dir='ltr'><strong>μου,</strong></span> <span class='ocrx_word' id='word_1_148' title='bbox 3276 1130 3372 1184; x_wconf 76' lang='grc' dir='ltr'><strong>καὶ</strong></span> <span class='ocrx_word' id='word_1_149' title='bbox 3398 1133 3430 1184; x_wconf 81' lang='grc' dir='ltr'><em>ὁ</em></span> <span class='ocrx_word' id='word_1_150' title='bbox 3457 1132 3593 1195; x_wconf 73' lang='grc' dir='ltr'><strong>Θεός</strong></span> <span class='ocrx_word' id='word_1_151' title='bbox 3623 1149 3746 1197; x_wconf 81' lang='grc' dir='ltr'><strong>μου.</strong></span> 
     </span>
    </p>
   </div>
   <div class='ocr_carea' id='block_1_25' title="bbox 2199 1211 3747 1290">
    <p class='ocr_par' dir='ltr' id='par_1_25' title="bbox 2199 1211 3747 1290">
     <span class='ocr_line' id='line_1_25' title="bbox 2199 1211 3747 1290; baseline 0.003 -23"><span class='ocrx_word' id='word_1_152' title='bbox 2199 1211 2313 1285; x_wconf 80' lang='grc' dir='ltr'><strong>Τῆς</strong></span> <span class='ocrx_word' id='word_1_153' title='bbox 2340 1214 2571 1290; x_wconf 78' lang='grc' dir='ltr'><strong>ὕστερον</strong></span> <span class='ocrx_word' id='word_1_154' title='bbox 2602 1221 2924 1290; x_wconf 77' lang='grc' dir='ltr'><strong>εὐεργεσίας</strong></span> <span class='ocrx_word' id='word_1_155' title='bbox 2962 1217 3061 1273; x_wconf 81' lang='grc' dir='ltr'><strong>τοῦ</strong></span> <span class='ocrx_word' id='word_1_156' title='bbox 3090 1218 3229 1273; x_wconf 82' lang='grc' dir='ltr'><strong>Θεοῦ</strong></span> <span class='ocrx_word' id='word_1_157' title='bbox 3267 1220 3555 1289; x_wconf 76' lang='grc' dir='ltr'><strong>μνησϐεὶς,</strong></span> <span class='ocrx_word' id='word_1_158' title='bbox 3600 1220 3747 1289; x_wconf 67' lang='grc' dir='ltr'><strong>ἡδέως</strong></span> 
     </span>
    </p>
   </div>
   <div class='ocr_carea' id='block_1_26' title="bbox 2198 1308 3747 1384">
    <p class='ocr_par' dir='ltr' id='par_1_26' title="bbox 2198 1308 3747 1384">
     <span class='ocr_line' id='line_1_26' title="bbox 2198 1308 3747 1384; baseline -0.001 -18"><span class='ocrx_word' id='word_1_159' title='bbox 2198 1311 2541 1366; x_wconf 70' lang='grc' dir='ltr'><strong>ἐπικαλεῖται</strong></span> <span class='ocrx_word' id='word_1_160' title='bbox 2570 1311 2757 1377; x_wconf 72' lang='grc' dir='ltr'><strong>αὐτὸν,</strong></span> <span class='ocrx_word' id='word_1_161' title='bbox 2791 1312 2966 1380; x_wconf 84' lang='grc' dir='ltr'><strong>λέγων</strong></span> <span class='ocrx_word' id='word_1_162' title='bbox 3004 1329 3018 1343; x_wconf 87' lang='grc'><strong>·</strong></span> <span class='ocrx_word' id='word_1_163' title='bbox 3052 1308 3123 1367; x_wconf 79' lang='grc' dir='ltr'><strong><em>Ὦ</em></strong></span> <span class='ocrx_word' id='word_1_164' title='bbox 3149 1312 3399 1384; x_wconf 79' lang='grc' dir='ltr'><strong>σωτηρία</strong></span> <span class='ocrx_word' id='word_1_165' title='bbox 3454 1330 3573 1382; x_wconf 86' lang='grc' dir='ltr'><strong>μου,</strong></span> <span class='ocrx_word' id='word_1_166' title='bbox 3610 1330 3747 1382; x_wconf 80' lang='grc' dir='ltr'><strong>περι-</strong></span> 
     </span>
    </p>
   </div>
   <div class='ocr_carea' id='block_1_27' title="bbox 2199 1396 3103 1476">
    <p class='ocr_par' dir='ltr' id='par_1_27' title="bbox 2199 1396 3103 1476">
     <span class='ocr_line' id='line_1_27' title="bbox 2199 1396 3103 1476; baseline 0.004 -19"><span class='ocrx_word' id='word_1_167' title='bbox 2199 1402 2544 1473; x_wconf 71' lang='grc' dir='ltr'><strong>φραστικῶῖ,</strong></span> <span class='ocrx_word' id='word_1_168' title='bbox 2570 1404 2665 1457; x_wconf 71' lang='grc' dir='ltr'><strong>καὶ</strong></span> <span class='ocrx_word' id='word_1_169' title='bbox 2690 1396 2735 1458; x_wconf 83' lang='grc' dir='ltr'>ὧ</span> <span class='ocrx_word' id='word_1_170' title='bbox 2759 1404 2787 1457; x_wconf 79' lang='grc' dir='ltr'><strong>ὁ</strong></span> <span class='ocrx_word' id='word_1_171' title='bbox 2808 1404 2941 1469; x_wconf 83' lang='grc' dir='ltr'><strong>Θεός</strong></span> <span class='ocrx_word' id='word_1_172' title='bbox 2974 1422 3103 1476; x_wconf 79' lang='grc' dir='ltr'><strong>μου.</strong></span> 
     </span>
    </p>
   </div>
   <div class='ocr_carea' id='block_1_28' title="bbox 2256 1673 3748 1745">
    <p class='ocr_par' dir='ltr' id='par_1_28' title="bbox 2256 1673 3748 1745">
     <span class='ocr_line' id='line_1_28' title="bbox 2256 1673 3748 1745; baseline -0.001 -1"><span class='ocrx_word' id='word_1_173' title='bbox 2256 1674 2413 1744; x_wconf 80' lang='grc' dir='ltr'><strong>Πρὸς</strong></span> <span class='ocrx_word' id='word_1_174' title='bbox 2434 1673 2699 1744; x_wconf 73' lang='grc' dir='ltr'><strong>ἐμαυτὸν</strong></span> <span class='ocrx_word' id='word_1_175' title='bbox 2752 1676 2791 1741; x_wconf 76' lang='grc' dir='ltr'>ἡ</span> <span class='ocrx_word' id='word_1_176' title='bbox 2839 1674 3012 1745; x_wconf 59' lang='grc' dir='ltr'><strong>ψυχή</strong></span> <span class='ocrx_word' id='word_1_177' title='bbox 3038 1693 3155 1745; x_wconf 81' lang='grc' dir='ltr'><strong>μου</strong></span> <span class='ocrx_word' id='word_1_178' title='bbox 3183 1675 3503 1744; x_wconf 69' lang='grc' dir='ltr'><strong>ἐταράχθη.</strong></span> <span class='ocrx_word' id='word_1_179' title='bbox 3529 1703 3597 1715; x_wconf 93' lang='lat'><strong>-—</strong></span> <span class='ocrx_word' id='word_1_180' title='bbox 3619 1677 3748 1743; x_wconf 67' lang='grc' dir='ltr'><strong>ηρδς</strong></span> 
     </span>
    </p>
   </div>
   <div class='ocr_carea' id='block_1_29' title="bbox 504 1754 2088 1839">
    <p class='ocr_par' dir='ltr' id='par_1_29' title="bbox 504 1754 2088 1831">
     <span class='ocr_line' id='line_1_29' title="bbox 504 1754 2088 1831; baseline 0.011 -28"><span class='ocrx_word' id='word_1_181' title='bbox 504 1754 702 1820; x_wconf 78' lang='lat' dir='ltr'><strong>ipsum,</strong></span> <span class='ocrx_word' id='word_1_182' title='bbox 744 1754 845 1811; x_wconf 86' lang='lat' dir='ltr'><strong>hoc</strong></span> <span class='ocrx_word' id='word_1_183' title='bbox 874 1768 982 1822; x_wconf 88' lang='lat' dir='ltr'><strong>est,</strong></span> <span class='ocrx_word' id='word_1_184' title='bbox 1016 1757 1074 1813; x_wconf 89' lang='lat' dir='ltr'><strong>ln</strong></span> <span class='ocrx_word' id='word_1_185' title='bbox 1110 1774 1199 1815; x_wconf 89' lang='lat' dir='ltr'><strong>me</strong></span> <span class='ocrx_word' id='word_1_186' title='bbox 1230 1760 1377 1831; x_wconf 89' lang='lat' dir='ltr'><strong>ipso,</strong></span> <span class='ocrx_word' id='word_1_187' title='bbox 1413 1765 1636 1820; x_wconf 90' lang='lat' dir='ltr'><strong>nemine</strong></span> <span class='ocrx_word' id='word_1_188' title='bbox 1692 1766 1801 1820; x_wconf 74' lang='lat' dir='ltr'><strong>alio</strong></span> <span class='ocrx_word' id='word_1_189' title='bbox 1845 1766 2088 1821; x_wconf 76' lang='lat' dir='ltr'><strong>exterius</strong></span> 
     </span>
    </p>
   </div>
   <div class='ocr_carea' id='block_1_30' title="bbox 2191 1754 3750 1839">
    <p class='ocr_par' dir='ltr' id='par_1_30' title="bbox 2196 1765 3750 1839">
     <span class='ocr_line' id='line_1_30' title="bbox 2196 1765 3750 1839; baseline 0.002 -21"><span class='ocrx_word' id='word_1_190' title='bbox 2196 1765 2481 1835; x_wconf 74' lang='grc' dir='ltr'><strong>ἐμαυτὸν,</strong></span> <span class='ocrx_word' id='word_1_191' title='bbox 2511 1766 2635 1821; x_wconf 72' lang='grc' dir='ltr'><strong>ἀντὶ</strong></span> <span class='ocrx_word' id='word_1_192' title='bbox 2657 1766 2777 1835; x_wconf 82' lang='grc' dir='ltr'><strong>τοῦ,</strong></span> <span class='ocrx_word' id='word_1_193' title='bbox 2825 1769 2915 1822; x_wconf 83' lang='grc' dir='ltr'><strong>Ἔν</strong></span> <span class='ocrx_word' id='word_1_194' title='bbox 2942 1767 3189 1839; x_wconf 80' lang='grc' dir='ltr'><strong>ἐμαυτῷ,</strong></span> <span class='ocrx_word' id='word_1_195' title='bbox 3216 1769 3445 1839; x_wconf 74' lang='grc' dir='ltr'><strong>μηδενὸς</strong></span> <span class='ocrx_word' id='word_1_196' title='bbox 3497 1768 3600 1822; x_wconf 83' lang='grc' dir='ltr'><strong>τῶν</strong></span> <span class='ocrx_word' id='word_1_197' title='bbox 3641 1767 3750 1832; x_wconf 74' lang='grc' dir='ltr'><strong>ἔξωσ</strong></span> 
     </span>
    </p>
   </div>
   <div class='ocr_carea' id='block_1_31' title="bbox 508 1836 2088 1929">
    <p class='ocr_par' dir='ltr' id='par_1_31' title="bbox 508 1847 2088 1914">
     <span class='ocr_line' id='line_1_31' title="bbox 508 1847 2088 1914; baseline 0.01 -17"><span class='ocrx_word' id='word_1_198' title='bbox 508 1859 804 1901; x_wconf 67' lang='grc' dir='ltr'><strong>ιηαξεοι-εηι</strong></span> <span class='ocrx_word' id='word_1_199' title='bbox 864 1847 1014 1905; x_wconf 87' lang='lat' dir='ltr'><strong>bunc</strong></span> <span class='ocrx_word' id='word_1_200' title='bbox 1091 1866 1271 1907; x_wconf 88' lang='lat' dir='ltr'><strong>meum</strong></span> <span class='ocrx_word' id='word_1_201' title='bbox 1327 1855 1559 1911; x_wconf 82' lang='lat' dir='ltr'><strong>sciente.</strong></span> <span class='ocrx_word' id='word_1_202' title='bbox 1618 1856 1949 1912; x_wconf 73' lang='lat' dir='ltr'><strong>Couturbata</strong></span> <span class='ocrx_word' id='word_1_203' title='bbox 2013 1870 2088 1914; x_wconf 81' lang='lat' dir='ltr'><strong>est</strong></span> 
     </span>
    </p>
   </div>
   <div class='ocr_carea' id='block_1_32' title="bbox 2191 1836 3754 1929">
    <p class='ocr_par' dir='ltr' id='par_1_32' title="bbox 2192 1836 3754 1929">
     <span class='ocr_line' id='line_1_32' title="bbox 2192 1836 3754 1929; baseline 0.004 -24"><span class='ocrx_word' id='word_1_204' title='bbox 2192 1851 2289 1906; x_wconf 77' lang='grc' dir='ltr'><strong>θεν</strong></span> <span class='ocrx_word' id='word_1_205' title='bbox 2315 1854 2623 1920; x_wconf 78' lang='grc' dir='ltr'><strong>συνειδότος</strong></span> <span class='ocrx_word' id='word_1_206' title='bbox 2642 1873 2733 1926; x_wconf 85' lang='grc' dir='ltr'><strong>μοι</strong></span> <span class='ocrx_word' id='word_1_207' title='bbox 2764 1858 2867 1929; x_wconf 82' lang='grc' dir='ltr'><strong>τὴν</strong></span> <span class='ocrx_word' id='word_1_208' title='bbox 2895 1836 3157 1928; x_wconf 79' lang='grc' dir='ltr'><strong>τοιαύτην</strong></span> <span class='ocrx_word' id='word_1_209' title='bbox 3178 1836 3378 1928; x_wconf 76' lang='grc' dir='ltr'><strong>λῦπην.</strong></span> <span class='ocrx_word' id='word_1_210' title='bbox 3447 1859 3754 1927; x_wconf 77' lang='grc' dir='ltr'><strong>Ἐταρὰχθη</strong></span> 
     </span>
    </p>
   </div>
   <div class='ocr_carea' id='block_1_33' title="bbox 505 1942 2089 2024">
    <p class='ocr_par' dir='ltr' id='par_1_33' title="bbox 505 1942 2089 2024">
     <span class='ocr_line' id='line_1_33' title="bbox 505 1942 2089 2024; baseline 0.011 -33"><span class='ocrx_word' id='word_1_211' title='bbox 505 1946 716 2003; x_wconf 80' lang='lat' dir='ltr'><strong>autem,</strong></span> <span class='ocrx_word' id='word_1_212' title='bbox 756 1942 1069 2012; x_wconf 76' lang='lat' dir='ltr'><strong>recogitans</strong></span> <span class='ocrx_word' id='word_1_213' title='bbox 1129 1947 1396 2003; x_wconf 85' lang='lat' dir='ltr'><strong>nimirum</strong></span> <span class='ocrx_word' id='word_1_214' title='bbox 1460 1960 1684 2019; x_wconf 81' lang='lat' dir='ltr'><strong>peccata</strong></span> <span class='ocrx_word' id='word_1_215' title='bbox 1740 1952 1814 2008; x_wconf 89' lang='lat' dir='ltr'><strong>ob</strong></span> <span class='ocrx_word' id='word_1_216' title='bbox 1860 1969 1983 2024; x_wconf 68' lang='lat' dir='ltr'><strong>quae</strong></span> <span class='ocrx_word' id='word_1_217' title='bbox 2033 1954 2089 2010; x_wconf 87' lang='lat' dir='ltr'><strong>in</strong></span> 
     </span>
    </p>
   </div>
   <div class='ocr_carea' id='block_1_34' title="bbox 503 2031 2087 2113">
    <p class='ocr_par' dir='ltr' id='par_1_34' title="bbox 503 2031 2087 2113">
     <span class='ocr_line' id='line_1_34' title="bbox 503 2031 2087 2113; baseline 0.01 -27"><span class='ocrx_word' id='word_1_218' title='bbox 503 2031 860 2090; x_wconf 85' lang='lat' dir='ltr'><strong>inimicorum</strong></span> <span class='ocrx_word' id='word_1_219' title='bbox 918 2052 1115 2095; x_wconf 88' lang='lat' dir='ltr'><strong>manus</strong></span> <span class='ocrx_word' id='word_1_220' title='bbox 1168 2043 1354 2097; x_wconf 80' lang='lat' dir='ltr'><strong>traditi</strong></span> <span class='ocrx_word' id='word_1_221' title='bbox 1422 2060 1638 2113; x_wconf 83' lang='lat' dir='ltr'><strong>smnus,</strong></span> <span class='ocrx_word' id='word_1_222' title='bbox 1716 2047 1798 2103; x_wconf 79' lang='lat' dir='ltr'><strong>vel</strong></span> <span class='ocrx_word' id='word_1_223' title='bbox 1877 2063 2087 2103; x_wconf 85' lang='lat' dir='ltr'><strong>moram</strong></span> 
     </span>
    </p>
   </div>
   <div class='ocr_carea' id='block_1_35' title="bbox 504 2123 2089 2210">
    <p class='ocr_par' dir='ltr' id='par_1_35' title="bbox 504 2123 2089 2210">
     <span class='ocr_line' id='line_1_35' title="bbox 504 2123 2089 2210; baseline 0.01 -33"><span class='ocrx_word' id='word_1_224' title='bbox 504 2138 573 2180; x_wconf 89' lang='lat' dir='ltr'><strong>ac</strong></span> <span class='ocrx_word' id='word_1_225' title='bbox 649 2126 963 2183; x_wconf 81' lang='lat' dir='ltr'><strong>tarditatem</strong></span> <span class='ocrx_word' id='word_1_226' title='bbox 1027 2123 1340 2202; x_wconf 64' lang='lat' dir='ltr'><strong>recogitans</strong></span> <span class='ocrx_word' id='word_1_227' title='bbox 1394 2136 1605 2191; x_wconf 88' lang='lat' dir='ltr'><strong>reditus</strong></span> <span class='ocrx_word' id='word_1_228' title='bbox 1662 2140 1835 2193; x_wconf 81' lang='lat' dir='ltr'><strong>nostri</strong></span> <span class='ocrx_word' id='word_1_229' title='bbox 1887 2139 1943 2193; x_wconf 88' lang='lat' dir='ltr'><strong>in</strong></span> <span class='ocrx_word' id='word_1_230' title='bbox 1995 2156 2089 2210; x_wconf 85' lang='lat' dir='ltr'><strong>pa-</strong></span> 
     </span>
    </p>
   </div>
   <div class='ocr_carea' id='block_1_36' title="bbox 503 2213 689 2272">
    <p class='ocr_par' dir='ltr' id='par_1_36' title="bbox 503 2213 689 2272">
     <span class='ocr_line' id='line_1_36' title="bbox 503 2213 689 2272; baseline 0.016 -3"><span class='ocrx_word' id='word_1_231' title='bbox 503 2213 689 2272; x_wconf 83' lang='lat' dir='ltr'><strong>triam.</strong></span> 
     </span>
    </p>
   </div>
   <div class='ocr_carea' id='block_1_37' title="bbox 574 2307 2088 2386">
    <p class='ocr_par' dir='ltr' id='par_1_37' title="bbox 574 2307 2088 2386">
     <span class='ocr_line' id='line_1_37' title="bbox 574 2307 2088 2386; baseline 0.009 -23"><span class='ocrx_word' id='word_1_232' title='bbox 574 2307 864 2377; x_wconf 63' lang='lat' dir='ltr'><strong>Propterea</strong></span> <span class='ocrx_word' id='word_1_233' title='bbox 901 2328 1101 2367; x_wconf 74' lang='lat' dir='ltr'><strong>memor</strong></span> <span class='ocrx_word' id='word_1_234' title='bbox 1126 2331 1216 2369; x_wconf 82' lang='lat' dir='ltr'><strong>ero</strong></span> <span class='ocrx_word' id='word_1_235' title='bbox 1263 2319 1341 2370; x_wconf 80' lang='lat' dir='ltr'><strong>tui</strong></span> <span class='ocrx_word' id='word_1_236' title='bbox 1399 2317 1463 2372; x_wconf 80' lang='lat' dir='ltr'><strong>de</strong></span> <span class='ocrx_word' id='word_1_237' title='bbox 1527 2329 1669 2372; x_wconf 84' lang='lat' dir='ltr'><strong>terra</strong></span> <span class='ocrx_word' id='word_1_238' title='bbox 1710 2318 1994 2386; x_wconf 76' lang='lat' dir='ltr'><strong>Iordanis,</strong></span> <span class='ocrx_word' id='word_1_239' title='bbox 2038 2332 2088 2377; x_wconf 78' lang='lat' dir='ltr'><strong>et</strong></span> 
     </span>
    </p>
   </div>
   <div class='ocr_carea' id='block_1_38' title="bbox 501 2396 2090 2483">
    <p class='ocr_par' dir='ltr' id='par_1_38' title="bbox 501 2396 2090 2483">
     <span class='ocr_line' id='line_1_38' title="bbox 501 2396 2090 2483; baseline 0.009 -32"><span class='ocrx_word' id='word_1_240' title='bbox 501 2396 839 2453; x_wconf 79' lang='lat' dir='ltr'><strong>Ilermoniim</strong></span> <span class='ocrx_word' id='word_1_241' title='bbox 907 2420 939 2456; x_wconf 92' lang='lat' dir='ltr'><strong>a</strong></span> <span class='ocrx_word' id='word_1_242' title='bbox 994 2415 1171 2459; x_wconf 74' lang='lat' dir='ltr'><strong>monte</strong></span> <span class='ocrx_word' id='word_1_243' title='bbox 1236 2408 1463 2462; x_wconf 85' lang='lat' dir='ltr'><strong>modico.</strong></span> <span class='ocrx_word' id='word_1_244' title='bbox 1532 2408 1851 2479; x_wconf 71' lang='lat' dir='ltr'><strong>Propterea,</strong></span> <span class='ocrx_word' id='word_1_245' title='bbox 1891 2412 2090 2483; x_wconf 83' lang='lat' dir='ltr'><strong>inquit,</strong></span> 
     </span>
    </p>
   </div>
   <div class='ocr_carea' id='block_1_39' title="bbox 500 2489 2086 2573">
    <p class='ocr_par' dir='ltr' id='par_1_39' title="bbox 500 2489 2086 2573">
     <span class='ocr_line' id='line_1_39' title="bbox 500 2489 2086 2573; baseline 0.011 -29"><span class='ocrx_word' id='word_1_246' title='bbox 500 2489 737 2549; x_wconf 77' lang='lat' dir='ltr'><strong>afﬂictus</strong></span> <span class='ocrx_word' id='word_1_247' title='bbox 770 2509 980 2549; x_wconf 86' lang='lat' dir='ltr'><strong>memor</strong></span> <span class='ocrx_word' id='word_1_248' title='bbox 1003 2511 1099 2551; x_wconf 89' lang='lat' dir='ltr'><strong>ero</strong></span> <span class='ocrx_word' id='word_1_249' title='bbox 1123 2498 1224 2562; x_wconf 86' lang='lat' dir='ltr'><strong>tui,</strong></span> <span class='ocrx_word' id='word_1_250' title='bbox 1258 2499 1363 2556; x_wconf 86' lang='lat' dir='ltr'><strong>hoc</strong></span> <span class='ocrx_word' id='word_1_251' title='bbox 1395 2511 1500 2566; x_wconf 87' lang='lat' dir='ltr'><strong>est,</strong></span> <span class='ocrx_word' id='word_1_252' title='bbox 1527 2504 1866 2560; x_wconf 83' lang='lat' dir='ltr'><strong>recordabar</strong></span> <span class='ocrx_word' id='word_1_253' title='bbox 1895 2506 2086 2573; x_wconf 84' lang='lat' dir='ltr'><strong>studii,</strong></span> 
     </span>
    </p>
   </div>
   <div class='ocr_carea' id='block_1_40' title="bbox 501 2590 2089 2669">
    <p class='ocr_par' dir='ltr' id='par_1_40' title="bbox 501 2590 2089 2669">
     <span class='ocr_line' id='line_1_40' title="bbox 501 2590 2089 2669; baseline 0.011 -30"><span class='ocrx_word' id='word_1_254' title='bbox 501 2591 557 2639; x_wconf 83' lang='lat' dir='ltr'><strong>ct</strong></span> <span class='ocrx_word' id='word_1_255' title='bbox 589 2598 734 2639; x_wconf 72' lang='lat' dir='ltr'><strong>cum</strong></span> <span class='ocrx_word' id='word_1_256' title='bbox 776 2594 905 2650; x_wconf 67' lang='lat' dir='ltr'><strong>tuae,</strong></span> <span class='ocrx_word' id='word_1_257' title='bbox 939 2604 1104 2658; x_wconf 81' lang='lat' dir='ltr'><strong>quam</strong></span> <span class='ocrx_word' id='word_1_258' title='bbox 1145 2590 1389 2647; x_wconf 81' lang='lat' dir='ltr'><strong>habuisti</strong></span> <span class='ocrx_word' id='word_1_259' title='bbox 1427 2595 1575 2651; x_wconf 87' lang='lat' dir='ltr'><strong>circa</strong></span> <span class='ocrx_word' id='word_1_260' title='bbox 1627 2612 1753 2664; x_wconf 87' lang='lat' dir='ltr'><strong>nos,</strong></span> <span class='ocrx_word' id='word_1_261' title='bbox 1795 2606 1844 2653; x_wconf 90' lang='lat' dir='ltr'><strong>et</strong></span> <span class='ocrx_word' id='word_1_262' title='bbox 1888 2601 2089 2669; x_wconf 64' lang='lat' dir='ltr'><strong>praci-</strong></span> 
     </span>
    </p>
   </div>
   <div class='ocr_carea' id='block_1_41' title="bbox 499 2679 2082 2761">
    <p class='ocr_par' dir='ltr' id='par_1_41' title="bbox 499 2679 2082 2761">
     <span class='ocr_line' id='line_1_41' title="bbox 499 2679 2082 2761; baseline 0.013 -32"><span class='ocrx_word' id='word_1_263' title='bbox 499 2691 610 2747; x_wconf 86' lang='lat' dir='ltr'><strong>pue</strong></span> <span class='ocrx_word' id='word_1_264' title='bbox 641 2679 712 2733; x_wconf 87' lang='lat' dir='ltr'><strong>ob</strong></span> <span class='ocrx_word' id='word_1_265' title='bbox 744 2680 833 2735; x_wconf 86' lang='lat' dir='ltr'><strong>illa</strong></span> <span class='ocrx_word' id='word_1_266' title='bbox 876 2681 1043 2748; x_wconf 84' lang='lat' dir='ltr'><strong>bona,</strong></span> <span class='ocrx_word' id='word_1_267' title='bbox 1074 2683 1280 2753; x_wconf 89' lang='lat' dir='ltr'><strong>quibus</strong></span> <span class='ocrx_word' id='word_1_268' title='bbox 1316 2686 1370 2740; x_wconf 89' lang='lat' dir='ltr'><strong>in</strong></span> <span class='ocrx_word' id='word_1_269' title='bbox 1419 2697 1567 2742; x_wconf 85' lang='lat' dir='ltr'><strong>terra</strong></span> <span class='ocrx_word' id='word_1_270' title='bbox 1603 2691 1990 2761; x_wconf 78' lang='lat' dir='ltr'><strong>promissionis</strong></span> <span class='ocrx_word' id='word_1_271' title='bbox 2026 2701 2082 2749; x_wconf 89' lang='lat' dir='ltr'><strong>te</strong></span> 
     </span>
    </p>
   </div>
   <div class='ocr_carea' id='block_1_42' title="bbox 501 2767 2090 2849">
    <p class='ocr_par' dir='ltr' id='par_1_42' title="bbox 501 2767 2090 2849">
     <span class='ocr_line' id='line_1_42' title="bbox 501 2767 2090 2849; baseline 0.013 -31"><span class='ocrx_word' id='word_1_272' title='bbox 501 2775 729 2821; x_wconf 87' lang='lat' dir='ltr'><strong>auctore</strong></span> <span class='ocrx_word' id='word_1_273' title='bbox 789 2767 1134 2823; x_wconf 75' lang='lat' dir='ltr'><strong>frueltamur.</strong></span> <span class='ocrx_word' id='word_1_274' title='bbox 1202 2770 1306 2828; x_wconf 84' lang='lat' dir='ltr'><strong>Per</strong></span> <span class='ocrx_word' id='word_1_275' title='bbox 1348 2772 1649 2832; x_wconf 69' lang='lat' dir='ltr'><strong>Iordanem</strong></span> <span class='ocrx_word' id='word_1_276' title='bbox 1690 2778 1837 2834; x_wconf 88' lang='lat' dir='ltr'><strong>enim</strong></span> <span class='ocrx_word' id='word_1_277' title='bbox 1886 2790 1942 2835; x_wconf 90' lang='lat' dir='ltr'><strong>et</strong></span> <span class='ocrx_word' id='word_1_278' title='bbox 1994 2796 2090 2849; x_wconf 88' lang='lat' dir='ltr'><strong>per</strong></span> 
     </span>
    </p>
   </div>
   <div class='ocr_carea' id='block_1_43' title="bbox 499 2857 2093 2935">
    <p class='ocr_par' dir='ltr' id='par_1_43' title="bbox 499 2857 2093 2935">
     <span class='ocr_line' id='line_1_43' title="bbox 499 2857 2093 2935; baseline 0.013 -29"><span class='ocrx_word' id='word_1_279' title='bbox 499 2857 812 2925; x_wconf 77' lang='lat' dir='ltr'><strong>proximum</strong></span> <span class='ocrx_word' id='word_1_280' title='bbox 854 2859 929 2912; x_wconf 89' lang='lat' dir='ltr'><strong>illi</strong></span> <span class='ocrx_word' id='word_1_281' title='bbox 963 2869 1235 2926; x_wconf 86' lang='lat' dir='ltr'><strong>montem,</strong></span> <span class='ocrx_word' id='word_1_282' title='bbox 1266 2863 1360 2934; x_wconf 90' lang='lat' dir='ltr'><strong>qui</strong></span> <span class='ocrx_word' id='word_1_283' title='bbox 1386 2874 1441 2919; x_wconf 89' lang='lat' dir='ltr'><strong>et</strong></span> <span class='ocrx_word' id='word_1_284' title='bbox 1479 2863 1843 2935; x_wconf 78' lang='lat' dir='ltr'><strong>llermoniim,</strong></span> <span class='ocrx_word' id='word_1_285' title='bbox 1874 2880 1928 2925; x_wconf 90' lang='lat' dir='ltr'><strong>et</strong></span> <span class='ocrx_word' id='word_1_286' title='bbox 1962 2869 2093 2927; x_wconf 82' lang='lat' dir='ltr'><strong>lier-</strong></span> 
     </span>
    </p>
   </div>
   <div class='ocr_carea' id='block_1_44' title="bbox 500 2948 2089 3030">
    <p class='ocr_par' dir='ltr' id='par_1_44' title="bbox 500 2948 2089 3030">
     <span class='ocr_line' id='line_1_44' title="bbox 500 2948 2089 3030; baseline 0.014 -30"><span class='ocrx_word' id='word_1_287' title='bbox 500 2963 631 3003; x_wconf 86' lang='lat' dir='ltr'><strong>mon</strong></span> <span class='ocrx_word' id='word_1_288' title='bbox 669 2948 896 3017; x_wconf 80' lang='lat' dir='ltr'><strong>dicitur,</strong></span> <span class='ocrx_word' id='word_1_289' title='bbox 943 2960 1115 3007; x_wconf 88' lang='lat' dir='ltr'><strong>totam</strong></span> <span class='ocrx_word' id='word_1_290' title='bbox 1146 2952 1391 3010; x_wconf 68' lang='lat' dir='ltr'><strong>Iudaeam</strong></span> <span class='ocrx_word' id='word_1_291' title='bbox 1449 2958 1802 3030; x_wconf 87' lang='lat' dir='ltr'><strong>signiﬁcavit.</strong></span> <span class='ocrx_word' id='word_1_292' title='bbox 1860 2962 2089 3021; x_wconf 80' lang='lat' dir='ltr'><strong>Addidit</strong></span> 
     </span>
    </p>
   </div>
   <div class='ocr_carea' id='block_1_45' title="bbox 499 3042 2088 3124">
    <p class='ocr_par' dir='ltr' id='par_1_45' title="bbox 499 3042 2088 3124">
     <span class='ocr_line' id='line_1_45' title="bbox 499 3042 2088 3124; baseline 0.011 -30"><span class='ocrx_word' id='word_1_293' title='bbox 499 3042 668 3096; x_wconf 87' lang='lat' dir='ltr'><strong>etiam</strong></span> <span class='ocrx_word' id='word_1_294' title='bbox 698 3042 969 3111; x_wconf 80' lang='lat' dir='ltr'><strong>privatam</strong></span> <span class='ocrx_word' id='word_1_295' title='bbox 1008 3046 1214 3102; x_wconf 89' lang='lat' dir='ltr'><strong>montis</strong></span> <span class='ocrx_word' id='word_1_296' title='bbox 1235 3046 1385 3103; x_wconf 91' lang='lat' dir='ltr'><strong>illius</strong></span> <span class='ocrx_word' id='word_1_297' title='bbox 1412 3049 1760 3119; x_wconf 84' lang='lat' dir='ltr'><strong>qualitatem,</strong></span> <span class='ocrx_word' id='word_1_298' title='bbox 1802 3054 1949 3124; x_wconf 92' lang='lat' dir='ltr'><strong>quod</strong></span> <span class='ocrx_word' id='word_1_299' title='bbox 1977 3058 2088 3113; x_wconf 85' lang='lat' dir='ltr'><strong>sci-</strong></span> 
     </span>
    </p>
   </div>
   <div class='ocr_carea' id='block_1_46' title="bbox 500 3133 994 3204">
    <p class='ocr_par' dir='ltr' id='par_1_46' title="bbox 500 3133 994 3204">
     <span class='ocr_line' id='line_1_46' title="bbox 500 3133 994 3204; baseline 0.004 -16"><span class='ocrx_word' id='word_1_300' title='bbox 500 3133 633 3190; x_wconf 77' lang='lat' dir='ltr'><strong>licet</strong></span> <span class='ocrx_word' id='word_1_301' title='bbox 671 3153 863 3204; x_wconf 81' lang='lat' dir='ltr'><strong>parvus</strong></span> <span class='ocrx_word' id='word_1_302' title='bbox 894 3147 994 3192; x_wconf 81' lang='lat' dir='ltr'><strong>est.</strong></span> 
     </span>
    </p>
   </div>
   <div class='ocr_carea' id='block_1_47' title="bbox 582 3225 2089 3305">
    <p class='ocr_par' dir='ltr' id='par_1_47' title="bbox 582 3225 2089 3305">
     <span class='ocr_line' id='line_1_47' title="bbox 582 3225 2089 3305; baseline 0.013 -26"><span class='ocrx_word' id='word_1_303' title='bbox 582 3225 742 3283; x_wconf 77' lang='lat' dir='ltr'><strong>Vsus.</strong></span> <span class='ocrx_word' id='word_1_304' title='bbox 776 3229 831 3283; x_wconf 79' lang='lat'><strong>8.</strong></span> <span class='ocrx_word' id='word_1_305' title='bbox 866 3230 1094 3299; x_wconf 82' lang='lat' dir='ltr'><strong>Abyssus</strong></span> <span class='ocrx_word' id='word_1_306' title='bbox 1144 3235 1393 3305; x_wconf 72' lang='lat' dir='ltr'><strong>abyssum</strong></span> <span class='ocrx_word' id='word_1_307' title='bbox 1423 3238 1630 3293; x_wconf 82' lang='lat' dir='ltr'><strong>invocat</strong></span> <span class='ocrx_word' id='word_1_308' title='bbox 1658 3242 1711 3295; x_wconf 84' lang='lat' dir='ltr'><strong>in</strong></span> <span class='ocrx_word' id='word_1_309' title='bbox 1746 3257 1919 3296; x_wconf 85' lang='lat' dir='ltr'><strong>vocem</strong></span> <span class='ocrx_word' id='word_1_310' title='bbox 1942 3250 2089 3298; x_wconf 84' lang='lat' dir='ltr'><strong>cata-</strong></span> 
     </span>
    </p>
   </div>
   <div class='ocr_carea' id='block_1_48' title="bbox 498 3323 2085 3393">
    <p class='ocr_par' dir='ltr' id='par_1_48' title="bbox 498 3323 2085 3393">
     <span class='ocr_line' id='line_1_48' title="bbox 498 3323 2085 3393; baseline 0.012 -25"><span class='ocrx_word' id='word_1_311' title='bbox 498 3325 771 3371; x_wconf 85' lang='lat' dir='ltr'><strong>ractarum</strong></span> <span class='ocrx_word' id='word_1_312' title='bbox 821 3328 1057 3375; x_wconf 83' lang='lat' dir='ltr'><strong>tuarum.</strong></span> <span class='ocrx_word' id='word_1_313' title='bbox 1113 3323 1476 3393; x_wconf 82' lang='lat' dir='ltr'><strong>Antiquorum</strong></span> <span class='ocrx_word' id='word_1_314' title='bbox 1537 3328 1632 3383; x_wconf 82' lang='lat' dir='ltr'><strong>Dei</strong></span> <span class='ocrx_word' id='word_1_315' title='bbox 1690 3328 2085 3387; x_wconf 82' lang='lat' dir='ltr'><strong>beneﬁciorum</strong></span> 
     </span>
    </p>
   </div>
   <div class='ocr_carea' id='block_1_49' title="bbox 500 3411 2080 3487">
    <p class='ocr_par' dir='ltr' id='par_1_49' title="bbox 500 3411 2080 3487">
     <span class='ocr_line' id='line_1_49' title="bbox 500 3411 2080 3487; baseline 0.012 -27"><span class='ocrx_word' id='word_1_316' title='bbox 500 3423 740 3471; x_wconf 87' lang='lat' dir='ltr'><strong>memor.</strong></span> <span class='ocrx_word' id='word_1_317' title='bbox 773 3411 1045 3481; x_wconf 84' lang='lat' dir='ltr'><strong>deplorat,</strong></span> <span class='ocrx_word' id='word_1_318' title='bbox 1078 3416 1225 3484; x_wconf 87' lang='lat' dir='ltr'><strong>quod</strong></span> <span class='ocrx_word' id='word_1_319' title='bbox 1262 3418 1314 3471; x_wconf 90' lang='lat' dir='ltr'><strong>in</strong></span> <span class='ocrx_word' id='word_1_320' title='bbox 1351 3420 1642 3487; x_wconf 71' lang='lat' dir='ltr'><strong>praesentia</strong></span> <span class='ocrx_word' id='word_1_321' title='bbox 1672 3421 1740 3477; x_wconf 88' lang='lat' dir='ltr'><strong>ab</strong></span> <span class='ocrx_word' id='word_1_322' title='bbox 1774 3436 1842 3478; x_wconf 88' lang='lat' dir='ltr'><strong>eo</strong></span> <span class='ocrx_word' id='word_1_323' title='bbox 1866 3422 2080 3479; x_wconf 84' lang='lat' dir='ltr'><strong>dereli-</strong></span> 
     </span>
    </p>
   </div>
   <div class='ocr_carea' id='block_1_50' title="bbox 500 3503 2087 3587">
    <p class='ocr_par' dir='ltr' id='par_1_50' title="bbox 500 3503 2087 3587">
     <span class='ocr_line' id='line_1_50' title="bbox 500 3503 2087 3587; baseline 0.012 -32"><span class='ocrx_word' id='word_1_324' title='bbox 500 3508 627 3555; x_wconf 79' lang='lat' dir='ltr'><strong>ctus</strong></span> <span class='ocrx_word' id='word_1_325' title='bbox 684 3503 959 3571; x_wconf 77' lang='lat' dir='ltr'><strong>videatur,</strong></span> <span class='ocrx_word' id='word_1_326' title='bbox 1020 3522 1119 3576; x_wconf 90' lang='lat' dir='ltr'><strong>per</strong></span> <span class='ocrx_word' id='word_1_327' title='bbox 1159 3510 1445 3579; x_wconf 84' lang='lat' dir='ltr'><strong>abyssum,</strong></span> <span class='ocrx_word' id='word_1_328' title='bbox 1502 3521 1718 3568; x_wconf 83' lang='lat' dir='ltr'><strong>vastum</strong></span> <span class='ocrx_word' id='word_1_329' title='bbox 1773 3515 2087 3587; x_wconf 74' lang='lat' dir='ltr'><strong>intelligens</strong></span> 
     </span>
    </p>
   </div>
   <div class='ocr_carea' id='block_1_51' title="bbox 498 3593 2084 3672">
    <p class='ocr_par' dir='ltr' id='par_1_51' title="bbox 498 3593 2084 3672">
     <span class='ocr_line' id='line_1_51' title="bbox 498 3593 2084 3672; baseline 0.011 -26"><span class='ocrx_word' id='word_1_330' title='bbox 498 3593 880 3651; x_wconf 81' lang='lat' dir='ltr'><strong>calamitatum</strong></span> <span class='ocrx_word' id='word_1_331' title='bbox 918 3599 1169 3670; x_wconf 82' lang='lat' dir='ltr'><strong>pelagus,</strong></span> <span class='ocrx_word' id='word_1_332' title='bbox 1202 3601 1256 3655; x_wconf 89' lang='lat' dir='ltr'><strong>in</strong></span> <span class='ocrx_word' id='word_1_333' title='bbox 1296 3619 1407 3672; x_wconf 86' lang='lat' dir='ltr'><strong>quo</strong></span> <span class='ocrx_word' id='word_1_334' title='bbox 1453 3611 1586 3661; x_wconf 88' lang='lat' dir='ltr'><strong>tunc</strong></span> <span class='ocrx_word' id='word_1_335' title='bbox 1630 3620 1690 3662; x_wconf 89' lang='lat' dir='ltr'><strong>se</strong></span> <span class='ocrx_word' id='word_1_336' title='bbox 1720 3609 2084 3664; x_wconf 88' lang='lat' dir='ltr'><strong>constitutum</strong></span> 
     </span>
    </p>
   </div>
   <div class='ocr_carea' id='block_1_52' title="bbox 497 3686 2088 3766">
    <p class='ocr_par' dir='ltr' id='par_1_52' title="bbox 497 3686 2088 3766">
     <span class='ocr_line' id='line_1_52' title="bbox 497 3686 2088 3766; baseline 0.012 -30"><span class='ocrx_word' id='word_1_337' title='bbox 497 3686 744 3744; x_wconf 77' lang='lat' dir='ltr'><strong>videbat.</strong></span> <span class='ocrx_word' id='word_1_338' title='bbox 778 3687 1078 3758; x_wconf 80' lang='lat' dir='ltr'><strong>Profunda,</strong></span> <span class='ocrx_word' id='word_1_339' title='bbox 1109 3693 1313 3763; x_wconf 86' lang='lat' dir='ltr'><strong>inquit,</strong></span> <span class='ocrx_word' id='word_1_340' title='bbox 1352 3710 1417 3752; x_wconf 89' lang='lat' dir='ltr'><strong>ac</strong></span> <span class='ocrx_word' id='word_1_341' title='bbox 1451 3705 1606 3753; x_wconf 84' lang='lat' dir='ltr'><strong>vasta</strong></span> <span class='ocrx_word' id='word_1_342' title='bbox 1649 3699 1959 3766; x_wconf 80' lang='lat' dir='ltr'><strong>calamitas,</strong></span> <span class='ocrx_word' id='word_1_343' title='bbox 1991 3716 2088 3755; x_wconf 71' lang='lat' dir='ltr'><strong>va-</strong></span> 
     </span>
    </p>
   </div>
   <div class='ocr_carea' id='block_1_53' title="bbox 501 3779 2080 3853">
    <p class='ocr_par' dir='ltr' id='par_1_53' title="bbox 501 3779 2080 3853">
     <span class='ocr_line' id='line_1_53' title="bbox 501 3779 2080 3853; baseline 0.007 -18"><span class='ocrx_word' id='word_1_344' title='bbox 501 3779 733 3837; x_wconf 88' lang='lat' dir='ltr'><strong>stiorem</strong></span> <span class='ocrx_word' id='word_1_345' title='bbox 760 3781 922 3837; x_wconf 89' lang='lat' dir='ltr'><strong>aliam</strong></span> <span class='ocrx_word' id='word_1_346' title='bbox 956 3798 1175 3852; x_wconf 87' lang='lat' dir='ltr'><strong>semper</strong></span> <span class='ocrx_word' id='word_1_347' title='bbox 1193 3796 1352 3840; x_wconf 84' lang='lat' dir='ltr'><strong>vocat</strong></span> <span class='ocrx_word' id='word_1_348' title='bbox 1370 3787 1768 3853; x_wconf 87' lang='lat' dir='ltr'><strong>calamitatem,</strong></span> <span class='ocrx_word' id='word_1_349' title='bbox 1791 3790 1859 3847; x_wconf 88' lang='lat' dir='ltr'><strong>ad</strong></span> <span class='ocrx_word' id='word_1_350' title='bbox 1885 3806 2080 3848; x_wconf 86' lang='lat' dir='ltr'><strong>vocem</strong></span> 
     </span>
    </p>
   </div>
   <div class='ocr_carea' id='block_1_54' title="bbox 498 3873 2086 3943">
    <p class='ocr_par' dir='ltr' id='par_1_54' title="bbox 498 3873 2086 3943">
     <span class='ocr_line' id='line_1_54' title="bbox 498 3873 2086 3943; baseline 0.009 -20"><span class='ocrx_word' id='word_1_351' title='bbox 498 3873 1059 3935; x_wconf 65' lang='lat' dir='ltr'><strong>catara&quot;tarum,ltoc</strong></span> <span class='ocrx_word' id='word_1_352' title='bbox 1090 3882 1195 3943; x_wconf 84' lang='lat' dir='ltr'><strong>est,</strong></span> <span class='ocrx_word' id='word_1_353' title='bbox 1248 3876 1566 3932; x_wconf 88' lang='lat' dir='ltr'><strong>collisorum</strong></span> <span class='ocrx_word' id='word_1_354' title='bbox 1636 3887 1877 3936; x_wconf 88' lang='lat' dir='ltr'><strong>tuorum.</strong></span> <span class='ocrx_word' id='word_1_355' title='bbox 1933 3882 2086 3937; x_wconf 78' lang='lat' dir='ltr'><strong>Adeo</strong></span> 
     </span>
    </p>
   </div>
   <div class='ocr_carea' id='block_1_55' title="bbox 497 3961 2083 4033">
    <p class='ocr_par' dir='ltr' id='par_1_55' title="bbox 497 3961 2083 4033">
     <span class='ocr_line' id='line_1_55' title="bbox 497 3961 2083 4033; baseline 0.005 -19"><span class='ocrx_word' id='word_1_356' title='bbox 497 3961 649 4014; x_wconf 82' lang='lat' dir='ltr'><strong>enim</strong></span> <span class='ocrx_word' id='word_1_357' title='bbox 675 3963 926 4027; x_wconf 70' lang='lat' dir='ltr'><strong>alternae,</strong></span> <span class='ocrx_word' id='word_1_358' title='bbox 953 3977 1017 4017; x_wconf 87' lang='lat' dir='ltr'><strong>ac</strong></span> <span class='ocrx_word' id='word_1_359' title='bbox 1042 3962 1358 4033; x_wconf 81' lang='lat' dir='ltr'><strong>frequentes</strong></span> <span class='ocrx_word' id='word_1_360' title='bbox 1376 3966 1718 4021; x_wconf 84' lang='lat' dir='ltr'><strong>calamitates</strong></span> <span class='ocrx_word' id='word_1_361' title='bbox 1746 3969 2083 4032; x_wconf 76' lang='lat' dir='ltr'><strong>contractos,</strong></span> 
     </span>
    </p>
   </div>
   <div class='ocr_carea' id='block_1_56' title="bbox 499 4052 2084 4125">
    <p class='ocr_par' dir='ltr' id='par_1_56' title="bbox 499 4052 2084 4125">
     <span class='ocr_line' id='line_1_56' title="bbox 499 4052 2084 4125; baseline 0.007 -20"><span class='ocrx_word' id='word_1_362' title='bbox 499 4067 565 4106; x_wconf 88' lang='lat' dir='ltr'><strong>ac</strong></span> <span class='ocrx_word' id='word_1_363' title='bbox 591 4052 820 4110; x_wconf 84' lang='lat' dir='ltr'><strong>collisos</strong></span> <span class='ocrx_word' id='word_1_364' title='bbox 851 4068 955 4109; x_wconf 89' lang='lat' dir='ltr'><strong>nos</strong></span> <span class='ocrx_word' id='word_1_365' title='bbox 985 4071 1178 4111; x_wconf 87' lang='lat' dir='ltr'><strong>servos</strong></span> <span class='ocrx_word' id='word_1_366' title='bbox 1211 4065 1337 4111; x_wconf 89' lang='lat' dir='ltr'><strong>tuos</strong></span> <span class='ocrx_word' id='word_1_367' title='bbox 1386 4058 1740 4125; x_wconf 79' lang='lat' dir='ltr'><strong>adcriuntur,</strong></span> <span class='ocrx_word' id='word_1_368' title='bbox 1791 4068 1852 4113; x_wconf 91' lang='lat' dir='ltr'><strong>ut</strong></span> <span class='ocrx_word' id='word_1_369' title='bbox 1888 4071 2084 4116; x_wconf 88' lang='lat' dir='ltr'><strong>mutuo</strong></span> 
     </span>
    </p>
   </div>
   <div class='ocr_carea' id='block_1_57' title="bbox 498 4146 2084 4223">
    <p class='ocr_par' dir='ltr' id='par_1_57' title="bbox 498 4146 2084 4223">
     <span class='ocr_line' id='line_1_57' title="bbox 498 4146 2084 4223; baseline 0.006 -25"><span class='ocrx_word' id='word_1_370' title='bbox 498 4159 624 4200; x_wconf 85' lang='lat' dir='ltr'><strong>sese</strong></span> <span class='ocrx_word' id='word_1_371' title='bbox 658 4146 942 4202; x_wconf 81' lang='lat' dir='ltr'><strong>adhortari</strong></span> <span class='ocrx_word' id='word_1_372' title='bbox 970 4149 1264 4204; x_wconf 81' lang='lat' dir='ltr'><strong>videantur</strong></span> <span class='ocrx_word' id='word_1_373' title='bbox 1298 4167 1312 4203; x_wconf 90' lang='lat'><strong>:</strong></span> <span class='ocrx_word' id='word_1_374' title='bbox 1346 4157 1401 4204; x_wconf 90' lang='lat' dir='ltr'><strong>et</strong></span> <span class='ocrx_word' id='word_1_375' title='bbox 1434 4148 1574 4205; x_wconf 87' lang='lat' dir='ltr'><strong>adeo</strong></span> <span class='ocrx_word' id='word_1_376' title='bbox 1609 4166 1711 4208; x_wconf 89' lang='lat' dir='ltr'><strong>nos</strong></span> <span class='ocrx_word' id='word_1_377' title='bbox 1736 4150 2002 4223; x_wconf 84' lang='lat' dir='ltr'><strong>amigunt,</strong></span> <span class='ocrx_word' id='word_1_378' title='bbox 2030 4163 2084 4207; x_wconf 90' lang='lat' dir='ltr'><strong>et</strong></span> 
     </span>
    </p>
   </div>
   <div class='ocr_carea' id='block_1_58' title="bbox 496 4238 2082 4307">
    <p class='ocr_par' dir='ltr' id='par_1_58' title="bbox 496 4238 2082 4307">
     <span class='ocr_line' id='line_1_58' title="bbox 496 4238 2082 4307; baseline 0.008 -22"><span class='ocrx_word' id='word_1_379' title='bbox 496 4241 754 4304; x_wconf 79' lang='lat' dir='ltr'><strong>pungunt</strong></span> <span class='ocrx_word' id='word_1_380' title='bbox 796 4245 875 4300; x_wconf 93' lang='lat' dir='ltr'><strong>ut,</strong></span> <span class='ocrx_word' id='word_1_381' title='bbox 904 4252 1015 4307; x_wconf 73' lang='lat' dir='ltr'><strong>pra:</strong></span> <span class='ocrx_word' id='word_1_382' title='bbox 1046 4238 1216 4293; x_wconf 91' lang='lat' dir='ltr'><strong>nimio</strong></span> <span class='ocrx_word' id='word_1_383' title='bbox 1245 4238 1434 4294; x_wconf 90' lang='lat' dir='ltr'><strong>dolore</strong></span> <span class='ocrx_word' id='word_1_384' title='bbox 1478 4240 1544 4294; x_wconf 90' lang='lat' dir='ltr'><strong>ad</strong></span> <span class='ocrx_word' id='word_1_385' title='bbox 1575 4242 1872 4296; x_wconf 85' lang='lat' dir='ltr'><strong>clamorem</strong></span> <span class='ocrx_word' id='word_1_386' title='bbox 1914 4244 2082 4297; x_wconf 90' lang='lat' dir='ltr'><strong>etiam</strong></span> 
     </span>
    </p>
   </div>
   <div class='ocr_carea' id='block_1_59' title="bbox 497 4332 2079 4401">
    <p class='ocr_par' dir='ltr' id='par_1_59' title="bbox 497 4332 2079 4401">
     <span class='ocr_line' id='line_1_59' title="bbox 497 4332 2079 4401; baseline 0.008 -22"><span class='ocrx_word' id='word_1_387' title='bbox 497 4340 603 4383; x_wconf 79' lang='lat' dir='ltr'><strong>nos</strong></span> <span class='ocrx_word' id='word_1_388' title='bbox 629 4338 949 4396; x_wconf 82' lang='lat' dir='ltr'><strong>provocent.</strong></span> <span class='ocrx_word' id='word_1_389' title='bbox 994 4332 1172 4387; x_wconf 91' lang='lat' dir='ltr'><strong>Dictio</strong></span> <span class='ocrx_word' id='word_1_390' title='bbox 1200 4340 1383 4388; x_wconf 90' lang='lat' dir='ltr'><strong>autem</strong></span> <span class='ocrx_word' id='word_1_391' title='bbox 1436 4344 1858 4401; x_wconf 85' lang='lat' dir='ltr'><strong>cataractarum,</strong></span> <span class='ocrx_word' id='word_1_392' title='bbox 1890 4337 2079 4394; x_wconf 75' lang='lat' dir='ltr'><strong>Graeca</strong></span> 
     </span>
    </p>
   </div>
   <div class='ocr_carea' id='block_1_60' title="bbox 496 4420 2076 4495">
    <p class='ocr_par' dir='ltr' id='par_1_60' title="bbox 496 4420 2076 4495">
     <span class='ocr_line' id='line_1_60' title="bbox 496 4420 2076 4495; baseline 0.008 -23"><span class='ocrx_word' id='word_1_393' title='bbox 496 4428 584 4473; x_wconf 82' lang='lat' dir='ltr'><strong>est</strong></span> <span class='ocrx_word' id='word_1_394' title='bbox 609 4428 664 4474; x_wconf 90' lang='lat' dir='ltr'><strong>et</strong></span> <span class='ocrx_word' id='word_1_395' title='bbox 697 4420 839 4475; x_wconf 86' lang='lat' dir='ltr'><strong>idem</strong></span> <span class='ocrx_word' id='word_1_396' title='bbox 864 4423 953 4477; x_wconf 88' lang='lat' dir='ltr'><strong>hic</strong></span> <span class='ocrx_word' id='word_1_397' title='bbox 993 4424 1291 4495; x_wconf 83' lang='lat' dir='ltr'><strong>significat,</strong></span> <span class='ocrx_word' id='word_1_398' title='bbox 1330 4433 1389 4479; x_wconf 90' lang='lat' dir='ltr'><strong>ut</strong></span> <span class='ocrx_word' id='word_1_399' title='bbox 1415 4426 1679 4493; x_wconf 76' lang='lat' dir='ltr'><strong>diximus,</strong></span> <span class='ocrx_word' id='word_1_400' title='bbox 1711 4428 1882 4495; x_wconf 89' lang='lat' dir='ltr'><strong>quod,</strong></span> <span class='ocrx_word' id='word_1_401' title='bbox 1919 4431 2076 4484; x_wconf 83' lang='lat' dir='ltr'><strong>colli-</strong></span> 
     </span>
    </p>
   </div>
   <div class='ocr_carea' id='block_1_61' title="bbox 2191 1944 3749 2022">
    <p class='ocr_par' dir='ltr' id='par_1_61' title="bbox 2191 1944 3749 2022">
     <span class='ocr_line' id='line_1_61' title="bbox 2191 1944 3749 2022; baseline 0.003 -24"><span class='ocrx_word' id='word_1_402' title='bbox 2191 1944 2270 2009; x_wconf 76' lang='grc' dir='ltr'><strong>δι,</strong></span> <span class='ocrx_word' id='word_1_403' title='bbox 2300 1946 2735 2019; x_wconf 77' lang='grc' dir='ltr'><strong>ἀναλογιζομένη</strong></span> <span class='ocrx_word' id='word_1_404' title='bbox 2764 1949 2861 2013; x_wconf 75' lang='grc' dir='ltr'><strong>τὰς</strong></span> <span class='ocrx_word' id='word_1_405' title='bbox 2882 1950 3181 2021; x_wconf 75' lang='grc' dir='ltr'><strong>ἁμαρτίας,</strong></span> <span class='ocrx_word' id='word_1_406' title='bbox 3230 1951 3299 2004; x_wconf 75' lang='grc' dir='ltr'><strong>δι’</strong></span> <span class='ocrx_word' id='word_1_407' title='bbox 3344 1951 3412 2016; x_wconf 70' lang='grc' dir='ltr'><strong>ἃς</strong></span> <span class='ocrx_word' id='word_1_408' title='bbox 3475 1953 3749 2022; x_wconf 70' lang='grc' dir='ltr'><strong>παρεδόθη·</strong></span> 
     </span>
    </p>
   </div>
   <div class='ocr_carea' id='block_1_62' title="bbox 2197 2039 3753 2115">
    <p class='ocr_par' dir='ltr' id='par_1_62' title="bbox 2197 2039 3753 2115">
     <span class='ocr_line' id='line_1_62' title="bbox 2197 2039 3753 2115; baseline 0.004 -25"><span class='ocrx_word' id='word_1_409' title='bbox 2197 2054 2299 2106; x_wconf 84' lang='grc' dir='ltr'><strong>μεν</strong></span> <span class='ocrx_word' id='word_1_410' title='bbox 2325 2040 2440 2102; x_wconf 87' lang='grc' dir='ltr'><strong>τοῖς</strong></span> <span class='ocrx_word' id='word_1_411' title='bbox 2483 2039 2735 2109; x_wconf 75' lang='grc' dir='ltr'><strong>ἐχθροῖς·</strong></span> <span class='ocrx_word' id='word_1_412' title='bbox 2766 2042 2799 2112; x_wconf 74' lang='grc' dir='ltr'>ἦ</span> <span class='ocrx_word' id='word_1_413' title='bbox 2830 2040 2930 2113; x_wconf 83' lang='grc' dir='ltr'><strong>τὴν</strong></span> <span class='ocrx_word' id='word_1_414' title='bbox 2982 2042 3295 2115; x_wconf 82' lang='grc' dir='ltr'><strong>βραδύτητα</strong></span> <span class='ocrx_word' id='word_1_415' title='bbox 3338 2044 3440 2114; x_wconf 80' lang='grc' dir='ltr'><strong>τῆς</strong></span> <span class='ocrx_word' id='word_1_416' title='bbox 3488 2045 3753 2097; x_wconf 65' lang='grc' dir='ltr'><strong>ἐπανόδου.</strong></span> 
     </span>
    </p>
   </div>
   <div class='ocr_carea' id='block_1_63' title="bbox 2261 2307 3756 2380">
    <p class='ocr_par' dir='ltr' id='par_1_63' title="bbox 2261 2307 3756 2380">
     <span class='ocr_line' id='line_1_63' title="bbox 2261 2307 3756 2380; baseline -0.002 -15"><span class='ocrx_word' id='word_1_417' title='bbox 2261 2310 2365 2366; x_wconf 83' lang='grc' dir='ltr'><strong>Διὰ</strong></span> <span class='ocrx_word' id='word_1_418' title='bbox 2397 2311 2574 2366; x_wconf 81' lang='grc' dir='ltr'><strong>τοῦτο</strong></span> <span class='ocrx_word' id='word_1_419' title='bbox 2595 2309 3032 2380; x_wconf 74' lang='grc' dir='ltr'><strong>μνησθήσομαι</strong></span> <span class='ocrx_word' id='word_1_420' title='bbox 3052 2326 3168 2364; x_wconf 87' lang='grc' dir='ltr'><em>σου</em></span> <span class='ocrx_word' id='word_1_421' title='bbox 3196 2310 3266 2364; x_wconf 81' lang='grc' dir='ltr'><strong>ἐκ</strong></span> <span class='ocrx_word' id='word_1_422' title='bbox 3311 2309 3426 2379; x_wconf 70' lang='grc' dir='ltr'><strong>τῆς</strong></span> <span class='ocrx_word' id='word_1_423' title='bbox 3461 2307 3756 2375; x_wconf 74' lang='grc' dir='ltr'><strong>Ἰορδάνου.</strong></span> 
     </span>
    </p>
   </div>
   <div class='ocr_carea' id='block_1_64' title="bbox 2192 2401 3757 2475">
    <p class='ocr_par' dir='ltr' id='par_1_64' title="bbox 2192 2401 3757 2475">
     <span class='ocr_line' id='line_1_64' title="bbox 2192 2401 3757 2475; baseline -0.005 -17"><span class='ocrx_word' id='word_1_424' title='bbox 2192 2405 2293 2459; x_wconf 75' lang='grc' dir='ltr'><strong>καί</strong></span> <span class='ocrx_word' id='word_1_425' title='bbox 2324 2404 2682 2475; x_wconf 80' lang='grc' dir='ltr'><strong>Ἐρμονιείμ,</strong></span> <span class='ocrx_word' id='word_1_426' title='bbox 2703 2404 2822 2459; x_wconf 77' lang='grc' dir='ltr'><strong>ἀπὸ</strong></span> <span class='ocrx_word' id='word_1_427' title='bbox 2849 2405 3027 2472; x_wconf 81' lang='grc' dir='ltr'><strong>ὅρους</strong></span> <span class='ocrx_word' id='word_1_428' title='bbox 3040 2403 3282 2472; x_wconf 74' lang='grc' dir='ltr'><strong>μικροῦ.</strong></span> <span class='ocrx_word' id='word_1_429' title='bbox 3320 2405 3422 2457; x_wconf 73' lang='grc' dir='ltr'><strong>Διὰ</strong></span> <span class='ocrx_word' id='word_1_430' title='bbox 3479 2402 3634 2455; x_wconf 78' lang='grc' dir='ltr'><strong>τοῦτο</strong></span> <span class='ocrx_word' id='word_1_431' title='bbox 3679 2401 3757 2452; x_wconf 78' lang='grc' dir='ltr'><strong>νῦι.</strong></span> 
     </span>
    </p>
   </div>
   <div class='ocr_carea' id='block_1_65' title="bbox 2194 2495 3758 2568">
    <p class='ocr_par' dir='ltr' id='par_1_65' title="bbox 2194 2495 3758 2568">
     <span class='ocr_line' id='line_1_65' title="bbox 2194 2495 3758 2568; baseline -0.004 -19"><span class='ocrx_word' id='word_1_432' title='bbox 2194 2495 2531 2566; x_wconf 79' lang='grc' dir='ltr'><strong>θλιϐόμενος.</strong></span> <span class='ocrx_word' id='word_1_433' title='bbox 2585 2497 2971 2568; x_wconf 75' lang='grc' dir='ltr'><strong>μνησθήσομαί</strong></span> <span class='ocrx_word' id='word_1_434' title='bbox 3034 2514 3161 2559; x_wconf 89' lang='grc' dir='ltr'><strong>σου,</strong></span> <span class='ocrx_word' id='word_1_435' title='bbox 3217 2496 3492 2558; x_wconf 80' lang='grc' dir='ltr'><strong>τουτέστι,</strong></span> <span class='ocrx_word' id='word_1_436' title='bbox 3565 2511 3758 2563; x_wconf 80' lang='grc' dir='ltr'><strong>μνημοο</strong></span> 
     </span>
    </p>
   </div>
   <div class='ocr_carea' id='block_1_66' title="bbox 2193 2579 3760 2659">
    <p class='ocr_par' dir='ltr' id='par_1_66' title="bbox 2193 2579 3760 2659">
     <span class='ocr_line' id='line_1_66' title="bbox 2193 2579 3760 2659; baseline -0.004 -19"><span class='ocrx_word' id='word_1_437' title='bbox 2193 2587 2371 2642; x_wconf 82' lang='grc' dir='ltr'><strong>νεύσω</strong></span> <span class='ocrx_word' id='word_1_438' title='bbox 2397 2587 2497 2657; x_wconf 73' lang='grc' dir='ltr'><strong>τῆς</strong></span> <span class='ocrx_word' id='word_1_439' title='bbox 2521 2589 2650 2659; x_wconf 69' lang='grc' dir='ltr'><strong>περὶ</strong></span> <span class='ocrx_word' id='word_1_440' title='bbox 2700 2590 2847 2657; x_wconf 77' lang='grc' dir='ltr'><strong>ἡμᾶς</strong></span> <span class='ocrx_word' id='word_1_441' title='bbox 2888 2588 3220 2659; x_wconf 76' lang='grc' dir='ltr'><strong>κηδεμονίας</strong></span> <span class='ocrx_word' id='word_1_442' title='bbox 3281 2606 3399 2647; x_wconf 86' lang='grc' dir='ltr'><strong>σου.</strong></span> <span class='ocrx_word' id='word_1_443' title='bbox 3461 2586 3555 2655; x_wconf 79' lang='grc' dir='ltr'><strong>ἀφ’</strong></span> <span class='ocrx_word' id='word_1_444' title='bbox 3596 2579 3667 2639; x_wconf 75' lang='grc' dir='ltr'><strong>ὧν</strong></span> <span class='ocrx_word' id='word_1_445' title='bbox 3714 2584 3760 2635; x_wconf 73' lang='grc' dir='ltr'><strong>ἐι</strong></span> 
     </span>
    </p>
   </div>
   <div class='ocr_carea' id='block_1_67' title="bbox 2192 2675 3761 2751">
    <p class='ocr_par' dir='ltr' id='par_1_67' title="bbox 2192 2675 3761 2751">
     <span class='ocr_line' id='line_1_67' title="bbox 2192 2675 3761 2751; baseline -0.006 -16"><span class='ocrx_word' id='word_1_446' title='bbox 2192 2683 2259 2751; x_wconf 78' lang='grc' dir='ltr'><strong>τῇ</strong></span> <span class='ocrx_word' id='word_1_447' title='bbox 2292 2682 2364 2751; x_wconf 79' lang='grc' dir='ltr'><strong>γῇ</strong></span> <span class='ocrx_word' id='word_1_448' title='bbox 2398 2680 2496 2749; x_wconf 88' lang='grc' dir='ltr'><strong>τῆς</strong></span> <span class='ocrx_word' id='word_1_449' title='bbox 2547 2681 2882 2749; x_wconf 74' lang='grc' dir='ltr'><strong>ἐπαγγελίας</strong></span> <span class='ocrx_word' id='word_1_450' title='bbox 2931 2680 3334 2750; x_wconf 83' lang='grc' dir='ltr'><strong>ἁπηλαύσαμεν</strong></span> <span class='ocrx_word' id='word_1_451' title='bbox 3378 2678 3621 2747; x_wconf 78' lang='grc' dir='ltr'><strong>ἀγαθῶν.</strong></span> <span class='ocrx_word' id='word_1_452' title='bbox 3677 2675 3761 2729; x_wconf 67' lang='grc' dir='ltr'><strong>Διὰ</strong></span> 
     </span>
    </p>
   </div>
   <div class='ocr_carea' id='block_1_68' title="bbox 2191 2771 3762 2845">
    <p class='ocr_par' dir='ltr' id='par_1_68' title="bbox 2191 2771 3762 2845">
     <span class='ocr_line' id='line_1_68' title="bbox 2191 2771 3762 2845; baseline -0.004 -18"><span class='ocrx_word' id='word_1_453' title='bbox 2191 2775 2301 2845; x_wconf 84' lang='grc' dir='ltr'><strong>γὰρ</strong></span> <span class='ocrx_word' id='word_1_454' title='bbox 2313 2773 2408 2828; x_wconf 82' lang='grc' dir='ltr'><strong>τοῦ</strong></span> <span class='ocrx_word' id='word_1_455' title='bbox 2448 2774 2711 2843; x_wconf 67' lang='grc' dir='ltr'><strong>Ἰορδάνου</strong></span> <span class='ocrx_word' id='word_1_456' title='bbox 2741 2775 2835 2827; x_wconf 76' lang='grc' dir='ltr'><strong>καὶ</strong></span> <span class='ocrx_word' id='word_1_457' title='bbox 2865 2773 2960 2827; x_wconf 78' lang='grc' dir='ltr'><strong>τοῦ</strong></span> <span class='ocrx_word' id='word_1_458' title='bbox 2990 2773 3393 2840; x_wconf 73' lang='grc' dir='ltr'><strong>πλησιάζοντος</strong></span> <span class='ocrx_word' id='word_1_459' title='bbox 3421 2771 3571 2841; x_wconf 77' lang='grc' dir='ltr'><strong>αὕτῷ</strong></span> <span class='ocrx_word' id='word_1_460' title='bbox 3597 2771 3762 2839; x_wconf 72' lang='grc' dir='ltr'><strong>ὅρους,</strong></span> 
     </span>
    </p>
   </div>
   <div class='ocr_carea' id='block_1_69' title="bbox 2191 2862 3761 2959">
    <p class='ocr_par' dir='ltr' id='par_1_69' title="bbox 2191 2862 3761 2959">
     <span class='ocr_line' id='line_1_69' title="bbox 2191 2862 3761 2959; baseline -0.004 -38"><span class='ocrx_word' id='word_1_461' title='bbox 2191 2866 2219 2921; x_wconf 77' lang='grc' dir='ltr'><strong>ὃ</strong></span> <span class='ocrx_word' id='word_1_462' title='bbox 2250 2867 2347 2920; x_wconf 74' lang='grc' dir='ltr'><strong>καὶ</strong></span> <span class='ocrx_word' id='word_1_463' title='bbox 2380 2867 2703 2937; x_wconf 72' lang='grc' dir='ltr'><strong>Ἐρμονιεῖμ</strong></span> <span class='ocrx_word' id='word_1_464' title='bbox 2743 2866 2993 2921; x_wconf 83' lang='grc' dir='ltr'><strong>καλεῖται</strong></span> <span class='ocrx_word' id='word_1_465' title='bbox 3047 2866 3144 2920; x_wconf 74' lang='grc' dir='ltr'><strong>καὶ</strong></span> <span class='ocrx_word' id='word_1_466' title='bbox 3188 2864 3433 2934; x_wconf 74' lang='grc' dir='ltr'><strong>Ἑρμῶν,</strong></span> <span class='ocrx_word' id='word_1_467' title='bbox 3480 2864 3610 2933; x_wconf 82' lang='grc' dir='ltr'><strong>ὃλην</strong></span> <span class='ocrx_word' id='word_1_468' title='bbox 3674 2862 3761 2959; x_wconf 56' lang='grc' dir='ltr'><strong>τὴν</strong></span> 
     </span>
    </p>
   </div>
   <div class='ocr_carea' id='block_1_70' title="bbox 2207 2954 3763 3028">
    <p class='ocr_par' dir='ltr' id='par_1_70' title="bbox 2207 2954 3763 3028">
     <span class='ocr_line' id='line_1_70' title="bbox 2207 2954 3763 3028; baseline -0.006 -16"><span class='ocrx_word' id='word_1_469' title='bbox 2207 2958 2467 3012; x_wconf 76' lang='grc' dir='ltr'><strong>Ἰουδαίαν</strong></span> <span class='ocrx_word' id='word_1_470' title='bbox 2500 2958 2795 3027; x_wconf 73' lang='grc' dir='ltr'><strong>ἐδήλωσεν.</strong></span> <span class='ocrx_word' id='word_1_471' title='bbox 2834 2956 3154 3028; x_wconf 82' lang='grc' dir='ltr'><strong>Προσέθηκε</strong></span> <span class='ocrx_word' id='word_1_472' title='bbox 3184 2954 3239 3009; x_wconf 82' lang='grc' dir='ltr'><strong>δέ</strong></span> <span class='ocrx_word' id='word_1_473' title='bbox 3266 2956 3363 3009; x_wconf 74' lang='grc' dir='ltr'><strong>καὶ</strong></span> <span class='ocrx_word' id='word_1_474' title='bbox 3406 2955 3651 3022; x_wconf 57' lang='lat' dir='ltr'><strong>tamn-,1:</strong></span> <span class='ocrx_word' id='word_1_475' title='bbox 3678 2954 3763 3005; x_wconf 75' lang='grc' dir='ltr'><strong>τοῦ</strong></span> 
     </span>
    </p>
   </div>
   <div class='ocr_carea' id='block_1_71' title="bbox 2190 3048 2886 3121">
    <p class='ocr_par' dir='ltr' id='par_1_71' title="bbox 2190 3048 2886 3121">
     <span class='ocr_line' id='line_1_71' title="bbox 2190 3048 2886 3121; baseline -0.003 -18"><span class='ocrx_word' id='word_1_476' title='bbox 2190 3052 2372 3121; x_wconf 81' lang='grc' dir='ltr'><strong>ὅρους,</strong></span> <span class='ocrx_word' id='word_1_477' title='bbox 2401 3050 2485 3103; x_wconf 84' lang='grc' dir='ltr'><strong>ὅτι</strong></span> <span class='ocrx_word' id='word_1_478' title='bbox 2516 3050 2623 3103; x_wconf 81' lang='grc' dir='ltr'><strong>τοῦ</strong></span> <span class='ocrx_word' id='word_1_479' title='bbox 2645 3048 2886 3119; x_wconf 79' lang='grc' dir='ltr'><strong>μικροῦ.</strong></span> 
     </span>
    </p>
   </div>
   <div class='ocr_carea' id='block_1_72' title="bbox 2266 3221 3765 3291">
    <p class='ocr_par' dir='ltr' id='par_1_72' title="bbox 2266 3221 3765 3291">
     <span class='ocr_line' id='line_1_72' title="bbox 2266 3221 3765 3291; baseline -0.006 -8"><span class='ocrx_word' id='word_1_480' title='bbox 2266 3225 2570 3291; x_wconf 80' lang='grc' dir='ltr'><strong>’Λϐυσσος</strong></span> <span class='ocrx_word' id='word_1_481' title='bbox 2632 3224 2919 3280; x_wconf 78' lang='grc' dir='ltr'><em>ἄϐυσσον</em></span> <span class='ocrx_word' id='word_1_482' title='bbox 2986 3223 3359 3279; x_wconf 75' lang='grc' dir='ltr'><strong>ἐπικαλεῖται</strong></span> <span class='ocrx_word' id='word_1_483' title='bbox 3416 3224 3509 3290; x_wconf 78' lang='grc' dir='ltr'><strong>εις</strong></span> <span class='ocrx_word' id='word_1_484' title='bbox 3572 3221 3765 3291; x_wconf 73' lang='grc' dir='ltr'><strong>φωνὴν</strong></span> 
     </span>
    </p>
   </div>
   <div class='ocr_carea' id='block_1_73' title="bbox 2189 3312 3768 3388">
    <p class='ocr_par' dir='ltr' id='par_1_73' title="bbox 2189 3312 3768 3388">
     <span class='ocr_line' id='line_1_73' title="bbox 2189 3312 3768 3388; baseline -0.004 -16"><span class='ocrx_word' id='word_1_485' title='bbox 2189 3316 2311 3372; x_wconf 77' lang='grc' dir='ltr'><strong>τῶν</strong></span> <span class='ocrx_word' id='word_1_486' title='bbox 2336 3316 2764 3386; x_wconf 71' lang='grc' dir='ltr'><strong>καταῤῥακτῶν</strong></span> <span class='ocrx_word' id='word_1_487' title='bbox 2796 3333 2937 3371; x_wconf 91' lang='grc' dir='ltr'><strong>σου.</strong></span> <span class='ocrx_word' id='word_1_488' title='bbox 2961 3317 3073 3386; x_wconf 82' lang='grc' dir='ltr'><strong>Τῆς</strong></span> <span class='ocrx_word' id='word_1_489' title='bbox 3110 3314 3439 3388; x_wconf 74' lang='grc' dir='ltr'><strong>εὐεργεσίας</strong></span> <span class='ocrx_word' id='word_1_490' title='bbox 3497 3312 3768 3385; x_wconf 77' lang='grc' dir='ltr'><strong>μνησθεὶς,</strong></span> 
     </span>
    </p>
   </div>
   <div class='ocr_carea' id='block_1_74' title="bbox 2190 3404 3767 3481">
    <p class='ocr_par' dir='ltr' id='par_1_74' title="bbox 2190 3404 3767 3481">
     <span class='ocr_line' id='line_1_74' title="bbox 2190 3404 3767 3481; baseline -0.006 -17"><span class='ocrx_word' id='word_1_491' title='bbox 2190 3410 2533 3480; x_wconf 80' lang='grc' dir='ltr'><strong>ἐκτραγῳδεῖ</strong></span> <span class='ocrx_word' id='word_1_492' title='bbox 2562 3409 2658 3462; x_wconf 69' lang='grc' dir='ltr'><strong>καὶ</strong></span> <span class='ocrx_word' id='word_1_493' title='bbox 2686 3410 2788 3481; x_wconf 80' lang='grc' dir='ltr'><strong>τὴν</strong></span> <span class='ocrx_word' id='word_1_494' title='bbox 2821 3408 3232 3477; x_wconf 78' lang='grc' dir='ltr'><strong>ἐκγατάλειψιν,</strong></span> <span class='ocrx_word' id='word_1_495' title='bbox 3285 3409 3533 3463; x_wconf 74' lang='grc' dir='ltr'><strong>ἅὸυσσον</strong></span> <span class='ocrx_word' id='word_1_496' title='bbox 3595 3404 3767 3459; x_wconf 73' lang='grc' dir='ltr'><strong>καλῶν</strong></span> 
     </span>
    </p>
   </div>
   <div class='ocr_carea' id='block_1_75' title="bbox 2189 3493 3767 3570">
    <p class='ocr_par' dir='ltr' id='par_1_75' title="bbox 2189 3493 3767 3570">
     <span class='ocr_line' id='line_1_75' title="bbox 2189 3493 3767 3570; baseline -0.004 -17"><span class='ocrx_word' id='word_1_497' title='bbox 2189 3501 2251 3553; x_wconf 78' lang='grc' dir='ltr'><strong>τὸ</strong></span> <span class='ocrx_word' id='word_1_498' title='bbox 2274 3499 2436 3570; x_wconf 72' lang='grc' dir='ltr'><strong>βάθος</strong></span> <span class='ocrx_word' id='word_1_499' title='bbox 2466 3498 2576 3553; x_wconf 83' lang='grc' dir='ltr'><strong>τῶν</strong></span> <span class='ocrx_word' id='word_1_500' title='bbox 2605 3498 2926 3569; x_wconf 69' lang='grc' dir='ltr'><strong>συμφορῶν.</strong></span> <span class='ocrx_word' id='word_1_501' title='bbox 2958 3497 3164 3552; x_wconf 78' lang='grc' dir='ltr'><strong>Βαθεῖα</strong></span> <span class='ocrx_word' id='word_1_502' title='bbox 3199 3497 3406 3566; x_wconf 76' lang='grc' dir='ltr'><strong>θλῖψις,</strong></span> <span class='ocrx_word' id='word_1_503' title='bbox 3445 3497 3635 3567; x_wconf 64' lang='grc' dir='ltr'><strong>φησιν,</strong></span> <span class='ocrx_word' id='word_1_504' title='bbox 3686 3493 3767 3564; x_wconf 83' lang='grc' dir='ltr'><strong>βα·</strong></span> 
     </span>
    </p>
   </div>
   <div class='ocr_carea' id='block_1_76' title="bbox 2190 3581 3767 3661">
    <p class='ocr_par' dir='ltr' id='par_1_76' title="bbox 2190 3581 3767 3661">
     <span class='ocr_line' id='line_1_76' title="bbox 2190 3581 3767 3661; baseline -0.005 -16"><span class='ocrx_word' id='word_1_505' title='bbox 2190 3590 2343 3645; x_wconf 81' lang='grc' dir='ltr'><strong>θεῖαν</strong></span> <span class='ocrx_word' id='word_1_506' title='bbox 2372 3590 2552 3660; x_wconf 75' lang='grc' dir='ltr'><strong>θλῖψιν</strong></span> <span class='ocrx_word' id='word_1_507' title='bbox 2584 3589 2902 3644; x_wconf 77' lang='grc' dir='ltr'><strong>ἐκκαλεῖται</strong></span> <span class='ocrx_word' id='word_1_508' title='bbox 2930 3591 3013 3653; x_wconf 86' lang='grc' dir='ltr'><strong>εἰς</strong></span> <span class='ocrx_word' id='word_1_509' title='bbox 3062 3588 3194 3661; x_wconf 80' lang='grc' dir='ltr'><strong>βοὴν</strong></span> <span class='ocrx_word' id='word_1_510' title='bbox 3234 3590 3347 3642; x_wconf 85' lang='grc' dir='ltr'><strong>τῶν</strong></span> <span class='ocrx_word' id='word_1_511' title='bbox 3392 3581 3767 3660; x_wconf 76' lang='grc' dir='ltr'><strong>κατερῤαγμί-</strong></span> 
     </span>
    </p>
   </div>
   <div class='ocr_carea' id='block_1_77' title="bbox 2189 3678 3768 3751">
    <p class='ocr_par' dir='ltr' id='par_1_77' title="bbox 2189 3678 3768 3751">
     <span class='ocr_line' id='line_1_77' title="bbox 2189 3678 3768 3751; baseline -0.006 -13"><span class='ocrx_word' id='word_1_512' title='bbox 2189 3701 2297 3738; x_wconf 89' lang='grc' dir='ltr'><strong>νων</strong></span> <span class='ocrx_word' id='word_1_513' title='bbox 2336 3700 2464 3739; x_wconf 79' lang='grc' dir='ltr'><strong>σουο</strong></span> <span class='ocrx_word' id='word_1_514' title='bbox 2496 3685 2780 3737; x_wconf 70' lang='grc' dir='ltr'><strong>τουτέστιν</strong></span> <span class='ocrx_word' id='word_1_515' title='bbox 2811 3682 2986 3746; x_wconf 72' lang='grc' dir='ltr'><strong>οὕτως</strong></span> <span class='ocrx_word' id='word_1_516' title='bbox 3026 3681 3451 3751; x_wconf 75' lang='grc' dir='ltr'><strong>ἁλλεπαλλήλως</strong></span> <span class='ocrx_word' id='word_1_517' title='bbox 3496 3682 3630 3751; x_wconf 79' lang='grc' dir='ltr'><strong>ἡμῖν</strong></span> <span class='ocrx_word' id='word_1_518' title='bbox 3673 3678 3768 3739; x_wconf 82' lang='grc' dir='ltr'><strong>τοῖς</strong></span> 
     </span>
    </p>
   </div>
   <div class='ocr_carea' id='block_1_78' title="bbox 2189 3771 3769 3847">
    <p class='ocr_par' dir='ltr' id='par_1_78' title="bbox 2189 3771 3769 3847">
     <span class='ocr_line' id='line_1_78' title="bbox 2189 3771 3769 3847; baseline -0.006 -17"><span class='ocrx_word' id='word_1_519' title='bbox 2189 3776 2672 3847; x_wconf 65' lang='grc' dir='ltr'><strong>κατεῤῥαγμένοιξ</strong></span> <span class='ocrx_word' id='word_1_520' title='bbox 2693 3773 2903 3840; x_wconf 76' lang='grc' dir='ltr'><strong>δούλοις</strong></span> <span class='ocrx_word' id='word_1_521' title='bbox 2935 3792 3031 3828; x_wconf 89' lang='grc' dir='ltr'><strong>σου</strong></span> <span class='ocrx_word' id='word_1_522' title='bbox 3071 3774 3314 3838; x_wconf 86' lang='grc' dir='ltr'><strong>ἐπίασιν,</strong></span> <span class='ocrx_word' id='word_1_523' title='bbox 3342 3774 3421 3835; x_wconf 82' lang='grc' dir='ltr'><strong>ὡς</strong></span> <span class='ocrx_word' id='word_1_524' title='bbox 3454 3774 3634 3827; x_wconf 82' lang='grc' dir='ltr'><strong>δοκεῖν</strong></span> <span class='ocrx_word' id='word_1_525' title='bbox 3680 3771 3769 3823; x_wconf 79' lang='grc' dir='ltr'><strong>ἀλ-</strong></span> 
     </span>
    </p>
   </div>
   <div class='ocr_carea' id='block_1_79' title="bbox 2188 3860 3770 3936">
    <p class='ocr_par' dir='ltr' id='par_1_79' title="bbox 2188 3860 3770 3936">
     <span class='ocr_line' id='line_1_79' title="bbox 2188 3860 3770 3936; baseline -0.004 -17"><span class='ocrx_word' id='word_1_526' title='bbox 2188 3866 2385 3936; x_wconf 82' lang='grc' dir='ltr'><strong>λήλαις</strong></span> <span class='ocrx_word' id='word_1_527' title='bbox 2434 3863 2826 3933; x_wconf 81' lang='grc' dir='ltr'><strong>ἐγκελεύεσθαι</strong></span> <span class='ocrx_word' id='word_1_528' title='bbox 2856 3878 2872 3895; x_wconf 83' lang='grc'><em>’</em></span> <span class='ocrx_word' id='word_1_529' title='bbox 2912 3865 3006 3918; x_wconf 72' lang='grc' dir='ltr'><strong>καῖ</strong></span> <span class='ocrx_word' id='word_1_530' title='bbox 3037 3861 3299 3918; x_wconf 79' lang='grc' dir='ltr'><strong>τοσοῦτον</strong></span> <span class='ocrx_word' id='word_1_531' title='bbox 3344 3864 3662 3927; x_wconf 73' lang='grc' dir='ltr'><strong>δάκνουσιν,</strong></span> <span class='ocrx_word' id='word_1_532' title='bbox 3703 3860 3770 3922; x_wconf 83' lang='grc' dir='ltr'><strong>ὡς</strong></span> 
     </span>
    </p>
   </div>
   <div class='ocr_carea' id='block_1_80' title="bbox 2190 3952 3771 4030">
    <p class='ocr_par' dir='ltr' id='par_1_80' title="bbox 2190 3952 3771 4030">
     <span class='ocr_line' id='line_1_80' title="bbox 2190 3952 3771 4030; baseline -0.007 -16"><span class='ocrx_word' id='word_1_533' title='bbox 2190 3959 2320 4030; x_wconf 79' lang='grc' dir='ltr'><strong>βοᾷν</strong></span> <span class='ocrx_word' id='word_1_534' title='bbox 2356 3959 2506 4030; x_wconf 77' lang='grc' dir='ltr'><strong>ἡμᾶς</strong></span> <span class='ocrx_word' id='word_1_535' title='bbox 2530 3958 2635 4012; x_wconf 79' lang='grc' dir='ltr'><strong>ὑπὸ</strong></span> <span class='ocrx_word' id='word_1_536' title='bbox 2655 3957 2755 4024; x_wconf 78' lang='grc' dir='ltr'><strong>τῆς</strong></span> <span class='ocrx_word' id='word_1_537' title='bbox 2782 3956 2998 4027; x_wconf 81' lang='grc' dir='ltr'><strong>ὀδύνης.</strong></span> <span class='ocrx_word' id='word_1_538' title='bbox 3028 3955 3462 4027; x_wconf 79' lang='grc' dir='ltr'><strong>Καταρῤακτῶν</strong></span> <span class='ocrx_word' id='word_1_539' title='bbox 3525 3957 3602 4021; x_wconf 78' lang='grc' dir='ltr'><strong>δὲ,</strong></span> <span class='ocrx_word' id='word_1_540' title='bbox 3662 3952 3771 4007; x_wconf 77' lang='grc' dir='ltr'><strong>ἀντὶ</strong></span> 
     </span>
    </p>
   </div>
   <div class='ocr_carea' id='block_1_81' title="bbox 2188 4046 3769 4124">
    <p class='ocr_par' dir='ltr' id='par_1_81' title="bbox 2188 4046 3769 4124">
     <span class='ocr_line' id='line_1_81' title="bbox 2188 4046 3769 4124; baseline -0.006 -18"><span class='ocrx_word' id='word_1_541' title='bbox 2188 4051 2283 4106; x_wconf 78' lang='grc' dir='ltr'><strong>τοῦ</strong></span> <span class='ocrx_word' id='word_1_542' title='bbox 2304 4049 2796 4124; x_wconf 72' lang='grc' dir='ltr'><strong>κατερραγμένων,</strong></span> <span class='ocrx_word' id='word_1_543' title='bbox 2849 4049 3210 4119; x_wconf 82' lang='grc' dir='ltr'><strong>ἐνεργητικὸν</strong></span> <span class='ocrx_word' id='word_1_544' title='bbox 3264 4048 3388 4101; x_wconf 72' lang='grc' dir='ltr'><strong>ἀντὶ</strong></span> <span class='ocrx_word' id='word_1_545' title='bbox 3445 4046 3769 4115; x_wconf 75' lang='grc' dir='ltr'><strong>παθητικοῦ.</strong></span> 
     </span>
    </p>
   </div>
   <div class='ocr_carea' id='block_1_82' title="bbox 2193 4137 3768 4213">
    <p class='ocr_par' dir='ltr' id='par_1_82' title="bbox 2193 4137 3768 4213">
     <span class='ocr_line' id='line_1_82' title="bbox 2193 4137 3768 4213; baseline -0.006 -14"><span class='ocrx_word' id='word_1_546' title='bbox 2193 4146 2305 4199; x_wconf 76' lang='grc' dir='ltr'><strong>Καὶ</strong></span> <span class='ocrx_word' id='word_1_547' title='bbox 2331 4144 2509 4207; x_wconf 76' lang='grc' dir='ltr'><strong>ἄλλως</strong></span> <span class='ocrx_word' id='word_1_548' title='bbox 2537 4161 2552 4173; x_wconf 91' lang='grc'><strong>·</strong></span> <span class='ocrx_word' id='word_1_549' title='bbox 2582 4143 2656 4196; x_wconf 81' lang='grc' dir='ltr'>Τὸ</span> <span class='ocrx_word' id='word_1_550' title='bbox 2689 4142 2931 4213; x_wconf 80' lang='grc' dir='ltr'><strong>ἄμετρον</strong></span> <span class='ocrx_word' id='word_1_551' title='bbox 2962 4140 3072 4195; x_wconf 82' lang='grc' dir='ltr'><strong>τῶν</strong></span> <span class='ocrx_word' id='word_1_552' title='bbox 3132 4141 3425 4212; x_wconf 78' lang='grc' dir='ltr'><strong>ἡμετέρων</strong></span> <span class='ocrx_word' id='word_1_553' title='bbox 3465 4137 3768 4211; x_wconf 82' lang='grc' dir='ltr'><strong>ἁμαρτιῶν,</strong></span> 
     </span>
    </p>
   </div>
   <div class='ocr_carea' id='block_1_83' title="bbox 2186 4231 3769 4310">
    <p class='ocr_par' dir='ltr' id='par_1_83' title="bbox 2186 4231 3769 4310">
     <span class='ocr_line' id='line_1_83' title="bbox 2186 4231 3769 4310; baseline -0.007 -18"><span class='ocrx_word' id='word_1_554' title='bbox 2186 4240 2249 4293; x_wconf 81' lang='grc' dir='ltr'><strong>τὸ</strong></span> <span class='ocrx_word' id='word_1_555' title='bbox 2273 4240 2515 4310; x_wconf 81' lang='grc' dir='ltr'><strong>ἄμετρον</strong></span> <span class='ocrx_word' id='word_1_556' title='bbox 2540 4236 2651 4291; x_wconf 84' lang='grc' dir='ltr'><strong>τῶν</strong></span> <span class='ocrx_word' id='word_1_557' title='bbox 2704 4235 2813 4289; x_wconf 83' lang='grc' dir='ltr'><strong>σῶν</strong></span> <span class='ocrx_word' id='word_1_558' title='bbox 2858 4233 3208 4289; x_wconf 74' lang='grc' dir='ltr'><strong>ἐπικαλεῖται</strong></span> <span class='ocrx_word' id='word_1_559' title='bbox 3245 4234 3558 4305; x_wconf 81' lang='grc' dir='ltr'><strong>οίκτιρμῶν</strong></span> <span class='ocrx_word' id='word_1_560' title='bbox 3585 4252 3599 4265; x_wconf 77' lang='grc' dir='ltr'><strong><em>ο</em></strong></span> <span class='ocrx_word' id='word_1_561' title='bbox 3638 4231 3769 4283; x_wconf 80' lang='grc' dir='ltr'><strong>ὥστε</strong></span> 
     </span>
    </p>
   </div>
   <div class='ocr_carea' id='block_1_84' title="bbox 2188 4326 3769 4403">
    <p class='ocr_par' dir='ltr' id='par_1_84' title="bbox 2188 4326 3769 4403">
     <span class='ocr_line' id='line_1_84' title="bbox 2188 4326 3769 4403; baseline -0.005 -18"><span class='ocrx_word' id='word_1_562' title='bbox 2188 4333 2286 4403; x_wconf 79' lang='grc' dir='ltr'><strong>τὴν</strong></span> <span class='ocrx_word' id='word_1_563' title='bbox 2304 4330 2486 4401; x_wconf 83' lang='grc' dir='ltr'><strong>φωνὴν</strong></span> <span class='ocrx_word' id='word_1_564' title='bbox 2505 4331 2616 4384; x_wconf 84' lang='grc' dir='ltr'><strong>τῶν</strong></span> <span class='ocrx_word' id='word_1_565' title='bbox 2630 4328 3009 4383; x_wconf 80' lang='grc' dir='ltr'><strong>ἀποστολικῶν</strong></span> <span class='ocrx_word' id='word_1_566' title='bbox 3022 4328 3397 4397; x_wconf 83' lang='grc' dir='ltr'><strong>κηρυγμάτων</strong></span> <span class='ocrx_word' id='word_1_567' title='bbox 3413 4329 3556 4380; x_wconf 86' lang='grc' dir='ltr'><strong>ἁκου</strong></span> <span class='ocrx_word' id='word_1_568' title='bbox 3565 4326 3769 4393; x_wconf 74' lang='grc' dir='ltr'><strong>σθῆναι.</strong></span> 
     </span>
    </p>
   </div>
   <div class='ocr_carea' id='block_1_85' title="bbox 2189 4420 3769 4496">
    <p class='ocr_par' dir='ltr' id='par_1_85' title="bbox 2189 4420 3769 4496">
     <span class='ocr_line' id='line_1_85' title="bbox 2189 4420 3769 4496; baseline -0.006 -17"><span class='ocrx_word' id='word_1_569' title='bbox 2189 4424 2587 4496; x_wconf 74' lang='grc' dir='ltr'><strong>Καταρῤάκται</strong></span> <span class='ocrx_word' id='word_1_570' title='bbox 2612 4422 2740 4493; x_wconf 69' lang='grc' dir='ltr'><strong>γὰρ.</strong></span> <span class='ocrx_word' id='word_1_571' title='bbox 2767 4422 2861 4475; x_wconf 71' lang='grc' dir='ltr'><strong>καὶ</strong></span> <span class='ocrx_word' id='word_1_572' title='bbox 2881 4422 2931 4473; x_wconf 91' lang='grc' dir='ltr'><strong>οί</strong></span> <span class='ocrx_word' id='word_1_573' title='bbox 2962 4420 3271 4484; x_wconf 73' lang='grc' dir='ltr'><strong>ἀπόστολοι,</strong></span> <span class='ocrx_word' id='word_1_574' title='bbox 3294 4421 3769 4491; x_wconf 79' lang='grc' dir='ltr'><strong>καταρῥὰσσοντες</strong></span> 
     </span>
    </p>
   </div>
   <div class='ocr_carea' id='block_1_86' title="bbox 499 4508 2088 4587">
    <p class='ocr_par' dir='ltr' id='par_1_86' title="bbox 499 4512 2078 4587">
     <span class='ocr_line' id='line_1_86' title="bbox 499 4512 2078 4587; baseline 0.007 -24"><span class='ocrx_word' id='word_1_575' title='bbox 499 4524 688 4565; x_wconf 88' lang='lat' dir='ltr'><strong>sorum</strong></span> <span class='ocrx_word' id='word_1_576' title='bbox 741 4519 835 4564; x_wconf 89' lang='lat' dir='ltr'><strong>aut</strong></span> <span class='ocrx_word' id='word_1_577' title='bbox 866 4512 1633 4587; x_wconf 76' lang='lat' dir='ltr'><strong>confractorum.[Est‘cnim</strong></span> <span class='ocrx_word' id='word_1_578' title='bbox 1699 4518 1919 4573; x_wconf 71' lang='lat' dir='ltr'><strong>verltale</strong></span> <span class='ocrx_word' id='word_1_579' title='bbox 1979 4535 2078 4573; x_wconf 89' lang='lat' dir='ltr'><strong>no-</strong></span> 
     </span>
    </p>
   </div>
   <div class='ocr_carea' id='block_1_87' title="bbox 2191 4508 3770 4587">
    <p class='ocr_par' dir='ltr' id='par_1_87' title="bbox 2191 4508 3770 4586">
     <span class='ocr_line' id='line_1_87' title="bbox 2191 4508 3770 4586; baseline -0.004 -17"><span class='ocrx_word' id='word_1_580' title='bbox 2191 4519 2369 4569; x_wconf 83' lang='grc' dir='ltr'><strong>πᾶσαν</strong></span> <span class='ocrx_word' id='word_1_581' title='bbox 2392 4517 2623 4586; x_wconf 76' lang='grc' dir='ltr'><strong>ἔπαρσιν</strong></span> <span class='ocrx_word' id='word_1_582' title='bbox 2641 4514 2982 4583; x_wconf 76' lang='grc' dir='ltr'><strong>διαϐολικήν.</strong></span> <span class='ocrx_word' id='word_1_583' title='bbox 3016 4514 3242 4566; x_wconf 82' lang='grc' dir='ltr'><strong>Νοεῖται</strong></span> <span class='ocrx_word' id='word_1_584' title='bbox 3270 4512 3327 4565; x_wconf 84' lang='grc' dir='ltr'><strong>δέ</strong></span> <span class='ocrx_word' id='word_1_585' title='bbox 3346 4508 3770 4581; x_wconf 76' lang='grc' dir='ltr'><strong>ἁγαγωγικώτεσ</strong></span> 
     </span>
    </p>
   </div>
   <div class='ocr_carea' id='block_1_88' title="bbox 497 4604 2084 4680">
    <p class='ocr_par' dir='ltr' id='par_1_88' title="bbox 497 4604 2084 4680">
     <span class='ocr_line' id='line_1_88' title="bbox 497 4604 2084 4680; baseline 0.007 -23"><span class='ocrx_word' id='word_1_586' title='bbox 497 4618 647 4665; x_wconf 82' lang='lat' dir='ltr'><strong>men,</strong></span> <span class='ocrx_word' id='word_1_587' title='bbox 684 4612 739 4658; x_wconf 91' lang='lat' dir='ltr'><strong>et</strong></span> <span class='ocrx_word' id='word_1_588' title='bbox 768 4604 1056 4660; x_wconf 81' lang='lat' dir='ltr'><strong>descendit</strong></span> <span class='ocrx_word' id='word_1_589' title='bbox 1110 4623 1139 4661; x_wconf 92' lang='lat' dir='ltr'><strong>a</strong></span> <span class='ocrx_word' id='word_1_590' title='bbox 1189 4608 1360 4662; x_wconf 81' lang='lat' dir='ltr'><strong>verbo</strong></span> <span class='ocrx_word' id='word_1_591' title='bbox 1411 4610 1747 4679; x_wconf 83' lang='grc' dir='ltr'><strong>καταράσσω</strong></span> <span class='ocrx_word' id='word_1_592' title='bbox 1791 4610 1938 4680; x_wconf 91' lang='lat' dir='ltr'><strong>quod</strong></span> <span class='ocrx_word' id='word_1_593' title='bbox 1996 4623 2084 4668; x_wconf 84' lang='lat' dir='ltr'><strong>est</strong></span> 
     </span>
    </p>
   </div>
   <div class='ocr_carea' id='block_1_89' title="bbox 496 4697 2077 4772">
    <p class='ocr_par' dir='ltr' id='par_1_89' title="bbox 496 4697 2077 4772">
     <span class='ocr_line' id='line_1_89' title="bbox 496 4697 2077 4772; baseline 0.008 -24"><span class='ocrx_word' id='word_1_594' title='bbox 496 4697 725 4761; x_wconf 81' lang='lat' dir='ltr'><strong>collido,</strong></span> <span class='ocrx_word' id='word_1_595' title='bbox 756 4708 848 4752; x_wconf 87' lang='lat' dir='ltr'><strong>aut</strong></span> <span class='ocrx_word' id='word_1_596' title='bbox 881 4699 1221 4772; x_wconf 83' lang='lat' dir='ltr'><strong>confringo.]</strong></span> <span class='ocrx_word' id='word_1_597' title='bbox 1262 4700 1324 4755; x_wconf 86' lang='lat' dir='ltr'><strong>Et</strong></span> <span class='ocrx_word' id='word_1_598' title='bbox 1361 4702 1492 4757; x_wconf 90' lang='lat' dir='ltr'><strong>licet</strong></span> <span class='ocrx_word' id='word_1_599' title='bbox 1525 4704 1745 4772; x_wconf 85' lang='lat' dir='ltr'><strong>proprie</strong></span> <span class='ocrx_word' id='word_1_600' title='bbox 1798 4706 1902 4759; x_wconf 87' lang='lat' dir='ltr'><strong>hoc</strong></span> <span class='ocrx_word' id='word_1_601' title='bbox 1955 4722 2077 4761; x_wconf 82' lang='lat' dir='ltr'><strong>ver-</strong></span> 
     </span>
    </p>
   </div>
   <div class='ocr_carea' id='block_1_90' title="bbox 496 4785 2071 4863">
    <p class='ocr_par' dir='ltr' id='par_1_90' title="bbox 496 4785 2071 4863">
     <span class='ocr_line' id='line_1_90' title="bbox 496 4785 2071 4863; baseline 0.007 -23"><span class='ocrx_word' id='word_1_602' title='bbox 496 4785 622 4843; x_wconf 78' lang='lat' dir='ltr'><strong>ltale</strong></span> <span class='ocrx_word' id='word_1_603' title='bbox 650 4802 851 4843; x_wconf 89' lang='lat' dir='ltr'><strong>nomen</strong></span> <span class='ocrx_word' id='word_1_604' title='bbox 881 4791 1242 4861; x_wconf 82' lang='grc' dir='ltr'><strong>καταράκτης</strong></span> <span class='ocrx_word' id='word_1_605' title='bbox 1292 4792 1470 4847; x_wconf 81' lang='lat' dir='ltr'><strong>active</strong></span> <span class='ocrx_word' id='word_1_606' title='bbox 1504 4794 1576 4846; x_wconf 90' lang='lat' dir='ltr'><strong>sit</strong></span> <span class='ocrx_word' id='word_1_607' title='bbox 1624 4793 2071 4863; x_wconf 85' lang='lat' dir='ltr'><strong>signiﬁcationis,</strong></span> 
     </span>
    </p>
   </div>
   <div class='ocr_carea' id='block_1_91' title="bbox 497 4876 2073 4952">
    <p class='ocr_par' dir='ltr' id='par_1_91' title="bbox 497 4876 2073 4952">
     <span class='ocr_line' id='line_1_91' title="bbox 497 4876 2073 4952; baseline 0.006 -22"><span class='ocrx_word' id='word_1_608' title='bbox 497 4876 590 4931; x_wconf 81' lang='lat' dir='ltr'><strong>hic</strong></span> <span class='ocrx_word' id='word_1_609' title='bbox 626 4886 809 4934; x_wconf 87' lang='lat' dir='ltr'><strong>tamen</strong></span> <span class='ocrx_word' id='word_1_610' title='bbox 841 4883 1075 4949; x_wconf 87' lang='lat' dir='ltr'><strong>ponitur</strong></span> <span class='ocrx_word' id='word_1_611' title='bbox 1122 4883 1177 4936; x_wconf 92' lang='lat' dir='ltr'><strong>in</strong></span> <span class='ocrx_word' id='word_1_612' title='bbox 1208 4882 1452 4952; x_wconf 86' lang='lat' dir='ltr'><strong>passiva.</strong></span> <span class='ocrx_word' id='word_1_613' title='bbox 1515 4884 1669 4949; x_wconf 83' lang='lat' dir='ltr'><strong>Quod</strong></span> <span class='ocrx_word' id='word_1_614' title='bbox 1707 4886 1751 4939; x_wconf 91' lang='lat' dir='ltr'><strong>si</strong></span> <span class='ocrx_word' id='word_1_615' title='bbox 1807 4886 1861 4939; x_wconf 90' lang='lat' dir='ltr'><strong>in</strong></span> <span class='ocrx_word' id='word_1_616' title='bbox 1894 4890 2073 4941; x_wconf 83' lang='lat' dir='ltr'><strong>activa</strong></span> 
     </span>
    </p>
   </div>
   <div class='ocr_carea' id='block_1_92' title="bbox 496 4969 2075 5047">
    <p class='ocr_par' dir='ltr' id='par_1_92' title="bbox 496 4969 2075 5047">
     <span class='ocr_line' id='line_1_92' title="bbox 496 4969 2075 5047; baseline 0.008 -24"><span class='ocrx_word' id='word_1_617' title='bbox 496 4969 904 5037; x_wconf 86' lang='lat' dir='ltr'><strong>signiﬁcatione</strong></span> <span class='ocrx_word' id='word_1_618' title='bbox 933 4974 1227 5029; x_wconf 88' lang='lat' dir='ltr'><strong>dictionem</strong></span> <span class='ocrx_word' id='word_1_619' title='bbox 1251 4990 1460 5040; x_wconf 88' lang='lat' dir='ltr'><strong>sumas,</strong></span> <span class='ocrx_word' id='word_1_620' title='bbox 1505 4976 1687 5031; x_wconf 89' lang='lat' dir='ltr'><strong>littera</strong></span> <span class='ocrx_word' id='word_1_621' title='bbox 1720 4977 1943 5047; x_wconf 80' lang='lat' dir='ltr'><strong>legenda</strong></span> <span class='ocrx_word' id='word_1_622' title='bbox 1968 4987 2075 5042; x_wconf 88' lang='lat' dir='ltr'><strong>est,</strong></span> 
     </span>
    </p>
   </div>
   <div class='ocr_carea' id='block_1_93' title="bbox 496 5058 2073 5135">
    <p class='ocr_par' dir='ltr' id='par_1_93' title="bbox 496 5058 2073 5135">
     <span class='ocr_line' id='line_1_93' title="bbox 496 5058 2073 5135; baseline 0.009 -23"><span class='ocrx_word' id='word_1_623' title='bbox 496 5058 567 5113; x_wconf 82' lang='lat' dir='ltr'><strong>In</strong></span> <span class='ocrx_word' id='word_1_624' title='bbox 602 5078 772 5117; x_wconf 80' lang='lat' dir='ltr'><strong>vocem</strong></span> <span class='ocrx_word' id='word_1_625' title='bbox 803 5065 1220 5133; x_wconf 77' lang='lat' dir='ltr'><strong>confractorum,</strong></span> <span class='ocrx_word' id='word_1_626' title='bbox 1256 5066 1359 5121; x_wconf 84' lang='lat' dir='ltr'><strong>hoc</strong></span> <span class='ocrx_word' id='word_1_627' title='bbox 1392 5076 1496 5131; x_wconf 90' lang='lat' dir='ltr'><strong>est,</strong></span> <span class='ocrx_word' id='word_1_628' title='bbox 1535 5067 1939 5135; x_wconf 85' lang='lat' dir='ltr'><strong>collidentium,</strong></span> <span class='ocrx_word' id='word_1_629' title='bbox 1976 5086 2073 5126; x_wconf 90' lang='lat' dir='ltr'><strong>seu</strong></span> 
     </span>
    </p>
   </div>
   <div class='ocr_carea' id='block_1_94' title="bbox 494 5152 2079 5229">
    <p class='ocr_par' dir='ltr' id='par_1_94' title="bbox 494 5152 2079 5229">
     <span class='ocr_line' id='line_1_94' title="bbox 494 5152 2079 5229; baseline 0.007 -24"><span class='ocrx_word' id='word_1_630' title='bbox 494 5152 957 5224; x_wconf 83' lang='lat' dir='ltr'><strong>confringentiutn</strong></span> <span class='ocrx_word' id='word_1_631' title='bbox 988 5168 1205 5212; x_wconf 91' lang='lat' dir='ltr'><strong>tuorum</strong></span> <span class='ocrx_word' id='word_1_632' title='bbox 1233 5177 1247 5223; x_wconf 92' lang='lat'><strong>;</strong></span> <span class='ocrx_word' id='word_1_633' title='bbox 1282 5168 1335 5212; x_wconf 90' lang='lat' dir='ltr'><strong>et</strong></span> <span class='ocrx_word' id='word_1_634' title='bbox 1356 5168 1487 5213; x_wconf 89' lang='lat' dir='ltr'><strong>tunc</strong></span> <span class='ocrx_word' id='word_1_635' title='bbox 1517 5175 1729 5229; x_wconf 78' lang='lat' dir='ltr'><strong>expone</strong></span> <span class='ocrx_word' id='word_1_636' title='bbox 1755 5170 1925 5215; x_wconf 83' lang='lat' dir='ltr'><strong>tomm</strong></span> <span class='ocrx_word' id='word_1_637' title='bbox 1956 5178 2079 5216; x_wconf 84' lang='lat' dir='ltr'><strong>ver-</strong></span> 
     </span>
    </p>
   </div>
   <div class='ocr_carea' id='block_1_95' title="bbox 495 5243 1151 5316">
    <p class='ocr_par' dir='ltr' id='par_1_95' title="bbox 495 5243 1151 5316">
     <span class='ocr_line' id='line_1_95' title="bbox 495 5243 1151 5316; baseline 0.009 -20"><span class='ocrx_word' id='word_1_638' title='bbox 495 5243 731 5298; x_wconf 88' lang='lat' dir='ltr'><strong>siculum</strong></span> <span class='ocrx_word' id='word_1_639' title='bbox 765 5246 865 5301; x_wconf 88' lang='lat' dir='ltr'><strong>hec</strong></span> <span class='ocrx_word' id='word_1_640' title='bbox 932 5259 1092 5316; x_wconf 84' lang='lat' dir='ltr'><strong>pacto</strong></span> <span class='ocrx_word' id='word_1_641' title='bbox 1138 5266 1151 5302; x_wconf 90' lang='lat'><strong>:</strong></span> 
     </span>
    </p>
   </div>
   <div class='ocr_carea' id='block_1_96' title="bbox 2189 4603 3767 4680">
    <p class='ocr_par' dir='ltr' id='par_1_96' title="bbox 2189 4603 3767 4680">
     <span class='ocr_line' id='line_1_96' title="bbox 2189 4603 3767 4680; baseline -0.006 -17"><span class='ocrx_word' id='word_1_642' title='bbox 2189 4627 2285 4680; x_wconf 88' lang='grc' dir='ltr'><strong>ρον</strong></span> <span class='ocrx_word' id='word_1_643' title='bbox 2309 4608 2543 4672; x_wconf 76' lang='grc' dir='ltr'><strong>ἆῦυσσος</strong></span> <span class='ocrx_word' id='word_1_644' title='bbox 2560 4608 2656 4661; x_wconf 75' lang='grc' dir='ltr'><strong>καὶ</strong></span> <span class='ocrx_word' id='word_1_645' title='bbox 2690 4606 2977 4675; x_wconf 79' lang='grc' dir='ltr'><strong>ἄϐυσσοςή</strong></span> <span class='ocrx_word' id='word_1_646' title='bbox 3002 4604 3216 4659; x_wconf 82' lang='grc' dir='ltr'><strong>Παλαιὰ</strong></span> <span class='ocrx_word' id='word_1_647' title='bbox 3235 4604 3451 4674; x_wconf 80' lang='grc' dir='ltr'><strong>Γραφὴ.</strong></span> <span class='ocrx_word' id='word_1_648' title='bbox 3474 4606 3574 4657; x_wconf 69' lang='grc' dir='ltr'><strong>καὶ</strong></span> <span class='ocrx_word' id='word_1_649' title='bbox 3588 4605 3621 4669; x_wconf 75' lang='grc' dir='ltr'><strong>ἡ</strong></span> <span class='ocrx_word' id='word_1_650' title='bbox 3640 4603 3767 4661; x_wconf 65' lang='lat' dir='ltr'><strong>Nic.</strong></span> 
     </span>
    </p>
   </div>
   <div class='ocr_carea' id='block_1_97' title="bbox 2184 4694 3771 4771">
    <p class='ocr_par' dir='ltr' id='par_1_97' title="bbox 2184 4694 3771 4771">
     <span class='ocr_line' id='line_1_97' title="bbox 2184 4694 3771 4771; baseline -0.005 -17"><span class='ocrx_word' id='word_1_651' title='bbox 2184 4701 2273 4757; x_wconf 80' lang='grc' dir='ltr'><strong>διὰ</strong></span> <span class='ocrx_word' id='word_1_652' title='bbox 2297 4699 2363 4756; x_wconf 77' lang='grc' dir='ltr'><strong>τὰ</strong></span> <span class='ocrx_word' id='word_1_653' title='bbox 2393 4700 2530 4771; x_wconf 80' lang='grc' dir='ltr'><strong>βάθη</strong></span> <span class='ocrx_word' id='word_1_654' title='bbox 2567 4699 2678 4753; x_wconf 81' lang='grc' dir='ltr'><strong>τῶν</strong></span> <span class='ocrx_word' id='word_1_655' title='bbox 2715 4698 3050 4769; x_wconf 79' lang='grc' dir='ltr'><strong>ἁποκρύφων</strong></span> <span class='ocrx_word' id='word_1_656' title='bbox 3082 4697 3393 4769; x_wconf 75' lang='grc' dir='ltr'><strong>νοημάτων.</strong></span> <span class='ocrx_word' id='word_1_657' title='bbox 3429 4699 3499 4750; x_wconf 84' lang='grc' dir='ltr'>Ἡ</span> <span class='ocrx_word' id='word_1_658' title='bbox 3524 4698 3622 4751; x_wconf 83' lang='grc' dir='ltr'><strong>νέα</strong></span> <span class='ocrx_word' id='word_1_659' title='bbox 3650 4694 3771 4763; x_wconf 75' lang='grc' dir='ltr'><strong>γοῦν</strong></span> 
     </span>
    </p>
   </div>
   <div class='ocr_carea' id='block_1_98' title="bbox 2186 4790 3769 4863">
    <p class='ocr_par' dir='ltr' id='par_1_98' title="bbox 2186 4790 3769 4863">
     <span class='ocr_line' id='line_1_98' title="bbox 2186 4790 3769 4863; baseline -0.005 -15"><span class='ocrx_word' id='word_1_660' title='bbox 2186 4795 2526 4848; x_wconf 76' lang='grc' dir='ltr'><strong>ἐπικαλεῖται</strong></span> <span class='ocrx_word' id='word_1_661' title='bbox 2548 4794 2649 4863; x_wconf 81' lang='grc' dir='ltr'><strong>τὴν</strong></span> <span class='ocrx_word' id='word_1_662' title='bbox 2681 4792 2948 4854; x_wconf 77' lang='grc' dir='ltr'><strong>Παλαιὰν,</strong></span> <span class='ocrx_word' id='word_1_663' title='bbox 2990 4790 3077 4844; x_wconf 74' lang='grc' dir='ltr'><strong>διὰ</strong></span> <span class='ocrx_word' id='word_1_664' title='bbox 3105 4791 3202 4861; x_wconf 79' lang='grc' dir='ltr'><strong>τὴν</strong></span> <span class='ocrx_word' id='word_1_665' title='bbox 3220 4791 3406 4859; x_wconf 79' lang='grc' dir='ltr'><strong>φωνὴν</strong></span> <span class='ocrx_word' id='word_1_666' title='bbox 3421 4792 3536 4843; x_wconf 86' lang='grc' dir='ltr'><strong>τῶν</strong></span> <span class='ocrx_word' id='word_1_667' title='bbox 3566 4805 3769 4859; x_wconf 73' lang='grc' dir='ltr'><strong>προφη-</strong></span> 
     </span>
    </p>
   </div>
   <div class='ocr_carea' id='block_1_99' title="bbox 2186 4878 3771 4955">
    <p class='ocr_par' dir='ltr' id='par_1_99' title="bbox 2186 4878 3771 4955">
     <span class='ocr_line' id='line_1_99' title="bbox 2186 4878 3771 4955; baseline -0.006 -15"><span class='ocrx_word' id='word_1_668' title='bbox 2186 4886 2296 4940; x_wconf 86' lang='grc' dir='ltr'><strong>τῶν</strong></span> <span class='ocrx_word' id='word_1_669' title='bbox 2314 4903 2328 4918; x_wconf 74' lang='grc' dir='ltr'><strong><em>ο</em></strong></span> <span class='ocrx_word' id='word_1_670' title='bbox 2347 4886 2441 4939; x_wconf 68' lang='grc' dir='ltr'><strong>καὶ</strong></span> <span class='ocrx_word' id='word_1_671' title='bbox 2464 4878 2611 4940; x_wconf 73' lang='grc' dir='ltr'><strong>οὗτοι</strong></span> <span class='ocrx_word' id='word_1_672' title='bbox 2634 4884 2743 4955; x_wconf 82' lang='grc' dir='ltr'><strong>γὰρ</strong></span> <span class='ocrx_word' id='word_1_673' title='bbox 2768 4884 3146 4954; x_wconf 62' lang='grc' dir='ltr'><strong>καταρράκται</strong></span> <span class='ocrx_word' id='word_1_674' title='bbox 3164 4881 3435 4951; x_wconf 79' lang='grc' dir='ltr'><strong>λέγονται,</strong></span> <span class='ocrx_word' id='word_1_675' title='bbox 3463 4882 3556 4935; x_wconf 74' lang='grc' dir='ltr'><strong>διὰ</strong></span> <span class='ocrx_word' id='word_1_676' title='bbox 3572 4881 3633 4933; x_wconf 72' lang='grc' dir='ltr'><strong>τὸ</strong></span> <span class='ocrx_word' id='word_1_677' title='bbox 3644 4879 3771 4932; x_wconf 68' lang='grc' dir='ltr'><strong>ἄνω-</strong></span> 
     </span>
    </p>
   </div>
   <div class='ocr_carea' id='block_1_100' title="bbox 2190 4972 3772 5046">
    <p class='ocr_par' dir='ltr' id='par_1_100' title="bbox 2190 4972 3772 5046">
     <span class='ocr_line' id='line_1_100' title="bbox 2190 4972 3772 5046; baseline -0.005 -16"><span class='ocrx_word' id='word_1_678' title='bbox 2190 4979 2281 5032; x_wconf 83' lang='grc' dir='ltr'><strong>θεν</strong></span> <span class='ocrx_word' id='word_1_679' title='bbox 2300 4980 2564 5046; x_wconf 82' lang='grc' dir='ltr'><strong>καταχεῖν</strong></span> <span class='ocrx_word' id='word_1_680' title='bbox 2604 4977 2664 5030; x_wconf 83' lang='grc' dir='ltr'><strong>τὸ</strong></span> <span class='ocrx_word' id='word_1_681' title='bbox 2682 4976 2826 5046; x_wconf 78' lang='grc' dir='ltr'><strong>ὕδωρ</strong></span> <span class='ocrx_word' id='word_1_682' title='bbox 2862 4975 2961 5043; x_wconf 82' lang='grc' dir='ltr'><strong>τῆς</strong></span> <span class='ocrx_word' id='word_1_683' title='bbox 2995 4974 3358 5045; x_wconf 62' lang='grc' dir='ltr'><strong>προφητείας.</strong></span> <span class='ocrx_word' id='word_1_684' title='bbox 3398 4972 3772 5025; x_wconf 77' lang='grc' dir='ltr'><strong>Ἑπικαλεῖται</strong></span> 
     </span>
    </p>
   </div>
   <div class='ocr_carea' id='block_1_101' title="bbox 2188 5055 3772 5137">
    <p class='ocr_par' dir='ltr' id='par_1_101' title="bbox 2188 5055 3772 5137">
     <span class='ocr_line' id='line_1_101' title="bbox 2188 5055 3772 5137; baseline -0.008 -17"><span class='ocrx_word' id='word_1_685' title='bbox 2188 5068 2365 5121; x_wconf 85' lang='grc' dir='ltr'><strong>τοίνυν</strong></span> <span class='ocrx_word' id='word_1_686' title='bbox 2392 5066 2563 5137; x_wconf 73' lang='grc' dir='ltr'><strong>αὐτὴν</strong></span> <span class='ocrx_word' id='word_1_687' title='bbox 2586 5105 2601 5129; x_wconf 86' lang='grc'><strong>,</strong></span> <span class='ocrx_word' id='word_1_688' title='bbox 2638 5065 2712 5126; x_wconf 79' lang='grc' dir='ltr'><strong>ὡς</strong></span> <span class='ocrx_word' id='word_1_689' title='bbox 2749 5063 3004 5132; x_wconf 83' lang='grc' dir='ltr'><strong>μάρτυρα</strong></span> <span class='ocrx_word' id='word_1_690' title='bbox 3034 5104 3048 5125; x_wconf 83' lang='grc'><strong>,</strong></span> <span class='ocrx_word' id='word_1_691' title='bbox 3098 5061 3289 5114; x_wconf 70' lang='grc' dir='ltr'><strong>ἕνεκεν</strong></span> <span class='ocrx_word' id='word_1_692' title='bbox 3332 5059 3429 5113; x_wconf 80' lang='grc' dir='ltr'><strong>τοῦ</strong></span> <span class='ocrx_word' id='word_1_693' title='bbox 3468 5058 3646 5120; x_wconf 80' lang='grc' dir='ltr'><strong>δεῖξαι</strong></span> <span class='ocrx_word' id='word_1_694' title='bbox 3693 5055 3772 5108; x_wconf 79' lang='grc' dir='ltr'><strong>ὅτι</strong></span> 
     </span>
    </p>
   </div>
   <div class='ocr_carea' id='block_1_102' title="bbox 2186 5151 3660 5229">
    <p class='ocr_par' dir='ltr' id='par_1_102' title="bbox 2186 5151 3660 5229">
     <span class='ocr_line' id='line_1_102' title="bbox 2186 5151 3660 5229; baseline -0.007 -16"><span class='ocrx_word' id='word_1_695' title='bbox 2186 5163 2236 5213; x_wconf 90' lang='grc' dir='ltr'><strong>οί</strong></span> <span class='ocrx_word' id='word_1_696' title='bbox 2269 5159 2549 5229; x_wconf 70' lang='grc' dir='ltr'><strong>προφῆται</strong></span> <span class='ocrx_word' id='word_1_697' title='bbox 2590 5159 2715 5226; x_wconf 71' lang='grc' dir='ltr'><strong>περὶ</strong></span> <span class='ocrx_word' id='word_1_698' title='bbox 2743 5156 2837 5208; x_wconf 71' lang='grc' dir='ltr'><strong>τοῦ</strong></span> <span class='ocrx_word' id='word_1_699' title='bbox 2881 5154 3120 5225; x_wconf 77' lang='grc' dir='ltr'><strong>Χριστοῦ</strong></span> <span class='ocrx_word' id='word_1_700' title='bbox 3155 5151 3660 5225; x_wconf 74' lang='grc' dir='ltr'><strong>προκατήγγειλαν.</strong></span> 
     </span>
    </p>
   </div>
   <div class='ocr_carea' id='block_1_103' title="bbox 1231 5242 3768 5318">
    <p class='ocr_par' dir='ltr' id='par_1_103' title="bbox 1231 5242 3768 5318">
     <span class='ocr_line' id='line_1_103' title="bbox 1231 5242 3768 5318; baseline -0.003 -17"><span class='ocrx_word' id='word_1_701' title='bbox 1231 5248 1578 5305; x_wconf 87' lang='lat' dir='ltr'><strong>lmmcnsitas</strong></span> <span class='ocrx_word' id='word_1_702' title='bbox 1640 5261 1992 5318; x_wconf 88' lang='lat' dir='ltr'><strong>peccatorum</strong></span> <span class='ocrx_word' id='word_1_703' title='bbox 2079 5262 2421 5312; x_wconf 84' lang='lat' dir='ltr'><strong>nostrorum,</strong></span> <span class='ocrx_word' id='word_1_704' title='bbox 2500 5249 2924 5302; x_wconf 82' lang='lat' dir='ltr'><strong>immensitatem</strong></span> <span class='ocrx_word' id='word_1_705' title='bbox 2985 5247 3205 5299; x_wconf 84' lang='lat' dir='ltr'><strong>invocat</strong></span> <span class='ocrx_word' id='word_1_706' title='bbox 3262 5242 3768 5298; x_wconf 80' lang='lat' dir='ltr'><strong>misericordiamm</strong></span> 
     </span>
    </p>
   </div>
   <div class='ocr_carea' id='block_1_104' title="bbox 495 5329 3768 5411">
    <p class='ocr_par' dir='ltr' id='par_1_104' title="bbox 495 5329 3768 5411">
     <span class='ocr_line' id='line_1_104' title="bbox 495 5329 3768 5411; baseline 0.001 -25"><span class='ocrx_word' id='word_1_707' title='bbox 495 5344 766 5389; x_wconf 88' lang='lat' dir='ltr'><strong>tuarum:</strong></span> <span class='ocrx_word' id='word_1_708' title='bbox 812 5339 1105 5406; x_wconf 83' lang='lat' dir='ltr'><strong>atquehoe</strong></span> <span class='ocrx_word' id='word_1_709' title='bbox 1136 5339 1201 5393; x_wconf 86' lang='lat' dir='ltr'><strong>ad</strong></span> <span class='ocrx_word' id='word_1_710' title='bbox 1256 5354 1444 5395; x_wconf 82' lang='lat' dir='ltr'><strong>vocent</strong></span> <span class='ocrx_word' id='word_1_711' title='bbox 1482 5339 1899 5406; x_wconf 68' lang='lat' dir='ltr'><strong>praedicatorum</strong></span> <span class='ocrx_word' id='word_1_712' title='bbox 1970 5342 2276 5411; x_wconf 84' lang='lat' dir='ltr'><strong>Evangelii,</strong></span> <span class='ocrx_word' id='word_1_713' title='bbox 2342 5342 2446 5394; x_wconf 83' lang='lat' dir='ltr'><strong>hoc</strong></span> <span class='ocrx_word' id='word_1_714' title='bbox 2490 5348 2597 5401; x_wconf 87' lang='lat' dir='ltr'><strong>est,</strong></span> <span class='ocrx_word' id='word_1_715' title='bbox 2656 5338 3056 5407; x_wconf 84' lang='lat' dir='ltr'><strong>apostolorum.</strong></span> <span class='ocrx_word' id='word_1_716' title='bbox 3112 5334 3253 5389; x_wconf 84' lang='lat' dir='ltr'><strong>Sunt</strong></span> <span class='ocrx_word' id='word_1_717' title='bbox 3311 5334 3457 5389; x_wconf 87' lang='lat' dir='ltr'><strong>enim</strong></span> <span class='ocrx_word' id='word_1_718' title='bbox 3540 5329 3768 5402; x_wconf 78' lang='lat' dir='ltr'><strong>apostoli</strong></span> 
     </span>
    </p>
   </div>
   <div class='ocr_carea' id='block_1_105' title="bbox 498 5426 3767 5501">
    <p class='ocr_par' dir='ltr' id='par_1_105' title="bbox 498 5426 3767 5501">
     <span class='ocr_line' id='line_1_105' title="bbox 498 5426 3767 5501; baseline -0.001 -22"><span class='ocrx_word' id='word_1_719' title='bbox 498 5430 824 5485; x_wconf 77' lang='lat' dir='ltr'><strong>validissimi</strong></span> <span class='ocrx_word' id='word_1_720' title='bbox 865 5435 1087 5501; x_wconf 88' lang='lat' dir='ltr'><strong>quidam</strong></span> <span class='ocrx_word' id='word_1_721' title='bbox 1116 5434 1516 5494; x_wconf 86' lang='lat' dir='ltr'><strong>confractores,</strong></span> <span class='ocrx_word' id='word_1_722' title='bbox 1546 5449 1763 5488; x_wconf 86' lang='lat' dir='ltr'><strong>omnem</strong></span> <span class='ocrx_word' id='word_1_723' title='bbox 1810 5437 2067 5490; x_wconf 87' lang='lat' dir='ltr'><strong>nimirum</strong></span> <span class='ocrx_word' id='word_1_724' title='bbox 2109 5435 2444 5491; x_wconf 82' lang='lat' dir='ltr'><strong>diabolicam</strong></span> <span class='ocrx_word' id='word_1_725' title='bbox 2476 5432 2769 5485; x_wconf 84' lang='lat' dir='ltr'><strong>elationem</strong></span> <span class='ocrx_word' id='word_1_726' title='bbox 2840 5428 3275 5498; x_wconf 83' lang='lat' dir='ltr'><strong>confringentes.</strong></span> <span class='ocrx_word' id='word_1_727' title='bbox 3330 5427 3487 5493; x_wconf 86' lang='lat' dir='ltr'><strong>Quod</strong></span> <span class='ocrx_word' id='word_1_728' title='bbox 3568 5426 3616 5480; x_wconf 88' lang='lat' dir='ltr'><strong>si</strong></span> <span class='ocrx_word' id='word_1_729' title='bbox 3653 5435 3767 5477; x_wconf 76' lang='lat' dir='ltr'><strong>tex-</strong></span> 
     </span>
    </p>
   </div>
   <div class='ocr_carea' id='block_1_106' title="bbox 500 5520 3759 5594">
    <p class='ocr_par' dir='ltr' id='par_1_106' title="bbox 500 5520 3759 5594">
     <span class='ocr_line' id='line_1_106' title="bbox 500 5520 3759 5594; baseline 0.001 -22"><span class='ocrx_word' id='word_1_730' title='bbox 500 5530 618 5573; x_wconf 89' lang='lat' dir='ltr'><strong>tum</strong></span> <span class='ocrx_word' id='word_1_731' title='bbox 656 5525 805 5593; x_wconf 73' lang='lat' dir='ltr'><strong>legas</strong></span> <span class='ocrx_word' id='word_1_732' title='bbox 850 5534 1013 5594; x_wconf 89' lang='lat' dir='ltr'><strong>prout</strong></span> <span class='ocrx_word' id='word_1_733' title='bbox 1042 5528 1205 5579; x_wconf 84' lang='lat' dir='ltr'><strong>etiam</strong></span> <span class='ocrx_word' id='word_1_734' title='bbox 1263 5526 1365 5594; x_wconf 77' lang='lat' dir='ltr'><strong>legi</strong></span> <span class='ocrx_word' id='word_1_735' title='bbox 1398 5536 1574 5594; x_wconf 84' lang='lat' dir='ltr'><strong>potest</strong></span> <span class='ocrx_word' id='word_1_736' title='bbox 1615 5544 1629 5577; x_wconf 83' lang='lat'><strong>:</strong></span> <span class='ocrx_word' id='word_1_737' title='bbox 1668 5526 1731 5580; x_wconf 84' lang='lat' dir='ltr'><strong>lu</strong></span> <span class='ocrx_word' id='word_1_738' title='bbox 1773 5544 1946 5582; x_wconf 73' lang='lat' dir='ltr'><strong>vorem</strong></span> <span class='ocrx_word' id='word_1_739' title='bbox 1990 5538 2394 5582; x_wconf 77' lang='lat' dir='ltr'><strong>cotaractarum</strong></span> <span class='ocrx_word' id='word_1_740' title='bbox 2428 5533 2665 5587; x_wconf 80' lang='lat' dir='ltr'><strong>tuarum,</strong></span> <span class='ocrx_word' id='word_1_741' title='bbox 2742 5533 2900 5590; x_wconf 79' lang='lat' dir='ltr'><strong>potes</strong></span> <span class='ocrx_word' id='word_1_742' title='bbox 2928 5522 3089 5590; x_wconf 78' lang='lat' dir='ltr'><strong>juxta</strong></span> <span class='ocrx_word' id='word_1_743' title='bbox 3149 5520 3401 5575; x_wconf 84' lang='lat' dir='ltr'><strong>altiorem</strong></span> <span class='ocrx_word' id='word_1_744' title='bbox 3476 5528 3759 5586; x_wconf 69' lang='lat' dir='ltr'><strong>anngoaen</strong></span> 
     </span>
    </p>
   </div>
   <div class='ocr_carea' id='block_1_107' title="bbox 503 5613 3767 5715">
    <p class='ocr_par' dir='ltr' id='par_1_107' title="bbox 503 5613 3767 5715">
     <span class='ocr_line' id='line_1_107' title="bbox 503 5613 3767 5715; baseline -0.001 -48"><span class='ocrx_word' id='word_1_745' title='bbox 503 5615 833 5686; x_wconf 75' lang='lat' dir='ltr'><strong>intelligere,</strong></span> <span class='ocrx_word' id='word_1_746' title='bbox 876 5622 1021 5686; x_wconf 80' lang='lat' dir='ltr'><strong>quod</strong></span> <span class='ocrx_word' id='word_1_747' title='bbox 1065 5622 1318 5691; x_wconf 82' lang='lat' dir='ltr'><strong>abyssus,</strong></span> <span class='ocrx_word' id='word_1_748' title='bbox 1378 5634 1435 5674; x_wconf 84' lang='lat' dir='ltr'><strong>et</strong></span> <span class='ocrx_word' id='word_1_749' title='bbox 1488 5621 1743 5692; x_wconf 87' lang='lat' dir='ltr'><strong>abyssus,</strong></span> <span class='ocrx_word' id='word_1_750' title='bbox 1808 5621 1977 5678; x_wconf 78' lang='lat' dir='ltr'><strong>Vetus</strong></span> <span class='ocrx_word' id='word_1_751' title='bbox 2035 5638 2089 5677; x_wconf 84' lang='lat' dir='ltr'><strong>et</strong></span> <span class='ocrx_word' id='word_1_752' title='bbox 2124 5621 2336 5677; x_wconf 88' lang='lat' dir='ltr'><strong>Novum</strong></span> <span class='ocrx_word' id='word_1_753' title='bbox 2367 5619 2780 5675; x_wconf 82' lang='lat' dir='ltr'><strong>Testamentum</strong></span> <span class='ocrx_word' id='word_1_754' title='bbox 2830 5616 3164 5687; x_wconf 79' lang='lat' dir='ltr'><strong>signiﬁcent,</strong></span> <span class='ocrx_word' id='word_1_755' title='bbox 3198 5616 3270 5671; x_wconf 87' lang='lat' dir='ltr'><strong>ob</strong></span> <span class='ocrx_word' id='word_1_756' title='bbox 3334 5613 3767 5715; x_wconf 77' lang='lat' dir='ltr'><strong>profunditatem</strong></span> 
     </span>
    </p>
   </div>
   <div class='ocr_carea' id='block_1_108' title="bbox 506 5709 3768 5785">
    <p class='ocr_par' dir='ltr' id='par_1_108' title="bbox 506 5709 3768 5785">
     <span class='ocr_line' id='line_1_108' title="bbox 506 5709 3768 5785; baseline -0.001 -22"><span class='ocrx_word' id='word_1_757' title='bbox 506 5710 770 5764; x_wconf 85' lang='lat' dir='ltr'><strong>nimirum</strong></span> <span class='ocrx_word' id='word_1_758' title='bbox 857 5714 1201 5767; x_wconf 87' lang='lat' dir='ltr'><strong>occultorum</strong></span> <span class='ocrx_word' id='word_1_759' title='bbox 1262 5724 1659 5768; x_wconf 76' lang='lat' dir='ltr'><strong>sensuuntzct</strong></span> <span class='ocrx_word' id='word_1_760' title='bbox 1740 5716 1939 5779; x_wconf 70' lang='lat' dir='ltr'><strong>dicere,</strong></span> <span class='ocrx_word' id='word_1_761' title='bbox 2000 5718 2145 5785; x_wconf 82' lang='lat' dir='ltr'><strong>quod</strong></span> <span class='ocrx_word' id='word_1_762' title='bbox 2222 5714 2457 5781; x_wconf 62' lang='lat' dir='ltr'><strong>Novum,</strong></span> <span class='ocrx_word' id='word_1_763' title='bbox 2531 5712 2833 5779; x_wconf 82' lang='lat' dir='ltr'><strong>Antiquum</strong></span> <span class='ocrx_word' id='word_1_764' title='bbox 2929 5710 3149 5765; x_wconf 69' lang='lat' dir='ltr'><strong>invocat</strong></span> <span class='ocrx_word' id='word_1_765' title='bbox 3232 5709 3676 5766; x_wconf 79' lang='lat' dir='ltr'><strong>Testamentum.</strong></span> <span class='ocrx_word' id='word_1_766' title='bbox 3718 5709 3768 5755; x_wconf 81' lang='lat' dir='ltr'><strong>ill</strong></span> 
     </span>
    </p>
   </div>
   <div class='ocr_carea' id='block_1_109' title="bbox 507 5801 3769 5878">
    <p class='ocr_par' dir='ltr' id='par_1_109' title="bbox 507 5801 3769 5878">
     <span class='ocr_line' id='line_1_109' title="bbox 507 5801 3769 5878; baseline -0.001 -21"><span class='ocrx_word' id='word_1_767' title='bbox 507 5819 698 5859; x_wconf 79' lang='lat' dir='ltr'><strong>vocem</strong></span> <span class='ocrx_word' id='word_1_768' title='bbox 733 5813 1134 5861; x_wconf 76' lang='lat' dir='ltr'><strong>cataractarum</strong></span> <span class='ocrx_word' id='word_1_769' title='bbox 1184 5818 1426 5871; x_wconf 85' lang='lat' dir='ltr'><strong>tuarum,</strong></span> <span class='ocrx_word' id='word_1_770' title='bbox 1480 5809 1579 5862; x_wconf 80' lang='lat' dir='ltr'><strong>hoc</strong></span> <span class='ocrx_word' id='word_1_771' title='bbox 1608 5817 1710 5870; x_wconf 81' lang='lat' dir='ltr'><strong>est,</strong></span> <span class='ocrx_word' id='word_1_772' title='bbox 1767 5822 1860 5863; x_wconf 80' lang='lat' dir='ltr'><strong>per</strong></span> <span class='ocrx_word' id='word_1_773' title='bbox 1890 5822 2077 5863; x_wconf 68' lang='lat' dir='ltr'><strong>vocem</strong></span> <span class='ocrx_word' id='word_1_774' title='bbox 2122 5808 2515 5878; x_wconf 78' lang='lat' dir='ltr'><strong>prapltctaru-n</strong></span> <span class='ocrx_word' id='word_1_775' title='bbox 2573 5816 2813 5860; x_wconf 89' lang='lat' dir='ltr'><strong>tuorum.</strong></span> <span class='ocrx_word' id='word_1_776' title='bbox 2852 5801 3121 5858; x_wconf 82' lang='lat' dir='ltr'><strong>Dicuntur</strong></span> <span class='ocrx_word' id='word_1_777' title='bbox 3156 5802 3301 5859; x_wconf 86' lang='lat' dir='ltr'><strong>enim</strong></span> <span class='ocrx_word' id='word_1_778' title='bbox 3375 5803 3575 5857; x_wconf 77' lang='lat' dir='ltr'><strong>merito</strong></span> <span class='ocrx_word' id='word_1_779' title='bbox 3646 5811 3769 5869; x_wconf 55' lang='lat' dir='ltr'><strong>prov</strong></span> 
     </span>
    </p>
   </div>
  </div>
