4036 6262
568 314 677 375 479
1776 309 2166 373 EUTHYMII
2207 306 2575 370 ZIGABEN!
3718 302 3828 361 480

570 438 629 483 ut
682 426 865 480 illud:
907 425 1159 480 Viderunt
1229 426 1368 481 oculi
1422 427 1641 490 nostri;
1686 426 1818 479 item
1873 443 1886 479 :
1948 424 2140 477 Manus

2246 420 2694 492 αἰσθητήρια,ὼ;
2722 418 2808 483 τὺ,
2842 417 3211 485 Ἑωράκασιν
3240 417 3297 469 οι
3325 414 3617 484 ὀφθαλμοὶ
3642 413 3834 481 ήμῶνν

565 527 760 571 nostrae
774 526 1248 581 contrectaverunt,
1272 526 1465 571 etcum
1495 516 1735 571 dixerint
1761 534 1773 571 :
1803 516 2142 579 Audiuimus,

2251 517 2345 570 καί
2370 530 2383 544 '
2416 517 2488 568 Al
2535 511 2738 582 χεῖρες
2766 509 2936 579 ἡμῶν
2992 508 3409 577 ἐψηλάφησαν
3432 543 3448 559 .
3473 508 3735 568 Είπόντες
3758 506 3841 570 δὲ,

567 608 782 673 subdit,
848 621 880 661 a
940 608 1167 677 quibus,
1246 622 1274 660 a
1320 608 1571 678 patribus
1630 606 1863 671 scilicet,
1919 621 2014 675 per
2057 606 2148 660 illa

2255 610 2340 663 ὃτι
2383 607 2794 675 Ἠκούσαμεν,
2824 605 3090 671 ἐπάγουσι
3146 601 3239 654 καὶ
3300 600 3451 669 παρὰ
3500 601 3706 662 τίνων,
3760 601 3844 652 δτι

568 702 858 766 nimirum,
921 715 1045 770 quae
1104 699 1265 755 nobis
1327 701 1535 769 scripta
1588 700 1952 769 reliquerunt.
2007 696 2151 765 Quid

2252 698 2405 771 παρᾶ
2439 698 2549 752 τῶν
2576 697 2823 766 πατρῶν.
2851 694 3022 763 Δῆλον
3050 693 3127 758 δέ,
3165 694 3248 746 ὅτι
3275 693 3389 761 (53)
3420 691 3527 746 ἀπὸ
3550 691 3663 744 τῶν
3707 707 3842 757 συγ-

578 802 761 849 autem
795 792 1091 858 audierint,
1113 801 1167 847 et
1189 792 1319 863 quid
1339 799 1599 862 operatus
1634 793 1706 847 sit
1741 791 1905 855 Deus,
1935 792 2063 846 audi
2096 791 2151 845 in

2254 787 2605 858 γραμμάτων
2635 778 2711 847 ὧν
2740 783 3129 838 ἀπολέλοιπαν.
3161 782 3228 833 Τί
3259 782 3315 834 δέ
3353 781 3504 838 ἐστιν
3544 780 3573 833 ὃ
3605 778 3848 846 ἠκούσα-

580 885 968 953 sequentibus.

2256 896 2358 949 μεν
2390 880 2483 933 καὶ
2512 878 2541 931 ὃ
2574 878 2872 948 εἰργάσατο
2920 878 2950 929 ὁ
2982 875 3116 939 Θεὸς
3144 875 3379 929 ἄκουσον
3416 873 3506 927 διὰ
3552 872 3663 925 τῶν
3692 873 3847 936 ἑξῆς.

642 973 814 1030 Vsus.
841 974 896 1029 3.
925 975 1115 1029 Manus
1143 984 1236 1028 tua
1262 982 1439 1043 gentes
1469 974 1867 1040 exterminavit,
1902 981 1951 1027 et
2000 973 2155 1041 ptan-

2339 971 2554 1041 Ἡκείρ
2604 986 2721 1025 σου
2773 969 2917 1036 ἔθνη
2964 967 3400 1034 ἐξωλόθρευσε,
3436 965 3537 1020 καί
3590 966 3852 1032 κατεφύ-

579 1069 710 1121 tasti
741 1084 851 1122 eos.
897 1066 1001 1121 Per
1032 1075 1221 1136 gentes
1253 1066 1595 1121 Chananazos
1622 1066 1899 1138 intelligit.
1932 1077 1986 1121 et
2016 1066 2158 1121 alios

2256 1081 2484 1131 τευσας
2515 1063 2759 1127 αὐτούς.
2812 1062 2984 1133 Ἔθνη
3020 1061 3091 1115 τὰ
3125 1060 3235 1114 τῶν
3283 1061 3606 1114 Χαναναίων
3654 1058 3809 1125 λέγει
3834 1097 3850 1120 ,

583 1159 840 1229 populos,
871 1158 965 1227 qui
1008 1158 1140 1211 olim
1177 1158 1229 1210 in
1267 1167 1409 1213 terra
1442 1159 1832 1228 promissionis
1874 1156 2159 1213 habitave-

2256 1162 2347 1213 καὶ
2378 1158 2487 1211 τῶν
2517 1157 2715 1220 ἄλλων,
2737 1155 2848 1208 τῶν
2874 1153 3280 1209 κατοικούντων
3305 1152 3575 1222 πρότερον
3600 1154 3660 1204 ἐν
3679 1153 3748 1217 τῇ
3779 1153 3850 1217 γῇ

578 1262 748 1308 rant:
792 1261 845 1304 et
900 1266 1000 1320 per
1052 1266 1275 1304 manum
1334 1250 1475 1319 ejus,
1537 1249 1777 1305 divinam
1836 1252 2154 1319 potentiam.

2260 1252 2357 1320 τῆς
2406 1249 2785 1318 ἐπαγγελίας·
2837 1250 3000 1318 χεῖρα
3050 1246 3108 1301 δέ
3155 1245 3306 1314 λέγει
3350 1244 3512 1301 Θεοῦ.
3553 1243 3656 1313 τὴν
3696 1242 3854 1294 Θείαν

578 1343 851 1397 Ρίαηιαειὶ
875 1360 985 1410 eos,
1012 1344 1063 1398 id
1094 1352 1201 1404 est,
1224 1344 1475 1399 habitare
1498 1344 1677 1399 fecisti
1698 1352 1882 1412 patres
1916 1352 2157 1399 nostros.

2263 1343 2529 1412 δύναμιν*
2590 1340 3059 1408 Κατεφύτευσας
3107 1336 3203 1402 δὲ,
3252 1336 3379 1389 ἀντὶ
3433 1333 3857 1403 Ἑγκατῴκισας

582 1434 652 1487 Ει
688 1434 980 1489 considera
1009 1435 1340 1504 exquisitum
1376 1434 1629 1504 loquendi
1668 1435 1910 1490 modum.
1946 1436 2023 1493 De
2052 1435 2163 1491 illis

2269 1434 2385 1496 τοὺς
2415 1433 2656 1501 πατέρας
2696 1430 2877 1501 ἡμῶν.
2911 1430 3055 1500 Ὅρα
3089 1428 3147 1481 δὲ
3176 1427 3287 1480 τῶν
3331 1426 3532 1491 λέξεων
3561 1425 3663 1495 τὴν
3701 1420 3863 1490 ἀκρί-

585 1527 737 1581 enim
776 1528 1033 1592 gentibus
1067 1527 1221 1591 dicit,
1255 1525 1400 1596 quod
1452 1527 1593 1581 Deus
1632 1527 2015 1582 exterminavit
2045 1543 2162 1591 eas,

2268 1528 2416 1580 ϐειαν
2447 1542 2461 1556 ·
2496 1525 2583 1577 ἐπ’
2640 1522 2865 1577 ἐκείνων
2904 1521 3025 1591 μὲν,
3073 1519 3562 1586 Ἒξωλόθρευσε,
3616 1515 3708 1569 διὰ
3758 1514 3862 1582 τὴν

584 1634 652 1673 co
685 1619 829 1685 quod
862 1621 1081 1689 penitus
1104 1621 1395 1675 eradicata:
1432 1631 1561 1675 sunt
1592 1621 1660 1675 ab
1694 1620 1784 1674 illa
1824 1619 2068 1689 regione.
2094 1621 2169 1677 De

2272 1616 2665 1687 πανωλεθρίαν·
2698 1615 2794 1668 ἐπὶ
2846 1612 3057 1667 τούτων
3086 1610 3144 1663 δὲ
3167 1652 3181 1675 ,
3224 1609 3725 1678 Κατεφύτευσας,
3774 1605 3866 1658 διὰ

582 1710 788 1767 Judzris
827 1725 958 1765 vero
995 1712 1119 1765 ait.:
1172 1710 1445 1765 Plantasti
1474 1729 1586 1779 eos,
1628 1712 1757 1781 quia
1809 1712 2071 1767 nimirum
2109 1712 2166 1767 in

2272 1707 2373 1779 τὴν
2414 1704 2723 1776 ἐνρίζωσιν.
2782 1702 2847 1757 Ei
2896 1702 3007 1772 γὰρ
3060 1701 3156 1756 καὶ
3206 1700 3542 1770 μετανάσται
3597 1698 3866 1764 γεγόνασι

586 1804 830 1871 gentium
891 1804 1046 1868 sede,
1093 1806 1237 1859 unde
1291 1806 1396 1859 illa:
1451 1804 1830 1860 exterminata!
1874 1813 1928 1861 et
1997 1806 2171 1875 pulsae

2278 1799 2570 1871 πρότερον,
2612 1796 2729 1850 ἀλλ’
2763 1796 2864 1850 οὐκ
2908 1794 3064 1848 αὐτοὶ
3114 1794 3353 1856 πάντως,
3402 1790 3537 1845 ἀλλὰ
3589 1791 3660 1842 τὰ
3691 1788 3869 1841 τέκνα

592 1889 835 1951 fuerant,
871 1891 973 1959 ipsi
1020 1892 1205 1945 ﬁrmas
1241 1907 1305 1947 ac
1346 1893 1577 1949 stabiles
1628 1894 1842 1951 radices
1877 1894 2169 1951 miserunt.

2276 1890 2478 1955 αὐτῶν,
2517 1889 2615 1944 καὶ
2661 1886 2837 1941 ταῦτα
2890 1886 2979 1940 διὰ
3027 1886 3127 1949 τὰς
3175 1883 3384 1947 οίκείας
3436 1882 3750 1951 ἁμαρτίας,
3789 1880 3870 1933 1":

592 1979 700 2049 Ipsi
762 1982 910 2035 enim
967 1983 1130 2049 primi
1182 1983 1394 2047 Patres,
1447 1986 1599 2039 illinc
1644 2000 1924 2055 nunquam
1955 1987 2169 2057 expulsi

2280 1982 2619 2052 προλαϐόντα
2663 1982 2721 2034 δὲ
2772 1979 3028 2049 θαύματα
3057 1975 3387 2048 παραλιπὼν
3418 1976 3447 2029 ὁ
3478 1976 3663 2041 λόγος,
3702 1974 3874 2043 μόνον

592 2079 746 2137 sunt,
796 2076 1013 2130 tametsi
1042 2090 1233 2131 eorum
1272 2076 1429 2131 liberi
1466 2078 1836 2133 admissorum
1892 2079 2165 2133 scelerum

2278 2075 2431 2128 τοῦτο
2454 2073 2695 2143 τίθησιν,
2732 2073 2808 2135 ὼς
2838 2073 3041 2126 οἰκεῖον
3070 2070 3205 2141 πρὸς
3232 2069 3330 2140 τὴν
3358 2068 3645 2122 ὑπόθεσιν·
3675 2066 3732 2118 ει
3761 2064 3872 2133 γὰρ

593 2165 809 2221 luentes
838 2182 1054 2235 prensa,
1089 2184 1235 2239 saepe
1270 2168 1622 2238 postmodum
1657 2170 1767 2225 Deo
1805 2170 2035 2239 iubente
2063 2170 2171 2229 alio

2283 2167 2400 2228 τοὺς
2432 2164 2619 2229 ξένους
2652 2164 2747 2216 ἐπὶ
2778 2162 2879 2233 τὴν
2912 2162 3200 2234 ἀλλοτρίαν
3235 2162 3419 2232 ἵδρυσε
3441 2201 3457 2220 ,
3510 2156 3697 2225 πολλῷ
3736 2156 3877 2225 μᾶλα

592 2259 1133 2327 transmigraverint.
1172 2261 1455 2317 Prioribus
1482 2271 1671 2316 autem
1699 2262 1961 2317 omnibus
1994 2262 2170 2317 omis-

2282 2260 2367 2312 λον
2400 2258 2623 2323 τούτους
2657 2257 3098 2328 ἐκϐεϐλημένους
3147 2258 3246 2327 τῆς
3294 2252 3552 2324 πατρίδος
3586 2253 3876 2305 ἀποκατα·

594 2344 673 2399 sis
701 2348 1009 2414 miraculis,
1042 2352 1317 2406 sermonis
1342 2351 1428 2407 sui
1469 2360 1855 2422 argumentum
1899 2349 2170 2419 Propheta

1541 2360 1855 2422 gumentum
1899 2349 2170 2419 Propheta
2280 2350 2470 2422 στήσει
2501 2350 2665 2406 πάλιν
2699 2349 2796 2404 καὶ
2824 2349 3135 2419 συναγάγῃ.

595 2437 728 2494 hinc
755 2442 1109 2509 potissimum
1156 2444 1330 2508 elicit,
1388 2445 1517 2513 quia
1565 2443 1611 2500 si
1660 2455 1955 2500 extraneos
2015 2441 2160 2498 Deus
2200 2438 2435 2497 alienam
2467 2442 2519 2497 in
2541 2444 2725 2498 sedem
2787 2442 3105 2505 collocavit,
3173 2439 3255 2495 eis
3301 2453 3451 2492 nunc
3517 2436 3694 2505 magis
3748 2450 3880 2505 5pc-

596 2530 831 2585 randum
873 2534 963 2597 sit,
999 2546 1059 2589 ut
1109 2535 1251 2605 pulsi
1282 2551 1313 2591 e
1364 2537 1540 2606 patria
1588 2537 1720 2592 illuc
1762 2551 1792 2592 a
1836 2536 1949 2591 Deo
2007 2535 2208 2589 iterum
2249 2533 2574 2599 reducendi,
2633 2542 2689 2590 et
2740 2533 2795 2589 in
2886 2533 3185 2604 pristinum
3240 2539 3443 2586 statum
3534 2523 3878 2580 restituendi

600 2618 733 2674 sint.

671 2713 921 2784 Aﬁlixisti
951 2717 1196 2785 populos,
1231 2728 1284 2773 et
1312 2720 1518 2788 cjccisti
1546 2736 1657 2775 eos.
1697 2720 1903 2775 Gentes
1937 2719 2175 2775 scilicet.

2365 2714 2715 2780 Ἐκάκωσας
2765 2712 2976 2780 λαοὺς,
3025 2712 3125 2767 καὶ
3168 2710 3450 2775 ἐξέϐαλες
3503 2705 3762 2769 αὐτούς.
3801 2704 3880 2757 ra

599 2803 793 2871 Neque
818 2808 965 2860 enim
1009 2811 1393 2866 tantummodo
1442 2812 1631 2882 ejecta:
1677 2821 1831 2877 sunt,
1869 2813 1964 2869 sed
2018 2822 2177 2868 aute-

2288 2805 2438 2877 ἐθνηο
2472 2806 2533 2860 οὐ
2557 2805 2667 2875 γὰρ
2706 2804 3082 2874 ἐξεϐλήθησαν
3118 2801 3300 2869 μόνον,
3330 2798 3471 2852 ἀλλὰ
3507 2798 3602 2850 καὶ
3652 2794 3882 2865 πρῶτον

601 2910 766 2962 quam
791 2897 1143 2966 ejicercntur,
1174 2902 1390 2956 diutino
1419 2905 1583 2958 etiam
1616 2904 1780 2971 bello,
1806 2912 1861 2959 et
1890 2904 2057 2960 variis
2082 2917 2179 2958 ca-

1806 2912 1861 2959 et
1890 2904 2057 2960 variis
2082 2917 2179 2958 ca-
2285 2899 2678 2971 ἐκακώθησαν,
2706 2896 2937 2968 πολέμῳ
2965 2896 3061 2950 καὶ
3096 2892 3386 2965 θεομηνίᾳ.

606 2985 949 3043 iamitatibus
980 2989 1204 3044 l‘uerunt
1228 2993 1460 3049 afﬂictm.

676 3077 844 3136 Vsus.
887 3080 939 3135 4.
986 3082 1110 3136 Non
1134 3085 1272 3137 enim
1308 3086 1364 3139 in
1389 3086 1569 3155 gladio
1605 3104 1702 3143 suo
1737 3088 2179 3143 hwreditaoerunt

2353 3080 2439 3134 Οὐ
2464 3075 2572 3148 τὰρ
2600 3075 2672 3133 ἐν
2710 3073 2789 3143 τῇ
2816 3074 3081 3143 ῥομφαίᾳ
3125 3070 3327 3125 αὐτῶν
3364 3068 3886 3136 ἐιληρονόμησω·

609 3177 826 3226 terram.
864 3172 1090 3229 Terram
1119 3175 1265 3230 enim
1294 3178 1672 3245 promissionis
1703 3181 1873 3235 armis
1904 3180 2189 3236 consecuti

2294 3173 2432 3245 γῆν.
2468 3173 2583 3226 Οὐκ
2636 3172 2696 3223 ἐν
2725 3170 2838 3234 τοῖς
2893 3167 3081 3230 ὅπλοις
3131 3162 3586 3234 ἐκληρονόμησαν
3635 3158 3748 3227 γῆν
3789 3157 3886 3227 τὴν

608 3277 721 3318 non
753 3274 908 3320 sunt.

2293 3268 2395 3337 τῆς
2423 3262 2778 3332 ἐπαγγελίας.

686 3352 752 3407 Et
776 3354 1048 3410 brachium
1075 3374 1253 3413 eorum
1278 3377 1381 3414 non
1403 3363 1626 3416 salvavit
1645 3379 1752 3418 eos.
1787 3362 1973 3433 Neque
1997 3373 2189 3435 paten-

2368 3355 2479 3411 Καὶ
2533 3355 2569 3409 ὁ
2603 3351 2878 3422 ,ϐραχίων
2904 3346 3092 3403 αὐτοῦ
3117 3346 3356 3400 ἔσωσεν
3389 3340 3642 3403 αὐτούς.
3671 3337 3819 3391 οὐδὲ
3855 3339 3886 3405 ἡ

614 3444 691 3497 tia
727 3460 917 3498 eorum
949 3462 1043 3503 eos
1074 3448 1326 3504 liberavit
1361 3466 1390 3506 a
1424 3454 1614 3519 tantis,
1662 3461 1716 3508 ct
1742 3462 1851 3508 tam
1885 3434 2191 3511 tremendis

2296 3450 2526 3518 δύναμις
2556 3434 2759 3508 αὐτῶνζ
2792 3440 3068 3514 ἐρρύσατο
3092 3439 3290 3501 αὐτοὺς
3319 3436 3430 3491 ἀπὸ
3473 3434 3761 3488 τοσούτων
3798 3434 3886 3484 καὶ

617 3536 894 3605 gentibus.

2296 3538 2633 3611 τηλικούτων
2660 3536 2853 3589 ἐθνῶν.

692 3626 796 3682 Sed
823 3631 1011 3684 dextra
1045 3642 1136 3687 tua
1171 3642 1221 3687 et
1259 3634 1530 3688 brachium
1564 3646 1733 3691 tuam.
1784 3636 1888 3691 Per
1915 3638 2188 3703 dextram,

2381 3633 2535 3689 Ἀλλ’
2567 3633 2607 3702 ἠ
2627 3629 2797 3695 δεξιά
2828 3645 2969 3693 σου,
3027 3625 3125 3680 καὶ
3174 3625 3209 3678 ὁ
3237 3619 3508 3691 βραχίων
3543 3631 3687 3671 σου.
3727 3613 3886 3674 τινὲς

613 3720 839 3789 quidam
869 3724 1135 3779 auxilium
1174 3727 1508 3797 intelligunt,
1547 3736 1601 3783 et
1632 3743 1730 3797 per
1774 3728 2061 3784 brachium
2093 3744 2192 3798 po-

2299 3730 2482 3796 δεξιὰν
2512 3726 2632 3797 μέν,
2686 3724 2910 3790 λέγουσι
2961 3717 3060 3788 τὴν
3122 3716 3415 3787 βοήθειαν·
3474 3708 3622 3771 sive;
3666 3707 3751 3769 δὲ,
3792 3704 3890 3773 τὴν

616 3813 868 3866 tentiam.
897 3815 1004 3867 Alii
1048 3832 1181 3870 vero
1212 3833 1310 3886 per
1341 3828 1636 3887 utramque
1689 3820 1987 3875 dictionem
2040 3835 2196 3891 aque

2300 3822 2552 3892 δύναμιν·
2585 3818 2733 3873 ἄλλοι
2764 3815 2846 3881 δὲ,
2877 3813 2969 3867 καὶ
2996 3810 3164 3878 ἄμφω
3203 3806 3303 3877 τὴν
3331 3804 3564 3872 δύναμιν
3592 3798 3887 3870 σημαίνειν

619 3904 919 3973 signiﬁcari
955 3908 1149 3962 dicunt
1185 3910 1505 3979 potentiam.

1185 3910 1505 3979 potentiam.
2305 3916 2368 3967 ἐκ
2405 3930 2480 3965 πα
2488 3909 2777 3982 ραλλήλου.

695 3995 1114 4054 Etillumiuatio
1150 4002 1324 4054 vultus
1356 4003 1454 4057 tui.
1502 4001 1619 4056 Hoc
1640 4012 1747 4067 est,
1788 4002 2031 4057 visitatio
2078 4011 2196 4057 tua.

2376 3980 2547 4057 Katd
2572 3995 2874 4070 φωτισμὸς
2900 3994 3008 4047 τοῦ
3027 3988 3352 4059 προσώπου
3378 4001 3521 4039 σου.
3562 3980 3678 4033 Καὶ
3700 3980 3740 4047 ἠ
3772 3980 3886 4030 sm-

625 4086 859 4141 Ostende
890 4088 1059 4153 enim,
1096 4092 1225 4146 alibi
1262 4092 1467 4163 inquit,
1525 4093 1716 4161 faciem
1755 4100 1925 4157 tuam,
1954 4101 2003 4147 et
2062 4093 2199 4146 salvi

2306 4095 2485 4165 σκοπὴ
2517 4107 2633 4147 σου’
2678 4088 2970 4157 Ἐπίφανον
2992 4085 3122 4153 γὰρ.
3163 4081 3317 4150 φησὶ,
3347 4078 3410 4131 τὸ
3438 4071 3741 4165 πρόσωπον
3772 4085 3884 4165 σου.

622 4178 821 4230 erimus
857 4179 925 4233 ³⁷.
963 4178 1222 4235 Visitatio
1252 4161 1432 4236 autem
1461 4182 1671 4244 divina,
1704 4189 1800 4235 aut
1831 4188 2089 4247 aspectus
2118 4181 2201 4234 di-

2308 4190 2403 4242 καὶ
2440 4161 2821 4257 σωθησόμεθα·
2866 4174 3179 4245 Ἐπισκοπὴ
3216 4173 3273 4227 δέ
3304 4168 3463 4233 Θεοῦ,
3508 4168 3545 4235 ἡ
3579 4161 3884 4232 ἀντίληψις.

624 4268 810 4331 vinus,
836 4285 934 4339 pro
955 4272 1076 4339 ejus
1104 4273 1312 4327 auxilio
1336 4274 1615 4329 sumitur:
1640 4276 1766 4342 quia
1802 4273 1847 4328 si
1872 4273 2199 4341 periclitanti

1680 4276 1766 4327 uia
1802 4273 1847 4328 si
1872 4273 2199 4341 periclitanti
2320 4280 2497 4351 Ὀρῶν
2525 4277 2633 4346 γάρ
2662 4292 2749 4337 τις
2785 4268 3274 4338 ἀντιλαμϐάνεται.

626 4358 862 4427 cuipiam
893 4363 1016 4431 quis
1052 4366 1255 4421 auxilio
1285 4381 1408 4421 esse
1444 4366 1595 4431 velit,
1631 4370 1948 4425 necessario
1977 4367 2042 4421 ad
2074 4380 2199 4421 eum

625 4453 908 4507 oculorum
941 4457 1115 4511 aciem
1147 4458 1353 4527 dirigit.

701 4546 963 4610 Quoniam
985 4516 1346 4614 complacuisti
1381 4552 1434 4605 in
1484 4553 1580 4607 eis.
1636 4551 1693 4606 Id
1733 4561 1840 4619 est,
1901 4552 2029 4623 quia
2060 4550 2201 4605 bene
2239 4519 2283 4575 υ

2385 4546 2517 4597 Ὀτι
2543 4538 2885 4603 εὐδόκησας
2914 4532 2982 4585 ἐν
3007 4527 3232 4593 αὐτοῖς.
3263 4527 3388 4579 Ὀτι
3423 4522 3483 4574 τὸ
3529 4519 3738 4585 ἀγαθὸν
3770 4516 3884 4623 ηοέο

626 4638 848 4692 voluisti
902 4642 1150 4707 patribus
1199 4644 1422 4699 nostris.
1473 4643 1553 4699 Ita
1587 4646 1731 4700 enim
1776 4608 2049 4717 signiiicat
2096 4642 2204 4698 hoc

2308 4637 2481 4708 λησας
2529 4636 2589 4688 ἐν
2618 4631 2728 4693 τοῖς
2761 4623 3037 4697 πατράσιν
3070 4620 3263 4693 ὴμῶνο
3297 4615 3458 4672 τοῦτο
3486 4612 3600 4681 γὰρ
3632 4608 3886 4680 σημαίνει

629 4732 750 4785 loco
782 4732 1030 4788 verbum.
1069 4733 1454 4799 complacuisti.

1178 4733 1454 4799 :placut'sti.
2306 4732 2368 4786 τδ
2393 4728 2772 4792 Εὺδόκησας·

703 4816 870 4873 Vens.
906 4820 959 4873 5.
992 4820 1067 4873 Tu
1100 4839 1153 4875 es
1203 4824 1314 4891 ipse
1344 4840 1435 4877 rea:
1470 4841 1614 4878 meus
1646 4834 1695 4879 et
1734 4825 1873 4880 Deus
1897 4842 2067 4881 mem.
2090 4823 2197 4888 Tu,

2386 4822 2469 4877 Σὺ
2505 4815 2566 4874 εἷ
2590 4812 2773 4879 αὐτὸς
2805 4812 2837 4863 ὁ
2877 4804 3175 4874 βασιλεύς
3205 4819 3323 4891 per)
3355 4798 3451 4852 καὶ
3502 4799 3535 4851 d
3580 4796 3733 4891 Θεόῖ
3756 4808 3886 4891 μοι).

631 4908 726 4978 qui
763 4909 854 4963 illa
891 4923 1146 4974 oneratus
1180 4930 1238 4967 es
1267 4955 1282 4976 ,
1331 4915 1473 4971 idem
1514 4917 1628 4984 ipse
1658 4932 1719 4971 es
1766 4926 1820 4969 et
1882 4931 2031 4971 nunc
2056 4956 2071 4980 ,
2113 4918 2208 4984 qui

2326 4918 2387 4970 σο
2418 4915 2603 4968 ἐκεῖνα
2649 4902 3050 4977 ἐργασάμενος,
3087 4894 3152 4947 σὺ
3211 4888 3261 4944 εἳ
3310 4889 3475 4951 αὐτὸς
3533 4888 3628 4939 καὶ
3672 4883 3788 4946 νῦν,
3818 4882 3886 4984 di;

631 4998 760 5050 olim
796 4998 970 5062 luisti,
1007 5002 1157 5054 velut
1201 5003 1595 5061 immutabilis:
1631 5022 1731 5061 nos
1756 5020 2209 5075 quoqueeorum-

2317 5005 2675 5067 ἀναλλοίωτος
2699 5018 2714 5031 °
2746 4998 2841 5052 καὶ
2864 4997 3047 5065 ἡμεῖς,
3066 4988 3294 5044 ἐκείνων
3322 4982 3677 5051 ἔκγονοι.Καὶ
3708 4977 3888 5075 λοιπὸν

635 5087 758 5141 dem
797 5090 887 5143 lilii
918 5108 1133 5149 sumus.
1160 5092 1346 5151 Restat
1373 5106 1603 5157 tantum.
1642 5108 1701 5150 ut
1728 5098 1945 5153 tandem
1974 5098 2029 5151 in
2049 5097 2208 5151 nobis

2317 5099 2517 5172 ὁμοίως
2549 5089 3008 5162 τερατούργησον,
3036 5081 3097 5134 ὃν
3123 5080 3219 5133 καὶ
3254 5074 3481 5147 βασιλέα
3513 5073 3606 5124 καὶ
3630 5069 3763 5123 Θεὸν
3785 5068 3886 5135 ἔχω

637 5182 883 5246 opereris
919 5186 1200 5250 miracula,
1263 5205 1387 5241 cum
1420 5199 1489 5252 te,
1522 5199 1581 5245 ut
1606 5207 1783 5260 regem
1821 5201 1875 5244 et
1909 5189 2078 5243 Deum
2110 5205 2206 5243 co-

1263 5205 1387 5241 cum
1420 5199 1489 5252 te,
1522 5199 1581 5245 ut
1606 5207 1783 5260 regem
1821 5201 1875 5244 et
1909 5189 2078 5243 Deum
2110 5205 2206 5243 co-
2318 5192 2570 5257 καθάπερ
2597 5183 2810 5236 ἐκεῖνοι.

643 5273 839 5335 lamus,
875 5282 1333 5344 quemadmodum
1373 5293 1427 5337 et
1457 5285 1530 5337 illi
1559 5296 1717 5340 antea
1749 5285 2055 5339 coluerunt.
3441 5341 3452 5344 _
3587 5336 3598 5344 .
3624 5337 3650 5344 -
3703 5326 3745 5344 .-
3777 5328 3800 5341 ο

715 5364 819 5429 Qui
850 5373 1071 5426 mandas
1106 5374 1301 5429 salutes
1332 5372 1519 5429 Iacob.
1560 5378 1656 5432 iiis
1684 5376 1861 5432 verbis
1890 5374 2203 5432 facilitatem

2392 5370 2458 5422 '0
2492 5360 2922 5427 ἐντελλόμενος
2953 5354 3057 5414 τὰς
3084 5345 3382 5414 σωτηρίας
3440 5336 3668 5396 Ἰακώϐ.
3703 5326 3884 5388 τοῦτο,

726 5546 770 5577 ³⁷
805 5546 949 5601 Psul.
976 5563 1160 5601 Lxxu.
1199 5551 1251 5601 ί.

1147 5591 1160 5613 ,
1199 5551 1251 5603 t.

1968 5626 2173 5690 Varias
2204 5623 2534 5687 lectiones.

724 5744 837 5811 (53)
862 5744 920 5800 lu
953 5742 1060 5799 alio
1088 5739 1430 5797 desideratur
1459 5736 1587 5790 ἀπὸ.
