4014 6248
262 264 351 321 ιδι
1342 258 1744 322 COMMENT.
1807 256 1886 314 IN
1930 256 2117 318 I’SAL
2127 257 2301 317 .liOS.

3398 265 3508 328 482

257 374 338 424 διὰ
372 369 468 441 τὴν
498 369 786 442 εὐχέρειαν
833 371 933 425 καὶ
965 372 1248 442 ταχύτητα
1291 371 1391 442 τῆς
1451 369 1725 442 βοηθείας.
1765 370 1819 421 Ὃ

1939 377 2094 433 atque
2123 367 2456 424 celeritatem
2482 367 2651 424 divini
2685 371 2922 441 explicat
2943 371 3154 426 auxilii.
3180 372 3289 440 τυ,
3310 375 3512 446 inquit.

258 465 388 534 λόγῳ
437 464 584 533 μόνῳ
620 464 926 536 χρώμενος.
964 467 1043 530 είς
1075 465 1136 518 τὸ
1170 465 1343 520 σῶσαι
1373 466 1465 517 τὸν
1512 464 1572 528 ἐξ
1631 461 1826 516 Ἰακὼϐ

257 557 622 625 καταγόμενοι
655 557 808 611 λαόν.
840 559 908 610 Ἦ
937 559 966 611 ὁ
1019 559 1077 611 ὲν
1135 558 1392 626 πολέμοις
1432 555 1826 623 ὑποτιθέμενος

256 647 365 710 πῶς
420 647 485 702 ἂν
552 650 796 716 σωθοίη”
857 651 1122 722 ποιήσατε
1187 651 1316 720 γὰρ,
1353 648 1513 720 φησὶ,
1549 646 1674 701 τάδε
1731 649 1826 700 καὶ

255 739 394 794 τάδε.

331 833 430 884 ἐγ
449 831 551 886 σοι
588 831 738 900 τοὺς
763 832 1024 902 ἐχθροὺς
1063 835 1234 904 ἡμῶν
1263 835 1672 904 κερατιοῦμεν.
1706 835 1825 888 Κα-

254 925 675 995 ταγωνισόμεθα,
716 927 777 978 ἐκ
811 927 1125 996 μεταφορᾶς
1160 925 1269 979 τῶν
1303 925 1482 994 ζώων,
1522 924 1558 981 ἃ
1581 927 1695 990 τοῖς
1731 925 1825 978 κέ-

259 1031 372 1084 ρασι
403 1016 840 1071 καταπαλαίουσι
867 1019 977 1070 πᾶν
1013 1017 1330 1076 ἀντίπαλον.

317 1106 416 1161 Καὶ
461 1106 532 1160 ἐν
572 1105 654 1173 τῷ
684 1107 933 1177 ὀνόματί
985 1121 1105 1163 σου
1151 1107 1640 1177 ἐξουδενώσομεν
1682 1105 1824 1172 τοὺς

255 1200 760 1266 ἐπανισταμένους
809 1201 973 1270 ἡμῖν.
1030 1201 1398 1271 Πεποίθαμεν,
1425 1202 1613 1272 φησὶν,
1655 1201 1736 1252 ὅτι
1763 1201 1824 1251 τὸ

259 1291 412 1360 ὕνομά
458 1308 552 1342 σου
596 1292 760 1360 μόνον
817 1294 1199 1357 ὲπισείσαντες
1253 1295 1462 1359 αὐτοῖς,
1526 1296 1620 1347 καὶ
1659 1293 1822 1363 μόνον

256 1383 608 1449 ἐμϐοήσαντες
637 1383 722 1436 ὅτι
760 1385 789 1436 ό
818 1383 949 1446 Θεὸς
975 1383 1070 1437 τοῦ
1094 1385 1334 1456 Ἰσραὴλ,
1356 1384 1431 1448 ὼς
1451 1384 1603 1437 οὐδὲν
1625 1384 1822 1446 αὐτοὺς

256 1473 578 1541 ἡγησόμεθα,
617 1475 712 1527 καὶ
735 1474 1249 1547 εὐκαταφρονήτους
1285 1478 1608 1546 ποιήσομεν.

317 1564 394 1616 οὐ
420 1562 527 1630 τὰρ
555 1562 659 1616 ἐπὶ
689 1563 770 1628 τῷ
815 1565 972 1630 τόξῳ
991 1583 1111 1634 μου
1128 1565 1339 1630 same,
1376 1567 1473 1619 καὶ
1497 1568 1537 1635 ἠ
1557 1564 1823 1635 ῥομφαία

251 1671 356 1724 μου
379 1658 447 1707 οὐ
481 1654 671 1711 σώσει
687 1674 786 1726 με.
815 1659 874 1711 Et
901 1657 1010 1728 γάρ
1045 1659 1138 1712 καὶ
1162 1661 1373 1722 τούτοις
1399 1658 1705 1727 ὥπλισμαι,
1738 1674 1817 1711 νο·

255 1761 333 1813 μφ
353 1744 612 1816 πολέμου,
643 1746 762 1802 ἀλλ’
793 1749 898 1802 οὐκ
927 1749 1022 1803 ἐπὶ
1059 1747 1270 1812 τούτοις
1298 1749 1640 1819 τεθάρῥηκα.

320 1926 595 1992 Ἐσωσας
653 1927 768 1995 τὰρ
801 1926 958 1996 ἡμᾶς
1006 1928 1074 1983 ἐκ
1119 1927 1238 1982 τῶν
1287 1929 1613 1983 θλιϐόντων
1639 1926 1816 1999 ἡμᾶς,

250 2019 341 2071 καὶ
376 2018 514 2083 τοὺς
542 2020 887 2087 μισοῦντας
936 2018 1094 2088 ἡμᾶς
1141 2021 1553 2090 κατῄσχυνας.
1613 2020 1820 2092 Πείραν

253 2110 352 2180 γὰρ
381 2111 478 2179 τῆς
509 2112 666 2182 παρὰ
699 2112 791 2165 σοῦ
827 2111 1084 2183 βοηθείας
1111 2113 1204 2166 καὶ
1229 2114 1496 2186 πρότερον
1529 2112 1818 2184 ἐλάθομεν,

253 2202 337 2253 καὶ
362 2200 583 2272 οἴδαμεν
607 2205 760 2267 ὅπως
783 2203 1182 2276 ἀντιλαμὸάνῃ.

327 2377 423 2429 Ἐν
453 2377 532 2442 τῷ
561 2379 689 2444 Θεῷ
721 2379 1232 2451 ἐπωνεθησόμεσα
1252 2384 1405 2452 ὅλην
1433 2384 1548 2454 τὴν
1572 2386 1820 2456 ἡμέραν.

253 2466 320 2518 Τδ
358 2467 925 2539 Ἐπαινεθησόμεθα,
969 2475 1413 2545 Καυκησόμεθα
1443 2473 1598 2529 εἶπεν
1623 2480 1650 2530 ό
1681 2478 1818 2548 Σύμ-

261 2576 444 2628 μαχος·
474 2562 633 2631 όγάρ
683 2563 1058 2635 καυχώμενος,
1095 2566 1286 2622 ἑαυτὸν
1326 2571 1559 2624 ἐπαινεῖ.
1596 2571 1710 2625 υύκ
1759 2574 1819 2624 ἑν

257 2649 432 2720 ἑτέρῳ,
466 2654 624 2721 φησι,
660 2655 944 2725 πράγματι
969 2656 1080 2710 τῶν
1112 2658 1368 2713 ἁπάντων
1399 2663 1817 2733 καυχησόμεθα,

260 2743 417 2796 καίτοι
447 2745 622 2799 πολλὰ
653 2747 831 2813 λέγειν
864 2748 1103 2820 ἔχοντες,
1133 2751 1250 2805 ἀλλ’
1276 2753 1309 2825 ἢ
1336 2755 1392 2806 ὲν
1417 2754 1563 2825 μόνῳ
1593 2755 1671 2826 τῷ
1697 2758 1820 2810 ἑπι-

258 2835 527 2901 γινώσκειν
547 2838 642 2890 τὸν
673 2837 824 2894 Θεόν.
852 2841 927 2894 Τὸ
951 2842 1010 2895 δὲ
1041 2843 1363 2912 Ὅληντὴν
1383 2846 1636 2915 ἡμέραν,
1659 2848 1820 2902 Κατὰ

260 2923 446 2980 πᾶσαν
473 2927 589 2994 τὴν
615 2931 847 2998 ἡμέραν
870 2934 899 2984 ό
947 2932 1178 2998 Ἀκύλας
1206 2935 1456 2991 ἐκδίδωσι
1499 2939 1780 3010 πανταχοῦ
1801 2958 1814 2970 θ

259 3017 350 3069 ὁδὲ
372 3019 690 3091 Σύμμαχος,
717 3024 853 3076 Καθ’
882 3023 1038 3093 ὅλην
1066 3024 1182 3093 τὴν
1208 3026 1383 3094 ζωήν.

316 3112 417 3165 Καὶ
446 3111 516 3164 ἐν
559 3111 646 3177 τῷ
679 3114 924 3182 ὀνόματι
967 3130 1089 3174 σου
1133 3116 1697 3190 ἐξομολογησόμεθα
1727 3123 1816 3188 είς

259 3201 352 3251 τὸν
380 3203 582 3258 σιῶνα.
615 3204 694 3256 Τὸ
743 3205 1360 3278 Ἐξομολοτησόμεθα,
1414 3212 1538 3264 ἀντὶ
1586 3212 1681 3267 τοῦ
1727 3218 1816 3268 Δι-

258 3294 563 3361 ηγησόμεθά
587 3311 737 3356 τινες
762 3298 1102 3368 νενοήκασιν,
1121 3292 1252 3365 οἷον,
1283 3302 1341 3352 ὲν
1365 3300 1442 3370 τῷ
1471 3303 1694 3373 ὀνόματί
1721 3322 1814 3359 σου

255 3379 486 3452 umnam
517 3385 883 3456 ποιησόμεθα,
913 3387 1311 3458 καταλόγοντες
1339 3393 1508 3446 πᾶσιν
1532 3394 1631 3447 ὃσα
1661 3394 1718 3448 ἐν
1755 3413 1815 3449 τε

259 3478 354 3540 τοῖς
383 3478 623 3544 πατράσι
655 3480 750 3531 καὶ
779 3481 837 3531 ιν
880 3481 1012 3550 ἡμῖν
1041 3483 1313 3553 ἐνήργησε
1338 3488 1497 3540 τοῦτο
1527 3489 1813 3556 μεγαλεῖα.

259 3568 319 3620 ’ίί
344 3571 430 3622 καὶ
452 3571 629 3634 ἄλλως
659 3587 674 3600 θ
708 3571 799 3640 Τῷ
819 3571 1042 3643 ὀνόματί
1073 3591 1166 3629 σου
1196 3578 1687 3650 εὐχαριστήσομεν,
1715 3583 1816 3652 τῆς

259 3659 552 3728 προθέσεως
574 3661 845 3730 περιττῶς
866 3663 1129 3734 κειμένης
1145 3681 1160 3696 ·
1184 3665 1246 3718 sb
1265 3668 1318 3719 δὲ
1349 3669 1454 3732 Είς
1475 3668 1580 3720 τόν
1609 3666 1814 3732 αἰῶνα,

259 3747 309 3800 τὸ
331 3747 415 3802 ἀεὶ
451 3749 748 3819 σημαίνειν
774 3751 971 3815 πάντες
1003 3754 1276 3824 πανταχοῦ
1307 3771 1464 3824 φασι.

319 3840 461 3894 Νυνὶ
499 3840 572 3894 δὲ
603 3841 861 3908 ἀπώσω,
894 3845 991 3898 καὶ
1026 3848 1417 3915 κατῄσχυνας
1461 3848 1640 3919 ἡμᾶς.
1672 3850 1818 3906 ’Λπ-

260 3931 376 3986 ώσω
412 3936 534 4003 μὶν,
565 3937 644 4002 ὡς
675 3939 929 4004 ἀναξίους
951 3953 968 3971 ο
1006 3938 1402 4007 κατῄσχυνας
1431 3940 1510 4007 δὲ,
1550 3942 1674 3995 ἀντὶ
1695 3941 1814 4008 τοῦ,

260 4023 598 4104 αἰσχυνθῆναι
628 4030 963 4100 πεποίηκας,
998 4029 1076 4101 μὴ
1098 4029 1632 4103 ἀντιλαμϐανόμενος
1659 4031 1816 4104 ἡμῶν

261 4100 468 4170 τοιᾶὗτα
499 4118 844 4188 πασχόντων.

317 4211 414 4264 Kal
440 4214 551 4268 οὐκ
579 4214 877 4284 ἐξελεύσῃ
927 4217 961 4268 δ
993 4215 1138 4282 Θεὸς
1181 4215 1254 4269 ἐν
1304 4215 1434 4282 ταῖς
1474 4215 1816 4288 δυνάμεσιν·

264 4299 430 4366 ἡμῶν.
489 4302 785 4358 Κάνταῦθα
834 4304 1172 4375 άντιχρονία,
1210 4305 1396 4368 καθὼς
1442 4306 1471 4358 ὀ
1511 4305 1813 4378 Σύμμαχος

1929 460 2023 530 qui
2053 461 2170 514 solo
2199 460 2368 514 verbo
2403 461 2573 516 uteris
2603 478 2726 516 cum
2774 463 3030 532 populum
3078 465 3229 520 illum
3279 469 3460 524 salvas
3494 507 3512 534 ,

1930 548 2025 616 qui
2056 547 2342 603 descendit
2372 565 2435 603 ex
2471 549 2660 604 Jacob.
2696 549 2786 606 Vel
2821 553 2977 606 aliter
3007 570 3020 606 :
3063 554 3141 608 Tu
3173 556 3343 624 quiin
3378 572 3512 626 pra-

1929 640 2017 694 liis
2042 641 2312 710 suggeris,
2342 649 2396 694 et
2424 642 2818 698 subministras
2849 646 3050 714 populo
3093 656 3186 700 tuo
3239 649 3460 704 modum
3493 691 3508 716 ,

1927 743 2038 799 quo
2071 728 2273 781 salvari
2299 728 2516 792 debeat,
2553 729 2742 785 dicens
2776 751 2787 785 :
2824 732 2949 786 litec
2985 743 3080 787 aut
3114 736 3201 787 illa
3233 736 3418 790 facite.

1997 817 2168 873 Vens.
2201 819 2252 874 6.
2295 818 2360 874 In
2399 831 2446 875 te
2467 823 2704 877 inimicos
2735 833 2938 877 nostros
2971 841 3135 879 cornu
3158 836 3414 894 petemus.
3449 829 3508 884 Id

1925 922 2012 968 cst
2044 913 2476 984 profligabimus.
2512 916 2772 971 Tractum
2802 925 2885 971 est
2914 928 3092 973 autem
3139 922 3241 975 hoc
3296 937 3361 976 ex
3400 938 3512 979 me-

1927 1005 2152 1074 taphora
2183 1007 2525 1072 animalium,
2557 1022 2678 1075 ante
2715 1009 2975 1063 cornibus
3013 1019 3247 1063 certant.

1999 1096 2065 1150 Et
2087 1098 2139 1150 in
2172 1099 2382 1152 nomine
2418 1109 2507 1152 tuo
2555 1115 2857 1166 spernemus
2908 1100 3236 1168 insurgentes
3282 1103 3337 1156 in
3393 1119 3508 1158 nos.

1925 1186 2284 1257 Confidimus,
2318 1191 2523 1261 inquit,
2556 1190 2700 1260 quod
2735 1199 2948 1245 tantum
2969 1193 3288 1247 invocantes
3311 1209 3507 1250 nomen

1926 1289 2081 1335 tuum
2113 1281 2382 1335 adversus
2420 1283 2605 1337 hostes
2638 1292 2880 1348 nostros,
2917 1293 2970 1337 et
2998 1286 3378 1341 tantummodo
3408 1303 3508 1344 vo-

1924 1369 2242 1437 ciferantes,
2278 1373 2447 1428 Deum
2479 1374 2642 1427 Israel
2670 1414 2683 1436 .
2743 1375 2847 1428 hoc
2894 1375 3117 1430 nomine
3158 1376 3463 1432 conﬁrmati
3488 1418 3508 1445 ,

1925 1480 2250 1533 spernenius
2285 1473 2337 1520 et
2372 1464 2525 1520 flocci
2564 1465 2829 1522 faciemus
2853 1481 2972 1520 eos.

1997 1558 2158 1615 Vens.
2187 1563 2239 1617 7.
2271 1559 2452 1631 Neque
2485 1562 2620 1614 enim
2654 1563 2707 1615 in
2737 1577 2868 1615 arcu
2896 1576 3008 1617 meo
3048 1561 3293 1630 sperabo,
3325 1573 3375 1617 et
3392 1563 3510 1633 gla-

1921 1650 2042 1706 dius
2072 1669 2215 1707 meus
2254 1670 2355 1706 non
2383 1654 2613 1707 salvabit
2641 1669 2741 1709 me.
2766 1651 2900 1707 Nam
2935 1663 2991 1707 et
3021 1654 3067 1708 si
3105 1654 3220 1724 lege
3245 1654 3372 1708 belli
3400 1655 3507 1709 iiu-

1917 1748 2156 1818 jusmodi
2196 1750 2367 1804 armis
2396 1749 2680 1805 accinctus
2715 1751 2842 1813 sim,
2870 1749 3018 1802 nulla
3054 1748 3185 1802 mihi
3228 1755 3412 1804 tamen
3451 1750 3506 1805 in

1920 1841 2001 1896 eis
2025 1839 2179 1894 adest
2211 1838 2431 1896 fiducia.

1997 1929 2162 1985 Vens.
2197 1930 2253 1984 8.
2283 1929 2522 1985 Saluasti
2546 1948 2642 1986 nos
2667 1931 2731 1985 de
2764 1931 3110 2002 aﬂiigentibus
3139 1950 3234 1989 nos
3264 1976 3279 2001 ,
3317 1941 3367 1989 et
3405 1930 3503 2000 qui

1918 2020 2142 2074 oderant
2172 2037 2266 2076 nos
2305 2021 2617 2090 confudisti.
2658 2020 2793 2074 Nam
2851 2031 3005 2074 tuum
3055 2025 3263 2092 experti
3315 2038 3508 2078 sumus

1919 2114 2179 2168 auxilium
2217 2111 2653 2184 [advocantibus
2686 2114 2833 2167 enim
2867 2112 3131 2186 adfuisti]
3181 2116 3506 2184 scimusque

1919 2205 2075 2275 quod
2149 2205 2204 2259 in
2265 2213 2546 2275 posterum
2600 2207 2716 2275 pari
2766 2206 2930 2260 modo
2995 2213 3049 2260 te
3108 2206 3508 2264 advocantibus

1922 2295 2124 2349 aderis.

1990 2383 2155 2439 Vens.
2193 2386 2246 2440 9.
2277 2385 2342 2439 In
2378 2384 2482 2440 Deo
2516 2385 2862 2440 laudabimur
2887 2396 3000 2441 tota
3035 2388 3142 2443 die.
3167 2387 3272 2444 Pro
3291 2388 3508 2444 Lauda-

1923 2473 2114 2541 bimur,
2145 2474 2510 2546 Symmachus
2561 2477 2695 2531 dixit
2726 2516 2741 2543 ,
2789 2475 3202 2546 Cloriabimur;
3244 2496 3372 2535 nam
3410 2483 3504 2553 qui

1924 2568 2188 2635 gloriatur
2217 2570 2459 2636 seipsum
2511 2568 2718 2622 laudat.
2754 2568 2994 2626 Tametsi
3031 2614 3046 2636 ,
3076 2573 3251 2641 inquit
3284 2615 3299 2638 ,
3335 2575 3507 2629 multa

1920 2660 1987 2714 ad
2019 2673 2260 2716 nostram
2288 2662 2517 2731 gloriam
2547 2662 2745 2717 adduci
2797 2674 3025 2733 possent
3055 2705 3070 2729 ,
3115 2667 3263 2720 nulla
3317 2675 3501 2724 tamen

1919 2751 2024 2808 alia
2053 2752 2108 2807 in
2140 2768 2197 2808 re
2236 2754 2630 2823 gloriabimur,
2673 2770 2838 2822 quam
2892 2758 2945 2810 in
3005 2773 3117 2811 uno
3171 2758 3311 2823 hoc,
3355 2762 3504 2829 quod

1923 2843 2092 2900 Deum
2126 2847 2532 2916 cognoscimus.
2573 2846 2639 2900 Et
2672 2846 2818 2916 quod
2853 2849 2971 2902 ait:
3007 2847 3139 2904 Tota
3170 2853 3292 2918 die,
3345 2853 3506 2924 Sym-

1923 2937 2171 3002 machus,
2207 2936 2309 2991 Per
2342 2953 2550 2992 omnem
2583 2936 2722 2992 diem
2753 2939 2914 3004 dixit,
2935 2948 2991 2994 et
3019 2941 3236 3010 Aquila,
3293 2941 3395 2997 Per
3424 2952 3509 2997 to-

1844 3055 1886 3113 ρ
1922 3036 2031 3081 tam
2068 3029 2252 3084 vitam.

1991 3115 2060 3170 Et
2087 3118 2142 3171 in
2177 3117 2384 3171 nomine
2427 3124 2515 3171 tuo
2556 3117 2925 3188 conﬁtebimur
2955 3121 3008 3174 in
3056 3123 3333 3177 saeculum.
3374 3122 3510 3179 Con-

1916 3207 2185 3277 ﬁtebimur
2215 3222 2312 3277 pro
2343 3206 2720 3274 Narrabimus,
2745 3219 2806 3264 ut
2845 3210 3174 3266 sitsensus:
3206 3211 3261 3265 In
3287 3199 3512 3269 nomine

1921 3305 2017 3351 tuo
2054 3299 2423 3353 narrationem
2463 3297 2749 3365 faciemus,
2786 3301 3059 3354 mirabilia
3090 3317 3500 3358 connumeran-

1918 3394 2022 3451 tes,
2049 3403 2168 3457 quae
2199 3387 2303 3442 hoc
2331 3401 2529 3441 nomen
2566 3397 2743 3451 tuum.
2779 3397 2891 3442 tam
2921 3390 2973 3443 in
3006 3392 3255 3458 patribus
3281 3396 3490 3450 nostris

1916 3490 2078 3544 quam
2109 3475 2161 3530 in
2193 3476 2351 3531 nobis
2381 3515 2396 3539 ,
2429 3475 2909 3547 supraduominum
2946 3479 3104 3533 fidem
3156 3480 3358 3538 effecit.
3393 3483 3496 3539 Vel

1919 3569 2074 3624 aliter
2103 3587 2116 3624 :
2147 3569 2364 3623 Nemini
2399 3577 2494 3625 tuo
2533 3570 2740 3638 gratias
2770 3586 3015 3641 agamus.
3066 3573 3134 3628 Et
3177 3575 3320 3643 quod
3377 3575 3455 3629 ait
3484 3593 3501 3629 :

1917 3659 1981 3714 In
2018 3661 2290 3725 saccutum,
2325 3675 2516 3717 omnes
2539 3661 2630 3716 alii
2663 3663 2993 3732 interpretes
3022 3665 3229 3734 passim
3255 3665 3497 3722 transfe-

1917 3762 2070 3815 runt,
2105 3770 2329 3820 semper.

1991 3841 2159 3897 Vsus.
2199 3843 2284 3897 10.
2316 3841 2474 3898 Nunc
2507 3853 2682 3898 autem
2714 3845 2962 3913 repulisti
2994 3855 3043 3900 et
3073 3847 3367 3915 confudisti
3395 3864 3501 3904 me.

1917 3928 2177 3999 Repulisti
2206 3932 2423 3999 quidem
2449 3949 2463 3998 ;
2501 3945 2557 3986 ut
2597 3934 2848 4004 indignos
2872 3974 2887 3997 ,
2952 3935 3241 4003 confudisti
3273 3952 3421 4000 vero,
3449 3937 3504 3992 id

1915 4033 2024 4092 est,
2052 4024 2312 4081 confundi
2347 4027 2663 4096 permisisti,
2699 4027 2828 4080 dum
2852 4028 3013 4083 nobis
3038 4036 3186 4082 tanta
3219 4028 3504 4086 sustinen—

1915 4117 2064 4172 tibus
2088 4117 2249 4182 mala,
2269 4131 2425 4187 Opem
2452 4119 2656 4171 nullam
2692 4118 2883 4173 tulisti.

1996 4205 2066 4259 Et
2095 4224 2198 4261 non
2220 4209 2526 4277 egredieris,
2562 4207 2719 4273 Deus,
2752 4209 2802 4260 in
2826 4209 3106 4261 uirtutibus
3136 4209 3352 4262 nostris.
3402 4211 3506 4264 Hic

1915 4300 2078 4354 etiam
2123 4309 2340 4369 tempus
2375 4315 2474 4368 pro
2501 4308 2747 4368 tempore
2774 4299 3501 4369 ponitur,quemadmodum

264 4388 505 4451 ἐξέδωκεν
537 4410 553 4424 ο
587 4394 699 4448 Καὶ
741 4397 812 4449 οὐ
837 4395 1188 4465 συνεξάρχῃ
1217 4395 1343 4462 τοῖς
1371 4397 1818 4466 στρατεύμασιν

1939 4388 2286 4462 Symmachus
2314 4391 2574 4455 reddidit,
2599 4391 2832 4445 dicens:
2872 4387 2984 4443 Nec
3027 4390 3187 4444 simul
3220 4389 3502 4459 egredieris

266 4481 443 4550 ἡμῶν·
475 4485 649 4539 ταῦτα
684 4487 812 4556 γὰρ,
843 4488 1100 4558 δυνάμεις
1130 4487 1413 4543 ἐκάλεσεν.

332 4660 726 4730 lineamad-ac
781 4660 939 4730 ἡμᾶς
991 4660 1080 4725 είς
1097 4658 1171 4712 τὰ
1225 4658 1419 4712 ὀπίσω
1468 4656 1628 4724 παρὰ
1675 4656 1817 4724 τοὺς

266 4753 493 4822 ἐχθροὺς
525 4754 714 4824 ἡμῶν.
745 4752 1002 4824 Πρώτους
1040 4750 1192 4823 παρὰ
1221 4752 1288 4822 τῇ
1322 4753 1390 4822 σῇ
1421 4749 1698 4819 ἐπισκοπῇ
1730 4765 1821 4802 τεο

269 4848 550 4915 ταγμένους
584 4843 934 4916 ἀπέστρεψας
968 4844 1049 4907 είς
1084 4844 1182 4913 τὴν
1213 4842 1451 4912 ἐσχάτην
1493 4839 1670 4907 τάξιν,
1725 4840 1819 4894 καὶ

270 4937 580 5001 ὕπεδξσασας
607 4939 754 5008 ἡμᾶς
784 4940 897 5000 τοῐς
925 4935 1141 5006 ὲχθροίς
1175 4933 1353 5004 ἡμῶν.

326 5115 425 5168 Καὶ
456 5117 510 5170 οἱ
563 5113 889 5184 μισοῦντες
950 5107 1128 5180 ἡμᾶς,
1194 5105 1519 5178 διήρπαζον
1552 5106 1816 5174 ἑαυτοῖς.

278 5207 556 5277 Διήρπαζον
579 5207 649 5261 τὰ
665 5206 933 5276 ἡμέτερα.

333 5300 582 5368 Ἐ’δωκας
601 5299 759 5369 ἡμᾶς
779 5298 859 5363 ὡς
897 5295 1161 5365 πρόϐατα
1180 5291 1485 5364 βρώσεως.
1536 5291 1610 5347 To
1636 5290 1821 5347 Ἔδω-

283 5407 389 5457 iac,
443 5395 558 5446 ἀντὶ
586 5391 680 5444 τοῦ
715 5388 1070 5461 Παρέδωκας,
1116 5385 1410 5451 ἐξέδωκας,
1463 5383 1561 5438 καὶ
1593 5383 1716 5438 οὐδὲ
1742 5383 1821 5447 ὡς

285 5485 498 5555 ερόὸατα
517 5487 786 5556 κτήσεως,
819 5482 957 5538 ἀλλὰ
1001 5480 1290 5552 βρώσεωςο
1318 5477 1495 5532 ταῦτα
1526 5475 1639 5548 γάρ
1669 5478 1819 5531 ὲκεί-

290 5597 370 5631 δων
389 5580 702 5650 φαυλότερα,
727 5577 803 5640 ὡς
831 5579 911 5641 εἰς
936 5574 1151 5648 σφαγὴν
1173 5575 1479 5644 ἐπιτήδεια.

350 5672 441 5726 ’Er
466 5672 586 5739 τοῖς
615 5673 816 5727 ἔθνεσι
837 5670 1180 5737 διέσπειρας
1201 5664 1380 5737 ἡμᾶς.
1414 5667 1510 5732 Εἰς
1537 5666 1783 5724 δουλείαν
1801 5684 1818 5702 ’

1917 4500 2037 4538 cum
2067 4483 2384 4537 exercitibus
2413 4484 2632 4537 nostris.
2666 4482 2953 4537 Exercitus
2983 4483 3129 4536 enim
3159 4520 3176 4547 ,
3220 4482 3451 4536 virtutes
3482 4521 3500 4548 ,

1919 4575 2024 4628 hoc
2053 4582 2158 4636 est.
2185 4582 2480 4643 potestates
2507 4573 2816 4642 appellavit.

1994 4663 2162 4720 Vens.
2222 4665 2310 4720 Η.
2344 4663 2662 4718 Convertiin
2691 4679 2786 4716 nos
2813 4669 3102 4715 retrorsum
3121 4669 3238 4729 post
3257 4659 3503 4714 inimicos

1918 4767 2152 4811 nostros.
2180 4754 2292 4810 Nos
2322 4755 2532 4809 amicos
2559 4754 2688 4807 olim
2739 4761 2904 4816 tuos,
2938 4763 2994 4806 et
3032 4752 3126 4821 qui
3171 4753 3300 4806 olim
3357 4753 3501 4820 apud

1919 4845 2247 4911 custodiam,
2279 4853 2335 4898 et
2358 4843 2753 4914 protectionem
2790 4851 2939 4896 luam
2971 4842 3024 4894 in
3068 4843 3246 4910 primo
3295 4842 3499 4896 ordine

1920 4936 2276 4999 sistebamus,
2307 4934 2552 4988 avertisti
2579 4933 2630 4987 in
2658 4931 2912 4987 ultimum
2944 4932 3149 4998 locum,
3181 4943 3233 4986 et
3257 4931 3504 4991 inimicis

1922 5026 2160 5096 propriis
2185 5025 2498 5095 subiecisti.

1993 5116 2064 5170 Et
2092 5117 2182 5187 qui
2208 5118 2426 5172 oderant
2465 5133 2588 5180 nos,
2628 5115 2950 5183 diripiebant
2985 5115 3105 5170 sibi.
3169 5114 3503 5186 Diripiehant

1923 5204 2029 5262 sibi
2060 5216 2252 5263 nostra
2291 5208 2553 5261 nimirum
2586 5207 2747 5260 bona.

1994 5296 2161 5355 Vens.
2217 5300 2304 5355 12.
2367 5298 2574 5353 Dedisti
2617 5314 2708 5352 nos
2763 5308 3015 5368 tanquam
3075 5313 3188 5352 oues
3237 5314 3499 5352 escarum.

1923 5389 2221 5447 Tradidisti
2260 5405 2386 5455 nos,
2423 5391 2570 5444 sicut
2602 5405 2772 5444 oves:
2814 5405 2943 5446 oves
2983 5391 3127 5454 dico,
3158 5405 3266 5443 non
3297 5405 3416 5458 quae
3449 5390 3500 5441 in

1923 5481 2351 5551 possessionem,
2377 5494 2441 5534 ac
2464 5495 2564 5549 pro
2605 5482 2934 5550 patrimonio
2982 5481 3320 5534 retineantur
3343 5517 3360 5541 ,
3408 5478 3502 5533 sed

1923 5590 2042 5646 quae
2064 5574 2286 5628 viliores
2330 5573 2461 5639 sint,
2499 5581 2553 5627 et
2585 5575 2918 5628 carnificina:
2949 5580 3320 5638 experiantur.

2000 5665 2067 5720 Et
2097 5665 2150 5720 in
2177 5665 2416 5736 gentibus
2451 5664 2751 5731 dispersisti
2773 5681 2886 5721 nos.
2935 5663 2991 5719 ιη
3050 5663 3371 5721 servitutem
3405 5660 3490 5715 ni-
