4014 6248
599 269 709 336 48τ

1844 275 2237 342 EUTHYMII
2278 281 2645 345 ZlGABENI

3735 280 3827 347 488

673 385 744 441 Et
784 400 847 440 ne
883 387 1111 455 repellas
1157 390 1212 441 in
1249 384 1426 453 ﬁnem.
1474 384 1612 439 Cum
1649 385 1759 455 jam
1812 400 1879 441 ex
1933 398 2087 457 parte
2120 400 2161 445 el

2342 392 2452 446 Kal
2480 393 2566 462 μὴ
2592 391 2811 460 ἀπώσῃ
2840 394 2927 459 εις
2963 392 3159 458 τέλος.
3222 394 3317 444 ἰεικ
3352 389 3551 461 μέρους
3580 390 3717 461 ἡμᾶς
3743 400 3827 449 καὶ

604 480 670 535 ad
705 493 920 550 tempus
950 481 1236 551 repuleris,
1267 495 1335 534 ne
1365 492 1628 550 perpetuo
1655 481 1821 535 etiam
1853 481 2110 551 repellas.

679 568 843 626 Vens.
873 571 962 625 24.
995 570 1171 638 Quare
1203 572 1393 639 faciem
1439 582 1584 625 tuam
1639 572 1827 626 avertis
1856 573 1881 627 Ι
1928 572 2044 628 Hoc
2066 582 2173 640 est,

600 662 977 717 visitationem
1012 671 1066 718 et
1098 663 1402 718 eusmdiam
1430 672 1604 727 tuam,
1639 671 1899 732 tanquam
1929 664 2000 718 ab
2026 663 2172 719 indi-

595 755 744 823 guis.

665 844 1003 899 Oblivisceris
1046 846 1239 914 inopiw
1284 855 1512 908 nostras,
1542 854 1592 899 et
1639 845 2045 900 tribulationum
2084 862 2176 900 no-

596 945 852 990 slrarum.
889 937 931 990 Δ
967 938 1246 991 communi
1298 952 1463 991 sensu
1525 953 1720 993 rursus
1762 940 2029 994 sumenda
2085 949 2171 995 est

591 1030 763 1083 dictio
792 1029 1005 1095 Quare;
1038 1029 1394 1098 perinOpiain
1441 1044 1569 1084 vero
1620 1030 1708 1084 hic
1752 1031 2059 1087 molestiam
2116 1040 2174 1088 et

596 1122 906 1190 passionem
934 1120 1229 1191 signiﬁcat,
1256 1120 1439 1186 Quare
1486 1122 1835 1179 Oblivisceris
1884 1124 2052 1195 igitur
2088 1125 2173 1180 in-

591 1215 730 1282 opia:
759 1221 981 1276 nostrae,
1014 1213 1065 1265 id
1093 1220 1177 1265 est
1205 1252 1220 1275 ,
1254 1211 1369 1265 Cur
1408 1215 1613 1269 nullam
1645 1214 2023 1272 calamitatum
2073 1232 2172 1273 no-

591 1313 833 1357 strarum
866 1304 1133 1356 rationem
1169 1300 1339 1356 habes
1367 1302 1390 1354 3

662 1390 827 1449 Vens.
856 1393 945 1446 25.
984 1391 1251 1456 Quoniam
1276 1394 1559 1447 humiliala
1583 1402 1661 1450 est
1693 1398 1747 1451 in
1764 1395 1972 1464 pulvere
1986 1396 2171 1451 anima

590 1492 796 1539 nostra.
828 1484 930 1553 Ipsi
984 1498 1082 1538 nos
1103 1523 1118 1549 ,
1152 1486 1361 1553 inquit,
1391 1493 1652 1554 tanquam
1684 1486 1921 1543 humiles
1944 1527 1960 1552 ,
1999 1498 2168 1557 atque

592 1578 788 1645 abjccti
821 1578 969 1632 humi
1005 1575 1385 1633 decumbimus
1412 1616 1426 1641 ,
1456 1586 1513 1632 et
1589 1576 1646 1631 in
1704 1586 1849 1632 terra
1905 1579 2169 1649 prostrati

589 1684 804 1723 δυηιιιε.

660 1759 1068 1830 Conglutiuattts
1110 1767 1188 1813 est
1240 1760 1293 1812 in
1346 1767 1489 1814 terra
1527 1769 1703 1815 venter
1739 1768 1939 1817 noster.
1989 1762 2167 1817 Accu-
2199 1749 2241 1805 Β

588 1849 770 1905 bando
801 1853 1059 1905 nimirum
1084 1851 1256 1904 humi.
1290 1848 1386 1905 Vel
1436 1849 1567 1906 dum
1618 1852 1989 1905 calamitatum
2026 1867 2167 1922 pon-

585 1944 715 1997 dere
744 1942 1009 2011 depressi,
1045 1942 1277 2008 curvati,
1322 1943 1376 1997 in
1408 1950 1611 1998 terram
1664 1944 2014 2012 inSpicimus.
2068 1944 2167 2001 llle

586 2038 754 2091 etiam
789 2034 1012 2088 humilis
1045 2035 1098 2088 in
1124 2042 1325 2089 terram
1379 2034 1688 2091 demittitur
1717 2076 1734 2102 ,
1793 2036 1887 2106 qui
1932 2037 2169 2094 terrenis

588 2125 821 2196 negotiis
862 2124 1200 2195 immergitur
1236 2140 1251 2175 :
1285 2125 1376 2179 ille
1401 2127 1817 2198 conglutinatur
1866 2137 2048 2191 terra,
2072 2127 2167 2196 qui

586 2219 813 2285 gulosus
847 2226 950 2282 est,
984 2229 1077 2271 aut
1112 2216 1437 2281 fornicator,
1469 2227 1563 2271 aut
1598 2217 1641 2271 si
1688 2220 1811 2288 quis
1835 2219 1978 2275 alius
2007 2218 2165 2274 blan-

584 2311 672 2364 dis
705 2310 945 2363 adharret
981 2310 1380 2379 voluptatibus.

657 2400 821 2456 Vens.
855 2400 942 2454 26.
966 2403 1226 2470 Exsurge,
1249 2399 1502 2467 Domine,
1537 2399 1731 2468 adjuoa
1782 2417 1896 2455 nos.
1955 2400 2165 2459 Videris

583 2493 729 2546 enim
766 2492 963 2546 sedere
992 2498 1045 2546 et
1076 2500 1368 2559 pereuntes
1415 2505 1512 2545 nos
1549 2492 1854 2561 despicere.

665 2582 732 2635 Et
762 2582 925 2636 libera
963 2598 1059 2635 nos
1091 2591 1303 2651 propter
1351 2596 1539 2635 nomen
1589 2589 1755 2634 tuum.
1796 2580 1914 2635 Non
1943 2582 2014 2636 ob
2063 2596 2163 2636 no-

584 2688 823 2730 strarum
850 2676 1115 2728 virtutum
1156 2676 1352 2728 merita
1382 2673 1433 2727 id
1472 2676 1771 2743 poscimus,
1800 2688 1925 2728 eum
1954 2683 2007 2730 et
2035 2690 2161 2743 pec-

583 2775 819 2833 catores,
857 2778 909 2821 et
940 2766 1116 2821 salute
1166 2767 1373 2836 indigni
1406 2766 1593 2823 .‘simus
1619 2782 1632 2828 ;
1663 2766 1755 2821 sed
1792 2775 1851 2819 ut
1879 2767 2159 2833 timeatur,

584 2868 639 2914 et
673 2859 1010 2914 venerationi
1048 2860 1118 2913 sit
1145 2874 1345 2913 nomen
1379 2866 1554 2924 tuum,
1580 2867 1725 2913 etne
1748 2858 1817 2912 ab
1851 2858 2160 2915 idololatris

585 2952 1013 3021 blasphemctur.
1049 2949 1112 3002 Et
1135 2950 1295 3015 juxta
1327 2949 1615 3005 historiam
1636 2948 1852 3003 abunde
1888 2948 2157 3018 psalmum

587 3044 733 3099 hunc
774 3042 1149 3111 exposuimus.
1175 3040 1337 3095 Juxta
1387 3056 1665 3111 anagogen
1698 3055 1825 3096 vero
1846 3040 2164 3111 dicerepos-

584 3150 777 3189 sumus
805 3173 819 3196 ,
846 3134 1010 3187 verba
1045 3133 1238 3203 psalmi
1271 3132 1543 3187 ell'erenda
1580 3145 1700 3187 esse
1732 3147 1797 3186 ex
1843 3141 2160 3186 sanctorum

586 3232 882 3294 martyrum
920 3238 1155 3293 persona
1184 3223 1249 3275 ad
1284 3221 1565 3277 Christum
1594 3263 1609 3287 ,
1642 3222 1734 3292 qui
1764 3221 1936 3275 multa
1962 3231 2015 3277 et
2040 3237 2163 3293 gra-

581 3318 670 3371 via
725 3317 895 3385 ipsius
945 3316 1151 3370 Christi
1190 3316 1363 3385 gratia
1402 3315 1547 3383 passi
1574 3325 1749 3378 sunt.
1806 3323 1861 3370 et
1913 3322 2025 3369 tota
2072 3316 2162 3370 die

583 3410 915 3464 mortilicati.
939 3409 1049 3475 γει,
1077 3424 1143 3465 ex
1171 3423 1399 3477 persona
1418 3423 1873 3479 quorumcunque
1899 3407 2157 3477 ﬁdelium,

586 3522 649 3560 ac
680 3506 1063 3575 religiosorum
1089 3504 1398 3569 hominum,
1439 3503 1533 3574 qui
1565 3516 1595 3556 a
1623 3501 2001 3573 sanguinariis
2031 3516 2162 3573 gen-

584 3594 728 3648 tibus
756 3593 1047 3648 laedantur.

584 3683 649 3741 1η
682 3686 838 3755 linem
879 3702 973 3751 pro
1007 3687 1072 3737 iis
1102 3684 1189 3753 qui
1241 3682 1603 3737 commutandi
1640 3691 1804 3747 sunt,
1836 3682 1967 3750 ﬁliis
2002 3679 2158 3748 Core,

778 3780 831 3830 in
856 3777 1284 3846 intelligentiam,
1316 3776 1586 3829 canticum
1611 3788 1707 3842 pro
1736 3773 1955 3829 dilecto.

1095 3952 1415 4010 PSALMUS
1453 3950 1641 4010 XLIV.

654 4048 721 4103 In
746 4049 907 4117 ﬁnem
933 4048 1154 4116 quidem
1183 4049 1511 4117 inscriptum
1553 4054 1639 4102 est
1666 4044 1738 4101 ob
1760 4042 2074 4116 prophetiae
2102 4044 2155 4099 in

582 4144 796 4215 psalmo
826 4151 1112 4196 contentas
1142 4155 1263 4210 quae
1292 4141 1359 4193 ad
1387 4140 1549 4194 linem
1586 4139 1900 4194 tendebant.
1948 4137 2059 4192 Pro
2090 4138 2156 4191 iis

582 4248 734 4297 vero,
762 4235 851 4303 qui
886 4235 1257 4286 commutandi
1292 4242 1436 4298 sunt,
1468 4232 1570 4287 hoc
1600 4241 1708 4296 est,
1758 4246 1857 4302 pro
1886 4230 2158 4286 Christia-

583 4326 693 4392 nis,
724 4328 818 4395 qui
849 4340 947 4394 per
968 4325 1322 4394 baptismatis
1357 4323 1827 4393 regenerationem
1857 4321 2154 4378 innovandi

2280 486 2415 553 πρὸς
2433 484 2625 555 καιρὸν
2653 485 3036 555 ἀπωσάμενος,
3072 485 3149 555 μὴ
3179 483 3476 546 διαπαντὸς
3508 483 3716 556 ἁπώσῃ.

2361 576 2545 631 'lratl
2592 577 2661 631 τὸ
2710 579 3039 648 πρόσωπόν
3078 590 3197 631 σου
3248 573 3680 645 ἀποστρέφεις;
3728 575 3829 646 Τὴν

2276 669 2590 739 ὲπισκοτιήν
2617 686 2734 736 σου,
2767 671 2843 733 ὡς
2877 669 2988 724 ἀπὸ
3008 667 3264 733 ἀναξίων.

2352 849 2761 920 Ἐπιλανθάνῃ
2788 850 2900 920 τῆς
2928 850 3222 919 πτωχείας
3249 848 3440 919 ἡμῶν,
3463 846 3561 903 καὶ
3586 846 3691 917 τῆς
3712 847 3825 902 θλί-

2275 946 2436 1013 ψεως
2466 943 2653 1012 ἡμῶν.
2686 943 2819 997 Ἀπὸ
2847 940 3032 997 κοινοῦ
3060 942 3221 996 πάλιν
3247 941 3311 995 τὸ
3345 940 3538 995 Ἰνατί.
3570 940 3826 1009 Πτωχείαν

2275 1036 2331 1089 δὲ
2365 1036 2511 1104 λέγει
2539 1035 2634 1089 νῦν
2683 1034 2782 1105 τὴν
2830 1033 3132 1103 κακουχίαν
3154 1048 3168 1063 υ
3204 1032 3337 1084 tam
3362 1030 3475 1101 γάρ
3503 1030 3767 1101 πτωχείας
3796 1028 3826 1097 ἡ

2275 1128 2571 1197 κακουχία.
2627 1123 3038 1195 Ἐπιλιινθάνῃ
3070 1123 3156 1188 δὲ,
3207 1122 3333 1178 ἀντὶ
3375 1119 3499 1187 τοῦ,
3538 1120 3625 1173 Ἐν
3669 1118 3826 1173 οὐδενὶ

2274 1219 2415 1291 λόγῳ
2443 1219 2597 1291 τίθης
2630 1217 2826 1273 ταῦτα.

2346 1396 2465 1449 ’Ὁτι
2514 1392 2878 1461 ἐταπεινώθη
2914 1394 3004 1459 είς
3056 1392 3211 1462 χοῦν
3254 1391 3294 1459 ἢ
3333 1390 3509 1460 ψυχὴ
3552 1389 3733 1459 ἡμῶν.
3770 1387 3825 1440 'll

2273 1486 2445 1555 ψυχὴ
2477 1485 2665 1556 ἡμῶν,
2709 1486 2829 1539 ἀντὶ
2864 1485 2959 1538 τοῦ
2996 1485 3210 1555 Ἡμεῖς,
3251 1482 3723 1553 περιφραστικῶςο
3747 1480 3825 1532 λία-

2275 1598 2364 1651 γει
2400 1580 2478 1645 δὲ,
2539 1580 2624 1633 ὅτι
2659 1579 3095 1650 Κατηνέχθημεν
3141 1578 3222 1642 εἰς
3254 1575 3384 1646 γῆν,
3430 1574 3527 1629 καὶ¹
3556 1572 3826 1627 πεπτώκα-

2278 1691 2400 1745 μιν.

2348 1768 2682 1837 Ἐκολλήθη
2713 1770 2799 1834 είς
2822 1766 2939 1838 γῆν
2980 1768 3018 1835 ἠ
3057 1765 3293 1835 γαστὴρ
3338 1762 3531 1834 ἡμῶν.
3564 1762 3699 1815 ’Υπδ
3740 1777 3825 1830 χα-

2274 1863 2523 1933 μευνίας,
2554 1862 2587 1932 ἢ
2623 1860 2719 1914 τοῦ
2753 1859 2981 1913 κύπτειν
3012 1858 3147 1930 πρὸς
3201 1857 3304 1927 γῆν
3334 1856 3425 1908 ἀεὶ
3452 1854 3530 1925 τῷ
3554 1853 3703 1925 βάρει
3728 1852 3823 1904 τῶν

2270 1955 2524 2026 θλίψεων.
2562 1952 2925 2008 Ταπεινοῦται
2953 1952 3010 2006 δὲ
3042 1952 3122 2015 είς
3148 1950 3279 2021 χοῦν
3314 1950 3411 2002 καὶ
3439 1950 3469 2002 ὁ
3496 1949 3607 2010 τοῖς
3636 1946 3827 2015 γηῖνοις

2269 2046 2676 2120 προστετηκὼς,
2724 2047 2819 2100 καὶ
2842 2045 3131 2116 ξκολλᾶται
3161 2044 3242 2106 είς
3300 2042 3407 2111 γῆν
3438 2042 3469 2094 6
3500 2038 3825 2109 γαστρίμαρο

2269 2155 2387 2208 τος,
2416 2139 2512 2193 καὶ
2542 2141 2572 2193 ὁ
2598 2138 2819 2209 πόρνος,
2848 2136 2946 2191 καὶ
2971 2137 3078 2199 πᾶς
3095 2131 3400 2205 φιλήδονος.

2350 2400 2632 2462 Ἀνάστα,
2666 2400 2863 2467 Κύριε,
2906 2395 3227 2465 βοήθησον
3270 2392 3439 2462 ἡμῖν.
3498 2391 3678 2454 Δοκεὶς
3726 2386 3823 2457 γὰρ

2267 2492 2616 2557 καθέζεσθαι,
2645 2489 2921 2562 περιορῶν
2949 2487 3126 2552 οὕτως
3152 2485 3568 2555 ἀπολλυμένους
3599 2481 3761 2551 ἡμᾶς.

2335 2584 2645 2654 Λύτρωσαι
2674 2581 2851 2650 ἡμᾶς,
2881 2580 3090 2635 ἕνεκεν
3118 2579 3225 2634 τοῦ
3259 2577 3556 2647 ὀνόματός
3581 2590 3711 2629 σου.
3754 2569 3820 2624 Οὐ

2263 2674 2350 2729 διὰ
2377 2675 2476 2738 τὰς
2521 2674 2797 2744 ἡμετέρας
2826 2672 3030 2743 ἀρετάς
3051 2687 3065 2701 ·
3097 2671 3200 2723 οὐκ
3246 2668 3394 2733 ἄξιαι
3426 2669 3570 2736 γάρ’
3600 2664 3710 2719 ἀλλ’
3744 2664 3821 2715 ἵνα

2263 2766 2494 2838 φοϐερὸν
2527 2766 2640 2835 (55)
2674 2766 2783 2835 ειη,
2816 2766 2910 2818 καὶ
2937 2766 3012 2834 μὴ
3043 2761 3449 2833 βλασφημεῖται
3478 2759 3539 2811 τὸ
3562 2758 3649 2811 σὺν
3670 2757 3820 2825 ὄνομα

2264 2859 2418 2930 παρὰ
2432 2858 2543 2914 τῶν
2568 2855 2994 2928 είδωλολατρῶν.
3028 2855 3186 2907 Κατὰ
3218 2853 3317 2922 μὲν
3347 2851 3613 2918 ἱστορίαν,
3643 2846 3821 2906 ἱκανῶς

2263 2957 2292 3008 ὁ
2314 2952 2527 3023 ψαλμὸς
2573 2951 2945 3021 ἡρμήνευται·
2988 2947 3131 3000 κατὰ
3159 2946 3214 3000 δὲ
3242 2944 3559 3015 ἀναγωγὴν,
3588 2942 3819 3011 λέγοιμεν

2261 3046 2327 3101 ἂν
2349 3045 2418 3097 τὰ
2444 3042 2540 3097 τοῦ
2563 3041 2779 3113 ψαλμοῦ
2812 3039 3004 3095 τούτου
3050 3039 3185 3109 πρὸς
3212 3041 3303 3091 τὸν
3336 3038 3573 3106 Χριστὸν
3610 3035 3659 3087 οί
3690 3034 3816 3103 μάρο

2263 3153 2423 3207 τυρες
2456 3136 2681 3201 πάντες,
2713 3135 2763 3187 ol
2792 3134 2959 3204 μυρία
2989 3131 3057 3185 δι’
3085 3131 3254 3185 αὑτὸν
3282 3129 3548 3191 παθόντες
3570 3127 3658 3180 καὶ
3678 3127 3817 3178 Θανα-

2262 3228 2513 3298 τούμενοι
2542 3226 2674 3297 ὅλην
2705 3225 2803 3295 τὴν
2838 3223 3057 3295 ἡμέραν
3081 3236 3098 3253 ·
3151 3221 3289 3275 ἀλλὰ
3317 3220 3413 3274 καὶ
3458 3220 3653 3279 πάντες
3684 3217 3816 3268 εὐσε-

2264 3321 2399 3385 6εϊς,
2425 3320 2527 3373 ὑπὸ
2546 3318 2652 3371 τῶν
2677 3318 2977 3389 μιαιφόνων
2998 3314 3166 3371 ἐθνῶν
3186 3309 3623 3385 ἐπηρεαζόμενοι
3642 3326 3716 3374 τε,
3733 3306 3815 3361 καὶ

2263 3410 2812 3481 καταδαπανώμενοι.

2263 3676 2367 3742 Είς
2406 3675 2473 3729 τὸ
2515 3672 2692 3739 τέλος
2738 3672 2894 3741 ὑπὲρ
2934 3670 3054 3727 τῶν
3095 3669 3675 3741 ὰλλοιωθησσμέγων
3702 3665 3809 3732 τοῖς

2330 3767 2481 3834 υἱοῖς
2512 3766 2661 3835 Κορὲ
2684 3768 2772 3833 εις
2809 3768 3070 3822 σύνεσιν
3093 3782 3107 3796 ·
3161 3764 3285 3834 ᾠδὴ
3335 3764 3495 3833 ὑπὲρ
3546 3760 3651 3819 τοῦ
3688 3761 3810 3833 ἁγα-

2331 3862 2545 3930 πητοῦ.

2810 3952 3106 4008 ΨΑΛΜΟΣ
3134 3954 3267 4009 MA'.

2330 4050 2436 4117 Είς
2468 4048 2534 4101 τὸ
2574 4047 2748 4113 τέλος
2783 4046 2907 4115 μὲν,
2936 4046 3024 4099 διὰ
3055 4045 3152 4108 τὰς
3178 4048 3235 4096 ὲν
3263 4043 3445 4113 τούτῳ
3478 4039 3805 4113 προφητείας,

2258 4142 2340 4204 είς
2394 4138 2549 4204 τέλος
2598 4138 2971 4200 ἐλαυνούσας⁸
3017 4135 3159 4207 ὑπὲρ
3202 4133 3313 4188 τῶν
3347 4129 3805 4201 ἀλλοιωθησομέ-

2256 4250 2381 4288 νων
2427 4232 2506 4298 δὲ,
2570 4232 2880 4295 τουτέστιν,
2917 4229 3058 4300 ὑπὲρ
3086 4228 3194 4282 τῶν
3220 4227 3590 4299 Χριστιανῶν,
3633 4225 3678 4277 οἳ
3722 4224 3805 4277 ἀλ·

2257 4324 2655 4394 λοιωθήσονται
2687 4323 2801 4395 (56)
2832 4323 2920 4376 διὰ
2944 4323 3047 4392 τῆς
3088 4320 3520 4389 παλιγγενεσίας
3550 4317 3641 4373 τοῦ
3670 4316 3801 4385 ἁγίου

580 4429 763 4484 erant,
801 4427 1040 4472 veterem
1069 4424 1337 4471 exuentes
1368 4416 1671 4479 hominem,
1724 4426 1780 4471 et
1832 4430 2032 4470 novum
2070 4416 2156 4470 in-

2263 4417 2662 4490 βαπτίσματος,
2715 4414 3118 4485 ἀπεκδυόμενοι
3183 4417 3284 4485 μὲν
3330 4413 3424 4469 τὸν
3476 4412 3695 4466 παλαιὸν
3718 4408 3799 4461 ἄν·

579 4511 836 4564 duentes.
904 4509 1141 4577 Antiqua
1196 4511 1365 4573 enim,
1402 4509 1579 4578 inquit
1637 4508 1933 4577 Propheta,
1973 4516 2154 4563 trans-

578 4603 776 4665 ierunt,
838 4615 952 4653 ecce
1005 4616 1137 4653 nova
1196 4598 1339 4666 facta
1396 4609 1519 4652 sunt
1573 4599 1773 4653 omnia.
1825 4598 1950 4654 Haec
1986 4600 2152 4671 igitur

580 4691 941 4749 commutatio
976 4692 1383 4745 transformatio
1420 4701 1526 4757 est,
1558 4701 1609 4745 et
1631 4690 1832 4761 prioris
1861 4706 2151 4747 conversa-

583 4782 751 4838 tionis
808 4782 1136 4836 immulalio.
1188 4783 1338 4837 Filii:
1385 4785 1549 4837 etiam
1588 4781 1722 4837 Care
1777 4783 1902 4838 ideo
1950 4784 2149 4839 inscri-

584 4883 733 4945 ptum
771 4885 876 4940 est,
901 4875 1027 4943 quia
1059 4874 1137 4929 eis
1163 4877 1324 4929 datus
1371 4873 1476 4930 fuit
1503 4874 1592 4931 bic
1632 4876 1877 4944 psalmus
1920 4890 1949 4930 a
1986 4877 2149 4933 beato

585 4968 774 5029 David,
832 4978 889 5019 ut
917 4983 1041 5020 cum
1088 4978 1370 5032 canerent,
1402 4969 1862 5038 quemadmodum
1888 4969 1941 5024 in
1972 4984 2155 5039 prom-

581 5056 692 5108 tuio
718 5057 899 5125 operis
926 5057 1345 5112 declaravimus.
1393 5060 1470 5110 Ad
1505 5058 1912 5127 intelligentiam
1968 5074 2096 5115 vero
2135 5077 2149 5112 :

582 5148 711 5215 quia
762 5148 830 5200 ob
870 5149 1184 5203 reconditos
1237 5151 1434 5218 psalmi
1471 5164 1691 5215 sensus,
1753 5152 1921 5205 multa
1958 5150 2150 5205 lectori

582 5240 943 5309 intelligentia
981 5256 1120 5311 opus
1156 5243 1248 5297 sit.
1301 5242 1367 5296 Et
1394 5244 1660 5297 canticum
1686 5259 1703 5295 :
1729 5245 1858 5313 quia
1891 5259 1999 5298 non
2041 5259 2149 5298 una

580 5345 705 5385 cunt
766 5333 993 5387 musicis
1033 5334 1450 5400 instrumentis,
1510 5336 1606 5390 sed
1654 5336 1893 5389 humana
1935 5346 2144 5390 tantum

580 5438 716 5479 voce
742 5424 1066 5482 cauebatur.
1100 5426 1385 5482 Postremo
1432 5428 1580 5498 quod
1639 5427 1863 5495 dicitur,
1926 5430 2035 5481 Pro
2063 5430 2145 5482 di-

2258 4511 2503 4582 θρωπον,
2539 4508 2853 4579 ινδυόμενοι
2884 4508 2942 4561 δὲ
2980 4509 3073 4563 τὸν
3120 4514 3260 4563 νέον.
3319 4510 3396 4563 Τὰ
3445 4506 3657 4578 ἀρχαῖα
3689 4502 3796 4572 γὰρ.

2258 4603 2417 4673 φησι,
2459 4599 2793 4670 παρῆλθεν,
2838 4598 2968 4655 ιδοὺ
3022 4601 3233 4669 γέγονε
3258 4602 3332 4654 τὰ
3384 4600 3580 4653 πάντα
3628 4592 3797 4651 καινά.

2268 4696 2581 4757 Ἀλλοίωσις
2606 4694 2791 4765 γὰρμὴ
2826 4697 3212 4765 μεταποίησις,
3243 4694 3335 4747 καὶ
3369 4695 3403 4764 ἡ
3428 4695 3527 4762 τῆς
3555 4686 3798 4748 πολιτείας

2254 4785 2549 4854 mnam.
2590 4783 2720 4851 Τοῖς
2749 4784 2902 4851 υἱοῖς
2929 4785 2985 4837 δὲ
3011 4784 3182 4853 Κορὲ,
3214 4784 3295 4836 ὅτι
3320 4783 3527 4843 τούτοις
3556 4784 3582 4834 ὁ
3613 4775 3796 4848 llale

2257 4879 2363 4933 ὑπὸ
2414 4880 2509 4933 τοῦ
2571 4879 2739 4933 Δαὸὶδ
2794 4875 3141 4950 ἐνεχειρίσθη
3199 4876 3336 4949 πρὸς
3382 4878 3446 4928 τὸ
3486 4873 3572 4928 διὰ
3616 4869 3795 4925 τούτων

2260 4971 2663 5043 μελῳδηθῆναι,
2700 4972 2880 5034 καθὼς
2932 4973 2989 5024 ὲν
3021 4970 3331 5041 προοιμίοις
3360 4972 3459 5041 τῆς
3497 4967 3670 5036 βίϐλου
3704 4959 3796 5013 τῶν

2255 5063 2501 5135 Ψαλμῶν
2535 5064 3024 5137 παραδεδώκαμεν.
3044 5065 3149 5131 Εἰς
3167 5064 3425 5116 σύνεσιν
3454 5060 3530 5124 δὲ,
3564 5060 3639 5111 ὅτι
3658 5051 3796 5125 χρεία

2257 5158 2523 5217 συνέσεως
2552 5157 2667 5217 τοῖς
2699 5154 3137 5223 ἀναγινώσκουσι
3182 5154 3271 5207 διὰ
3299 5154 3367 5207 τὰ
3396 5144 3791 5219 ἐγκεκρυμμένι

2254 5245 2376 5299 θεῖα
2404 5247 2655 5316 νοήματα
2676 5264 2690 5277 ·
2729 5246 2868 5317 ’ῼόἠ
2903 5247 2982 5313 δὲ,
3041 5246 3124 5300 ὅτι
3175 5245 3236 5298 οὐ
3270 5245 3367 5299 σὺν
3401 5243 3663 5313 ὀργάνοις,
3693 5232 3791 5286 ἀλλ’

2256 5337 2367 5391 ἀπὸ
2412 5337 2666 5409 γλώσσης
2694 5338 2884 5410 μόνης,
2925 5338 3270 5410 ὶμελῳδήθη.
3304 5337 3378 5391 Τὸ
3403 5336 3460 5389 δὲ
3502 5331 3669 5396 ’Υπὲρ
3703 5322 3788 5378 τοῦ

2254 5428 2593 5499 ἀγαπητοῦ,
2652 5431 3137 5503 συγκεφαλαίωσις
3183 5432 3285 5502 τῆς
3330 5430 3458 5492 ὅλης
3488 5416 3787 5495 ἐπιγραφῆς.

1925 5609 2128 5674 Varios
2158 5609 2489 5674 lectiones.

651 5711 763 5785 (55)
784 5710 866 5765 ίσ.
956 5716 1009 5766 et
1035 5708 1447 5781 βλασφημῆται.

2329 5712 2441 5783 (56)
2473 5711 2559 5769 Al.
2593 5711 2753 5784 ὑπέρ.
