  <div class='ocr_page' id='page_1' title='image "/cluster/home/n/w/nwhite01/storage/ocr_20150623/128/mdp.39015078384263/252.png"; bbox 0 0 4036 6262; ppageno 0'>
   <div class='ocr_carea' id='block_1_1' title="bbox 255 391 348 455">
    <p class='ocr_par' dir='ltr' id='par_1_1' title="bbox 255 391 348 455">
     <span class='ocr_line' id='line_1_1' title="bbox 255 391 348 455; baseline 0.011 -2"><span class='ocrx_word' id='word_1_1' title='bbox 255 391 348 455; x_wconf 72' lang='lat'><strong>489</strong></span> 
     </span>
    </p>
   </div>
   <div class='ocr_carea' id='block_1_2' title="bbox 1406 397 2307 469">
    <p class='ocr_par' dir='ltr' id='par_1_2' title="bbox 1406 397 2307 469">
     <span class='ocr_line' id='line_1_2' title="bbox 1406 397 2307 469; baseline 0.012 -11"><span class='ocrx_word' id='word_1_2' title='bbox 1406 397 1791 460; x_wconf 80' lang='lat' dir='ltr'><strong>COMMENT.</strong></span> <span class='ocrx_word' id='word_1_3' title='bbox 1830 398 1913 461; x_wconf 84' lang='grc' dir='ltr'><strong>ΙΝ</strong></span> <span class='ocrx_word' id='word_1_4' title='bbox 1952 401 2307 469; x_wconf 78' lang='lat' dir='ltr'><strong>PSALMOS.</strong></span> 
     </span>
    </p>
   </div>
   <div class='ocr_carea' id='block_1_3' title="bbox 3386 419 3490 483">
    <p class='ocr_par' dir='ltr' id='par_1_3' title="bbox 3386 419 3490 483">
     <span class='ocr_line' id='line_1_3' title="bbox 3386 419 3490 483; baseline 0.019 -2"><span class='ocrx_word' id='word_1_5' title='bbox 3386 419 3490 483; x_wconf 72' lang='grc'><strong>490</strong></span> 
     </span>
    </p>
   </div>
   <div class='ocr_carea' id='block_1_4' title="bbox 253 502 1801 596">
    <p class='ocr_par' dir='ltr' id='par_1_4' title="bbox 253 502 1801 580">
     <span class='ocr_line' id='line_1_4' title="bbox 253 502 1801 580; baseline 0.002 -21"><span class='ocrx_word' id='word_1_6' title='bbox 253 508 327 560; x_wconf 79' lang='grc' dir='ltr'>ὅτι</span> <span class='ocrx_word' id='word_1_7' title='bbox 357 506 482 578; x_wconf 53' lang='grc' dir='ltr'>περὶ</span> <span class='ocrx_word' id='word_1_8' title='bbox 528 506 621 561; x_wconf 82' lang='grc' dir='ltr'><strong>τοῦ</strong></span> <span class='ocrx_word' id='word_1_9' title='bbox 677 507 915 580; x_wconf 79' lang='grc' dir='ltr'>Χριστοῦ</span> <span class='ocrx_word' id='word_1_10' title='bbox 964 509 1218 573; x_wconf 69' lang='grc' dir='ltr'>διέξεισιν</span> <span class='ocrx_word' id='word_1_11' title='bbox 1272 510 1299 561; x_wconf 81' lang='grc' dir='ltr'><strong>δ</strong></span> <span class='ocrx_word' id='word_1_12' title='bbox 1347 508 1599 578; x_wconf 77' lang='grc' dir='ltr'>ψαλμός·</span> <span class='ocrx_word' id='word_1_13' title='bbox 1654 502 1801 573; x_wconf 72' lang='grc' dir='ltr'>οὗτος</span> 
     </span>
    </p>
   </div>
   <div class='ocr_carea' id='block_1_5' title="bbox 1903 502 3485 596">
    <p class='ocr_par' dir='ltr' id='par_1_5' title="bbox 1911 514 3485 596">
     <span class='ocr_line' id='line_1_5' title="bbox 1911 514 3485 596; baseline 0.012 -29"><span class='ocrx_word' id='word_1_14' title='bbox 1911 514 2081 571; x_wconf 83' lang='lat' dir='ltr'><strong>lecto:</strong></span> <span class='ocrx_word' id='word_1_15' title='bbox 2144 519 2313 577; x_wconf 98' lang='lat' dir='ltr'><strong>totius</strong></span> <span class='ocrx_word' id='word_1_16' title='bbox 2368 521 2745 596; x_wconf 86' lang='lat' dir='ltr'><strong>inscriptionis</strong></span> <span class='ocrx_word' id='word_1_17' title='bbox 2792 528 3121 584; x_wconf 79' lang='lat' dir='ltr'><strong>summulam</strong></span> <span class='ocrx_word' id='word_1_18' title='bbox 3152 530 3399 586; x_wconf 87' lang='lat' dir='ltr'><strong>continet</strong></span> <span class='ocrx_word' id='word_1_19' title='bbox 3429 544 3485 589; x_wconf 87' lang='lat' dir='ltr'><strong>ct</strong></span> 
     </span>
    </p>
   </div>
   <div class='ocr_carea' id='block_1_6' title="bbox 256 601 1804 673">
    <p class='ocr_par' dir='ltr' id='par_1_6' title="bbox 256 601 1804 673">
     <span class='ocr_line' id='line_1_6' title="bbox 256 601 1804 673; baseline 0.003 -22"><span class='ocrx_word' id='word_1_20' title='bbox 256 603 375 668; x_wconf 69' lang='grc' dir='ltr'>γὰρ,</span> <span class='ocrx_word' id='word_1_21' title='bbox 402 601 429 652; x_wconf 78' lang='grc' dir='ltr'><strong><em>ὁ</em></strong></span> <span class='ocrx_word' id='word_1_22' title='bbox 453 602 756 670; x_wconf 70' lang='grc' dir='ltr'>ἀγαπητός·</span> <span class='ocrx_word' id='word_1_23' title='bbox 782 602 860 673; x_wconf 80' lang='grc' dir='ltr'><strong>τῷ</strong></span> <span class='ocrx_word' id='word_1_24' title='bbox 888 604 1061 673; x_wconf 72' lang='grc' dir='ltr'>Πατρὶ</span> <span class='ocrx_word' id='word_1_25' title='bbox 1094 601 1215 673; x_wconf 81' lang='grc' dir='ltr'>μὲν,</span> <span class='ocrx_word' id='word_1_26' title='bbox 1240 601 1313 665; x_wconf 73' lang='grc' dir='ltr'>ὡς</span> <span class='ocrx_word' id='word_1_27' title='bbox 1336 602 1461 663; x_wconf 83' lang='grc' dir='ltr'>Υἱὸς</span> <span class='ocrx_word' id='word_1_28' title='bbox 1490 604 1804 672; x_wconf 81' lang='grc' dir='ltr'>μονογενής·</span> 
     </span>
    </p>
   </div>
   <div class='ocr_carea' id='block_1_7' title="bbox 254 690 1809 765">
    <p class='ocr_par' dir='ltr' id='par_1_7' title="bbox 254 690 1809 765">
     <span class='ocr_line' id='line_1_7' title="bbox 254 690 1809 765; baseline 0.002 -22"><span class='ocrx_word' id='word_1_29' title='bbox 254 693 377 761; x_wconf 78' lang='grc' dir='ltr'>ἡμῖν</span> <span class='ocrx_word' id='word_1_30' title='bbox 432 690 509 754; x_wconf 73' lang='grc' dir='ltr'>δὲ,</span> <span class='ocrx_word' id='word_1_31' title='bbox 558 692 631 756; x_wconf 83' lang='grc' dir='ltr'>ὡς</span> <span class='ocrx_word' id='word_1_32' title='bbox 684 694 875 762; x_wconf 77' lang='grc' dir='ltr'>πατὴρ</span> <span class='ocrx_word' id='word_1_33' title='bbox 907 694 1061 765; x_wconf 80' lang='grc' dir='ltr'>ἡμῶν</span> <span class='ocrx_word' id='word_1_34' title='bbox 1112 693 1643 764; x_wconf 78' lang='grc' dir='ltr'>κηδεμονικώτατος.</span> <span class='ocrx_word' id='word_1_35' title='bbox 1675 692 1809 763; x_wconf 76' lang='grc' dir='ltr'>Περὶ</span> 
     </span>
    </p>
   </div>
   <div class='ocr_carea' id='block_1_8' title="bbox 252 781 1808 857">
    <p class='ocr_par' dir='ltr' id='par_1_8' title="bbox 252 781 1808 857">
     <span class='ocr_line' id='line_1_8' title="bbox 252 781 1808 857; baseline 0.001 -21"><span class='ocrx_word' id='word_1_36' title='bbox 252 784 435 837; x_wconf 85' lang='grc' dir='ltr'>τούτου</span> <span class='ocrx_word' id='word_1_37' title='bbox 491 785 599 855; x_wconf 85' lang='grc' dir='ltr'><strong>γάρ</strong></span> <span class='ocrx_word' id='word_1_38' title='bbox 626 802 794 855; x_wconf 86' lang='grc' dir='ltr'>φησιν</span> <span class='ocrx_word' id='word_1_39' title='bbox 822 785 853 839; x_wconf 79' lang='grc' dir='ltr'><em>ὁ</em></span> <span class='ocrx_word' id='word_1_40' title='bbox 889 787 1083 857; x_wconf 82' lang='grc' dir='ltr'>Πατήρ</span> <span class='ocrx_word' id='word_1_41' title='bbox 1109 802 1124 818; x_wconf 77' lang='grc' dir='ltr'><strong>ο</strong></span> <span class='ocrx_word' id='word_1_42' title='bbox 1177 781 1367 853; x_wconf 84' lang='grc' dir='ltr'>Οὗτός</span> <span class='ocrx_word' id='word_1_43' title='bbox 1401 782 1575 839; x_wconf 79' lang='grc' dir='ltr'>ἐστιν</span> <span class='ocrx_word' id='word_1_44' title='bbox 1607 788 1639 839; x_wconf 84' lang='grc' dir='ltr'><strong>ό</strong></span> <span class='ocrx_word' id='word_1_45' title='bbox 1676 784 1808 850; x_wconf 78' lang='grc' dir='ltr'>Υἱός</span> 
     </span>
    </p>
   </div>
   <div class='ocr_carea' id='block_1_9' title="bbox 252 877 1810 956">
    <p class='ocr_par' dir='ltr' id='par_1_9' title="bbox 252 877 1810 956">
     <span class='ocr_line' id='line_1_9' title="bbox 252 877 1810 956; baseline 0 -26"><span class='ocrx_word' id='word_1_46' title='bbox 252 894 360 946; x_wconf 70' lang='grc' dir='ltr'>μοι*</span> <span class='ocrx_word' id='word_1_47' title='bbox 391 880 422 931; x_wconf 80' lang='grc' dir='ltr'><em>ὁ</em></span> <span class='ocrx_word' id='word_1_48' title='bbox 447 878 775 956; x_wconf 78' lang='grc' dir='ltr'>ἀγαπητός.</span> <span class='ocrx_word' id='word_1_49' title='bbox 808 877 1076 947; x_wconf 79' lang='grc' dir='ltr'><strong>-⁹Υπὲρ</strong></span> <span class='ocrx_word' id='word_1_50' title='bbox 1104 877 1211 932; x_wconf 79' lang='grc' dir='ltr'><strong>τοῦ</strong></span> <span class='ocrx_word' id='word_1_51' title='bbox 1241 878 1551 948; x_wconf 79' lang='grc' dir='ltr'><strong>ἀγαπητοῦ</strong></span> <span class='ocrx_word' id='word_1_52' title='bbox 1576 877 1655 942; x_wconf 82' lang='grc' dir='ltr'>δὲ,</span> <span class='ocrx_word' id='word_1_53' title='bbox 1689 878 1810 930; x_wconf 75' lang='grc' dir='ltr'>ἀντὶ</span> 
     </span>
    </p>
   </div>
   <div class='ocr_carea' id='block_1_10' title="bbox 252 966 1808 1040">
    <p class='ocr_par' dir='ltr' id='par_1_10' title="bbox 252 966 1808 1040">
     <span class='ocr_line' id='line_1_10' title="bbox 252 966 1808 1040; baseline 0.003 -21"><span class='ocrx_word' id='word_1_54' title='bbox 252 966 361 1033; x_wconf 84' lang='grc' dir='ltr'>τοῦ,</span> <span class='ocrx_word' id='word_1_55' title='bbox 390 970 521 1039; x_wconf 73' lang='grc' dir='ltr'>Περὶ</span> <span class='ocrx_word' id='word_1_56' title='bbox 542 968 638 1022; x_wconf 88' lang='grc' dir='ltr'><strong>τοῦ</strong></span> <span class='ocrx_word' id='word_1_57' title='bbox 671 969 986 1039; x_wconf 79' lang='grc' dir='ltr'><strong>ἀγαπητοῦ,</strong></span> <span class='ocrx_word' id='word_1_58' title='bbox 1032 971 1286 1040; x_wconf 84' lang='grc' dir='ltr'>καθάπερ</span> <span class='ocrx_word' id='word_1_59' title='bbox 1311 970 1407 1023; x_wconf 82' lang='grc' dir='ltr'>καὶ</span> <span class='ocrx_word' id='word_1_60' title='bbox 1436 972 1494 1023; x_wconf 79' lang='grc' dir='ltr'>ὲν</span> <span class='ocrx_word' id='word_1_61' title='bbox 1521 968 1702 1034; x_wconf 78' lang='grc' dir='ltr'>ἄλλοις</span> <span class='ocrx_word' id='word_1_62' title='bbox 1736 969 1808 1023; x_wconf 80' lang='grc' dir='ltr'>εί-</span> 
     </span>
    </p>
   </div>
   <div class='ocr_carea' id='block_1_11' title="bbox 253 1062 1316 1134">
    <p class='ocr_par' dir='ltr' id='par_1_11' title="bbox 253 1062 1316 1134">
     <span class='ocr_line' id='line_1_11' title="bbox 253 1062 1316 1134; baseline 0.003 -20"><span class='ocrx_word' id='word_1_63' title='bbox 253 1063 508 1132; x_wconf 78' lang='grc' dir='ltr'>ρήκαμεν,</span> <span class='ocrx_word' id='word_1_64' title='bbox 538 1063 799 1132; x_wconf 78' lang='grc' dir='ltr'><strong>πρόθεσις</strong></span> <span class='ocrx_word' id='word_1_65' title='bbox 829 1062 951 1118; x_wconf 72' lang='grc' dir='ltr'>ἀντὶ</span> <span class='ocrx_word' id='word_1_66' title='bbox 985 1062 1316 1134; x_wconf 79' lang='grc' dir='ltr'><strong>προθέσεως.</strong></span> 
     </span>
    </p>
   </div>
   <div class='ocr_carea' id='block_1_12' title="bbox 324 1328 1805 1404">
    <p class='ocr_par' dir='ltr' id='par_1_12' title="bbox 324 1328 1805 1404">
     <span class='ocr_line' id='line_1_12' title="bbox 324 1328 1805 1404; baseline 0.003 -21"><span class='ocrx_word' id='word_1_67' title='bbox 324 1328 722 1398; x_wconf 75' lang='grc' dir='ltr'>Ἐξηρεύξατο</span> <span class='ocrx_word' id='word_1_68' title='bbox 779 1332 818 1399; x_wconf 76' lang='grc' dir='ltr'><strong><em>ἠ</em></strong></span> <span class='ocrx_word' id='word_1_69' title='bbox 882 1331 1096 1399; x_wconf 80' lang='grc' dir='ltr'>καρδία</span> <span class='ocrx_word' id='word_1_70' title='bbox 1144 1349 1266 1402; x_wconf 81' lang='grc' dir='ltr'><strong>μου</strong></span> <span class='ocrx_word' id='word_1_71' title='bbox 1316 1335 1504 1404; x_wconf 75' lang='grc' dir='ltr'>λόγον</span> <span class='ocrx_word' id='word_1_72' title='bbox 1560 1336 1805 1403; x_wconf 79' lang='grc' dir='ltr'>ἀγαθόν.</span> 
     </span>
    </p>
   </div>
   <div class='ocr_carea' id='block_1_13' title="bbox 244 1419 1806 1499">
    <p class='ocr_par' dir='ltr' id='par_1_13' title="bbox 244 1419 1806 1499">
     <span class='ocr_line' id='line_1_13' title="bbox 244 1419 1806 1499; baseline 0.006 -27"><span class='ocrx_word' id='word_1_73' title='bbox 244 1419 423 1485; x_wconf 83' lang='grc' dir='ltr'>Συνεὶς</span> <span class='ocrx_word' id='word_1_74' title='bbox 468 1424 497 1473; x_wconf 88' lang='grc' dir='ltr'>ὁ</span> <span class='ocrx_word' id='word_1_75' title='bbox 550 1423 839 1494; x_wconf 81' lang='grc' dir='ltr'><strong>προφήτης</strong></span> <span class='ocrx_word' id='word_1_76' title='bbox 886 1425 969 1477; x_wconf 85' lang='grc' dir='ltr'>ὅτι</span> <span class='ocrx_word' id='word_1_77' title='bbox 1015 1425 1229 1494; x_wconf 86' lang='grc' dir='ltr'>μεγάλα</span> <span class='ocrx_word' id='word_1_78' title='bbox 1262 1427 1392 1497; x_wconf 80' lang='grc' dir='ltr'>περὶ</span> <span class='ocrx_word' id='word_1_79' title='bbox 1442 1427 1539 1480; x_wconf 83' lang='grc' dir='ltr'><strong>τοῦ</strong></span> <span class='ocrx_word' id='word_1_80' title='bbox 1564 1428 1806 1499; x_wconf 77' lang='grc' dir='ltr'><strong>Χριστοῦ</strong></span> 
     </span>
    </p>
   </div>
   <div class='ocr_carea' id='block_1_14' title="bbox 249 1512 1809 1590">
    <p class='ocr_par' dir='ltr' id='par_1_14' title="bbox 249 1512 1809 1590">
     <span class='ocr_line' id='line_1_14' title="bbox 249 1512 1809 1590; baseline 0.006 -25"><span class='ocrx_word' id='word_1_81' title='bbox 249 1512 424 1581; x_wconf 85' lang='grc' dir='ltr'>μέλλει</span> <span class='ocrx_word' id='word_1_82' title='bbox 456 1515 896 1585; x_wconf 80' lang='grc' dir='ltr'><strong>προαγορεῦσαι,</strong></span> <span class='ocrx_word' id='word_1_83' title='bbox 940 1518 1363 1588; x_wconf 79' lang='grc' dir='ltr'><strong>προοιμιάζεται</strong></span> <span class='ocrx_word' id='word_1_84' title='bbox 1383 1521 1467 1573; x_wconf 84' lang='grc' dir='ltr'>ὅτι</span> <span class='ocrx_word' id='word_1_85' title='bbox 1490 1520 1650 1589; x_wconf 86' lang='grc' dir='ltr'>λόγον</span> <span class='ocrx_word' id='word_1_86' title='bbox 1673 1523 1809 1590; x_wconf 84' lang='grc' dir='ltr'>ἁγα-</span> 
     </span>
    </p>
   </div>
   <div class='ocr_carea' id='block_1_15' title="bbox 243 1605 1807 1683">
    <p class='ocr_par' dir='ltr' id='par_1_15' title="bbox 243 1605 1807 1683">
     <span class='ocr_line' id='line_1_15' title="bbox 243 1605 1807 1683; baseline 0.006 -25"><span class='ocrx_word' id='word_1_87' title='bbox 243 1605 331 1659; x_wconf 80' lang='grc' dir='ltr'>θὸν</span> <span class='ocrx_word' id='word_1_88' title='bbox 360 1608 452 1659; x_wconf 78' lang='grc' dir='ltr'><strong>καὶ</strong></span> <span class='ocrx_word' id='word_1_89' title='bbox 496 1609 762 1679; x_wconf 82' lang='grc' dir='ltr'>σωτήριον</span> <span class='ocrx_word' id='word_1_90' title='bbox 792 1610 932 1681; x_wconf 70' lang='grc' dir='ltr'>ἐρεῖ,</span> <span class='ocrx_word' id='word_1_91' title='bbox 965 1611 1166 1666; x_wconf 83' lang='grc' dir='ltr'>Σκόπει</span> <span class='ocrx_word' id='word_1_92' title='bbox 1216 1611 1273 1665; x_wconf 83' lang='grc' dir='ltr'>δὲ</span> <span class='ocrx_word' id='word_1_93' title='bbox 1306 1613 1405 1683; x_wconf 83' lang='grc' dir='ltr'>τὴν</span> <span class='ocrx_word' id='word_1_94' title='bbox 1436 1612 1675 1683; x_wconf 75' lang='grc' dir='ltr'><strong>ἔμφασιν</strong></span> <span class='ocrx_word' id='word_1_95' title='bbox 1713 1614 1807 1667; x_wconf 89' lang='grc' dir='ltr'><strong>τοῦ</strong></span> 
     </span>
    </p>
   </div>
   <div class='ocr_carea' id='block_1_16' title="bbox 253 1695 1807 1775">
    <p class='ocr_par' dir='ltr' id='par_1_16' title="bbox 253 1695 1807 1775">
     <span class='ocr_line' id='line_1_16' title="bbox 253 1695 1807 1775; baseline 0.003 -24"><span class='ocrx_word' id='word_1_96' title='bbox 253 1695 669 1766; x_wconf 79' lang='grc' dir='ltr'>Ἐξηρεύξατο.</span> <span class='ocrx_word' id='word_1_97' title='bbox 702 1701 1003 1773; x_wconf 76' lang='grc' dir='ltr'>Μονονουχὶ</span> <span class='ocrx_word' id='word_1_98' title='bbox 1024 1702 1133 1772; x_wconf 81' lang='grc' dir='ltr'><strong>γάρ</strong></span> <span class='ocrx_word' id='word_1_99' title='bbox 1156 1719 1342 1773; x_wconf 79' lang='grc' dir='ltr'>φησιν,</span> <span class='ocrx_word' id='word_1_100' title='bbox 1380 1703 1463 1756; x_wconf 87' lang='grc' dir='ltr'>ὅτι</span> <span class='ocrx_word' id='word_1_101' title='bbox 1492 1704 1741 1775; x_wconf 87' lang='grc' dir='ltr'>καθάπερ</span> <span class='ocrx_word' id='word_1_102' title='bbox 1774 1708 1807 1775; x_wconf 78' lang='grc' dir='ltr'><strong>ἡ</strong></span> 
     </span>
    </p>
   </div>
   <div class='ocr_carea' id='block_1_17' title="bbox 242 1789 1807 1864">
    <p class='ocr_par' dir='ltr' id='par_1_17' title="bbox 242 1789 1807 1864">
     <span class='ocr_line' id='line_1_17' title="bbox 242 1789 1807 1864; baseline 0.005 -23"><span class='ocrx_word' id='word_1_103' title='bbox 242 1789 413 1859; x_wconf 79' lang='grc' dir='ltr'>ὲρυγὴ</span> <span class='ocrx_word' id='word_1_104' title='bbox 446 1789 526 1860; x_wconf 82' lang='grc' dir='ltr'><strong>μὴ</strong></span> <span class='ocrx_word' id='word_1_105' title='bbox 558 1789 902 1861; x_wconf 77' lang='grc' dir='ltr'><strong>βουλομένων</strong></span> <span class='ocrx_word' id='word_1_106' title='bbox 949 1792 1106 1864; x_wconf 74' lang='grc' dir='ltr'>ἡμῶν</span> <span class='ocrx_word' id='word_1_107' title='bbox 1164 1794 1383 1864; x_wconf 83' lang='grc' dir='ltr'>πρόεισι</span> <span class='ocrx_word' id='word_1_108' title='bbox 1405 1834 1421 1860; x_wconf 94' lang='grc'><strong>,</strong></span> <span class='ocrx_word' id='word_1_109' title='bbox 1453 1797 1550 1862; x_wconf 82' lang='grc' dir='ltr'>τῆς</span> <span class='ocrx_word' id='word_1_110' title='bbox 1597 1795 1807 1859; x_wconf 79' lang='grc' dir='ltr'>κοιλίας</span> 
     </span>
    </p>
   </div>
   <div class='ocr_carea' id='block_1_18' title="bbox 1911 612 3484 685">
    <p class='ocr_par' dir='ltr' id='par_1_18' title="bbox 1911 612 3484 685">
     <span class='ocr_line' id='line_1_18' title="bbox 1911 612 3484 685; baseline 0.012 -25"><span class='ocrx_word' id='word_1_111' title='bbox 1911 617 2116 676; x_wconf 87' lang='lat' dir='ltr'><strong>caput:</strong></span> <span class='ocrx_word' id='word_1_112' title='bbox 2154 612 2281 680; x_wconf 90' lang='lat' dir='ltr'><strong>quia</strong></span> <span class='ocrx_word' id='word_1_113' title='bbox 2338 614 2596 670; x_wconf 85' lang='lat' dir='ltr'><strong>nimirum</strong></span> <span class='ocrx_word' id='word_1_114' title='bbox 2666 616 2753 672; x_wconf 89' lang='lat' dir='ltr'><strong>hic</strong></span> <span class='ocrx_word' id='word_1_115' title='bbox 2788 625 3058 674; x_wconf 74' lang='lat' dir='ltr'><strong>tractatur</strong></span> <span class='ocrx_word' id='word_1_116' title='bbox 3111 621 3179 676; x_wconf 88' lang='lat' dir='ltr'><strong>de</strong></span> <span class='ocrx_word' id='word_1_117' title='bbox 3236 622 3484 685; x_wconf 91' lang='lat' dir='ltr'><strong>Christo.</strong></span> 
     </span>
    </p>
   </div>
   <div class='ocr_carea' id='block_1_19' title="bbox 1911 702 3483 780">
    <p class='ocr_par' dir='ltr' id='par_1_19' title="bbox 1911 702 3483 780">
     <span class='ocr_line' id='line_1_19' title="bbox 1911 702 3483 780; baseline 0.011 -27"><span class='ocrx_word' id='word_1_118' title='bbox 1911 702 2005 769; x_wconf 90' lang='lat' dir='ltr'><strong>qui</strong></span> <span class='ocrx_word' id='word_1_119' title='bbox 2042 710 2097 756; x_wconf 93' lang='lat' dir='ltr'><strong>et</strong></span> <span class='ocrx_word' id='word_1_120' title='bbox 2133 703 2237 772; x_wconf 82' lang='lat' dir='ltr'><strong>ipsi</strong></span> <span class='ocrx_word' id='word_1_121' title='bbox 2276 705 2423 761; x_wconf 87' lang='lat' dir='ltr'><strong>Patri</strong></span> <span class='ocrx_word' id='word_1_122' title='bbox 2455 708 2691 765; x_wconf 84' lang='lat' dir='ltr'><strong>dilectus</strong></span> <span class='ocrx_word' id='word_1_123' title='bbox 2721 720 2827 776; x_wconf 87' lang='lat' dir='ltr'><strong>est,</strong></span> <span class='ocrx_word' id='word_1_124' title='bbox 2866 722 3128 780; x_wconf 88' lang='lat' dir='ltr'><strong>tanquam</strong></span> <span class='ocrx_word' id='word_1_125' title='bbox 3152 712 3325 770; x_wconf 86' lang='lat' dir='ltr'><strong>Filius</strong></span> <span class='ocrx_word' id='word_1_126' title='bbox 3355 718 3483 770; x_wconf 86' lang='lat' dir='ltr'><strong>uni-</strong></span> 
     </span>
    </p>
   </div>
   <div class='ocr_carea' id='block_1_20' title="bbox 1910 792 3482 872">
    <p class='ocr_par' dir='ltr' id='par_1_20' title="bbox 1910 792 3482 872">
     <span class='ocr_line' id='line_1_20' title="bbox 1910 792 3482 872; baseline 0.011 -27"><span class='ocrx_word' id='word_1_127' title='bbox 1910 792 2127 862; x_wconf 86' lang='lat' dir='ltr'><strong>genitns</strong></span> <span class='ocrx_word' id='word_1_128' title='bbox 2160 811 2173 849; x_wconf 94' lang='lat'><strong>:</strong></span> <span class='ocrx_word' id='word_1_129' title='bbox 2204 808 2258 850; x_wconf 89' lang='lat' dir='ltr'><strong>et</strong></span> <span class='ocrx_word' id='word_1_130' title='bbox 2287 797 2449 855; x_wconf 86' lang='lat' dir='ltr'><strong>nobis</strong></span> <span class='ocrx_word' id='word_1_131' title='bbox 2504 800 2740 869; x_wconf 84' lang='lat' dir='ltr'><strong>pariter,</strong></span> <span class='ocrx_word' id='word_1_132' title='bbox 2772 803 2899 872; x_wconf 87' lang='lat' dir='ltr'><strong>quia</strong></span> <span class='ocrx_word' id='word_1_133' title='bbox 2933 807 3176 859; x_wconf 89' lang='lat' dir='ltr'><strong>omnium</strong></span> <span class='ocrx_word' id='word_1_134' title='bbox 3232 817 3482 862; x_wconf 90' lang='lat' dir='ltr'><strong>nostrum</strong></span> 
     </span>
    </p>
   </div>
   <div class='ocr_carea' id='block_1_21' title="bbox 1911 888 3483 954">
    <p class='ocr_par' dir='ltr' id='par_1_21' title="bbox 1911 888 3483 954">
     <span class='ocr_line' id='line_1_21' title="bbox 1911 888 3483 954; baseline 0.011 -18"><span class='ocrx_word' id='word_1_135' title='bbox 1911 894 2067 953; x_wconf 87' lang='lat' dir='ltr'><strong>pater</strong></span> <span class='ocrx_word' id='word_1_136' title='bbox 2090 894 2174 941; x_wconf 88' lang='lat' dir='ltr'><strong>est</strong></span> <span class='ocrx_word' id='word_1_137' title='bbox 2208 888 2662 948; x_wconf 84' lang='lat' dir='ltr'><strong>studiosissimus</strong></span> <span class='ocrx_word' id='word_1_138' title='bbox 2690 908 2703 944; x_wconf 88' lang='lat'><strong>:</strong></span> <span class='ocrx_word' id='word_1_139' title='bbox 2737 896 2882 947; x_wconf 91' lang='lat' dir='ltr'><strong>unde</strong></span> <span class='ocrx_word' id='word_1_140' title='bbox 2908 895 3075 949; x_wconf 87' lang='lat' dir='ltr'><strong>etiam</strong></span> <span class='ocrx_word' id='word_1_141' title='bbox 3100 896 3168 950; x_wconf 86' lang='lat' dir='ltr'><strong>de</strong></span> <span class='ocrx_word' id='word_1_142' title='bbox 3189 912 3255 952; x_wconf 88' lang='lat' dir='ltr'><strong>co</strong></span> <span class='ocrx_word' id='word_1_143' title='bbox 3276 899 3483 954; x_wconf 84' lang='lat' dir='ltr'><strong>dictum</strong></span> 
     </span>
    </p>
   </div>
   <div class='ocr_carea' id='block_1_22' title="bbox 1911 978 3487 1048">
    <p class='ocr_par' dir='ltr' id='par_1_22' title="bbox 1911 978 3487 1048">
     <span class='ocr_line' id='line_1_22' title="bbox 1911 978 3487 1048; baseline 0.009 -18"><span class='ocrx_word' id='word_1_144' title='bbox 1911 992 2037 1032; x_wconf 84' lang='lat' dir='ltr'><strong>esse</strong></span> <span class='ocrx_word' id='word_1_145' title='bbox 2086 978 2369 1048; x_wconf 80' lang='lat' dir='ltr'><strong>legimusa</strong></span> <span class='ocrx_word' id='word_1_146' title='bbox 2397 979 2554 1039; x_wconf 81' lang='lat' dir='ltr'><strong>Patre</strong></span> <span class='ocrx_word' id='word_1_147' title='bbox 2589 1001 2601 1039; x_wconf 91' lang='lat'><strong>:</strong></span> <span class='ocrx_word' id='word_1_148' title='bbox 2644 982 2745 1037; x_wconf 78' lang='lat' dir='ltr'><strong>llic</strong></span> <span class='ocrx_word' id='word_1_149' title='bbox 2781 994 2859 1039; x_wconf 83' lang='lat' dir='ltr'><strong>est</strong></span> <span class='ocrx_word' id='word_1_150' title='bbox 2921 984 3096 1041; x_wconf 80' lang='lat' dir='ltr'><strong>Filius</strong></span> <span class='ocrx_word' id='word_1_151' title='bbox 3148 1005 3291 1042; x_wconf 83' lang='lat' dir='ltr'><strong>meus</strong></span> <span class='ocrx_word' id='word_1_152' title='bbox 3350 992 3487 1044; x_wconf 76' lang='lat' dir='ltr'><strong>dilc~</strong></span> 
     </span>
    </p>
   </div>
   <div class='ocr_carea' id='block_1_23' title="bbox 1910 1069 3485 1143">
    <p class='ocr_par' dir='ltr' id='par_1_23' title="bbox 1910 1069 3485 1143">
     <span class='ocr_line' id='line_1_23' title="bbox 1910 1069 3485 1143; baseline 0.01 -22"><span class='ocrx_word' id='word_1_153' title='bbox 1910 1078 2025 1123; x_wconf 79' lang='lat' dir='ltr'><strong>ctus</strong></span> <span class='ocrx_word' id='word_1_154' title='bbox 2042 1069 2107 1125; x_wconf 81' lang='lat'><strong>&quot;.</strong></span> <span class='ocrx_word' id='word_1_155' title='bbox 2150 1071 2253 1124; x_wconf 86' lang='lat' dir='ltr'><strong>Pro</strong></span> <span class='ocrx_word' id='word_1_156' title='bbox 2284 1072 2478 1128; x_wconf 82' lang='lat' dir='ltr'><strong>dilecto</strong></span> <span class='ocrx_word' id='word_1_157' title='bbox 2507 1084 2690 1130; x_wconf 86' lang='lat' dir='ltr'><strong>autem</strong></span> <span class='ocrx_word' id='word_1_158' title='bbox 2719 1116 2735 1141; x_wconf 94' lang='lat'><strong>,</strong></span> <span class='ocrx_word' id='word_1_159' title='bbox 2774 1077 2879 1130; x_wconf 89' lang='lat' dir='ltr'><strong>hoc</strong></span> <span class='ocrx_word' id='word_1_160' title='bbox 2912 1086 3022 1143; x_wconf 90' lang='lat' dir='ltr'><strong>est,</strong></span> <span class='ocrx_word' id='word_1_161' title='bbox 3048 1080 3112 1133; x_wconf 79' lang='lat' dir='ltr'><strong>de</strong></span> <span class='ocrx_word' id='word_1_162' title='bbox 3144 1080 3357 1137; x_wconf 81' lang='lat' dir='ltr'><strong>dilecto.</strong></span> <span class='ocrx_word' id='word_1_163' title='bbox 3388 1081 3430 1134; x_wconf 81' lang='grc' dir='ltr'><strong>Ε</strong></span> <span class='ocrx_word' id='word_1_164' title='bbox 3465 1092 3485 1136; x_wconf 90' lang='lat' dir='ltr'><strong>t</strong></span> 
     </span>
    </p>
   </div>
   <div class='ocr_carea' id='block_1_24' title="bbox 1912 1162 3489 1244">
    <p class='ocr_par' dir='ltr' id='par_1_24' title="bbox 1912 1162 3489 1244">
     <span class='ocr_line' id='line_1_24' title="bbox 1912 1162 3489 1244; baseline 0.013 -30"><span class='ocrx_word' id='word_1_165' title='bbox 1912 1162 2057 1215; x_wconf 88' lang='lat' dir='ltr'><strong>enim</strong></span> <span class='ocrx_word' id='word_1_166' title='bbox 2088 1165 2404 1234; x_wconf 69' lang='lat' dir='ltr'><strong>prmpositio</strong></span> <span class='ocrx_word' id='word_1_167' title='bbox 2437 1182 2537 1236; x_wconf 85' lang='lat' dir='ltr'><strong>pro</strong></span> <span class='ocrx_word' id='word_1_168' title='bbox 2570 1169 2977 1238; x_wconf 72' lang='lat' dir='ltr'><strong>prazpositionc,</strong></span> <span class='ocrx_word' id='word_1_169' title='bbox 3021 1179 3081 1225; x_wconf 91' lang='lat' dir='ltr'><strong>ut</strong></span> <span class='ocrx_word' id='word_1_170' title='bbox 3110 1173 3239 1229; x_wconf 88' lang='lat' dir='ltr'><strong>alibi</strong></span> <span class='ocrx_word' id='word_1_171' title='bbox 3271 1189 3415 1244; x_wconf 63' lang='lat' dir='ltr'><strong>saepe</strong></span> <span class='ocrx_word' id='word_1_172' title='bbox 3453 1193 3489 1235; x_wconf 75' lang='lat' dir='ltr'><strong>at</strong></span> 
     </span>
    </p>
   </div>
   <div class='ocr_carea' id='block_1_25' title="bbox 1913 1254 2778 1325">
    <p class='ocr_par' dir='ltr' id='par_1_25' title="bbox 1913 1254 2778 1325">
     <span class='ocr_line' id='line_1_25' title="bbox 1913 1254 2778 1325; baseline 0.014 -21"><span class='ocrx_word' id='word_1_173' title='bbox 1913 1254 2196 1323; x_wconf 86' lang='lat' dir='ltr'><strong>prophetis</strong></span> <span class='ocrx_word' id='word_1_174' title='bbox 2227 1259 2478 1325; x_wconf 86' lang='lat' dir='ltr'><strong>usurpari</strong></span> <span class='ocrx_word' id='word_1_175' title='bbox 2514 1258 2778 1316; x_wconf 79' lang='lat' dir='ltr'><strong>diximus.</strong></span> 
     </span>
    </p>
   </div>
   <div class='ocr_carea' id='block_1_26' title="bbox 1986 1344 3483 1415">
    <p class='ocr_par' dir='ltr' id='par_1_26' title="bbox 1986 1344 3483 1415">
     <span class='ocr_line' id='line_1_26' title="bbox 1986 1344 3483 1415; baseline 0.011 -16"><span class='ocrx_word' id='word_1_176' title='bbox 1986 1344 2148 1402; x_wconf 70' lang='lat' dir='ltr'><strong>Vens.</strong></span> <span class='ocrx_word' id='word_1_177' title='bbox 2188 1349 2242 1402; x_wconf 75' lang='lat'><strong>2.</strong></span> <span class='ocrx_word' id='word_1_178' title='bbox 2308 1348 2587 1405; x_wconf 79' lang='lat' dir='ltr'><strong>Ernctaoit</strong></span> <span class='ocrx_word' id='word_1_179' title='bbox 2631 1370 2725 1409; x_wconf 88' lang='lat' dir='ltr'><strong>cor</strong></span> <span class='ocrx_word' id='word_1_180' title='bbox 2781 1370 2952 1410; x_wconf 84' lang='lat' dir='ltr'><strong>meum</strong></span> <span class='ocrx_word' id='word_1_181' title='bbox 3006 1361 3217 1413; x_wconf 78' lang='lat' dir='ltr'><strong>uerbum</strong></span> <span class='ocrx_word' id='word_1_182' title='bbox 3269 1362 3483 1415; x_wconf 78' lang='lat' dir='ltr'><strong>bonum.</strong></span> 
     </span>
    </p>
   </div>
   <div class='ocr_carea' id='block_1_27' title="bbox 1912 1435 3488 1518">
    <p class='ocr_par' dir='ltr' id='par_1_27' title="bbox 1912 1435 3488 1518">
     <span class='ocr_line' id='line_1_27' title="bbox 1912 1435 3488 1518; baseline 0.01 -28"><span class='ocrx_word' id='word_1_183' title='bbox 1912 1435 2159 1491; x_wconf 88' lang='lat' dir='ltr'><strong>Ceruens</strong></span> <span class='ocrx_word' id='word_1_184' title='bbox 2194 1440 2459 1508; x_wconf 83' lang='lat' dir='ltr'><strong>propheta</strong></span> <span class='ocrx_word' id='word_1_185' title='bbox 2482 1484 2496 1506; x_wconf 84' lang='lat'><strong>,</strong></span> <span class='ocrx_word' id='word_1_186' title='bbox 2534 1443 2682 1512; x_wconf 90' lang='lat' dir='ltr'><strong>quod</strong></span> <span class='ocrx_word' id='word_1_187' title='bbox 2715 1461 2906 1518; x_wconf 82' lang='lat' dir='ltr'><strong>magna</strong></span> <span class='ocrx_word' id='word_1_188' title='bbox 2934 1450 3183 1518; x_wconf 56' lang='lat' dir='ltr'><strong>quasdam</strong></span> <span class='ocrx_word' id='word_1_189' title='bbox 3234 1452 3300 1508; x_wconf 93' lang='lat' dir='ltr'><strong>dc</strong></span> <span class='ocrx_word' id='word_1_190' title='bbox 3326 1453 3488 1508; x_wconf 68' lang='lat' dir='ltr'><strong>Cirri-</strong></span> 
     </span>
    </p>
   </div>
   <div class='ocr_carea' id='block_1_28' title="bbox 1912 1529 3485 1611">
    <p class='ocr_par' dir='ltr' id='par_1_28' title="bbox 1912 1529 3485 1611">
     <span class='ocr_line' id='line_1_28' title="bbox 1912 1529 3485 1611; baseline 0.011 -30"><span class='ocrx_word' id='word_1_191' title='bbox 1912 1536 1996 1583; x_wconf 90' lang='lat' dir='ltr'><strong>sto</strong></span> <span class='ocrx_word' id='word_1_192' title='bbox 2028 1529 2133 1585; x_wconf 90' lang='lat' dir='ltr'><strong>sibi</strong></span> <span class='ocrx_word' id='word_1_193' title='bbox 2163 1539 2321 1585; x_wconf 85' lang='lat' dir='ltr'><strong>erant</strong></span> <span class='ocrx_word' id='word_1_194' title='bbox 2351 1534 2723 1603; x_wconf 52' lang='lat' dir='ltr'><strong>pra’diecnda,</strong></span> <span class='ocrx_word' id='word_1_195' title='bbox 2752 1541 2983 1595; x_wconf 82' lang='lat' dir='ltr'><strong>exordio</strong></span> <span class='ocrx_word' id='word_1_196' title='bbox 3015 1543 3251 1611; x_wconf 86' lang='lat' dir='ltr'><strong>quodam</strong></span> <span class='ocrx_word' id='word_1_197' title='bbox 3289 1545 3485 1609; x_wconf 68' lang='lat' dir='ltr'><strong>utitur,</strong></span> 
     </span>
    </p>
   </div>
   <div class='ocr_carea' id='block_1_29' title="bbox 1913 1620 3485 1708">
    <p class='ocr_par' dir='ltr' id='par_1_29' title="bbox 1913 1620 3485 1708">
     <span class='ocr_line' id='line_1_29' title="bbox 1913 1620 3485 1708; baseline 0.013 -36"><span class='ocrx_word' id='word_1_198' title='bbox 1913 1620 2107 1675; x_wconf 85' lang='lat' dir='ltr'><strong>dicens</strong></span> <span class='ocrx_word' id='word_1_199' title='bbox 2132 1636 2441 1681; x_wconf 78' lang='lat' dir='ltr'><strong>sermonem</strong></span> <span class='ocrx_word' id='word_1_200' title='bbox 2476 1643 2535 1683; x_wconf 89' lang='lat' dir='ltr'><strong>se</strong></span> <span class='ocrx_word' id='word_1_201' title='bbox 2567 1630 2767 1686; x_wconf 89' lang='lat' dir='ltr'><strong>bonum</strong></span> <span class='ocrx_word' id='word_1_202' title='bbox 2794 1647 2859 1688; x_wconf 89' lang='lat' dir='ltr'><strong>ac</strong></span> <span class='ocrx_word' id='word_1_203' title='bbox 2901 1634 3200 1690; x_wconf 86' lang='lat' dir='ltr'><strong>salutarem</strong></span> <span class='ocrx_word' id='word_1_204' title='bbox 3233 1639 3485 1708; x_wconf 75' lang='lat' dir='ltr'><strong>prolatu—</strong></span> 
     </span>
    </p>
   </div>
   <div class='ocr_carea' id='block_1_30' title="bbox 1913 1709 3488 1794">
    <p class='ocr_par' dir='ltr' id='par_1_30' title="bbox 1913 1709 3488 1794">
     <span class='ocr_line' id='line_1_30' title="bbox 1913 1709 3488 1794; baseline 0.014 -32"><span class='ocrx_word' id='word_1_205' title='bbox 1913 1724 2057 1765; x_wconf 89' lang='lat' dir='ltr'><strong>rum.</strong></span> <span class='ocrx_word' id='word_1_206' title='bbox 2108 1709 2192 1766; x_wconf 88' lang='lat' dir='ltr'><strong>Tu</strong></span> <span class='ocrx_word' id='word_1_207' title='bbox 2244 1729 2373 1771; x_wconf 91' lang='lat' dir='ltr'><strong>vero</strong></span> <span class='ocrx_word' id='word_1_208' title='bbox 2400 1717 2564 1771; x_wconf 88' lang='lat' dir='ltr'><strong>etiam</strong></span> <span class='ocrx_word' id='word_1_209' title='bbox 2597 1721 2901 1790; x_wconf 81' lang='lat' dir='ltr'><strong>emphasim</strong></span> <span class='ocrx_word' id='word_1_210' title='bbox 2956 1727 3242 1782; x_wconf 90' lang='lat' dir='ltr'><strong>considera</strong></span> <span class='ocrx_word' id='word_1_211' title='bbox 3308 1732 3488 1794; x_wconf 84' lang='lat' dir='ltr'><strong>verbi,</strong></span> 
     </span>
    </p>
   </div>
   <div class='ocr_carea' id='block_1_31' title="bbox 1915 1799 3485 1891">
    <p class='ocr_par' dir='ltr' id='par_1_31' title="bbox 1915 1799 3485 1891">
     <span class='ocr_line' id='line_1_31' title="bbox 1915 1799 3485 1891; baseline 0.015 -38"><span class='ocrx_word' id='word_1_212' title='bbox 1915 1799 2215 1860; x_wconf 82' lang='lat' dir='ltr'><strong>Eructavit.</strong></span> <span class='ocrx_word' id='word_1_213' title='bbox 2247 1804 2387 1878; x_wconf 80' lang='lat' dir='ltr'><strong>Illud</strong></span> <span class='ocrx_word' id='word_1_214' title='bbox 2419 1810 2566 1864; x_wconf 85' lang='lat' dir='ltr'><strong>enim</strong></span> <span class='ocrx_word' id='word_1_215' title='bbox 2595 1812 2755 1867; x_wconf 88' lang='lat' dir='ltr'><strong>nobis</strong></span> <span class='ocrx_word' id='word_1_216' title='bbox 2781 1814 3026 1871; x_wconf 88' lang='lat' dir='ltr'><strong>indicare</strong></span> <span class='ocrx_word' id='word_1_217' title='bbox 3056 1819 3292 1883; x_wconf 88' lang='lat' dir='ltr'><strong>videtur,</strong></span> <span class='ocrx_word' id='word_1_218' title='bbox 3336 1824 3485 1891; x_wconf 82' lang='lat' dir='ltr'><strong>quod</strong></span> 
     </span>
    </p>
   </div>
   <div class='ocr_carea' id='block_1_32' title="bbox 237 1867 1801 1969">
    <p class='ocr_par' dir='ltr' id='par_1_32' title="bbox 237 1878 1801 1957">
     <span class='ocr_line' id='line_1_32' title="bbox 237 1878 1801 1957; baseline 0.006 -26"><span class='ocrx_word' id='word_1_219' title='bbox 237 1878 434 1950; x_wconf 73' lang='grc' dir='ltr'>ταύτης</span> <span class='ocrx_word' id='word_1_220' title='bbox 488 1883 954 1953; x_wconf 83' lang='grc' dir='ltr'>άναπεμποὺσης,</span> <span class='ocrx_word' id='word_1_221' title='bbox 1016 1884 1160 1939; x_wconf 75' lang='grc' dir='ltr'>οὕτω</span> <span class='ocrx_word' id='word_1_222' title='bbox 1215 1887 1311 1940; x_wconf 83' lang='grc' dir='ltr'>καὶ</span> <span class='ocrx_word' id='word_1_223' title='bbox 1371 1886 1464 1939; x_wconf 77' lang='grc' dir='ltr'>τὸν</span> <span class='ocrx_word' id='word_1_224' title='bbox 1517 1886 1648 1957; x_wconf 78' lang='grc' dir='ltr'>περὶ</span> <span class='ocrx_word' id='word_1_225' title='bbox 1712 1888 1801 1941; x_wconf 84' lang='grc' dir='ltr'><strong>τοῦ</strong></span> 
     </span>
    </p>
   </div>
   <div class='ocr_carea' id='block_1_33' title="bbox 1903 1867 3487 1969">
    <p class='ocr_par' dir='ltr' id='par_1_33' title="bbox 1914 1867 3487 1969">
     <span class='ocr_line' id='line_1_33' title="bbox 2276 1867 3485 1891; baseline 0.013 -14"><span class='ocrx_word' id='word_1_226' title='bbox 2276 1876 2279 1878; x_wconf 71' lang='grc'><strong>,</strong></span> <span class='ocrx_word' id='word_1_227' title='bbox 2847 1867 2869 1869; x_wconf 50' lang='grc' dir='ltr'>ν</span> <span class='ocrx_word' id='word_1_228' title='bbox 2909 1867 3021 1871; x_wconf 42' lang='grc' dir='ltr'><strong>νην</strong></span> <span class='ocrx_word' id='word_1_229' title='bbox 3067 1867 3292 1883; x_wconf 64' lang='grc' dir='ltr'><strong>--ν--ηνι</strong></span> <span class='ocrx_word' id='word_1_230' title='bbox 3338 1867 3485 1891; x_wconf 74' lang='lat'><strong>1&quot;&quot;&quot;</strong></span> 
     </span>
     <span class='ocr_line' id='line_1_34' title="bbox 1914 1896 3487 1969; baseline 0.015 -23"><span class='ocrx_word' id='word_1_231' title='bbox 1914 1896 2374 1964; x_wconf 83' lang='lat' dir='ltr'><strong>quemadmodum</strong></span> <span class='ocrx_word' id='word_1_232' title='bbox 2429 1902 2726 1967; x_wconf 88' lang='lat' dir='ltr'><strong>eructatio,</strong></span> <span class='ocrx_word' id='word_1_233' title='bbox 2774 1906 2941 1960; x_wconf 86' lang='lat' dir='ltr'><strong>etiam</strong></span> <span class='ocrx_word' id='word_1_234' title='bbox 3010 1921 3037 1960; x_wconf 86' lang='lat' dir='ltr'><strong>a</strong></span> <span class='ocrx_word' id='word_1_235' title='bbox 3085 1911 3323 1967; x_wconf 82' lang='lat' dir='ltr'><strong>nolentis</strong></span> <span class='ocrx_word' id='word_1_236' title='bbox 3391 1928 3487 1969; x_wconf 81' lang='lat' dir='ltr'><strong>ore</strong></span> 
     </span>
    </p>
   </div>
   <div class='ocr_carea' id='block_1_34' title="bbox 234 1972 1807 2053">
    <p class='ocr_par' dir='ltr' id='par_1_34' title="bbox 234 1972 1807 2053">
     <span class='ocr_line' id='line_1_35' title="bbox 234 1972 1807 2053; baseline 0.006 -27"><span class='ocrx_word' id='word_1_237' title='bbox 234 1972 469 2045; x_wconf 76' lang='grc' dir='ltr'>Χριστοῦ</span> <span class='ocrx_word' id='word_1_238' title='bbox 533 1974 695 2043; x_wconf 85' lang='grc' dir='ltr'>λόγον</span> <span class='ocrx_word' id='word_1_239' title='bbox 747 1976 1071 2048; x_wconf 72' lang='grc' dir='ltr'>ἀνέπεμψεν</span> <span class='ocrx_word' id='word_1_240' title='bbox 1104 1978 1203 2050; x_wconf 73' lang='grc' dir='ltr'>ἤδη</span> <span class='ocrx_word' id='word_1_241' title='bbox 1238 1978 1483 2034; x_wconf 80' lang='grc' dir='ltr'><strong>κάτωθεν</strong></span> <span class='ocrx_word' id='word_1_242' title='bbox 1537 1981 1569 2051; x_wconf 78' lang='grc' dir='ltr'><strong>η</strong></span> <span class='ocrx_word' id='word_1_243' title='bbox 1610 1982 1807 2053; x_wconf 84' lang='grc' dir='ltr'>καρδία</span> 
     </span>
    </p>
   </div>
   <div class='ocr_carea' id='block_1_35' title="bbox 235 2065 1803 2143">
    <p class='ocr_par' dir='ltr' id='par_1_35' title="bbox 235 2065 1803 2143">
     <span class='ocr_line' id='line_1_36' title="bbox 235 2065 1803 2143; baseline 0.008 -26"><span class='ocrx_word' id='word_1_244' title='bbox 235 2081 335 2133; x_wconf 87' lang='grc' dir='ltr'><strong>μου</strong></span> <span class='ocrx_word' id='word_1_245' title='bbox 360 2106 374 2132; x_wconf 90' lang='grc'><strong>,</strong></span> <span class='ocrx_word' id='word_1_246' title='bbox 411 2065 726 2138; x_wconf 81' lang='grc' dir='ltr'>πλησθεῖσα</span> <span class='ocrx_word' id='word_1_247' title='bbox 763 2068 866 2139; x_wconf 85' lang='grc' dir='ltr'>τῆς</span> <span class='ocrx_word' id='word_1_248' title='bbox 895 2070 1104 2141; x_wconf 79' lang='grc' dir='ltr'>τροφῆς</span> <span class='ocrx_word' id='word_1_249' title='bbox 1131 2072 1224 2124; x_wconf 88' lang='grc' dir='ltr'><strong>τοῦ</strong></span> <span class='ocrx_word' id='word_1_250' title='bbox 1248 2070 1407 2139; x_wconf 82' lang='grc' dir='ltr'>ἁγίου</span> <span class='ocrx_word' id='word_1_251' title='bbox 1468 2072 1803 2143; x_wconf 77' lang='grc' dir='ltr'>Πνεῦματος.</span> 
     </span>
    </p>
   </div>
   <div class='ocr_carea' id='block_1_36' title="bbox 234 2158 2578 2251">
    <p class='ocr_par' dir='ltr' id='par_1_36' title="bbox 234 2158 2578 2251">
     <span class='ocr_line' id='line_1_37' title="bbox 234 2158 2578 2251; baseline 0.01 -38"><span class='ocrx_word' id='word_1_252' title='bbox 234 2158 517 2232; x_wconf 59' lang='lat' dir='ltr'><strong>Prophetas</strong></span> <span class='ocrx_word' id='word_1_253' title='bbox 551 2164 729 2219; x_wconf 87' lang='lat' dir='ltr'><strong>nostri</strong></span> <span class='ocrx_word' id='word_1_254' title='bbox 761 2165 931 2222; x_wconf 87' lang='lat' dir='ltr'><strong>corde</strong></span> <span class='ocrx_word' id='word_1_255' title='bbox 953 2165 1197 2224; x_wconf 81' lang='lat' dir='ltr'><strong>emissus</strong></span> <span class='ocrx_word' id='word_1_256' title='bbox 1251 2167 1631 2240; x_wconf 80' lang='lat' dir='ltr'><strong>sit,supcrna</strong></span> <span class='ocrx_word' id='word_1_257' title='bbox 1696 2171 1934 2242; x_wconf 85' lang='lat' dir='ltr'><strong>quadam</strong></span> <span class='ocrx_word' id='word_1_258' title='bbox 1989 2175 2038 2229; x_wconf 95' lang='lat' dir='ltr'><strong>vi</strong></span> <span class='ocrx_word' id='word_1_259' title='bbox 2100 2176 2173 2230; x_wconf 85' lang='lat' dir='ltr'><strong>ita</strong></span> <span class='ocrx_word' id='word_1_260' title='bbox 2244 2179 2578 2251; x_wconf 86' lang='lat' dir='ltr'><strong>impellente,</strong></span> 
     </span>
    </p>
   </div>
   <div class='ocr_carea' id='block_1_37' title="bbox 233 2250 1125 2325">
    <p class='ocr_par' dir='ltr' id='par_1_37' title="bbox 233 2250 1125 2325">
     <span class='ocr_line' id='line_1_38' title="bbox 233 2250 1125 2325; baseline 0.008 -22"><span class='ocrx_word' id='word_1_261' title='bbox 233 2250 468 2322; x_wconf 89' lang='lat' dir='ltr'><strong>Spiritus</strong></span> <span class='ocrx_word' id='word_1_262' title='bbox 496 2255 663 2325; x_wconf 89' lang='lat' dir='ltr'><strong>epulo</strong></span> <span class='ocrx_word' id='word_1_263' title='bbox 696 2254 935 2313; x_wconf 79' lang='lat' dir='ltr'><strong>refertus</strong></span> <span class='ocrx_word' id='word_1_264' title='bbox 958 2266 1125 2312; x_wconf 78' lang='lat' dir='ltr'><strong>esset.</strong></span> 
     </span>
    </p>
   </div>
   <div class='ocr_carea' id='block_1_38' title="bbox 291 2341 1800 2424">
    <p class='ocr_par' dir='ltr' id='par_1_38' title="bbox 291 2341 1800 2424">
     <span class='ocr_line' id='line_1_39' title="bbox 291 2341 1800 2424; baseline 0.003 -21"><span class='ocrx_word' id='word_1_265' title='bbox 291 2341 456 2415; x_wconf 72' lang='grc' dir='ltr'>Λέγω</span> <span class='ocrx_word' id='word_1_266' title='bbox 483 2346 603 2418; x_wconf 74' lang='grc' dir='ltr'><strong>ἐγὼ</strong></span> <span class='ocrx_word' id='word_1_267' title='bbox 624 2349 698 2404; x_wconf 84' lang='grc' dir='ltr'>τὰ</span> <span class='ocrx_word' id='word_1_268' title='bbox 724 2348 871 2418; x_wconf 71' lang='grc' dir='ltr'>ἔργα</span> <span class='ocrx_word' id='word_1_269' title='bbox 898 2365 1019 2418; x_wconf 80' lang='grc' dir='ltr'><strong>μου</strong></span> <span class='ocrx_word' id='word_1_270' title='bbox 1072 2348 1153 2415; x_wconf 84' lang='grc' dir='ltr'>τῷ</span> <span class='ocrx_word' id='word_1_271' title='bbox 1179 2350 1448 2415; x_wconf 76' lang='grc' dir='ltr'>βασιλεῖ.</span> <span class='ocrx_word' id='word_1_272' title='bbox 1484 2351 1800 2424; x_wconf 78' lang='grc' dir='ltr'>Προσφωνῶ</span> 
     </span>
    </p>
   </div>
   <div class='ocr_carea' id='block_1_39' title="bbox 225 2439 1800 2514">
    <p class='ocr_par' dir='ltr' id='par_1_39' title="bbox 225 2439 1800 2514">
     <span class='ocr_line' id='line_1_40' title="bbox 225 2439 1800 2514; baseline 0.004 -21"><span class='ocrx_word' id='word_1_273' title='bbox 225 2439 411 2494; x_wconf 80' lang='grc' dir='ltr'>λοιπὸν</span> <span class='ocrx_word' id='word_1_274' title='bbox 441 2440 559 2510; x_wconf 74' lang='grc' dir='ltr'><strong>ἐγὼ</strong></span> <span class='ocrx_word' id='word_1_275' title='bbox 595 2441 676 2513; x_wconf 82' lang='grc' dir='ltr'><strong>τῷ</strong></span> <span class='ocrx_word' id='word_1_276' title='bbox 717 2440 943 2495; x_wconf 78' lang='grc' dir='ltr'>Βασιλεῖ</span> <span class='ocrx_word' id='word_1_277' title='bbox 967 2442 1191 2513; x_wconf 84' lang='grc' dir='ltr'>Χριστῷ</span> <span class='ocrx_word' id='word_1_278' title='bbox 1215 2441 1286 2497; x_wconf 77' lang='grc' dir='ltr'><strong>τά</strong></span> <span class='ocrx_word' id='word_1_279' title='bbox 1321 2442 1456 2513; x_wconf 80' lang='grc' dir='ltr'>ἔργα</span> <span class='ocrx_word' id='word_1_280' title='bbox 1490 2462 1615 2514; x_wconf 90' lang='grc' dir='ltr'>μου,</span> <span class='ocrx_word' id='word_1_281' title='bbox 1646 2464 1800 2501; x_wconf 81' lang='grc' dir='ltr'>τουτ-</span> 
     </span>
    </p>
   </div>
   <div class='ocr_carea' id='block_1_40' title="bbox 224 2530 1802 2608">
    <p class='ocr_par' dir='ltr' id='par_1_40' title="bbox 224 2530 1802 2608">
     <span class='ocr_line' id='line_1_41' title="bbox 224 2530 1802 2608; baseline 0.003 -24"><span class='ocrx_word' id='word_1_282' title='bbox 224 2530 342 2587; x_wconf 76' lang='grc' dir='ltr'>έστι</span> <span class='ocrx_word' id='word_1_283' title='bbox 372 2533 473 2596; x_wconf 81' lang='grc' dir='ltr'>τὰς</span> <span class='ocrx_word' id='word_1_284' title='bbox 497 2535 632 2604; x_wconf 75' lang='grc' dir='ltr'>περὶ</span> <span class='ocrx_word' id='word_1_285' title='bbox 660 2532 830 2588; x_wconf 86' lang='grc' dir='ltr'>αὐτοῦ</span> <span class='ocrx_word' id='word_1_286' title='bbox 859 2533 1199 2605; x_wconf 71' lang='grc' dir='ltr'>προφητείας</span> <span class='ocrx_word' id='word_1_287' title='bbox 1224 2551 1349 2605; x_wconf 90' lang='grc' dir='ltr'>μου.</span> <span class='ocrx_word' id='word_1_288' title='bbox 1380 2537 1666 2607; x_wconf 79' lang='grc' dir='ltr'>Προφήτου</span> <span class='ocrx_word' id='word_1_289' title='bbox 1692 2537 1802 2608; x_wconf 78' lang='grc' dir='ltr'><strong>γὰρ</strong></span> 
     </span>
    </p>
   </div>
   <div class='ocr_carea' id='block_1_41' title="bbox 224 2624 1082 2699">
    <p class='ocr_par' dir='ltr' id='par_1_41' title="bbox 224 2624 1082 2699">
     <span class='ocr_line' id='line_1_42' title="bbox 224 2624 1082 2699; baseline 0.005 -23"><span class='ocrx_word' id='word_1_290' title='bbox 224 2624 403 2696; x_wconf 75' lang='grc' dir='ltr'>ἔργον,</span> <span class='ocrx_word' id='word_1_291' title='bbox 438 2626 690 2697; x_wconf 81' lang='grc' dir='ltr'>ὑφαίνειν</span> <span class='ocrx_word' id='word_1_292' title='bbox 721 2628 1082 2699; x_wconf 83' lang='grc' dir='ltr'>προφητείας.</span> 
     </span>
    </p>
   </div>
   <div class='ocr_carea' id='block_1_42' title="bbox 303 2718 1804 2797">
    <p class='ocr_par' dir='ltr' id='par_1_42' title="bbox 303 2718 1804 2797">
     <span class='ocr_line' id='line_1_43' title="bbox 303 2718 1804 2797; baseline -0.01 -6"><span class='ocrx_word' id='word_1_293' title='bbox 303 2718 367 2773; x_wconf 74' lang='grc' dir='ltr'>Ἡ</span> <span class='ocrx_word' id='word_1_294' title='bbox 397 2720 658 2790; x_wconf 80' lang='grc' dir='ltr'>γλῶσσά</span> <span class='ocrx_word' id='word_1_295' title='bbox 685 2740 807 2793; x_wconf 81' lang='grc' dir='ltr'>μου</span> <span class='ocrx_word' id='word_1_296' title='bbox 836 2725 1106 2795; x_wconf 72' lang='grc' dir='ltr'>κάλαμος</span> <span class='ocrx_word' id='word_1_297' title='bbox 1139 2725 1523 2797; x_wconf 76' lang='grc' dir='ltr'>γραμματέως</span> <span class='ocrx_word' id='word_1_298' title='bbox 1555 2722 1804 2794; x_wconf 79' lang='grc' dir='ltr'>ὀξυγρά-</span> 
     </span>
    </p>
   </div>
   <div class='ocr_carea' id='block_1_43' title="bbox 220 2812 1806 2887">
    <p class='ocr_par' dir='ltr' id='par_1_43' title="bbox 220 2812 1806 2887">
     <span class='ocr_line' id='line_1_44' title="bbox 220 2812 1806 2887; baseline 0.002 -24"><span class='ocrx_word' id='word_1_299' title='bbox 220 2825 361 2878; x_wconf 54' lang='grc' dir='ltr'>μου.</span> <span class='ocrx_word' id='word_1_300' title='bbox 422 2812 541 2865; x_wconf 70' lang='grc' dir='ltr'><strong>Καὶ</strong></span> <span class='ocrx_word' id='word_1_301' title='bbox 596 2812 688 2865; x_wconf 77' lang='grc' dir='ltr'><strong>διὰ</strong></span> <span class='ocrx_word' id='word_1_302' title='bbox 728 2812 920 2867; x_wconf 83' lang='grc' dir='ltr'>τοῦτου</span> <span class='ocrx_word' id='word_1_303' title='bbox 971 2816 1330 2887; x_wconf 77' lang='grc' dir='ltr'>παρίστησιν,</span> <span class='ocrx_word' id='word_1_304' title='bbox 1362 2816 1436 2877; x_wconf 85' lang='grc' dir='ltr'>ὡς</span> <span class='ocrx_word' id='word_1_305' title='bbox 1464 2812 1567 2869; x_wconf 71' lang='grc' dir='ltr'>οὐκ</span> <span class='ocrx_word' id='word_1_306' title='bbox 1594 2814 1806 2868; x_wconf 84' lang='grc' dir='ltr'>οἴκοθεν</span> 
     </span>
    </p>
   </div>
   <div class='ocr_carea' id='block_1_44' title="bbox 224 2904 1807 2977">
    <p class='ocr_par' dir='ltr' id='par_1_44' title="bbox 224 2904 1807 2977">
     <span class='ocr_line' id='line_1_45' title="bbox 224 2904 1807 2977; baseline 0.004 -25"><span class='ocrx_word' id='word_1_307' title='bbox 224 2904 361 2972; x_wconf 72' lang='grc' dir='ltr'>ἐρεῖ.</span> <span class='ocrx_word' id='word_1_308' title='bbox 416 2904 694 2974; x_wconf 82' lang='grc' dir='ltr'>Καθάπερ</span> <span class='ocrx_word' id='word_1_309' title='bbox 742 2905 872 2976; x_wconf 86' lang='grc' dir='ltr'>γὰρ,</span> <span class='ocrx_word' id='word_1_310' title='bbox 908 2907 1097 2976; x_wconf 65' lang='grc' dir='ltr'>φησὶν,</span> <span class='ocrx_word' id='word_1_311' title='bbox 1154 2908 1182 2960; x_wconf 80' lang='grc' dir='ltr'><strong>δ</strong></span> <span class='ocrx_word' id='word_1_312' title='bbox 1241 2908 1487 2977; x_wconf 84' lang='grc' dir='ltr'>κάλαμος</span> <span class='ocrx_word' id='word_1_313' title='bbox 1538 2906 1807 2977; x_wconf 76' lang='grc' dir='ltr'>ὑπηρετεί</span> 
     </span>
    </p>
   </div>
   <div class='ocr_carea' id='block_1_45' title="bbox 222 2994 1808 3070">
    <p class='ocr_par' dir='ltr' id='par_1_45' title="bbox 222 2994 1808 3070">
     <span class='ocr_line' id='line_1_46' title="bbox 222 2994 1808 3070; baseline 0.003 -23"><span class='ocrx_word' id='word_1_314' title='bbox 222 2994 383 3065; x_wconf 85' lang='grc' dir='ltr'>μόνον</span> <span class='ocrx_word' id='word_1_315' title='bbox 434 3001 503 3067; x_wconf 83' lang='grc' dir='ltr'>τῇ</span> <span class='ocrx_word' id='word_1_316' title='bbox 556 2997 708 3067; x_wconf 79' lang='grc' dir='ltr'>χειρὶ</span> <span class='ocrx_word' id='word_1_317' title='bbox 750 2998 845 3051; x_wconf 84' lang='grc' dir='ltr'><strong>τοῦ</strong></span> <span class='ocrx_word' id='word_1_318' title='bbox 904 3000 1166 3070; x_wconf 77' lang='grc' dir='ltr'>γραφέως</span> <span class='ocrx_word' id='word_1_319' title='bbox 1204 3000 1547 3069; x_wconf 83' lang='grc' dir='ltr'>κινούμενος,</span> <span class='ocrx_word' id='word_1_320' title='bbox 1580 2997 1709 3053; x_wconf 84' lang='grc' dir='ltr'>ἔνθα</span> <span class='ocrx_word' id='word_1_321' title='bbox 1740 2998 1808 3052; x_wconf 85' lang='grc' dir='ltr'>ἂν</span> 
     </span>
    </p>
   </div>
   <div class='ocr_carea' id='block_1_46' title="bbox 217 3086 1806 3162">
    <p class='ocr_par' dir='ltr' id='par_1_46' title="bbox 217 3086 1806 3162">
     <span class='ocr_line' id='line_1_47' title="bbox 217 3086 1806 3162; baseline 0.001 -23"><span class='ocrx_word' id='word_1_322' title='bbox 217 3086 401 3158; x_wconf 75' lang='grc' dir='ltr'>ἐκείνη</span> <span class='ocrx_word' id='word_1_323' title='bbox 433 3087 634 3142; x_wconf 88' lang='grc' dir='ltr'>τοῦτον</span> <span class='ocrx_word' id='word_1_324' title='bbox 666 3091 896 3162; x_wconf 83' lang='grc' dir='ltr'>κινήσῃ·</span> <span class='ocrx_word' id='word_1_325' title='bbox 932 3089 1076 3143; x_wconf 77' lang='grc' dir='ltr'>οὕτω</span> <span class='ocrx_word' id='word_1_326' title='bbox 1114 3090 1211 3143; x_wconf 78' lang='grc' dir='ltr'><strong>καὶ</strong></span> <span class='ocrx_word' id='word_1_327' title='bbox 1247 3091 1279 3159; x_wconf 82' lang='grc' dir='ltr'>ἠ</span> <span class='ocrx_word' id='word_1_328' title='bbox 1309 3088 1419 3160; x_wconf 78' lang='grc' dir='ltr'><strong>ἐμὴ</strong></span> <span class='ocrx_word' id='word_1_329' title='bbox 1449 3088 1672 3157; x_wconf 82' lang='grc' dir='ltr'>γλῶσσα</span> <span class='ocrx_word' id='word_1_330' title='bbox 1703 3089 1806 3142; x_wconf 82' lang='grc' dir='ltr'>κά-</span> 
     </span>
    </p>
   </div>
   <div class='ocr_carea' id='block_1_47' title="bbox 213 3180 1805 3254">
    <p class='ocr_par' dir='ltr' id='par_1_47' title="bbox 213 3180 1805 3254">
     <span class='ocr_line' id='line_1_48' title="bbox 213 3180 1805 3254; baseline 0.003 -22"><span class='ocrx_word' id='word_1_331' title='bbox 213 3180 388 3251; x_wconf 85' lang='grc' dir='ltr'>λαμός</span> <span class='ocrx_word' id='word_1_332' title='bbox 416 3182 540 3235; x_wconf 76' lang='grc' dir='ltr'>ἐστι</span> <span class='ocrx_word' id='word_1_333' title='bbox 574 3180 984 3252; x_wconf 79' lang='grc' dir='ltr'>γραμματέως,</span> <span class='ocrx_word' id='word_1_334' title='bbox 1006 3182 1128 3251; x_wconf 82' lang='grc' dir='ltr'>ἦτοι</span> <span class='ocrx_word' id='word_1_335' title='bbox 1163 3185 1449 3253; x_wconf 82' lang='grc' dir='ltr'>γραφέως,</span> <span class='ocrx_word' id='word_1_336' title='bbox 1478 3182 1681 3254; x_wconf 79' lang='grc' dir='ltr'>δηλαδὴ</span> <span class='ocrx_word' id='word_1_337' title='bbox 1709 3182 1805 3237; x_wconf 87' lang='grc' dir='ltr'><strong>τοῦ</strong></span> 
     </span>
    </p>
   </div>
   <div class='ocr_carea' id='block_1_48' title="bbox 1913 1986 3488 2072">
    <p class='ocr_par' dir='ltr' id='par_1_48' title="bbox 1913 1986 3488 2072">
     <span class='ocr_line' id='line_1_49' title="bbox 1913 1986 3488 2072; baseline 0.012 -33"><span class='ocrx_word' id='word_1_338' title='bbox 1913 1986 2048 2051; x_wconf 78' lang='lat' dir='ltr'><strong>exit,</strong></span> <span class='ocrx_word' id='word_1_339' title='bbox 2085 1987 2326 2043; x_wconf 89' lang='lat' dir='ltr'><strong>humano</strong></span> <span class='ocrx_word' id='word_1_340' title='bbox 2386 1990 2646 2046; x_wconf 89' lang='lat' dir='ltr'><strong>nimirum</strong></span> <span class='ocrx_word' id='word_1_341' title='bbox 2679 2004 2869 2052; x_wconf 83' lang='lat' dir='ltr'><strong>ventre</strong></span> <span class='ocrx_word' id='word_1_342' title='bbox 2896 2010 3016 2052; x_wconf 87' lang='lat' dir='ltr'><strong>eam</strong></span> <span class='ocrx_word' id='word_1_343' title='bbox 3052 2001 3100 2052; x_wconf 92' lang='lat' dir='ltr'><strong>vi</strong></span> <span class='ocrx_word' id='word_1_344' title='bbox 3138 2001 3370 2072; x_wconf 82' lang='lat' dir='ltr'><strong>quadam</strong></span> <span class='ocrx_word' id='word_1_345' title='bbox 3403 2005 3488 2060; x_wconf 81' lang='lat' dir='ltr'><strong>ef-</strong></span> 
     </span>
    </p>
   </div>
   <div class='ocr_carea' id='block_1_49' title="bbox 1914 2076 3488 2156">
    <p class='ocr_par' dir='ltr' id='par_1_49' title="bbox 1914 2076 3488 2156">
     <span class='ocr_line' id='line_1_50' title="bbox 1914 2076 3488 2156; baseline 0.015 -26"><span class='ocrx_word' id='word_1_346' title='bbox 1914 2076 2103 2144; x_wconf 83' lang='lat' dir='ltr'><strong>ﬂante,</strong></span> <span class='ocrx_word' id='word_1_347' title='bbox 2164 2082 2240 2136; x_wconf 87' lang='lat' dir='ltr'><strong>ita</strong></span> <span class='ocrx_word' id='word_1_348' title='bbox 2269 2093 2325 2138; x_wconf 87' lang='lat' dir='ltr'><strong>et</strong></span> <span class='ocrx_word' id='word_1_349' title='bbox 2358 2086 2449 2141; x_wconf 87' lang='lat' dir='ltr'><strong>hic</strong></span> <span class='ocrx_word' id='word_1_350' title='bbox 2509 2089 2756 2156; x_wconf 82' lang='lat' dir='ltr'><strong>psalmus</strong></span> <span class='ocrx_word' id='word_1_351' title='bbox 2796 2092 2864 2147; x_wconf 88' lang='lat' dir='ltr'><strong>de</strong></span> <span class='ocrx_word' id='word_1_352' title='bbox 2924 2092 3134 2151; x_wconf 90' lang='lat' dir='ltr'><strong>Dilecto</strong></span> <span class='ocrx_word' id='word_1_353' title='bbox 3181 2098 3251 2154; x_wconf 91' lang='lat' dir='ltr'><strong>ab</strong></span> <span class='ocrx_word' id='word_1_354' title='bbox 3289 2100 3488 2155; x_wconf 88' lang='lat' dir='ltr'><strong>intimo</strong></span> 
     </span>
    </p>
   </div>
   <div class='ocr_carea' id='block_1_50' title="bbox 2672 2193 3484 2254">
    <p class='ocr_par' dir='ltr' id='par_1_50' title="bbox 2672 2193 3484 2254">
     <span class='ocr_line' id='line_1_51' title="bbox 2672 2193 3484 2254; baseline 0.018 -15"><span class='ocrx_word' id='word_1_355' title='bbox 2672 2200 2798 2241; x_wconf 93' lang='lat' dir='ltr'><strong>cum</strong></span> <span class='ocrx_word' id='word_1_356' title='bbox 2892 2193 3224 2248; x_wconf 88' lang='lat' dir='ltr'><strong>suavissimo</strong></span> <span class='ocrx_word' id='word_1_357' title='bbox 3304 2200 3484 2254; x_wconf 88' lang='lat' dir='ltr'><strong>sancti</strong></span> 
     </span>
    </p>
   </div>
   <div class='ocr_carea' id='block_1_51' title="bbox 1979 2354 3484 2446">
    <p class='ocr_par' dir='ltr' id='par_1_51' title="bbox 1979 2354 3484 2446">
     <span class='ocr_line' id='line_1_52' title="bbox 1979 2354 3484 2446; baseline 0.019 -40"><span class='ocrx_word' id='word_1_358' title='bbox 1979 2354 2111 2409; x_wconf 84' lang='lat' dir='ltr'><strong>Dico</strong></span> <span class='ocrx_word' id='word_1_359' title='bbox 2149 2371 2242 2425; x_wconf 86' lang='lat' dir='ltr'><strong>ego</strong></span> <span class='ocrx_word' id='word_1_360' title='bbox 2294 2374 2408 2412; x_wconf 84' lang='lat' dir='ltr'><strong>mea</strong></span> <span class='ocrx_word' id='word_1_361' title='bbox 2440 2375 2600 2429; x_wconf 83' lang='lat' dir='ltr'><strong>opera</strong></span> <span class='ocrx_word' id='word_1_362' title='bbox 2626 2363 2754 2434; x_wconf 86' lang='lat' dir='ltr'><strong>regi.</strong></span> <span class='ocrx_word' id='word_1_363' title='bbox 2787 2363 3015 2422; x_wconf 76' lang='lat' dir='ltr'><strong>Profero</strong></span> <span class='ocrx_word' id='word_1_364' title='bbox 3039 2379 3244 2437; x_wconf 89' lang='lat' dir='ltr'><strong>autem,</strong></span> <span class='ocrx_word' id='word_1_365' title='bbox 3284 2375 3484 2446; x_wconf 72' lang='lat' dir='ltr'><strong>inquit.</strong></span> 
     </span>
    </p>
   </div>
   <div class='ocr_carea' id='block_1_52' title="bbox 1906 2444 3486 2536">
    <p class='ocr_par' dir='ltr' id='par_1_52' title="bbox 1906 2444 3486 2536">
     <span class='ocr_line' id='line_1_53' title="bbox 1906 2444 3486 2536; baseline 0.017 -38"><span class='ocrx_word' id='word_1_366' title='bbox 1906 2444 2128 2502; x_wconf 84' lang='lat' dir='ltr'><strong>Christo</strong></span> <span class='ocrx_word' id='word_1_367' title='bbox 2158 2447 2292 2520; x_wconf 76' lang='lat' dir='ltr'><strong>Regi</strong></span> <span class='ocrx_word' id='word_1_368' title='bbox 2333 2466 2499 2519; x_wconf 89' lang='lat' dir='ltr'><strong>opera</strong></span> <span class='ocrx_word' id='word_1_369' title='bbox 2545 2470 2686 2518; x_wconf 88' lang='lat' dir='ltr'><strong>mea,</strong></span> <span class='ocrx_word' id='word_1_370' title='bbox 2716 2456 2820 2511; x_wconf 90' lang='lat' dir='ltr'><strong>hcc</strong></span> <span class='ocrx_word' id='word_1_371' title='bbox 2849 2468 2957 2521; x_wconf 86' lang='lat' dir='ltr'><strong>est,</strong></span> <span class='ocrx_word' id='word_1_372' title='bbox 2991 2462 3306 2532; x_wconf 88' lang='lat' dir='ltr'><strong>prophetias</strong></span> <span class='ocrx_word' id='word_1_373' title='bbox 3344 2444 3486 2536; x_wconf 77' lang='lat' dir='ltr'><strong>quas</strong></span> 
     </span>
    </p>
   </div>
   <div class='ocr_carea' id='block_1_53' title="bbox 1908 2539 3477 2623">
    <p class='ocr_par' dir='ltr' id='par_1_53' title="bbox 1908 2539 3477 2623">
     <span class='ocr_line' id='line_1_54' title="bbox 1908 2539 3477 2623; baseline 0.013 -29"><span class='ocrx_word' id='word_1_374' title='bbox 1908 2541 1976 2594; x_wconf 88' lang='lat' dir='ltr'><strong>de</strong></span> <span class='ocrx_word' id='word_1_375' title='bbox 2004 2554 2071 2595; x_wconf 92' lang='lat' dir='ltr'><strong>eo</strong></span> <span class='ocrx_word' id='word_1_376' title='bbox 2102 2539 2316 2597; x_wconf 84' lang='lat' dir='ltr'><strong>aﬂlatus</strong></span> <span class='ocrx_word' id='word_1_377' title='bbox 2353 2541 2564 2612; x_wconf 89' lang='lat' dir='ltr'><strong>Spiritu</strong></span> <span class='ocrx_word' id='word_1_378' title='bbox 2597 2549 2912 2616; x_wconf 86' lang='lat' dir='ltr'><strong>pronuntio.</strong></span> <span class='ocrx_word' id='word_1_379' title='bbox 2974 2549 3267 2623; x_wconf 61' lang='lat' dir='ltr'><strong>Propheta</strong></span> <span class='ocrx_word' id='word_1_380' title='bbox 3329 2563 3477 2616; x_wconf 89' lang='lat' dir='ltr'><strong>enim</strong></span> 
     </span>
    </p>
   </div>
   <div class='ocr_carea' id='block_1_54' title="bbox 1910 2633 2857 2703">
    <p class='ocr_par' dir='ltr' id='par_1_54' title="bbox 1910 2633 2857 2703">
     <span class='ocr_line' id='line_1_55' title="bbox 1910 2633 2857 2703; baseline 0.013 -21"><span class='ocrx_word' id='word_1_381' title='bbox 1910 2643 2050 2700; x_wconf 90' lang='lat' dir='ltr'><strong>opus</strong></span> <span class='ocrx_word' id='word_1_382' title='bbox 2073 2639 2157 2687; x_wconf 90' lang='lat' dir='ltr'><strong>est</strong></span> <span class='ocrx_word' id='word_1_383' title='bbox 2194 2633 2512 2703; x_wconf 85' lang='lat' dir='ltr'><strong>prophetias</strong></span> <span class='ocrx_word' id='word_1_384' title='bbox 2543 2646 2857 2694; x_wconf 86' lang='lat' dir='ltr'><strong>contexere.</strong></span> 
     </span>
    </p>
   </div>
   <div class='ocr_carea' id='block_1_55' title="bbox 1978 2719 3480 2805">
    <p class='ocr_par' dir='ltr' id='par_1_55' title="bbox 1978 2719 3480 2805">
     <span class='ocr_line' id='line_1_56' title="bbox 1978 2719 3480 2805; baseline 0.02 -31"><span class='ocrx_word' id='word_1_385' title='bbox 1978 2719 2191 2792; x_wconf 86' lang='lat' dir='ltr'><strong>Lingua</strong></span> <span class='ocrx_word' id='word_1_386' title='bbox 2240 2741 2355 2778; x_wconf 85' lang='lat' dir='ltr'><strong>mea</strong></span> <span class='ocrx_word' id='word_1_387' title='bbox 2388 2726 2630 2783; x_wconf 82' lang='lat' dir='ltr'><strong>calamus</strong></span> <span class='ocrx_word' id='word_1_388' title='bbox 2658 2732 2845 2785; x_wconf 74' lang='lat' dir='ltr'><strong>scriba:</strong></span> <span class='ocrx_word' id='word_1_389' title='bbox 2890 2734 3137 2792; x_wconf 80' lang='lat' dir='ltr'><strong>velociter</strong></span> <span class='ocrx_word' id='word_1_390' title='bbox 3173 2743 3480 2805; x_wconf 71' lang='lat' dir='ltr'><strong>scribentis.</strong></span> 
     </span>
    </p>
   </div>
   <div class='ocr_carea' id='block_1_56' title="bbox 1902 2811 3481 2900">
    <p class='ocr_par' dir='ltr' id='par_1_56' title="bbox 1902 2811 3481 2900">
     <span class='ocr_line' id='line_1_57' title="bbox 1902 2811 3481 2900; baseline 0.018 -33"><span class='ocrx_word' id='word_1_391' title='bbox 1902 2811 1998 2870; x_wconf 85' lang='lat' dir='ltr'><strong>llis</strong></span> <span class='ocrx_word' id='word_1_392' title='bbox 2022 2817 2186 2871; x_wconf 88' lang='lat' dir='ltr'><strong>etiam</strong></span> <span class='ocrx_word' id='word_1_393' title='bbox 2220 2818 2405 2874; x_wconf 79' lang='lat' dir='ltr'><strong>verbis</strong></span> <span class='ocrx_word' id='word_1_394' title='bbox 2437 2820 2571 2875; x_wconf 91' lang='lat' dir='ltr'><strong>illud</strong></span> <span class='ocrx_word' id='word_1_395' title='bbox 2610 2823 2975 2893; x_wconf 89' lang='lat' dir='ltr'><strong>demonstrat,</strong></span> <span class='ocrx_word' id='word_1_396' title='bbox 3010 2836 3293 2900; x_wconf 86' lang='lat' dir='ltr'><strong>quomodo</strong></span> <span class='ocrx_word' id='word_1_397' title='bbox 3322 2855 3389 2894; x_wconf 77' lang='lat' dir='ltr'><strong>ex</strong></span> <span class='ocrx_word' id='word_1_398' title='bbox 3419 2857 3481 2895; x_wconf 84' lang='lat' dir='ltr'><strong>se</strong></span> 
     </span>
    </p>
   </div>
   <div class='ocr_carea' id='block_1_57' title="bbox 1900 2908 3474 2990">
    <p class='ocr_par' dir='ltr' id='par_1_57' title="bbox 1900 2908 3474 2990">
     <span class='ocr_line' id='line_1_58' title="bbox 1900 2908 3474 2990; baseline 0.017 -29"><span class='ocrx_word' id='word_1_399' title='bbox 1900 2908 2022 2979; x_wconf 84' lang='lat' dir='ltr'><strong>ipso</strong></span> <span class='ocrx_word' id='word_1_400' title='bbox 2047 2909 2254 2980; x_wconf 90' lang='lat' dir='ltr'><strong>aliquid</strong></span> <span class='ocrx_word' id='word_1_401' title='bbox 2290 2911 2549 2970; x_wconf 90' lang='lat' dir='ltr'><strong>dicturus</strong></span> <span class='ocrx_word' id='word_1_402' title='bbox 2586 2929 2690 2970; x_wconf 90' lang='lat' dir='ltr'><strong>non</strong></span> <span class='ocrx_word' id='word_1_403' title='bbox 2732 2926 2833 2973; x_wconf 87' lang='lat' dir='ltr'><strong>est.</strong></span> <span class='ocrx_word' id='word_1_404' title='bbox 2874 2918 3345 2985; x_wconf 86' lang='lat' dir='ltr'><strong>Quemadmodum</strong></span> <span class='ocrx_word' id='word_1_405' title='bbox 3379 2948 3474 2990; x_wconf 84' lang='lat' dir='ltr'><strong>ca-</strong></span> 
     </span>
    </p>
   </div>
   <div class='ocr_carea' id='block_1_58' title="bbox 1902 3001 3473 3085">
    <p class='ocr_par' dir='ltr' id='par_1_58' title="bbox 1902 3001 3473 3085">
     <span class='ocr_line' id='line_1_59' title="bbox 1902 3001 3473 3085; baseline 0.018 -32"><span class='ocrx_word' id='word_1_406' title='bbox 1902 3001 2102 3068; x_wconf 89' lang='lat' dir='ltr'><strong>lamus,</strong></span> <span class='ocrx_word' id='word_1_407' title='bbox 2137 3001 2340 3073; x_wconf 82' lang='lat' dir='ltr'><strong>inquit,</strong></span> <span class='ocrx_word' id='word_1_408' title='bbox 2376 3005 2671 3063; x_wconf 88' lang='lat' dir='ltr'><strong>scribentis</strong></span> <span class='ocrx_word' id='word_1_409' title='bbox 2721 3012 2905 3066; x_wconf 86' lang='lat' dir='ltr'><strong>manui</strong></span> <span class='ocrx_word' id='word_1_410' title='bbox 2942 3014 3207 3085; x_wconf 87' lang='lat' dir='ltr'><strong>inservit,</strong></span> <span class='ocrx_word' id='word_1_411' title='bbox 3259 3032 3313 3076; x_wconf 89' lang='lat' dir='ltr'><strong>et</strong></span> <span class='ocrx_word' id='word_1_412' title='bbox 3380 3026 3473 3084; x_wconf 85' lang='lat' dir='ltr'><strong>ille</strong></span> 
     </span>
    </p>
   </div>
   <div class='ocr_carea' id='block_1_59' title="bbox 1904 3096 3478 3178">
    <p class='ocr_par' dir='ltr' id='par_1_59' title="bbox 1904 3096 3478 3178">
     <span class='ocr_line' id='line_1_60' title="bbox 1904 3096 3478 3178; baseline 0.017 -35"><span class='ocrx_word' id='word_1_413' title='bbox 1904 3096 2117 3145; x_wconf 90' lang='lat' dir='ltr'><strong>tantum</strong></span> <span class='ocrx_word' id='word_1_414' title='bbox 2170 3101 2444 3160; x_wconf 85' lang='lat' dir='ltr'><strong>movetur,</strong></span> <span class='ocrx_word' id='word_1_415' title='bbox 2475 3111 2587 3166; x_wconf 89' lang='lat' dir='ltr'><strong>quo</strong></span> <span class='ocrx_word' id='word_1_416' title='bbox 2632 3112 2828 3154; x_wconf 87' lang='lat' dir='ltr'><strong>manus</strong></span> <span class='ocrx_word' id='word_1_417' title='bbox 2885 3102 3040 3158; x_wconf 92' lang='lat' dir='ltr'><strong>illum</strong></span> <span class='ocrx_word' id='word_1_418' title='bbox 3074 3106 3376 3178; x_wconf 81' lang='lat' dir='ltr'><strong>impulerit,</strong></span> <span class='ocrx_word' id='word_1_419' title='bbox 3403 3117 3478 3172; x_wconf 85' lang='lat' dir='ltr'><strong>ita</strong></span> 
     </span>
    </p>
   </div>
   <div class='ocr_carea' id='block_1_60' title="bbox 1904 3186 3475 3267">
    <p class='ocr_par' dir='ltr' id='par_1_60' title="bbox 1904 3186 3475 3267">
     <span class='ocr_line' id='line_1_61' title="bbox 1904 3186 3475 3267; baseline 0.017 -26"><span class='ocrx_word' id='word_1_420' title='bbox 1904 3196 1960 3241; x_wconf 90' lang='lat' dir='ltr'><strong>et</strong></span> <span class='ocrx_word' id='word_1_421' title='bbox 1983 3186 2169 3258; x_wconf 77' lang='lat' dir='ltr'><strong>lingua</strong></span> <span class='ocrx_word' id='word_1_422' title='bbox 2201 3204 2321 3243; x_wconf 87' lang='lat' dir='ltr'><strong>mea</strong></span> <span class='ocrx_word' id='word_1_423' title='bbox 2353 3207 2573 3247; x_wconf 83' lang='lat' dir='ltr'><strong>summo</strong></span> <span class='ocrx_word' id='word_1_424' title='bbox 2601 3194 2678 3248; x_wconf 92' lang='lat' dir='ltr'><strong>illi</strong></span> <span class='ocrx_word' id='word_1_425' title='bbox 2711 3198 2929 3263; x_wconf 65' lang='lat' dir='ltr'><strong>scribae,</strong></span> <span class='ocrx_word' id='word_1_426' title='bbox 2991 3215 3183 3261; x_wconf 87' lang='lat' dir='ltr'><strong>sancto</strong></span> <span class='ocrx_word' id='word_1_427' title='bbox 3212 3208 3475 3267; x_wconf 86' lang='lat' dir='ltr'><strong>nimirum</strong></span> 
     </span>
    </p>
   </div>
   <div class='ocr_carea' id='block_1_61' title="bbox 216 3270 1801 3364">
    <p class='ocr_par' dir='ltr' id='par_1_61' title="bbox 216 3272 1797 3345">
     <span class='ocr_line' id='line_1_62' title="bbox 216 3272 1797 3345; baseline 0.003 -21"><span class='ocrx_word' id='word_1_428' title='bbox 216 3272 372 3339; x_wconf 68' lang='grc' dir='ltr'>ἁγίου</span> <span class='ocrx_word' id='word_1_429' title='bbox 412 3273 761 3343; x_wconf 78' lang='grc' dir='ltr'>ῐινεύματος,</span> <span class='ocrx_word' id='word_1_430' title='bbox 819 3276 1115 3345; x_wconf 82' lang='grc' dir='ltr'>κινουμένη</span> <span class='ocrx_word' id='word_1_431' title='bbox 1153 3274 1335 3342; x_wconf 72' lang='grc' dir='ltr'>καθὼς</span> <span class='ocrx_word' id='word_1_432' title='bbox 1364 3276 1433 3329; x_wconf 86' lang='grc' dir='ltr'>ἂν</span> <span class='ocrx_word' id='word_1_433' title='bbox 1462 3276 1672 3340; x_wconf 82' lang='grc' dir='ltr'>ἐκεῖνος</span> <span class='ocrx_word' id='word_1_434' title='bbox 1712 3293 1797 3329; x_wconf 83' lang='grc' dir='ltr'>κι-</span> 
     </span>
    </p>
   </div>
   <div class='ocr_carea' id='block_1_62' title="bbox 1903 3270 3475 3364">
    <p class='ocr_par' dir='ltr' id='par_1_62' title="bbox 1905 3278 3475 3364">
     <span class='ocr_line' id='line_1_63' title="bbox 1905 3278 3475 3364; baseline 0.017 -33"><span class='ocrx_word' id='word_1_435' title='bbox 1905 3278 2159 3348; x_wconf 84' lang='lat' dir='ltr'><strong>Spiritui,</strong></span> <span class='ocrx_word' id='word_1_436' title='bbox 2220 3280 2416 3335; x_wconf 88' lang='lat' dir='ltr'><strong>calami</strong></span> <span class='ocrx_word' id='word_1_437' title='bbox 2449 3283 2735 3354; x_wconf 83' lang='lat' dir='ltr'><strong>cujusdam</strong></span> <span class='ocrx_word' id='word_1_438' title='bbox 2782 3288 2954 3345; x_wconf 87' lang='lat' dir='ltr'><strong>vicem</strong></span> <span class='ocrx_word' id='word_1_439' title='bbox 3012 3307 3254 3364; x_wconf 64' lang='lat' dir='ltr'><strong>praestat,</strong></span> <span class='ocrx_word' id='word_1_440' title='bbox 3303 3308 3360 3356; x_wconf 89' lang='lat' dir='ltr'><strong>et</strong></span> <span class='ocrx_word' id='word_1_441' title='bbox 3409 3317 3475 3357; x_wconf 87' lang='lat' dir='ltr'><strong>eo</strong></span> 
     </span>
    </p>
   </div>
   <div class='ocr_carea' id='block_1_63' title="bbox 214 3363 1795 3439">
    <p class='ocr_par' dir='ltr' id='par_1_63' title="bbox 214 3363 1795 3439">
     <span class='ocr_line' id='line_1_64' title="bbox 214 3363 1795 3439; baseline 0.004 -25"><span class='ocrx_word' id='word_1_442' title='bbox 214 3365 356 3438; x_wconf 71' lang='grc' dir='ltr'>νήσῃ</span> <span class='ocrx_word' id='word_1_443' title='bbox 386 3366 624 3437; x_wconf 83' lang='grc' dir='ltr'>ταύτην.</span> <span class='ocrx_word' id='word_1_444' title='bbox 671 3365 1019 3437; x_wconf 82' lang='grc' dir='ltr'>Ὀξυγράφου</span> <span class='ocrx_word' id='word_1_445' title='bbox 1069 3366 1125 3419; x_wconf 77' lang='grc' dir='ltr'>δὲ</span> <span class='ocrx_word' id='word_1_446' title='bbox 1169 3363 1346 3431; x_wconf 74' lang='grc' dir='ltr'>εἶπεν,</span> <span class='ocrx_word' id='word_1_447' title='bbox 1393 3367 1481 3420; x_wconf 84' lang='grc' dir='ltr'>διὰ</span> <span class='ocrx_word' id='word_1_448' title='bbox 1506 3368 1606 3439; x_wconf 77' lang='grc' dir='ltr'>τὴν</span> <span class='ocrx_word' id='word_1_449' title='bbox 1638 3367 1795 3438; x_wconf 80' lang='grc' dir='ltr'>εὐχέ-</span> 
     </span>
    </p>
   </div>
   <div class='ocr_carea' id='block_1_64' title="bbox 215 3457 1795 3529">
    <p class='ocr_par' dir='ltr' id='par_1_64' title="bbox 215 3457 1795 3529">
     <span class='ocr_line' id='line_1_65' title="bbox 215 3457 1795 3529; baseline 0.003 -21"><span class='ocrx_word' id='word_1_450' title='bbox 215 3472 372 3527; x_wconf 90' lang='grc' dir='ltr'>ρειαν</span> <span class='ocrx_word' id='word_1_451' title='bbox 417 3458 523 3528; x_wconf 73' lang='grc' dir='ltr'>τῆς</span> <span class='ocrx_word' id='word_1_452' title='bbox 577 3458 937 3525; x_wconf 80' lang='grc' dir='ltr'>ἐπαγγελίας.</span> <span class='ocrx_word' id='word_1_453' title='bbox 976 3457 1292 3529; x_wconf 70' lang='grc' dir='ltr'>Ἀνθρωποι</span> <span class='ocrx_word' id='word_1_454' title='bbox 1338 3458 1436 3527; x_wconf 76' lang='grc' dir='ltr'>μὲν</span> <span class='ocrx_word' id='word_1_455' title='bbox 1485 3458 1616 3529; x_wconf 83' lang='grc' dir='ltr'>γὰρ,</span> <span class='ocrx_word' id='word_1_456' title='bbox 1671 3476 1795 3528; x_wconf 85' lang='grc' dir='ltr'>σχο-</span> 
     </span>
    </p>
   </div>
   <div class='ocr_carea' id='block_1_65' title="bbox 210 3549 1797 3623">
    <p class='ocr_par' dir='ltr' id='par_1_65' title="bbox 210 3549 1797 3623">
     <span class='ocr_line' id='line_1_66' title="bbox 210 3549 1797 3623; baseline 0.002 -22"><span class='ocrx_word' id='word_1_457' title='bbox 210 3549 501 3620; x_wconf 82' lang='grc' dir='ltr'>λαιότερον</span> <span class='ocrx_word' id='word_1_458' title='bbox 529 3551 941 3622; x_wconf 83' lang='grc' dir='ltr'>ὑπαγορεύουσι</span> <span class='ocrx_word' id='word_1_459' title='bbox 968 3556 1060 3605; x_wconf 77' lang='grc' dir='ltr'><strong>καὶ</strong></span> <span class='ocrx_word' id='word_1_460' title='bbox 1087 3554 1415 3623; x_wconf 87' lang='grc' dir='ltr'>γράφουσιν,</span> <span class='ocrx_word' id='word_1_461' title='bbox 1453 3552 1797 3621; x_wconf 80' lang='grc' dir='ltr'>άπασχολοὺ·</span> 
     </span>
    </p>
   </div>
   <div class='ocr_carea' id='block_1_66' title="bbox 217 3643 1793 3716">
    <p class='ocr_par' dir='ltr' id='par_1_66' title="bbox 217 3643 1793 3716">
     <span class='ocr_line' id='line_1_67' title="bbox 217 3643 1793 3716; baseline 0.003 -21"><span class='ocrx_word' id='word_1_462' title='bbox 217 3659 371 3712; x_wconf 79' lang='grc' dir='ltr'>μενοι</span> <span class='ocrx_word' id='word_1_463' title='bbox 406 3643 553 3713; x_wconf 80' lang='grc' dir='ltr'>πρὸς</span> <span class='ocrx_word' id='word_1_464' title='bbox 585 3644 807 3715; x_wconf 78' lang='grc' dir='ltr'>εὕρεσιν</span> <span class='ocrx_word' id='word_1_465' title='bbox 833 3644 1149 3713; x_wconf 85' lang='grc' dir='ltr'>νοημάτων,</span> <span class='ocrx_word' id='word_1_466' title='bbox 1166 3644 1258 3697; x_wconf 73' lang='grc' dir='ltr'>καὶ</span> <span class='ocrx_word' id='word_1_467' title='bbox 1280 3645 1556 3716; x_wconf 83' lang='grc' dir='ltr'>συνθήκην</span> <span class='ocrx_word' id='word_1_468' title='bbox 1572 3644 1793 3712; x_wconf 84' lang='grc' dir='ltr'>λέξεων,</span> 
     </span>
    </p>
   </div>
   <div class='ocr_carea' id='block_1_67' title="bbox 211 3734 1797 3810">
    <p class='ocr_par' dir='ltr' id='par_1_67' title="bbox 211 3734 1797 3810">
     <span class='ocr_line' id='line_1_68' title="bbox 211 3734 1797 3810; baseline 0.004 -25"><span class='ocrx_word' id='word_1_469' title='bbox 211 3734 301 3786; x_wconf 84' lang='grc' dir='ltr'>διὰ</span> <span class='ocrx_word' id='word_1_470' title='bbox 330 3734 432 3803; x_wconf 77' lang='grc' dir='ltr'>τὴν</span> <span class='ocrx_word' id='word_1_471' title='bbox 464 3734 572 3804; x_wconf 78' lang='grc' dir='ltr'>τῆς</span> <span class='ocrx_word' id='word_1_472' title='bbox 607 3734 854 3798; x_wconf 82' lang='grc' dir='ltr'>διανοίας</span> <span class='ocrx_word' id='word_1_473' title='bbox 884 3737 1189 3791; x_wconf 81' lang='grc' dir='ltr'>ἀσθένειαν.</span> <span class='ocrx_word' id='word_1_474' title='bbox 1228 3738 1406 3810; x_wconf 83' lang='grc' dir='ltr'>Μέχρι</span> <span class='ocrx_word' id='word_1_475' title='bbox 1430 3738 1622 3791; x_wconf 81' lang='grc' dir='ltr'>τούτου</span> <span class='ocrx_word' id='word_1_476' title='bbox 1658 3755 1797 3808; x_wconf 77' lang='grc' dir='ltr'>συμο</span> 
     </span>
    </p>
   </div>
   <div class='ocr_carea' id='block_1_68' title="bbox 208 3824 1795 3900">
    <p class='ocr_par' dir='ltr' id='par_1_68' title="bbox 208 3824 1795 3900">
     <span class='ocr_line' id='line_1_69' title="bbox 208 3824 1795 3900; baseline 0.005 -25"><span class='ocrx_word' id='word_1_477' title='bbox 208 3825 460 3894; x_wconf 81' lang='grc' dir='ltr'>περάνας</span> <span class='ocrx_word' id='word_1_478' title='bbox 493 3824 560 3878; x_wconf 81' lang='grc' dir='ltr'>τὸ</span> <span class='ocrx_word' id='word_1_479' title='bbox 601 3825 912 3896; x_wconf 85' lang='grc' dir='ltr'>προοίμιον,</span> <span class='ocrx_word' id='word_1_480' title='bbox 946 3825 1177 3897; x_wconf 81' lang='grc' dir='ltr'>ἄρχεται</span> <span class='ocrx_word' id='word_1_481' title='bbox 1203 3825 1295 3880; x_wconf 85' lang='grc' dir='ltr'><strong>τοῦ</strong></span> <span class='ocrx_word' id='word_1_482' title='bbox 1329 3828 1510 3897; x_wconf 89' lang='grc' dir='ltr'>λόγου,</span> <span class='ocrx_word' id='word_1_483' title='bbox 1533 3828 1671 3900; x_wconf 80' lang='grc' dir='ltr'>πρὸς</span> <span class='ocrx_word' id='word_1_484' title='bbox 1703 3829 1795 3885; x_wconf 85' lang='grc' dir='ltr'><strong>τόν</strong></span> 
     </span>
    </p>
   </div>
   <div class='ocr_carea' id='block_1_69' title="bbox 206 3918 1791 3991">
    <p class='ocr_par' dir='ltr' id='par_1_69' title="bbox 206 3918 1791 3991">
     <span class='ocr_line' id='line_1_70' title="bbox 206 3918 1791 3991; baseline 0.003 -20"><span class='ocrx_word' id='word_1_485' title='bbox 206 3918 449 3986; x_wconf 75' lang='grc' dir='ltr'>Χριστὸν</span> <span class='ocrx_word' id='word_1_486' title='bbox 483 3918 591 3990; x_wconf 71' lang='grc' dir='ltr'>ἤδη</span> <span class='ocrx_word' id='word_1_487' title='bbox 635 3919 1083 3989; x_wconf 83' lang='grc' dir='ltr'>ἀποτεινόμενος,</span> <span class='ocrx_word' id='word_1_488' title='bbox 1138 3920 1402 3990; x_wconf 77' lang='grc' dir='ltr'>περὶτῶν</span> <span class='ocrx_word' id='word_1_489' title='bbox 1449 3922 1663 3991; x_wconf 84' lang='grc' dir='ltr'>ἀρετῶν</span> <span class='ocrx_word' id='word_1_490' title='bbox 1699 3922 1791 3976; x_wconf 87' lang='grc' dir='ltr'><strong>τοῦ</strong></span> 
     </span>
    </p>
   </div>
   <div class='ocr_carea' id='block_1_70' title="bbox 206 4011 671 4083">
    <p class='ocr_par' dir='ltr' id='par_1_70' title="bbox 206 4011 671 4083">
     <span class='ocr_line' id='line_1_71' title="bbox 206 4011 671 4083; baseline 0.002 -21"><span class='ocrx_word' id='word_1_491' title='bbox 206 4011 671 4083; x_wconf 78' lang='grc' dir='ltr'>προσλήμματος.</span> 
     </span>
    </p>
   </div>
   <div class='ocr_carea' id='block_1_71' title="bbox 283 4193 1792 4269">
    <p class='ocr_par' dir='ltr' id='par_1_71' title="bbox 283 4193 1792 4269">
     <span class='ocr_line' id='line_1_72' title="bbox 283 4193 1792 4269; baseline 0.003 -21"><span class='ocrx_word' id='word_1_492' title='bbox 283 4194 528 4262; x_wconf 81' lang='grc' dir='ltr'>Ὠραῖος</span> <span class='ocrx_word' id='word_1_493' title='bbox 572 4193 790 4249; x_wconf 73' lang='grc' dir='ltr'>κάλλει</span> <span class='ocrx_word' id='word_1_494' title='bbox 825 4197 986 4265; x_wconf 77' lang='grc' dir='ltr'>παρὰ</span> <span class='ocrx_word' id='word_1_495' title='bbox 1016 4197 1154 4263; x_wconf 80' lang='grc' dir='ltr'>τοὺς</span> <span class='ocrx_word' id='word_1_496' title='bbox 1207 4198 1375 4265; x_wconf 78' lang='grc' dir='ltr'>υἱοὺς</span> <span class='ocrx_word' id='word_1_497' title='bbox 1421 4199 1531 4252; x_wconf 67' lang='grc' dir='ltr'>τῶν</span> <span class='ocrx_word' id='word_1_498' title='bbox 1569 4201 1792 4269; x_wconf 79' lang='grc' dir='ltr'><strong>ἀνθρώ-</strong></span> 
     </span>
    </p>
   </div>
   <div class='ocr_carea' id='block_1_72' title="bbox 202 4286 1786 4360">
    <p class='ocr_par' dir='ltr' id='par_1_72' title="bbox 202 4286 1786 4360">
     <span class='ocr_line' id='line_1_73' title="bbox 202 4286 1786 4360; baseline 0.003 -20"><span class='ocrx_word' id='word_1_499' title='bbox 202 4299 354 4342; x_wconf 69' lang='lat' dir='ltr'><strong>mw.</strong></span> <span class='ocrx_word' id='word_1_500' title='bbox 390 4286 599 4339; x_wconf 84' lang='grc' dir='ltr'>Δείπει</span> <span class='ocrx_word' id='word_1_501' title='bbox 628 4286 690 4338; x_wconf 81' lang='grc' dir='ltr'><strong>τὺ</strong></span> <span class='ocrx_word' id='word_1_502' title='bbox 720 4286 1015 4357; x_wconf 82' lang='grc' dir='ltr'>ὑπάρχεις</span> <span class='ocrx_word' id='word_1_503' title='bbox 1035 4303 1049 4317; x_wconf 87' lang='grc'><strong>·</strong></span> <span class='ocrx_word' id='word_1_504' title='bbox 1082 4287 1398 4360; x_wconf 80' lang='grc' dir='ltr'>ὡραιότητα</span> <span class='ocrx_word' id='word_1_505' title='bbox 1432 4290 1489 4342; x_wconf 81' lang='grc' dir='ltr'>δὲ</span> <span class='ocrx_word' id='word_1_506' title='bbox 1533 4292 1786 4360; x_wconf 80' lang='grc' dir='ltr'>κάλλους,</span> 
     </span>
    </p>
   </div>
   <div class='ocr_carea' id='block_1_73' title="bbox 202 4376 1787 4458">
    <p class='ocr_par' dir='ltr' id='par_1_73' title="bbox 202 4376 1787 4458">
     <span class='ocr_line' id='line_1_74' title="bbox 202 4376 1787 4458; baseline 0.005 -29"><span class='ocrx_word' id='word_1_507' title='bbox 202 4377 265 4429; x_wconf 78' lang='grc' dir='ltr'>οὐ</span> <span class='ocrx_word' id='word_1_508' title='bbox 299 4376 643 4448; x_wconf 79' lang='grc' dir='ltr'>σωματικὴν</span> <span class='ocrx_word' id='word_1_509' title='bbox 669 4377 821 4446; x_wconf 82' lang='grc' dir='ltr'>λέγει</span> <span class='ocrx_word' id='word_1_510' title='bbox 841 4416 857 4443; x_wconf 90' lang='grc'><strong>,</strong></span> <span class='ocrx_word' id='word_1_511' title='bbox 889 4378 1025 4432; x_wconf 78' lang='grc' dir='ltr'>ἀλλὰ</span> <span class='ocrx_word' id='word_1_512' title='bbox 1052 4380 1314 4451; x_wconf 69' lang='grc' dir='ltr'>ψυχικήν.</span> <span class='ocrx_word' id='word_1_513' title='bbox 1346 4384 1647 4454; x_wconf 80' lang='grc' dir='ltr'>Διετήρησε</span> <span class='ocrx_word' id='word_1_514' title='bbox 1680 4385 1787 4458; x_wconf 82' lang='grc' dir='ltr'>γὰρ</span> 
     </span>
    </p>
   </div>
   <div class='ocr_carea' id='block_1_74' title="bbox 200 4469 1790 4548">
    <p class='ocr_par' dir='ltr' id='par_1_74' title="bbox 200 4469 1790 4548">
     <span class='ocr_line' id='line_1_75' title="bbox 200 4469 1790 4548; baseline 0.004 -26"><span class='ocrx_word' id='word_1_515' title='bbox 200 4470 375 4543; x_wconf 74' lang='grc' dir='ltr'>αὐτὴν</span> <span class='ocrx_word' id='word_1_516' title='bbox 410 4469 645 4533; x_wconf 75' lang='grc' dir='ltr'>ἄσυλον,</span> <span class='ocrx_word' id='word_1_517' title='bbox 684 4469 845 4539; x_wconf 86' lang='grc' dir='ltr'>μόνος</span> <span class='ocrx_word' id='word_1_518' title='bbox 892 4472 1043 4542; x_wconf 81' lang='grc' dir='ltr'>παρὰ</span> <span class='ocrx_word' id='word_1_519' title='bbox 1080 4473 1288 4536; x_wconf 81' lang='grc' dir='ltr'>πάντας</span> <span class='ocrx_word' id='word_1_520' title='bbox 1320 4474 1506 4545; x_wconf 82' lang='grc' dir='ltr'>μείνας</span> <span class='ocrx_word' id='word_1_521' title='bbox 1540 4477 1790 4548; x_wconf 83' lang='grc' dir='ltr'>ἀναμάρ-</span> 
     </span>
    </p>
   </div>
   <div class='ocr_carea' id='block_1_75' title="bbox 1901 3374 3468 3447">
    <p class='ocr_par' dir='ltr' id='par_1_75' title="bbox 1901 3374 3468 3447">
     <span class='ocr_line' id='line_1_76' title="bbox 1901 3374 3468 3447; baseline 0.016 -25"><span class='ocrx_word' id='word_1_522' title='bbox 1901 3376 2111 3422; x_wconf 89' lang='lat' dir='ltr'><strong>tantum</strong></span> <span class='ocrx_word' id='word_1_523' title='bbox 2176 3382 2444 3440; x_wconf 87' lang='lat' dir='ltr'><strong>movetur,</strong></span> <span class='ocrx_word' id='word_1_524' title='bbox 2508 3387 2617 3443; x_wconf 93' lang='lat' dir='ltr'><strong>quo</strong></span> <span class='ocrx_word' id='word_1_525' title='bbox 2679 3374 2919 3446; x_wconf 82' lang='lat' dir='ltr'><strong>Spiritus</strong></span> <span class='ocrx_word' id='word_1_526' title='bbox 2976 3381 3123 3436; x_wconf 85' lang='lat' dir='ltr'><strong>illam</strong></span> <span class='ocrx_word' id='word_1_527' title='bbox 3176 3386 3468 3447; x_wconf 77' lang='lat' dir='ltr'><strong>direxerit.</strong></span> 
     </span>
    </p>
   </div>
   <div class='ocr_carea' id='block_1_76' title="bbox 1901 3460 3475 3543">
    <p class='ocr_par' dir='ltr' id='par_1_76' title="bbox 1901 3460 3475 3543">
     <span class='ocr_line' id='line_1_77' title="bbox 1901 3460 3475 3543; baseline 0.014 -28"><span class='ocrx_word' id='word_1_528' title='bbox 1901 3460 2150 3515; x_wconf 88' lang='lat' dir='ltr'><strong>Scribam</strong></span> <span class='ocrx_word' id='word_1_529' title='bbox 2221 3474 2402 3517; x_wconf 85' lang='lat' dir='ltr'><strong>autem</strong></span> <span class='ocrx_word' id='word_1_530' title='bbox 2472 3466 2736 3522; x_wconf 84' lang='lat' dir='ltr'><strong>velociter</strong></span> <span class='ocrx_word' id='word_1_531' title='bbox 2799 3471 3130 3529; x_wconf 85' lang='lat' dir='ltr'><strong>scribentem</strong></span> <span class='ocrx_word' id='word_1_532' title='bbox 3198 3464 3371 3543; x_wconf 79' lang='lat' dir='ltr'><strong>dixit,</strong></span> <span class='ocrx_word' id='word_1_533' title='bbox 3414 3493 3475 3537; x_wconf 84' lang='lat' dir='ltr'><strong>ut</strong></span> 
     </span>
    </p>
   </div>
   <div class='ocr_carea' id='block_1_77' title="bbox 1898 3552 3470 3628">
    <p class='ocr_par' dir='ltr' id='par_1_77' title="bbox 1898 3552 3470 3628">
     <span class='ocr_line' id='line_1_78' title="bbox 1898 3552 3470 3628; baseline 0.015 -24"><span class='ocrx_word' id='word_1_534' title='bbox 1898 3552 2294 3609; x_wconf 84' lang='lat' dir='ltr'><strong>enuntiationis</strong></span> <span class='ocrx_word' id='word_1_535' title='bbox 2319 3554 2637 3613; x_wconf 82' lang='lat' dir='ltr'><strong>facilitatem</strong></span> <span class='ocrx_word' id='word_1_536' title='bbox 2667 3562 3002 3619; x_wconf 87' lang='lat' dir='ltr'><strong>ostenderet.</strong></span> <span class='ocrx_word' id='word_1_537' title='bbox 3032 3565 3295 3627; x_wconf 82' lang='lat' dir='ltr'><strong>Homines</strong></span> <span class='ocrx_word' id='word_1_538' title='bbox 3323 3575 3470 3628; x_wconf 90' lang='lat' dir='ltr'><strong>enim</strong></span> 
     </span>
    </p>
   </div>
   <div class='ocr_carea' id='block_1_78' title="bbox 1899 3642 3473 3729">
    <p class='ocr_par' dir='ltr' id='par_1_78' title="bbox 1899 3642 3473 3729">
     <span class='ocr_line' id='line_1_79' title="bbox 1899 3642 3473 3729; baseline 0.015 -33"><span class='ocrx_word' id='word_1_539' title='bbox 1899 3642 1969 3696; x_wconf 91' lang='lat' dir='ltr'><strong>ob</strong></span> <span class='ocrx_word' id='word_1_540' title='bbox 2002 3645 2235 3713; x_wconf 86' lang='lat' dir='ltr'><strong>propriae</strong></span> <span class='ocrx_word' id='word_1_541' title='bbox 2274 3648 2477 3702; x_wconf 88' lang='lat' dir='ltr'><strong>mentis</strong></span> <span class='ocrx_word' id='word_1_542' title='bbox 2527 3650 2877 3719; x_wconf 86' lang='lat' dir='ltr'><strong>tenuitatem,</strong></span> <span class='ocrx_word' id='word_1_543' title='bbox 2928 3656 3015 3710; x_wconf 73' lang='lat' dir='ltr'><strong>vix</strong></span> <span class='ocrx_word' id='word_1_544' title='bbox 3047 3660 3255 3729; x_wconf 88' lang='lat' dir='ltr'><strong>pariter</strong></span> <span class='ocrx_word' id='word_1_545' title='bbox 3293 3678 3473 3719; x_wconf 83' lang='lat' dir='ltr'><strong>enun-</strong></span> 
     </span>
    </p>
   </div>
   <div class='ocr_carea' id='block_1_79' title="bbox 1899 3733 3471 3812">
    <p class='ocr_par' dir='ltr' id='par_1_79' title="bbox 1899 3733 3471 3812">
     <span class='ocr_line' id='line_1_80' title="bbox 1899 3733 3471 3812; baseline 0.014 -23"><span class='ocrx_word' id='word_1_546' title='bbox 1899 3733 2037 3791; x_wconf 89' lang='lat' dir='ltr'><strong>tiare</strong></span> <span class='ocrx_word' id='word_1_547' title='bbox 2091 3749 2325 3806; x_wconf 85' lang='lat' dir='ltr'><strong>possunt</strong></span> <span class='ocrx_word' id='word_1_548' title='bbox 2368 3747 2423 3794; x_wconf 92' lang='lat' dir='ltr'><strong>et</strong></span> <span class='ocrx_word' id='word_1_549' title='bbox 2462 3741 2728 3811; x_wconf 88' lang='lat' dir='ltr'><strong>scribere,</strong></span> <span class='ocrx_word' id='word_1_550' title='bbox 2782 3745 2911 3801; x_wconf 84' lang='lat' dir='ltr'><strong>dum</strong></span> <span class='ocrx_word' id='word_1_551' title='bbox 2955 3750 3022 3804; x_wconf 91' lang='lat' dir='ltr'><strong>ad</strong></span> <span class='ocrx_word' id='word_1_552' title='bbox 3076 3765 3339 3808; x_wconf 89' lang='lat' dir='ltr'><strong>sensuum</strong></span> <span class='ocrx_word' id='word_1_553' title='bbox 3385 3757 3471 3812; x_wconf 86' lang='lat' dir='ltr'><strong>in-</strong></span> 
     </span>
    </p>
   </div>
   <div class='ocr_carea' id='block_1_80' title="bbox 1897 3828 3470 3904">
    <p class='ocr_par' dir='ltr' id='par_1_80' title="bbox 1897 3828 3470 3904">
     <span class='ocr_line' id='line_1_81' title="bbox 1897 3828 3470 3904; baseline 0.016 -27"><span class='ocrx_word' id='word_1_554' title='bbox 1897 3828 2241 3893; x_wconf 85' lang='lat' dir='ltr'><strong>ventionem,</strong></span> <span class='ocrx_word' id='word_1_555' title='bbox 2282 3841 2335 3885; x_wconf 88' lang='lat' dir='ltr'><strong>ct</strong></span> <span class='ocrx_word' id='word_1_556' title='bbox 2383 3830 2685 3888; x_wconf 83' lang='lat' dir='ltr'><strong>dictionum</strong></span> <span class='ocrx_word' id='word_1_557' title='bbox 2750 3840 3150 3897; x_wconf 80' lang='lat' dir='ltr'><strong>connexionem</strong></span> <span class='ocrx_word' id='word_1_558' title='bbox 3205 3848 3470 3904; x_wconf 80' lang='lat' dir='ltr'><strong>attentius</strong></span> 
     </span>
    </p>
   </div>
   <div class='ocr_carea' id='block_1_81' title="bbox 1898 3921 3470 3994">
    <p class='ocr_par' dir='ltr' id='par_1_81' title="bbox 1898 3921 3470 3994">
     <span class='ocr_line' id='line_1_82' title="bbox 1898 3921 3470 3994; baseline 0.014 -22"><span class='ocrx_word' id='word_1_559' title='bbox 1898 3926 2260 3987; x_wconf 85' lang='lat' dir='ltr'><strong>occupantur.</strong></span> <span class='ocrx_word' id='word_1_560' title='bbox 2290 3921 2568 3978; x_wconf 83' lang='lat' dir='ltr'><strong>Hactenus</strong></span> <span class='ocrx_word' id='word_1_561' title='bbox 2603 3923 2827 3983; x_wconf 81' lang='lat' dir='ltr'><strong>fuerunt</strong></span> <span class='ocrx_word' id='word_1_562' title='bbox 2853 3932 3065 3986; x_wconf 76' lang='lat' dir='ltr'><strong>exordii</strong></span> <span class='ocrx_word' id='word_1_563' title='bbox 3102 3936 3289 3991; x_wconf 85' lang='lat' dir='ltr'><strong>verba.</strong></span> <span class='ocrx_word' id='word_1_564' title='bbox 3314 3938 3470 3994; x_wconf 79' lang='lat' dir='ltr'><strong>Nunc</strong></span> 
     </span>
    </p>
   </div>
   <div class='ocr_carea' id='block_1_82' title="bbox 1896 4018 3467 4100">
    <p class='ocr_par' dir='ltr' id='par_1_82' title="bbox 1896 4018 3467 4100">
     <span class='ocr_line' id='line_1_83' title="bbox 1896 4018 3467 4100; baseline 0.017 -39"><span class='ocrx_word' id='word_1_565' title='bbox 1896 4018 2077 4064; x_wconf 89' lang='lat' dir='ltr'><strong>autem</strong></span> <span class='ocrx_word' id='word_1_566' title='bbox 2109 4027 2417 4068; x_wconf 87' lang='lat' dir='ltr'><strong>sermonem</strong></span> <span class='ocrx_word' id='word_1_567' title='bbox 2469 4018 2806 4085; x_wconf 77' lang='lat' dir='ltr'><strong>aggreditur,</strong></span> <span class='ocrx_word' id='word_1_568' title='bbox 2868 4029 2921 4076; x_wconf 91' lang='lat' dir='ltr'><strong>et</strong></span> <span class='ocrx_word' id='word_1_569' title='bbox 2951 4024 3118 4080; x_wconf 85' lang='lat' dir='ltr'><strong>verba</strong></span> <span class='ocrx_word' id='word_1_570' title='bbox 3168 4028 3358 4100; x_wconf 86' lang='lat' dir='ltr'><strong>dirigit</strong></span> <span class='ocrx_word' id='word_1_571' title='bbox 3397 4034 3467 4087; x_wconf 87' lang='lat' dir='ltr'><strong>ad</strong></span> 
     </span>
    </p>
   </div>
   <div class='ocr_carea' id='block_1_83' title="bbox 1894 4101 3467 4191">
    <p class='ocr_par' dir='ltr' id='par_1_83' title="bbox 1894 4101 3467 4191">
     <span class='ocr_line' id='line_1_84' title="bbox 1894 4101 3467 4191; baseline 0.018 -36"><span class='ocrx_word' id='word_1_572' title='bbox 1894 4101 2175 4157; x_wconf 83' lang='lat' dir='ltr'><strong>Christum</strong></span> <span class='ocrx_word' id='word_1_573' title='bbox 2211 4104 2277 4159; x_wconf 89' lang='lat' dir='ltr'><strong>dc</strong></span> <span class='ocrx_word' id='word_1_574' title='bbox 2305 4109 2573 4174; x_wconf 89' lang='lat' dir='ltr'><strong>assumpti</strong></span> <span class='ocrx_word' id='word_1_575' title='bbox 2610 4108 2854 4167; x_wconf 90' lang='lat' dir='ltr'><strong>hominis</strong></span> <span class='ocrx_word' id='word_1_576' title='bbox 2880 4114 3177 4175; x_wconf 85' lang='lat' dir='ltr'><strong>virtutibus</strong></span> <span class='ocrx_word' id='word_1_577' title='bbox 3201 4119 3467 4191; x_wconf 83' lang='lat' dir='ltr'><strong>loquens.</strong></span> 
     </span>
    </p>
   </div>
   <div class='ocr_carea' id='block_1_84' title="bbox 1968 4191 3465 4275">
    <p class='ocr_par' dir='ltr' id='par_1_84' title="bbox 1968 4191 3465 4275">
     <span class='ocr_line' id='line_1_85' title="bbox 1968 4191 3465 4275; baseline 0.015 -29"><span class='ocrx_word' id='word_1_578' title='bbox 1968 4191 2134 4249; x_wconf 75' lang='lat' dir='ltr'><strong>Vrsas.</strong></span> <span class='ocrx_word' id='word_1_579' title='bbox 2166 4197 2220 4251; x_wconf 80' lang='grc'><strong>5.</strong></span> <span class='ocrx_word' id='word_1_580' title='bbox 2268 4194 2548 4262; x_wconf 85' lang='lat' dir='ltr'><strong>Speciosus</strong></span> <span class='ocrx_word' id='word_1_581' title='bbox 2601 4202 2778 4270; x_wconf 78' lang='lat' dir='ltr'><strong>[arma</strong></span> <span class='ocrx_word' id='word_1_582' title='bbox 2836 4220 2947 4275; x_wconf 76' lang='lat' dir='ltr'><strong>pne</strong></span> <span class='ocrx_word' id='word_1_583' title='bbox 2989 4208 3116 4274; x_wconf 81' lang='lat' dir='ltr'><strong>ﬁliis</strong></span> <span class='ocrx_word' id='word_1_584' title='bbox 3171 4212 3465 4269; x_wconf 83' lang='lat' dir='ltr'><strong>hominum.</strong></span> 
     </span>
    </p>
   </div>
   <div class='ocr_carea' id='block_1_85' title="bbox 1896 4287 3462 4373">
    <p class='ocr_par' dir='ltr' id='par_1_85' title="bbox 1896 4287 3462 4373">
     <span class='ocr_line' id='line_1_86' title="bbox 1896 4287 3462 4373; baseline 0.012 -33"><span class='ocrx_word' id='word_1_585' title='bbox 1896 4287 2338 4359; x_wconf 86' lang='lat' dir='ltr'><strong>Subintelligitur</strong></span> <span class='ocrx_word' id='word_1_586' title='bbox 2369 4293 2632 4359; x_wconf 87' lang='lat' dir='ltr'><strong>verbum,</strong></span> <span class='ocrx_word' id='word_1_587' title='bbox 2683 4310 2761 4350; x_wconf 85' lang='lat' dir='ltr'><strong>es.</strong></span> <span class='ocrx_word' id='word_1_588' title='bbox 2813 4297 3061 4365; x_wconf 88' lang='lat' dir='ltr'><strong>Speciem</strong></span> <span class='ocrx_word' id='word_1_589' title='bbox 3115 4317 3245 4356; x_wconf 89' lang='lat' dir='ltr'><strong>vero</strong></span> <span class='ocrx_word' id='word_1_590' title='bbox 3298 4306 3462 4373; x_wconf 84' lang='lat' dir='ltr'><strong>hanc,</strong></span> 
     </span>
    </p>
   </div>
   <div class='ocr_carea' id='block_1_86' title="bbox 1893 4377 3573 4458">
    <p class='ocr_par' dir='ltr' id='par_1_86' title="bbox 1893 4377 3573 4458">
     <span class='ocr_line' id='line_1_87' title="bbox 1893 4377 3573 4458; baseline 0.013 -25"><span class='ocrx_word' id='word_1_591' title='bbox 1893 4379 1998 4434; x_wconf 86' lang='lat' dir='ltr'><strong>hoc</strong></span> <span class='ocrx_word' id='word_1_592' title='bbox 2039 4390 2123 4435; x_wconf 88' lang='lat' dir='ltr'><strong>est</strong></span> <span class='ocrx_word' id='word_1_593' title='bbox 2173 4380 2598 4449; x_wconf 72' lang='lat' dir='ltr'><strong>formositatem,</strong></span> <span class='ocrx_word' id='word_1_594' title='bbox 2638 4401 2748 4441; x_wconf 90' lang='lat' dir='ltr'><strong>non</strong></span> <span class='ocrx_word' id='word_1_595' title='bbox 2795 4393 3065 4458; x_wconf 89' lang='lat' dir='ltr'><strong>corporis,</strong></span> <span class='ocrx_word' id='word_1_596' title='bbox 3118 4394 3214 4448; x_wconf 89' lang='lat' dir='ltr'><strong>sed</strong></span> <span class='ocrx_word' id='word_1_597' title='bbox 3264 4396 3465 4454; x_wconf 66' lang='lat' dir='ltr'><strong>anima:</strong></span> <span class='ocrx_word' id='word_1_598' title='bbox 3564 4377 3573 4387; x_wconf 51' lang='grc'><em>³</em></span> 
     </span>
    </p>
   </div>
   <div class='ocr_carea' id='block_1_87' title="bbox 1893 4470 3465 4558">
    <p class='ocr_par' dir='ltr' id='par_1_87' title="bbox 1893 4470 3465 4558">
     <span class='ocr_line' id='line_1_88' title="bbox 1893 4470 3465 4558; baseline 0.013 -34"><span class='ocrx_word' id='word_1_599' title='bbox 1893 4470 2358 4541; x_wconf 87' lang='lat' dir='ltr'><strong>pulchritudinem</strong></span> <span class='ocrx_word' id='word_1_600' title='bbox 2395 4474 2637 4546; x_wconf 86' lang='lat' dir='ltr'><strong>iutcllige</strong></span> <span class='ocrx_word' id='word_1_601' title='bbox 2665 4493 2679 4528; x_wconf 90' lang='lat'><strong>:</strong></span> <span class='ocrx_word' id='word_1_602' title='bbox 2709 4494 2874 4547; x_wconf 90' lang='lat' dir='ltr'><strong>quam</strong></span> <span class='ocrx_word' id='word_1_603' title='bbox 2934 4482 3201 4553; x_wconf 79' lang='lat' dir='ltr'><strong>integram</strong></span> <span class='ocrx_word' id='word_1_604' title='bbox 3244 4504 3465 4558; x_wconf 87' lang='lat' dir='ltr'><strong>semper</strong></span> 
     </span>
    </p>
   </div>
   <div class='ocr_carea' id='block_1_88' title="bbox 197 4561 1801 4662">
    <p class='ocr_par' dir='ltr' id='par_1_88' title="bbox 197 4561 1784 4636">
     <span class='ocr_line' id='line_1_89' title="bbox 197 4561 1784 4636; baseline 0.007 -25"><span class='ocrx_word' id='word_1_605' title='bbox 197 4576 385 4630; x_wconf 85' lang='grc' dir='ltr'>τητος.</span> <span class='ocrx_word' id='word_1_606' title='bbox 424 4561 667 4624; x_wconf 77' lang='grc' dir='ltr'>Ἡσαΐας</span> <span class='ocrx_word' id='word_1_607' title='bbox 696 4561 755 4614; x_wconf 78' lang='grc' dir='ltr'>δὲ</span> <span class='ocrx_word' id='word_1_608' title='bbox 789 4562 985 4631; x_wconf 84' lang='grc' dir='ltr'>λέγων,</span> <span class='ocrx_word' id='word_1_609' title='bbox 1015 4563 1099 4616; x_wconf 78' lang='grc' dir='ltr'>ὅτι</span> <span class='ocrx_word' id='word_1_610' title='bbox 1141 4565 1255 4619; x_wconf 76' lang='grc' dir='ltr'><strong>Καὶ</strong></span> <span class='ocrx_word' id='word_1_611' title='bbox 1307 4565 1547 4636; x_wconf 79' lang='grc' dir='ltr'>εἴδομεν</span> <span class='ocrx_word' id='word_1_612' title='bbox 1574 4569 1784 4633; x_wconf 79' lang='grc' dir='ltr'>αὐτὸν,</span> 
     </span>
    </p>
   </div>
   <div class='ocr_carea' id='block_1_89' title="bbox 1903 4561 3462 4662">
    <p class='ocr_par' dir='ltr' id='par_1_89' title="bbox 1903 4564 3462 4646">
     <span class='ocr_line' id='line_1_90' title="bbox 1903 4564 3462 4646; baseline 0.01 -26"><span class='ocrx_word' id='word_1_613' title='bbox 1903 4564 2149 4621; x_wconf 75' lang='lat' dir='ltr'><strong>Christus</strong></span> <span class='ocrx_word' id='word_1_614' title='bbox 2186 4569 2449 4630; x_wconf 75' lang='lat' dir='ltr'><strong>servavit,</strong></span> <span class='ocrx_word' id='word_1_615' title='bbox 2505 4572 2658 4627; x_wconf 90' lang='lat' dir='ltr'><strong>solus</strong></span> <span class='ocrx_word' id='word_1_616' title='bbox 2716 4588 2879 4641; x_wconf 92' lang='lat' dir='ltr'><strong>supra</strong></span> <span class='ocrx_word' id='word_1_617' title='bbox 2913 4589 3106 4631; x_wconf 90' lang='lat' dir='ltr'><strong>omnes</strong></span> <span class='ocrx_word' id='word_1_618' title='bbox 3135 4593 3462 4646; x_wconf 84' lang='lat' dir='ltr'><strong>permanens</strong></span> 
     </span>
    </p>
   </div>
   <div class='ocr_carea' id='block_1_90' title="bbox 201 4649 1801 4728">
    <p class='ocr_par' dir='ltr' id='par_1_90' title="bbox 201 4649 1786 4725">
     <span class='ocr_line' id='line_1_91' title="bbox 201 4649 1786 4725; baseline 0.003 -19"><span class='ocrx_word' id='word_1_619' title='bbox 201 4652 301 4706; x_wconf 76' lang='grc' dir='ltr'><strong>καί</strong></span> <span class='ocrx_word' id='word_1_620' title='bbox 330 4656 448 4709; x_wconf 81' lang='grc' dir='ltr'>οὐκ</span> <span class='ocrx_word' id='word_1_621' title='bbox 480 4649 655 4721; x_wconf 78' lang='grc' dir='ltr'>εἶχεν</span> <span class='ocrx_word' id='word_1_622' title='bbox 670 4651 860 4719; x_wconf 76' lang='grc' dir='ltr'>εἶδος,</span> <span class='ocrx_word' id='word_1_623' title='bbox 887 4654 1031 4708; x_wconf 81' lang='grc' dir='ltr'>οὐδὲ</span> <span class='ocrx_word' id='word_1_624' title='bbox 1057 4654 1307 4722; x_wconf 70' lang='grc' dir='ltr'>κάλλος,</span> <span class='ocrx_word' id='word_1_625' title='bbox 1340 4657 1501 4712; x_wconf 67' lang='grc' dir='ltr'><strong>ἀλλά</strong></span> <span class='ocrx_word' id='word_1_626' title='bbox 1530 4659 1594 4712; x_wconf 83' lang='grc' dir='ltr'>τὸ</span> <span class='ocrx_word' id='word_1_627' title='bbox 1624 4655 1786 4725; x_wconf 76' lang='grc' dir='ltr'>εἶδος</span> 
     </span>
    </p>
   </div>
   <div class='ocr_carea' id='block_1_91' title="bbox 1903 4649 3462 4728">
    <p class='ocr_par' dir='ltr' id='par_1_91' title="bbox 1903 4657 3462 4728">
     <span class='ocr_line' id='line_1_92' title="bbox 1903 4657 3462 4728; baseline 0.009 -14"><span class='ocrx_word' id='word_1_628' title='bbox 1903 4657 2013 4714; x_wconf 75' lang='lat' dir='ltr'><strong>sine</strong></span> <span class='ocrx_word' id='word_1_629' title='bbox 2065 4670 2315 4727; x_wconf 85' lang='lat' dir='ltr'><strong>peccato.</strong></span> <span class='ocrx_word' id='word_1_630' title='bbox 2367 4660 2535 4718; x_wconf 82' lang='lat' dir='ltr'><strong>lsaias</strong></span> <span class='ocrx_word' id='word_1_631' title='bbox 2590 4664 2736 4718; x_wconf 89' lang='lat' dir='ltr'><strong>enim</strong></span> <span class='ocrx_word' id='word_1_632' title='bbox 2773 4664 3012 4720; x_wconf 90' lang='lat' dir='ltr'><strong>dicens:</strong></span> <span class='ocrx_word' id='word_1_633' title='bbox 3052 4667 3289 4725; x_wconf 77' lang='lat' dir='ltr'><strong>Vidimus</strong></span> <span class='ocrx_word' id='word_1_634' title='bbox 3341 4689 3462 4728; x_wconf 84' lang='lat' dir='ltr'><strong>eum</strong></span> 
     </span>
    </p>
   </div>
   <div class='ocr_carea' id='block_1_92' title="bbox 198 4744 1801 4831">
    <p class='ocr_par' dir='ltr' id='par_1_92' title="bbox 198 4744 1786 4819">
     <span class='ocr_line' id='line_1_93' title="bbox 198 4744 1786 4819; baseline 0.003 -19"><span class='ocrx_word' id='word_1_635' title='bbox 198 4745 389 4800; x_wconf 77' lang='grc' dir='ltr'>αὐτοῦ</span> <span class='ocrx_word' id='word_1_636' title='bbox 436 4744 682 4814; x_wconf 77' lang='grc' dir='ltr'>ἄτιμον,</span> <span class='ocrx_word' id='word_1_637' title='bbox 742 4746 841 4799; x_wconf 81' lang='grc' dir='ltr'>καὶ</span> <span class='ocrx_word' id='word_1_638' title='bbox 883 4746 1189 4811; x_wconf 64' lang='grc' dir='ltr'>ἐκλεῖπον,</span> <span class='ocrx_word' id='word_1_639' title='bbox 1221 4750 1383 4818; x_wconf 79' lang='grc' dir='ltr'>παρὰ</span> <span class='ocrx_word' id='word_1_640' title='bbox 1426 4751 1568 4819; x_wconf 81' lang='grc' dir='ltr'>τοὺς</span> <span class='ocrx_word' id='word_1_641' title='bbox 1615 4751 1786 4817; x_wconf 85' lang='grc' dir='ltr'>υἱοὺς</span> 
     </span>
    </p>
   </div>
   <div class='ocr_carea' id='block_1_93' title="bbox 1903 4744 3459 4831">
    <p class='ocr_par' dir='ltr' id='par_1_93' title="bbox 1903 4751 3459 4831">
     <span class='ocr_line' id='line_1_94' title="bbox 1903 4751 3459 4831; baseline 0.01 -28"><span class='ocrx_word' id='word_1_642' title='bbox 1903 4766 1988 4804; x_wconf 82' lang='lat' dir='ltr'><strong>ton</strong></span> <span class='ocrx_word' id='word_1_643' title='bbox 2022 4751 2299 4805; x_wconf 81' lang='lat' dir='ltr'><strong>habentem</strong></span> <span class='ocrx_word' id='word_1_644' title='bbox 2346 4755 2592 4821; x_wconf 86' lang='lat' dir='ltr'><strong>speciem,</strong></span> <span class='ocrx_word' id='word_1_645' title='bbox 2645 4772 2808 4826; x_wconf 86' lang='lat' dir='ltr'><strong>neque</strong></span> <span class='ocrx_word' id='word_1_646' title='bbox 2838 4758 3107 4825; x_wconf 84' lang='lat' dir='ltr'><strong>decorent,</strong></span> <span class='ocrx_word' id='word_1_647' title='bbox 3135 4761 3226 4815; x_wconf 83' lang='lat' dir='ltr'><strong>sed</strong></span> <span class='ocrx_word' id='word_1_648' title='bbox 3264 4766 3459 4831; x_wconf 83' lang='lat' dir='ltr'><strong>species</strong></span> 
     </span>
    </p>
   </div>
   <div class='ocr_carea' id='block_1_94' title="bbox 199 4835 1801 4919">
    <p class='ocr_par' dir='ltr' id='par_1_94' title="bbox 199 4835 1786 4917">
     <span class='ocr_line' id='line_1_95' title="bbox 199 4835 1786 4917; baseline 0.004 -28"><span class='ocrx_word' id='word_1_649' title='bbox 199 4835 319 4890; x_wconf 77' lang='grc' dir='ltr'><strong>τῶν</strong></span> <span class='ocrx_word' id='word_1_650' title='bbox 337 4838 683 4906; x_wconf 77' lang='grc' dir='ltr'>ἀνθρώπων</span> <span class='ocrx_word' id='word_1_651' title='bbox 704 4878 720 4903; x_wconf 96' lang='grc'><strong>,</strong></span> <span class='ocrx_word' id='word_1_652' title='bbox 759 4840 890 4909; x_wconf 78' lang='grc' dir='ltr'>περὶ</span> <span class='ocrx_word' id='word_1_653' title='bbox 909 4838 1003 4892; x_wconf 89' lang='grc' dir='ltr'><strong>τοῦ</strong></span> <span class='ocrx_word' id='word_1_654' title='bbox 1032 4840 1283 4913; x_wconf 73' lang='grc' dir='ltr'>σώματος</span> <span class='ocrx_word' id='word_1_655' title='bbox 1302 4843 1474 4911; x_wconf 80' lang='grc' dir='ltr'>λέγει,</span> <span class='ocrx_word' id='word_1_656' title='bbox 1504 4842 1617 4898; x_wconf 77' lang='grc' dir='ltr'>οἷον</span> <span class='ocrx_word' id='word_1_657' title='bbox 1644 4842 1712 4917; x_wconf 83' lang='grc' dir='ltr'>ἦν</span> <span class='ocrx_word' id='word_1_658' title='bbox 1728 4847 1786 4897; x_wconf 82' lang='grc' dir='ltr'>ἐν</span> 
     </span>
    </p>
   </div>
   <div class='ocr_carea' id='block_1_95' title="bbox 1903 4835 3455 4919">
    <p class='ocr_par' dir='ltr' id='par_1_95' title="bbox 1903 4842 3455 4919">
     <span class='ocr_line' id='line_1_96' title="bbox 1903 4842 3455 4919; baseline 0.01 -24"><span class='ocrx_word' id='word_1_659' title='bbox 1903 4842 1998 4910; x_wconf 69' lang='lat' dir='ltr'><strong>tjtts</strong></span> <span class='ocrx_word' id='word_1_660' title='bbox 2022 4842 2161 4905; x_wconf 81' lang='lat' dir='ltr'><strong>vilis,</strong></span> <span class='ocrx_word' id='word_1_661' title='bbox 2181 4854 2230 4897; x_wconf 83' lang='lat' dir='ltr'><strong>et</strong></span> <span class='ocrx_word' id='word_1_662' title='bbox 2261 4843 2503 4913; x_wconf 81' lang='lat' dir='ltr'><strong>deﬁciens</strong></span> <span class='ocrx_word' id='word_1_663' title='bbox 2534 4863 2690 4914; x_wconf 82' lang='lat' dir='ltr'><strong>super</strong></span> <span class='ocrx_word' id='word_1_664' title='bbox 2730 4864 2907 4903; x_wconf 79' lang='lat' dir='ltr'><strong>omnes</strong></span> <span class='ocrx_word' id='word_1_665' title='bbox 2932 4851 3072 4919; x_wconf 74' lang='lat' dir='ltr'><strong>ﬁlios</strong></span> <span class='ocrx_word' id='word_1_666' title='bbox 3097 4853 3366 4910; x_wconf 78' lang='lat' dir='ltr'><strong>hominum</strong></span> <span class='ocrx_word' id='word_1_667' title='bbox 3387 4857 3455 4918; x_wconf 75' lang='lat'><strong>“,</strong></span> 
     </span>
    </p>
   </div>
   <div class='ocr_carea' id='block_1_96' title="bbox 195 4929 1785 5005">
    <p class='ocr_par' dir='ltr' id='par_1_96' title="bbox 195 4929 1785 5005">
     <span class='ocr_line' id='line_1_97' title="bbox 195 4929 1785 5005; baseline 0.004 -23"><span class='ocrx_word' id='word_1_668' title='bbox 195 4931 274 5000; x_wconf 82' lang='grc' dir='ltr'>τῷ</span> <span class='ocrx_word' id='word_1_669' title='bbox 305 4930 405 4984; x_wconf 89' lang='grc' dir='ltr'><strong>τοῦ</strong></span> <span class='ocrx_word' id='word_1_670' title='bbox 434 4929 653 4994; x_wconf 85' lang='grc' dir='ltr'>πάθους</span> <span class='ocrx_word' id='word_1_671' title='bbox 679 4930 857 5002; x_wconf 81' lang='grc' dir='ltr'>καιρῷ</span> <span class='ocrx_word' id='word_1_672' title='bbox 896 4932 1449 5003; x_wconf 78' lang='grc' dir='ltr'>προπηλακιζόμενον</span> <span class='ocrx_word' id='word_1_673' title='bbox 1472 4936 1567 4989; x_wconf 78' lang='grc' dir='ltr'>καὶ</span> <span class='ocrx_word' id='word_1_674' title='bbox 1592 4953 1785 5005; x_wconf 86' lang='grc' dir='ltr'>μαστι-</span> 
     </span>
    </p>
   </div>
   <div class='ocr_carea' id='block_1_97' title="bbox 198 5019 1059 5095">
    <p class='ocr_par' dir='ltr' id='par_1_97' title="bbox 198 5019 1059 5095">
     <span class='ocr_line' id='line_1_98' title="bbox 198 5019 1059 5095; baseline 0.001 -21"><span class='ocrx_word' id='word_1_675' title='bbox 198 5019 453 5091; x_wconf 78' lang='grc' dir='ltr'>ζόμενον,</span> <span class='ocrx_word' id='word_1_676' title='bbox 494 5022 595 5075; x_wconf 75' lang='grc' dir='ltr'>καὶ</span> <span class='ocrx_word' id='word_1_677' title='bbox 624 5022 795 5094; x_wconf 87' lang='grc' dir='ltr'>μυρία</span> <span class='ocrx_word' id='word_1_678' title='bbox 827 5022 1059 5095; x_wconf 84' lang='grc' dir='ltr'>πάσχον.</span> 
     </span>
    </p>
   </div>
   <div class='ocr_carea' id='block_1_98' title="bbox 1884 4934 3457 5009">
    <p class='ocr_par' dir='ltr' id='par_1_98' title="bbox 1884 4934 3457 5009">
     <span class='ocr_line' id='line_1_99' title="bbox 1884 4934 3457 5009; baseline 0.011 -21"><span class='ocrx_word' id='word_1_679' title='bbox 1884 4934 1952 4990; x_wconf 89' lang='lat' dir='ltr'><strong>de</strong></span> <span class='ocrx_word' id='word_1_680' title='bbox 1978 4949 2213 5004; x_wconf 88' lang='lat' dir='ltr'><strong>corpore</strong></span> <span class='ocrx_word' id='word_1_681' title='bbox 2239 4937 2363 5007; x_wconf 84' lang='lat' dir='ltr'><strong>ejus</strong></span> <span class='ocrx_word' id='word_1_682' title='bbox 2394 4937 2677 5007; x_wconf 89' lang='lat' dir='ltr'><strong>loquitur;</strong></span> <span class='ocrx_word' id='word_1_683' title='bbox 2707 4941 2887 5009; x_wconf 86' lang='lat' dir='ltr'><strong>qualis</strong></span> <span class='ocrx_word' id='word_1_684' title='bbox 2921 4944 3179 5000; x_wconf 86' lang='lat' dir='ltr'><strong>nimirum</strong></span> <span class='ocrx_word' id='word_1_685' title='bbox 3235 4946 3457 5006; x_wconf 77' lang='lat' dir='ltr'><strong>futurus</strong></span> 
     </span>
    </p>
   </div>
   <div class='ocr_carea' id='block_1_99' title="bbox 1882 5026 3452 5107">
    <p class='ocr_par' dir='ltr' id='par_1_99' title="bbox 1882 5026 3452 5107">
     <span class='ocr_line' id='line_1_100' title="bbox 1882 5026 3452 5107; baseline 0.011 -28"><span class='ocrx_word' id='word_1_686' title='bbox 1882 5036 2029 5081; x_wconf 83' lang='lat' dir='ltr'><strong>esset</strong></span> <span class='ocrx_word' id='word_1_687' title='bbox 2087 5026 2341 5081; x_wconf 87' lang='lat' dir='ltr'><strong>Christus</strong></span> <span class='ocrx_word' id='word_1_688' title='bbox 2377 5028 2658 5083; x_wconf 87' lang='lat' dir='ltr'><strong>Passionis</strong></span> <span class='ocrx_word' id='word_1_689' title='bbox 2711 5038 2979 5101; x_wconf 86' lang='lat' dir='ltr'><strong>tempore,</strong></span> <span class='ocrx_word' id='word_1_690' title='bbox 3044 5036 3191 5105; x_wconf 87' lang='lat' dir='ltr'><strong>quod</strong></span> <span class='ocrx_word' id='word_1_691' title='bbox 3235 5039 3452 5107; x_wconf 90' lang='lat' dir='ltr'><strong>probris</strong></span> 
     </span>
    </p>
   </div>
   <div class='ocr_carea' id='block_1_100' title="bbox 1883 5121 3454 5196">
    <p class='ocr_par' dir='ltr' id='par_1_100' title="bbox 1883 5121 3454 5196">
     <span class='ocr_line' id='line_1_101' title="bbox 1883 5121 3454 5196; baseline 0.009 -23"><span class='ocrx_word' id='word_1_692' title='bbox 1883 5121 2095 5175; x_wconf 90' lang='lat' dir='ltr'><strong>scilicet</strong></span> <span class='ocrx_word' id='word_1_693' title='bbox 2136 5135 2200 5175; x_wconf 90' lang='lat' dir='ltr'><strong>ac</strong></span> <span class='ocrx_word' id='word_1_694' title='bbox 2237 5121 2412 5191; x_wconf 84' lang='lat' dir='ltr'><strong>plagis</strong></span> <span class='ocrx_word' id='word_1_695' title='bbox 2448 5123 2772 5179; x_wconf 88' lang='lat' dir='ltr'><strong>atliciendus</strong></span> <span class='ocrx_word' id='word_1_696' title='bbox 2810 5134 2864 5179; x_wconf 91' lang='lat' dir='ltr'><strong>et</strong></span> <span class='ocrx_word' id='word_1_697' title='bbox 2899 5127 3225 5196; x_wconf 84' lang='lat' dir='ltr'><strong>ignominias</strong></span> <span class='ocrx_word' id='word_1_698' title='bbox 3252 5135 3454 5187; x_wconf 84' lang='lat' dir='ltr'><strong>multas</strong></span> 
     </span>
    </p>
   </div>
   <div class='ocr_carea' id='block_1_101' title="bbox 1877 5227 2164 5282">
    <p class='ocr_par' dir='ltr' id='par_1_101' title="bbox 1877 5227 2164 5282">
     <span class='ocr_line' id='line_1_102' title="bbox 1877 5227 2164 5282; baseline 0 -17"><span class='ocrx_word' id='word_1_699' title='bbox 1877 5227 2164 5282; x_wconf 86' lang='lat' dir='ltr'><strong>passurus.</strong></span> 
     </span>
    </p>
   </div>
   <div class='ocr_carea' id='block_1_102' title="bbox 273 5292 1801 5383">
    <p class='ocr_par' dir='ltr' id='par_1_102' title="bbox 273 5292 1782 5368">
     <span class='ocr_line' id='line_1_103' title="bbox 273 5292 1782 5368; baseline 0.004 -22"><span class='ocrx_word' id='word_1_700' title='bbox 273 5292 582 5362; x_wconf 78' lang='grc' dir='ltr'><strong>Ἐξεχύθη</strong></span> <span class='ocrx_word' id='word_1_701' title='bbox 617 5292 657 5361; x_wconf 82' lang='grc' dir='ltr'><strong><em>ἠ</em></strong></span> <span class='ocrx_word' id='word_1_702' title='bbox 694 5293 865 5361; x_wconf 79' lang='grc' dir='ltr'>χάρις</span> <span class='ocrx_word' id='word_1_703' title='bbox 892 5294 963 5348; x_wconf 78' lang='grc' dir='ltr'><strong>ἐν</strong></span> <span class='ocrx_word' id='word_1_704' title='bbox 993 5296 1231 5363; x_wconf 77' lang='grc' dir='ltr'>χείλεσί</span> <span class='ocrx_word' id='word_1_705' title='bbox 1260 5312 1400 5352; x_wconf 86' lang='grc' dir='ltr'>σου.</span> <span class='ocrx_word' id='word_1_706' title='bbox 1442 5298 1612 5368; x_wconf 69' lang='grc' dir='ltr'>Φησὶν</span> <span class='ocrx_word' id='word_1_707' title='bbox 1637 5299 1665 5350; x_wconf 87' lang='grc' dir='ltr'><strong>δ</strong></span> <span class='ocrx_word' id='word_1_708' title='bbox 1691 5300 1782 5352; x_wconf 85' lang='grc' dir='ltr'><strong>εὐ-</strong></span> 
     </span>
    </p>
   </div>
   <div class='ocr_carea' id='block_1_103' title="bbox 1903 5292 3446 5383">
    <p class='ocr_par' dir='ltr' id='par_1_103' title="bbox 1949 5304 3446 5383">
     <span class='ocr_line' id='line_1_104' title="bbox 1949 5304 3446 5383; baseline 0.009 -26"><span class='ocrx_word' id='word_1_709' title='bbox 1949 5304 2155 5373; x_wconf 74' lang='lat' dir='ltr'><strong>Diﬂ&#39;usa</strong></span> <span class='ocrx_word' id='word_1_710' title='bbox 2178 5314 2250 5358; x_wconf 85' lang='lat' dir='ltr'><strong>est</strong></span> <span class='ocrx_word' id='word_1_711' title='bbox 2273 5307 2451 5375; x_wconf 81' lang='lat' dir='ltr'><strong>gratia</strong></span> <span class='ocrx_word' id='word_1_712' title='bbox 2478 5307 2531 5358; x_wconf 81' lang='lat' dir='ltr'><strong>in</strong></span> <span class='ocrx_word' id='word_1_713' title='bbox 2571 5306 2729 5360; x_wconf 81' lang='lat' dir='ltr'><strong>labiis</strong></span> <span class='ocrx_word' id='word_1_714' title='bbox 2765 5309 2893 5363; x_wconf 80' lang='lat' dir='ltr'><strong>tuis.</strong></span> <span class='ocrx_word' id='word_1_715' title='bbox 2924 5310 3268 5383; x_wconf 83' lang='lat' dir='ltr'><strong>Evangelista</strong></span> <span class='ocrx_word' id='word_1_716' title='bbox 3302 5319 3446 5371; x_wconf 88' lang='lat' dir='ltr'><strong>enim</strong></span> 
     </span>
    </p>
   </div>
   <div class='ocr_carea' id='block_1_104' title="bbox 194 5385 1801 5476">
    <p class='ocr_par' dir='ltr' id='par_1_104' title="bbox 194 5385 1777 5463">
     <span class='ocr_line' id='line_1_105' title="bbox 194 5385 1777 5463; baseline -0.003 -23"><span class='ocrx_word' id='word_1_717' title='bbox 194 5387 539 5457; x_wconf 80' lang='grc' dir='ltr'>αγγελιστὴς</span> <span class='ocrx_word' id='word_1_718' title='bbox 568 5426 583 5450; x_wconf 92' lang='grc'><strong>,</strong></span> <span class='ocrx_word' id='word_1_719' title='bbox 616 5386 700 5439; x_wconf 84' lang='grc' dir='ltr'><strong>δτι</strong></span> <span class='ocrx_word' id='word_1_720' title='bbox 729 5385 1039 5457; x_wconf 68' lang='grc' dir='ltr'>ἐθαύμαζον</span> <span class='ocrx_word' id='word_1_721' title='bbox 1078 5389 1172 5440; x_wconf 78' lang='grc' dir='ltr'><strong>ἐπὶ</strong></span> <span class='ocrx_word' id='word_1_722' title='bbox 1201 5391 1313 5452; x_wconf 80' lang='grc' dir='ltr'>τοῖς</span> <span class='ocrx_word' id='word_1_723' title='bbox 1343 5389 1523 5457; x_wconf 82' lang='grc' dir='ltr'>λόγοις</span> <span class='ocrx_word' id='word_1_724' title='bbox 1545 5392 1643 5463; x_wconf 81' lang='grc' dir='ltr'><strong>τῆς</strong></span> <span class='ocrx_word' id='word_1_725' title='bbox 1677 5392 1777 5461; x_wconf 83' lang='grc' dir='ltr'><strong>χά.</strong></span> 
     </span>
    </p>
   </div>
   <div class='ocr_carea' id='block_1_105' title="bbox 1903 5385 3450 5476">
    <p class='ocr_par' dir='ltr' id='par_1_105' title="bbox 1903 5394 3450 5476">
     <span class='ocr_line' id='line_1_106' title="bbox 1903 5394 3450 5476; baseline 0.01 -29"><span class='ocrx_word' id='word_1_726' title='bbox 1903 5396 1951 5448; x_wconf 58' lang='grc' dir='ltr'>ηἰι</span> <span class='ocrx_word' id='word_1_727' title='bbox 1986 5394 2133 5465; x_wconf 86' lang='lat' dir='ltr'><strong>quod</strong></span> <span class='ocrx_word' id='word_1_728' title='bbox 2171 5396 2518 5452; x_wconf 89' lang='lat' dir='ltr'><strong>mirabantur</strong></span> <span class='ocrx_word' id='word_1_729' title='bbox 2544 5400 2719 5453; x_wconf 66' lang='lat' dir='ltr'><strong>turbae</strong></span> <span class='ocrx_word' id='word_1_730' title='bbox 2748 5400 2791 5430; x_wconf 74' lang='lat'><em>“</em></span> <span class='ocrx_word' id='word_1_731' title='bbox 2835 5417 3002 5470; x_wconf 90' lang='lat' dir='ltr'><strong>super</strong></span> <span class='ocrx_word' id='word_1_732' title='bbox 3034 5406 3211 5459; x_wconf 84' lang='lat' dir='ltr'><strong>verbis</strong></span> <span class='ocrx_word' id='word_1_733' title='bbox 3261 5408 3450 5476; x_wconf 68' lang='lat' dir='ltr'><strong>gratia:</strong></span> 
     </span>
    </p>
   </div>
   <div class='ocr_carea' id='block_1_106' title="bbox 192 5477 1801 5565">
    <p class='ocr_par' dir='ltr' id='par_1_106' title="bbox 192 5477 1771 5551">
     <span class='ocr_line' id='line_1_107' title="bbox 192 5477 1771 5551; baseline 0.003 -21"><span class='ocrx_word' id='word_1_734' title='bbox 192 5493 362 5547; x_wconf 81' lang='grc' dir='ltr'>ριτος,</span> <span class='ocrx_word' id='word_1_735' title='bbox 394 5481 519 5539; x_wconf 78' lang='grc' dir='ltr'>τοῖς</span> <span class='ocrx_word' id='word_1_736' title='bbox 548 5477 1013 5547; x_wconf 69' lang='grc' dir='ltr'>ἐκπορευομένοις</span> <span class='ocrx_word' id='word_1_737' title='bbox 1058 5478 1149 5532; x_wconf 81' lang='grc' dir='ltr'>διὰ</span> <span class='ocrx_word' id='word_1_738' title='bbox 1193 5480 1458 5548; x_wconf 80' lang='grc' dir='ltr'>στόματος</span> <span class='ocrx_word' id='word_1_739' title='bbox 1491 5483 1730 5551; x_wconf 83' lang='grc' dir='ltr'>Χριστοῦ</span> <span class='ocrx_word' id='word_1_740' title='bbox 1757 5498 1771 5514; x_wconf 86' lang='grc'>·</span> 
     </span>
    </p>
   </div>
   <div class='ocr_carea' id='block_1_107' title="bbox 1903 5477 3449 5565">
    <p class='ocr_par' dir='ltr' id='par_1_107' title="bbox 1903 5486 3449 5565">
     <span class='ocr_line' id='line_1_108' title="bbox 1903 5486 3449 5565; baseline 0.008 -24"><span class='ocrx_word' id='word_1_741' title='bbox 1903 5502 1998 5556; x_wconf 63' lang='lat' dir='ltr'><strong>luo:</strong></span> <span class='ocrx_word' id='word_1_742' title='bbox 2017 5486 2243 5541; x_wconf 81' lang='lat' dir='ltr'><strong>exibant</strong></span> <span class='ocrx_word' id='word_1_743' title='bbox 2272 5489 2339 5541; x_wconf 90' lang='lat' dir='ltr'><strong>de</strong></span> <span class='ocrx_word' id='word_1_744' title='bbox 2368 5503 2463 5543; x_wconf 90' lang='lat' dir='ltr'><strong>ore</strong></span> <span class='ocrx_word' id='word_1_745' title='bbox 2482 5490 2627 5561; x_wconf 86' lang='lat' dir='ltr'><strong>ejus.</strong></span> <span class='ocrx_word' id='word_1_746' title='bbox 2652 5490 2950 5549; x_wconf 87' lang='lat' dir='ltr'><strong>Possumus</strong></span> <span class='ocrx_word' id='word_1_747' title='bbox 2981 5496 3150 5550; x_wconf 86' lang='lat' dir='ltr'><strong>etiam</strong></span> <span class='ocrx_word' id='word_1_748' title='bbox 3179 5512 3275 5565; x_wconf 91' lang='lat' dir='ltr'><strong>per</strong></span> <span class='ocrx_word' id='word_1_749' title='bbox 3304 5498 3449 5553; x_wconf 82' lang='lat' dir='ltr'><strong>labia</strong></span> 
     </span>
    </p>
   </div>
   <div class='ocr_carea' id='block_1_108' title="bbox 188 5567 1801 5655">
    <p class='ocr_par' dir='ltr' id='par_1_108' title="bbox 188 5567 1769 5640">
     <span class='ocr_line' id='line_1_109' title="bbox 188 5567 1769 5640; baseline 0.002 -16"><span class='ocrx_word' id='word_1_750' title='bbox 188 5567 440 5624; x_wconf 68' lang='grc' dir='ltr'>ιοοῦνται</span> <span class='ocrx_word' id='word_1_751' title='bbox 499 5569 561 5621; x_wconf 74' lang='grc' dir='ltr'>δὲ</span> <span class='ocrx_word' id='word_1_752' title='bbox 600 5569 751 5639; x_wconf 76' lang='grc' dir='ltr'>χείλη</span> <span class='ocrx_word' id='word_1_753' title='bbox 783 5569 1048 5639; x_wconf 79' lang='grc' dir='ltr'>Χριστοῦ,</span> <span class='ocrx_word' id='word_1_754' title='bbox 1108 5570 1207 5624; x_wconf 79' lang='grc' dir='ltr'>καὶ</span> <span class='ocrx_word' id='word_1_755' title='bbox 1250 5572 1299 5624; x_wconf 79' lang='grc' dir='ltr'>οἱ</span> <span class='ocrx_word' id='word_1_756' title='bbox 1334 5573 1651 5640; x_wconf 79' lang='grc' dir='ltr'>ἀπόστολοι,</span> <span class='ocrx_word' id='word_1_757' title='bbox 1690 5578 1769 5639; x_wconf 82' lang='grc' dir='ltr'><strong>είς</strong></span> 
     </span>
    </p>
   </div>
   <div class='ocr_carea' id='block_1_109' title="bbox 1903 5567 3446 5655">
    <p class='ocr_par' dir='ltr' id='par_1_109' title="bbox 1903 5576 3446 5655">
     <span class='ocr_line' id='line_1_110' title="bbox 1903 5576 3446 5655; baseline 0.009 -27"><span class='ocrx_word' id='word_1_758' title='bbox 1903 5576 2000 5644; x_wconf 62' lang='grc' dir='ltr'>’,ἱιιε</span> <span class='ocrx_word' id='word_1_759' title='bbox 2050 5585 2270 5632; x_wconf 84' lang='lat' dir='ltr'><strong>sanctos</strong></span> <span class='ocrx_word' id='word_1_760' title='bbox 2305 5580 2584 5646; x_wconf 88' lang='lat' dir='ltr'><strong>apostolos</strong></span> <span class='ocrx_word' id='word_1_761' title='bbox 2645 5582 2994 5652; x_wconf 81' lang='lat' dir='ltr'><strong>intelligere:</strong></span> <span class='ocrx_word' id='word_1_762' title='bbox 3030 5585 3084 5638; x_wconf 92' lang='lat' dir='ltr'><strong>in</strong></span> <span class='ocrx_word' id='word_1_763' title='bbox 3126 5601 3266 5655; x_wconf 87' lang='lat' dir='ltr'><strong>quos</strong></span> <span class='ocrx_word' id='word_1_764' title='bbox 3307 5588 3446 5641; x_wconf 88' lang='lat' dir='ltr'><strong>adeo</strong></span> 
     </span>
    </p>
   </div>
   <div class='ocr_carea' id='block_1_110' title="bbox 184 5656 1801 5748">
    <p class='ocr_par' dir='ltr' id='par_1_110' title="bbox 184 5656 1766 5737">
     <span class='ocr_line' id='line_1_111' title="bbox 184 5656 1766 5737; baseline 0.004 -25"><span class='ocrx_word' id='word_1_765' title='bbox 184 5656 275 5720; x_wconf 67' lang='lat' dir='ltr'><strong>ob;</strong></span> <span class='ocrx_word' id='word_1_766' title='bbox 301 5657 550 5729; x_wconf 74' lang='grc' dir='ltr'>ἐξεχύθη</span> <span class='ocrx_word' id='word_1_767' title='bbox 577 5658 814 5729; x_wconf 79' lang='grc' dir='ltr'>δαψιλῶς</span> <span class='ocrx_word' id='word_1_768' title='bbox 838 5661 871 5731; x_wconf 77' lang='grc' dir='ltr'>ἡ</span> <span class='ocrx_word' id='word_1_769' title='bbox 910 5661 1067 5729; x_wconf 74' lang='grc' dir='ltr'>χάρις</span> <span class='ocrx_word' id='word_1_770' title='bbox 1096 5661 1190 5714; x_wconf 90' lang='grc' dir='ltr'><strong>τοῦ</strong></span> <span class='ocrx_word' id='word_1_771' title='bbox 1221 5662 1377 5731; x_wconf 85' lang='grc' dir='ltr'>ἁγίου</span> <span class='ocrx_word' id='word_1_772' title='bbox 1410 5664 1728 5737; x_wconf 78' lang='grc' dir='ltr'>Πνεύματος</span> <span class='ocrx_word' id='word_1_773' title='bbox 1753 5683 1766 5697; x_wconf 80' lang='grc'><em>’</em></span> 
     </span>
    </p>
   </div>
   <div class='ocr_carea' id='block_1_111' title="bbox 1903 5656 3445 5748">
    <p class='ocr_par' dir='ltr' id='par_1_111' title="bbox 1903 5670 3445 5748">
     <span class='ocr_line' id='line_1_112' title="bbox 1903 5670 3445 5748; baseline 0.008 -26"><span class='ocrx_word' id='word_1_774' title='bbox 1903 5670 2097 5726; x_wconf 64' lang='grc' dir='ltr'>ιυυηᾱο</span> <span class='ocrx_word' id='word_1_775' title='bbox 2117 5672 2291 5725; x_wconf 88' lang='lat' dir='ltr'><strong>sancti</strong></span> <span class='ocrx_word' id='word_1_776' title='bbox 2324 5670 2565 5742; x_wconf 89' lang='lat' dir='ltr'><strong>Spiritus</strong></span> <span class='ocrx_word' id='word_1_777' title='bbox 2589 5676 2761 5745; x_wconf 85' lang='lat' dir='ltr'><strong>gratia</strong></span> <span class='ocrx_word' id='word_1_778' title='bbox 2792 5676 2963 5733; x_wconf 81' lang='lat' dir='ltr'><strong>eﬂ&#39;usa</strong></span> <span class='ocrx_word' id='word_1_779' title='bbox 2987 5687 3093 5743; x_wconf 84' lang='lat' dir='ltr'><strong>est,</strong></span> <span class='ocrx_word' id='word_1_780' title='bbox 3120 5688 3177 5733; x_wconf 92' lang='lat' dir='ltr'><strong>ut</strong></span> <span class='ocrx_word' id='word_1_781' title='bbox 3208 5693 3303 5748; x_wconf 83' lang='lat' dir='ltr'><strong>per</strong></span> <span class='ocrx_word' id='word_1_782' title='bbox 3323 5694 3445 5735; x_wconf 84' lang='lat' dir='ltr'><strong>eam</strong></span> 
     </span>
    </p>
   </div>
   <div class='ocr_carea' id='block_1_112' title="bbox 253 5840 1823 5916">
    <p class='ocr_par' dir='ltr' id='par_1_112' title="bbox 253 5840 1823 5916">
     <span class='ocr_line' id='line_1_113' title="bbox 253 5840 1823 5916; baseline 0.006 -22"><span class='ocrx_word' id='word_1_783' title='bbox 253 5840 299 5875; x_wconf 78' lang='grc'><strong><em>³⁸</em></strong></span> <span class='ocrx_word' id='word_1_784' title='bbox 325 5840 529 5896; x_wconf 76' lang='lat' dir='ltr'><strong>Matth.</strong></span> <span class='ocrx_word' id='word_1_785' title='bbox 560 5856 642 5908; x_wconf 91' lang='lat' dir='ltr'><strong>ttt,</strong></span> <span class='ocrx_word' id='word_1_786' title='bbox 667 5842 754 5897; x_wconf 80' lang='grc' dir='ltr'><strong>Π.</strong></span> <span class='ocrx_word' id='word_1_787' title='bbox 832 5843 878 5876; x_wconf 65' lang='grc'><strong>⁸⁸</strong></span> <span class='ocrx_word' id='word_1_788' title='bbox 905 5845 1007 5900; x_wconf 82' lang='lat' dir='ltr'><strong>lsa.</strong></span> <span class='ocrx_word' id='word_1_789' title='bbox 1033 5848 1228 5915; x_wconf 76' lang='lat' dir='ltr'><strong>Lttt,2,</strong></span> <span class='ocrx_word' id='word_1_790' title='bbox 1251 5851 1308 5906; x_wconf 81' lang='grc'><strong>5.</strong></span> <span class='ocrx_word' id='word_1_791' title='bbox 1384 5850 1427 5883; x_wconf 72' lang='grc'><strong>⁸¹</strong></span> <span class='ocrx_word' id='word_1_792' title='bbox 1458 5848 1592 5905; x_wconf 88' lang='lat' dir='ltr'><strong>Luc.</strong></span> <span class='ocrx_word' id='word_1_793' title='bbox 1620 5864 1694 5916; x_wconf 89' lang='lat' dir='ltr'><strong>tv,</strong></span> <span class='ocrx_word' id='word_1_794' title='bbox 1731 5849 1823 5904; x_wconf 70' lang='lat'><strong>22.</strong></span> 
     </span>
    </p>
   </div>
   <div class='ocr_carea' id='block_1_113' title="bbox 518 5936 1801 6014">
    <p class='ocr_par' dir='ltr' id='par_1_113' title="bbox 518 5936 1332 6006">
     <span class='ocr_line' id='line_1_114' title="bbox 518 5936 1332 6006; baseline 0.009 -9"><span class='ocrx_word' id='word_1_795' title='bbox 518 5936 795 6001; x_wconf 79' lang='grc' dir='ltr'>ΡΑτιιοι.</span> <span class='ocrx_word' id='word_1_796' title='bbox 842 5938 962 6001; x_wconf 79' lang='lat' dir='ltr'><strong>GR.</strong></span> <span class='ocrx_word' id='word_1_797' title='bbox 1015 5941 1332 6006; x_wconf 82' lang='lat' dir='ltr'><strong>CXXVlII.</strong></span> 
     </span>
    </p>
   </div>
   <div class='ocr_carea' id='block_1_114' title="bbox 1903 5936 2991 6014">
    <p class='ocr_par' dir='ltr' id='par_1_114' title="bbox 2924 5949 2991 6014">
     <span class='ocr_line' id='line_1_115' title="bbox 2924 5949 2991 6014; baseline -0.03 0"><span class='ocrx_word' id='word_1_798' title='bbox 2924 5949 2991 6014; x_wconf 82' lang='grc'><strong>16</strong></span> 
     </span>
    </p>
   </div>
  </div>
