4036 6262
531 397 638 460 495

1759 350 2144 462 EiJTHYMll
2203 400 2572 463 ZiGABENI

3688 409 3780 476 496

517 511 578 568 ei
628 511 722 580 qui
772 509 1088 575 universum
1132 511 1318 566 orbem
1362 511 1713 583 iudicaturus
1762 515 1857 570 sit.
1902 512 2090 570 Deinde

2215 518 2401 586 κρῖναι
2433 517 2712 588 μέλλοντι.
2767 514 2904 576 Εἶτα
2951 519 3117 578 πάλιν
3167 522 3304 595 πρὸς
3357 524 3417 579 sb
3461 524 3779 598 πρόσλημμα

527 618 724 660 rursus
758 601 826 657 ad
879 613 1220 674 assumptum
1272 605 1549 661 hominem
1597 620 1907 661 sermonem
1950 621 2112 662 suum

531 697 729 750 iterum
762 697 1059 762 convertit,
1087 696 1279 752 dicens
1312 714 1327 752 :

601 789 891 859 Propterea
925 791 1074 843 unxit
1096 800 1143 846 te
1182 789 1346 857 Deus,
1382 788 1522 847 Deus
1563 802 1684 846 tuus
1725 793 1838 847 oleo
1871 793 2113 848 exsulta-

528 887 688 939 tionis
720 899 832 952 pne
867 883 1211 951 participibus
1243 885 1368 940 tuis.
1411 883 1742 956 Participes,
1770 886 1806 941 ii
1847 882 2112 941 dicuntur

523 982 620 1050 qui
660 982 803 1033 inter
829 993 889 1032 se
921 977 974 1032 in
1011 977 1195 1048 aliquo
1227 979 1657 1047 communicant,
1698 981 1805 1035 hoc
1833 989 1941 1048 est,
1983 981 2110 1049 qui-

524 1074 628 1126 bus
657 1070 860 1140 aliquid
888 1084 1182 1126 commune
1207 1080 1310 1126 est.
1346 1070 1569 1128 Christo
1597 1083 1780 1127 autem
1826 1074 1882 1127 in
1931 1073 2110 1128 nomi-

521 1183 593 1220 ne
650 1180 807 1235 reges
864 1179 1056 1219 omnes
1130 1166 1541 1220 communicant
1618 1184 1634 1222 :
1691 1167 1820 1237 quia
1910 1167 2107 1224 christi

521 1275 740 1325 omnes,
761 1258 822 1313 id
848 1266 958 1320 est,
983 1257 1137 1313 uncti
1167 1257 1534 1328 appellantur,
1553 1273 1618 1314 eo
1642 1261 1786 1328 quod
1808 1261 1931 1316 oleo
1955 1261 2107 1316 uncti

521 1355 656 1409 siut.
709 1349 1068 1422 Ungcbantur
1122 1351 1271 1406 enim
1320 1351 1450 1406 olim
1511 1367 1690 1424 reges,
1738 1369 1927 1410 verum
1981 1354 2106 1410 illos

517 1448 743 1520 quidem
778 1448 1057 1518 prophetae
1103 1447 1194 1502 viii
1232 1445 1359 1514 hoc,
1402 1457 1568 1517 atque
1613 1448 1818 1504 usitato
1847 1449 1970 1503 oleo
2001 1465 2106 1504 uu-

519 1545 744 1612 gebant,
798 1542 850 1594 in
889 1539 1044 1611 regni
1087 1539 1353 1610 signum:
1387 1549 1441 1594 te
1481 1553 1636 1606 vero,
1699 1541 1894 1612 inquit,
1947 1542 2106 1612 longe

512 1640 677 1692 aliter
709 1676 726 1702 ,
785 1643 951 1704 atque
1007 1634 1085 1688 illi
1136 1634 1584 1704 inungebantur.
1639 1635 1785 1692 Deus
1834 1638 1992 1692 unxit
2049 1639 2101 1691 in

515 1745 721 1802 regem.
771 1727 928 1806 Unde
969 1727 1099 1782 alibi
1134 1728 1202 1784 de
1238 1726 1464 1783 Christo
1501 1729 1773 1798 scriptum
1816 1729 2052 1801 legimus
2085 1747 2098 1784 :

513 1823 628 1893 Ego
688 1830 864 1876 autem
924 1819 1244 1873 constitutus
1311 1834 1427 1872 sum
1480 1817 1594 1873 Rea:
1663 1819 1730 1874 ab
1792 1837 1853 1877 eo
1885 1821 1951 1876 “'.
1982 1821 2100 1876 Non

512 1914 858 1985 huiusmodi,
894 1912 1096 1982 inquit.
1147 1921 1208 1966 tu
1272 1912 1396 1967 oleo
1455 1920 1654 1969 unctus
1693 1928 1778 1980 es,
1834 1913 1931 1970 sed
1975 1915 2098 1970 oleo

497 2004 928 2063 exsultationis.
977 2001 1450 2071 Quemadmodum
1495 2017 1627 2058 vero
1679 2018 1804 2058 cum
1853 2005 2096 2076 gladium

509 2099 607 2153 Dei
641 2107 695 2153 et
724 2111 942 2160 arcum,
972 2103 1027 2150 et
1060 2092 1291 2164 sagittas
1323 2091 1588 2158 dicimus,
1612 2101 1705 2148 aut
1736 2093 1865 2163 quid
1895 2093 2097 2159 simile,

509 2208 575 2248 ea
606 2207 711 2247 non
759 2190 1020 2252 demisse,
1073 2197 1170 2241 aut
1217 2189 1461 2241 humano
1509 2185 1697 2255 aliquo
1747 2201 1897 2242 more
1927 2186 2096 2240 intel-

509 2285 750 2355 ligimus,
804 2281 900 2336 sed
952 2281 1194 2337 divinam
1257 2278 1552 2348 quamdam
1608 2281 1738 2343 vim,
1784 2288 1949 2348 atque
1979 2277 2094 2333 em-

505 2381 718 2433 caciani
775 2390 870 2445 per
908 2389 972 2430 ea
1026 2368 1443 2441 signiﬁcamus,
1494 2370 1570 2424 ita
1615 2377 1670 2423 et
1707 2383 1804 2439 per
1845 2368 1951 2424 olei
2001 2386 2104 2424 uno

2218 612 2456 665 ποιεῖται
2493 611 2587 666 τὸν
2619 612 2797 682 λόγον.

2286 789 2392 845 Διά
2420 788 2600 847 τοῦτο
2626 791 2834 863 ἔχρισέ
2855 811 2931 850 σε
2957 798 2992 851 d
3017 797 3162 865 Θεός
3197 814 3336 863 σου,
3368 800 3577 855 ἔλαιον
3616 801 3783 870 ἀγαι-

2211 882 2495 950 λιάσεως,
2523 885 2685 954 παρὰ
2721 888 2862 956 τοὺς
2879 892 3182 961 μετόχους
3217 907 3359 949 σου.
3393 894 3625 967 Μέτοχοί
3656 898 3782 950 εἰσιν

2211 975 2262 1029 οι
2294 978 2569 1032 κοινωνοί.
2611 980 2949 1036 Κοινωνοῦσι
2992 983 3050 1038 δὲ
3082 984 3162 1056 τῷ
3185 987 3394 1058 χριστῷ
3427 988 3521 1042 τοῦ
3552 990 3780 1044 τοιούτου

2211 1067 2481 1139 ὀνόματος
2515 1071 2726 1138 πάντες
2750 1074 2801 1128 οἱ
2828 1074 3098 1145 βασιλεῖς,
3153 1082 3368 1149 χριστοὶ
3396 1083 3493 1135 καὶ
3521 1078 3665 1137 οὗτοι
3692 1103 3785 1136 κα-

2209 1159 2490 1233 λούμενοι,
2520 1165 2674 1237 παρὰ
2701 1167 2763 1220 τὺ
2790 1168 3046 1240 χρίεσθαι
3065 1188 3078 1201 ·
3099 1171 3217 1224 ἀλλ’
3252 1173 3499 1238 ἐκείνους
3535 1175 3636 1244 μὲν
3659 1192 3783 1244 προ-

2210 1255 2381 1324 φῆται
2420 1255 2607 1330 ἔχριον
2665 1259 2729 1313 τδ
2789 1259 2975 1315 ἔλαιον
3010 1265 3308 1317 σκευαστὸν
3375 1268 3455 1329 εἰς
3519 1265 3784 1336 βασιλείας

2211 1346 2485 1417 σύμϐολον
2507 1365 2520 1377 ·
2548 1348 2608 1403 σε
2636 1349 2693 1403 δὲ
2720 1352 2928 1421 τρόπον
2958 1349 3148 1423 ἕτερον
3196 1352 3330 1424 παρ’
3380 1355 3579 1418 αὐτοὺς
3607 1357 3637 1407 6
3663 1355 3783 1415 Θεὸς

2209 1439 2452 1512 ἔχρισεν,
2476 1442 2552 1507 ὡς
2586 1442 2842 1514 βασιλέα.
2893 1445 3039 1516 Ἐγὼ
3066 1446 3156 1512 δὲ,
3205 1447 3363 1518 φησὶ,
3417 1447 3786 1517 κατεστάθη

2200 1534 2511 1601 ,βασιλεὺς
2532 1535 2987 1603 ὑπἀὐτοῦ,καὶ
3023 1538 3086 1592 ού
3140 1538 3388 1593 τοιοῦτον
3423 1538 3627 1606 ἔλαιον,
3660 1540 3786 1594 ἀλλὰ

2205 1629 2414 1697 κρίσιν
2446 1629 2891 1698 ἀγαλλιάσεως.
2923 1631 3138 1702 Ὠσπερ
3169 1630 3265 1686 οὖν
3320 1632 3601 1704 ῥομφαίαν
3657 1631 3784 1685 Θεοῦ

2205 1720 2304 1774 καὶ
2335 1720 2466 1787 τόξα
2498 1721 2594 1775 καὶ
2647 1721 2778 1794 βέλη
2855 1724 3177 1791 ἀκούοντες,
3225 1724 3280 1778 ετ
3326 1742 3379 1780 τι
3423 1725 3687 1788 τοιοῦτον,
3729 1727 3784 1778 ού

2204 1814 2376 1868 ταῦτα
2415 1814 2529 1887 (58)
2564 1817 2892 1886 παχυμερὲς
2943 1815 3196 1891 νοοῦμεν,
3264 1818 3400 1874 ἀλλά
3445 1819 3544 1891 τὴν
3589 1819 3789 1874 τούτων

2134 1888 2178 1948 Β
2206 1907 2518 1977 ἐνέργειαν,
2547 1906 2692 1961 οὕτω
2723 1909 2821 1962 καὶ
2849 1908 3032 1964 ἔλαιον
3059 1888 3180 1977 νῦν,
3221 1911 3321 1983 τὴν
3347 1888 3531 1984 χρισιν
3569 1910 3790 1983 νομίζο-

2203 2016 2329 2069 μεν.
2357 1997 2558 2069 Χρίσις
2619 1998 2678 2052 δὲ
2725 1999 3130 2069 ἀγαλλιάσεως,
3196 2005 3231 2074 ἠ
3296 2003 3649 2075 ἐπιφοίτησις
3698 2001 3790 2059 τοῦ

2197 2093 2362 2162 ἁγίου
2398 2093 2727 2165 Πνεύματος
2769 2109 2786 2127 ο
2841 2096 3140 2168 χαροποιὺν
3168 2098 3227 2152 δὲ
3255 2097 3318 2151 τὸ
3345 2099 3508 2168 ἅγιον
3537 2099 3789 2170 Πνεῦμα.

2201 2185 2448 2240 Καθόλου
2475 2185 2533 2239 δὲ
2587 2187 2622 2259 ἡ
2652 2187 2862 2259 χρίσις,
2895 2189 2978 2243 ὅτι
3007 2190 3104 2244 καὶ
3129 2191 3249 2244 ὅλον
3287 2179 3397 2264 ὅλῳ
3444 2189 3644 2264 συνῆν,
3701 2191 3792 2247 καὶ

2197 2278 2301 2332 οὐκ
2337 2281 2401 2332 ἐκ
2431 2279 2662 2351 μερικοῦ
2689 2279 3058 2352 χαρίσματος.
3085 2283 3160 2348 ὡς
3190 2284 3282 2339 ἐπὶ
3317 2286 3426 2340 τῶν
3483 2303 3795 2358 πνευματο-

2213 2372 2398 2443 φόρων
2427 2372 2642 2445 ἀνδρῶν
2670 2391 2686 2405 ο
2714 2375 2811 2428 καὶ
2841 2376 2986 2429 κατὰ
3015 2377 3176 2430 τοῦτο
3209 2377 3322 2450 γὰρ
3349 2379 3594 2450 διέφερε.

501 2471 745 2536 ειῐοιιοιη
795 2467 885 2521 hic
932 2478 1043 2535 quo
1083 2475 1310 2519 unctum
1361 2475 1486 2515 esse
1531 2460 1766 2531 legimus
1825 2459 2112 2525 dilectum,
2170 2463 2317 2518 aliud
2370 2464 2630 2535 quiddam
2685 2480 2852 2537 quam
2907 2465 3078 2522 verba
3135 2480 3332 2524 sonent
3372 2469 3794 2541 intelligendum

503 2570 591 2620 εει
641 2577 659 2617 ζ

716 2559 895 2616 sancti
936 2557 1201 2613 nimirum
1275 2554 1519 2625 Spiritus
1566 2553 1864 2620 adventus,
1891 2554 1985 2625 qui
2018 2556 2263 2611 laetitiam
2300 2567 2354 2614 et
2410 2559 2671 2629 gaudium
2700 2558 2898 2616 ati‘erre
2930 2576 3116 2618 secum
3147 2563 3307 2619 solet.
3352 2563 3572 2635 integra
3614 2575 3791 2619 autem

503 2671 569 2715 sc
603 2653 842 2726 perfecta
875 2653 977 2708 iuit
999 2652 1114 2706 haec
1145 2649 1353 2706 Christi
1391 2648 1661 2715 inunctio,
1698 2649 1827 2719 quia
1865 2663 1974 2704 non
2020 2652 2160 2706 utin
2194 2651 2315 2708 aliis
2349 2654 2730 2724 spiritualibus
2767 2654 3082 2712 hominibus
3113 2672 3237 2712 esse
3267 2658 3427 2723 solet,
3453 2676 3519 2713 ex
3560 2659 3793 2729 quadarn

497 2751 862 2808 chrismatum
907 2751 1062 2817 parte
1111 2742 1354 2814 Spiritus
1397 2741 1451 2796 in
1481 2739 1707 2797 Christo
1763 2740 1963 2809 inerat,
1992 2741 2088 2799 sed
2121 2751 2267 2800 totus
2297 2760 2395 2816 per
2423 2760 2616 2802 omnes
2639 2759 2822 2818 partes
2847 2763 2972 2804 eum
3007 2751 3350 2820 repleverat:
3375 2766 3484 2822 qua
3521 2752 3580 2806 in
3616 2766 3674 2806 re
3694 2767 3795 2806 cae—

501 2845 636 2906 teris
656 2840 914 2897 omnibus
950 2841 1110 2908 longe
1141 2835 1464 2905 praestabat.

573 2934 739 2991 Vsus.
763 2934 818 2989 9.
854 2930 1075 3001 Myrrha
1103 2937 1154 2983 et
1193 2938 1358 2982 stacta
1399 2939 1450 2983 et
1492 2928 1642 2982 casia
1677 2944 1709 2982 a
1760 2927 2087 2983 aestimatis

501 3030 626 3082 tuis.
663 3025 767 3081 Per
798 3025 1129 3079 vestimenta
1185 3021 1493 3076 divinitatis
1545 3020 1777 3087 Christi,
1825 3023 2072 3077 animam

498 3132 555 3178 et
581 3134 802 3176 carnem
840 3116 1200 3186 intelligimus
1245 3115 1522 3185 assumpti
1578 3115 1843 3183 hominis,
1879 3117 2085 3186 quibus

497 3211 702 3267 Christi
732 3209 991 3265 divinitas
1041 3204 1394 3261 ineﬂabilitcr
1427 3202 1837 3260 circumamicta
1867 3211 2010 3267 erat,
2037 3209 2095 3259 et

497 3319 621 3376 qua:
647 3300 947 3372 Apostolus
977 3299 1044 3353 ad
1089 3296 1349 3353 Hebraeos
1387 3296 1638 3352 velamen
1666 3296 1958 3367 appellavit
1996 3294 2084 3350 di-

2248 2931 2495 3001 Σμύρνα
2506 2931 2607 2987 καὶ
2621 2933 2859 3003 στακτὴ
2877 2933 2976 2989 καὶ
3001 2935 3253 3003 uacula,
3273 2935 3395 2993 ἀπὸ
3409 2940 3530 2990 των
3545 2939 3794 3007 ἱματίων

2189 3036 2330 3078 σου.
2369 3022 2588 3093 Ἰμάτια
2612 3026 2707 3096 τῆς
2735 3025 2830 3078 τοῦ
2869 3027 3052 3096 Λόγου
3078 3027 3357 3096 θεότητος,
3405 3031 3437 3101 ἡ
3478 3030 3578 3083 τοῦ
3622 3047 3794 3102 προσ-

2191 3115 2482 3186 λήμματος
2513 3115 2662 3189 ψυχὴ
2715 3119 2812 3171 καὶ
2871 3119 3030 3190 σὰρξ,
3074 3114 3155 3184 οἷς
3211 3122 3395 3191 ἐκείνη
3460 3125 3793 3194 ἀπορῥήτως

2190 3208 2538 3280 ἑνεχωρήθη,
2569 3209 2604 3263 ἃ
2639 3210 2732 3264 καὶ
2757 3213 3243 3282 παραπετάσματα
3286 3210 3443 3266 καλεῖ
3496 3213 3718 3278 Παῦλος
3765 3213 3792 3264 6

2191 3301 2514 3365 ἀπόστολος.
2549 3301 2811 3358 Βούλεται
2847 3304 2906 3358 δὲ
2938 3303 3036 3358 νῦν
3081 3307 3110 3359 6
3141 3306 3441 3377 Προφήτης
3466 3309 3688 3372 εἰπεῖν,
3711 3307 3790 3361 ὅτι

495 3411 628 3452 cens
659 3413 674 3448 ι
709 3393 1016 3465 [Christum
1069 3389 1319 3445 initiasse
1377 3390 1538 3445 nobis
1567 3388 1711 3443 viam
1753 3403 1950 3443 novam
1987 3403 2086 3460 per

2195 3391 2288 3446 Ἐκ
2322 3393 2422 3463 μὲν
2457 3392 2560 3464 τῆς
2603 3395 2813 3467 σαρκός
2838 3412 2981 3464 σου,,
3016 3394 3287 3469 νέκρωσις
3325 3398 3480 3452 ἔσται
3505 3401 3606 3452 καὶ
3642 3400 3796 3454 66.n-

495 3486 834 3552 vciamen“,
868 3484 925 3541 id
965 3493 1078 3548 esl,
1111 3498 1207 3553 per
1247 3496 1469 3537 carnem
1522 3496 1702 3538 suam.
1733 3478 1756 3554 ]
1784 3479 1985 3536 Verum
2015 3480 2084 3537 ad

2195 3486 2422 3560 φθορίαο
2451 3488 2658 3544 τούτων
2684 3491 2793 3562 γὰρ
2822 3489 3098 3561 σύμϐολον
3141 3494 3177 3562 ἠ
3239 3491 3488 3562 σμύρναο
3531 3495 3655 3558 τοῖς
3710 3510 3794 3546 νε·

503 3598 733 3639 sensum
763 3580 1062 3635 verborum
1123 3576 1412 3646 Propheta:
1471 3576 1762 3646 diligenter
1819 3575 2086 3633 attende:

496 3680 665 3742 Caro,
701 3675 901 3744 inquit.
934 3683 1026 3729 tua
1081 3681 1310 3728 mortem
1367 3672 1626 3741 patietur.
1666 3669 1762 3726 sed
1795 3684 1904 3725 non
1959 3685 2086 3725 cor-

501 3771 813 3839 ruptionem
847 3784 861 3821 :
891 3775 946 3821 et
999 3765 1183 3820 anima
1230 3773 1322 3818 tua
1370 3762 1436 3818 ad
1503 3761 1708 3816 inferos
1761 3761 2080 3818 descendet.

495 3863 717 3934 Myrrha
747 3861 947 3917 etenim
981 3859 1174 3928 inungi
1230 3856 1481 3913 solebant
1521 3861 1870 3909 mortuorum
1903 3854 2081 3908 homi-

489 3971 628 4012 num
663 3969 919 4023 corpora,
946 3964 1004 4008 ut
1032 3953 1352 4021 incorrupta
1386 3958 1768 4004 servarentur.
1806 3946 1872 4001 Et
1902 3956 2078 4004 stacte

494 4051 697 4106 humor
728 4047 954 4119 quidam
985 4054 1094 4109 est,
1129 4045 1226 4115 qui
1249 4059 1519 4100 emanans
1551 4060 1579 4096 a
1617 4042 1840 4113 myrrha
1867 4039 2076 4107 stillat;

486 4139 675 4195 omnis
729 4148 910 4192 autem
943 4136 1114 4200 stilla.
1169 4149 1268 4190 seu
1308 4143 1482 4203 gutta,
1515 4142 1575 4187 ut
1615 4133 1789 4202 inquit
1816 4129 2079 4194 Basilius,

489 4234 752 4286 deorsum
789 4229 984 4292 fertur,
1030 4236 1086 4283 et
1141 4229 1209 4280 ad
1273 4227 1536 4282 inferiora
1592 4223 1886 4280 delabitur.
1941 4224 2077 4279 Dum

491 4324 663 4397 igitur
700 4321 980 4392 myrrham
1012 4327 1067 4375 et
1094 4327 1327 4375 stactem
1361 4326 1728 4390 proventuras
1760 4316 1894 4372 dicit
1927 4333 1960 4372 τ
1981 4334 2075 4373 ve-

2191 3581 2346 3653 κροῖς
2380 3580 2490 3652 γὰρ
2537 3581 2788 3652 σώμασιν
2837 3582 3202 3656 ἀδιαφθορίας
3254 3584 3444 3639 ἕνεκεν
3484 3586 3790 3657 ὲπαλείφε-

2203 3689 2297 3727 ται
2325 3691 2339 3703 ν
2376 3672 2441 3726 ὲκ
2478 3673 2537 3727 δὲ
2594 3673 2698 3745 τῆς
2753 3673 2937 3746 ψυχῆς
2966 3692 3086 3741 σου,
3133 3676 3362 3740 κάθοδος
3409 3679 3491 3742 εις
3545 3678 3788 3749 ᾅδηνοή

2187 3763 2398 3833 στακτὴ
2425 3762 2536 3834 γὰρ
2562 3763 2624 3816 τδ
2661 3764 2829 3834 ὑγρὸν
2854 3763 2956 3834 τῆς
2986 3764 3240 3837 σμύρνης
3282 3768 3454 3830 ἐστὶν,
3501 3767 3637 3819 όσον
3692 3767 3789 3821 αὑ-

2182 3853 2286 3924 τῆς
2327 3854 2440 3926 (59)
2476 3854 2896 3925 ἀπολαϐόμενον
2928 3857 3303 3922 καταστάζειο
3361 3858 3514 3912 πᾶσα
3554 3858 3621 3911 δὲ
3659 3875 3785 3912 στα-

2181 3945 2320 4019 γὼν,
2358 3947 2711 4019 κατωφερὴς,
2735 3949 2814 4013 ὡς
2851 3951 2879 4004 6
2921 3949 3099 4020 μέγας
3117 3951 3431 4023 ἐξηγήσατο
3471 3951 3785 4014 Βασίλειος.

2191 4041 2257 4094 Ἦ
2294 4041 2353 4094 δὲ
2387 4041 2616 4106 κασσία,
2677 4040 2943 4110 φλοιῶδες
2982 4043 3183 4114 ἄρωμα
3224 4043 3629 4096 εὐωδέστατον.
3693 4045 3787 4096 Al-

2180 4132 2424 4185 νίττεται
2455 4131 2512 4185 δὲ
2552 4131 2640 4185 διὰ
2672 4132 2878 4201 ταύτης
2913 4132 3012 4201 τὴν
3051 4132 3282 4186 εὐωδίαν
3304 4133 3398 4185 τοῦ
3441 4130 3786 4188 Δεσποτικοῦ

2182 4223 2473 4294 σώματος’
2535 4223 2699 4292 φύσει
2747 4223 2857 4294 γὰρ
2903 4218 2973 4297 ἦν
2992 4224 3216 4294 εὑῶδες,
3264 4224 3352 4278 διὰ
3391 4225 3490 4298 τὴν
3530 4230 3784 4296 ἀναμαρ-

2180 4316 2403 4388 τησῑαν.

487 4420 770 4481 stimcutis
801 4415 1112 4472 divinitatis
1147 4411 1379 4476 Christi,
1421 4412 1474 4466 id
1508 4421 1614 4476 est,
1647 4425 1677 4465 a
1717 4426 1948 4483 corpore
1992 4418 2046 4468 et
2098 4411 2166 4466 ab
2206 4412 2389 4465 anima
2417 4410 2564 4480 eius,
2631 4411 2763 4483 quid
2797 4410 2949 4466 aliud
3012 4426 3176 4482 quam
3225 4411 3475 4480 corporis
3545 4421 3782 4468 mortem

492 4514 705 4581 absque
728 4508 1106 4576 corruptione,
1173 4512 1228 4558 et
1289 4503 1486 4557 animae
1531 4500 1600 4555 ad
1679 4500 1891 4556 inferos
1940 4503 2270 4558 descensum
2342 4501 2663 4573 signiﬁcat?
2729 4501 2890 4558 Casia
2942 4504 3106 4560 etiam
3164 4514 3352 4561 cortex
3406 4508 3644 4576 quidam
3703 4523 3785 4569 est

488 4601 938 4663 odoratissitnus.
962 4599 1063 4654 Per
1099 4597 1304 4651 casiam
1365 4596 1552 4662 igitur,
1623 4593 2014 4650 suavissimum
2075 4593 2351 4650 Dominici
2425 4596 2678 4665 corporis
2739 4595 2968 4651 odorem
3025 4597 3322 4668 signiﬁcat,
3377 4599 3523 4670 quod
3583 4611 3780 4657 natura

487 4701 608 4772 ipsa
651 4693 840 4766 optimi
868 4701 988 4748 erat
1021 4688 1232 4754 odoris,
1257 4703 1322 4742 eo
1340 4685 1485 4756 quod
1517 4685 1640 4741 sine
1663 4693 1896 4755 peccato
1923 4701 2141 4756 semper
2161 4685 2350 4741 fuerit.

534 4792 602 4844 ,Α
627 4785 870 4841 domibus
903 4780 1163 4836 eburneis.
1193 4775 1250 4831 in
1275 4775 1466 4831 Graeco
1494 4790 1592 4844 pro
1611 4791 1644 4828 a
1669 4776 1907 4829 domibus
1943 4776 2078 4848 legi-

2267 4775 2413 4830 Ἀπὸ
2432 4775 2673 4844 ,ϐάρεων
2696 4775 3129 4845 ἐλεφαντίνων.
3187 4778 3388 4850 Βάρεις
3452 4781 3775 4843 ἐκαλοῦντο,

468 4896 640 4942 .mus,
674 4877 864 4947 βάρεις
894 4872 1005 4929 ἀπὸ
1039 4871 1274 4943 βάρεων.
1299 4868 1566 4922 Dicuntur
1594 4877 1780 4924 autem
1807 4867 1999 4940 βάρεις
2021 4877 2076 4924 et

2195 4871 2231 4924 ii
2269 4867 2412 4922 οἶκοι
2451 4873 2543 4923 καὶ
2583 4871 2634 4922 οἱ
2672 4871 2816 4925 ναοί.
2842 4870 2955 4940 Τὴν
2989 4871 3171 4942 ψυχὴν
3232 4873 3290 4926 δὲ
3327 4875 3425 4927 καὶ
3492 4874 3556 4928 τὸ
3612 4875 3778 4947 σῶμα

488 4971 690 5028 domus
753 4975 806 5022 et
855 4966 1080 5035 templa.
1116 4962 1219 5017 Per
1249 4961 1449 5016 domus
1476 4959 1666 5030 igitur,
1707 4975 1805 5015 seu
1840 4960 2066 5031 templa,

480 5066 734 5121 animam
783 5072 838 5118 et
884 5069 1235 5130 assumptum
1301 5055 1512 5112 Christi
1551 5069 1753 5124 corpus
1785 5053 2069 5124 intelligit,

490 5169 613 5223 quae
649 5162 704 5208 et
735 5149 1043 5206 divinitatis
1069 5149 1398 5204 vestimenta
1431 5146 1690 5217 superius
1746 5144 2069 5215 appellavit,

485 5258 545 5305 et
578 5263 726 5304 nunc
755 5245 1002 5317 ejusdem
1026 5242 1220 5299 domos
1259 5240 1498 5313 appellat
1537 5256 1632 5295 seu
1668 5241 1890 5309 templa.
1924 5238 2071 5294 Ordo

2174 4961 2336 5017 πάλιν
2363 4961 2621 5030 ὀνομάζει
2679 4962 2870 5034 βάρεις
2895 4980 2910 4995 ο

2174 5073 2254 5110 τω
2297 5056 2391 5108 καὶ
2421 5051 2572 5118 οἶκος
2628 5057 2724 5110 καὶ
2774 5056 2903 5120 ναὸς
2948 5057 3050 5126 τῆς
3092 5059 3380 5130 θεότητος·
3441 5054 3558 5114 οἷον
3612 5061 3771 5116 ἔσται

2959 4964 3034 5028 ὡς
3065 4966 3176 5038 γὰρ
3216 4967 3409 5036 ἱμάτια
3435 4966 3640 5035 ταῦτα,
3682 4970 3777 5022 οὖ-

2183 5150 2253 5203 τὰ
2294 5150 2555 5220 ρηθέντα,
2595 5151 2707 5206 ἀπὸ
2751 5151 2862 5206 τῶν
2907 5152 3143 5222 ἱματίων
3192 5169 3308 5220 σου,
3347 5154 3495 5222 λέγω
3544 5155 3607 5210 δὲ
3665 5159 3773 5210 ἀπὸ

2178 5239 2392 5311 βάρεων
2431 5257 2444 5270 ·
2473 5242 2532 5295 τὸ
2583 5241 3116 5311 δὲῈλεεραντίνων,
3168 5243 3292 5296 ἀντὶ
3333 5243 3428 5297 τοῦ
3450 5242 3765 5316 λαμπρῶν·

488 5351 671 5398 autem
730 5341 856 5395 talis
895 5339 1008 5395 sit:
1051 5336 1271 5410 Myrrha
1303 5345 1358 5390 et
1388 5342 1566 5390 stacte
1616 5342 1670 5389 et
1701 5335 1852 5389 casia
1882 5331 2066 5406 erunt]

2195 5337 2407 5406 .αμπρά
2425 5335 2533 5409 γὰρ
2552 5335 2978 5406 τὰὲλεφάντινα,
2992 5335 3082 5390 διὰ
3098 5337 3352 5406 τὴνᾶγαν
3373 5336 3492 5391 στιλ
3502 5340 3765 5408 πνότητα,

493 5452 524 5489 a
558 5433 903 5490 vestimentis
935 5430 1085 5496 tuis;
1113 5445 1142 5483 a
1166 5427 1297 5493 tuis,
1328 5425 1580 5498 inquam,
1606 5426 1863 5483 eburneis
1890 5425 2148 5483 domibus
2171 5443 2265 5484 seu
2304 5431 2545 5499 templis.
2577 5427 2849 5487 Eburneis
2880 5441 3062 5486 autem
3096 5428 3234 5485 dixit
3266 5442 3366 5502 pro
3429 5428 3764 5501 splendidis.

485 5525 794 5586 Candidum
830 5525 976 5580 enim
1007 5521 1146 5580 ebur
1176 5528 1260 5577 est
1288 5528 1344 5578 et
1382 5518 1743 5591 splendescit.

561 5705 611 5737 “
640 5704 784 5758 Psai.
817 5716 876 5766 ll,
916 5701 974 5757 ϐ.
1047 5699 1094 5732 δ’
1135 5697 1299 5758 llebr.
1334 5713 1389 5767 ι,
1419 5699 1511 5757 20.

1825 5786 2025 5849 Variae
2078 5785 2412 5851 lectiones.

560 5891 671 5961 (58')
706 5891 809 5946 Ἱσ.
847 5889 1205 5960 παχυμερῶς.

2244 5890 2356 5959 (59)
2390 5889 2474 5945 Ai.
2500 5888 2830 5960 ἀποθλιϐόμε
2841 5907 2947 5947 νον.
