4036 6262
289 224 379 289 497

1416 225 1808 288 COMMENT.
1839 223 1919 283 IN
1963 220 2324 282 PSALMOS.

3401 210 3508 275 498

358 336 450 399 Ἐξ
513 329 601 391 ὧν
661 336 977 405 ηὕςρρανάν
1041 354 1114 391 σε
1162 337 1481 407 θυγατέρες
1526 338 1835 404 ,βασιλέων-

2017 333 2097 387 Ea:
2118 333 2307 402 quibus
2335 330 2726 386 delectaverunt
2756 337 2806 383 te
2843 327 2974 398 ﬁlia:
3015 344 3193 399 regum
3225 330 3278 382 in
3317 331 3516 384 [tortore

286 432 346 484 ἐν·
391 427 458 498 τῇ
519 427 659 498 τιμῇ
721 444 858 484 σου.
902 422 1004 481 Ὧν
1052 430 1261 494 ἕνεκεν,
1290 433 1410 503 ἦτοι
1457 430 1545 485 διὰ
1597 430 1696 502 τὴν
1745 432 1836 485 νέ-

287 539 475 595 κρωσιν
510 522 605 575 καὶ
647 522 983 594 ἀφθαρσίαν,
1019 525 1114 577 καὶ
1143 525 1224 588 εἰς
1254 525 1385 597 ᾅδου
1439 524 1685 588 κάθοδον,
1743 523 1840 579 καὶ

285 617 372 669 ὅσα
395 615 518 685 περὶ
558 614 617 669 τὸ
643 615 894 670 ἑκούσιον
935 617 1079 687 ὑπὲρ
1123 615 1430 689 ἀνθρώπων
1495 616 1666 682 πάθος
1719 633 1839 684 σου,

283 705 550 776 ηὕφρανὰν
613 720 674 758 σε
713 707 771 760 αί
821 706 1183 762 πιστεύσασαι
1229 706 1438 777 ψυχαίδ
1482 707 1688 771 ταύτας
1730 709 1841 777 γὰρ

289 796 609 867 δποληπτὲον
642 796 956 868 θυγατέρας
997 796 1291 868 βασιλέων.
1323 799 1386 852 Εί
1436 799 1546 869 γὰρ
1591 799 1698 854 υἱοὶ
1747 801 1843 854 καὶ

286 889 704 960 συγκληρονόμοι
737 889 838 960 τῆς
873 890 1154 961 βασιλείας
1193 892 1244 945 oi
1303 891 1616 957 ἀπόστολοι,
1681 890 1844 963 δῆλον

285 983 352 1044 ὡς
375 981 606 1052 βασιλεῖς
627 997 644 1013 ’
670 977 815 1038 οὗτοι
837 983 894 1036 δέ
917 984 1017 1047 τάς
1067 984 1248 1055 ψυχὰς
1288 986 1398 1038 τῶν
1433 985 1844 1040 πιστευσάντων

282 1073 364 1126 διὰ
389 1072 479 1126 τοῦ
508 1071 656 1128 θείου
699 1073 1076 1144 βαπτίσματος
1106 1077 1430 1147 ἐγέννησαν.
1486 1076 1626 1148 Φησὶ
1675 1074 1782 1147 γὰρ
1814 1079 1846 1130 ὁ

285 1165 502 1231 Παῦλος,
538 1165 621 1220 δτι
657 1168 760 1221 Διὰ
785 1167 895 1223 τοῦ
921 1170 1291 1240 Εὑαγγελίου
1321 1168 1436 1240 ἐγὼ
1469 1169 1626 1236 ὑμᾶς
1675 1167 1842 1238 ἐγέγ-

279 1272 447 1326 νησα.
473 1260 806 1329 Ηῦφραναν
854 1259 912 1314 δέ
935 1277 997 1314 σε
1055 1262 1211 1326 πῶςς
1271 1263 1362 1315 Ἐν
1425 1262 1504 1332 τῷ
1560 1263 1728 1335 τιμᾷν
1783 1280 1842 1317 σε

279 1349 531 1418 secutae.
577 1352 739 1407 Ἀλλὰ
764 1352 938 1407 ταῦτα
974 1353 1096 1426 μὲν,
1149 1355 1277 1408 καθ’
1321 1355 1665 1427 ὑψηλοτέραν
1721 1358 1844 1410 ἐπι-

278 1443 432 1512 ϐολήν
455 1459 471 1474 ο
504 1443 652 1499 κατά
678 1444 735 1499 δὲ
760 1444 820 1499 τὸ
856 1446 1172 1517 πρόχειρον,
1203 1446 1410 1516 ἑτέρως
1431 1447 1500 1502 τὰ
1539 1447 1681 1518 ῥητά
1718 1448 1845 1518 νοήο

280 1551 405 1598 σεις,
460 1537 544 1589 ὅτι
573 1535 794 1604 ποικίλη
825 1538 1039 1608 ἀρετῶν
1067 1539 1266 1619 εὐωδίᾳ
1295 1540 1534 1594 ἀποπνεῖ
1583 1539 1680 1594 τοῦ
1712 1557 1849 1609 σκη-

275 1626 521 1695 νώματός
552 1644 650 1681 σου
673 1644 689 1660 ο
742 1630 838 1683 καὶ
870 1631 933 1683 ού
961 1629 1120 1685 τοῦτο
1148 1620 1334 1702 μόνὸν,
1391 1631 1530 1686 ἀλλά
1584 1631 1680 1686 καὶ
1734 1633 1844 1686 τῶν

276 1719 408 1774 κατὰ
439 1718 639 1784 τόπους
667 1721 814 1777 ναῶν
838 1740 933 1777 σου
962 1724 1071 1778 τῶν
1097 1724 1387 1796 λαμπρῶν.
1434 1725 1502 1779 Ἦ
1563 1727 1672 1796 γὰρ
1730 1742 1847 1779 ποια

275 1812 418 1866 κιλία
486 1813 598 1869 τῶν
659 1815 1034 1887 ἀρωματικῶν
1089 1818 1270 1887 εἱδῶν,
1309 1817 1407 1890 τὴν
1449 1816 1728 1873 ποικιλίαν
1747 1817 1848 1888 τῆς

273 1909 498 1976 εύωδίας
515 1912 628 1966 τῶν
658 1914 872 1984 ἀρετῶν
909 1915 1299 1987 ὑποσημαίνει,
1334 1916 1394 1984 ἐξ
1444 1911 1520 1972 ὧν
1548 1917 1695 1972 ναῶν
1751 1916 1854 1987 ηὖ-

275 2003 484 2071 φρανάν
510 2020 569 2057 σε
603 2006 654 2058 οί
680 2004 906 2069 τούτους
930 2006 1231 2078 φιλοτίμως
1294 2007 1361 2062 ἐκ
1401 2009 1639 2071 πίστεως
1677 2010 1853 2080 δαμά-

274 2110 442 2162 μενοι.
498 2096 574 2150 Th
627 2096 707 2158 δέ,
763 2098 1118 2167 Ηῦφραναν,
1168 2097 1244 2163 ὡς
1285 2098 1387 2170 ἤδη
1418 2101 1643 2169 γεγονὸς
1676 2100 1850 2170 λέγει,

273 2184 418 2254 νόμῳ
447 2188 789 2258 προφητείας
820 2189 957 2259 (60),
985 2189 1063 2253 ὡς
1093 2190 1310 2263 ποιήσει
1344 2208 1362 2224 ο
1394 2191 1458 2246 τὸ
1482 2191 1560 2256 δὲ,
1591 2191 1848 2264 Curate-

261 2296 367 2349 ρες
389 2281 807 2346 ,ϐασιλέων-ἑν
838 2283 913 2350 τῇ
941 2282 1083 2354 τιμῇ
1134 2299 1276 2350 σου,
1334 2285 1418 2340 ὅτι
1474 2287 1577 2340 οὐκ
1636 2285 1849 2340 ίδιῶται

269 2374 452 2444 μόνον,
530 2375 668 2430 ἀλλὰ
723 2376 819 2431 καὶ
864 2375 1107 2446 βασιλεῖς
1164 2393 1225 2430 σε
1285 2378 1583 2449 τιμήσουσι
1619 2395 1637 2411 ·
1664 2382 1759 2434 καὶ
1788 2379 1850 2434 τὸ

269 2465 732 2537 παραδοξότερον,
776 2468 833 2521 αί
875 2466 1096 2540 μυρίοις
1153 2465 1457 2540 ὀφθαλμοῖς
1502 2468 1855 2541 φυλασσόμεο

272 2574 380 2620 ναι,
404 2557 505 2612 καὶ
536 2559 599 2612 ἐν
645 2559 759 2624 τοῖς
796 2557 1012 2624 ἀδύτοις
1047 2558 1162 2614 τῶν
1196 2557 1486 2631 βασιλείων
1543 2561 1851 2631 θαλαμευό-

271 2667 454 2718 μεναι,
485 2649 792 2724 θυγατέρες
818 2651 1110 2723 βασιλέων,
1143 2652 1220 2718 ὡς
1257 2654 1294 2726 ἠ
1353 2654 1642 2725 σοφωτάτη
1684 2655 1858 2709 Δίκα-

267 2741 481 2813 τερίνα,
512 2745 610 2796 καὶ
642 2742 802 2798 ἀλλαι
829 2742 1048 2802 πολλαί.

1940 437 2055 482 tuo.
2090 425 2323 495 Propter
2349 440 2493 496 quat,
2528 423 2712 494 inquit
2738 421 2991 496 [propter
3038 430 3189 477 tuam
3241 423 3509 477 nimirum

1940 527 2194 583 mortem,
2231 518 2702 586 lncorruptionem
2741 522 2797 570 et
2822 513 3154 571 descensum
3192 514 3258 569 ad
3285 514 3515 579 inferos,

1937 621 1995 667 et
2027 621 2249 682 propter
2278 623 2627 680 quaecunque
2673 607 2778 663 alia
2831 622 2954 678 qua:
3012 606 3082 661 ad
3144 607 3512 661 voluntariam

1942 721 2043 777 pro
2070 705 2386 761 hominibus
2415 703 2731 775 passionem
2761 711 2912 756 tuam
2937 700 3258 773 pertinent],
3284 702 3516 756 creden-

1942 809 2027 854 tes
2055 806 2111 854 et
2146 798 2332 854 ﬁdeles
2377 797 2576 850 auium
2629 796 3046 851 delectaverunt
3081 801 3155 850 te.
3211 792 3314 849 Eas
3369 795 3516 848 enim

1940 891 2302 964 intelligimus
2343 906 2533 962 regum
2582 889 2724 945 ﬁlias
2771 888 3062 960 appellari,
3113 888 3243 959 quia
3289 888 3336 945 si
3378 903 3517 957 apo-

1943 984 2098 1050 stoli,
2134 983 2228 1038 ﬁlii
2263 993 2430 1054 atque
2461 981 2710 1037 hteredes
2742 988 2873 1037 sunt
2902 980 3147 1036 ctelestis
3182 980 3362 1050 regni,
3404 994 3521 1033 ma-

1944 1076 2206 1133 nifestum
2231 1085 2315 1132 est
2328 1077 2516 1141 etiam,
2536 1077 2683 1146 quod
2698 1072 2881 1129 ell'ecti
2909 1075 3023 1128 sint
3052 1087 3229 1143 reges.
3258 1073 3323 1127 Hi
3354 1073 3521 1142 igitur

1943 1169 2176 1240 apostoli
2208 1168 2552 1225 credentium
2586 1169 2802 1223 animas
2842 1182 2935 1237 per
2962 1181 3182 1222 sacrum
3209 1175 3526 1235 genuerunt

1943 1262 2217 1335 baptisma
2244 1278 2260 1318 :
2283 1259 2391 1316 Per
2415 1259 2762 1331 Evangelium
2786 1261 2950 1324 enim,
2995 1259 3171 1331 inquit
3198 1259 3520 1328 Apostolus.

1943 1373 2037 1428 ego
2059 1372 2147 1410 vos
2161 1355 2319 1428 genui
2339 1354 2406 1408 ³⁸.
2428 1353 2536 1411 Sed
2553 1351 2833 1426 quomodo
2849 1351 3244 1407 delectaverunt
3265 1361 3314 1406 te
3332 1352 3358 1406 .’
3383 1351 3535 1405 Dunt

1946 1447 2167 1503 scilicet
2215 1462 2326 1502 non
2365 1446 2493 1501 ﬁcto
2546 1447 2731 1501 animo
2788 1453 2843 1498 te
2896 1447 3104 1498 colunt.
3164 1443 3362 1498 Verum
3409 1441 3525 1496 lia-e

1943 1543 2096 1612 juxta
2119 1541 2372 1596 altiorem
2407 1555 2633 1595 sensum
2663 1539 2812 1593 dicta
2840 1549 2995 1600 sunt,
3029 1539 3123 1592 sed
3161 1537 3315 1606 juna
3354 1535 3527 1588 alium

1947 1650 2200 1699 sensum,
2226 1634 2319 1704 qui
2351 1632 2555 1689 clarior
2581 1631 2754 1687 videri
2784 1639 2992 1700 potest,
3024 1630 3134 1693 die,
3156 1629 3302 1698 quod
3341 1628 3530 1681 varius

1948 1744 2013 1785 ac
2047 1728 2336 1798 multiplex
2368 1726 2636 1782 virtutum
2692 1726 2829 1780 odor
2883 1725 3059 1793 spirat
3122 1723 3192 1777 ab
3244 1729 3527 1788 assumpta

1949 1820 2156 1877 Christi
2188 1820 2532 1874 humanitate
2581 1837 2597 1873 :
2646 1834 2828 1889 neque
2872 1817 2942 1872 ab
2987 1832 3050 1873 ea
3099 1816 3306 1880 solum,
3353 1818 3449 1872 sed
3497 1834 3529 1870 ει

1951 1912 2147 1968 multis
2214 1913 2379 1967 etiam
2431 1912 2718 1984 praeclaris
2767 1911 2988 1981 templis
3044 1918 3212 1977 atque
3262 1910 3534 1965 Ecclesiis

1951 2021 2076 2076 qua:
2103 2008 2160 2061 in
2189 2006 2447 2061 universo
2475 2005 2612 2062 orbe
2640 2005 2763 2062 sitat
2797 2014 2946 2060 sunt.
2977 2002 3256 2075 Multipiex
3295 2019 3536 2072 namque

1954 2098 2451 2154 odoramentorum
2502 2114 2701 2170 genus,
2742 2097 3105 2166 multiplicem
3139 2097 3308 2151 etiam
3353 2096 3528 2150 virtu-

1957 2199 2072 2246 tum
2102 2191 2329 2247 odorem
2363 2191 2642 2263 signiﬁcat
2669 2207 2682 2244 :
2716 2205 2786 2246 ex
2816 2189 3044 2262 quibus,
3073 2189 3274 2260 inquit,
3312 2191 3534 2259 templis

1958 2284 2374 2340 delectaverunt
2402 2295 2454 2339 te
2493 2283 2684 2339 ﬁdeles
2733 2283 2833 2348 illi,
2868 2284 2964 2354 qui
2995 2284 3214 2353 egregia
3249 2285 3305 2339 in
3348 2294 3399 2336 te
3428 2283 3537 2337 title

1956 2378 2129 2446 ducti,
2161 2393 2360 2448 magna
2393 2378 2484 2433 illa
2528 2377 2728 2448 templa
2759 2376 2854 2432 tibi
2889 2386 3344 2433 construxerunt.
3385 2376 3537 2430 Dete-

1957 2481 2237 2525 ctaverunt
2285 2477 2470 2525 autem
2515 2470 2676 2536 dixit,
2710 2479 2769 2524 ut
2800 2470 2915 2540 jam
2952 2470 3182 2534 factum,
3206 2481 3259 2524 et
3288 2470 3538 2538 praeteri-

1954 2572 2097 2626 tum,
2123 2563 2272 2634 quod
2305 2562 2549 2618 futurum
2575 2571 2692 2618 erat
2719 2579 2734 2616 :
2769 2562 2889 2631 lege
2913 2562 3178 2615 nimirum
3208 2559 3535 2631 pmphetitc.

1959 2655 2115 2712 Filiae
2140 2666 2404 2727 praeterea
2444 2671 2634 2727 regum
2665 2655 2719 2709 in
2773 2653 2989 2711 honore
3056 2663 3152 2708 tuo
3201 2652 3256 2709 id
3311 2653 3533 2718 facient,

1963 2747 2095 2818 quia
2129 2761 2239 2802 non
2292 2744 2489 2816 plebeii
2525 2761 2588 2800 ac
2623 2746 2916 2815 populares
2961 2755 3202 2810 tantum,
3237 2745 3332 2800 sed
3371 2759 3529 2813 reges

265 2832 433 2888 etiam
472 2832 773 2891 Dominum
800 2835 1128 2895 honoratnri
1159 2846 1336 2906 erant,
1365 2847 1421 2897 et
1463 2839 1632 2914 [quod
1668 2841 1839 2912 magis
1876 2839 2262 2895 admirandum
2295 2839 2466 2894 videri
2493 2838 2730 2912 poterat]
2779 2841 2910 2909 ipsae
2972 2839 3138 2894 etiam
3203 2853 3391 2906 regum
3467 2839 3531 2889 li-

265 2923 372 2991 la',
407 2941 535 2997 qua:
577 2926 887 2986 innumeris
918 2929 1212 2987 custodum
1240 2930 1416 2987 oculis
1455 2931 1512 2987 in
1538 2945 1728 3002 regum
1766 2929 2144 3001 penetralibus
2184 2929 2652 2986 observarentur:
2721 2931 2900 2998 qualis
2970 2927 3072 2983 fuit
3133 2928 3542 2998 sapientiSsima

265 3016 600 3087 Catherina,
629 3029 683 3076 et
710 3020 830 3078 alia
852 3037 1016 3094 quam
1053 3023 1323 3094 plurimae.

335 3138 631 3208 Παρέστη
659 3138 698 3206 ἠ
717 3139 1069 3204 ,βασίλισσα
1116 3142 1186 3197 ἐκ
1220 3143 1438 3210 δεξιῶν
1496 3157 1638 3200 σου.
1699 3143 1856 3199 Βασί-

2039 3143 2209 3199 Vens.
2249 3141 2336 3197 IO.
2367 3141 2554 3196 Astitit
2590 3140 2788 3212 Regina
2830 3157 2862 3192 a
2892 3139 3094 3195 dextris
3145 3140 3271 3194 tuis.
3310 3139 3417 3195 Per
3453 3156 3543 3196 νε-

263 3229 466 3284 λισσαν
496 3228 741 3286 ἐνταῦθα
772 3230 922 3300 λέγει
969 3231 1072 3302 τὴν
1104 3233 1428 3305 συναγωγὴν
1481 3234 1591 3289 τῶν
1634 3235 1860 3290 εὐσεϐε-

263 3322 487 3376 ςτάτων
502 3321 879 3393 Χριστιανῶν,
905 3324 972 3394 ἢν
987 3323 1018 3376 δ
1036 3322 1293 3393 βασιλεὺς
1313 3326 1553 3397 Χριστὸς
1586 3328 1863 3396 ἐνυμφεύ-

264 3432 402 3468 uno
429 3414 643 3486 ἐαυτῷ,
676 3413 763 3469 διά
800 3413 902 3485 τῆς
940 3415 1023 3478 είς
1065 3413 1230 3470 αύτδν
1278 3417 1539 3481 πίστεως,
1571 3419 1863 3491 ιπρύτερον

261 3507 381 3567 τοτς
434 3502 695 3566 εἰδώλοις
748 3502 1140 3575 κεκωλυμένην
1173 3522 1191 3537 ν
1239 3506 1361 3576 ἦτις
1400 3507 1722 3563 ἐϐασίλευσε
1765 3509 1865 3580 μὲν

260 3594 373 3648 τῶν
397 3593 603 3649 παθῶν
630 3609 645 3625 '
679 3593 1098 3649 συνεϐασίλευσε
1130 3595 1188 3650 δέ
1232 3597 1312 3669 τῷ
1338 3599 1558 3670 νυμφίῳ
1589 3599 1867 3670 βασιλείαν

263 3688 557 3758 οὐράνιον.
586 3689 701 3741 Καὶ
729 3686 757 3739 ὁ
790 3687 894 3758 μὲν
917 3689 1153 3759 νυμφίος
1184 3689 1421 3760 κάθηται
1467 3693 1525 3744 ἐν
1577 3691 1728 3764 δεξιᾷ
1769 3693 1867 3746 τοῦ

263 3781 516 3853 Πατρδς,
545 3780 626 3844 ὡς
648 3779 936 3850 ὁμοούσιος
967 3783 1062 3835 καὶ
1094 3782 1358 3854 ὁμότιμος
1383 3799 1398 3816 ·
1425 3783 1563 3854 αὕτη
1607 3783 1666 3838 δέ
1726 3804 1868 3856 παρο

262 3873 510 3944 έστηκεν
541 3874 614 3928 ἐκ
649 3872 840 3938 δεξιῶν
861 3872 954 3927 τοῦ
990 3873 1249 3944 νυμφίου,
1285 3873 1422 3945 μετά
1476 3874 1586 3929 τῶν
1634 3878 1868 3947 ἀσωμά-

258 3985 375 4020 των
402 3966 730 4038 δυνάμεων.
751 3966 812 4020 Εί
836 3967 946 4036 γὰρ
969 3967 1065 4020 καὶ
1086 3965 1273 4038 νύμφη
1297 3968 1416 4021 ἐστὶ
1435 3969 1531 4022 καὶ
1555 3966 1868 4038 βασίλισσα,

261 4060 409 4117 ἀλλά
440 4059 686 4130 κτιστὴς
715 4060 833 4112 ἐστι
869 4057 1106 4124 φύσεως,
1138 4058 1232 4111 καὶ
1262 4058 1554 4132 ὑπέρμεγα
1587 4060 1762 4134 ταύτῃ
1806 4062 1875 4117 τὸ

263 4150 362 4201 καὶ
398 4146 682 4216 τοιαύτης
711 4145 1012 4216 ἀξιωθῆναι
1044 4147 1288 4211 στάσεώς
1322 4165 1380 4200 τε
1442 4151 1537 4203 καὶ
1591 4152 1875 4223 παραστά-

265 4254 433 4300 σεως.
481 4239 608 4291 Οὐκ
639 4238 856 4292 ἐναντία
878 4238 934 4290 δέ
973 4254 1141 4308 φησιν
1171 4240 1200 4291 ὁ
1229 4238 1442 4305 Παῦλος
1507 4241 1683 4312 λέγων
1745 4244 1876 4312 περὶ

258 4326 360 4380 τοῦ
390 4325 570 4390 Θεοῦ,
606 4327 692 4380 ὃτι
719 4328 1064 4397 Συνήγειρε,
1098 4329 1197 4382 καί
1244 4329 1661 4387 συνεκάθισεν
1715 4332 1878 4402 ἡμᾶς

259 4418 332 4471 ἐν
361 4419 503 4485 τοῖς
545 4417 855 4487 οὐρανοῖς,
878 4418 950 4472 ἐν
978 4419 1212 4489 Χριστῷ
1255 4421 1482 4490 Ἰησοῦ.
1506 4423 1605 4477 Διὰ
1632 4424 1873 4494 Χριστοῦ

260 4511 400 4579 γὰρ,
458 4511 635 4580 φησὶ,
699 4509 794 4563 τοῦ
847 4505 1053 4577 Κυρίου
1110 4511 1432 4577 καθίσαντος
1480 4509 1570 4568 οἷα
1631 4515 1874 4585 κεφαλῆς

262 4605 297 4671 ἡ
348 4602 456 4662 ῶν,
505 4601 868 4672 σδμμετέσχε
901 4602 1000 4672 τῆς
1023 4602 1192 4673 τιμῆς
1236 4603 1332 4656 καὶ
1373 4603 1438 4657 τὸ
1473 4602 1660 4659 λοιπὸν
1714 4604 1878 4674 σῶμα

258 4695 368 4764 τῆς
408 4694 788 4763 Ἐκκλησίας.

1966 3238 2149 3307 ginam
2168 3235 2260 3290 hic
2283 3233 2753 3305 religiosissimum
2779 3233 3214 3290 Christianorum
3240 3232 3544 3290 Ecclesium

1968 3328 2247 3397 intelligit,
2280 3342 2446 3397 quam
2481 3334 2644 3381 antea
2684 3325 2844 3380 idolis
2894 3341 2960 3379 ac
3017 3325 3338 3380 simulacris
3391 3327 3545 3381 addi-

1965 3430 2132 3486 ctam,
2165 3417 2423 3474 Chrisms
2488 3417 2602 3472 ilex
2655 3417 2761 3472 sibi
2816 3415 3192 3488 desponsavit.
3229 3430 3450 3486 propter
3481 3419 3546 3471 il-

1967 3510 2073 3566 lam
2100 3510 2358 3566 nimirum
2390 3510 2549 3563 ﬁdem
2572 3525 2736 3580 quam
2771 3509 2825 3562 in
2858 3525 2982 3564 eum
3013 3509 3240 3574 habuit;
3274 3526 3394 3578 qua:
3421 3510 3547 3565 ideo

1971 3602 2159 3672 regina
2190 3617 2313 3657 esse
2358 3601 2587 3663 dicitur,
2644 3601 2773 3668 quia
2833 3601 3000 3653 animi
3033 3600 3548 3667 perturbationibus

1971 3695 2225 3763 imperat,
2251 3701 2310 3747 ut
2343 3692 2582 3755 domina,
2621 3703 2674 3745 et
2706 3692 2835 3760 quia
2865 3692 3030 3745 simul
3058 3708 3180 3746 cum
3212 3706 3413 3760 sponso
3444 3707 3558 3748 sue

1969 3783 2192 3838 Christo
2221 3791 2521 3852 conregnat
2549 3781 2602 3834 in
2633 3781 2846 3836 emlesti
2873 3796 3059 3849 regno.
3089 3781 3153 3835 Et
3187 3785 3303 3850 ipse
3323 3783 3550 3851 quidem

1971 3875 2222 3945 Sponsus
2284 3871 2537 3926 considet.
2591 3887 2619 3925 a
2655 3871 2861 3927 dextris
2917 3869 3111 3930 Patris.
3179 3880 3440 3941 tanquam
3498 3875 3549 3928 ei

1973 3964 2491 4027 consubstantialis,
2522 3974 2577 4019 et
2621 3963 2813 4018 eodem
2850 3964 3066 4018 honore
3113 3963 3398 4034 prmditus.
3429 3963 3554 4036 Ipsa

1976 4065 2160 4111 autem
2193 4055 2380 4124 regina
2421 4053 2668 4108 Ecclesia
2736 4070 2845 4107 non
2900 4053 3175 4119 considet,
3213 4053 3310 4108 sed
3353 4067 3495 4109 astat
3520 4071 3552 4110 a

1977 4149 2190 4204 dextris
2220 4147 2446 4216 Sponsi,
2477 4161 2586 4200 una
2623 4162 2747 4200 cum
2770 4146 3113 4214 incorporeis
3153 4147 3552 4214 potestatibus.

1977 4243 2115 4294 Nam
2178 4240 2282 4295 etsi
2333 4255 2540 4310 sponsa
2588 4239 2660 4294 sit
2707 4247 2760 4293 et
2810 4238 3020 4309 regina,
3077 4248 3319 4293 attamen
3372 4250 3553 4294 creata

1978 4333 2226 4404 quaedam
2264 4343 2461 4388 natura
2499 4347 2624 4388 cum
2667 4332 2762 4397 sit,
2792 4332 3058 4386 eximium
3112 4333 3162 4386 ei
3215 4331 3338 4393 fuit,
3396 4332 3543 4401 quod

1981 4433 2093 4478 tam
2122 4423 2455 4476 honoratum
2486 4420 2763 4481 ordinem,
2792 4427 2849 4473 et
2874 4427 3078 4474 statum
3104 4418 3241 4473 adeo
3261 4419 3553 4474 sublimem

1987 4516 2058 4571 sit
2088 4525 2411 4570 consecuta.
2439 4512 2551 4569 Nec
2601 4522 2917 4583 repugnant
2979 4527 3103 4582 qua:
3149 4513 3385 4581 legimus
3411 4509 3556 4580 apud

1986 4607 2240 4673 Paulum,
2265 4608 2408 4676 quod
2438 4605 2720 4661 Considere
2750 4623 2844 4661 nos
2875 4606 3054 4674 fecerit
3087 4605 3220 4658 Deus
3247 4606 3302 4658 in
3333 4604 3556 4658 cut-leui-

1981 4700 2074 4753 bus
2109 4699 2161 4752 in
2196 4697 2411 4753 Christo
2438 4697 2568 4754 Iesu
2599 4697 2666 4752 ".
2716 4696 2823 4754 Per
2852 4697 3133 4752 Christum
3192 4697 3341 4751 enim
3371 4694 3425 4749 id
3460 4694 3560 4748 ad-

263 4793 581 4864 impletum
617 4801 721 4857 est,
756 4791 980 4849 Christo
1006 4794 1218 4852 scilicet
1249 4793 1363 4849 illic
1392 4794 1735 4859 considente,
1765 4795 1858 4865 qui
1900 4807 2153 4850 nostrum
2190 4803 2355 4865 caput
2380 4803 2482 4859 est,
2507 4805 2561 4850 et
2622 4793 2888 4848 honorem
2959 4791 3112 4846 illum
3177 4789 3335 4844 nobis
3377 4788 3559 4842 omni-

261 4891 396 4952 bus,
422 4886 542 4942 hoc
580 4892 671 4940 est
719 4884 932 4956 reliquo
965 4885 1224 4944 Ecclesia:
1262 4886 1482 4956 corpori
1511 4900 1862 4942 communem
1903 4903 2027 4944 esse
2049 4888 2247 4943 eﬁ‘eeit.

351 5003 467 5058 ‘Er
528 4999 838 5072 ἱματισμῷ
873 5000 1179 5073 διαχρύσῳ
1227 5001 1725 5070 περιϐεϐλημένη,
1774 5019 1876 5056 πε-

2062 5003 2128 5060 In
2179 5006 2366 5058 vestitu
2395 5003 2656 5057 deaurato
2693 5001 3093 5055 circumamicta
3131 4999 3406 5052 varietate.
3440 4996 3562 5050 ρετ-

267 5094 687 5165 ποιάιιλμένη.
752 5093 1202 5166 Περιϐεϐλημένη
1286 5092 1425 5162 μὲν,
1483 5093 1542 5145 ἐν
1600 5095 1856 5165 ἱματισμῷ

1991 5097 2322 5151 cuinamicta
2358 5095 2580 5163 quidem
2613 5096 2817 5150 vestitu
2856 5091 3166 5162 splendido,
3194 5090 3245 5143 id
3275 5097 3378 5153 est,
3411 5088 3555 5142 sacri

269 5187 562 5260 λαμπρῷ,
644 5187 766 5257 ἦτοι
823 5189 890 5259 τῇ
944 5188 1128 5258 χάριτι
1166 5184 1263 5240 τοῦ
1305 5185 1451 5239 θείου
1481 5186 1880 5256 βαπτίσματος,

1994 5188 2345 5257 baptismatis
2398 5188 2610 5260 gratia;
2672 5185 2756 5240 vel
2793 5186 2997 5240 amictu
3069 5190 3122 5238 et
3173 5191 3328 5236 veste
3379 5180 3566 5234 saneti

266 5281 400 5352 ἢτῇ
438 5277 729 5353 περιϐολῇ
764 5280 860 5333 τοῦ
881 5280 1040 5348 ἁγίου
1076 5278 1400 5349 ιινεύματος
1428 5293 1442 5309 ·
1485 5278 1856 5349 πεποικιλμένε

1997 5277 2262 5350 Spiritus,
2295 5289 2349 5336 et
2393 5279 2598 5335 virtute
2661 5280 3016 5332 honestarum
3067 5272 3357 5329 virtutum.
3411 5271 3569 5325 Ami-

340 5465 438 5521 ³⁸1
476 5463 630 5522 Cor.
654 5477 728 5528 tv,
758 5461 844 5518 15.
903 5462 944 5496 ⁸⁸
974 5458 1175 5531 Ephes.
1207 5458 1338 5525 11,6.

1639 5573 1838 5636 Varius
1882 5573 2207 5638 lectiones.

355 5705 482 5780 (60)
523 5704 622 5761 AI.
657 5703 728 5768 ὡς
749 5704 964 5774 ποιήσει
997 5704 1090 5757 καὶ
1123 5701 1499 5773 παρακατιὼν.
