4014 6248
489 180 598 242 499

1737 182 2124 245 EUTIIYMH
2159 183 2520 254 ZIGABENI
3623 198 3712 260 500

488 306 637 351 etum
680 297 825 352 enim
857 305 912 352 et
946 297 1268 352 varietatem
1308 297 1734 352 intellectualem
1793 297 2065 368 intelligit,

2180 299 2254 371 δὲ,
2287 310 2352 378 τῇ
2385 310 2630 380 ποικιλίᾳ
2663 309 2768 364 τῶν
2817 309 3112 382 εὐπρεπῶν
3139 309 3375 381 ἀρετῶν.
3404 309 3600 382 Νοητὴν
3625 316 3719 384 γὰρ

488 389 951 460 quemadmodum
984 390 1036 443 in
1072 404 1368 460 progressu
1400 389 1751 445 manifestius
1780 388 1962 444 docet.

563 569 728 626 Vens.
772 570 855 625 Η.
917 570 1077 635 Audi,
1106 571 1244 640 ﬁlia,
1282 580 1332 625 et
1369 570 1501 636 ride,
1533 581 1578 624 et
1633 570 1835 626 inclina
1890 590 2072 628 aurem

493 673 662 717 tuam.
718 660 857 717 Vide
912 679 1024 731 quo
1085 673 1247 733 pacto
1301 664 1550 732 reginam
1592 665 1733 717 hanc
1771 663 2074 718 Eeelesiam

493 756 766 828 PrOpheta
790 754 1008 811 Christo
1044 756 1400 827 despondeat.
1429 757 1620 811 Filiam
1653 765 1834 812 autem
1867 755 2075 811 Christi

492 849 741 905 eamdem
773 849 1092 919 appellavit,
1133 865 1298 919 quam
1319 865 1576 920 sponsam
1606 851 1751 905 feeit.
1791 848 1938 904 inter
1973 849 2074 903 ho-

497 942 675 996 mines
712 941 855 996 enim
897 941 1236 1012 impossibile
1267 950 1355 998 est
1403 941 1755 997 eamdem‘ct
1812 954 2071 1012 sponsam

494 1033 740 1101 ejusdem
773 1031 875 1085 viri
908 1044 1031 1086 esse
1050 1039 1104 1087 et
1131 1031 1321 1098 filiam,
1357 1029 1450 1086 sed
1475 1032 1529 1085 in
1569 1031 1791 1085 Christo
1816 1027 2074 1098 possibile

493 1132 598 1179 est.
633 1121 912 1193 Spirituali
938 1121 1084 1178 enim
1115 1122 1276 1177 modo
1306 1122 1422 1178 11.Ὲο
1475 1123 1650 1186 fiunt;
1696 1123 1898 1192 quippe
1947 1135 2072 1175 eum

499 1231 594 1285 per
633 1215 984 1287 Evangelium
1025 1215 1078 1270 in
1111 1230 1370 1286 sponsam
1411 1218 1511 1272 nos
1541 1217 1642 1271 sibi
1687 1217 1886 1287 deligat
1917 1215 2078 1270 Chri-

497 1319 635 1370 stus.
669 1316 721 1363 et
759 1324 856 1379 per
901 1307 1158 1380 baptismi
1213 1311 1693 1381 regenerationem
1727 1309 1948 1364 eosdem
1980 1309 2075 1361 ad-

496 1411 649 1472 optet
674 1402 726 1456 in
753 1402 918 1458 filios.
959 1401 1097 1456 Audi
1154 1403 1342 1472 igitur,
1381 1402 1562 1472 inquit
1608 1402 1902 1472 Propheta,
1954 1416 2076 1472 qua:

496 1495 640 1558 ilico,
675 1503 729 1550 ct
764 1496 884 1551 vide
922 1514 935 1550 :
971 1495 1151 1550 omnia
1183 1496 1273 1550 illa
1309 1495 1748 1564 nimirum,qna:
1777 1503 1999 1564 propter
2024 1503 2076 1550 te

497 1604 695 1657 passus
749 1601 833 1646 est
873 1589 1141 1660 Sponsus,
1198 1601 1292 1645 aut
1339 1606 1678 1660 quacunque
1711 1590 1842 1644 fecit
1901 1589 2073 1644 admi-

498 1685 689 1746 randa,
723 1694 778 1737 et
812 1682 1012 1738 inclina
1038 1698 1226 1739 aurem
1256 1694 1402 1738 tuam
1432 1684 1579 1737 illius
1611 1682 1922 1752 praeceptis.

565 1773 633 1828 Et
676 1775 976 1830 obliviscere
1009 1779 1262 1847 populum
1300 1786 1471 1831 tuum.
1502 1775 1694 1831 Gentis
1726 1785 1853 1842 tum,
1891 1788 2071 1844 prava

494 1869 752 1924 nimirum
789 1870 1220 1927 conversationis
1251 1870 1468 1926 illorum
1504 1880 1557 1926 et
1588 1870 1786 1940 prioris
1813 1869 1960 1924 vitaz.

569 2048 637 2104 Et
658 2050 871 2104 domum
912 2050 1084 2120 patris
1117 2053 1214 2108 tui.
1253 2053 1318 2108 Et
1352 2052 1612 2122 templum
1646 2051 1847 2106 diaboli
1900 2050 2071 2120 patris

493 2141 574 2195 tui
611 2158 624 2196 ε
656 2141 840 2196 Omnis
865 2144 1034 2207 enim,
1081 2145 1277 2214 inquit,
1308 2145 1398 2216 qui
1429 2145 1552 2216 fecit
1571 2156 1864 2214 peccatum,
1895 2160 1924 2199 e
1947 2143 2071 2198 dia-

496 2233 619 2289 bolo
643 2236 886 2290 nascitur
905 2238 971 2291 ".
1004 2234 1351 2292 Obliviscere
1385 2236 1551 2293 etiam
1587 2236 1951 2293 scelestarum
1982 2250 2070 2292 sa-

494 2328 829 2385 crificiorum
891 2344 954 2384 ac
1009 2329 1374 2386 festivitatum
1434 2331 1651 2384 illarum
1715 2345 1852 2400 quas
1907 2328 2072 2397 impie

493 2419 626 2474 olitn
681 2420 999 2490 pI-ragebas.
1037 2421 1132 2477 Vel
1169 2421 1392 2475 domum
1423 2420 1589 2490 patris
1649 2417 1903 2474 fortassis
1948 2416 2070 2472 ideo

496 2512 651 2576 dicit,
682 2513 810 2583 quia
851 2514 1080 2585 gentiles
1103 2515 1231 2568 olim
1263 2514 1316 2568 in
1345 2520 1599 2582 parentes
1637 2529 1703 2568 ac
1750 2511 2068 2584 progenito-

495 2618 587 2661 res
617 2605 720 2660 sibi
761 2607 1109 2661 ascribebant
1145 2606 1422 2662 fabulosos
1462 2608 1584 2662 illos
1620 2605 1773 2661 deos.
1803 2603 1944 2672 Quid
1971 2603 2071 2670 igi-

499 2709 591 2752 tur
617 2698 684 2752 ad
713 2697 828 2754 baae
866 2700 1049 2754 dicent
1079 2699 1296 2754 Judaei?
1328 2700 1550 2754 Certum
1583 2697 1727 2751 miim
1761 2705 1866 2762 est,
1921 2696 2067 2767 quod

494 2789 565 2844 de
591 2802 781 2845 eorum
818 2789 1106 2860 Synagoga
1167 2807 1276 2846 non
1315 2791 1562 2862 loquitur
1615 2789 1909 2860 Propheta,
1942 2803 2068 2845 cum

497 2883 615 2950 lege
641 2889 862 2936 cautum
887 2892 1053 2950 esset,
1086 2891 1144 2936 ut
1179 2897 1207 2937 a
1244 2884 1440 2953 patriis
1472 2885 1721 2940 moribus
1773 2896 1882 2938 non
1914 2898 2067 2939 rece-

500 2975 717 3031 derent.
1246 2998 1251 3002 -

568 3067 733 3124 Vens.
764 3070 851 3124 12.
900 3068 962 3123 Et
997 3071 1322 3140 concupiscet
1375 3069 1482 3125 Rea:
1521 3072 1758 3127 decorem
1794 3081 1968 3126 tuum.
2008 3069 2073 3124 Et

495 3162 687 3231 diliget
717 3169 791 3227 te,
825 3162 1024 3231 inquit,
1059 3164 1103 3217 si
1136 3162 1490 3243 fecerisquat
1513 3163 1651 3218 dixi.
1690 3164 1791 3220 Per
1817 3166 2072 3220 decorem

497 3269 653 3318 vero,
707 3264 766 3310 ut
811 3255 1077 3324 diximus,
1128 3257 1327 3311 animae
1379 3257 1850 3328 pulchritudinem
1909 3257 2075 3312 intel-

499 3344 632 3414 iigit.

570 3435 834 3500 Quoniam
867 3436 989 3503 ipse-
1032 3446 1108 3492 est
1168 3436 1425 3492 Dominus
1481 3439 1620 3494 Deus
1685 3449 1829 3505 tuus,
1859 3451 1909 3496 et
1939 3440 2074 3497 ado-

500 3526 644 3579 rabis
683 3541 823 3580 eum.
859 3527 1204 3597 Desponsare
1231 3529 1332 3595 illi,
1363 3531 1567 3602 inquit.
1615 3541 1670 3586 et
1707 3532 1975 3602 adoptare
2003 3533 2073 3588 ab

497 3633 584 3673 eo.
623 3617 888 3676 Dominus
916 3621 1062 3675 enim
1097 3630 1225 3678 tuus
1276 3632 1381 3686 est,
1409 3624 1579 3678 veluti
1618 3635 1848 3679 creator.
1884 3623 1928 3679 Ο
1968 3623 2074 3678 im-

502 3723 748 3763 mensam
780 3709 1217 3764 tniserieordiam
1252 3720 1307 3766 et
1332 3712 1730 3782 benignitatem
1768 3711 1859 3766 Dei
1886 3713 1898 3765 !
1931 3711 2074 3766 Δάο-

501 3801 650 3856 rabis
682 3802 1054 3872 eum,inquit,
1090 3811 1146 3858 ut
1202 3819 1382 3870 serva,
1437 3807 1650 3862 tametsi
1715 3807 1804 3860 ille
1866 3816 1918 3860 te
1967 3805 2073 3862 sibi

504 3905 761 3960 sponsam
797 3891 988 3947 fecerit
1019 3902 1073 3947 et
1110 3893 1296 3948 filiam.

573 3978 744 4036 Vsus.
773 3983 856 4037 15.
893 3981 959 4034 Et
982 3983 1096 4051 ﬁlia
1119 3983 1245 4054 Tyri
1274 3986 1328 4038 in
1347 3987 1669 4040 muneribus.
1692 3986 1839 4043 ldola
1858 3989 2073 4044 colebat

505 4073 681 4143 ‘l‘yrus
713 4083 767 4130 ct
789 4076 1112 4145 impiissima
1144 4077 1286 4131 inter
1317 4093 1510 4134 omnes
1541 4080 1677 4133 alias
1708 4090 1824 4134 erat
1853 4080 2070 4138 civitas.

503 4165 756 4220 Prteilicit
791 4167 961 4236 igitur
1010 4169 1183 4239 ipsam
1218 4171 1382 4224 etiam
1416 4170 1618 4241 Tyrum
1673 4171 1896 4228 Christo
1929 4174 2071 4228 dona

503 4258 789 4312 allaturam
824 4274 981 4328 esse;
1019 4262 1348 4331 templorum
1383 4262 1646 4318 nimirum
1700 4268 2074 4320 constructio-

505 4366 626 4416 nes,
659 4351 963 4407 oblationes
1031 4362 1085 4408 et
1127 4355 1336 4424 reliqua
1397 4371 1519 4427 quae
1567 4357 1630 4411 ad
1664 4358 1909 4412 divinum
1947 4374 2076 4429 per-

2175 400 2327 470 λέγει
2366 404 2660 476 περιϐολὴν
2695 405 2786 458 καὶ
2823 403 3114 469 ποικιλίαν,
3148 405 3222 468 ῶς
3284 405 3489 474 προῖὼν
3543 406 3719 473 διδάξει

2177 511 2310 564 φανε
2320 492 2454 565 ρώτε
2463 513 2574 566 ρον.

2251 588 2575 652 Ἀκουσον,
2624 592 2899 658 θύγατερ,
2961 591 3059 645 καὶ
3115 592 3222 654 ἷὸε,
3281 591 3378 646 καὶ
3423 589 3624 644 κλῖνον
3663 591 3722 643 τὸ

2176 666 2286 738 οὖς
2339 691 2478 729 σου.
2546 679 2686 748 Ὅρα
2735 679 2850 743 πῶς
2914 680 3391 750 προμνηστεύεται
3448 677 3725 750 ταύτηντῷ

2177 768 2421 839 Χριστῷ.
2450 769 2738 840 Θυγατέρα
2766 774 2824 829 δὲ
2857 773 2950 827 τοῦ
2996 775 3235 844 Χριστοῦ
3279 773 3380 846 τὴν
3423 775 3585 842 αὐτὴν
3635 776 3727 828 πά-

2176 861 2260 914 λιν
2296 862 2576 932 ὁνόμαζει.
2616 865 2741 920 Ἐπὶ
2765 868 2864 935 μὲν
2892 867 2999 920 τῶν
3023 867 3349 937 ἀνθρώπων,
3406 865 3505 918 οὐκ
3561 865 3721 919 ἔνεστι

2175 958 2276 1028 τὴν
2311 959 2484 1032 αὐτὴν
2517 956 2660 1015 εἶναι
2687 963 2783 1016 καί
2817 961 3037 1032 νύμφην
3069 964 3164 1016 καὶ
3201 961 3479 1030 θυγατέρα
3524 961 3612 1014 τοῦ
3639 963 3726 1016 αὐ-

2176 1052 2305 1106 τοῦ·
2346 1054 2438 1107 ἐπὶ
2475 1053 2532 1107 δὲ
2552 1053 2648 1108 τοῦ
2683 1054 2945 1124 Χριστοῦ,
2981 1055 3078 1108 καὶ
3126 1055 3441 1125 ἀμφότερα,
3498 1071 3724 1122 πνευμαο

2178 1146 2306 1200 τικὰ
2330 1147 2440 1217 γάρ
2464 1161 2478 1173 ⁸
2511 1147 2606 1202 καὶ
2646 1146 3028 1217 ὲνυμφεύσατο
3062 1147 3162 1215 μὲν
3193 1130 3384 1217 αὐτὴν,
3404 1145 3492 1199 διὰ
3513 1145 3602 1198 τοῦ
3632 1144 3721 1198 Εὐ-

2178 1239 2435 1307 αγγελίου
2469 1257 2482 1270 ·
2514 1240 2871 1309 ἀνεγέννησεν
2909 1238 2988 1306 δὲ,
3039 1241 3126 1295 διὰ
3187 1239 3282 1294 τοῦ
3347 1238 3725 1309 βαπτίσματος.

2182 1334 2472 1396 Ἄκουσον,
2506 1332 2695 1401 φησιν,
2725 1329 2761 1385 ἃ.
2789 1330 2955 1397 λέγω,
2991 1331 3084 1383 καὶ
3111 1331 3189 1384 ἴδε
3227 1330 3326 1383 ὅσα
3352 1328 3440 1381 διὰ
3471 1327 3529 1380 σὲ
3550 1327 3729 1382 πέπον-

2179 1427 2271 1480 Οεν
2310 1431 2336 1480 ὁ
2377 1427 2608 1496 νυμφίος
2642 1446 2655 1459 ·
2701 1426 2736 1497 ἢ
2759 1427 2859 1479 ὅσα
2894 1425 3162 1497 πεποίηκε
3193 1423 3450 1492 θαύματα
3476 1441 3491 1455 ·
3521 1423 3610 1475 καὶ
3629 1421 3733 1475 κλῖ-

2179 1539 2268 1576 νον
2290 1523 2352 1577 τὸ
2381 1520 2475 1585 οὓς
2506 1539 2624 1576 σου.
2647 1519 2846 1584 ὑπόθες
2878 1518 3010 1574 αὐτὸ
3031 1519 3150 1581 ταῖς
3185 1515 3428 1580 ἐντολαῖς
3456 1513 3636 1569 αὑτοῦ.

2245 1786 2352 1841 Καὶ
2384 1786 2672 1841 ἐπιλάθου
2706 1784 2812 1839 τοῦ
2848 1782 3004 1839 λαοῦ
3051 1795 3189 1836 σου.
3233 1777 3340 1834 Τοῦ
3389 1778 3575 1838 ἔθνους
3631 1792 3737 1840 σου,

2174 1877 2443 1944 τουτέστι,
2496 1877 2596 1948 τῆς
2647 1876 2891 1947 πονηρᾶς
2941 1874 3121 1929 αὐτῶν
3180 1868 3483 1934 πολιτείας,
3529 1868 3621 1924 καὶ
3649 1868 3739 1937 τῆς

2175 1973 2343 2046 προτέ
2354 1991 2451 2044 ρας
2478 1971 2778 2041 διαγωγῆς.

2246 2065 2355 2120 Καὶ
2395 2066 2502 2120 τοῦ
2532 2065 2704 2119 οἴκου
2729 2062 2834 2119 τοῦ
2867 2062 3094 2132 πατρός
3130 2077 3273 2115 σου.
3309 2059 3420 2111 Καὶ
3476 2054 3569 2107 τοῦ
3616 2051 3734 2106 ναοῦ

2175 2161 2270 2216 τοῦ
2308 2161 2578 2224 διαϐόλου,
2619 2160 2713 2216 τοῦ
2739 2161 2942 2233 πατρός
2976 2177 3089 2214 σου.
3141 2157 3266 2224 Πᾶς
3294 2158 3426 2228 γὰρ,
3477 2155 3679 2225 tanaim,
3710 2155 3739 2208 ό

2173 2252 2361 2309 ποιῶν
2387 2254 2504 2323 τὴν
2530 2255 2842 2324 ἁμαρτίαν,
2868 2254 2936 2306 ἐκ
2963 2253 3071 2308 τοῦ
3101 2243 3386 2306 διᾰϐόλου
3416 2247 3734 2319 γεγένηται.

2187 2347 2480 2402 Ἐπιλάοου
2513 2347 2609 2400 καὶ
2643 2347 2751 2401 τῶν
2781 2346 2995 2416 μιαρῶν
3024 2345 3249 2408 Θυσιῶν,
3281 2343 3378 2397 καὶ
3407 2342 3516 2395 τῶν
3541 2339 3737 2408 ἐναγῶν

2174 2440 2400 2496 ἐκείνων
2426 2441 2679 2496 τελετῶν.
2729 2439 2839 2494 Καὶ
2867 2440 3046 2503 ἄλλως
3076 2438 3184 2510 γὰρ
3211 2438 3282 2491 τὰ
3318 2435 3453 2506 ἔθνη
3506 2434 3737 2501 πατέρας

2174 2535 2384 2588 ἑαυτῶν
2405 2534 2717 2604 ἐπέγραφον
2740 2533 2866 2597 τοὺς
2901 2531 3303 2602 μυθευομένους
3327 2527 3507 2588 Θεούς.
3532 2526 3596 2580 Τί
3616 2526 3657 2579 δ’
3680 2525 3739 2580 ἂν

2174 2629 2382 2681 εἴποιεν
2422 2627 2667 2681 Ἰουδαῖοι
2718 2625 2852 2697 πρὸς
2877 2625 3051 2680 ταῦτα
3073 2642 3087 2691 ;
3113 2622 3400 2695 Προδήλως
3427 2623 3556 2692 γὰρ,
3576 2620 3636 2673 οὐ
3649 2617 3740 2688 τὴν

2173 2720 2353 2773 αὐτῶν
2389 2720 2537 2787 λέγει
2567 2717 2913 2789 συναγωγὴν,
2940 2711 3022 2782 οἷς
3063 2715 3300 2788 μάλιστα
3320 2713 3486 2784 νόμος
3520 2711 3596 2784 μὴ
3621 2707 3738 2780 ἀφί-

2176 2811 2404 2864 στασθαι
2433 2810 2543 2864 τῶν
2572 2811 2839 2882 πατρίων.

2260 3076 2648 3144 Ἐπιθυμήσει
2697 3079 2730 3132 ό
2783 3076 3087 3143 βασιλεὺς
3142 3077 3249 3132 τοῦ
3306 3075 3579 3141 κάλλους
3609 3085 3739 3127 σου.
3829 3080 3832 3082 ⁷

2177 3167 2290 3221 Καὶ
2317 3168 2598 3238 ἀγαπήσει
2623 3185 2704 3234 σε,
2733 3170 2783 3221 εἰ
2820 3170 3073 3239 ποιήσεις
3115 3168 3151 3224 ἃ
3187 3161 3364 3224 εἷπον.
3431 3166 3644 3230 καλλος
3688 3164 3742 3217 δὲ

2178 3259 2401 3331 ταύτης,
2432 3263 2464 3333 ὴ
2492 3262 2701 3335 ψυχικὴ
2731 3261 3026 3334 ῶραιότης,
3056 3259 3132 3326 ὡς
3155 3260 3398 3333 εἴρηται.

2255 3437 2581 3502 Ὀτιαύτός
2622 3437 2792 3490 ἐστιν
2828 3437 2862 3490 ὁ
2897 3435 3116 3505 Κύριός
3155 3449 3293 3503 σου,
3338 3436 3436 3489 καί
3484 3447 3739 3501 προσκυο

2176 3529 2390 3599 νήσοις
2419 3529 2600 3593 αὐτῷ.
2634 3527 2996 3598 Νυμφεύθητι
3024 3527 3193 3598 αὐτῷ,
3238 3527 3334 3580 καὶ
3379 3524 3740 3596 υίοποιήῢητι.

2187 3626 2248 3679 '0
2304 3623 2584 3694 Δεσπότης
2625 3623 2720 3676 σού
2769 3623 2938 3687 ἐστιν,
2989 3621 3063 3686 ὡς
3125 3621 3484 3692 δημιουργός.
3533 3621 3594 3674 Ὢ
3651 3617 3744 3686 τῆς

2177 3717 2407 3789 ἀπείρου
2463 3717 2928 3786 συγκαταόἁσεως
2987 3716 3083 3769 καὶ
3133 3714 3584 3785 φιλανθρωπίαςί
3644 3711 3744 3766 Καὶ

2177 3811 2582 3882 προσκυνήσεις
2613 3809 2764 3882 αὐτῷ
2809 3807 3091 3875 δουλικῶς,
3151 3808 3203 3861 εί
3245 3809 3339 3863 καὶ
3383 3806 3608 3878 νύμφην
3657 3804 3745 3859 καὶ

2179 3905 2459 3976 θυγατέρα
2492 3920 2551 3957 σε
2585 3904 2879 3975 πεποίηκε.

2251 3998 2363 4052 Kal
2403 3996 2667 4067 θυγάτηρ
2695 3998 2882 4065 Τύρου
2908 3997 2978 4050 ἐν
3023 3993 3253 4062 δώροις.
3294 3992 3633 4054 Κατείδω).ος
3682 3985 3745 4059 ἦν

2179 4094 2213 4162 ἡ
2245 4091 2441 4162 Τύρος,
2483 4091 2576 4144 καὶ
2633 4088 3037 4158 δυσσεϐεστάτη
3083 4087 3315 4165 μάλιστα
3369 4086 3479 4139 τῶν
3540 4085 3744 4137 πόλεων

2179 4185 2377 4241 ἄλλων.
2413 4185 2753 4254 Προφητεύει
2786 4178 2937 4250 γοῦν,
2969 4181 3051 4234 ὅτι
3086 4179 3180 4232 καὶ
3211 4179 3349 4250 αύτὴ
3375 4179 3745 4250 δωροφορήσει

2183 4276 2261 4346 τῷ
2288 4274 2510 4345 Χριστῷ
2561 4272 2708 4327 ναῶν
2751 4273 3063 4344 οἰκοδομὰς,
3114 4272 3209 4326 καὶ
3247 4271 3598 4342 ἀναθήματα,
3658 4267 3747 4321 καὶ

2180 4368 2281 4439 τὴν
2314 4367 2482 4438 ἄλλην
2507 4365 2785 4436 λατρείαν.
2821 4366 3036 4431 Ἔσται,
3064 4366 3250 4434 φησὶν,
3283 4365 3339 4418 ἐν
3369 4363 3588 4433 δώροις.
3638 4364 3742 4416 9v-

503 4444 679 4497 tinent
707 4445 934 4499 cultum.
967 4444 1104 4513 Erit,
1135 4447 1336 4516 inquit,
1370 4450 1423 4503 in
1449 4449 1611 4506 donis
1644 4451 1750 4505 filia
1787 4453 1937 4522 Tyri,
1974 4452 2072 4507 hoc

2180 4461 2362 4531 γάτηρ
2407 4459 2464 4512 δὲ
2517 4460 2725 4527 Τύρου,
2785 4457 2908 4512 ἀντὶ
2962 4456 3094 4524 τού,
3148 4458 3183 4527 ἡ
3216 4455 3478 4528 Θυγάτηρ
3538 4455 3742 4525 Τύρος·

505 4544 611 4598 est,
639 4535 756 4605 ipsa
786 4535 987 4606 Tyrus.
1014 4538 1109 4592 Est
1136 4540 1282 4593 enim
1314 4541 1514 4596 idioma
1549 4543 1899 4608 llebraieom,
1924 4546 2072 4613 juxta

2181 4550 2379 4621 ίδίωμα
2409 4550 2515 4622 γὰρ
2546 4549 2823 4604 καὶτοῦτο
2856 4548 3148 4620 Ἐϐραῖκόν
3184 4567 3198 4582 τ
3226 4550 3370 4604 οὕτω
3398 4551 3510 4619 γὰρ
3542 4550 3637 4601 καὶ
3668 4545 3744 4611 τὺ,

503 4629 653 4698 quod
690 4640 743 4684 et
776 4631 940 4685 tiliam
984 4630 1280 4702 Babylonis
1334 4634 1442 4689 diei
1499 4635 1752 4705 legimus,
1813 4647 1869 4691 et
1907 4638 2072 4693 tiliam

2180 4642 2453 4712 Θυγάτηρ
2491 4641 2873 4708 Βαϐυλῶνος,
2903 4644 2996 4696 καὶ
3029 4645 3084 4698 ετ
3139 4662 3191 4697 τι
3251 4642 3515 4697 τοιοῦτον.
3572 4641 3740 4707 Θυγαι

507 4719 660 4785 Siou,
701 4729 751 4774 et
787 4722 892 4777 alia
925 4722 1240 4791 huiusmodi
1268 4726 1460 4781 multa.
1495 4724 1685 4780 Filiam
1715 4736 1897 4782 autem
1937 4729 2072 4784 civi-

2180 4732 2308 4802 τέρα
2333 4733 2390 4786 δὲ
2413 4731 2642 4785 καλοῦσι
2666 4731 2765 4801 τὴν
2789 4733 2966 4798 πόλιν,
2997 4731 3073 4797 ὡς
3109 4733 3246 4804 πρὸς
3265 4733 3363 4804 τὴν
3385 4733 3515 4803 ὃλην
3542 4731 3740 4803 χώραν,

503 4818 665 4865 tatem
693 4811 952 4882 appellat,
982 4815 1048 4867 ad
1071 4813 1238 4869 totius
1259 4817 1555 4885 provincia:
1577 4819 2069 4886 comparationem.

2180 4820 2245 4896 ἧς
2289 4822 2430 4894 αὕτη
2484 4823 2648 4894 μέρος
2685 4824 2823 4880 ἐστι.
2887 4823 3024 4894 Περὶ
3065 4828 3158 4879 τοῦ
3211 4823 3503 4893 ἰδιώματος
3556 4823 3738 4877 τούτου

503 4903 663 4970 cujus
688 4905 804 4973 ipsa
840 4902 1020 4974 Tyrus
1044 4914 1129 4962 est
1163 4922 1310 4976 pars.
1351 4907 1602 4964 Similem
1640 4911 1898 4980 loquendi
1953 4928 2072 4968 mo.

2180 4916 2383 4985 ζητῶν,
2416 4917 2672 4988 εὑρήσεις
2700 4917 2794 4972 καὶ
2821 4917 2932 4990 (6!)
2967 4919 3047 4983 είς
3084 4919 3176 4974 τὸν
3196 4916 3273 4990 οβ’
3300 4917 3538 4989 ψαλμὸν,
3565 4917 3625 4970 ἐν
3667 4913 3741 4984 τῷ

505 4996 635 5048 «lum
692 4996 935 5050 invenies
985 4997 1042 5051 in
1090 4998 1194 5051 line
1250 5001 1443 5067 psalmi
1491 5017 1636 5055 Lxxu
1691 5002 1838 5075 [ibiz
1879 5003 2072 5058 (Itan-
2176 5009 2340 5064 τέλει.

510 5087 743 5139 nuntiem
809 5101 988 5142 omnes
1041 5088 1380 5144 laudationes
1439 5103 1558 5146 tuas
1614 5093 1668 5146 in
1728 5094 1896 5162 portis
1941 5095 2072 5164 ﬁlia:

504 5177 678 5250 Sion.]

580 5271 790 5327 Vultum
818 5282 964 5326 tuum
1001 5275 1415 5340 deprecabuntur
1447 5294 1625 5334 omnes
1654 5281 1839 5335 divites
1864 5283 2066 5352 populi.

2254 5281 2326 5336 Τὸ
2370 5281 2697 5350 πρόσωπόν
2739 5296 2858 5336 σου
2902 5278 3374 5336 ,λιτανεύσουσιν
3415 5276 3637 5342 πάντες
3687 5280 3738 5329 οι

573 5460 620 5491 ³³
671 5456 828 5514 Jonn.
863 5478 982 5528 rm,
1013 5463 1109 5517 54.

1831 5555 2030 5618 Variae
2066 5556 2395 5619 lectiones.

579 5653 686 5727 (61)
709 5656 770 5712 Al
829 5660 985 5728 Ζήτει
1019 5657 1254 5724 περ’ττοῦ
1284 5658 1573 5730 ἰδιώματος
1611 5661 1819 5728 τούτου,
1885 5663 1940 5715 ἐν
1983 5662 2058 5732 τῷ
2079 5660 2154 5730 οβ’
2180 5661 2399 5732 ψαλμῷ,
2423 5663 2479 5716 ὲν
2502 5661 2577 5733 τῷ
2599 5662 2765 5716 τέλει.
