4014 6248
590 173 697 238 503

1815 188 2201 252 EUTHYMII
2241 191 2599 259 ZlGABENI
3709 208 3794 272 θοι

585 287 784 356 quibus
822 288 1287 350 sollicitudinibus
1321 295 1402 351 ha:
1432 297 1674 367 virgines
1709 298 1980 355 immunes
2009 308 2156 364 sunt,

2261 306 2414 372 θενος
2455 311 2857 381 ἀπαλλαγεῖσα,
2933 315 3028 370 καὶ
3086 313 3223 383 apo;
3278 314 3439 384 μόνον
3494 314 3580 369 τὸν
3631 323 3794 389 νοητὸν

586 397 710 435 cum
748 381 814 436 ad
849 383 1069 440 unicum
1097 394 1151 442 et
1183 387 1460 444 caelestem
1496 389 1772 461 Sponsum
1801 392 1980 447 solum
2030 407 2157 462 ερον

587 483 820 538 ctantes,
855 476 1216 546 Spiritualiter
1243 482 1611 546 oblecteulur,

654 566 929 622 Ducentur
981 571 1036 625 in
1078 574 1327 643 templum
1380 575 1557 647 Regis.
1591 577 1686 632 Vel
1718 579 1846 648 quia
1881 580 2154 651 virginum

586 660 811 717 ordines
852 664 903 716 in
939 662 1185 720 Ecclesia
1228 676 1545 724 statuantur
1575 689 1588 725 :
1618 671 1702 725 vel
1730 685 1827 740 per
1864 672 2154 741 templum,

583 755 863 812 caelestem
897 760 1100 830 regiam
1122 761 1392 833 intelligit,
1424 763 1492 818 ad
1522 779 1684 834 quam
1718 765 1958 836 virgines
1979 765 2156 821 addu-

581 855 775 903 rentur
809 850 878 904 ab
909 851 1141 921 angelis.

653 1029 821 1088 Vatis.
852 1032 940 1086 Π.
968 1033 1078 1088 Pro
1123 1037 1364 1104 patribus
1397 1037 1499 1091 tuis
1558 1039 1670 1092 nati
1716 1046 1838 1094 sunt
1880 1041 1974 1095 tibi
2030 1042 2150 1111 ﬁlii.

584 1121 711 1178 llaec
735 1124 799 1178 ad
830 1126 1131 1181 Ecclesiam
1164 1125 1402 1183 ﬁdelium
1445 1128 1592 1184 dicta
1627 1136 1758 1186 sunt
1793 1146 1995 1202 :quam
2025 1133 2152 1203 quia

581 1217 822 1286 iusserat
862 1218 1140 1288 Propheta
1170 1235 1199 1273 a
1244 1222 1422 1290 patria
1472 1221 1639 1276 domo
1675 1221 1984 1290 discedere,
2021 1237 2154 1279 con-

581 1307 789 1363 solatur
824 1325 971 1365 nunc
1002 1311 1211 1377 dicens,
1249 1312 1390 1382 quod
1426 1312 1522 1367 lilii
1556 1312 1700 1382 ejus,
1755 1313 1940 1370 ﬁdeles
1995 1313 2155 1368 nimi-

581 1416 727 1465 rum,
765 1404 857 1471 qui
895 1419 991 1474 per
1024 1402 1360 1475 baptismum
1393 1407 1753 1477 regenerandi
1786 1417 1966 1475 erant,
2020 1423 2152 1464 nas-

580 1504 773 1550 centur
841 1498 962 1552 loco
1033 1507 1322 1569 parentum
1401 1498 1558 1569 ejus,
1630 1509 1797 1570 atque
1855 1500 1909 1556 in
1961 1515 2152 1557 eorum

579 1589 924 1645 sullicirntur
959 1589 1326 1660 dignitatem;
1366 1592 1727 1662 episcopique
1777 1607 1840 1648 ac
1891 1593 2149 1649 custodes

581 1679 891 1745 hominum,
943 1692 998 1737 et
1049 1681 1424 1740 Ecclesiarum
1463 1683 1726 1754 praesides
1779 1686 1832 1739 in
1876 1694 1992 1740 toto
2024 1686 2156 1740 orbe
2191 1669 2231 1723 Β

580 1772 988 1830 constituentur
1019 1793 1032 1828 :
1071 1775 1220 1843 quod
1279 1775 1334 1831 in
1388 1776 1752 1846 sequentibus
1782 1778 1945 1832 etiam
1982 1778 2156 1847 magis

578 1864 813 1933 explicat
842 1863 1030 1921 dicens
1059 1883 1074 1919 :

648 1955 950 2011 Constitues
981 1975 1067 2010 eos
1093 1960 1353 2028 principes
1385 1976 1539 2028 super
1587 1979 1792 2017 onmem
1816 1947 2037 2016 terram.
2071 1961 2152 2016 Ad

577 2043 865 2101 Christum
914 2063 1226 2105 sermonem
1291 2052 1478 2116 habet,
1532 2053 1691 2120 cujus
1754 2063 2009 2123 parentes
2056 2068 2153 2109 seu

575 2147 766 2207 patres
801 2154 866 2195 ex
893 2149 1142 2196 materno
1173 2158 1394 2212 genere,
1424 2145 1697 2199 Abraham
1729 2143 1852 2208 fuit,
1879 2161 1941 2201 ac
1971 2144 2153 2200 caeteri

577 2231 911 2299 patriarchae
938 2235 992 2288 et
1022 2234 1343 2305 prophetae;
1369 2236 1461 2290 ﬁlii
1491 2252 1619 2292 vero
1645 2237 1877 2306 apostoli
1907 2237 2072 2307 ,quod
2099 2238 2153 2291 in

576 2325 901 2395 dignitatem
936 2334 1227 2398 parentum
1278 2328 1486 2384 Christi
1520 2328 1738 2383 sull‘ecti
1771 2339 1939 2396 sunt;
1975 2329 2151 2384 eliecti

574 2418 838 2475 nimirum
858 2430 912 2475 et
939 2419 1042 2490 ipsi
1069 2420 1419 2490 patriarcha},
1445 2437 1507 2478 ac
1530 2423 1888 2492 plurimarum
1909 2422 2152 2494 gentium

573 2519 784 2581 patres,
812 2528 954 2582 quos
983 2529 1082 2583 per
1121 2515 1459 2585 baptismum
1517 2517 1620 2571 sibi
1671 2528 1984 2588 genuerunt
2011 2537 2025 2574 :
2057 2517 2151 2588 qui

575 2603 744 2658 etiam
776 2603 922 2676 digni
958 2605 1125 2660 habiti
1151 2617 1299 2672 sunt,
1332 2617 1390 2660 ut
1423 2610 1653 2677 spiritus
1684 2611 1914 2679 gratiam
1943 2610 2156 2682 recipe~

575 2703 728 2764 rent,
766 2705 938 2767 utque
965 2699 1132 2753 veluti
1163 2699 1350 2754 eximii
1376 2700 1600 2770 quidam
1637 2703 1805 2757 duces
1844 2703 1896 2757 in
1932 2701 2156 2794 univer-

581 2800 701 2839 sum
728 2786 916 2840 orbem
960 2795 1232 2844 terrarum
1288 2791 1664 2847 mitterentur.
1726 2791 1927 2847 Euntea
1986 2786 2152 2857 enim,

576 2878 780 2948 inquit,
822 2878 1007 2934 docete
1047 2898 1229 2936 omnes
1283 2894 1456 2952 gentes
1487 2885 1570 2953 ";
1625 2900 1728 2941 nec
1778 2886 2155 2941 tantummodo

2267 402 2447 474 ὁρῶσα
2495 408 2747 476 νυμφίον,
2810 408 2989 478 χαερει
3043 408 3452 479 πνευματικῶς.

2349 588 2740 658 Ἀχθήσονται
2801 591 2890 655 εις
2934 589 3088 643 ναὸν
3117 586 3444 654 βασιλέως.
3493 587 3557 640 Ἣ
3607 586 3681 641 ὅτι
3719 589 3800 641 καὶ

2267 681 2554 751 παρθένων
2573 681 2832 751 τάγματα
2864 679 2941 751 τῷ
2967 681 3156 751 κλήρῳ
3178 680 3278 750 τῆς
3320 679 3641 750 Ἐκκλησῐας
3692 683 3802 750 ἀφο-

2269 775 2587 846 ρισθήσεται
2622 793 2636 806 ·
2697 777 2730 846 ἢ
2784 777 2932 842 ναὸν,
2996 775 3090 830 τὸν
3157 773 3504 844 ἐπουράνιον,
3552 776 3640 828 καὶ
3665 775 3726 829 τὰ
3755 777 3802 829 ἐν

2265 869 2483 940 οὐρανῷ
2512 868 2783 940 βασίλεια,
2818 870 2898 931 είς
2928 867 2964 920 ἃ.
3006 867 3159 939 παρὰ
3203 866 3313 920 τῶν
3376 866 3617 935 ἀγγὲλων
3657 862 3806 939 ἀχθή-

2267 978 2449 1016 σονται
2458 999 2471 1013 ι

2347 1054 2495 1108 Ἁντὶ
2527 1052 2645 1108 τῶν
2673 1055 2946 1122 πατέρων
2980 1069 3097 1108 σου
3141 1051 3558 1122 ἐγεννήθησαν
3611 1051 3662 1104 ol
3709 1051 3810 1106 clo!

2264 1163 2402 1201 σου.
2439 1144 2614 1200 Τοῦτο
2645 1147 2784 1217 πρὸς
2819 1147 2917 1216 τὴν
2954 1145 3280 1213 συναγωγὴν
3332 1144 3444 1197 τῶν
3515 1143 3708 1197 πιστῶν
3749 1143 3811 1195 ιι.

2265 1256 2436 1310 ρηκεν
2467 1253 2480 1267 ο
2514 1239 2707 1309 ἐπειδὴ
2742 1239 2851 1307 γὰρ
2880 1237 3168 1290 ἐκέλευσεν
3208 1236 3379 1306 αὐτὴν
3419 1235 3808 1305 ἀποστῆναιτοῦ

2263 1330 2519 1402 πατρῴου
2589 1331 2769 1396 οἷκον,
2798 1329 3211 1398 παραμυθεῖται
3265 1327 3495 1399 ταύτην,
3542 1329 3620 1381 ὅτι
3666 1326 3808 1380 τέκνα

2262 1428 2454 1496 αὐτῆς,
2483 1427 2654 1497 ἤγουν
2709 1426 2760 1479 οἱ
2813 1422 3210 1487 πιστεύσαντες
3237 1423 3332 1477 καὶ
3375 1419 3812 1490 άναγεννηθέντες

2263 1521 2350 1574 διὰ
2373 1520 2464 1574 τοῦ
2491 1520 2886 1590 βαπτίσματος,
2919 1520 3243 1587 γενήσονται
3282 1516 3402 1570 ἀντὶ
3446 1514 3553 1568 τῶν
3588 1513 3811 1582 πατέρων

2263 1616 2454 1683 αὐτῆς,
2487 1616 2612 1667 ὅσον
2637 1615 2714 1674 εἰς
2745 1612 3085 1683 προστασίαν
3119 1628 3132 1640 ·
3177 1609 3524 1680 κατέστησαν
3562 1606 3666 1677 γὰρ
3709 1606 3813 1660 ἐπὶ·

2263 1723 2452 1759 σκοποι
2494 1707 2589 1758 καὶ
2629 1704 2932 1775 προστάται
2980 1702 3090 1756 τῶν
3149 1703 3293 1756 κατά
3345 1703 3546 1764 τόπους
3611 1701 3814 1770 Ἐκκλη-

2262 1799 2414 1864 σιῶν,
2443 1799 2471 1850 ὃ
2501 1800 2594 1853 καὶ
2626 1797 2714 1852 διὰ
2737 1798 2845 1851 τῶν
2872 1796 2999 1866 ἑξῆς
3024 1797 3316 1867 ἐδήλωσεν.
3345 1794 3519 1848 εἰπών
3539 1808 3553 1821 ·

2329 1979 2954 2048 Καταστήσειαῠτοὺς
2983 1979 3282 2049 ἄρχοντας
3325 1979 3424 2033 ἐπὶ
3472 1978 3676 2035 πᾶσαν
3713 1974 3817 2044 τὴν

2258 2074 2397 2143 γῆν.
2427 2076 2507 2128 Ἦι
2533 2077 2626 2129 καὶ
2657 2075 2794 2146 πρὸς
2819 2074 2910 2127 τὸν
2949 2073 3187 2144 Χριστὸν
3217 2073 3246 2126 ὁ
3280 2072 3462 2140 λόγος,
3513 2067 3572 2127 οὗ
3605 2071 3818 2140 πατέρες

2262 2171 2382 2240 μὲν,
2424 2169 2548 2221 ὅσον
2585 2168 2694 2221 ἀπὸ
2730 2167 2831 2237 τῆς
2865 2167 3071 2237 μητρὸς
3103 2163 3293 2230 αὐτοῦ,
3339 2164 3601 2235 ’Δόραὰμ
3636 2164 3725 2217 καὶ
3772 2159 3816 2215 οἱ

2257 2262 2436 2316 λοιποὶ
2476 2260 2814 2331 πατριάρχαι
2845 2262 2942 2313 καὶ
2963 2259 3246 2331 προφῆται
3272 2272 3286 2286 ·
3316 2257 3426 2310 υἱοὶ
3462 2256 3541 2320 δὲ,
3590 2258 3638 2308 οἱ
3695 2254 3816 2308 ἀπό-

2260 2356 2460 2416 στολοι,
2491 2354 2687 2418 οἵτινες
2714 2353 3062 2422 ὲπανὲὃησαν
3089 2353 3169 2415 εἰς
3199 2352 3259 2404 τὸ
3292 2350 3515 2420 ἀξίωμα
3534 2349 3641 2402 τῶν
3672 2346 3821 2401 mti-

2261 2465 2368 2520 ptov
2397 2446 2587 2512 αὑτοῦ,
2628 2445 2963 2517 πατριάρχαι
2990 2463 3048 2498 τε
3083 2444 3389 2516 γενόμενοι,
3433 2445 3496 2497 ἐν
3542 2442 3620 2514 τῷ
3646 2440 3819 2510 γεννῆο

2259 2558 2349 2594 σαι
2388 2540 2476 2594 διὰ
2498 2541 2592 2594 τοῦ
2627 2540 3007 2610 βαπτίσματος
3034 2540 3213 2594 πάντα
3237 2539 3307 2592 τά
3345 2538 3502 2610 ἔθνη,
3527 2539 3623 2592 καὶ
3669 2535 3820 2599 ἀξιωο

2259 2633 2441 2696 θέντες
2499 2632 2593 2686 τοῦ
2644 2631 3024 2702 πνευματικοῦ
3076 2625 3442 2702 χαρίσματος.
3532 2630 3690 2685 Ἀλλὰ
3737 2629 3821 2681 καὶ

2257 2724 2649 2794 ἀπεστάλησαν
2674 2722 2934 2793 ἄρχοντες
2965 2723 3098 2793 παρ’
3159 2721 3328 2776 αὑτοῦ
3380 2723 3467 2786 εἰς
3518 2723 3696 2775 πᾶσαν
3731 2721 3819 2788 τὴν

2258 2816 2381 2886 γῆν.
2410 2813 2814 2883 Πορευθέντες
2837 2814 2969 2885 γὰρ,
3003 2814 3162 2883 φησὶ,
3191 2814 3614 2883 μαθητεύσατε
3644 2810 3822 2865 πάντα

2257 2909 2332 2963 τὰ
2377 2909 2548 2975 ἔθνη.
2592 2908 2666 2961 Οὐ
2730 2907 2890 2977 μόνον
2945 2906 3002 2960 δὲ
3060 2905 3267 2971 ζῶντες
3304 2901 3504 2978 ἦρξαν,
3561 2904 3694 2958 ἀλλὰ
3739 2901 3822 2956 καὶ

575 2969 706 3023 dum
727 2971 975 3026 viverent
1030 2974 1402 3044 principatum
1446 2977 1594 3032 hunc
1644 2977 2015 3045 retinuerunt,
2056 2979 2151 3035 sed

2264 3000 2405 3072 μετὰ
2454 2969 2743 3053 Θάνατονί
2791 3001 2992 3062 πάντες
3055 2969 3166 3070 γὰρ
3215 3001 3266 3052 oi.
3317 2969 3527 3065 πιστοὶ,
3561 2993 3822 3065 πανταχοῦ

571 3059 737 3117 etiam
755 3073 878 3133 post
903 3077 1157 3124 mortem.
1190 3067 1389 3123 Eorum
1416 3071 1560 3125 enim
1589 3071 1875 3141 praeceptis
1901 3088 1965 3126 ac
1991 3074 2160 3129 moni-

572 3153 672 3217 tis,
698 3154 903 3225 ubique
937 3158 1181 3228 gentium
1214 3158 1403 3215 ﬁdeles
1434 3161 1842 3232 obtemperant,
1876 3170 2040 3232 atque
2084 3163 2154 3217 ab

576 3247 660 3303 eis
745 3247 1083 3321 diriguntur.
1140 3251 1450 3306 Ostendant
1506 3253 1691 3325 itaque
1755 3252 1972 3322 Judaei,
2023 3255 2152 3322 qui-

575 3355 704 3395 nam
768 3357 960 3396 eorum
1034 3343 1128 3397 ﬁlii
1198 3346 1592 3414 imperaverint
1671 3347 1969 3417 aliquando
2050 3347 2151 3402 toti

577 3443 739 3488 terra:
778 3450 792 3487 :
829 3447 952 3488 cum
983 3434 1084 3505 ipsi
1121 3438 1305 3505 potius
1338 3438 1596 3495 universo
1657 3455 1804 3495 nunc
1856 3442 1976 3496 orbi
2031 3457 2152 3498 ser-

575 3527 750 3581 viant.

645 3618 818 3678 Vatis.
847 3621 936 3678 18.
968 3622 1170 3677 Memor
1191 3642 1278 3679 ero
1307 3628 1532 3681 nominis
1565 3631 1639 3682 tui
1677 3629 1730 3682 in
1761 3631 1904 3684 omni
1928 3648 2147 3701 genera-

578 3713 720 3767 tione
749 3722 799 3768 et
835 3715 1195 3785 generatione.
1228 3718 1341 3772 Hoc
1377 3732 1441 3772 ex
1480 3733 1714 3788 persona
1757 3720 2016 3776 Ecclesiae
2068 3721 2152 3777 di-

575 3817 724 3864 ctum
781 3815 886 3872 est,
935 3816 1225 3880 postquam
1279 3817 1389 3865 tam
1446 3813 1722 3880 praeclaris
1781 3813 1944 3870 donis
1988 3815 2149 3884 digna

576 3905 662 3954 est
727 3895 933 3954 habita.
1006 3897 1277 3971 Repetitio
1360 3910 1541 3957 autem
1610 3903 1702 3958 illa
1760 3905 2152 3974 generationis.

577 3996 900 4060 perpetuam
938 3991 1145 4062 prolem
1181 4007 1246 4048 ac
1303 3996 1713 4050 successionem
1760 3998 2067 4067 signiﬁcat;
2099 4006 2152 4052 et

577 4097 712 4138 sane
774 4099 990 4154 semper
1044 4083 1251 4140 Christi
1288 4100 1499 4157 memor
1533 4086 1633 4141 fuit
1677 4087 1942 4154 Ecclesia,
1994 4090 2154 4160 cujus

577 4181 799 4237 nomine
836 4183 1099 4253 insignita
1135 4183 1339 4236 mirum
1375 4183 1432 4236 in
1460 4184 1681 4238 modum
1712 4185 2004 4253 gloriatur.

657 4273 950 4342 Propterea
998 4277 1176 4344 populi
1225 4276 1736 4343 conﬁtebuntur-tibi
1785 4279 1839 4330 in
1875 4278 2150 4333 amulum.

2260 3094 2370 3154 τοῖς
2399 3093 2580 3163 νόμοις
2615 3092 2796 3148 αὐτῶν
2823 3091 2920 3146 καὶ
2956 3093 3079 3155 ταῖς
3098 3092 3509 3163 παραγγελίαις
3537 3091 3820 3152 πείθονται,

2259 3187 2352 3240 καὶ
2406 3186 2694 3242 ἱθύνονται.
2747 3187 3095 3253 Δειξάτωσαν
3145 3184 3241 3242 οὖν
3286 3188 3336 3241 οἱ
3395 3186 3664 3249 Ἰουδαῖοι,
3695 3183 3822 3245 τινες

2256 3279 2362 3333 υἱοὶ
2389 3278 2571 3332 αὐτῶν
2614 3275 2789 3350 ἦρξαν
2818 3278 3001 3348 πάσης
3034 3278 3137 3349 τῆς
3194 3279 3337 3349 γῆς·
3392 3277 3512 3349 (64)
3555 3277 3590 3345 ἢ
3639 3274 3822 3346 μᾶλλον

2256 3373 2406 3441 πάσῃ
2432 3373 2498 3441 τῇ
2529 3372 2599 3442 γῇ
2629 3370 2961 3425 δουλεύουσι.

2324 3637 2764 3708 Μνησθήσομαι
2796 3633 2905 3691 τοῦ
2943 3635 3242 3704 ὀνόματός
3285 3648 3402 3690 σου
3433 3635 3510 3690 ἐν
3543 3635 3710 3703 πάσῃ
3735 3649 3823 3702 γε⁴

2254 3730 2364 3800 νεᾷ
2385 3731 2484 3786 καὶ
2518 3729 2714 3800 γενεᾷ.
2757 3729 2931 3783 Τοῦτο
2951 3731 2985 3799 ἡ
3030 3727 3355 3799 Ἐκκλησία,
3389 3729 3554 3800 φησὶ,
3583 3727 3827 3782 τοιούτων

2255 3804 2552 3888 ἀξιυίθεῖσα
2574 3841 2586 3854 ·
2630 3825 2665 3894 ἡ
2711 3822 3080 3886 ἀναδίπλωσις
3121 3821 3180 3875 δὲ
3214 3822 3314 3891 τῆς
3358 3822 3586 3891 γενεᾶς,
3621 3819 3720 3890 τὴν
3753 3820 3826 3880 εἰς

2255 3917 2344 3971 ἀεὶ
2392 3915 2648 3987 διαδοχὴν
2697 3915 2978 3986 σημαίνει.
3020 3915 3133 3968 Καὶ
3183 3913 3291 3986 μὴν
3324 3913 3418 3966 καὶ
3465 3913 3826 3985 μιμνήσκεται

2254 4009 2343 4064 ἀεὶ
2363 4009 2459 4062 τοῦ
2487 4009 2731 4080 Χριστοῦ
2755 4026 2767 4039 ·
2791 4008 2904 4082 (65)
2929 4008 3053 4062 ἐπεὶ
3081 4008 3180 4062 καὶ
3202 4007 3299 4062 ἀπ’
3315 4005 3516 4071 αὑτοῦ,
3536 4004 3824 4078 Χριστιανὴ

2256 4101 2545 4170 κέκληται.

2328 4285 2428 4338 Διὰ
2462 4284 2639 4338 τοῦτο
2663 4283 3220 4354 ἐξομολογήσονται
3239 4299 3339 4338 σοι
3371 4287 3460 4351 εις
3493 4286 3605 4339 τὸν
3631 4281 3824 4339 αἰῶνα.

579 4368 852 4434 Quoniam
889 4377 1043 4424 tanta
1100 4370 1155 4424 in
1190 4386 1292 4423 me.
1327 4371 1669 4438 providentia
1710 4385 1772 4425 ac
1809 4371 1993 4425 studio
2021 4387 2154 4428 usus

2261 4377 2401 4430 Διότι
2460 4376 2731 4448 τοσαύτης
2768 4353 2864 4447 με
2924 4376 3270 4448 προμηθείας
3324 4374 3598 4445 ἠξίωσας,
3659 4374 3824 4443 πλήθη

579 4477 662 4528 es,
706 4459 948 4516 ﬁdelium
985 4461 1171 4532 populi
1215 4461 1345 4516 dum
1381 4462 1562 4516 vivent
1594 4463 1800 4533 gratias
1842 4460 1938 4516 tibi
1995 4473 2156 4534 agent

2261 4469 2466 4523 πιστῶν
2495 4469 2955 4541 εὐχαριστήσουσῑ
3014 4486 3121 4536 σοι,
3164 4465 3298 4539 πάρ’
3323 4470 3448 4523 ὅλον
3498 4471 3596 4527 τὸν
3631 4465 3829 4539 ἀνθρώ-

580 4553 925 4606 innumeras.

651 4641 719 4696 Et
756 4643 809 4695 in
842 4643 1096 4697 eternium
1137 4644 1338 4698 swculi.
1375 4643 1491 4699 Non
1525 4647 1577 4700 in
1639 4646 1892 4715 praesenti
1941 4654 2150 4702 tantum

578 4730 803 4796 saeculo,
853 4731 948 4786 sed
998 4732 1164 4786 etiam
1211 4733 1267 4786 in
1305 4734 1511 4802 futuro,
1551 4736 1700 4804 quod
1744 4736 2005 4792 saeculum
2049 4753 2152 4793 sae-

584 4822 694 4876 culi
720 4822 944 4887 dicitur,
982 4825 1140 4892 quasi
1172 4824 1412 4882 nobilius
1434 4829 1505 4881 sit
1541 4836 1594 4881 et
1627 4829 1777 4883 nullo
1803 4829 1908 4884 ﬁne
1932 4830 2156 4885 conclu-

583 4912 772 4966 datur.

811 5005 877 5059 In
908 5007 1063 5076 ﬁnem
1101 5023 1195 5076 pro
1225 5009 1352 5077 ﬁliis
1393 5009 1524 5065 Core
1549 5030 1643 5081 pro
1681 5016 1924 5070 occultis.

1109 5184 1433 5242 P-SALMUS
1488 5188 1650 5244 XLV.

649 5275 717 5329 In
749 5277 904 5344 ﬁnem
936 5279 1151 5348 quidem
1181 5280 1384 5334 dictum
1421 5291 1526 5347 est,
1553 5285 1680 5353 quia
1712 5286 2010 5355 prophetiae
2031 5303 2150 5358 quae

656 5395 706 5427 "
737 5393 933 5448 Matth.
968 5410 1159 5461 xxvm,
1198 5397 1287 5452 18.

2255 4577 2410 4614 πινον
2439 4560 2573 4631 βίον.

2322 4653 2432 4708 Καὶ
2487 4655 2577 4719 εις
2636 4653 2744 4708 τὸν
2773 4654 2963 4708 αἰῶνα
3038 4653 3145 4708 τοῦ
3193 4652 3436 4720 αἰῶνος.
3479 4652 3599 4709 Καὶ
3628 4654 3726 4708 οὐκ
3755 4652 3828 4714 εἷς

2253 4743 2346 4798 τὸν
2383 4741 2479 4798 τοῦ
2510 4744 2786 4814 παρόντος
2810 4745 3022 4815 κόσμου
3045 4745 3219 4799 αἰῶνα
3253 4747 3440 4816 μόνον,
3467 4745 3611 4800 ἀλλά
3637 4746 3728 4799 καὶ
3754 4743 3826 4804 εὶς

2260 4839 2353 4892 τὸν
2381 4837 2474 4892 τοῦ
2510 4837 2795 4909 μέλλοντος
2824 4855 2838 4869 ·
2874 4832 3030 4902 οὗτος
3062 4839 3168 4908 γὰρ
3220 4838 3418 4901 αἰῶνος
3461 4837 3626 4904 αἰὼν,
3654 4837 3726 4900 ὡς
3755 4851 3828 4888 τι-

2262 4929 2433 4999 μιώτε
2446 4947 2537 5000 ρον
2563 4929 2660 4984 καὶ
2681 4928 3012 4996 ἀπέραντον.

2257 5025 2361 5088 Εἰς
2413 5022 2481 5077 τὸ
2529 5020 2704 5089 τέλος
2734 5021 2888 5092 ὑπὲρ
2930 5023 3051 5077 τῶν
3092 5022 3238 5078 υἱῶν
3277 5023 3452 5092 Κορὲ,
3512 5024 3668 5094 ὑπὲρ
3719 5020 3826 5076 τῶν

2890 5115 3179 5181 κρυφίων.

2817 5206 3110 5260 ΨΑΛΜΟΣ
3148 5205 3281 5261 ME'.

2335 5293 2436 5360 Εἰς
2483 5297 2547 5350 τὸ
2601 5295 2777 5364 τέλος
2835 5297 2956 5368 μὲν,
3000 5299 3082 5352 ὅτι
3118 5298 3258 5368 πρὸς
3286 5298 3440 5364 τέλος
3466 5299 3670 5371 ὁρῶσιν
3697 5297 3820 5351 ait»

1936 5495 2134 5558 Variae
2177 5496 2505 5571 lectiones.

646 5583 765 5654 (61)
797 5584 896 5640 Ἴσ.
925 5587 994 5640 οἱ.

652 5655 764 5724 ωε)
797 5655 882 5711 Al.
951 5656 1102 5710 Ἐπεὶ
1152 5659 1243 5711 καὶ
1298 5658 1392 5713 ἀπ’
1431 5659 1598 5714 αὑτοῦ
1633 5663 1952 5732 Χριστιανοὶ
1997 5667 2310 5737 κέκληνταιε
