4036 6262
328 218 425 284 505
1478 223 1868 286 COMMENT.
1906 226 1990 287 IN
2033 227 2399 290 PSALMOS.

3458 225 3564 289 506

321 335 482 403 τούτῳ
538 335 897 408 προφητεῖαι·
958 337 1326 410 προαγορεύει
1365 337 1556 403 δὲτὰς
1603 341 1748 394 κατὰ
1788 342 1886 412 τῆς

1995 345 2080 398 hic
2115 349 2474 399 continentur
2505 344 2571 400 ad
2609 344 2772 400 linem
2822 344 3137 400 tendebant.
3175 341 3432 400 Praedicit
3464 359 3566 400 au-

331 429 653 499 Ἐκκλησξας
685 433 744 484 ὲν
775 431 920 503 ἀρχῇ
950 431 1045 485 τοῦ
1079 431 1443 504 κηρύγματος
1479 434 1886 496 ἐπαναστάσεις

317 519 417 573 τῶν
441 522 750 592 τυράννων,
800 523 895 577 καὶ
932 523 1030 596 τὴν
1063 525 1270 593 ταύτης
1299 525 1600 598 ὑπομονὴν,
1647 527 1740 580 καὶ
1786 525 1885 596 τὴν

319 615 507 686 ἐφεξῆς
572 619 817 688 εἰρήνην.
883 618 975 671 Διὸ
1039 619 1134 672 καὶ
1197 618 1339 690 μετὰ
1390 621 1485 675 τὸν
1537 619 1884 691 προλαϐόντα

318 707 532 772 δικαίως
591 711 895 763 τέτακται·
950 712 1158 776 ἐκεῖνος
1219 715 1320 782 μὲν
1360 714 1492 783 γὰρ,
1535 713 1637 785 τὴν
1691 713 1885 784 κλῆσιν

319 800 480 869 αὐτῆς
523 804 812 874 περιέχει·
847 797 1004 867 οὗτος
1038 804 1117 868 δὲ,
1142 806 1210 858 τὰ
1241 806 1380 874 μετὰ
1399 805 1501 878 τὴν
1528 807 1744 877 κλῆσιν.
1783 807 1884 860 Ἔν

317 910 416 947 τισι
447 893 505 947 δὲ
550 895 660 950 τῶν
717 895 966 966 ἀρχαίων
992 898 1366 968 ἀντιγράφων,
1406 898 1505 969 οὐχ
1549 897 1732 967 ’Υπὲρ
1765 899 1887 954 τῶν

316 985 453 1042 υιῶν
486 987 657 1056 Κορὲ,
721 987 858 1042 ἀλλὰ
895 989 1030 1056 Τοῖς
1057 991 1214 1058 υἱοῖς
1243 990 1412 1058 Κορὲ,
1475 991 1882 1062 ἐπεγέγραπτο.

318 1080 415 1134 Καὶ
437 1081 618 1152 δῆλον,
651 1082 728 1146 ὡς
757 1082 895 1155 λήθῃ
927 1084 1089 1138 τοῦτο
1128 1084 1223 1139 τοῦ
1250 1086 1373 1140 κατ’
1405 1087 1582 1156 ἀρχὰς
1606 1087 1888 1156 μεταγρά-

312 1173 522 1243 ψαντος,
554 1174 660 1242 ἀφ’
691 1170 755 1229 οὗ
783 1176 1175 1249 τινοςίδιεδόθη
1221 1178 1477 1250 καὶπρὸς
1507 1180 1636 1243 τοὺς
1665 1180 1882 1244 ἄλλους.

311 1266 594 1335 Δυνάμεθα
619 1268 675 1320 δὲ
706 1268 799 1322 καὶ
826 1267 1003 1331 οὕτως
1028 1269 1366 1341 ἑρμηνεῦσαι
1397 1271 1496 1342 τὴν
1543 1272 1882 1342 ἐπιγραφὴν,

311 1359 406 1429 τὴν
438 1361 593 1429 ὑπὲρ
624 1362 883 1432 πρόθεσιν
917 1364 1039 1417 ἀντὶ
1062 1365 1160 1434 τῆς
1190 1364 1291 1417 διά
1318 1365 1711 1436 λαμόάνοντες·
1749 1361 1882 1434 οἷον,

309 1451 407 1505 Διὰ
445 1450 565 1506 τῶν
587 1452 734 1508 υἱῶν
766 1455 939 1524 Κορέ.
985 1455 1262 1526 Ἐπονήθη
1298 1457 1398 1528 μὲν
1439 1457 1548 1528 γὰρ
1577 1456 1654 1528 τῷ
1696 1459 1882 1525 Δαϐὶδ,

309 1543 620 1617 ἐμελῳδήθη
679 1547 758 1612 δὲ,
800 1547 889 1601 διὰ
918 1548 1028 1602 τῶν
1079 1550 1212 1601 υἱῶν
1259 1550 1437 1618 Κορέ*
1470 1551 1602 1620 φασὶ
1634 1550 1742 1621 γὰρ
1785 1551 1886 1624 τὴν

318 1637 613 1709 Ἐϐραῖκὴν
635 1639 780 1705 λέξιν
818 1641 1015 1704 καὶτὸ,
1039 1642 1141 1696 Διὰ
1159 1641 1279 1697 τῶν
1296 1642 1462 1708 υἱῶν,
1484 1644 1579 1698 καὶ
1600 1643 1685 1708 τδ,
1701 1643 1884 1712 ’Υπὲρ

1999 446 2107 491 tem
2142 437 2229 492 hic
2249 438 2496 508 psalmus
2519 437 2734 495 futuros
2763 439 3027 496 adversus
3051 438 3352 495 Ecclesiam
3388 437 3566 494 insul-

1997 531 2248 599 tuszqui
2299 546 2421 586 mox
2452 532 2520 586 ab
2569 532 2900 602 evangelica:
2950 530 3358 602 praedicationis
3405 531 3566 585 initio

1996 624 2305 680 concitandi
2357 636 2513 680 erant
2545 664 2560 680 .
2603 624 2781 693 Ipsius
2840 625 3002 681 etiam
3046 625 3298 680 Ecclesiae
3352 627 3569 694 patien-

1993 717 2124 773 tiam
2196 727 2250 772 et
2329 732 2515 786 pacem
2597 718 2816 773 demum
2892 727 3156 774 secutam.
3223 715 3376 772 Unde
3457 732 3566 771 non

1995 807 2271 862 immerito
2311 815 2437 877 post
2468 809 2866 878 praecedentem
2927 808 3198 879 psalmum
3242 808 3564 863 collocatur.

1994 899 2091 956 Ille
2120 902 2268 957 enim
2299 900 2561 957 Ecclesiae
2592 904 2942 958 vocationem
2972 903 3238 967 continet,
3264 901 3352 956 hic
3382 910 3566 956 autem

1992 1009 2056 1050 ea
2086 1009 2206 1066 qua:
2241 1008 2365 1065 post
2393 1001 2738 1052 vocationem
2771 997 3064 1053 subsecuta
3092 1004 3241 1050 sunt.
3272 993 3329 1050 ln
3368 994 3569 1064 aliqui-

1994 1087 2098 1142 bus
2134 1097 2315 1143 autem
2339 1088 2618 1143 veteribus
2639 1088 3048 1159 exemplaribus
3086 1088 3412 1157 inscriptum
3442 1095 3563 1140 est:

1996 1179 2148 1236 Filii:
2207 1179 2343 1236 Core
2383 1197 2403 1236 :
2457 1182 2669 1251 absque
2726 1181 2816 1235 illa
2874 1181 3114 1235 dictione
3181 1195 3317 1248 pro;
3376 1194 3563 1234 verum

1994 1281 2144 1343 patet
2197 1273 2247 1327 id
2292 1273 2542 1329 eﬂectum
2588 1291 2712 1330 esse
2777 1274 3065 1344 scriptoris
3111 1272 3346 1336 incuria,
3398 1287 3428 1326 a
3459 1285 3569 1340 quo

1993 1381 2151 1422 error
2192 1367 2247 1422 in
2278 1376 2510 1423 caeteros
2543 1369 2842 1424 emanavit.
2876 1366 3181 1425 Possumus
3211 1366 3375 1420 etiam
3401 1379 3572 1434 expo-

1994 1476 2127 1517 nere
2167 1463 2608 1532 praepositionem
2679 1480 2798 1532 pro,
2826 1464 2948 1517 loco
3006 1460 3409 1532 pratpositionis
3455 1475 3567 1527 per,

1995 1564 2054 1609 ut
2086 1554 2159 1610 sit
2192 1571 2389 1611 sensus
2416 1598 2432 1623 ,
2471 1557 2618 1626 quod
2682 1571 2777 1627 per
2833 1553 3003 1609 Filios
3062 1554 3196 1609 Core
3244 1555 3570 1610 decantatus

1993 1657 2076 1704 est
2106 1649 2196 1704 hic
2214 1650 2482 1721 psalmus,
2513 1650 2728 1706 tametsi
2761 1649 3101 1719 compositus
3134 1663 3162 1700 a
3185 1646 3373 1702 David.
3400 1647 3572 1700 Aiunt

315 1729 428 1785 τῶν
453 1731 606 1787 υἱῶν
633 1734 838 1803 ὁμοίως
896 1735 1210 1806 σημαίνειν.
1254 1735 1424 1804 Ὑπὲρ
1463 1736 1584 1790 τῶν
1613 1737 1886 1806 κρυφίων

1995 1743 2136 1796 enim
2171 1744 2613 1813 praepositionem
2653 1745 2794 1798 hanc
2826 1745 2968 1812 apud
3005 1740 3261 1796 l'lebraros
3314 1739 3367 1793 in
3419 1746 3571 1793 utra-

307 1822 382 1887 δὲ,
408 1824 532 1878 ἀντὶ
560 1827 655 1880 τοῦ
689 1828 827 1897 Περὶ
871 1828 983 1882 τῶν
1013 1828 1420 1899 κεκρυμμένων
1462 1831 1578 1892 τοῖς
1625 1828 1844 1892 πολλοῖς
1866 1847 1881 1860 ·

304 1917 679 1990 αἰνιγματώδη
743 1920 852 1990 γὰρ
904 1923 964 1973 ὲν
997 1922 1175 1994 τούτῳ
1216 1923 1284 1976 τὰ
1321 1921 1516 1978 πολλὰ.
1563 1923 1790 1992 Εἴρηται
1827 1922 1883 1976 δὲ

305 2012 588 2082 προσώπῳ
621 2013 731 2066 τῶν
764 2014 1104 2076 ἀποστόλων.
1147 2017 1242 2068 καὶ
1270 2016 1379 2068 τῶν
1412 2016 1736 2086 μαρτύρων.

1991 1849 2099 1904 que
2146 1835 2272 1905 poni
2333 1836 2758 1906 signiﬁcatione.
2816 1834 2972 1901 Quod
3006 1849 3134 1888 veru
3187 1835 3308 1887 ait:
3344 1830 3452 1886 Pro
3483 1847 3572 1884 oc-

1991 1928 2173 1993 cultis,
2238 1945 2473 1999 expone,
2516 1929 2570 1984 id
2624 1937 2728 1994 est,
2781 1930 2844 1983 de
2899 1928 3143 1982 occultis.
3197 1925 3382 1981 Multis
3425 1924 3570 1979 enim

1991 2021 2232 2086 occulta,
2257 2021 2362 2077 hoc
2402 2031 2508 2087 est,
2564 2024 2800 2077 obscura
2838 2033 3003 2089 atque
3039 2022 3223 2089 ignota
3256 2025 3407 2082 sunt,
3450 2030 3574 2087 quae

305 2103 355 2157 in
380 2103 485 2158 hoc
515 2105 727 2174 psalmo
755 2097 1131 2172 continentur,
1163 2106 1468 2165 ell‘eruntur
1495 2117 1678 2164 autem
1737 2108 1900 2178 hujus
1942 2114 2138 2183 psalmi
2190 2117 2356 2172 verba
2397 2133 2464 2172 ex
2502 2115 2881 2186 apostolorum
2921 2128 3022 2170 seu
3089 2118 3394 2181 martyrum
3445 2124 3572 2178 per"

302 2210 458 2252 sona.

380 2290 434 2345 '0
478 2293 627 2360 Θεὸς
685 2294 876 2363 ἡμῶν,
934 2298 1251 2368 καταφυγὴ
1327 2297 1426 2352 καὶ
1481 2296 1758 2366 δύναμις.
1825 2296 1885 2351 Ὀ

303 2380 539 2450 Χριστὸς
564 2383 644 2444 εἰς
677 2382 738 2436 ὃν
779 2385 945 2453 ἡμεῖς
984 2385 1458 2456 πεπιστεύκαμεν,
1483 2385 1749 2455 φεύγουσι
1787 2386 1888 2454 μὲν

304 2473 457 2542 ἡμῖν,
487 2477 790 2548 καταφυγή
832 2479 983 2531 ἐστιν
1003 2493 1018 2508 '
1049 2479 1473 2548 ἁνθισταμένοις
1503 2479 1583 2543 δὲ,
1617 2479 1847 2546 δύναμις
1870 2495 1884 2510 ·

303 2565 464 2630 αὐτὸς
493 2568 606 2640 γὰρ
633 2568 941 2624 ἐνετείλατο
967 2571 1193 2641 φεύγειν
1213 2573 1336 2642 μὲν,
1363 2573 1491 2637 τοὺς
1521 2574 1885 2643 πειρασμούςο

302 2661 678 2726 ἐμπίπτοντας
700 2662 778 2728 δὲ,
816 2664 1179 2721 ἀνθίστασθαι
1207 2667 1276 2720 δι’
1309 2666 1611 2736 ὑπομονῆςο
1641 2663 1783 2719 ὥστε
1809 2665 1886 2738 μὴ

302 2754 570 2822 ἡττᾶσθαι
599 2755 831 2812 τούτων.

377 2954 616 3022 Βοηθὸς
631 2956 698 3009 ὲν
709 2954 958 3025 autem
977 2955 1107 3022 ταῖς
1121 2957 1444 3025 εὐρούσαις
1461 2955 1618 3027 ἡμᾶς
1634 2956 1893 3025 σφόδρα.

308 3046 382 3100 Τδ
410 3045 680 3116 Σφόδρα.
709 3046 849 3117 πρὸς
872 3047 956 3111 τὺ,
993 3047 1246 3114 Βοηθὸς,
1267 3048 1596 3101 ἀποδίδωσιν
1624 3050 1653 3099 ὁ
1683 3046 1897 3116 Χρυσὸ-

308 3157 537 3211 στομος.
577 3140 781 3192 Σκόπει
829 3139 908 3203 ὁὶ,
948 3140 1031 3193 ὄτι
1066 3140 1122 3192 αἱ
1157 3139 1369 3210 θλίψεις
1410 3139 1725 3212 εὑρίσκουσι
1766 3140 1895 3202 τοὺς

2060 2298 2222 2355 Vsus.
2254 2296 2310 2352 2.
2341 2297 2477 2353 Deus
2509 2307 2689 2352 noster
2712 2298 2977 2366 refugium
3003 2305 3050 2350 et
3088 2296 3274 2348 virtus.
3315 2292 3572 2348 Christus

1989 2393 2043 2449 in
2086 2408 2248 2463 quem
2277 2392 2581 2458 credimus,
2623 2400 2678 2446 et
2711 2390 2981 2460 refugium
3022 2386 3184 2443 nobis
3209 2397 3313 2451 est,
3352 2386 3572 2457 quoties

1986 2488 2055 2542 ab
2088 2487 2327 2541 inimicis
2349 2485 2623 2556 iugatnur,
2651 2491 2705 2538 et
2728 2484 2908 2537 virtus
2938 2481 3126 2547 etiam,
3153 2481 3256 2534 hoc
3273 2489 3377 2540 est,
3403 2479 3572 2534 robur

1986 2596 2084 2636 seu
2111 2587 2378 2650 potestas,
2413 2578 2630 2647 quoties
2665 2577 2929 2646 impetum
2965 2575 3184 2629 illorum
3222 2574 3569 2628 sustinentes

1995 2674 2329 2730 resistimus.
2384 2673 2505 2741 lpse
2534 2673 2682 2728 enim
2735 2678 2791 2725 et
2825 2667 3185 2724 tentationem
3255 2667 3443 2737 fugere
3477 2681 3578 2721 nos

1990 2767 2181 2838 jussit,
2216 2775 2271 2821 et
2317 2765 2656 2820 irruentibus
2700 2764 2756 2818 in
2795 2777 2899 2818 nos
2931 2761 3195 2827 inimicis,
3234 2775 3330 2829 per
3361 2762 3575 2830 patien-

1994 2860 2128 2915 tiam
2155 2860 2440 2923 resiStere,
2474 2872 2543 2913 ne
2574 2857 2642 2912 ab
2674 2857 2783 2911 illis
2804 2869 3154 2924 superentur.

2063 2952 2300 3022 Adjutor
2347 2950 2400 3006 in
2471 2950 2904 3004 tribulationibus
2964 2962 3080 3017 qua:
3126 2947 3436 2999 invenerunt
3482 2961 3578 3000 uos

1993 3045 2170 3101 valde.
2204 3044 2515 3100 Dictionem
2547 3042 2733 3106 Valde,
2760 3041 3198 3112 Chrysostomus
3229 3037 3574 3094 referendam

1997 3155 2120 3197 esse
2148 3139 2282 3195 dicit
2332 3138 2398 3193 ad
2438 3137 2737 3192 dictionem
2788 3133 3042 3203 Adjutor.
3079 3133 3218 3186 illud
3258 3148 3405 3186 nunc
3445 3148 3580 3187 con-

306 3234 453 3287 κατὰ
501 3233 638 3287 Θεὸν
662 3233 897 3301 ζῶντας,
920 3233 1364 3288 καταδιώκουσαι
1385 3236 1608 3299 αὐτοὺς,
1637 3235 1731 3288 τοῦ
1755 3234 1886 3287 Θεοῦ

2000 3232 2453 3298 sidera,docente
2475 3239 2526 3284 te
2549 3228 2822 3298 Propheta
2844 3235 3060 3289 nostro,
3092 3225 3237 3294 quod
3257 3224 3579 3279 atllictiones

303 3327 822 3399 παραχωροῦντος,
882 3329 972 3383 ἵνα
1029 3328 1470 3398 γυμνασθέντες,
1537 3326 1886 3398 δοκιμώτεροι

2000 3335 2055 3381 et
2081 3324 2428 3380 calamitates
2485 3321 2737 3376 invenire
2795 3334 2890 3373 eos
2917 3319 3170 3373 homines
3217 3319 3451 3382 soleant,
3483 3317 3577 3386 qui

299 3418 599 3487 γένωνται.
626 3417 700 3473 Ἠ
719 3418 930 3487 θλίψις
957 3418 1095 3491 γὰρ,
1124 3420 1312 3490 φησὶν,
1339 3419 1660 3489 ὑπομονὴν
1689 3435 1886 3485 κατερ·

1998 3418 2189 3471 vivunt
2223 3415 2529 3480 secundum
2570 3412 2742 3466 Deum
2777 3410 3078 3479 :qnodque
3113 3407 3463 3478 permittente
3497 3407 3579 3462 sic

297 3509 537 3581 τάζὲται
557 3528 573 3541 ·
605 3511 644 3580 ἡ
687 3510 756 3564 δὲ
785 3511 1090 3581 ὑπομονὴ,
1124 3510 1404 3581 δοκιμήν.
1454 3511 1512 3565 '0
1545 3511 1654 3584 γὰρ
1671 3511 1804 3573 Θεὸς
1830 3509 1886 3561 οὗ

2001 3511 2135 3576 Deo,
2171 3523 2266 3564 eos
2287 3516 2719 3579 persequuntur,
2753 3512 2809 3558 ut
2848 3504 3248 3558 exercitatione
3285 3499 3579 3570 probatio--

301 3601 509 3656 κωλύει
545 3601 650 3673 μὲν
689 3601 819 3665 τοὺς
849 3603 1219 3673 πειρασμοὺς,
1252 3603 1342 3656 διὰ
1363 3602 1463 3674 τὴν
1502 3602 1767 3674 ῥηθεῖσαν
1805 3601 1886 3656 αι-

1998 3619 2088 3658 res
2117 3601 2270 3656 ﬁant.
2312 3597 2617 3654 Tribulatio
2657 3598 2828 3662 enim,
2877 3596 3077 3664 inquit,
3121 3596 3435 3663 patientiam
3458 3608 3582 3661 ope-

299 3693 423 3749 1iav
446 3709 460 3724 °
490 3695 760 3750 ἐπιόντων
791 3694 870 3760 δὲ,
903 3695 1241 3766 παρίσταται
1269 3695 1489 3766 βοηθός.

2003 3703 2180 3759 ratur,
2214 3691 2477 3762 patientia
2521 3706 2638 3745 vero
2670 3689 3036 3759 probationem
3058 3687 3132 3739 ⁵⁸.
3175 3684 3287 3738 Hac
3319 3684 3384 3737 de
3416 3696 3581 3736 causa

302 3794 450 3849 Deus
477 3794 834 3864 insurgentes
892 3792 946 3848 in
1003 3807 1106 3850 nos
1162 3794 1524 3862 tentationes,
1556 3810 1666 3851 non
1697 3796 1882 3852 statim
1916 3794 2193 3866 prohibet,
2273 3788 2370 3846 sed
2432 3803 2558 3845 cum
2614 3786 2959 3850 advenerint,
2993 3798 3149 3854 Opem
3205 3796 3361 3838 suam
3419 3779 3579 3834 nobis

298 3885 598 3956 impendit.

368 3982 476 4038 Διὰ
497 3982 678 4038 τοῦτο
702 3983 774 4039 οὐ
794 3983 1260 4054 φοϐηθησόμεθα
1274 3985 1346 4038 ἐν
1373 3984 1451 4050 τῷ
1474 3988 1889 4055 ταράσσεσθαι

295 4078 415 4145 τὴν
429 4076 581 4148 τῆν,
599 4077 698 4130 καὶ
716 4077 1136 4146 μετατίθεσθαι
1159 4076 1265 4146 ὅρη
1288 4079 1360 4131 ἐν
1374 4077 1640 4147 καρδίαις
1659 4080 1888 4133 θαλασ-

295 4169 452 4225 σῶν.
479 4168 660 4223 Τοῦτο
679 4169 740 4223 τὸ
767 4169 991 4241 χωρίον,
1022 4169 1148 4224 οὔτε
1180 4173 1209 4225 ὁ
1235 4170 1408 4242 μέγας
1428 4171 1712 4235 Βασίλειος
1745 4171 1889 4224 κατὰ

297 4261 605 4334 ἀναγωγὴν
622 4260 802 4330 ἔσχεν,
832 4260 958 4316 οὔτε
990 4265 1017 4316 ὁ
1042 4263 1455 4333 Χρυσὸστομος.
1488 4264 1627 4319 ἀλλά
1662 4261 1888 4334 συμφώ-

296 4370 407 4417 νως
437 4346 623 4415 εἷπον.
664 4351 747 4406 ὅτι
784 4352 1036 4420 λέγουσιν
1064 4354 1115 4408 0t
1143 4355 1313 4423 ἅγιοι,
1344 4355 1418 4420 ὡς
1457 4357 1566 4427 ἄρα
1602 4357 1698 4409 τοῦ
1748 4358 1888 4426 Χρι-

296 4440 429 4497 στοῦ
480 4440 811 4514 βοηθοῦντος
860 4445 997 4514 ἡμῖν
1031 4445 1260 4515 σφόδρα,
1292 4445 1550 4500 οὐδέποτε
1580 4446 1888 4519 φοϐηθησὸ-

298 4533 468 4603 μεθα,
524 4530 640 4586 οὐδ’
690 4533 739 4585 εἰ
785 4533 939 4587 πᾶσα
985 4535 1019 4606 ἡ
1073 4536 1143 4606 γῆ
1204 4536 1606 4609 συνταραχθείη
1642 4540 1887 4607 σεισμοῖς

2069 3980 2239 4036 Vens.
2270 3980 2324 4035 5.
2357 3981 2647 4046 Propterea
2692 3993 2795 4029 non
2833 3972 3133 4028 timebimus
3164 3969 3290 4021 dum
3331 3965 3577 4019 turbatur

1997 4091 2160 4144 terra,
2215 4087 2265 4134 et
2320 4076 2721 4144 transferuntur
2763 4081 2962 4125 montes
3009 4070 3063 4122 in
3111 4067 3271 4120 corda
3325 4063 3574 4116 marium.

1997 4171 2201 4226 Locum
2239 4170 2412 4232 hunc,
2437 4182 2540 4222 nec
2573 4180 2805 4236 magnus
2836 4161 3093 4223 Basilius,
3117 4173 3217 4213 nec
3245 4157 3581 4226 Chrysosto-

1999 4280 2122 4319 mus
2165 4262 2320 4332 juxta
2357 4275 2639 4330 anagogcn
2688 4262 2994 4322 exponunt,
3031 4251 3123 4306 sed
3162 4265 3270 4303 uno
3301 4264 3394 4302 ore
3423 4245 3576 4314 juxta

1996 4355 2232 4409 litteram
2265 4359 2476 4407 tantum
2511 4349 2704 4403 dicunt
2732 4389 2745 4412 ,
2772 4347 2939 4400 verba
2972 4345 3087 4398 hanc
3121 4349 3436 4396 sanctorum
3468 4335 3576 4390 dici

1994 4461 2253 4518 persona,
2309 4444 2618 4506 fatentium,
2668 4438 2814 4508 quod
2859 4437 3079 4490 Christo
3122 4449 3219 4488 eos
3282 4429 3576 4498 adiuvante

1995 4554 2276 4608 nunquam
2332 4535 2626 4596 timebunt,
2685 4545 2862 4600 neque
2898 4528 2941 4583 si
2980 4527 3239 4580 universa
3265 4531 3412 4575 terra
3438 4520 3573 4572 hor-

297 4624 600 4694 ἑξουσίοις,
628 4625 739 4680 οὐδ’
761 4627 811 4680 εἰ
833 4626 903 4680 τὰ
928 4627 1028 4698 ὅρη
1065 4629 1165 4700 τῆς
1187 4633 1424 4700 φυσικῆς
1446 4632 1608 4704 ἕδρας
1629 4633 1877 4687 ἀνασπα-

1995 4630 2180 4687 rendis
2216 4629 2564 4684 concutiatur
2607 4620 3033 4683 terracmotibus,
3066 4631 3244 4685 neque
3287 4615 3331 4668 si
3364 4622 3577 4668 montes

300 4720 534 4782 aetna.
594 4722 677 4785 εἰς
721 4721 793 4774 τὰ
845 4721 985 4793 βάθη
1033 4722 1135 4792 τῆς
1181 4723 1464 4796 θαλάσσης
1504 4726 1894 4794 ἀποσφενδονι-

1987 4740 2019 4778 a
2075 4721 2377 4778 stabilitate
2413 4733 2477 4771 ac
2515 4715 2647 4772 sede
2677 4728 2778 4769 sua
2826 4709 3066 4766 naturali
3113 4705 3335 4768 divulsi,
3369 4705 3422 4757 in
3452 4718 3578 4769 pro-

298 4812 513 4871 σθεῐεν.
547 4813 612 4866 Et
649 4812 705 4867 δὲ
755 4813 866 4868 τῶν
901 4814 1183 4886 στοιχείων
1222 4816 1366 4871 οὕτω
1408 4819 1792 4888 συγχεομένων
1828 4819 1886 4872 οὐ

1995 4815 2216 4871 fundum
2274 4811 2442 4866 maris
2492 4806 2922 4863 transferantur.
2967 4803 3044 4856 Ac
3100 4801 3145 4856 si
3200 4801 3443 4854 dicerent
3476 4795 3575 4850 :Si

292 4905 582 4977 δαίσομεν,
631 4906 810 4977 πολλῷ
843 4908 1047 4978 μᾶλλον
1081 4909 1202 4962 οὐδὲ
1234 4909 1343 4962 τῶν
1385 4911 1664 4980 τυράννων
1696 4912 1887 4964 ἔπιτε.

1991 4904 2282 4963 elementis
2331 4901 2469 4956 adeo
2526 4899 2778 4954 confusis
2820 4893 3169 4950 formidaturi
3221 4905 3327 4944 non
3359 4904 3575 4952 sumus,

295 4999 574 5071 θιιμένων
604 5000 758 5071 ἡμῖν.
792 5000 958 5054 Ὅθεν
999 5002 1094 5056 καὶ
1144 5000 1357 5065 Παῦλος
1400 5001 1556 5070 ἔλεγε
1594 5001 1706 5072 (66)
1737 5015 1753 5031 °
1798 5002 1886 5066 Τίς

1995 4997 2166 5051 multo
2221 4995 2404 5050 minus
2442 4989 2859 5058 insurgentibus
2896 4986 2949 5040 in
2984 5001 3088 5039 nos
3118 4982 3369 5054 tyrannis
3403 4980 3576 5049 trepi-

295 5093 460 5164 ἡμᾶς
515 5092 781 5162 χωρήσει
830 5093 948 5147 ἀπὸ
994 5092 1099 5162 τῆς
1151 5091 1392 5163 ἀγάπης
1439 5093 1545 5149 τοῦ
1596 5091 1856 5163 Χριστοῦ
1871 5109 1892 5156 ;

295 5186 455 5254 τόδες
488 5184 524 5256 ἢ
559 5184 715 5253 τόδε;

371 5476 424 5510 ⁸⁸
453 5475 624 5533 Rom.
651 5494 705 5544 v,
734 5478 788 5534 5.
864 5477 912 5511 ³⁷
937 5476 1096 5532 Rom.
1132 5491 1251 5545 vm,
1285 5479 1376 5536 35.

1989 5089 2267 5145 dabimus.
2309 5085 2459 5141 Unde
2483 5085 2647 5138 etiam
2676 5079 2977 5151 Apostolus
3017 5077 3238 5131 dicebat
3274 5086 3289 5126 :
3323 5074 3454 5138 Quis
3481 5090 3575 5127 nos

1997 5182 2267 5252 separabit
2291 5196 2320 5233 a
2341 5179 2599 5232 charitote
2616 5175 2854 5229 Christi?
2877 5170 3197 5243 [tribulatio,
3217 5185 3284 5220 an
3307 5168 3574 5236 angustia,

1999 5292 2071 5329 an
2130 5275 2319 5344 fames,
2357 5290 2424 5326 an
2453 5271 2687 5334 nuditas,
2723 5285 2789 5321 an
2818 5264 3134 5336 periculum,
3171 5279 3236 5316 an
3264 5259 3575 5332 persecutio,

1998 5385 2063 5422 an
2089 5367 2300 5439 gladius
2327 5367 2368 5399 ⁵⁷
2393 5367 2416 5419 ?
2441 5374 2494 5422 et
2527 5379 2648 5435 qua:
2673 5363 2744 5419 ibi
2781 5354 3140 5431 sequuntur.]

1662 5569 1860 5632 Varias
1917 5569 2241 5635 lectiones.

377 5700 495 5772 (66)
525 5700 712 5760 Graeca
740 5704 904 5762 verba
936 5704 1016 5761 sic
1041 5703 1241 5762 habent
1275 5721 1288 5761 :
1322 5701 1556 5772 hoccine,
1601 5717 1668 5756 an
1699 5700 1833 5758 illud
1866 5699 1886 5753 ,ν
1910 5700 2001 5758 Sic
2033 5703 2175 5759 alius
2203 5703 2394 5760 codex.
