4036 6262
273 395 372 458 513
1430 413 1821 477 COMMENT.

1980 416 2114 476 PSA
2123 417 2342 480 LMOS.
3416 414 3478 478 51
3492 412 3524 475 4

273 516 431 586 ἡμῶν
468 519 502 573 ό
536 521 681 588 Θεὸς
731 523 957 583 Ἰακώϐ.
1019 529 1390 584 Ἐπανέλαϐεν
1435 533 1469 602 ή
1538 532 1835 600 Ἐκκλησία

1956 542 2121 588 zoster
2153 533 2290 589 Deus
2318 533 2511 588 Iacob.
2551 534 2843 605 lnsurgens
2890 541 3054 605 atque
3109 532 3385 590 insultans
3439 536 3529 590 ad-

272 611 327 663 τὺ
361 616 665 686 προρρηθὲν
699 617 1026 688 θαρσοποιδν
1054 623 1414 694 ἐπιφώνημα,
1443 624 1580 696 πρὸς
1609 622 1840 691 αὔξησιν

1955 640 2140 680 versus
2168 626 2381 680 hostem
2415 624 2659 680 Ecclesia
2693 625 3096 679 invocationem
3126 623 3236 693 jam
3272 625 3533 692 superius

271 703 522 775 εὐψυχίας
557 709 650 762 καὶ
695 713 1017 784 καρτερίας,
1062 716 1496 788 ἐπεμϐαίνουσα,
1549 718 1646 773 καὶ
1681 718 1838 772 ὲναλ-

1955 719 2146 774 iactam
2180 722 2362 777 denuo
2394 724 2608 792 repetit,
2643 737 2765 791 qua:
2811 721 3053 773 animum
3109 720 3214 776 sibi
3278 730 3333 775 et
3393 722 3539 778 vires

271 794 463 868 λομένη
504 800 583 871 τῷ
623 801 828 874 ἐχθρῷ.

1955 812 2330 866 subministrct
2361 813 2425 865 ad
2465 813 2642 882 majus
2675 809 3016 866 fortitudinis
3061 821 3115 865 et
3171 808 3538 878 magnanimi-

1946 905 2077 959 tatis
2110 906 2538 962 incrementum.

277 978 371 1044 Ε’ίς
401 977 465 1034 τὸ
489 978 668 1053 τέλος
714 986 872 1057 ὑπὲρ
919 989 1039 1045 τῶν
1087 991 1235 1047 υἱῶν
1266 995 1440 1065 Κορέ.
1481 995 1731 1068 Ψαλμὸς
1761 997 1842 1066 τῷ

948 1085 1147 1142 Δαϐίδ.

813 1174 1107 1231 mimos
1144 1181 1292 1248 Μετ’.

339 1258 439 1325 Βις
460 1259 526 1314 τὸ
551 1260 727 1330 τέλος
750 1264 850 1335 μὲν
864 1266 952 1320 διὰ
969 1267 1068 1330 τάς
1090 1270 1149 1322 ιν
1165 1270 1341 1342 τούτῳ
1373 1275 1735 1345 προφητείας,
1767 1278 1844 1342 ὡς

275 1349 522 1438 πολλάκις
579 1355 890 1426 εἰρήκαμεν
916 1375 932 1392 ο
975 1363 1340 1433 προαγορεύει
1374 1368 1484 1438 γὰρ
1530 1367 1844 1434 ἀκολούθως

272 1442 364 1495 καὶ
397 1436 551 1508 οὗτος
583 1447 612 1498 ὁ
646 1447 865 1520 ψαλμὺς
893 1453 956 1505 τὺ
984 1454 1258 1524 ἀήττητον
1299 1436 1502 1532 κράτος
1543 1461 1642 1514 τοῦ
1677 1464 1846 1533 εὐαγο

273 1534 480 1602 γελικοῠ
511 1540 890 1613 κηρύγματος.
920 1547 994 1600 Τὸ
1020 1549 1099 1612 δὲ,
1145 1549 1315 1621 ’Υπὲρ
1345 1553 1465 1607 τῶν
1491 1555 1638 1610 "(dir
1669 1559 1843 1627 Κορὲ,

2055 997 2122 1054 In
2146 1000 2300 1068 linem
2335 1017 2430 1070 pro
2464 1001 2593 1070 [iliis
2628 1000 2760 1057 Core
2785 1041 2800 1067 ,
2833 998 3084 1056 Psalmus
3105 999 3206 1068 ipsi
3235 997 3429 1053 David.

2493 1183 2818 1240 PSALMUS
2865 1181 3030 1238 XLVI

2021 1274 2087 1330 In
2133 1277 2290 1346 ﬁnem
2314 1277 2482 1332 etiam
2518 1278 2842 1334 inscribitur
2875 1277 2962 1333 bic
3003 1277 3276 1338 Psalmus,
3309 1285 3536 1347 prepter

1946 1367 2267 1438 prophetias
2310 1383 2432 1438 quae
2462 1368 2515 1422 in
2565 1385 2632 1424 eo
2667 1370 3048 1434 continentur,
3083 1376 3140 1421 ut
3191 1370 3390 1436 saepius
3447 1369 3536 1421 di-

1946 1467 2096 1513 ctum
2152 1470 2273 1522 est,
2329 1467 2386 1514 et
2435 1460 2501 1514 ad
2557 1459 2717 1514 finem
2745 1460 3064 1514 tendebant.
3103 1459 3356 1514 Praedicit
3389 1462 3536 1515 enim

1948 1562 2353 1622 consequenter
2382 1553 2448 1607 ad
2485 1554 2882 1623 praecedentem
2910 1553 3184 1608 Psalnnnn
3217 1595 3230 1618 ,
3265 1570 3536 1608 summam

273 1630 809 1704 προηρμηνεύσαμεν
839 1636 898 1690 ἐν
938 1639 1018 1710 τῷ
1055 1642 1164 1712 πρὸ
1193 1643 1387 1698 τούτου
1420 1646 1624 1719 ψαλμῷ
1653 1666 1670 1681 ο
1700 1650 1841 1706 οὕτω

1955 1656 2110 1715 atque
2145 1646 2408 1700 invictam
2440 1646 2771 1712 evangelica:
2796 1646 3233 1700 conversationis
3254 1645 3536 1700 virtutem.

269 1719 373 1814 γάρ
418 1722 828 1796 ἐπιγέγραπται
873 1732 1148 1799 κάκεῖνος.
1201 1737 1371 1792 Οὐδὲν
1412 1740 1470 1794 δὲ
1511 1742 1745 1814 κρύφιον
1784 1749 1841 1802 ὲν

1955 1736 2015 1790 Ει
2054 1737 2200 1806 quod
2231 1738 2347 1793 ait:
2390 1735 2496 1793 Pro
2523 1739 2649 1806 [iliis
2684 1737 2837 1801 Core,
2869 1738 2941 1792 ibi
2991 1738 3262 1807 superiori
3315 1737 3537 1794 Psalmo

268 1810 342 1880 τῷ
390 1816 619 1884 παρόντι
653 1834 666 1847 ·
719 1822 867 1891 σαφῆ
922 1823 980 1876 δὲ
1039 1827 1242 1897 πάντα,
1298 1833 1392 1885 καὶ
1445 1810 1841 1904 εὐδιάγ-νωστα.

1955 1828 2056 1896 iam
2087 1833 2466 1901 exposuimus.
2494 1832 2587 1885 Est
2613 1842 2795 1885 autem
2825 1831 2912 1887 hic
2956 1829 3212 1886 Psalmus
3248 1840 3397 1886 totus
3427 1831 3536 1886 cla-

267 1905 548 1979 Προσώπῳ
577 1910 632 1963 δὲ
663 1912 775 1966 τῶν
802 1916 1119 1972 ἀποστόλων
1162 1922 1420 1993 προλέγει
1472 1925 1542 1980 τὰ
1574 1927 1669 1982 τοῦ
1697 1931 1838 2000 ψαλ-

1955 1938 2063 1985 rus,
2088 1933 2144 1978 et
2177 1923 2313 1978 nihil
2343 1923 2642 1978 obscurum
2687 1924 2955 1978 continet.
2994 1922 3128 1976 lllnd
3169 1932 3376 1976 tantum
3406 1923 3533 1976 ani-

267 2001 364 2099 μοῦ
412 2003 440 2054 ὁ
491 2004 678 2070 Δαϐὶδ,
715 2008 766 2060 οἳ
825 2013 1296 2086 κατευοδούμενοι,
1339 2020 1434 2073 καὶ
1488 2021 1720 2090 πολλοὺς
1769 2031 1837 2099 τῇ

1955 2013 2394 2069 madvertendum
2422 2023 2527 2078 est,
2557 2024 2617 2069 ut
2641 2029 2707 2068 ex
2743 2014 3116 2083 apostolorum
3142 2029 3374 2084 persona
3405 2029 3539 2084 pro-

263 2092 437 2149 πίστει
473 2100 874 2170 προσάγοντες,
919 2106 1027 2159 ὑπὸ
1068 2113 1433 2182 περιχαρείας
1460 2115 1841 2175 ἐνεκελεύοντο

1955 2106 2179 2171 feratur,
2208 2107 2300 2175 qui
2330 2107 2494 2161 veluti
2526 2120 2787 2176 prospere
2817 2113 2896 2162 ac'
2927 2104 3164 2161 feliciter
3197 2115 3534 2174 praeeuntes,

258 2190 367 2251 τοῖς
385 2190 569 2245 ἔθνεσι
593 2194 830 2265 χαίρειν,
855 2199 936 2262 είς
963 2197 1000 2253 ἃ.
1029 2203 1183 2272 παρά
1208 2205 1304 2257 τοῦ
1333 2207 1585 2278 Σωτῆρος
1608 2211 1842 2268 ἀπεστάο

260 2279 425 2352 λησαν
451 2301 463 2314 ·
519 2288 734 2358 χαίρειν
771 2290 849 2357 δὲ,
891 2293 973 2347 ὅτι
1007 2297 1269 2365 γεγόνασι
1310 2298 1652 2375 κληρονομία
1677 2304 1838 2364 Θεοῦ.

325 2548 530 2641 Πάντα
567 2554 638 2610 τὰ
665 2554 834 2626 ἔθνη,
871 2564 1210 2630 κροτήσατε
1258 2567 1484 2638 χεῖρας.
1529 2573 1640 2627 Καὶ
1685 2569 1840 2641 οὗτος

259 2638 286 2689 ὁ
313 2640 515 2739 trp—dccc
529 2643 640 2739 τῶν
669 2649 892 2719 χειρῶν,
938 2653 1211 2723 σύμϐολόν
1241 2659 1360 2713 ὲστι
1390 2638 1842 2739 ὑπερϐαλλούσης

262 2734 454 2830 χαρά-ς.
501 2735 638 2790 ’Δπὸ
665 2739 760 2793 τοῦ
796 2743 1073 2812 συμϐόλου
1118 2749 1324 2816 τοίνυν,
1368 2755 1470 2824 τὴν
1516 2760 1694 2830 χαρὰν
1737 2734 1841 2815 ἑτέ-

263 2823 514 2926 έςτρειιιεν,
530 2922 545 2926 Δ
564 2831 676 2926 οὐχ
715 2835 797 2887 ὅτι
829 2841 1064 2910 πατάγῳ
1090 2842 1294 2914 χειρῶν
1324 2823 1655 2918 σωματι-κιίός
1702 2857 1842 2926 χρή-

270 2917 450 2984 σασθε,
490 2920 611 2975 ἀλλ’
643 2925 726 2978 ὅτι
755 2926 1004 3000 ψυχικῶς
1026 2935 1258 3005 χάρητε,
1290 2917 1536 2994 τοιούτου
1567 2917 1841 2998 Δεσπότου

263 3009 719 3080 καταξιωθέντες,
756 3020 1144 3094 φιλανθρώπου
1173 3029 1270 3082 καὶ
1300 3032 1731 3103 παντοδυνάμου.

339 3189 718 3259 Ἀλαλὰξατε
761 3196 843 3263 τῷ
891 3198 1034 3266 Θεῷ,
1071 3202 1141 3257 ἐν
1183 3207 1356 3276 φωνῇ
1398 3209 1838 3282 ἀγαλλιάσεως.

256 3280 646 3356 Μεταφορικὺν
695 3290 931 3345 ἐνταῦθα
979 3295 1040 3349 τὸ
1106 3297 1509 3368 Ἀλαλάξατε,
1559 3307 1680 3359 ἀντὶ
1723 3280 1841 3372 τού,

267 3373 576 3470 ξίῐπινίκιον
637 3378 807 3450 ὕμνον
857 3385 1027 3456 ᾄσατε
1105 3389 1186 3459 τῷ
1243 3389 1382 3461 Θεῷ.
1453 3394 1678 3465 Κυρίως
1737 3400 1844 3470 γὰρ

254 3465 599 3539 ἀλαλαγμὸς,
626 3473 874 3539 ἐνυάλιος
904 3478 1057 3550 φωνὴ
1097 3479 1206 3534 τῶν
1249 3483 1529 3540 νικώντων
1572 3490 1631 3543 ὲν
1670 3465 1840 3563 μάχῃ..

255 3562 720 3655 καταπλήττουσα
748 3569 874 3632 τοὺς
899 3570 1001 3640 ἠδη
1025 3572 1380 3644 κλινομένους
1403 3578 1496 3649 ὲχθ
1507 3579 1653 3647 ρούς.
1685 3562 1841 3655 Φωνὴ

253 3651 311 3704 δὲ
343 3653 752 3724 ἀγαλλιάσεως,
776 3662 810 3714 ἡ
856 3661 1199 3738 εὐφροσύνης
1244 3671 1439 3740 μεστή.
1473 3665 1607 3726 Εἶτα
1645 3651 1842 3746 ἐπάγει

257 3747 348 3800 καὶ
375 3746 474 3818 τὴν
505 3750 596 3804 αίτ
605 3750 711 3805 ίαν.

326 3841 457 3896 Ὀτι
481 3844 701 3912 Κύριος
723 3846 1003 3914 ὕψιστος,
1039 3852 1309 3919 φοϐερὸς,
1334 3855 1638 3925 βασιλεὺς
1655 3862 1843 3931 μέγας

252 3933 347 3986 ἐπί
407 3934 623 3993 πᾶσαν
665 3939 780 4003 τὴν
826 3940 964 4010 γῆν.
997 3944 1140 3997 Διότι
1172 3947 1200 3999 ὁ
1239 3948 1498 4019 Χριστὸς,
1536 3953 1565 4005 ὁ
1617 3952 1841 4024 ὕψιστος

255 4029 396 4116 κατὰ
428 4029 531 4101 τὴν
581 4029 834 4101 ϐεότητα,
886 4035 1118 4103 φοϐερὸς
1172 4039 1267 4093 νῦν
1315 4041 1425 4094 ἀπὸ
1451 4043 1563 4098 τῶν
1596 4047 1842 4116 σημείων

253 4114 328 4174 ὧν
380 4123 510 4176 καθ’
557 4124 799 4196 ἑκάστην
847 4133 1226 4200 τερατουργεί.
1286 4127 1361 4186 Οῧ
1418 4136 1515 4188 και
1559 4138 1622 4191 τὸ
1651 4114 1841 4213 ήῦνομα

259 4215 421 4280 μόνον
475 4215 737 4283 μαστίζει
779 4218 875 4272 καὶ
925 4220 1222 4275 ἀπελαύνει
1269 4226 1394 4288 τοὺς
1429 4227 1713 4298 δαίμονας,
1744 4235 1841 4287 καὶ

254 4303 372 4358 λύει
420 4307 520 4369 τάς
572 4309 760 4371 νόσους
793 4326 808 4340 ·
856 4310 950 4363 καὶ
1007 4311 1264 4378 βασιλεὺς
1319 4317 1490 4385 μέγας
1534 4320 1626 4374 ἐπὶ
1657 4325 1840 4380 πᾶσαν

255 4398 354 4467 τὴν
402 4401 512 4468 γῆν
548 4416 564 4431 ·
597 4401 674 4451 ἐν
708 4403 857 4474 πάσῃ
885 4403 994 4474 γὰρ
1025 4407 1093 4474 τῇ
1128 4409 1196 4476 γῇ
1225 4407 1430 4478 κλῆρον
1478 4412 1658 4484 ἑαυτῷ
1709 4434 1840 4470 συν-

253 4492 548 4560 εστήσατο,
593 4490 683 4545 διὰ
719 4493 832 4545 τῶν
858 4495 1277 4551 ἀποσταλέντων
1311 4500 1492 4569 ἡμῶν.
1528 4504 1602 4557 Τὸ
1642 4508 1842 4578 Μέγας

255 4582 328 4647 δὲ,
356 4586 446 4638 διὰ
475 4587 608 4647 τοὺς
645 4587 1016 4658 προσκαίρους
1058 4589 1276 4660 είρηται
1317 4593 1577 4663 βασιλεῖς,
1613 4604 1841 4672 μικροὺς

1955 4616 2054 4668 cst,
2104 4620 2269 4672 super
2301 4620 2516 4658 omnem
2549 4616 2747 4658 ιειτειιιι
2788 4623 2802 4658 ζ

254 4677 437 4742 ὄντας,
474 4681 577 4733 καὶ
615 4681 832 4749 μικρῶν
866 4679 1274 4750 βασιλεύοντας.

1945 2206 2000 2254 et
2031 2198 2232 2252 multos
2259 2197 2598 2253 adducentes
2627 2197 2694 2250 ad
2735 2195 2893 2252 [idem
2918 2237 2934 2262 ,
2970 2212 3080 2266 prae
3113 2197 3322 2262 laetitia,
3359 2213 3528 2266 quam

1948 2291 2052 2362 ipsi
2087 2305 2354 2345 summam
2382 2290 2513 2345 inde
2544 2291 2942 2361 percipiebant,
2968 2290 3201 2361 gaudere
3224 2291 3341 2360 pari
3371 2291 3538 2345 modo

1942 2385 2136 2455 jubent
2163 2399 2352 2439 omnes
2385 2395 2573 2454 gentes
2635 2387 2701 2438 ad
2754 2399 2894 2453 quas
2955 2400 2983 2436 a
3038 2383 3322 2440 Salvatore
3379 2385 3536 2439 missi

1949 2474 2167 2530 fuerant
2198 2494 2213 2542 ;
2243 2476 2390 2546 quod
2423 2476 2636 2530 scilicet
2667 2474 2875 2531 eiiectaa
2922 2477 3032 2529 sint
3067 2475 3358 2530 baereditas
3392 2475 3507 2532 Dei.

2022 2570 2186 2624 Vens.
2207 2571 2262 2623 2.
2297 2569 2492 2624 Omnes
2517 2579 2714 2640 gentes,
2747 2570 2985 2638 plaudite
3005 2570 3273 2624 manibus.
3304 2569 3541 2625 Plausus

1949 2677 2208 2716 manuum
2245 2664 2297 2718 in
2340 2679 2567 2718 summae
2600 2664 2801 2718 laetitia:
2845 2664 3061 2734 signum
3102 2663 3215 2717 fieri
3242 2665 3407 2719 solet.
3432 2662 3540 2719 Per

1949 2751 2053 2809 hoc
2084 2755 2250 2824 igitur
2276 2756 2490 2825 signum
2520 2754 2882 2825 gentesjubet
2908 2755 3148 2808 laetitiam
3180 2755 3526 2823 prmsefcrre.

1952 2845 2140 2916 Neque
2169 2849 2313 2902 enim
2359 2847 2493 2901 illud
2526 2857 2733 2901 tantum
2760 2849 2917 2916 petit,
2951 2855 3009 2902 ut
3035 2848 3282 2903 sensibili
3317 2849 3530 2917 crepitu

1951 2940 2296 3010 plauderent,
2329 2949 2593 3011 quantum
2632 2949 2692 2994 ut
2725 2940 2908 2996 animo
2959 2955 3021 2995 ac
3050 2941 3244 3009 spiritu
3278 2940 3538 2996 lmtaren-

1948 3043 2036 3087 tur
2069 3052 2083 3088 :
2117 3035 2245 3104 quia
2277 3035 2438 3087 talem
2464 3051 2526 3088 ac
2555 3043 2764 3089 tantum
2798 3043 2981 3090 essent
3035 3035 3316 3089 consecuti
3354 3034 3542 3090 Domi-

1949 3142 2102 3188 num,
2139 3127 2571 3192 misericordem,
2606 3126 2882 3192 videlicet,
2914 3137 2965 3181 et
2990 3127 3451 3196 mnnipotentem.

2018 3216 2256 3271 Jubilate
2291 3217 2395 3271 Deo
2435 3219 2488 3270 in
2521 3235 2640 3272 voce
2663 3218 3062 3272 exsultationis.
3095 3217 3358 3282 Verbum,
3384 3219 3537 3285 jubi-

1946 3310 2094 3371 late.,
2116 3311 2482 3379 tnetapliorice
2504 3309 2708 3363 dictum
2729 3318 2832 3373 est,
2860 3326 2923 3364 ac
2941 3310 2986 3363 si
3007 3311 3211 3364 diceret
3237 3329 3250 3366 :
3277 3309 3538 3366 Victoi-iaa

1947 3404 2206 3474 hymnum
2239 3402 2440 3455 canite.
2474 3399 2566 3456 Est
2601 3402 2746 3456 enim
2771 3403 2984 3471 jubilus
3017 3401 3235 3472 proprie
3276 3402 3537 3460 militaris

1945 3499 2192 3566 quaedam
2222 3494 2544 3550 vociferatio
2566 3535 2581 3559 ,
2620 3510 2784 3564 quam
2820 3496 3058 3552 victores
3084 3497 3134 3550 in
3169 3512 3349 3568 pugna
3375 3499 3537 3552 emit-

1944 3599 2056 3644 terc
2105 3597 2531 3650 consueverunt,
2563 3597 2621 3641 ut
2660 3587 2845 3641 hostes
2880 3588 2934 3641 in
2970 3587 3152 3655 fugam
3187 3589 3299 3655 jam
3332 3605 3526 3644 versos

1942 3682 2118 3752 magis
2150 3690 2511 3751 perterreant.
2569 3677 2682 3734 Vox
2734 3680 2900 3734 etiam
2949 3681 3376 3747 exsultatiOnis,
3428 3697 3534 3736 vos

1940 3783 2026 3831 est
2055 3774 2254 3828 imtitiaa
2283 3773 2442 3844 plena
2476 3791 2492 3828 :
2529 3772 2728 3850 deinde
2760 3788 2985 3828 causam
3024 3774 3220 3829 addit:

2013 3865 2179 3921 Vsus.
2213 3865 2265 3921 5.
2303 3865 2567 3932 Quoniam
2610 3864 2870 3919 Dominus
2897 3866 3135 3919 excelsus
3163 3907 3178 3931 ,
3237 3868 3490 3923 terribilis
3519 3910 3534 3934 ,

1940 3959 2053 4014 Rex
2071 3975 2293 4030 magnus
2311 3973 2466 4027 super
2485 3974 2690 4013 omnem
2718 3969 2940 4012 terram.
2967 3957 3234 4024 Quoniam
3259 3959 3532 4027 Cbrisms,

1941 4051 2035 4124 qui
2064 4051 2361 4107 secundum
2384 4052 2724 4106 divinitatem
2753 4051 3057 4106 altissimus
3082 4059 3186 4118 est,
3221 4052 3522 4107 terribilem

1941 4144 2107 4198 etiam
2173 4140 2280 4214 {vel
2313 4150 2368 4195 ut
2393 4144 2572 4211 potius
2603 4150 2761 4196 sonat
2790 4141 2978 4196 Graeca
3008 4142 3176 4198 dictio
3198 4184 3213 4210 ,
3251 4143 3486 4214 φοϐερὸς
3513 4183 3532 4208 ,

1940 4235 2244 4289 timendum
2282 4233 2388 4306 se],
2419 4235 2679 4289 omnibus
2707 4233 3073 4301 demonstrat,
3094 4237 3162 4291 ob
3189 4236 3345 4307 signa
3379 4238 3533 4292 vide-

1939 4329 2091 4391 licet,
2139 4335 2192 4382 et
2239 4328 2501 4381 miracula
2549 4343 2670 4396 quzr
2716 4329 2950 4396 singulis
2997 4329 3192 4384 diebus
3246 4341 3527 4400 operatur.

1943 4422 2122 4491 Hujus
2153 4421 2295 4475 enim
2324 4420 2403 4474 vel
2425 4421 2600 4473 solum
2626 4435 2823 4474 nomen
2875 4431 3085 4489 torquet
3114 4431 3275 4491 atque
3305 4424 3530 4492 expellit

1945 4514 2326 4576 daemones,‘et
2356 4515 2576 4568 morbos
2615 4513 2949 4581 curat;qnia
2972 4513 3136 4566 etiam
3161 4512 3269 4566 Rex
3299 4528 3532 4582 magnus

2864 4604 3070 4674 quippe
3122 4619 3244 4658 cum
3291 4605 3530 4660 inomni

1957 4707 2102 4752 terra
2135 4697 2503 4752 litereditatetn
2531 4698 2631 4752 sibi
2664 4701 2889 4762 adeptus
2918 4700 3010 4764 sit,
3029 4713 3126 4769 per
3143 4714 3243 4754 nos
3269 4700 3526 4754 nimirum

256 4776 558 4843 apostolos,
595 4789 734 4844 quos
760 4775 812 4828 in
845 4777 1160 4831 universum
1196 4778 1456 4837 mundum
1505 4782 1570 4837 ad
1619 4782 1893 4856 Evangelii
1960 4788 2402 4858 pradieationem
2459 4790 2630 4845 misit.
2699 4787 2952 4858 Magnum
3049 4801 3233 4845 autem
3327 4791 3529 4860 Regem

253 4869 537 4924 Chriﬂum
588 4870 924 4939 appellati“.
1004 4881 1224 4940 Ρτοριθτ
1287 4876 1650 4944 lemporarios
1702 4878 1841 4936 istos
1879 4893 2310 4954 regesnostros,
2342 4884 2435 4948 qui
2471 4893 2526 4938 et
2559 4883 2768 4938 minimi
2815 4892 2946 4938 sunt
3028 4885 3176 4942 illius
3241 4900 3532 4956 compara-

255 4967 425 5028 tione,
453 4976 510 5020 et
541 4965 742 5034 exiguo
771 4970 1002 5033 regnant
1033 4973 1294 5034 tempore.

336 5060 637 5124 ’Υπέταξε
698 5058 888 5124 λαοὺς
951 5058 1116 5126 ἡμῖν.
1190 5060 1331 5124 Τοὺς
1402 5061 1462 5128 ἐξ
1527 5063 1837 5118 Ἰουδαίωνο

2013 5062 2182 5118 Vens.
2216 5063 2269 5118 4.
2301 5061 2536 5131 Subjecit
2566 5063 2789 5132 populos
2817 5064 2988 5119 nobis.
3035 5062 3137 5118 Per
3152 5066 3383 5135 populos
3442 5065 3530 5122 hic

256 5149 401 5208 οὗτοι
450 5154 566 5222 γὰρ
612 5150 819 5222 πρῶτοι
860 5150 1211 5223 ἐπίστευσαν,
1257 5153 1544 5223 τρισχίλιοι
1579 5158 1672 5208 καὶ
1709 5174 1836 5209 πεν-

1955 5158 2154 5214 indices
2190 5159 2310 5212 illos
2341 5158 2590 5227 intelligit
2620 5159 2712 5226 qui
2741 5159 2901 5226 primi
2955 5162 3202 5213 omnium
3254 5161 3309 5213 in
3364 5161 3529 5215 Chri-

256 5247 610 5319 τακισχίλιοι,
671 5243 1069 5307 ἀποϐάλλοντες
1114 5244 1214 5315 τὴν
1261 5245 1484 5315 ἔχθραν,
1528 5251 1623 5300 καὶ
1665 5266 1835 5320 προσ.

1955 5263 2078 5307 itum
2107 5251 2456 5306 crediderunt
2487 5267 2500 5303 :
2538 5250 2623 5303 illa
2657 5250 2865 5304 scilicet
2897 5251 2998 5303 tria
3049 5253 3219 5307 millia
3249 5295 3265 5319 ,
3323 5263 3378 5308 et
3432 5256 3524 5309 illa

257 5341 562 5411 δραμόντες
623 5340 736 5400 τοῖς
787 5337 1136 5402 ἀποστόλοις,
1193 5338 1357 5402 εὐθὺς
1409 5341 1548 5408 μετά
1600 5343 1699 5409 τὴν
1756 5344 1838 5406 εἰς

1955 5343 2180 5413 ιυὶιιῳιθ
2205 5342 2396 5406 millia,
2429 5358 2550 5412 quae
2580 5343 2765 5394 statim
2832 5355 2956 5413 post
2987 5345 3250 5398 Pararleti
3283 5345 3524 5415 Spiritus

258 5433 458 5494 αὐτοὺς
485 5429 788 5502 ιπιδημίαν
817 5427 912 5483 τοῦ
942 5428 1328 5500 Παρακλήτου,
1369 5430 1477 5500 πρὸ
1509 5429 1602 5485 τοῦ
1634 5432 1836 5498 ιξιέναι

1955 5433 2270 5496 tdventum,
2333 5431 2599 5499 dep0sitis
2660 5431 3072 5495 simultatibus,
3123 5433 3190 5488 ad
3246 5437 3525 5503 apostolos

260 5524 352 5577 ἔπι
384 5525 452 5576 τά
488 5521 642 5590 ἔθνη.
1945 5523 2336 5593 confugerunt,
2373 5532 2663 5592 antequam
2693 5522 2766 5575 illi
2798 5525 3008 5577 exirent
3044 5525 3109 5578 ad
3147 5535 3358 5596 gentes.

327 5612 437 5668 Καὶ
489 5613 638 5680 ἔθνη
696 5611 818 5668 ὑπὸ
877 5611 1020 5678 τοὺς
1077 5611 1271 5678 πόδας
1332 5611 1521 5683 ἡμῶν.
1583 5613 1724 5677 Τοὺς
1781 5614 1841 5682 ἐξ

2019 5611 2086 5666 Et
2110 5625 2282 5683 gentes
2315 5614 2407 5666 sub
2437 5612 2651 5682 pedibus
2677 5615 2892 5667 nostris.
2929 5613 2989 5666 Et
3024 5629 3141 5678 eos,
3179 5615 3266 5682 qui
3299 5619 3362 5669 de
3387 5632 3524 5685 ger.-

261 5703 432 5756 ιθνῶν
456 5703 912 5768 πεπιστευκότας,
934 5702 984 5756 οἳ
1002 5703 1097 5757 καὶ
1113 5701 1334 5773 Θερμῶς
1354 5703 1707 5758 ὑπεκλίνοντο
1726 5708 1841 5770 τοῖς

1955 5706 2092 5762 tibus
2117 5707 2500 5768 crediderunt,
2555 5707 2647 5776 qui
2691 5706 2795 5761 fide
2841 5706 3095 5760 ardentes
3143 5709 3516 5776 apostolomm

262 5796 389 5848 ποσὶ
435 5795 550 5849 τῶν
592 5796 929 5865 ἀποστόλων,
964 5795 1059 5850 καὶ
1091 5795 1160 5850 τὰ
1201 5797 1324 5867 ἴχνη
1362 5794 1572 5851 τούτων
1597 5797 1838 5862 εὐσεϐῶς

1955 5799 2172 5867 pedibus
2205 5800 2450 5854 inclinati
2483 5810 2608 5854 sunt
2641 5839 2654 5866 ,
2681 5807 2735 5855 et
2789 5801 3005 5855 illorum
3045 5800 3270 5868 vestigia
3320 5801 3407 5871 pie
3456 5817 3520 5857 ac

263 5887 695 5960 κςίτησπάζοντο.

1955 5889 2194 5962 religiose
2248 5893 2561 5962 atnplcxati.
