4036 6262
479 371 584 438 519

473 597 633 644 detur
687 591 739 642 in
795 589 1016 642 civitate
1071 588 1400 653 Jerusalem,
1449 589 1502 640 in
1546 602 1653 657 qua
1699 588 2052 654 cognoscitur

474 690 530 737 ct
583 682 808 736 colitur.
863 680 1050 753 Neque
1104 683 1250 737 enim
1305 681 1472 736 Deum
1517 682 1742 735 laudant
1788 683 1881 751 qui
1923 698 2048 737 eum

474 776 750 846 ignorant.

543 869 604 921 In
637 877 809 922 monte
841 877 1028 924 sancto
1073 870 1212 937 ejus.
1253 868 1389 923 Cum
1434 869 1677 924 civitatis
1716 869 2048 934 meminerit,

470 973 876 1031 consequenter
916 972 969 1018 et
1028 971 1268 1017 montem
1320 963 1370 1018 ei
1406 963 1646 1017 vicinum
1701 978 1767 1017 ac
1809 962 2046 1031 quodam

472 1054 634 1108 modo
690 1056 902 1109 unitum
948 1055 1220 1108 nominat.
1279 1053 1671 1124 Saepenumero
1726 1057 1890 1108 etiam
1952 1069 2050 1123 per

470 1148 890 1216 appellationem
923 1149 1129 1201 montis
1145 1145 1298 1210 Sion,
1348 1148 1465 1217 ipsa
1498 1145 1803 1202 Jerusalem
1844 1147 2048 1201 intelli-

470 1241 635 1309 gitur.
671 1240 879 1294 Civitas
910 1249 1089 1294 autem
1126 1239 1218 1293 Dei
1258 1240 1365 1294 dici
1402 1249 1583 1309 potest
1638 1240 1880 1295 Ecclesia
1915 1240 2048 1294 fide—

470 1335 602 1387 ilum
650 1337 701 1387 in
757 1349 863 1402 qua
917 1332 1060 1387 Deus
1106 1333 1351 1388 creditur
1405 1334 1676 1396 habitare,
1713 1348 1834 1400 quae
1882 1332 2047 1384 etiam

468 1442 628 1480 mons
695 1428 947 1481 dicitur:
1000 1427 1130 1495 quia
1194 1442 1360 1495 supra
1419 1434 1639 1478 terrena
1684 1423 1870 1478 omnia
1917 1421 2048 1475 vitia

468 1519 698 1582 eminet,
736 1529 790 1573 et
819 1520 872 1572 in
908 1519 1086 1588 ipsum
1123 1518 1302 1571 fertur
1328 1518 1555 1571 colum.

549 1611 707 1665 Vens.
733 1613 787 1664 5.
815 1610 953 1664 Bene
972 1609 1194 1678 fundato
1216 1608 1571 1663 exsultatione
1595 1608 1851 1661 universa:
1873 1594 2048 1660 terret.

468 1706 526 1761 In
558 1717 765 1768 monte,
795 1707 1042 1774 inquam,
1076 1703 1212 1757 bene
1246 1701 1497 1766 fundato,
1532 1698 1903 1754 exsultatione
1929 1698 2051 1752 uni-

471 1816 640 1856 tersa:
689 1811 866 1853 terrae.
919 1797 1270 1852 Post'vocem
1318 1797 1464 1850 enim
1515 1793 1718 1864 εὑρίζῳ
1762 1794 2047 1859 interpun-

467 1891 642 1962 genda
670 1891 847 1946 oratio
876 1900 999 1954 est;
1049 1887 1342 1957 legendum
1387 1884 1586 1939 deinde
1632 1882 2002 1952 ἁγαλλιάματι
2029 1921 2044 1945 ,

468 1987 573 2040 hoc
606 1993 710 2047 est,
749 2000 873 2039 cum
901 1983 1100 2054 gaudio
1146 1996 1210 2035 ac
1242 1981 1609 2035 delectatione
1654 1981 1827 2033 totius
1873 1977 2043 2033 orbis.

537 2076 733 2129 Montes
767 2076 920 2140 Sion,
947 2075 1115 2128 latera
1142 2071 1431 2144 aquilonis,
1449 2074 1632 2127 civitas
1664 2070 1817 2142 Regis
1843 2072 2045 2142 magni.

465 2166 692 2233 Quoties
719 2167 842 2237 quis
883 2167 1014 2220 mihi
1049 2182 1114 2221 ex
1163 2176 1482 2220 transverso
1545 2171 1710 2232 atque
1773 2177 1837 2216 ex
1877 2162 2047 2216 latere

465 2275 773 2316 conversus
801 2271 909 2325 est,
959 2260 1047 2312 ille
1094 2259 1263 2312 latera
1315 2271 1435 2312 mea
1486 2270 1597 2309 non
1626 2264 1828 2310 temere
1876 2270 1904 2308 a
1961 2271 2047 2310 me

463 2353 727 2422 appellari
762 2359 962 2420 potest.
997 2349 1130 2404 Nam
1175 2349 1318 2420 quod
1367 2358 1738 2402 transversum
1773 2346 1905 2399 mihi
1939 2353 2044 2409 est,

469 2457 614 2500 recte
637 2445 843 2500 dicitur
863 2460 928 2499 ex
961 2444 1137 2497 latere
1162 2442 1297 2495 mihi
1325 2456 1448 2496 esse
1472 2459 1486 2505 ;
1511 2450 1564 2494 et
1581 2441 1708 2509 quia
1735 2453 1893 2491 mons
1913 2435 2047 2491 Sion

463 2537 704 2606 aquiloni
744 2546 905 2590 vento
934 2551 963 2589 e
992 2535 1202 2590 directo
1245 2537 1511 2588 adversus
1553 2547 1659 2584 non
1708 2539 1816 2585 est.
1855 2529 2045 2597 Neque

467 2630 616 2684 enim
639 2629 824 2697 aquilo
857 2641 1005 2680 recta
1032 2638 1224 2680 contra
1265 2641 1389 2680 eum
1422 2627 1615 2695 spirat,
1644 2625 1737 2677 sed
1765 2639 1832 2677 ex
1869 2633 2048 2677 trans-

464 2735 648 2784 verso,
679 2721 753 2773 nil
789 2720 1172 2774 admirandum
1203 2719 1249 2772 si
1301 2719 1449 2772 hunc
1501 2725 1740 2771 montem
1770 2714 2046 2783 PrOpheta

468 2812 639 2865 latera
679 2811 954 2880 aquilonis
981 2809 1294 2877 appellavit,
1325 2809 1520 2863 dicens
1559 2826 1572 2862 :
1610 2805 1742 2872 Vos,
1778 2815 2045 2860 omontes

468 2903 623 2968 Sion,
662 2902 751 2972 qui
786 2917 850 2955 ex
887 2909 1210 2956 transverso
1247 2901 1522 2966 aquilonis
1566 2901 1724 2964 estis,
1763 2911 1926 2969 atque
1977 2915 2045 2955 ex

466 2996 636 3048 latere
668 2995 788 3060 ejus
837 2994 1035 3063 jacetis
1070 2991 1088 3064 [
1117 2994 1312 3048 scitote
1349 2993 1477 3063 quia
1520 3007 1749 3060 magnus
1784 2992 2045 3047 Dominus

465 3098 551 3142 est
611 3097 665 3143 et
709 3087 1004 3141 laudabilis
1041 3087 1212 3151 valde,
1268 3086 1403 3154 etc.J
1445 3086 1560 3139 Nec
1607 3085 1826 3154 illepide
1873 3085 2040 3139 etiam

1692 373 2075 437 EUTHYMII
2115 372 2437 434 ZIGABEN
2446 372 2471 432 Ι

549 494 615 548 In
643 494 852 548 civitate
897 493 994 548 Dei
1023 494 1214 547 nostri.
1247 493 1453 564 Dignus
1476 501 1560 546 est
1594 504 1776 549 autem
1811 496 1902 562 qui
1937 495 2054 547 lau-
2080 500 2127 556 Α

3610 371 3718 437 520

2236 493 2338 547 Ἐν
2367 495 2544 547 πόλει
2574 491 2679 546 τοῦ
2710 491 2858 545 Θεοῦ
2891 490 3082 562 ἡμῶν.
3116 491 3394 546 Αἰνεϊσοαι
3424 491 3501 557 δὲ,
3552 494 3608 544 ἐν
3658 495 3725 560 τῇ

2164 583 2523 655 Ἰερουσαλὴμ
2561 587 2626 653 τῇ
2689 583 3033 656 γνωριζούσῃ
3072 602 3086 616 ·
3128 587 3177 638 οἱ
3226 585 3334 654 γὰρ
3380 585 3724 653 ἀγνοοῦντες.

2151 676 2251 729 οὐκ
2277 675 2614 730 ἐπαινοῦσιν.

2223 859 2326 914 Ἐν
2353 861 2472 927 ὄρει
2493 859 2641 926 ἁγίῳ
2662 857 2869 912 αὐτοῦ.
2913 857 3076 910 Πόλιν
3105 857 3298 921 εἰπὼν,
3336 856 3426 910 καὶ
3457 855 3552 908 τοῦ
3570 854 3731 925 ὅρους

2151 952 2292 1007 Σιὼν
2337 953 2768 1022 ἐμνημόνευσεν,
2821 952 2898 1015 ὼς
2963 952 3245 1022 ήνωμένου
3307 952 3446 1020 αὐτῇ
3508 950 3594 1003 διὰ
3629 949 3730 1019 τὴν

2150 1045 2466 1114 ἐγγύτητα*
2502 1045 2763 1108 πολλάκις
2780 1044 2835 1097 δὲ
2867 1045 2963 1097 καὶ
3025 1045 3132 1098 ἀπὸ
3199 1043 3362 1112 μόνου
3427 1043 3522 1096 τοῦ
3566 1043 3730 1111 ὅρους

2151 1140 2343 1194 τούτου
2373 1140 2525 1210 δηλοῖ
2547 1138 2644 1208 τὴν
2687 1135 3183 1210 Ἰερουσαλήμ.Εῖη
3216 1138 3264 1190 δ’
3302 1137 3371 1190 ἂν
3398 1136 3552 1198 πόλις
3591 1133 3729 1188 Θεοῦ

2150 1236 2292 1303 καὶὴ
2332 1232 2630 1302 Ἐκκλησία
2648 1231 2756 1285 τῶν
2781 1230 3016 1299 πιστῶν,
3044 1223 3341 1306 ἐνοικεῖν
3374 1230 3728 1284 πιστεύεταιο

2149 1330 2184 1397 ὴ
2213 1328 2257 1380 δ’
2283 1327 2421 1394 αὐτὴ
2454 1329 2550 1380 καὶ
2591 1325 2738 1394 ὅρος,
2771 1325 2847 1389 ὡς
2889 1325 3265 1395 ὑπερκειμένη
3305 1324 3486 1394 πάσης
3519 1340 3735 1395 χαμερ-

2151 1420 2286 1484 ποῦς
2324 1420 2547 1483 κακίας,
2575 1419 2671 1472 καὶ
2697 1418 2832 1490 πρὸς
2862 1417 3098 1488 οὐρανὸν
3135 1418 3546 1488 ἀνατεταμένη.

2222 1602 2466 1674 Εὑρίζῳ,
2484 1604 2890 1673 ἀγαλλιάματι
2915 1604 3122 1671 πάσης
3151 1602 3264 1673 τῆς
3286 1603 3416 1674 γῆς.
3452 1605 3612 1675 "Oper.
3649 1603 3732 1669 δὲ,

2148 1698 2228 1768 τῷ
2265 1696 2625 1768 εὐριζομένῳ,
2653 1696 2732 1766 τῷ
2778 1696 3151 1768 ἀγαλλιάματι
3200 1698 3382 1768 πάσης
3443 1700 3545 1767 τῆς
3589 1697 3735 1765 γῆς·

2153 1793 2293 1860 μετὰ
2316 1793 2425 1864 γὰρ
2458 1793 2520 1847 τὸ
2559 1790 2806 1860 Εὑρίζῳ,
2844 1791 3094 1846 στικτέον
3122 1805 3137 1820 ⁸
3170 1786 3291 1844 εἶτα
3339 1790 3402 1844 τὸ
3458 1791 3735 1858 ἀγαλλιά-

2155 1902 2285 1954 ματι
2341 1885 2741 1952 ἀναγνωστέον,
2787 1882 3217 1954 Ἀγαλλιάματι
3263 1883 3322 1937 δὲ
3377 1882 3595 1950 πάσης
3623 1882 3736 1952 τῆς

2151 1977 2286 2049 τῆς,
2318 1979 2442 2031 ἀντὶ
2465 1977 2562 2030 τοῦ
2593 1978 2961 2047 Τερπνότητι.
3707 1960 3713 1964 ’

2225 2073 2375 2137 Ὀρη
2411 2069 2678 2133 Σιὼγ,τὰ
2712 2070 2945 2137 πλευρὰ
2982 2068 3091 2124 τοῦ
3106 2065 3323 2137 βοῤῥᾶ,
3350 2069 3388 2135 ἡ
3423 2069 3603 2134 πόλις
3625 2068 3736 2122 τοῦ

2142 2160 2453 2226 ,βασιλέως
2482 2159 2592 2214 τοῦ
2615 2159 2997 2231 μετάλου.Τὸ
3019 2161 3085 2212 ὲκ
3121 2159 3357 2228 πλαγίου
3385 2176 3477 2229 μοι
3495 2176 3741 2230 τετραμ-

2153 2255 2334 2324 μένον,
2364 2255 2577 2327 πλευρὰ
2621 2272 2712 2325 μοι
2775 2255 2979 2322 λέγοιτ’
3030 2255 3097 2308 ἂν
3125 2295 3141 2309 .
3176 2254 3318 2307 κατὰ
3343 2253 3616 2323 πλευρὰν,
3675 2253 3739 2304 τὸ

2147 2348 2378 2417 πλάγιον
2404 2348 2542 2417 (72)·
2568 2349 2691 2402 ἐπεὶ
2718 2344 2812 2402 οὖν
2830 2349 2924 2402 καὶ
2949 2348 3030 2413 τὸ,
3053 2346 3209 2401 Σιὼν
3228 2347 3385 2414 ὄρος,
3410 2348 3471 2400 οὐ
3496 2347 3622 2398 κατ’
3647 2345 3742 2400 εὑ-

2150 2441 2324 2503 θεῑαν,
2356 2441 2471 2494 ἀλλ’
2497 2445 2559 2494 ἐκ
2591 2441 2822 2509 πλαγίου
2841 2443 3021 2495 κεῖται
3058 2441 3194 2512 πρὸς
3256 2441 3346 2494 τὸν
3383 2440 3618 2511 βορρᾶν,
3673 2440 3737 2492 οὐ

2149 2537 2257 2605 γὰρ
2305 2535 2394 2588 ἐπ’
2425 2537 2644 2600 εὐθείας
2708 2535 2868 2589 τοῦτο
2933 2537 3223 2596 καταπνεῖ,
3273 2533 3517 2604 πλευρὰν
3562 2531 3738 2586 αὐτοῦ

2149 2623 2390 2694 κέκληκε
2417 2625 2592 2693 λέγων
2618 2642 2632 2657 ·
2663 2620 2734 2678 Ὦ
2757 2624 2859 2697 ὅρη
2889 2623 3054 2690 Σιὼν,
3077 2625 3147 2678 τὰ
3176 2624 3382 2692 πλάγια
3403 2622 3498 2677 τοῦ
3529 2627 3735 2694 βορρᾶ,

2145 2718 2216 2771 τὰ
2243 2720 2386 2772 κατὰ
2413 2717 2659 2788 πλευρὰν
2697 2718 2848 2788 αὐτῷ
2875 2719 3130 2787 κείμενα.
3161 2717 3483 2788 Περιχαρῶς
3505 2717 3565 2772 δὲ
3595 2719 3740 2770 ἁνα-

2148 2813 2396 2866 καλεῖται
2428 2812 2521 2864 καὶ
2548 2811 2608 2862 τὸ
2636 2810 2764 2880 ὅρος
2810 2810 2902 2862 καὶ
2933 2811 3033 2878 τὴν
3080 2809 3237 2862 πόλιν
3267 2825 3279 2837 '
3306 2810 3401 2862 καὶ
3461 2807 3566 2878 ὅρη
3637 2811 3741 2877 μὲν

2145 2904 2300 2971 λέγει
2344 2902 2405 2955 τὸ
2447 2902 2595 2972 ὅρος,
2657 2902 2798 2954 κατὰ
2842 2900 3126 2954 διάλεκτον
3199 2899 3483 2970 Ἐσραῖδα,
3546 2899 3740 2964 καθὼς

2147 2999 2412 3062 πολλάκις
2447 2999 2752 3068 εἰρήκαμεν
2778 3013 2791 3028 ο
2825 2996 2999 3066 μέγαν
3021 2994 3076 3047 δὲ
3119 2992 3366 3063 βασιλέα,
3400 2993 3494 3046 τὸν
3550 2991 3695 3046 Θεὸν
3722 3009 3737 3023 ’

2152 3092 2299 3161 μόνῳ
2321 3092 2429 3160 γὰρ
2457 3088 2655 3158 τούτῳ,
2685 3089 2821 3159 μόνη
2847 3086 2986 3156 αὕτη
3016 3086 3287 3140 ἀνέκειτο.
3353 3083 3514 3137 Κατὰ
3540 3085 3603 3137 δὲ
3639 3086 3739 3137 ἁν-

465 3191 706 3236 montcm
751 3195 858 3233 una
913 3195 976 3234 ac
1025 3181 1304 3234 civitatem
1360 3179 1639 3243 advocat;
1689 3187 1742 3232 et
1801 3188 2038 3231 montem

2150 3185 2396 3253 αγωγὴν,
2429 3183 2624 3252 ἑτέραν
2651 3182 2888 3250 ἐροῦμεν
2918 3181 3150 3244 ἔννοιαν,
3187 3180 3272 3231 ὅτι
3317 3177 3523 3249 βορῤἄν
3547 3178 3676 3246 μὲν,
3704 3179 3740 3249 ἠ

464 3276 684 3346 quidem
719 3275 914 3342 plurali
941 3286 1171 3326 numero
1203 3280 1414 3327 montes
1449 3271 1779 3340 dicit,juxta
1815 3269 2042 3324 Hebrai-

466 3383 591 3422 cmu
647 3366 874 3427 idioma,
940 3375 999 3418 ut
1057 3379 1199 3432 saepe
1251 3364 1542 3430 diximus;
1599 3379 1855 3433 magnum
1914 3376 2044 3416 vero

468 3476 651 3529 regem
708 3458 878 3512 Deum
926 3459 1184 3526 appellat,
1222 3456 1351 3525 quia
1400 3455 1503 3509 soli
1559 3455 1668 3509 Deo
1728 3457 1913 3509 oblata
1975 3469 2040 3509 ac

469 3553 718 3607 dedicata
752 3561 871 3606 erat
899 3549 1225 3605 Jerusalem.
1261 3548 1420 3601 Juxta
1455 3564 1730 3617 auagogen
1762 3564 1858 3618 per
1891 3548 2048 3617 aqui-

465 3647 667 3708 lonem,
700 3644 977 3698 diabolum
1012 3657 1155 3710 saepe
1187 3641 1481 3712 significari
1527 3641 1880 3709 intelligimus
1915 3655 1929 3691 :
1969 3641 2042 3692 Ab

465 3738 715 3806 aquilone
770 3737 937 3799 enim,
988 3735 1209 3803 inquit,
1267 3734 1619 3786 accendentur
1676 3735 1853 3786 omnia
1902 3732 2047 3784 maia

467 3843 626 3896 super
660 3840 858 3881 terram
877 3829 944 3880 ’⁷.
972 3825 1100 3879 Item
1136 3825 1265 3879 alibi
1299 3844 1312 3879 :
1361 3825 1669 3887 Aquilonem
1709 3825 1966 3891 expellam
2015 3841 2048 3877 α

469 3921 612 3974 vobis
647 3921 714 3972 ⁷⁸.
743 3919 936 3974 Latera
963 3927 1171 3981 autem,
1203 3919 1304 3971 hoc
1335 3927 1439 3984 est,
1479 3921 1722 3973 membra
1753 3919 2049 3989 aquilonis,

469 4024 661 4082 gentes
723 4022 900 4068 erant.
947 4014 1038 4065 Ait
1088 4012 1257 4080 igitur
1305 4012 1450 4081 quod
1508 4012 1750 4066 membra
1813 4012 2040 4079 diaboli,

470 4109 670 4177 quibus
701 4107 828 4160 olim
861 4106 950 4160 ille
971 4105 1376 4169 dominabatur,
1415 4103 1604 4159 effecta
1645 4115 1773 4159 sunt
1825 4114 2039 4161 montes

472 4200 626 4261 Sion,
670 4199 774 4252 hoc
821 4206 924 4260 est,
977 4196 1230 4250 sublimia
1283 4196 1532 4264 quaedam
1603 4204 1768 4264 atque
1820 4198 2041 4253 excelsa

2148 3275 2187 3326 Γ
2193 3274 2341 3346 ραφὴ
2364 3274 2520 3326 καλεῖ
2538 3273 2802 3335 πολλάκις
2817 3272 2908 3325 τὸν
2927 3271 3197 3324 διάϐολον·
3219 3270 3366 3323 Ἀπὸ
3378 3268 3579 3337 ,βορῤᾶ
3599 3271 3735 3338 γὰρ,

2147 3364 2790 3437 φησὶν,ἐκκαυοήσεται
2812 3365 2883 3417 τὰ
2895 3362 3071 3429 κακὰ,
3096 3364 3192 3416 ἐπὶ
3218 3359 3427 3416 πᾶσαν
3443 3361 3562 3429 τὴν
3593 3361 3735 3431 γῆν·

2145 3461 2238 3513 καὶ
2265 3459 2427 3514 πάλιν
2454 3475 2469 3490 ο
2499 3458 2607 3511 Kal
2627 3458 2733 3510 τὸν
2759 3457 2878 3512 ἀπὸ
2896 3456 3093 3524 ,ϐορῤᾱ
3110 3455 3370 3519 ἐκδιώξω
3407 3455 3510 3523 ἀφ’
3539 3455 3734 3523 ὑμῶν.

2145 3556 2364 3625 Πλευρᾶ.
2389 3553 2446 3606 δὲ
2478 3552 2668 3617 αὑτοῦ,
2701 3552 2871 3621 ἦγουν
2907 3551 3068 3620 μέλη,
3100 3551 3167 3603 τὰ
3197 3549 3348 3620 ἔθνη.
3407 3549 3548 3616 Φησὶ
3619 3550 3736 3600 τοί-

2146 3665 2262 3713 νυν,
2295 3649 2376 3701 ὃτι
2405 3647 2471 3700 τὰ
2508 3647 2643 3716 μέλη
2671 3644 2766 3698 τοῦ
2799 3643 3049 3697 διαϐόλου
3076 3637 3150 3696 ὧν
3190 3642 3351 3706 αὐτὸς
3382 3641 3734 3713 ἐκυρίευσεν,

2148 3743 2248 3813 ὅρη
2281 3743 2419 3796 Σιὼν
2443 3743 2722 3809 γεγόνασι,
2775 3738 3057 3791 τουτέστιν
3120 3736 3253 3805 ὕψος
3326 3737 3421 3790 καὶ
3470 3734 3735 3804 πρόϐολοι

2148 3836 2248 3902 τῆς
2277 3831 2607 3899 Ἐκκλησίας
2639 3831 2747 3882 τῶν
2781 3827 3015 3890 πιστῶν,
3046 3828 3134 3879 διὰ
3181 3827 3242 3878 τὸ
3279 3827 3736 3896 ὑπεραναστῆναι

2150 3923 2261 3977 τῶν
2288 3924 2438 3975 κάτω
2469 3922 2790 3991 συρομένων
2823 3919 3194 3989 πραγμάτων,
3229 3919 3326 3971 καὶ
3351 3919 3441 3972 διὰ
3471 3919 3577 3988 τὴν
3636 3921 3737 3971 ἀνα

2151 4018 2337 4086 δρεῐαν
2363 4015 2562 4070 αὐτῶν.
2599 4017 2706 4067 Καὶ
2733 4016 2786 4067 τί
2834 4014 2979 4080 λέγω
3031 4012 3165 4081 ὕψος
3205 4012 3300 4065 καὶ
3328 4011 3580 4081 πρόδολοι
3612 4028 3629 4074 ;
3671 4012 3736 4063 Ἡ

2152 4109 2307 4172 πόλις
2339 4108 2431 4161 τοῦ
2475 4107 2743 4178 βασιλέως
2773 4103 3032 4176 Χριστοῦ,
3062 4103 3238 4158 ταῦτα
3266 4104 3432 4157 εἰσιν·
3480 4105 3545 4156 ἐκ
3607 4103 3736 4157 scti-

2152 4218 2262 4252 των
2294 4202 2403 4271 γὰρ
2428 4203 2462 4272 ἡ
2514 4200 2814 4270 Ἐκκλησία
2844 4198 3199 4267 συνέστηκεν.

473 4291 725 4345 Ecclesia:
752 4293 1151 4355 cacumina,eo
1176 4292 1318 4360 quod
1363 4306 1391 4343 a
1430 4291 1660 4345 terrenis
1698 4303 1859 4360 atque
1893 4294 2043 4348 humi
2093 4296 2266 4352 aﬂixis
2307 4298 2471 4352 rebus
2506 4296 3010 4363 elevati,sublimes
3044 4296 3096 4349 in
3148 4296 3316 4348 altum
3385 4297 3733 4352 conscende.

474 4393 622 4448 runt,
656 4394 710 4440 et
738 4395 958 4455 propter
975 4400 1164 4440 eorum
1197 4384 1599 4440 fortitudinem.
1626 4386 1823 4441 Verum
1896 4403 2088 4456 parum
2166 4392 2300 4458 dixi,
2332 4392 2476 4460 quod
2507 4391 2719 4446 excelsa
2758 4391 2896 4444 facta
2917 4391 3027 4445 sint
3063 4388 3370 4452 cacumina,
3398 4403 3521 4442 cum
3547 4390 3734 4458 potius

473 4473 614 4529 facta
672 4480 782 4531 sint
840 4479 997 4532 sedes
1036 4495 1098 4533 ac
1144 4479 1510 4533 diversorium
1553 4481 1783 4536 Christi.
1838 4483 1918 4539 Ex
1965 4487 2046 4540 eis
2079 4489 2222 4540 enim
2267 4498 2596 4559 congregata
2647 4496 2730 4542 est
2761 4487 2999 4543 fidelium
3034 4485 3384 4552 Ecclesia,in
3461 4502 3570 4556 qua
3649 4488 3732 4540 iu-

475 4571 683 4622 liabitat
711 4580 762 4623 ct
787 4573 984 4625 residet
1017 4571 1273 4625 Christus
1303 4574 1585 4629 Dominus.

548 4661 710 4715 Vens.
744 4663 795 4715 le.
840 4663 980 4716 Deus
1026 4665 1076 4716 in
1126 4665 1370 4718 domibus
1403 4667 1516 4735 ejus
1548 4680 1888 4737 cognoscetur
1933 4687 2049 4724 cum
2083 4675 2126 4730 D

473 4755 768 4807 auxiliatur
793 4754 951 4821 fuerit
978 4755 1046 4809 ei.
1069 4753 1197 4826 [Pro
1225 4759 1480 4812 domibus
1515 4761 1565 4811 in
1599 4759 1789 4814 Grazco
1817 4762 2050 4830 legimus

475 4846 719 4917 βάρεσι.]
752 4847 891 4900 Sunt
935 4857 1112 4902 autem
1145 4849 1331 4918 βάρεις
1366 4853 1663 4922 magnificae
1690 4869 1752 4907 ac
1799 4854 2048 4922 splendi-

472 4942 554 4993 dii!
589 4941 805 5004 domus,
830 4955 923 5009 per
950 4957 1086 5009 quas
1112 4942 1214 4995 hoc
1247 4945 1300 4996 in
1339 4943 1457 4998 loco
1485 4945 1741 5014 templum
1773 4947 2055 5015 significa-

474 5046 587 5098 tur,
638 5035 784 5104 quod
831 5045 947 5087 erat
980 5037 1032 5088 in
1065 5035 1369 5091 Jerusalem
1407 5057 1417 5090 :
1469 5039 1522 5090 in
1553 5054 1660 5109 quo
1692 5040 2051 5096 manifestare

474 5146 532 5183 se
589 5143 652 5182 ac
719 5140 906 5180 notmu
974 5131 1353 5184 sacerdotibus
1401 5133 1576 5186 facere
1626 5133 1837 5186 solebat
1884 5133 2047 5196 Deus,

474 5223 692 5289 quando
715 5223 1036 5274 adveniente
1054 5224 1238 5289 aliquo
1262 5223 1400 5277 bello
1420 5225 1498 5277 eis
1518 5234 1632 5276 erat
1656 5225 2043 5278 auxiliaturus.

479 5317 600 5367 ll;ec
647 5323 830 5366 autem
879 5316 930 5366 in
961 5315 1174 5368 laudem
1224 5316 1466 5369 civitatis
1511 5318 1656 5370 dicta
1702 5324 1850 5370 sunt.
1882 5316 2045 5370 Juxta

476 5422 756 5476 auagogen
789 5422 882 5473 per
909 5408 1185 5460 cit'itatetu
1216 5409 1527 5461 communio
1567 5409 1654 5462 illa
1701 5409 2044 5474 intelligitur,

473 5511 580 5562 qua
615 5497 801 5550 fideles
838 5498 890 5548 in
920 5499 1049 5559 vita,
1108 5508 1269 5567 atque
1321 5503 1734 5555 conversatione
1779 5516 1876 5555 sua
1910 5516 2045 5553 con-

471 5591 793 5658 junguutur.
863 5591 960 5642 Est
1015 5601 1192 5645 autem
1254 5609 1357 5645 una
1397 5595 1509 5647 lace
1561 5596 1774 5660 civitas,
1822 5603 2043 5664 propter

1102 5708 1145 5736 ""
1170 5707 1284 5760 Joel
1317 5723 1374 5773 tt,
1398 5707 1487 5761 ΞΟ.

544 5709 586 5734 ⁷⁷
616 5707 810 5761 Jereut.
849 5723 884 5769 I,
918 5707 998 5759 Μ.

2241 4669 2302 4721 '0
2339 4667 2486 4731 Θεὸς
2513 4666 2582 4719 ἐν
2629 4664 2757 4731 ταῖς
2775 4665 3036 4733 βάρεσιν
3075 4663 3262 4717 αὐτοῦ
3352 4664 3728 4733 γινώσκεται,

2153 4764 2300 4817 ὅταν
2323 4759 2828 4830 ἀντιλαμϐἀνηται
2849 4757 3062 4825 αὐτῆς.
3117 4758 3334 4822 Βάρεις,
3363 4760 3412 4810 οι
3442 4761 3731 4828 ἐπιφανεῖς

2153 4853 2325 4910 οἶκοι·
2361 4853 2471 4908 εἷεν
2500 4853 2626 4906 δ’ἂν
2655 4851 2826 4904 ταῦτα
2850 4850 2944 4903 νῦν
2981 4853 3008 4902 ό
3045 4851 3168 4913 ναὸς
3201 4851 3299 4919 τῆς
3341 4851 3727 4923 Ἰερουσαλὴμ,

2154 4950 2213 5000 ἐν
2243 4943 2306 5014 ᾧ,
2346 4946 2532 5014 φησὶν,
2595 4940 2956 5014 ἐμφανίζεται
3007 4943 3120 5002 τοῖς
3167 4940 3422 5011 ἱερεῦσιν,
3487 4944 3727 5012 ὁπηνίκα

2155 5041 2395 5108 πολέμου
2429 5036 2851 5098 καταλαϐόντος,
2901 5035 3074 5104 μέλλῃ
3120 5034 3334 5103 βοηθεῖν
3386 5037 3572 5099 αὐτοῖς
3608 5051 3623 5064 ⁸
3651 5033 3726 5088 εἷ-

2157 5151 2256 5186 πεν
2292 5133 2348 5186 δὲ
2377 5131 2555 5192 τοῦτο,
2591 5129 2725 5199 πρὸς
2752 5127 2975 5180 ἔπαινον
3004 5129 3104 5196 τῆς
3153 5127 3381 5188 πόλεως.
3429 5129 3727 5195 Ἀναγωγι-

2154 5225 2265 5286 κῶς
2317 5223 2372 5274 δὲ
2431 5222 2580 5284 πόλις
2646 5221 2766 5290 μὲν,
2797 5222 2830 5289 ή
2881 5219 3125 5271 πολιτεία
3174 5221 3273 5287 τῆς
3321 5221 3558 5283 πίστεως
3621 5222 3724 5273 τῶν

2157 5313 2449 5383 ἁπανταχῆ
2476 5312 2820 5382 Χριστιανῶν
2849 5327 2862 5339 ⁸
2895 5310 2991 5380 μία
3027 5313 3136 5379 γὰρ
3156 5311 3321 5378 αὕτη,
3349 5313 3436 5364 διὰ
3468 5314 3566 5380 τὴν
3598 5314 3726 5365 ἕνω-

2157 5424 2242 5459 σιν
2267 5411 2361 5456 καὶ
2394 5404 2680 5456 κοινωνίαν
2741 5402 2839 5471 τῆς
2898 5403 3200 5464 εὐσεϐείας.
3271 5403 3468 5471 Βάρεις
3517 5405 3572 5456 δὲ
3633 5405 3723 5454 καὶ

2155 5494 2314 5561 οἶκοι,
2345 5497 2392 5547 οι
2429 5495 2570 5547 κατὰ
2597 5495 2760 5546 τόπον
2793 5492 3131 5554 ναοὶαὑτὼν,
3187 5496 3246 5544 ὲν
3277 5490 3356 5554 οἷς
3418 5497 3446 5547 ό
3493 5495 3723 5562 Χριστὸς

2157 5589 2539 5658 ἐμφανίζεται,
2576 5588 2703 5638 ὅταν
2746 5584 2990 5653 διωγμοῦ
3047 5585 3468 5650 καταλαϐόντος,
3523 5589 3721 5657 Ctme

1832 5776 2040 5838 Vat-ite
2076 5777 2410 5838 lectiones.

550 5876 660 5945 (ῗῖ)
697 5879 780 5933 Al.
828 5879 886 5932 ’0
911 5881 972 5933 ὲκ
1001 5879 1229 5948 πλαγίου
1258 5898 1348 5951 μοι
1379 5879 1776 5950 τετραμμένος,
1816 5879 2024 5947 πλευρά
2052 5897 2142 5950 μοι
2179 5877 2374 5946 λέγοιτ’
2407 5876 2492 5930 ἄν.
2523 5875 2679 5929 Κατὰ
2712 5874 2953 5944 πλευρὰν
2993 5873 3100 5945 γὰρ
3129 5875 3187 5928 τδ
3223 5876 3472 5944 πλάγιον.
