4014 6248
630 288 734 357 551

1843 286 2226 350 EUTI‘IYMII
2268 287 2634 348 ZlGABENl
3724 282 3814 349 552

630 420 784 484 gnat,
817 410 1184 466 utsitsensus
1206 404 1891 479 composuissceumhunc
1913 405 2206 476 psalmum,
2252 415 2541 477 postquam
2596 404 2822 461 intravit
2875 405 2941 459 ad
2972 402 3241 459 Bersabee
3284 407 3341 459 et
3400 398 3656 473 gravidam
3718 415 3817 458 cata

630 510 889 565 reddidit.

708 601 870 655 Vens.
908 601 962 654 5.
995 598 1241 651 Miserere
1268 599 1391 658 mei,
1416 595 1578 661 Deus,
1619 595 1906 651 secundum
1949 611 2200 666 magnam

2388 591 2683 662 Ἐλέησόν
2697 606 2792 662 με,
2823 592 2857 644 ὁ
2878 589 3042 655 Θεὸς,
3069 586 3219 642 κατὰ
3247 586 3315 641 τὸ
3327 586 3477 657 μέγα
3497 585 3653 652 ἔλεός
3702 598 3814 641 σου.

631 692 1056 748 misericordiam
1076 702 1245 743 tuam.
1263 688 1427 743 Juxta
1448 690 1800 751 immensam,
1836 687 2036 757 inquit,
2055 695 2205 740 tuam

632 787 1070 842 misericordiam
1109 785 1375 839 miserere
1400 785 1526 838 mei.
1560 783 1905 838 Immensum
1935 782 2083 836 enim
2120 790 2207 837 est

629 881 777 952 quod
811 880 1039 944 deliqui.

701 972 770 1027 Et
796 972 1086 1023 secundum
1118 965 1516 1021 multitudinem
1545 968 1955 1024 miseratioaum
1987 980 2201 1025 tuarum

629 1066 745 1119 dele
784 1063 1124 1131 iniquitatem
1145 1078 1339 1114 meam.
1392 1059 1833 1129 Supplicantium
1876 1076 2029 1117 more
2050 1076 2207 1115 eum-

632 1158 755 1210 dem
790 1156 989 1221 saepius
1014 1155 1241 1223 repet-tit
1262 1169 1508 1208 sensum.
1532 1154 1591 1207 Et
1618 1169 1711 1223 per
1734 1154 2081 1223 iniquitatem
2105 1169 2204 1223 pro

629 1265 739 1319 qua
787 1246 929 1301 LXX
964 1247 1197 1315 ἀνομίαν
1236 1246 1496 1299 dixerunt
1532 1242 1709 1315 [juxta
1740 1244 2202 1314 signiﬁcationem

628 1340 831 1396 Graeca:
872 1337 1155 1408 dictionis]
1197 1336 1706 1407 prmvaricationem
1765 1337 1899 1407 legis
1930 1335 2207 1408 intelligit,

630 1434 686 1487 in
719 1432 984 1487 adulterio
1014 1439 1066 1483 et
1114 1430 1262 1485 caede
1295 1443 1326 1484 α
1385 1444 1445 1485 se
1480 1428 1860 1483 commissam.
1898 1426 2204 1499 Utrumque

628 1526 774 1579 cnim
806 1528 923 1593 lege
953 1525 1273 1587 vetabatur,
1319 1522 1425 1588 vel,
1455 1537 1578 1577 cum
1608 1521 1954 1589 iniquitatem
1989 1536 2083 1575 seu
2110 1535 2205 1591 po-

2319 691 2576 761 Ἐλέησὸν
2600 704 2669 759 με
2706 686 2873 752 ἀξίως
2904 683 2999 739 τοῦ
3033 683 3272 755 μεγάλου
3292 681 3471 746 ὶλέους
3502 697 3608 748 σου,
3640 682 3710 737 ὅτι
3736 698 3820 753 με·-

2304 783 2446 854 γάλα
2475 782 2748 852 ἥμαρτον.

2372 964 2483 1022 Καὶ
2505 962 2659 1019 κατὰ
2689 962 2756 1017 τὸ
2782 961 3019 1031 πλῆθος
3043 958 3163 1014 τῶν
3212 956 3525 1026 οἰκτιρμῶν
3568 972 3673 1013 σου
3711 954 3822 1021 ἐξά-

2300 1061 2524 1127 λειψον
2573 1054 2641 1110 τὸ
2691 1053 2972 1124 ἀνόμημά
2996 1070 3137 1123 μου.
3198 1050 3273 1105 Τδ
3308 1048 3440 1104 αὐτὸ
3493 1044 3822 1103 δδιπλασίασεν

2303 1150 2395 1203 δνο
2406 1168 2506 1221 μα,
2546 1148 2779 1219 σύνηθες
2795 1147 2908 1218 γάρ
2927 1144 3087 1199 τοῦτο
3105 1146 3218 1208 τοῖς
3249 1144 3541 1212 δεομένοις.
3580 1141 3820 1210 Ἀνόμημα

2303 1241 2362 1295 δὲ
2415 1241 2566 1309 λέγει
2622 1241 2726 1311 τὴν
2778 1239 3129 1313 παρανομίαν
3167 1238 3268 1309 τῆς
3324 1235 3564 1306 μοιχείας
3624 1232 3822 1288 καὶτοῦ

2307 1332 2472 1402 φόνου
2504 1350 2519 1365 ·
2550 1316 2650 1387 καὶ
2672 1332 2842 1403 ἄμφω
2861 1332 2971 1403 γὰρ
2994 1332 3023 1385 6
3045 1330 3209 1400 νόμος
3270 1328 3525 1382 ἐκώλυεν.
3587 1328 3825 1397 ’Δνόμημα

2309 1425 2368 1480 δὲ
2397 1426 2606 1498 ταύτην
2634 1425 2916 1491 ἐκάλεσεν,
2947 1426 3032 1480 δτι
3069 1424 3230 1497 δίκην
3260 1422 3579 1494 ἀλλοφύλου,
3637 1420 3719 1476 τοῦ
3768 1422 3829 1493 μὴ

2311 1519 2501 1590 νόμον,
2525 1518 2947 1590 ἐπλημμέλησε.

630 1625 739 1679 tius
767 1623 852 1690 [ut
901 1617 1166 1691 diximus]
1200 1619 1434 1690 ἀνομίαν
1467 1633 1527 1674 se
1554 1620 1902 1675 commisisse
1936 1617 2193 1684 fateatur,
2229 1630 2634 1690 consequenter
2666 1617 2801 1674 illud
2826 1618 2993 1676 etiam
3053 1615 3308 1685 afﬁrmat,
3376 1632 3437 1674 se
3490 1616 3695 1689 ἄνομον,
3751 1614 3835 1670 hoc

628 1722 736 1775 cst,
764 1721 1024 1781 tanquam
1054 1714 1297 1781 exlegem
1337 1725 1482 1775 esse,
1503 1725 1631 1766 eum
1655 1710 1975 1782 alienigena:
2007 1711 2203 1776 instar,
2245 1712 2339 1782 qui
2372 1713 2477 1769 sub
2514 1713 2637 1785 lege
2702 1728 2813 1769 non
2862 1714 2959 1779 sit,
3030 1709 3266 1770 nefanda
3293 1710 3412 1769 hinc
3431 1710 3620 1767 delicta
3644 1711 3835 1767 commi-

630 1811 784 1865 Sct'il.

700 1899 865 1957 Vens.
883 1884 957 1957 ’4.
984 1901 1223 1969 Amplius
1249 1901 1369 1955 lava
1391 1917 1473 1955 me
1494 1900 1562 1955 ab
1577 1901 1859 1971 iniquitate
1878 1918 2015 1957 mea.
2031 1901 2201 1957 Venia

2387 1904 2521 1960 Ἐπί
2561 1904 2780 1960 πλεῖον
2804 1905 3048 1961 πλῦνάν
3064 1919 3143 1974 με
3168 1903 3290 1958 ἀπὸ
3316 1901 3431 1971 τῆς
3450 1901 3688 1971 ἀνομίας
3722 1918 3837 1971 μου.

627 1996 831 2065 quippe
860 1995 927 2053 ei.
956 1996 1064 2063 iam
1119 1996 1244 2048 data
1280 1992 1461 2047 fuerat
1496 2009 1594 2065 per
1626 1995 1952 2065 prophetam
1985 1992 2202 2049 Nathan

628 2088 902 2141 dicentem
940 2104 953 2140 :
982 2084 1125 2140 Deus
1159 2085 1382 2139 abstulit
1415 2096 1689 2154 peccatum
1723 2096 1871 2140 tuum
1900 2087 1973 2143 "z
2006 2102 2198 2141 verum

627 2194 742 2250 prae
770 2180 1009 2233 maximo
1033 2179 1272 2246 quodam
1313 2176 1516 2232 ardore
1545 2177 1784 2246 amplius
1808 2178 1977 2232 etiam
2033 2177 2205 2233 lavari

629 2270 816 2339 cupit;
850 2269 931 2321 vel
957 2268 1211 2337 amplius,
1233 2281 1470 2336 expone,
1502 2283 1602 2337 pro
1626 2268 1802 2329 valde.

701 2358 770 2412 Et
805 2374 837 2411 α
872 2366 1085 2425 peccato
1114 2373 1227 2411 meo
1259 2358 1455 2412 munda
1490 2374 1591 2412 me.
1625 2357 1842 2414 Rursus
1866 2361 2076 2428 peccati
2100 2375 2203 2417 n0.

630 2454 777 2507 tuine
804 2451 1063 2506 delictqu
1089 2466 1120 2504 α
1148 2465 1208 2505 se
1237 2450 1597 2506 commissum
1637 2451 1892 2521 appellat,
1926 2454 2072 2522 quod
2108 2469 2205 2508 suo

632 2541 821 2609 perius
860 2539 1230 2609 iniquitatem,
1288 2554 1385 2595 seu
1433 2538 1519 2610 [ut
1546 2541 1815 2612 diximus]
1857 2543 2122 2613 ἀνομίαν,
2152 2543 2205 2598 id

630 2638 737 2694 est,
769 2631 1264 2699 transgressionem
1291 2630 1425 2701 legis
1450 2632 1781 2703 appellavit:
1809 2635 2030 2703 proprie
2055 2634 2203 2690 enim

633 2723 723 2775 ille
747 2735 977 2789 peccare
1005 2722 1232 2789 dicitur,
1267 2724 1361 2791 qui
1390 2722 1562 2794 legem
1595 2728 2024 2795 transgreditur.
2053 2726 2206 2783 Solet

632 2824 818 2869 autem
845 2813 1118 2885 Propheta
1154 2818 1469 2885 promiscue
1500 2818 1575 2871 uti
1608 2818 1693 2874 his
1716 2820 2059 2875 nominibus.

701 2904 869 2961 Vens.
906 2906 960 2961 5.
1004 2907 1273 2974 Quoniam
1334 2908 1673 2977 iniquitatem
1736 2928 1907 2965 meam
1967 2928 2062 2983 ego
2114 2930 2205 2965 co-

631 3013 851 3069 gnosco,
886 3009 936 3053 et
987 3010 1263 3068 peccatum
1316 3016 1487 3054 meum
1525 3013 1713 3057 contra
1752 3021 1833 3059 me
1872 3014 1951 3059 est
1980 3021 2201 3074 semper.

634 3091 892 3147 Miserere
938 3093 1067 3158 mei,
1103 3092 1303 3163 inquit,
1333 3100 1388 3147 et
1434 3094 1637 3148 munda
1686 3111 1796 3162 me,
1828 3098 1956 3167 quia
2013 3112 2205 3169 perpe-

631 3183 760 3237 trati
788 3198 819 3237 a
846 3199 929 3238 me
962 3184 1213 3238 criminis
1244 3185 1453 3241 oblitus
1477 3201 1587 3240 non
1613 3202 1757 3251 sum,
1783 3202 1909 3256 nec,
1933 3190 2096 3244 veluti
2137 3190 2207 3245 tle

2310 1996 2678 2068 Συνεχωρήθη
2704 1996 2815 2068 γὰρ
2844 1997 2941 2051 καὶ
2976 1995 3064 2051 διὰ
3092 1994 3187 2050 τοῦ
3239 1995 3453 2059 Νάθαν,
3479 1994 3731 2057 είπόντος,
3774 1994 3841 2048 ὅτι

2312 2089 2405 2144 καὶ
2438 2091 2656 2157 Κύριος
2686 2087 2900 2159 ἀφεῖλε
2928 2089 2998 2143 τὸ
3040 2087 3358 2157 ἁμάρτημά
3409 2104 3548 2143 σου.
3615 2085 3841 2140 ’Δλλᾌπδ

2311 2182 2648 2254 θερμότητος
2676 2183 2758 2238 ιτι
2793 2182 3069 2253 πλυθῆναι
3101 2182 3415 2254 παρακαλεί
3446 2198 3460 2213 ο
3516 2181 3548 2253 ἢ
3576 2179 3635 2235 τδ
3656 2220 3672 2247 ,
3733 2179 3844 2236 Ἐπί

2310 2276 2548 2344 πλεῖον,
2575 2274 2697 2331 ἀντὶ
2716 2274 2811 2329 τοῦ
2845 2276 3044 2343 Ἀγαν.

2366 2372 2479 2423 Καὶ
2514 2368 2633 2423 ἀπὸ
2664 2366 2774 2437 τῆς
2797 2367 3087 2437 ἁμαρτιας
3144 2384 3261 2437 μου
3312 2368 3740 2437 καθάρισόνμο.
3785 2366 3846 2422 Τδ

2311 2461 2447 2517 αὐτὸ
2465 2461 2617 2528 λέγει
2638 2458 2803 2514 πάλιν
2832 2457 3133 2528 ἁμαρτίαν,
3162 2458 3247 2512 ὅτι
3299 2458 3507 2530 κυρίως
3550 2459 3774 2530 ἁμαρτία
3815 2460 3840 2528 ἡ

2311 2554 2407 2607 τοῦ
2432 2555 2599 2625 νόμου
2634 2553 2971 2624 παράϐασις.
3004 2552 3152 2625 Πλὴν
3184 2553 3257 2615 ὡς
3282 2554 3379 2606 tui.
3409 2551 3471 2606 τὸ
3536 2552 3765 2607 πλεῖστον
3780 2551 3845 2622 τῷ

2310 2644 2412 2715 τῆς
2441 2644 2697 2715 ἀνομίας,
2715 2645 2812 2700 καὶ
2838 2644 3207 2717 παρανομίας,
3240 2645 3336 2697 καὶ
3361 2645 3635 2718 ἁμαρτίας
3652 2646 3844 2714 ὀνόματι

2311 2738 2620 2810 ἀδιαφόρως
2650 2738 2873 2809 χρῆται,
2918 2738 3013 2793 καὶ
3042 2739 3159 2792 ἀντ’
3187 2737 3459 2809 ἀλλήλων.

2380 2921 2506 2975 Ὅτι
2533 2920 2652 2989 τὴν
2680 2920 2941 2989 ἀνομίαν
2988 2936 3109 2989 μου
3142 2917 3283 2989 dixit
3329 2919 3622 2989 γινώσκω,
3688 2920 3772 2973 καί
3816 2919 3848 2989 ἠ

2311 3015 2564 3086 ἁμαρτία
2575 3031 2696 3084 μου
2723 3014 2980 3069 ἐνώπιόν
3004 3013 3118 3082 μού
3142 3014 3271 3067 ἐστι
3293 3011 3640 3082 διαπαντός.
3698 3010 3851 3082 Elq-

2315 3109 2408 3161 σόν
2442 3125 2533 3178 με,
2570 3108 2727 3177 φησὶ,
2760 3105 3174 3177 καὶκαθάρισὸν
3214 3121 3307 3177 με,
3333 3104 3474 3159 διότι
3502 3106 3605 3159 οὐκ
3625 3104 3848 3159 διαλαθό-

2318 3218 2427 3272 μην
2458 3199 2558 3271 τῆς
2592 3200 2869 3271 ἁμαρτίας
2904 3216 3032 3269 μου,
3084 3198 3160 3263 ὡς
3230 3198 3732 3270 εὐκαταφρονήτου,
3779 3197 3852 3252 te

633 3275 782 3344 regia
831 3274 1103 3344 dignitate
1136 3277 1435 3347 superbus,
1473 3277 1608 3332 illud
1640 3279 1878 3349 neglexi.
1937 3278 2070 3335 Nam
2102 3282 2203 3337 etsi

2310 3293 2403 3347 τὸν
2432 3294 2599 3362 δγκον
2628 3295 2727 3366 τῆς
2763 3293 3042 3364 βασιλείας
3067 3310 3083 3325 ο
3142 3291 3260 3346 ἀλλ’
3277 3295 3325 3346 εί
3346 3292 3446 3347 καὶ
3494 3292 3616 3356 τοὺς
3677 3290 3851 3362 ἀνθρώ-

632 3368 889 3423 homines
923 3370 1107 3431 lateat,
1141 3384 1243 3440 ego
1276 3378 1460 3425 tamen
1508 3372 1657 3427 illius
1691 3374 2075 3429 enormitatem
2108 3388 2207 3429 co—

629 3472 859 3527 gnosco,
912 3473 975 3513 ac
1010 3460 1367 3515 conscientia:
1400 3476 1535 3515 mea:
1588 3462 1764 3518 oculis
1793 3462 1887 3517 diu
1929 3476 2208 3534 noctuque

631 3552 765 3605 illud
791 3564 960 3604 cerno
992 3567 1005 3607 :
1037 3552 1243 3621 quippe
1265 3566 1389 3605 cum
1426 3552 1649 3610 assidue
1666 3569 1728 3607 ac
1752 3555 2054 3624 peracerbe
2084 3557 2207 3610 ani-

630 3658 774 3697 mam
802 3658 977 3698 meam
1010 3644 1280 3699 stimulet.
1323 3644 1457 3711 Quae
1496 3661 1584 3701 res
1618 3655 1827 3703 certam
1866 3648 2207 3717 paenitentia:

627 3735 1007 3802 conjecturam
1037 3742 1278 3803 praestat,
1310 3750 1375 3790 ac
1405 3745 1760 3802 peccatorum
1797 3738 1961 3791 etiam
1991 3736 2205 3791 veniam

627 3826 915 3880 conciliat.

702 3913 873 3970 Vsus.
910 3914 966 3969 6.
1007 3914 1125 3969 Tibi
1153 3916 1254 3970 soli
1306 3917 1542 3984 peccari.
1571 3916 1707 3972 Cum
1751 3933 1845 3973 rex
1892 3917 2020 3983 sim,
2064 3928 2118 3974 et
2154 3927 2208 3974 te

628 4006 807 4060 solum
841 4006 1266 4061 commissorum
1306 4020 1335 4058 a
1368 4022 1455 4061 mc
1507 4010 1779 4063 scelerum
1815 4008 2057 4075 jmliccm
2108 4010 2207 4062 ha-

631 4100 811 4163 beam,
846 4098 943 4151 tibi
991 4099 1090 4152 soli
1122 4113 1385 4168 peccasse
1418 4098 1627 4165 videor,
1680 4100 1782 4156 hoc
1830 4113 1938 4165 esu,
1973 4103 2070 4155 tibi
2105 4102 2207 4156 soli

627 4184 802 4257 judici
864 4189 1154 4257 subjicior.
1207 4190 1545 4244 Canter-orum
1605 4194 1751 4247 enim
1809 4195 2053 4245 omnium
2107 4208 2208 4263 ego

630 4278 888 4332 dominus
921 4294 1067 4342 sum,
1103 4292 1155 4332 et
1191 4280 1260 4333 ob
1294 4282 1593 4349 potentiam
1651 4297 1827 4336 meam
1866 4284 2031 4336 licere
2074 4282 2206 4335 mihi

628 4372 906 4436 videntur,
931 4385 1273 4441 quascunque
1300 4371 1591 4427 libuerint.
1609 4371 1730 4435 Vel,
1757 4374 1885 4442 quia
1906 4374 2053 4443 leges
2085 4383 2208 4429 tuas

630 4472 1017 4533 transgressus
1048 4452 1195 4530 sum,
1220 4465 1431 4520 idcirco
1464 4466 1562 4521 tibi
1595 4467 1697 4520 soli
1728 4471 1990 4537 peccasse
2016 4465 2208 4521 videor

631 4557 850 4611 illarum
886 4557 1209 4626 legislalori.

2312 3405 2447 3450 πους
2476 3386 2689 3451 ἔλαθον,
2728 3388 2879 3456 ὅμως
2896 3385 3007 3456 ἐγὼ
3066 3384 3323 3454 γινώσκω
3379 3384 3610 3457 ταύτην,
3667 3384 3850 3454 ήλίιηο

2309 3481 2403 3532 καὶ
2464 3477 2648 3549 βλέπω
2695 3478 2867 3548 αὐτὴν
2921 3478 3141 3545 νύκτωρ
3191 3479 3288 3530 καὶ
3322 3476 3444 3546 μεθ’
3500 3476 3708 3547 ἡμέραν
3760 3476 3852 3536 τοῖς

2306 3573 2401 3625 τοῦ
2467 3571 2770 3635 συνειδότος
2817 3569 3140 3641 ὀφθαλμοῖς,
3170 3569 3386 3640 πικρῶς
3422 3569 3752 3640 πλήττουσαν
3772 3568 3854 3637 τὴν

2310 3664 2451 3737 ἐμὴν
2504 3664 2723 3735 ψυχήν·
2801 3663 2940 3734 ὅπερ
2996 3664 3289 3734 μετανοίας
3352 3664 3511 3717 ἐστὶν
3544 3661 3853 3735 ,εἰλικρινοῦς

2305 3760 2628 3829 τεκμήριον,
2673 3757 2772 3811 καὶ
2833 3753 3096 3826 πρόξενον
3128 3757 3559 3828 συγχωρήσεως.

2380 3917 2481 3973 Σοὶ
2515 3920 2682 3987 μόνῳ
2708 3915 2992 3985 ἥμαρτον.
3045 3915 3133 3980 Ὠς
3170 3913 3255 3968 σοὶ
3283 3913 3432 3986 μόνῳ
3482 3914 3707 3984 δικαστῇ
3742 3913 3856 3967 ὐπο-

2309 4010 2561 4079 κείμενος
2591 4026 2605 4040 ο
2637 4008 2892 4079 βασιλεὺς
2922 4007 3034 4079 γὰρ
3056 4006 3152 4075 ὢν,
3183 4008 3243 4061 σὲ
3274 4007 3436 4078 μόνον
3468 4007 3579 4078 Elui
3626 4006 3729 4060 τῶν
3774 4021 3857 4057 πε-

2308 4103 2648 4173 πραγμένων
2681 4119 2773 4173 μοι
2800 4102 3088 4172 δικαστὴν,
3123 4100 3236 4155 τῶν
3262 4099 3444 4155 ἄλλων
3480 4101 3734 4155 ἁπάντων
3772 4097 3855 4152 κύ-

2310 4212 2426 4266 ριος
2460 4193 2559 4257 ὢν,
2592 4194 2686 4246 καί⁸
2708 4194 2828 4247 κατ’
2848 4192 3098 4258 ἐξουσίαν
3124 4192 3292 4247 ποιῶν
3315 4191 3351 4247 ἃ
3378 4192 3666 4263 βούλομαι.
3688 4192 3751 4245 Ἦ
3776 4190 3855 4244 καὶ

2307 4291 2388 4342 ὅτι
2421 4289 2547 4351 τοὺς
2574 4287 2702 4350 σοὺς
2734 4288 2934 4355 νόμους
2958 4287 3237 4358 παραϐὰς,
3267 4287 3353 4340 σοὶ
3415 4287 3567 4358 μόνῳ
3606 4285 3682 4357 τῷ
3726 4299 3857 4351 νομο-

2310 4382 2445 4454 θέτῃ
2470 4381 2679 4435 τούτων
2710 4381 3034 4452 ἡμάρτηκα.

705 4648 771 4700 Et
802 4648 1002 4702 malum
1029 4664 1211 4701 coram
1241 4661 1289 4704 te
1317 4652 1436 4720 ieci.
1469 4649 1667 4706 Omnia
1699 4654 1844 4706 enim
1880 4653 2056 4718 vides,
2095 4668 2201 4707 non

2380 4632 2487 4686 Καὶ
2514 4632 2580 4686 τὸ
2598 4629 2870 4697 πονηρὸν
2888 4625 3146 4682 ἐνώπιόν
3200 4641 3319 4681 σου
3364 4625 3648 4692 ἐποίησα.
3699 4620 3858 4678 Πάντα

630 4749 843 4795 tantum
876 4744 1099 4810 quando
1129 4755 1193 4795 ea
1226 4742 1383 4805 ﬁunt,
1417 4746 1513 4798 sed
1564 4744 1788 4814 quando
1835 4745 1999 4799 ctiam
2049 4744 2203 4799 lutu-

630 4848 748 4885 rum
772 4843 857 4885 cst
902 4842 959 4886 ut
988 4834 1141 4886 liaiit.
1180 4833 1293 4888 lloc
1316 4845 1497 4890 autem
1523 4837 1676 4902 dicit,
1715 4837 1930 4906 pudore
1959 4838 2200 4909 seipsum

629 4926 1002 4988 c0nfundens,
1044 4927 1136 4996 qui
1171 4926 1340 4981 Deum
1372 4930 1650 4984 videntem
1686 4942 1898 4986 tantum
1928 4933 2201 4988 committi

630 5019 849 5074 facinus
904 5020 1109 5075 veritus
1161 5035 1270 5075 non
1328 5022 1423 5075 sit.
1463 5019 1600 5077 illud
1651 5033 1830 5078 autem
1885 5024 2201 5087 considera,

626 5109 772 5180 quod
811 5110 879 5163 de
906 5124 1016 5163 uno
1051 5119 1262 5164 tantum
1296 5126 1325 5164 a
1363 5127 1423 5167 se
1467 5115 1767 5169 commisso
1788 5116 2021 5169 crimine
2052 5115 2201 5185 ιοηυὶ

630 5200 869 5263 videtur,
926 5216 1052 5255 cum
1106 5210 1287 5257 tamen
1353 5204 1509 5273 plura
1562 5218 1797 5259 essent:
1841 5220 1902 5259 ea
1940 5206 2200 5261 nimirum

631 5296 869 5356 ratione,
898 5295 1029 5362 quia
1063 5311 1229 5347 unum
1268 5296 1336 5351 ab
1372 5296 1549 5351 altero
1575 5298 1921 5366 dependebat
1958 5316 1970 5352 :
2002 5300 2202 5369 quippe

631 5400 755 5437 cum
788 5385 1061 5437 adulterio
1090 5387 1365 5454 impulsus
1398 5386 1564 5441 fuerit
1598 5392 1663 5442 ad
1690 5392 1917 5444 caedem.

706 5472 771 5528 Ut
803 5474 1115 5542 iustiﬁcari:
1156 5478 1210 5528 iu
1245 5479 1574 5533 sermonibus
1606 5483 1731 5546 tuis,
1770 5491 1819 5534 et
1858 5483 2034 5536 vincas
2079 5497 2198 5535 cum

630 5566 919 5634 iudicaris.
976 5567 1271 5638 Delicium,
1303 5572 1482 5641 inquit
1534 5574 1678 5628 quod
1738 5576 1840 5629 feci
1891 5589 2079 5630 coram
2122 5585 2193 5639 te,

695 5745 739 5776 "
768 5743 811 5798 ll
850 5742 981 5815 Heg.
1011 5760 1106 5811 xu,
1139 5748 1225 5801 l5.

2310 4728 2418 4796 γὰρ
2450 4722 2728 4797 ὁρᾷς,οὐχ
2755 4723 2843 4777 ὅτε
2894 4722 3133 4789 γίνονται
3178 4719 3359 4791 μόνον,
3408 4718 3551 4773 ἀλλὰ
3606 4717 3699 4772 ναὶ
3750 4717 3861 4770 ὅταν

2316 4817 2571 4890 μέλλωσι,
2591 4813 2837 4882 Τοῦτοδὶ
2860 4806 3005 4877 εἷπε,
3036 4812 3415 4883 καταισχύνων
3442 4810 3657 4875 ἑαυτὸν,
3676 4809 3746 4872 ὡς
3773 4807 3861 4860 οὐκ

2310 4906 2673 4979 αἰσχυνθέντα
2701 4906 2793 4958 τὸν
2825 4902 2987 4966 Θεὸν,
3009 4902 3223 4975 ὁρῶντα
3245 4902 3547 4971 γινομένην
3566 4902 3666 4970 τὴν
3701 4900 3861 4967 ἀμαρο

2306 5002 2450 5054 τίαν.
2485 5000 2630 5068 Ὅρα
2684 4998 2762 5063 δὲ,
2824 4996 2942 5059 πῶς
2992 4994 3068 5060 ὡς
3123 4994 3251 5066 περὶ
3298 4994 3417 5058 ἑνὸς
3488 4993 3860 5064 ἁμαρτήματος

2309 5095 2462 5148 δοκεῖ
2492 5093 2698 5159 λέγειν,
2723 5091 2810 5144 διὰ
2835 5093 2895 5143 τὺ
2951 5087 3304 5159 ἀπηρτῆσθαι
3357 5086 3458 5157 τῆς
3502 5084 3746 5157 μοιχείας
3779 5081 3859 5135 τδν

2310 5186 2474 5256 φόνον
2496 5202 2511 5217 ’
2540 5183 2727 5254 εκείνη
2753 5183 2864 5253 γάρ
2885 5181 3183 5253 εἰργάσατο
3212 5177 3426 5234 τοῦτον.

2374 5475 2573 5538 Ὅπως
2600 5470 2677 5525 ἂν
2725 5465 3043 5536 δικαιωθῇς
3072 5466 3140 5519 ἐν
3177 5464 3296 5532 τοῖς
3345 5466 3550 5533 ,πότοις
3584 5482 3718 5529 σου,
3772 5461 3856 5519 καί

2304 5570 2567 5633 νικήσῃς
2591 5565 2661 5618 ἐν
2692 5563 2771 5628 τῷ
2805 5560 3116 5629 κρίνεσθαί
3146 5574 3239 5611 σε.
3296 5558 3556 5625 Ἐποίησα
3604 5556 3659 5609 δὲ
3689 5554 3751 5606 τὸ
3772 5568 3858 5604 και
