4014 6248
329 362 420 429 553

1457 361 1847 428 COMMENT.
1883 358 1965 418 IN
2008 359 2368 421 PSALMOS;

3434 361 3546 426 554-

329 482 411 534 κὺν
431 476 647 533 ἐνώπιόν
679 495 798 544 σου,
833 478 975 534 κατᾶ
1015 481 1112 552 τῆς
1155 479 1396 550 ἐμαυτοῦ
1457 480 1724 550 κεφαλῆς,
1777 481 1858 533 ἵνα

1970 479 2146 535 fateor
2181 481 2234 534 in
2289 485 2453 548 caput
2503 493 2680 533 meum
2717 480 3080 546 commisisse,
3120 489 3177 535 ut
3228 482 3441 550 qumics
3484 496 3538 537 tn

325 573 377 622 ὲν
403 573 509 633 ταῖς
538 569 928 640 δικαιολογίαις
965 589 1081 633 σου,
1104 574 1224 635 ταῖς
1248 571 1383 641 πρὸς
1418 571 1539 640 ἐμὲ,
1573 571 1665 623 καὶ
1700 572 1758 623 ἐν
1786 570 1864 640 τῷ

323 662 576 734 κρίνεσθαί
615 680 675 717 σε
705 664 831 735 ἐμοὶ
863 665 991 736 περὶ
1017 658 1092 719 ὧν
1125 666 1191 717 σύ
1247 682 1314 734 με
1348 664 1573 733 βασιλέα
1631 663 1862 734 πεποίηο

324 771 430 817 κας,
463 754 551 807 καὶ
570 753 745 816 οὕτως
790 755 1036 821 ἐδόξασα,
1070 756 1181 824 ἐγὼ
1223 756 1277 809 δὲ
1302 757 1429 818 τοὺς
1466 755 1590 819 σοὺς
1628 754 1866 825 ἠθέτησα

322 845 517 916 νόμους,
550 848 645 900 καὶ
675 847 1010 918 παρὼργισά
1042 867 1122 914 σε,
1162 847 1476 910 δικαιωοεὶς
1540 847 1739 917 μᾶλλον
1775 848 1862 914 σὺ,

321 939 679 1003 καταδικάσεις
718 957 786 1010 με
814 941 906 995 τὸν
931 941 1140 1007 ἄθλιον,
1163 943 1240 1004 ὡς
1286 941 1414 1012 περὶ
1442 941 1532 993 τὸν
1564 942 1865 1011 εὐεργέτην

319 1027 606 1097 ἀγνώμονα.
645 1028 898 1092 Τοιοῦτος
924 1030 1034 1105 γὰρ
1065 1026 1131 1100 ἦν
1156 1032 1184 1081 ὀ
1219 1030 1418 1090 σκοπὸς
1470 1029 1562 1081 τοῦ
1602 1029 1866 1099 βιασαμέ-

321 1136 398 1173 νου
422 1121 506 1172 καὶ
547 1120 878 1190 νικήσαντός
913 1138 978 1192 με
1020 1121 1296 1189 δαίμονος,
1337 1121 1500 1173 αὺτὺν
1527 1121 1628 1188 ἐμὲ
1687 1137 1862 1172 κατα-

324 1214 492 1280 στῆναί
518 1229 609 1282 μοι
647 1213 745 1282 τῆς
771 1213 926 1282 δίκης
953 1214 1234 1284 πρόξενον.
1302 1213 1744 1282 Ἐδικαιολογήθη
1781 1214 1864 1276 δὲ,

322 1304 403 1355 καὶ
428 1303 716 1373 ἀντεκρίοη
751 1303 886 1374 πρὸς
918 1307 1011 1358 τὸν
1065 1304 1228 1357 Δαϐὶδ
1274 1307 1302 1357 ὁ
1334 1305 1465 1367 θεὸς
1513 1305 1601 1357 διὰ
1660 1305 1865 1372 Νάθαν,

321 1393 399 1448 καὶ
427 1395 648 1464 ἤλεγξεν
667 1411 681 1424 ⁸
709 1397 854 1457 ὅπως
883 1395 1166 1466 πρώατέα
1191 1394 1382 1448 τοῦτον
1398 1395 1603 1458 λαϐὼν,
1657 1399 1733 1457 είς
1773 1395 1868 1465 βα-

316 1489 448 1542 σιλέα
478 1490 807 1560 κατέστησε,
841 1493 936 1544 καὶ
971 1491 1183 1560 μυρίων
1222 1489 1527 1543 ἐπιϐουλῶν
1573 1488 1865 1559 ἐρρύσατο,

313 1580 394 1632 καὶ
416 1582 554 1644 ὅπως
579 1582 743 1642 αὐτὸς
772 1581 988 1652 πονηρᾷ
1022 1581 1219 1650 πράξει
1248 1581 1340 1632 τὸν
1381 1579 1678 1648 εὐεργέτην
1707 1578 1865 1647 ἠμεί-

309 1672 452 1740 ψατο.
495 1673 776 1742 Ἐπήγαγε
807 1673 978 1727 δὲκαὶ
1021 1675 1122 1743 τὴν
1167 1673 1490 1744 καταδίκην,
1570 1673 1652 1726 ὅτι
1721 1670 1867 1724 Τάδε

308 1765 453 1833 λέγει
495 1767 710 1834 Ktiptoc
733 1782 750 1797 ο
795 1766 951 1820 Ἰδοὺ
971 1764 1086 1837 ἐγὼ
1108 1765 1388 1835 ἐξεγείρω
1419 1765 1519 1818 ἐπὶ
1552 1763 1629 1818 σὲ
1685 1762 1860 1828 κακὰ,

1974 587 2190 626 meeum
2219 571 2510 640 judicaris,
2545 578 2595 624 et
2625 587 2746 640 quae
2783 570 2926 625 inter
2957 588 3058 627 nos
3109 583 3192 628 est
3225 591 3390 630 causa
3431 575 3544 630 dis-

1971 666 2203 731 cutitur,
2226 665 2368 733 quod
2400 664 2614 718 scilicet
2647 672 2703 717 tu
2740 680 2826 719 me
2857 681 2921 718 ex
2954 666 3142 720 inﬁmo
3183 683 3364 735 regem
3399 668 3544 723 fece-

1975 758 2074 823 ris,
2115 765 2375 827 tantaque
2406 772 2470 811 ac
2508 757 2598 810 tali
2631 757 2804 826 gloria
2840 761 3226 826 con5picunm,
3288 759 3545 831 quodque

1970 867 2073 922 ego
2095 859 2312 916 contra,
2341 859 2396 905 et
2426 851 2576 918 leges
2602 860 2721 905 luas
2749 854 3142 920 spreverim,et
3177 864 3227 907 te
3245 855 3546 910 sceleribus

1973 943 2108 999 meis
2143 944 2209 997 ad
2256 943 2395 997 iram
2429 945 2842 1010 concitaverint,
2877 953 2936 998 ut
2975 947 3027 997 in
3067 946 3191 1009 hoc,
3229 948 3426 1016 inquit,
3457 950 3547 1017 ju-

1971 1035 2117 1090 dicio
2158 1044 2214 1089 tu
2254 1035 2428 1106 magis
2459 1036 2801 1106 justiﬁceris,
2843 1045 2898 1090 et
2931 1053 3031 1108 ego
3077 1040 3346 1105 vicissim,
3381 1041 3542 1094 veluti

1974 1143 2098 1197 erga
2138 1135 2351 1180 tantum
2411 1127 2819 1184 benefactorem
2870 1131 3005 1184 adeo
3061 1132 3335 1202 ingratus,
3370 1135 3546 1202 magis

1972 1212 2334 1266 condemner.
2368 1210 2441 1264 Ea
2470 1212 2626 1267 ‘enim
2661 1211 2763 1265 fuit
2797 1214 3017 1283 maligni
3061 1215 3326 1271 dmmonis
3355 1218 3544 1272 inten-

1971 1300 2069 1363 tio,
2100 1315 2223 1353 cum
2263 1316 2453 1371 magna
2486 1315 2572 1355 me
2603 1302 2656 1355 vi
2705 1302 2769 1354 ad
2802 1305 3140 1371 peccandum
3191 1307 3408 1376 impulit
3480 1324 3541 1361 ac

1973 1379 2275 1458 Sttpet‘avit,
2310 1401 2360 1443 ut
2397 1405 2527 1445 mete
2559 1406 2646 1443 me
2674 1395 3035 1447 constitueret
3067 1395 3551 1468 condemnationis

1971 1483 2307 1536 ministrum.
2327 1481 2516 1537 Dicere
2537 1492 2716 1537 autem
2740 1499 3032 1552 possumus
3048 1487 3349 1555 judicatum
3372 1489 3543 1544 fuisse

1971 1571 2138 1626 Deum
2170 1587 2293 1625 cum
2349 1571 2540 1637 David,
2573 1573 2788 1642 quando
2830 1575 3040 1630 Nathan
3103 1579 3367 1648 prapheta
3414 1594 3540 1634 eum

1970 1665 2303 1734 redarguit,
2371 1666 2514 1735 quod
2589 1681 2689 1734 pro
2760 1668 2928 1723 tantis
3004 1669 3287 1724 beneficiis
3338 1685 3367 1724 a
3432 1671 3543 1726 Deo

1970 1760 2231 1827 acceptis,
2260 1759 2377 1828 ipse
2411 1764 2603 1813 contra
2641 1760 2826 1830 pravis
2863 1761 3270 1818 benefactorezn
3305 1767 3540 1818 actioni-

306 1860 366 1910 ἐκ
385 1861 484 1912 τοῦ
513 1858 688 1913 οἴκου
716 1872 862 1925 σου,
924 1859 1020 1912 καὶ
1037 1862 1106 1913 τὰ
1155 1856 1307 1929 ἐξῆς,
1368 1859 1506 1929 ὼςὴ
1563 1859 1858 1926 δηλωθεῖσα

1971 1851 2076 1907 bus
2111 1858 2492 1906 remuneratus
2524 1851 2626 1916 sit;
2662 1853 2754 1907 ubi
2805 1862 3091 1924 postquam
3126 1857 3215 1910 Dei
3269 1858 3544 1927 justitica-

308 1949 474 2017 βίϐλος
510 1951 754 2022 παρίστη
762 1967 834 2005 σι.

1969 1945 2150 1998 tiones
2213 1944 2555 2012 percensuit,
2590 1944 3103 2002 condemnationem
3133 1948 3301 2002 etiam
3332 1950 3543 2005 addidit

302 2047 518 2101 dicens:
553 2050 684 2101 Hazc
722 2048 853 2101 dicit
881 2045 1166 2114 Dominus,
1194 2047 1328 2103 Ecce
1359 2065 1450 2117 ego
1483 2045 1752 2101 suscitabo
1785 2044 1840 2095 in
1882 2051 1931 2096 te
1973 2043 2117 2095 mala
2149 2057 2212 2095 ex
2256 2042 2416 2094 domo
2444 2050 2538 2092 tua
2573 2040 2619 2071 ⁸⁷
2654 2060 2668 2093 :
2704 2048 2758 2095 et
2792 2042 2920 2108 alia,
2989 2058 3113 2114 qum
3165 2045 3385 2114 plenius
3439 2047 3540 2100 ha-

303 2145 484 2199 bentur
510 2146 564 2198 in
605 2144 758 2199 libris
780 2142 1009 2214 Regum.

375 2238 523 2292 Ἰὄοὺ
584 2236 696 2307 γὰρ
743 2237 814 2290 ἐν
864 2236 1142 2307 ἁνομίαις
1193 2239 1609 2306 συνεληφθην,
1666 2235 1763 2291 καὶ
1792 2236 1862 2288 ἐν

297 2328 602 2396 ἁμαρτίαις
638 2326 935 2395 ἐκίσσησέ
959 2343 1037 2395 με
1058 2328 1097 2394 ἠ
1121 2324 1318 2395 μήτηρ
1342 2344 1486 2395 μου.
1518 2328 1607 2390 Εἰς
1637 2326 1857 2396 συμπά-

300 2420 442 2472 θειαν
477 2421 574 2472 τὸν
605 2419 738 2472 Θεδν
772 2417 1181 2489 ἐπισπώμενος,
1237 2419 1334 2470 ἐπὶ
1355 2418 1453 2490 τὴν
1507 2417 1704 2472 ἑαυτοῦ
1737 2418 1862 2485 γέν-

298 2526 442 2582 νησιν
466 2510 768 2583 ἀνατρέχει
803 2509 880 2579 τῷ
902 2509 1071 2578 λόγῳ.
1103 2510 1163 2562 El
1195 2510 1303 2580 γὰρ
1341 2511 1415 2581 μὴ
1442 2510 1692 2582 ἥμαρτεν
1712 2511 1740 2561 ὁ
1773 2511 1860 2562 ’Δ-

295 2603 418 2672 δὰμ,
448 2603 551 2657 οὐκ
580 2601 647 2657 ἂν
671 2602 917 2673 συνήφθη
949 2605 1018 2674 τῇ
1041 2601 1172 2674 Εὕα.
1210 2602 1375 2654 Ὥστε
1401 2604 1431 2673 ἡ
1485 2604 1584 2672 μὲν
1617 2601 1860 2673 ἁμαρτία

296 2697 586 2766 γεγέννηκε
626 2697 728 2767 τὴν
782 2697 1078 2765 συνάφειαν
1102 2736 1118 2759 ,
1157 2697 1275 2767 ἡδὲ
1318 2697 1601 2766 συνάφεια,
1642 2696 1771 2758 τοὺς
1803 2695 1860 2760 ἐξ

307 2787 469 2858 Ἀδὰμ
516 2790 617 2842 καὶ
657 2787 820 2851 Εὔας·
878 2791 968 2841 καὶ
1020 2784 1166 2841 οὗτοι
1213 2790 1338 2851 τοὺς
1378 2788 1530 2856 ἑξῆς,
1567 2789 1660 2840 καὶ
1689 2787 1860 2847 οὕτως

294 2881 414 2951 ἄχρι
447 2881 620 2934 Δαὸίδ
647 2897 661 2911 ο
690 2881 785 2933 καὶ
813 2881 922 2952 γὰρ
955 2882 1002 2934 εἰ
1026 2879 1214 2950 καὶτῷ
1246 2881 1394 2950 νόμῳ
1423 2883 1606 2949 τίμιος
1633 2883 1658 2931 ό
1684 2879 1858 2948 γάμος

294 2973 498 3040 γέγονε,
530 2973 624 3026 διὰ
683 2973 785 3044 τὴν
818 2973 1187 3037 παιδοποιίαν,
1223 2972 1360 3025 ἀλλά.
1398 2990 1460 3039 γε
1503 2974 1569 3042 τῇ
1606 2972 1764 3037 φύσει
1798 2972 1861 3021 ἐκ

291 3065 384 3133 τῆς
411 3066 690 3137 ἁμαρτίας
722 3066 834 3136 ἕχει
860 3067 960 3136 τὴν
999 3067 1246 3137 πρόοδον.
1279 3065 1440 3121 Ὥστε
1476 3065 1536 3130 ἐξ
1582 3065 1860 3134 ἁμαρτίας

291 3158 378 3207 καὶ
411 3156 783 3226 συνελήφθην,
832 3160 925 3210 καὶ
948 3157 1245 3228 ἐγεννήθην
1269 3172 1283 3186 ⁶
1330 3159 1391 3210 τὸ
1418 3156 1550 3227 γὰρ,
1595 3156 1851 3221 ἐκίσση-

289 3264 415 3316 σεν,
479 3250 819 3320 ἐγέννησεν
891 3247 1048 3304 εἶπεν
1107 3254 1135 3302 ό
1183 3251 1497 3321 Σύμμαχος.
1558 3251 1666 3302 Καὶ
1705 3247 1860 3300 οὐδὲν

290 3341 449 3410 μέγα,
486 3344 536 3394 εί
568 3346 664 3397 καὶ
691 3343 854 3407 αὐτὸς
885 3345 1156 3416 ἥμαρτον,
1192 3345 1380 3399 παθὼν
1406 3343 1464 3396 τὸ
1487 3343 1585 3412 τῆς
1615 3341 1852 3410 φύσεωςο

364 3621 511 3676 ἰδου
549 3624 659 3692 γὰρ
685 3623 978 3691 ἀλήθειαν
1005 3625 1352 3695 ἠγάπησας.
1383 3627 1554 3680 Τοῦτο
1588 3629 1722 3699 πρὸς
1756 3629 1853 3699 τὴν

284 3712 544 3781 ῥηθεῖσαν
609 3714 998 3787 ἐξομολόγησιν
1063 3717 1320 3787 εἴρηται’
1365 3717 1512 3786 ὲφησι
1584 3718 1714 3788 γὰρ,
1770 3720 1852 3771 ὅτι

293 3806 580 3875 Ἀλήθειαν
614 3809 933 3878 ἠγάπησας,
954 3810 1047 3861 καὶ
1066 3808 1152 3861 διὰ
1182 3808 1340 3862 τοῦτο
1366 3807 1692 3880 ὡμολόγησα
1724 3811 1853 3862 ταύ-

280 3914 398 3968 την,
431 3901 516 3952 ὅτι
549 3899 822 3971 ἥμαρτον.
854 3901 928 3953 Τὸ
973 3901 1051 3966 δὲ,
1109 3900 1265 3954 Ἰδοὺ
1294 3901 1424 3969 γὰρ,
1457 3903 1710 3971 περιττὸν
1740 3906 1853 3955 κεί-

277 4005 384 4054 tat,
413 3993 513 4043 καὶ
552 3992 645 4045 ἐπὶ
672 3991 769 4044 τοῦ
832 3993 1098 4063 παρόντος
1137 3993 1342 4062 στίχου,
1387 3993 1483 4044 καὶ
1513 3993 1605 4044 ἐπὶ
1648 3993 1852 4063 προλα-

276 4081 483 4146 δόντος,
527 4085 653 4138 καθ’
699 4083 959 4153 Ἐὄραϊδα
1013 4085 1306 4155 συνήθειαν
1336 4101 1351 4114 ·
1407 4086 1581 4139 πολλὰ
1613 4087 1723 4156 γὰρ
1749 4103 1852 4139 τοιο

276 4173 413 4226 αὖτα
442 4177 679 4245 περιττὰ
716 4175 922 4244 τίθησι.

348 4443 429 4495 Τὰ
462 4444 665 4511 ἄδηλα
692 4445 793 4499 καὶ
835 4445 906 4499 τὰ
935 4448 1154 4516 κρύφια
1173 4448 1281 4518 τῆς
1305 4452 1527 4520 σοφίας
1554 4468 1673 4506 σου
1710 4453 1850 4522 ἐδή-

276 4539 484 4605 λωσάς
513 4558 638 4609 μοι.
664 4540 837 4593 Τοῦτο
862 4543 999 4614 πρὸς
1031 4544 1129 4615 τὴν
1164 4547 1372 4600 οἰκείαν
1392 4543 1544 4601 εἶπεν
1561 4549 1848 4620 αἰσχύνην,

272 4631 353 4682 ὅτι
393 4631 669 4686 Τοσοῦτόν
732 4651 800 4703 με
852 4636 1172 4705 ἠγάπησας,
1227 4638 1310 4692 ὃτι
1339 4639 1432 4693 καὶ
1465 4640 1536 4694 τὰ
1560 4644 1850 4713 ἀπόρρητα
1882 4657 1928 4714 υ

269 4721 366 4790 τῆς
405 4725 512 4792 σῆς
541 4725 798 4795 προνοίας
825 4726 1102 4796 ὲδήλωσάς
1133 4747 1222 4797 μοι
1257 4731 1344 4783 διὰ
1372 4730 1467 4784 τοῦ
1503 4733 1845 4804 προφητικοῦ

271 4811 586 4881 πνεύματος
613 4829 624 4842 ·
661 4812 772 4880 ἐγὼ
807 4815 864 4868 δὲ
903 4818 1111 4888 ἐφάνην
1142 4818 1435 4890 ἀγνώμων.

347 4991 638 5060 Ῥαντιεῗς
683 5011 763 5062 με
819 4992 1254 5064 ὑσσώπῳ,’καὶ
1309 5004 1843 5074 καταρισθήσομαι.

268 5083 464 5138 Πολλοὶ
485 5101 554 5137 πε
563 5086 616 5152 ρ).
636 5086 764 5140 τούτ
774 5104 828 5140 ου
839 5087 986 5156 λόγοι
1001 5089 1278 5160 τούιρητοῦ
1302 5092 1515 5156 πολλοῖς
1533 5097 1844 5164 γεγόνασιν,

266 5175 444 5238 οὐδεὶς
470 5176 528 5229 δὲ
559 5178 749 5245 σαφὲς,
782 5178 890 5231 οὐδ’
917 5180 1314 5254 ἀναντίρρητον
1341 5185 1665 5256 ἀπήγγειλε.
1705 5188 1846 5256 Ἐγὼ

269 5264 324 5318 δέ
349 5284 500 5336 φημι
533 5270 902 5338 προφητεύειν
936 5275 1065 5342 περὶ
1099 5277 1294 5329 ἑαυτοῦ
1321 5276 1410 5328 τὸν
1439 5277 1604 5330 Δαϐὶδ
1631 5279 1688 5330 ὲν
1721 5280 1842 5332 τού-

268 5375 405 5424 τοις,
447 5361 534 5411 ὅτι
567 5363 662 5414 καὶ
705 5365 1200 5435 συγχωρηοήσεται
1225 5366 1324 5436 τὴν
1357 5368 1634 5439 ἁμαρτίαν
1657 5371 1848 5424 τελεω-

271 5451 463 5518 τέραν,
505 5454 595 5505 καὶ
642 5457 820 5523 χαρᾶς
861 5456 1258 5526 πλησθήσεται.
1307 5459 1460 5512 Ἐπεὶ
1491 5461 1600 5530 γὰρ
1627 5463 1655 5515 δ
1680 5463 1844 5533 νόμος

273 5543 534 5596 ὑσσώπου
564 5547 891 5616 ῥαντίσματί
934 5565 1083 5612 τινας
1113 5550 1221 5602 τῶν
1249 5553 1618 5623 μιαινομένων
1645 5552 1844 5607 ἐκαθά-

281 5649 462 5703 ρευεν,
499 5636 739 5706 ἔστιγὰρ
776 5637 837 5691 τὸ
867 5636 1120 5693 ὕσσωπον
1143 5637 1284 5704 εἶδος
1309 5643 1468 5707 πόας,
1496 5642 1637 5709 ἄγαν
1696 5661 1840 5716 σμη-

351 5813 394 5842 "
451 5810 627 5887 lReg.
665 5830 761 5879 ιιι,
795 5815 881 5870 ll.

649 5914 920 5976 Ριτιιοι..
965 5914 1076 5976 tiu.
1130 5912 1464 5978 CXXVIII.

1886 3295 1928 3352 C

2041 2233 2204 2286 Vens.
2239 2230 2290 2283 ⁸1.
2359 2227 2494 2282 Ecce
2540 2229 2678 2281 enim
2726 2231 2780 2281 in
2838 2229 3211 2299 iniquitatibus
3261 2245 3540 2302 conceptus

1963 2339 2100 2387 sum,
2159 2331 2208 2376 et
2265 2321 2319 2374 in
2337 2321 2564 2387 peccatis
2622 2321 2857 2388 concepit
2921 2337 2999 2375 me
3053 2332 3222 2376 mater
3279 2342 3414 2378 mea.
3469 2327 3540 2382 L't

1966 2416 2133 2472 Deum
2160 2413 2332 2484 magis
2361 2414 2427 2466 ad
2454 2413 2886 2467 misericordiam
2915 2416 3176 2481 traheret,
3198 2419 3537 2475 nativitatem

1964 2523 2117 2563 suam
2144 2506 2614 2561 commemoravit.
2651 2503 2785 2558 Nam
2815 2506 2860 2560 si
2890 2507 3059 2560 Adam
3097 2524 3204 2563 non
3232 2527 3536 2580 peccasset,

1963 2614 2243 2667 nunquam
2293 2597 2630 2667 oportuisset
2682 2597 2836 2653 illum
2866 2597 2988 2652 Eva:
3019 2601 3300 2671 conjungi.
3338 2601 3540 2660 Pecca-

1961 2698 2080 2745 turn
2130 2693 2314 2759 itaque
2353 2690 2603 2760 copulam
2649 2693 2950 2760 generavit,
2997 2700 3052 2746 ct
3083 2695 3276 2763 copula
3316 2713 3535 2752 rursum

1962 2795 2062 2837 eos
2089 2781 2369 2851 produxit,
2396 2781 2490 2850 qui
2522 2797 2584 2836 ex
2613 2782 2788 2836 Adam
2821 2793 2874 2837 et
2902 2784 3014 2840 Eva
3043 2787 3152 2840 nati
3187 2798 3350 2854 sunt;
3381 2801 3433 2845 et
3457 2793 3538 2847 sic

1963 2872 2224 2944 deinceps
2249 2873 2328 2927 illi
2356 2873 2514 2939 alios,
2547 2882 2712 2943 atque
2742 2873 2830 2928 alii
2857 2875 3015 2942 alios,
3049 2894 3222 2948 usque
3248 2880 3311 2933 ad
3343 2879 3532 2937 David.

1965 2966 2029 3019 Et
2060 2967 2186 3021 licet
2216 2968 2423 3037 nuptiae
2473 2982 2622 3023 nunc
2670 2967 2742 3022 ob
2799 2968 3032 3022 filiorum
3085 2969 3535 3037 procreationem

1965 3058 2020 3112 in
2064 3060 2273 3114 honore
2321 3060 2642 3126 habeantur,
2695 3070 2891 3114 natura
2950 3072 3125 3116 tamen
3185 3081 3250 3118 ex
3314 3079 3537 3135 peccato

1968 3151 2312 3220 proveniunt.
2349 3150 2426 3205 Ex
2456 3161 2682 3222 peccato
2715 3155 2881 3222 igitur
2908 3167 3204 3227 c0nccptus
3235 3165 3289 3212 et
3319 3162 3535 3228 genitus

1968 3257 2111 3296 sum.
2139 3240 2273 3295 Nam
2312 3244 2455 3313 quod
2490 3245 2733 3300 secundo
2763 3246 2881 3301 loco
2919 3248 3050 3303 dicit
3083 3267 3096 3304 :
3135 3248 3202 3302 Et
3222 3253 3276 3304 in
3309 3258 3534 3318 peccatis

1963 3336 2198 3403 concepit
2230 3352 2309 3388 me
2341 3347 2510 3390 mater
2558 3355 2700 3406 mea,
2752 3337 3114 3410 Symmachus
3144 3344 3381 3399 reddidit
3411 3365 3425 3400 :
3465 3347 3532 3400 Et

1962 3426 2014 3479 in
2044 3429 2268 3496 peccatis
2294 3430 2490 3498 genuit.
2521 3430 2637 3484 Non
2691 3441 2776 3486 est
2832 3433 2998 3503 igitur
3049 3450 3300 3504 magnum
3347 3439 3394 3492 si
3431 3456 3534 3508 ego

1965 3524 2205 3588 peccavi,
2235 3529 2442 3576 naturae
2472 3524 2839 3578 conditionem
2879 3528 3180 3583 sustinens.

2039 3611 2205 3667 Vens.
2237 3614 2290 3668 8.
2331 3613 2465 3667 Ecce
2511 3616 2652 3668 enim
2695 3618 2962 3671 raritatem
3010 3619 3268 3674 dilexisti.
3321 3622 3432 3677 Hoc
3465 3627 3531 3679 ad

1963 3705 2109 3759 beati
2141 3705 2308 3759 David
2339 3707 2744 3763 confessionem
2787 3711 3131 3766 referendum
3166 3723 3270 3779 est,
3323 3719 3388 3771 de
3425 3735 3531 3786 qua

1961 3813 2128 3866 supra
2175 3798 2436 3854 diximus.
2483 3801 2573 3854 Ait
2620 3803 2764 3854 enim
2815 3821 2829 3856 :
2875 3803 3007 3870 Ego,
3050 3821 3170 3874 quae
3204 3822 3326 3860 vera
3382 3824 3530 3875 sunt,

1962 3888 2159 3954 fateor,
2189 3907 2272 3946 me
2316 3893 2526 3948 scilicet
2577 3909 2851 3961 peccasse.
2891 3893 3002 3949 lloc
3033 3910 3211 3952 autem
3251 3899 3445 3966 fateor,
3477 3916 3533 3956 et

1965 3996 2071 4034 non
2125 3997 2281 4053 nego,
2327 3986 2457 4054 quia
2503 3994 2557 4038 tu
2605 3986 2889 4040 veritatem
2942 3987 3204 4051 dilexisti,
3263 4001 3315 4045 et
3365 3995 3528 4048 odisti

1962 4078 2327 4133 mendacium.
2360 4077 2453 4132 Illa
2484 4086 2666 4134 autem
2701 4081 2878 4142 verba,
2911 4080 3043 4134 Ecce
3069 4083 3226 4149 enim,
3257 4087 3532 4155 supt-rllua

1961 4178 2116 4234 sunt,
2150 4178 2257 4223 tam
2291 4169 2342 4222 in
2374 4169 2477 4224 hoc
2509 4164 2781 4225 versiculo
2813 4188 2974 4241 quam
3008 4175 3059 4226 in
3094 4178 3340 4243 proxime
3368 4195 3533 4248 supc-

1961 4258 2116 4313 riori.
2167 4258 2492 4314 llebraicum
2545 4262 2691 4315 enim
2747 4271 2829 4316 est
2883 4263 3082 4316 idioma
3117 4305 3132 4328 ,
3182 4265 3336 4333 juxta
3387 4272 3530 4338 quod

1962 4351 2240 4420 superflua
2275 4352 2442 4406 multa
2469 4353 2521 4405 in
2553 4354 2803 4408 oratione
2836 4355 3062 4423 reperiri
3097 4358 3293 4410 solrnt.

2033 4444 2248 4498 Incerta
2278 4453 2326 4497 et
2347 4445 2552 4498 occulta
2574 4447 2845 4515 sapientia:
2874 4456 2973 4498 (uir
2999 4449 3356 4516 ntanifestosli
3378 4451 3528 4504 nti/ti.

1961 4536 2072 4592 Hoc
2100 4541 2153 4591 in
2180 4538 2263 4593 sui
2297 4538 2649 4606 ignominiam
2684 4549 2735 4592 et
2779 4540 3158 4593 confusionem
3191 4542 3347 4594 dixit.
3381 4544 3529 4597 Adeo

1963 4636 2040 4691 tn,
2074 4627 2272 4695 inquit,
2310 4627 2549 4680 dilexisti
2590 4645 2693 4693 me,
2727 4638 2785 4682 ut
2831 4630 3123 4683 inclTubilia
3173 4632 3532 4699 providentia:

1956 4729 2061 4774 tua:
2089 4735 2311 4783 arcana,
2341 4736 2436 4791 per
2474 4722 2849 4789 propheticum
2885 4723 3012 4774 mihi
3050 4726 3303 4792 spiritum
3331 4724 3527 4780 feceris

1955 4809 2266 4877 manifesta,
2293 4827 2395 4881 ego
2441 4823 2618 4867 tamen
2654 4814 2900 4883 ingratus
2932 4830 3056 4884 erga
3104 4825 3157 4869 te
3198 4831 3323 4871 esse
3359 4834 3527 4888 appa-

1952 4903 2056 4958 rui.

2024 4991 2279 5063 Asperges
2305 5009 2405 5059 me,
2427 4992 2668 5059 Domine,
2687 4995 2908 5064 hyssopo
2933 5006 2982 5049 et
3012 4999 3326 5054 mundabor.
3364 5000 3525 5057 Varia

1956 5097 1984 5135 a
2010 5085 2196 5139 multis
2224 5083 2367 5138 dicta
2412 5095 2540 5140 sunt
2570 5086 2635 5139 ad
2659 5089 2942 5156 praesentis
2979 5091 3235 5144 versiculi
3265 5095 3529 5162 explana-

1958 5176 2185 5241 tionem,
2214 5177 2348 5232 nihil
2392 5187 2567 5232 tamen
2610 5180 2679 5233 ab
2706 5182 2784 5234 eis
2815 5182 2950 5234 adeo
2988 5196 3234 5252 apertum
3267 5187 3525 5254 traditur,

1956 5285 2015 5328 ut
2043 5276 2478 5331 contradictione
2508 5278 2656 5331 omni
2692 5294 2921 5347 prorsus
2949 5293 3157 5336 careat.
3188 5284 3300 5354 Ego
3339 5300 3521 5342 autem

1954 5369 2279 5436 PrOphclam
2309 5378 2439 5436 puto
2483 5369 2567 5423 liis
2616 5370 2796 5425 verbis
2840 5372 2905 5426 de
2938 5389 2997 5427 se
3041 5377 3160 5443 ipso
3200 5378 3518 5444 praedicere,

1951 5465 2097 5532 quod
2145 5463 2324 5516 adhuc
2379 5465 2628 5519 exactius
2680 5481 2744 5519 ac
2802 5469 3094 5536 perfectius
3154 5471 3519 5524 absolvendus

1953 5563 2096 5610 esset
2135 5569 2166 5606 a
2213 5554 2467 5621 crimine,
2503 5565 2556 5609 et
2607 5558 2806 5626 gaudio
2842 5560 3155 5628 replendus.
3203 5561 3338 5626 Quia
3372 5563 3518 5615 enim

1955 5645 2036 5700 lex
2090 5644 2402 5702 immundos
2477 5647 2742 5715 quosdam
2821 5648 3044 5719 hyssopi
3107 5651 3519 5720 aspersionibus

3177 5923 3251 5981 18
