4014 6248
535 281 643 342 559

1767 281 2147 344 ΕυΤΗΥΜη
2184 284 2552 346 ZlGABENl

3658 301 3740 366 an

521 404 685 456 tiora.
709 397 866 464 Quod
914 397 962 454 si
1007 397 1132 470 quis
1180 396 1426 470 obiiciat,
1469 400 1690 458 beatum
1739 403 1910 459 David
1965 419 2067 476 pos

2193 405 2373 458 istoin
2396 405 2556 460 τοῦτο
2577 405 2667 460 διὰ
2699 405 2788 460 τὸν
2818 406 3006 479 νόμον,
3035 411 3132 465 καὶ
3157 410 3243 467 ὅτι
3275 413 3436 468 οὔπω
3461 414 3554 487 τῆς
3581 421 3742 491 καινῆς

518 492 834 562 huiusmodi
888 492 1052 547 verba
1102 492 1211 548 Deo
1282 494 1487 564 saepius
1538 496 1911 561 sacriﬁcasse,
1956 496 2092 552 illud

2203 496 2445 564 θυσίαςδ
2475 499 2668 570 καιρὸς
2696 499 2968 572 ἐληλύθει.

513 585 1064 643 animadvertendum
1083 583 1363 652 ducimus,
1386 587 1531 658 quod
1550 603 1662 642 non
1684 604 1750 644 ex
1778 589 2084 660 preposito,
2127 605 2306 661 neque
2340 607 2405 646 ex
2438 593 2664 662 propria
2720 593 3008 653 voluntate
3095 597 3150 653 id
3208 599 3426 670 agebat,
3472 600 3563 657 sed
3630 602 3744 675 legis

511 685 842 748 reverentia,
894 691 948 737 et
1005 683 1132 753 quia
1181 683 1308 737 novi
1369 685 1631 741 sacriﬁcii
1686 686 1805 741 dies
1845 687 2089 742 nondum
2132 697 2379 743 venerat.

581 779 748 836 Vens.
816 781 901 836 19.
969 779 1310 850 Sacriﬁcium
1353 781 1462 836 Deo
1523 784 1743 850 spiritus
1798 787 2085 838 contritus.

512 876 734 939 Anima,
757 872 959 943 inquit,
990 887 1108 943 qua:
1134 874 1442 929 humilitate
1479 889 1542 929 ac
1581 875 1917 932 demissione
1948 891 2087 945 qua—

512 967 638 1021 dam
672 965 982 1018 voluntaria
1043 965 1279 1018 contrita
1328 964 1520 1029 fuerit,
1546 978 1763 1037 gratum
1806 979 1968 1037 atque
1997 981 2090 1020 ae—

509 1057 784 1127 ceptabile
827 1056 938 1110 Deo
965 1057 1306 1111 sacriﬁcium
1339 1056 1545 1113 reddit.

579 1150 681 1206 Cor
717 1151 1008 1204 contritum
1059 1159 1110 1204 et
1140 1150 1486 1204 humiliatum
1518 1149 1661 1206 Deus
1690 1167 1792 1205 non
1820 1151 2090 1220 despiciet.

506 1243 940 1312 Saepenumero,
1005 1251 1067 1297 ut
1151 1243 1418 1308 diximus,
1482 1243 1770 1312 Scriptura

505 1338 746 1390 animam
816 1334 1097 1405 intelligit,
1164 1349 1230 1390 eo
1314 1335 1468 1404 quod
1527 1337 1726 1390 animae
1782 1336 1945 1391 sedes
1995 1337 2091 1400 sit,

503 1437 560 1481 et
587 1432 641 1481 ln
665 1442 730 1481 eo
755 1427 1102 1496 potissimum
1127 1427 1478 1483 diversetur:
1513 1437 1680 1496 atque
1704 1428 1829 1483 ideo
1865 1429 1958 1482 ubi
1993 1443 2092 1483 cor

505 1520 734 1588 patitur,
781 1519 963 1573 anima
1004 1519 1192 1573 statim
1244 1535 1274 1574 a
1327 1530 1441 1573 toto
1467 1519 1650 1573 evolat
1678 1534 1930 1590 corpore.
1966 1518 2090 1576 Non

503 1612 749 1680 despiciet
779 1622 960 1666 autem
1009 1624 1132 1680 pro,
1191 1626 1298 1664 non
1362 1619 1584 1676 avertet,
1636 1611 1740 1666 hoc
1777 1620 1881 1678 est,
1925 1627 2087 1668 suum

502 1705 572 1758 ab
597 1719 663 1759 eo
696 1719 803 1757 non
840 1703 1141 1758 dimovebit
1186 1713 1493 1773 aspectum.

573 1797 738 1852 Vens.
769 1797 862 1853 νο.
889 1795 1139 1864 Βεηείαο,
1165 1795 1404 1864 Domine,
1437 1797 1493 1851 in
1521 1797 1658 1851 bona
1685 1795 1959 1853 voluntate
1989 1806 2083 1852 tua

500 1888 652 1944 Sion.
709 1889 994 1959 Supplicat
1038 1890 1140 1944 hoc
1198 1890 1251 1943 in
1306 1891 1427 1945 loco
1481 1904 1584 1960 pro
1653 1890 2080 1948 reaadiﬁeatione

495 1984 828 2044 Jerusalem,
860 1997 982 2052 qua:
1025 1981 1206 2039 futura
1230 1991 1350 2037 erat
1398 1994 1522 2052 post
1549 1986 1792 2038 reditum
1823 2000 1855 2040 e
1895 1983 2080 2056 Baby-

497 2077 641 2129 lone.
678 2075 701 2147 l
741 2073 1001 2141 Qua-dam
1061 2089 1192 2129 vero
1230 2075 1566 2145 exemplaria
1597 2090 1706 2130 non
1740 2076 1796 2130 in
1829 2090 2071 2131 accusa-

495 2169 608 2222 tivo
644 2181 799 2231 casu,
856 2167 949 2222 sed
978 2169 1032 2220 in
1079 2166 1263 2222 dativo
1290 2167 1491 2223 habent
1523 2167 1850 2233 dictionem,
1909 2164 2080 2222 Sion:

494 2259 640 2328 quod
678 2274 746 2314 ex
787 2259 1027 2316 lectione
1066 2257 1257 2314 Grmca
1308 2260 1508 2315 melius
1533 2261 1836 2330 percipitur
1858 2270 2080 2330 propter

493 2351 831 2414 articulum,
891 2349 1052 2419 juxta
1131 2364 1297 2420 quem
1366 2359 1421 2403 et
1475 2364 1580 2406 nos
1629 2350 2082 2404 commodissime

495 2441 674 2514 legere
701 2456 1000 2511 possumus
1028 2442 1262 2511 primam
1315 2441 1592 2496 litteram:
1639 2441 1874 2509 Bcuefac
1906 2441 2079 2509 ipsam
2109 2437 2280 2503 Sion,
2315 2437 2402 2493 vel
2458 2439 2516 2492 in
2567 2437 2791 2493 dativo;
2846 2435 3080 2507 Benefac
3129 2437 3235 2508 ipsi
3278 2435 3410 2493 Sion

489 2535 730 2609 expone]
766 2535 1018 2605 Benefac,
1073 2551 1193 2606 pro,
1230 2535 1377 2590 Bona
1414 2536 1606 2593 facito.
1637 2537 1800 2591 Aliud
1831 2536 1977 2593 enim
2001 2542 2087 2592 est
2127 2535 2233 2590 hoc
2265 2535 2336 2590 ab
2382 2534 2518 2602 illo;
2571 2534 2726 2603 juxta
2759 2533 2906 2603 quod
2954 2533 3084 2589 alibi

1844 1259 1940 1314 per
1994 1259 2093 1299 cor

2264 785 2456 840 Θυσία
2476 785 2557 852 τῷ
2571 785 2712 853 Θεῷ,
2733 786 2971 856 πνεῦμα
2993 790 3523 858 συντετριμμένον.
3542 792 3745 866 Εὺπρόσ·

2193 879 2382 943 δεκτος
2445 879 2606 934 θυσία
2689 880 2771 951 τῷ
2821 881 2961 953 Θεῷ,
3013 880 3161 953 ψυχὴ
3227 887 3651 960 συντετριμμένη
3694 892 3744 957 ἐξ

2195 973 2447 1027 ἑκουσίου
2472 973 2880 1040 ταπεινώσεως.

2258 1155 2526 1225 Καρδίαν
2556 1156 3078 1227 συντετριμμένην
3124 1171 3223 1211 και
3255 1158 3745 1227 τεταπεινωμένην

2195 1251 2229 1302 ὁ
2254 1249 2399 1316 Θεὸς
2424 1249 2535 1304 οὐκ
2555 1248 2974 1313 ἐξουδενώσει.
3024 1249 3270 1320 Καρδίαν
3319 1250 3419 1320 τὴν
3437 1249 3608 1321 ψυχὴν
3635 1251 3746 1304 πολ-

2192 1339 2353 1404 λάκις
2382 1342 2417 1410 ἠ
2455 1340 2648 1412 Γραφὴ
2681 1339 2861 1405 καλεῖ,
2907 1340 2993 1394 διὰ
3027 1339 3089 1393 τὸ
3120 1344 3213 1394 καὶ
3243 1340 3343 1411 τὴν
3373 1342 3594 1412 καρδίαν
3621 1343 3744 1409 ἄγαν

2193 1432 2413 1503 ἔχεσθαι
2472 1435 2570 1501 τῆς
2623 1431 2824 1502 ψυχῆς,
2850 1431 2944 1487 καὶ
2969 1430 3066 1503 τὴν
3084 1431 3264 1502 ψυχὴν
3286 1431 3425 1499 ἄγαν
3456 1432 3747 1501 ἐμπεφυκέ-

2193 1541 2281 1578 ναι
2308 1527 2374 1596 τῇ
2415 1524 2639 1596 καρδίᾳ.
2676 1523 2841 1577 Ὅθεν
2891 1524 2986 1578 καὶ
3022 1523 3304 1593 παθούσης
3334 1527 3434 1594 τῆς
3457 1523 3741 1594 καρδίας,ἠ

2193 1617 2340 1688 ψυχὴ
2381 1616 2690 1687 ἁφίπταται
2732 1615 2841 1670 ἀπὸ
2861 1611 2955 1669 τοῦ
2983 1614 3238 1687 σώματος
3269 1615 3412 1669 ὅλου.
3451 1615 3746 1680 Ἐξουδένωο

2118 1741 2162 1800 Β
2196 1728 2281 1763 σιν
2309 1711 2366 1764 δὶ
2395 1710 2547 1778 λέγει
2574 1709 2673 1781 τὴν
2701 1709 3078 1800 ἀποστροφήν.

2260 1799 2612 1870 ’Δγάθυνοη
2638 1801 2842 1867 Κύριε,
2869 1800 2937 1853 ἐν
2967 1798 3042 1868 τῇ
3063 1798 3310 1868 eddom;
3328 1812 3447 1852 σου
3464 1798 3575 1866 τὴν
3595 1798 3748 1853 Σιών.

2199 1893 2463 1948 Ἐνταῦθα
2481 1896 2793 1965 παρακαλεῖ
2820 1894 2950 1966 περὶ
2975 1895 3074 1965 τῆς
3097 1895 3237 1966 μετὰ
3259 1895 3358 1962 τὴν
3375 1900 3434 1946 ἐκ
3451 1893 3748 1956 Βαϐυλῶνος

2188 1983 2451 2038 ἐπάνοδον
2475 1983 2831 2054 ἀνοικῶομῆς
2851 1985 2947 2053 τῆς
2983 1982 3349 2054 Ἰερουσαλήμ
3377 1996 3390 2010 ⁸
3415 1981 3479 2033 τὸ
3497 1981 3574 2044 δὲ,
3620 1978 3748 2047 ἀγά-

2188 2073 2398 2136 θυνον,
2442 2071 2565 2123 ἀντὶ
2619 2065 2736 2133 τοῦ,
2772 2070 3178 2139 ἀγαθοποίησον
3214 2086 3230 2102 ο
3267 2064 3455 2140 ἓτερδν
3496 2070 3602 2138 γὰρ
3632 2064 3750 2136 παρ’

2189 2162 2371 2214 ἐκεῖνο
2399 2158 2577 2225 τοῦτο,
2608 2160 2684 2224 ὡς
2714 2161 2777 2214 τό
2801 2177 2815 2191 ·
2848 2160 3191 2232 Ἀγὰθυνοη
3241 2162 3438 2228 Κύριε,
3462 2159 3584 2225 τοῖς
3618 2159 3744 2227 ἀταο

2190 2253 2336 2319 θοῒς.
2374 2252 2478 2306 ’Er
2516 2250 2597 2320 τῇ
2628 2250 2876 2320 εὐδοκία
2908 2266 3028 2308 σου
3059 2252 3139 2308 δὲ.
3170 2251 3446 2316 τουτέστι,
3467 2253 3535 2322 τῇ
3568 2265 3748 2317 συνερ-

2192 2345 2318 2418 γείᾳ
2353 2362 2449 2398 σου

3465 2456 3481 2494 :
3527 2443 3580 2493 et
3629 2443 3750 2490 tunc

3173 2534 3411 2604 legimus
3433 2550 3448 2587 :
3499 2531 3744 2602 Bemfac,

492 2635 734 2699 Domine,
755 2635 906 2688 bonis
949 2646 995 2687 et
1068 2635 1226 2686 rectis
1273 2635 1449 2689 corde.
1480 2633 1546 2687 In
1575 2635 1708 2688 bona
1741 2641 1920 2688 autem
1956 2633 2220 2686 voluntate
2269 2641 2380 2696 tua,
2416 2633 2520 2685 hoc
2554 2640 2656 2694 est,
2694 2629 2900 2684 auxilio
2931 2638 2992 2710 et
3014 2636 3259 2710 opertua.

562 2730 632 2784 Et
688 2727 1021 2797 wdi/icentur
1072 2729 1212 2780 muri
1257 2725 1585 2783 Jerusalem.
1613 2726 1869 2797 Optantis
1899 2743 2080 2783 sermo

490 2828 597 2883 est,
651 2819 870 2874 tametsi
934 2832 999 2872 ex
1051 2815 1238 2872 Graeca
1288 2818 1527 2874 lectione
1568 2819 1883 2890 imperativi
1927 2819 2076 2875 modi

488 2927 612 2968 esse
647 2915 918 2966 videatur.

560 3007 727 3062 Vsus.
786 3005 880 3060 2i.
943 3005 1092 3060 Tunc
1122 3005 1425 3074 acceptabis
1455 3006 1788 3075 sacriﬁcium
1816 3007 2070 3077 justitiw.

2256 2724 2368 2779 Kal
2401 2723 2852 2793 οικοδομηθήτω
2899 2709 3170 2792 τὸίτείχη
3217 2722 3633 2793 Ἰερουσαλήμ.
3662 2722 3746 2788 Τὸ,

2178 2821 2635 2893 Οἰκοδομηθήτω,
2668 2820 3086 2892 παρακλητικόν
3108 2822 3278 2885 ὲστιν,
3300 2821 3350 2872 εί
3395 2820 3495 2873 καὶ
3523 2835 3751 2890 προστα-

2175 2914 2364 2969 κτικὸν
2399 2914 2685 2984 φαίνεται.

2251 3009 2389 3064 Τότε
2403 3007 2761 3076 εὐδοκήσας
2781 3006 3006 3063 θυσίαν
3021 3005 3440 3072 δικαιοσύνης.
3459 3005 3597 3058 Τότε
3619 3004 3748 3058 ἀπο-

489 3101 668 3162 Tune.
703 3100 901 3169 inquit,
935 3099 1145 3168 justum
1183 3099 1455 3168 suscipies
1486 3099 1838 3154 sacrilicium.
1871 3098 1928 3152 ln
1963 3099 2070 3153 alio

2178 3100 2303 3172 δέξῃ
2372 3101 2566 3154 θυσίαν
2616 3099 2868 3153 δικαίαν·
2922 3100 2981 3151 ὲν
3017 3098 3190 3168 ἑτέρῳ
3259 3097 3369 3168 γὰρ
3416 3097 3571 3168 τόπῳ
3657 3095 3749 3148 οὐκ

489 3197 636 3250 enim
671 3207 816 3246 mmc
843 3206 1012 3261 quam
1044 3191 1098 3244 in
1146 3187 1455 3245 Jerusalem
1503 3191 1782 3245 sacriﬁcia
1819 3192 1919 3245 tibi
1960 3207 2070 3247 non

2178 3192 2293 3246 ἔστι
2345 3193 2570 3255 δικαίως
2623 3191 2805 3245 θύεινο
2856 3191 2916 3246 ὲν
2951 3190 3089 3261 μόνῃ
3128 3190 3236 3260 γὰρ
3265 3191 3332 3261 τῇ
3393 3186 3750 3261 Ἰερουσαλὴμ

488 3292 592 3345 rite
617 3287 953 3351 atteruntur,
1009 3299 1134 3338 cum
1187 3281 1270 3339 lex
1319 3282 1378 3337 in
1436 3299 1498 3338 ea
1535 3292 1745 3338 tantum
1769 3285 2071 3339 sacriﬁcari

490 3398 652 3452 posse
677 3379 1047 3434 mandaverit.

560 3475 887 3531 Oblationem
901 3485 948 3528 et
965 3471 1405 3528 holocaustaJ’er
1418 3473 1746 3530 oblationem
1775 3489 1838 3529 ea
1871 3475 2073 3532 intelli—

487 3571 566 3639 git
585 3569 878 3635 sacriﬁcia,
891 3582 1122 3637 quorum
1139 3581 1265 3636 pars
1282 3566 1462 3636 aliqua
1485 3575 1693 3620 tantum
1711 3566 2070 3624 offerebatur:

486 3679 583 3735 per
599 3663 916 3716 holocausta
943 3668 1146 3726 autem,
1167 3675 1231 3713 ea
1253 3675 1373 3730 quae
1391 3660 2070 3729 integraincendebantur.

559 3755 705 3809 Tunc
767 3755 999 3820 imponet
1039 3768 1197 3820 super
1251 3751 1427 3806 altare
1475 3763 1627 3806 tuum
1680 3748 1896 3808 vitulos.
1946 3753 2072 3809 Hatc

486 3845 706 3914 quidem
757 3844 909 3912 juxta
957 3841 1200 3896 historia:
1261 3856 1484 3896 sensum
1552 3843 1696 3896 dicta
1737 3853 1885 3907 sunt,
1913 3842 2069 3914 juxta

490 3950 772 4006 auagogen
840 3948 972 3988 vero
1044 3947 1109 3988 ea
1175 3931 1422 4002 prtedieit
1471 3931 1762 4003 Propheta,
1812 3951 1934 4004 quae
2000 3935 2069 3990 ad

487 4027 789 4083 Ecclesiam
866 4026 1105 4081 ﬁdelium
1186 4033 1241 4080 et
1294 4026 1360 4078 ad
1439 4026 1820 4095 evangelicum
1895 4029 2071 4082 sacri-

490 4121 671 4175 ﬁcium
729 4119 1032 4189 pertinent.
1121 4116 1186 4171 Et
1267 4133 1362 4187 per
1417 4117 1619 4172 bonam
1726 4121 2066 4174 voluntatem

491 4209 797 4264 Salvatoris
839 4207 1274 4261 incarnationem
1330 4207 1610 4276 intelligit,
1650 4209 1823 4263 veluti
1862 4210 2066 4264 bonum

489 4300 761 4370 quoddam
796 4299 1140 4368 propositum
1168 4315 1180 4350 :
1213 4305 1266 4352 et
1292 4313 1387 4366 per
1429 4299 1582 4364 Sion,
1630 4299 2066 4354 Christianorum

488 4390 960 4444 conversationem
989 4405 1004 4455 ;
1037 4403 1130 4456 per
1164 4404 1350 4442 muros
1401 4389 1528 4444 item
1573 4388 1899 4455 Jerusalem,
1955 4395 2068 4461 epi-

2176 3286 2326 3342 θύειν
2346 3287 2377 3340 δ
2413 3286 2578 3357 νόμος
2608 3284 2939 3356 ἐπέτρεψεν.

2244 3463 2579 3533 Ἀναςρορὰν
2614 3461 2714 3518 καὶ
2749 3461 3240 3529 ὁλοκαυτώματα.
3293 3457 3604 3530 Ἀναφορὰν
3656 3455 3750 3527 μὲν

2172 3556 2324 3625 λέγει
2355 3558 2422 3611 τὰ
2436 3556 2823 3627 ἀφαιρήματα,
2845 3554 2916 3606 τὰ
2938 3555 3002 3606 ἐκ
3035 3553 3234 3623 μέρους
3290 3550 3747 3621 προσφερόμενα⁸

2171 3646 2609 3717 ὁλοκαυτώματα
2640 3645 2717 3708 δὲ,
2753 3643 2823 3697 τὰ
2856 3643 2976 3697 καθ’
3005 3639 3328 3711 ὁλοκληρίαν
3355 3641 3648 3708 καιόμενα.

2251 3743 2388 3796 Τότε
2441 3739 2809 3794 ἀνοίσουσιν
2871 3735 2971 3789 ἐπὶ
3029 3735 3096 3788 τὸ
3140 3731 3584 3801 θυσιαστήριόν
3639 3746 3755 3784 σου

2166 3833 2466 3903 μόσχους.
2519 3830 2706 3884 Ταῦτα
2758 3829 2878 3897 μὲν,
2917 3825 3040 3881 καθ’
3073 3826 3315 3896 ἱστορίαν
3337 3841 3350 3854 ·
3384 3820 3750 3894 ἀναγωγικῶς

2170 3927 2251 3992 δὲ,
2281 3926 2530 3995 περὶτῆς
2573 3922 2908 3993 Ἐκκλησίας
2939 3920 3048 3974 τῶν
3081 3917 3290 3973 πιστῶν
3317 3918 3414 3972 καὶ
3459 3919 3561 3988 τῆς
3594 3917 3750 3982 εὐαγ-

2173 4019 2398 4088 γελικῆς
2458 4015 2649 4079 θυσίας
2703 4016 3080 4084 προφητεύει·
3133 4011 3382 4065 εὐδοκίαν
3427 4010 3532 4080 μὲν
3577 4009 3749 4076 λέγων

2170 4111 2270 4179 τὴν
2291 4106 2448 4161 ἐνανο
2456 4109 2705 4177 ρώπησιν
2722 4102 2814 4157 τοῦ
2842 4102 3115 4172 Σωτῆρος,
3140 4100 3214 4165 ὡς
3236 4098 3449 4170 ἀγαθὴν
3474 4099 3747 4170 βούλησιν·

2171 4200 2312 4254 Σιὼν
2358 4199 2435 4265 δὲ,
2465 4198 2562 4269 τὴν
2619 4196 2899 4249 πολιτείαν
2943 4195 3052 4246 τῶν
3081 4193 3460 4263 Χριστιανῶν
3504 4193 3664 4262 τείχη
3697 4189 3750 4244 δὲ

2173 4296 2363 4364 αὐτῆς,
2417 4295 2544 4354 τοὺς
2596 4290 2933 4350 ἐπισκόπους
2966 4288 3060 4341 καὶ
3088 4286 3441 4348 διδασκάλους
3473 4299 3489 4313 ⁸
3528 4285 3652 4337 τότε
3696 4281 3750 4334 δὲ

2172 4383 2497 4447 ἀποδέξεται
2530 4382 2625 4434 καὶ
2665 4381 2859 4434 Θυσίαν
2903 4378 3275 4448 δικαιοσύνης,
3317 4377 3493 4449 ἤγουν
3526 4375 3747 4446 ἀρετῆςο

489 4498 690 4551 scopos
719 4490 772 4535 et
810 4482 1091 4536 doctores.
1141 4479 1207 4535 Et
1258 4489 1414 4546 tune,
1465 4481 1671 4551 inquit,
1711 4484 1948 4553 accipies
1979 4498 2065 4538 sa-

2178 4477 2269 4530 καὶ
2295 4476 2577 4546 ἀναφορὰν
2610 4473 2729 4544 μὲν,
2762 4473 2860 4536 τὰς
2881 4472 2972 4526 διὰ
2989 4471 3225 4543 Χριστὸν
3256 4472 3319 4524 ὲκ
3373 4471 3587 4541 μέρους
3619 4467 3750 4521 καύ-

486 4569 755 4624 eriﬁcium
805 4569 1056 4638 juStitiae,
1122 4570 1225 4623 hoc
1266 4578 1371 4633 est,
1414 4573 1750 4626 sacriﬁcium
1795 4573 2065 4629 universae

491 4664 743 4726 virtutis;
776 4671 829 4716 et
854 4663 1218 4724 oblationem,
1272 4665 1374 4718 hoc
1417 4673 1520 4726 est.
1561 4673 1787 4719 sanctos
1841 4666 2066 4724 confes-

492 4771 685 4819 sores;
724 4762 778 4805 et
816 4752 1160 4816 holocausta,
1213 4752 1317 4808 hoc
1353 4762 1462 4818 est,
1503 4766 1724 4812 sanctos
1772 4769 2064 4830 martyres.

491 4843 623 4917 [illi
676 4845 824 4898 enint
904 4842 1307 4904 oblationibus,
1385 4846 1476 4899 isti
1533 4862 1666 4901 vero
1722 4849 2065 4908 holocaustis

492 4937 688 4992 merito
769 4935 1082 5004 comparari
1155 4943 1429 5004 possunt,
1483 4952 1609 4992 eum
1680 4941 1900 5011 utrique
1954 4943 2065 5000 Deo

491 5029 661 5083 oblati
717 5041 781 5081 ac
812 5025 1140 5081 sanctiﬁcati
1188 5027 1334 5093 sint;
1375 5037 1428 5084 et
1458 5031 1804 5089 confessores
1843 5037 2063 5104 quidem

491 5136 557 5173 ex
620 5130 774 5189 parte
832 5133 893 5172 se
958 5118 1068 5172 Deo
1109 5119 1376 5195 obtulisse
1424 5120 1698 5189 videntur,
1734 5135 1956 5196 prepter
1977 5143 2068 5182 as-

493 5209 888 5263 severationem
946 5205 1094 5273 ﬁdei,
1154 5215 1425 5278 martyres
1481 5220 1662 5264 autem
1721 5228 1786 5267 ex
1812 5215 2065 5285 (integro,

492 5317 616 5354 cum
680 5308 734 5353 et
786 5301 1026 5352 animum
1097 5301 1324 5367 pariter,
1388 5309 1441 5355 et
1501 5307 1678 5371 ipsum
1743 5320 1945 5376 corpus
2008 5311 2060 5362 in

495 5402 672 5444 totum
711 5389 820 5444 Deo
843 5390 1188 5444 devoverint.
1243 5390 1363 5453 Vel.
1397 5407 1491 5458 per
1524 5392 1856 5458 oblationes,
1893 5414 2062 5451 mem-

492 5484 718 5536 brorum
813 5481 1186 5536 extremitates
1242 5482 1510 5553 intellige,
1571 5485 1637 5539 de
1685 5486 2060 5543 eonfessorum

490 5587 718 5640 corpore
747 5571 1139 5638 detruncatas;
1174 5588 1268 5642 per
1306 5575 1626 5630 holocausta
1662 5592 1814 5640 vero.
1852 5581 2058 5648 integra

489 5672 791 5733 martyrum
824 5664 1099 5730 incendia,
1141 5673 1236 5718 aut
1266 5665 1462 5721 caules.
1492 5667 1586 5722 Vel
1617 5670 1775 5723 aliter
1803 5672 2056 5726 :Oblatio

491 5751 743 5808 virtutem
802 5751 1023 5814 quidem
1074 5753 1367 5823 signiﬁcat,
1403 5756 1498 5812 sed
1528 5770 1590 5811 ex
1622 5765 1777 5827 parte
1817 5757 2057 5816 diminu-

2172 4584 2289 4631 σεις
2321 4566 2431 4619 τῶν
2468 4563 2822 4635 ὁμολογητῶν
2853 4579 2868 4594 ⁸
2905 4559 3338 4631 ὁλοκαυτώματα
3368 4560 3454 4624 δὲ,
3487 4561 3592 4623 τὰς
3631 4555 3751 4612 καθ’

2169 4663 2468 4733 ὀλόκληρον
2492 4659 2600 4715 τῶν
2634 4658 2951 4732 μαρτύρων.
2970 4659 3040 4712 Ἣ
3057 4659 3119 4711 τδ
3141 4660 3262 4727 μὲν,
3286 4657 3410 4718 τοὺς
3434 4653 3532 4711 διὰ
3567 4656 3752 4725 ξίφους

2173 4752 2656 4827 ἁκροτηριασμοὺς
2719 4752 2830 4805 τῶν
2872 4750 3221 4822 ὁμολογητῶν
3247 4766 3262 4781 ·
3315 4749 3376 4802 τὸ
3403 4748 3492 4814 δὲ,
3520 4750 3622 4812 τὰς
3646 4747 3753 4801 τῶν

2176 4846 2475 4918 μαρτύρων
2527 4845 2764 4915 σφαγάς.
2799 4844 2870 4897 Ἢ
2891 4843 2952 4896 τὸ
2984 4840 3107 4913 μὶν,
3141 4841 3240 4912 τὴν
3269 4841 3334 4894 ὲκ
3367 4843 3576 4911 μέρους
3623 4841 3752 4912 ἀρι-

2169 4940 2292 5010 τὴν,
2323 4939 2399 5003 ὡς
2435 4939 2534 5008 τὴν
2568 4940 2627 4991 ὲν
2661 4939 2847 5008 γάμῳ,
2879 4936 2914 5007 ἢ
2937 4936 3080 5003 ἄλλῳ
3112 4933 3349 5005 βιωτικῷ
3383 4935 3666 5004 σχήματι·
3693 4931 3752 4984 τὸ

2169 5032 2249 5096 δὲ,
2291 5029 2393 5101 τὴν
2424 5030 2656 5096 τελείαν,
2691 5029 2768 5092 ὡς
2795 5028 2896 5099 τὴν
2957 5028 3016 5079 ἐν
3049 5026 3283 5097 ἀγαμίᾳ,
3324 5025 3357 5096 ῆ
3388 5028 3452 5079 ὲν
3480 5024 3746 5095 μοναδικῇ

2169 5121 2438 5191 πολιτεία.
2461 5122 2670 5192 Μόσχοι
2705 5120 2784 5185 δὲ,
2808 5121 2858 5175 οἱ
2883 5121 3067 5174 πιστοὶ
3093 5121 3158 5190 τῇ
3178 5118 3412 5190 χορηγίᾳ
3446 5117 3566 5172 τῶν
3618 5119 3748 5188 ἀρε-

2165 5215 2295 5281 τῶν,
2356 5215 2453 5268 καὶ
2503 5215 2686 5277 πίονες
2741 5212 2822 5283 τῷ
2855 5212 2998 5282 ἁγίῳ
3049 5214 3348 5282 Πνεύματι,
3384 5212 3485 5264 καὶ
3524 5210 3748 5281 κερατί-

2165 5305 2351 5368 ζοντες
2382 5305 2472 5359 τὸν
2505 5304 2773 5370 διάϐολον,
2807 5303 3037 5358 καθόλου
3085 5304 3287 5366 πάντες
3307 5303 3353 5356 ol
3379 5303 3584 5356 τέλειοι
3610 5301 3742 5371 πρά-

2166 5399 2244 5462 ξει
2277 5401 2374 5452 καὶ
2415 5398 2584 5467 λόγῳ,
2615 5399 2665 5451 οἳ
2707 5398 2801 5451 καὶ
2855 5398 2934 5461 είς
2967 5398 3030 5450 τὸ
3062 5397 3386 5466 ἐπουράνιον
3439 5395 3744 5462 ἀνάγονται

2165 5489 2576 5559 θυσιαστήριον,
2625 5489 2705 5551 εἰς
2762 5486 2939 5559 ὀσμὴν
2983 5488 3212 5552 εὐωδίας
3246 5487 3325 5556 τῷ
3362 5485 3510 5555 Θεῷ.
3544 5487 3669 5556 Χρὴ
3689 5485 3744 5538 δὲ

2164 5580 2477 5647 γινώσκειν,
2524 5581 2608 5634 ὅτι
2650 5579 2837 5634 πολλοὶ
2898 5580 3162 5642 πολλάκις
3212 5579 3312 5648 τὴν
3364 5578 3619 5632 διάθεσιν
3648 5571 3742 5628 τοῦ

2167 5671 2453 5740 μέλλοντος
2475 5671 2668 5743 χρόνου
2726 5674 2846 5726 ἀντὶ
2873 5671 3126 5726 εὑκτικοῦ
3185 5669 3740 5741 παραλαμϐάνουσιν,

2167 5764 2362 5832 ἰδίωμα
2387 5764 2660 5820 καὶτοῦτο
2679 5766 2776 5835 τῆς
2809 5765 3088 5838 Ἑϐραῖδος
3117 5763 3394 5820 διαλέκτου
3458 5761 3739 5832 λέγοντες,
