4036 6262
301 362 392 428 561
1482 359 1628 420 COM
1641 359 1799 420 ΜΕΝ
1806 360 1852 419 Τ

1955 361 1988 420 Ἷ
2026 359 2386 422 PSALMOS.
3456 357 3560 418 552

295 473 366 532 ὡς
384 472 462 533 τὸ,
498 470 786 534 'Parusir;
800 488 875 538 με
893 471 1178 535 ὑσσώπῳ,
1203 467 1298 523 καὶ
1320 468 1853 538 καθαρισθήσομαιί

1975 478 2119 525 tam:
2175 471 2345 527 veluti
2401 472 2447 526 si
2498 472 2624 543 quis
2667 473 2720 526 in
2755 473 3058 543 conjugali,
3097 479 3190 525 aut
3238 470 3346 523 alio
3401 487 3561 522 utun-

295 562 543 628 πλυνεῖς
589 579 688 630 με,
744 563 842 614 καὶ
904 561 1060 630 ὑπὲρ
1112 561 1291 630 χιόνα
1356 561 1853 631 λευκανθήσομαι

1980 563 2137 618 danae
2169 563 2290 618 vitae
2316 571 2459 618 statu
2491 564 2751 620 virtutem
2783 566 3106 635 przesel‘erat
3135 581 3148 628 ;
3175 564 3559 616 holocaustum

293 656 385 708 καὶ
414 655 514 707 ὅσα
541 654 796 710 τοιαῦτα.

1978 669 2109 708 vero
2163 656 2460 724 perfectam
2502 658 2786 722 virtutem,
2837 659 3001 711 veluti
3047 657 3092 711 si
3134 657 3260 724 quis
3307 657 3361 708 in
3394 653 3560 718 virgi-

1972 746 2165 812 nitate,
2220 759 2314 804 aut
2383 751 2685 804 monastica
2755 751 2917 819 degat
2967 751 3410 803 conversatione.
3460 745 3562 796 Per

290 828 484 883 vitulos
552 829 717 882 etiam
785 845 884 885 eos
957 830 1217 899 intelligo,
1274 831 1368 902 qui
1443 833 1720 888 virtutum
1780 834 2093 892 ministerio
2148 839 2288 908 pasti
2374 855 2438 895 ac
2523 841 2689 896 cibati
2758 851 2906 905 sunt,
2969 849 3025 894 et
3089 841 3267 895 etl‘ecti
3328 839 3561 908 pingues

288 923 455 991 gratia
512 924 688 977 sam-ti
758 923 1033 991 Spiritus,
1099 928 1194 996 qui
1286 931 1594 992 rtmunones,
1659 927 1885 985 fortium
1925 932 2226 990 vitulorum
2273 936 2468 1001 instar,
2522 950 2694 991 cornu
2755 944 2996 1006 petunt:
3043 948 3097 990 et
3152 933 3389 1000 denique
3457 942 3555 980 eos

288 1033 495 1078 omnes.
551 1017 644 1086 qui
693 1018 913 1071 actione
959 1028 1013 1073 et
1049 1033 1304 1075 sermone
1334 1021 1557 1090 perfecti
1580 1032 1730 1085 sunt,
1756 1024 1850 1090 qui
1889 1025 2057 1079 etiam
2103 1026 2171 1080 ad
2225 1027 2459 1083 cmleste
2540 1028 2894 1083 adducuntur
2948 1028 3126 1082 altare
3184 1026 3237 1078 in
3328 1023 3554 1074 odorem

290 1108 574 1164 suavitatis
623 1110 663 1164 ³.
733 1111 866 1163 Illud
932 1126 1114 1165 autem
1187 1114 1332 1169 scire
1399 1122 1658 1182 oportet,
1745 1117 1893 1185 quod
1936 1119 2091 1172 multi
2163 1135 2545 1189 sepenumero
2630 1120 2875 1176 futurum
2955 1130 3174 1188 tempus
3265 1113 3550 1169 indicativi

291 1200 561 1270 accipiunt
613 1216 716 1270 pro
780 1203 1042 1271 optativo,
1094 1204 1292 1259 idioma
1340 1205 1391 1258 id
1424 1220 1548 1259 esse
1597 1204 1847 1259 dicentes
1889 1205 2174 1264 llebraieae
2234 1211 2452 1279 lingua,
2505 1218 2569 1266 ut
2603 1210 2738 1266 illud
2788 1230 2802 1266 :
2861 1212 3119 1280 Aspergrs
3179 1224 3279 1268 me,
3314 1204 3551 1258 Βουιὶηρι

286 1297 524 1367 hyssopo,
581 1309 628 1352 et
691 1300 1004 1362 mundabor,
1032 1301 1230 1355 («vobis
1265 1318 1367 1365 me,
1386 1312 1492 1358 etc.
1533 1315 1632 1370 pro
1655 1315 1722 1356 eo
1750 1301 1897 1372 quod
1935 1313 2037 1370 est,
2069 1304 2290 1362 Utinam
2337 1323 2424 1364 mc
2468 1323 2750 1378 aspergas,
2798 1317 2961 1377 atque
3035 1307 3243 1360 utinam
3290 1304 3461 1362 laves,
3504 1307 3558 1354 et

287 1394 388 1448 alia
425 1395 761 1466 hujnsmodi.

827 1491 1125 1545 ΨΑΛΜΟΣ
1150 1489 1283 1545 NA’.

286 1585 383 1648 Εἰς
412 1583 479 1635 τὸ
510 1585 686 1650 τέλος
719 1586 962 1652 ψαλμύς
1003 1586 1319 1652 συνέσεως
1351 1583 1429 1651 τῷ
1459 1585 1658 1651 Δαὸὶδ,
1696 1588 1767 1642 ὲν
1786 1586 1868 1653 τῷ

348 1673 552 1728 ἐλθεῖν
585 1675 754 1742 Δωὶιχ
785 1676 892 1728 τὸν
949 1677 1309 1746 Ἰὃοι·μαῖον.
1362 1680 1462 1733 καὶ
1512 1679 1865 1748 ἀναγγεῖλαι

348 1765 427 1830 τῷ
461 1767 686 1832 Σαοὺλ,
716 1768 816 1824 καὶ
847 1769 1038 1824 εἶπεῖν
1073 1770 1235 1836 αὑτῷ
1260 1788 1272 1799 ·
1315 1767 1505 1827 Ἦλθε
1558 1771 1736 1826 Δασὶδ
1779 1775 1867 1839 εις

350 1858 457 1912 τὸν
477 1857 648 1913 οἶκον
688 1860 1024 1931 Ἀϐιμέλεχ.

2543 1494 2862 1551 Ρδλωιυε
2903 1495 2984 1549 LI.

1967 1587 2032 1641 In
2067 1589 2224 1656 ﬁnem
2250 1588 2487 1656 psalmus
2518 1589 2881 1656 intelligentia:
2925 1589 3029 1657 ipsi
3085 1587 3293 1648 David,
3341 1591 3553 1656 quando

2041 1680 2177 1731 venit
2203 1679 2340 1733 Doec
2371 1679 2644 1735 Idumwus
2669 1722 2682 1745 ,
2709 1690 2757 1734 et
2790 1681 3126 1733 annuntiavit
3174 1681 3275 1748 ipsi
3307 1679 3438 1733 Snul
3459 1718 3474 1742 ,
3507 1690 3553 1731 et

2038 1770 2198 1834 dixit,
2241 1771 2384 1827 Venit
2416 1773 2585 1827 David
2617 1774 2671 1827 in
2703 1776 2916 1827 domum
2954 1773 3280 1828 Achimelcrh
3307 1772 3440 1842 (82).

347 1953 572 2018 Φεύγων
607 1955 637 2006 ὁ
676 1953 840 2006 Δαϐὶδ
867 1954 959 2007 τὸν
985 1952 1179 2019 Σαοὺλ,
1210 1954 1500 2008 ἐπείνασεν
1531 1973 1546 1988 ο
1573 1954 1669 2008 καὶ
1699 1958 1853 2009 ἀπελ·

2034 1950 2170 2005 Cnm
2225 1949 2433 2022 fugeret
2461 1952 2678 2007 Saulem
2729 1953 2922 2007 bea'us
2977 1952 3180 2014 David,
3235 1962 3398 2020 atque
3450 1952 3552 2022 [ut

276 2044 385 2096 οὼν
414 2044 554 2112 προς
581 2044 812 2112 Νομϐὰν
840 2044 940 2114 τὴν
964 2045 1120 2097 πὸλιν
1169 2047 1281 2098 τῶν
1316 2047 1508 2114 ἱερέων
1539 2046 1675 2114 πρὸς
1715 2047 1859 2099 Ἀδι-

282 2136 449 2205 pellex
481 2135 571 2188 τὸν
602 2135 889 2204 ἀρχιερέα,
919 2137 1301 2204 ἑποέησενόσα
1331 2138 1390 2189 ἐν
1441 2137 1724 2208 ἐπιγραφῇ
1763 2136 1858 2190 τοῦ

278 2227 357 2295 λγ⁹
387 2229 614 2297 ψαλμοῦ
644 2228 1062 2298 ὲξηγησάμεθα.
1092 2229 1268 2281 Τοῦτο
1299 2227 1423 2282 ἰδὼν
1473 2232 1650 2296 Δωὴκ.
1688 2230 1716 2283 ὁ
1750 2229 1859 2282 τῶν

277 2316 579 2384 βασιλικῶν
635 2317 882 2386 ἡμιόνων
928 2317 1291 2388 ἐπιμελητὴς,
1354 2321 1736 2388 κατεμήνυσεν
1780 2319 1859 2389 τῷ

274 2409 451 2462 Σαούλ
482 2426 496 2441 ο
532 2409 797 2464 καὶκατὰ
830 2409 924 2463 τοῦ
971 2410 1266 2480 ’Δϐιμὲλεχ
1311 2410 1546 2480 ἐξέμηνε
1580 2408 1855 2477 τοσοῦτον,

272 2501 598 2569 ὡςάγαγεῖν
630 2504 732 2571 μὲν
767 2503 860 2556 καὶ
884 2504 1100 2556 ἀνελεῖν
1130 2502 1217 2557 διὰ
1244 2502 1337 2554 τοῦ
1370 2503 1531 2574 Δωὴκ
1579 2503 1705 2567 τοὺς
1736 2505 1859 2556 ὲκαο

273 2592 362 2644 τὸν
393 2592 490 2644 καὶ
520 2594 865 2662 πεντήκοντα
900 2594 1068 2662 ἱερεῖς
1098 2611 1112 2624 ο
1140 2593 1488 2662 κατασφάξαι
1539 2595 1595 2648 δὲ
1631 2594 1725 2648 καὶ
1750 2596 1856 2647 πᾶ-

275 2703 370 2738 σαν
400 2685 623 2755 ἠλικίαν
671 2685 769 2754 τῆς
809 2685 1040 2752 πόλεως,
1093 2687 1188 2739 καὶ
1255 2685 1603 2756 πανωλεθρίᾳ
1653 2687 1859 2756 ταύτην

271 2775 611 2844 διαφθεῖραι.
654 2777 721 2828 Ὀ
752 2775 944 2845 μαθὼν
974 2778 1002 2829 ὁ
1037 2775 1224 2840 doma,
1260 2776 1466 2847 ἔγραψε
1496 2777 1587 2828 τὸν
1614 2776 1858 2838 παρόντα

269 2863 508 2934 ψαλμὸν,
539 2867 620 2928 εἰς
655 2865 938 2937 ὑπομονὴν
972 2867 1081 2920 τῶν
1106 2867 1500 2936 ἀδικουμένων.
1545 2869 1650 2932 Εἰς
1680 2867 1858 2933 τέλος

268 2957 324 3009 δὲ
352 2955 794 3027 ἐπιγέγραπται,
825 2957 1165 3027 παρεγγυῶν
1204 2960 1284 3021 εἰς
1318 2959 1380 3011 τὸ
1405 2956 1560 3018 τέλος
1612 2959 1723 3009 τῶν
1751 2957 1860 3010 ἁδι.

268 3048 511 3102 κούντων
584 3049 916 3103 ἀποϐλέπειν
947 3091 960 3115 ,
1017 3050 1112 3104 καὶ
1188 3049 1591 3120 μακροθυμεῖν.
1673 3048 1856 3102 Συνέ-

263 3157 418 3204 σεως
447 3141 528 3206 δὲ,
557 3141 640 3194 ὅτι
673 3142 939 3205 συνέσεως
969 3142 1053 3196 δεῖ
1066 3141 1143 3210 τῷ
1165 3142 1512 3214 ἀδικουμένῳ
1544 3139 1677 3211 πρὸς
1713 3140 1855 3194 ὕπο·

268 3234 464 3302 μονήν.

1960 2043 2203 2115 accidit]
2234 2045 2492 2108 esui-iret,
2529 2044 2809 2114 protectus
2839 2057 2922 2098 est
2958 2044 3219 2097 Numnam
3269 2045 3545 2098 Citiiﬂlcm

1960 2136 2307 2191 sacerdotum
2330 2177 2344 2201 ,
2382 2137 2448 2192 ad
2481 2138 2833 2191 Aehimelech
2871 2137 3186 2206 pontiﬁcem
3220 2177 3233 2196 .
3291 2137 3381 2189 ubi
3442 2136 3544 2207 [et

1961 2243 2128 2296 panes
2163 2228 2557 2298 propositionis
2590 2230 2849 2292 comedit,
2886 2241 2939 2283 ct
2964 2227 3095 2300 alia]
3127 2229 3234 2298 egit
3266 2268 3280 2290 ,
3311 2244 3432 2296 qum
3454 2242 3546 2280 su-

1960 2334 2054 2384 pra
2086 2322 2712 2374 commemoravimusin
2740 2321 3085 2390 expositione
3115 2321 3310 2390 psalmi
3345 2333 3542 2373 xum.

1960 2405 2114 2460 Ilunc
2145 2422 2269 2462 cum
2302 2408 2530 2462 vidisset
2567 2407 2706 2463 Doce
2727 2448 2740 2468 .
2771 2395 3053 2476 regiorum
3109 2408 3380 2460 mulorum
3411 2422 3547 2474 pra:-

1962 2499 2159 2562 fectus,
2182 2501 2365 2553 omnia
2402 2498 2550 2554 Sauli
2591 2501 2947 2554 renuntiavit.
3005 2499 3107 2565 Qui
3169 2500 3268 2553 hoc
3317 2499 3502 2552 audito
3530 2541 3544 2560 ,

1959 2593 2095 2644 adeo
2136 2588 2318 2646 furere
2347 2606 2410 2646 ac
2438 2593 2631 2646 StBVil‘c
2667 2593 2837 2662 coapit
2865 2593 3131 2647 adversus
3177 2589 3548 2650 Achimelech,

1960 2693 2018 2735 ut
2050 2695 2268 2736 centum
2296 2692 2351 2737 et
2386 2684 2786 2753 quinquaginta
2815 2684 3126 2738 Sacerdotes
3156 2685 3220 2738 ad
3249 2698 3307 2736 se
3343 2680 3540 2734 adduci

1955 2774 2204 2843 jusserit,
2235 2783 2289 2830 et
2313 2775 2486 2830 occidi
2523 2791 2551 2829 τι
2602 2775 2780 2840 Doce,
2841 2785 2896 2830 et
2938 2778 2990 2831 in
3036 2777 3306 2844 cujusque
3364 2775 3542 2828 artatis

1959 2866 2214 2920 homines
2247 2867 2299 2920 in
2337 2881 2399 2920 ea
2434 2866 2658 2922 civitate
2692 2868 2892 2922 saeviri.
2927 2865 3083 2932 Quod
3110 2883 3232 2921 cum
3286 2869 3546 2922 rescisset

1959 2956 2151 3012 beatus
2179 2956 2366 3022 David,
2394 2959 2723 3027 conscripsit
2777 2958 2922 3011 hunc
2973 2957 3240 3027 psalmum
3270 2997 3285 3018 ,
3340 2957 3407 3009 ad
3452 2970 3549 3009 eos

1958 3047 2345 3112 consolandos,
2383 3049 2474 3117 qui
2513 3049 2710 3123 injurja
2743 3046 2924 3102 affecti
2982 3049 3221 3101 fuerant.
3278 3046 3338 3100 In
3388 3046 3550 3114 finem

1958 3138 2298 3198 inscribitur,
2328 3140 2455 3206 quia
2498 3139 2564 3193 ad
2611 3154 2804 3193 eorum
2843 3139 3003 3193 tinem
3062 3139 3182 3194 illos
3213 3139 3372 3208 juth
3403 3140 3551 3204 aspi-

1958 3245 2104 3294 cere,
2136 3232 2227 3296 qui
2263 3231 2517 3296 injuriam
2549 3231 2875 3294 intulerunt,
2905 3240 3068 3298 atque
3091 3231 3308 3283 interitu
3338 3231 3549 3298 patien-

263 3336 347 3379 ter
370 3325 538 3392 ferre,
572 3341 637 3382 ac
665 3326 1030 3398 longanimem
1060 3342 1203 3382 esse.
1235 3326 1614 3398 lntelligentire
1645 3334 1851 3385 autem.
1894 3339 1990 3378 seu
2020 3321 2216 3395 [juxta
2249 3324 2413 3377 aliam
2446 3322 2647 3378 Graeca:
2685 3324 2942 3380 dictionis
2996 3324 3264 3386 συνέσεως
3334 3323 3548 3391 signiti‘

263 3421 576 3494 calionem]
615 3424 930 3489 prudentia,
959 3421 1082 3478 ideo
1122 3423 1287 3488 dixit,
1324 3425 1587 3493 quoniam
1619 3423 1722 3488 iis,
1783 3422 1876 3493 qui
1930 3421 2133 3492 injuria
2193 3418 2371 3475 aﬂecti
2399 3419 2649 3485 fuerant,
2688 3422 2855 3477 multa
2906 3439 3046 3495 opus
3089 3434 3202 3478 erat
3252 3422 3542 3492 prudentia

259 3525 421 3581 atque
453 3516 762 3574 intellectu.
805 3525 864 3570 ut
900 3517 1126 3586 patienti
1170 3520 1355 3572 animo
1379 3519 1562 3574 illatas
1599 3518 1808 3573 ferrent
1847 3514 2084 3584 injurias
2119 3516 2256 3588 (83).

335 3614 396 3666 Τί
433 3612 706 3681 ἐγκαυχᾷ
743 3613 815 3666 ἐν
871 3614 1074 3681 κακία,
1106 3617 1139 3668 ὀ
1183 3614 1450 3682 δυνατός
1481 3630 1502 3680 ;
1540 3615 1686 3686 Πρὸς
1749 3615 1841 3667 τὸν

2027 3612 2189 3666 Vens.
2211 3613 2265 3668 5.
2302 3612 2443 3680 Quid
2468 3615 2722 3685 g'oriaris
2745 3618 2796 3669 in
2833 3619 3064 3682 malitia,
3091 3628 3270 3684 potens
3296 3620 3322 3674 .9
3351 3617 3545 3672 Sermo

259 3705 417 3776 Δωὴκ
451 3709 480 3758 ὁ
513 3704 696 3772 λόγος,
721 3705 783 3760 ὃν
820 3705 928 3759 ἔδει
959 3706 1198 3775 μάλιστα
1253 3707 1700 3776 ἑγκαλύπτεσθαι
1744 3709 1838 3760 ἐπὶ

257 3800 323 3866 τῇ
402 3797 599 3868 κακίᾳ.
653 3795 866 3851 Κακίαν
918 3798 976 3851 δὲ
1032 3797 1180 3867 λέγει
1241 3799 1344 3861 τὴν
1397 3799 1679 3871 πονηρίαν
1711 3799 1850 3853 uati-

257 3891 420 3943 όλου⁹
476 3890 710 3945 δυνατὸν
746 3891 805 3944 δὲ
876 3889 1046 3945 αὑτὸν
1104 3887 1250 3954 εἷπε,
1287 3892 1378 3946 διὰ
1427 3893 1527 3963 τὴν
1582 3893 1719 3963 πρὸς
1761 3893 1852 3946 τὸν

260 3983 434 4037 Σαοὺλ
466 3983 751 4036 οἱκείωσιν
781 3998 797 4015 ⁸
825 3983 859 4055 ἢ
891 3984 1139 4053 δυνατὸν,
1174 3984 1256 4050 εἰς
1301 3984 1362 4038 τὸ
1394 3984 1671 4039 κακῶσαι.

337 4249 619 4316 Ἇνομιάν
652 4247 804 4315 ὅλην
834 4247 947 4314 τὴν
975 4246 1226 4313 ἡμέραν,
1259 4247 1499 4303 ἀδικίαν
1526 4248 1849 4318 ἐλογίσατο

256 4344 295 4408 ἡ
350 4339 615 4411 γλῶσσά
705 4356 842 4394 σου.
933 4338 1031 4404 Τὸ,
1104 4340 1447 4409 ἐλογίσατο,
1516 4341 1849 4411 ἐφθέγξατο

254 4429 459 4488 εἶπενὸ
494 4431 826 4486 Θεοδοτίων·
874 4432 935 4484 τδ
1015 4431 1170 4498 ὅλην
1217 4429 1326 4498 τὴν
1396 4433 1648 4502 ἡμέραν,
1715 4433 1846 4487 καθ’

253 4525 536 4593 ἑκάστην
572 4523 806 4592 ἡμέραν
851 4519 1007 4578 εἶπεν
1040 4525 1070 4577 ό
1112 4524 1436 4593 Σύμμαχος.
1495 4526 1654 4580 Ἐστι
1698 4526 1754 4578 δὲ
1809 4527 1842 4597 ὴ

256 4617 517 4680 σύνταξις
568 4615 783 4679 οὕτως’
849 4615 965 4668 Ἀεὶ
1004 4615 1310 4684 ἐφθέγξατο
1358 4618 1391 4688 ὴ
1463 4616 1688 4685 γλῶσσά
1747 4635 1843 4672 σου

253 4709 515 4778 ἀνομίαν,
546 4707 788 4769 ἀδικίαν,
848 4707 1178 4772 ἀσυνδὲτως,
1243 4708 1434 4778 ἧγουν,
1489 4708 1672 4777 ἄνομα
1750 4709 1845 4762 καὶ

254 4799 439 4853 ἄδικα.
468 4799 730 4868 Διασύρει
766 4797 825 4853 δὲ
854 4799 974 4853 ὅλον
1001 4798 1092 4851 τὸν
1124 4798 1239 4867 βίον
1268 4798 1464 4865 αὑτοῦ,
1521 4798 1597 4863 ὠς
1660 4802 1839 4871 πάντη

251 4891 660 4960 διεφθαρμένον
694 4907 709 4920 ·
738 4891 800 4942 οὐ
833 4889 943 4960 γὰρ
973 4890 1040 4944 ἂν
1068 4891 1327 4961 τοιαύτην
1358 4890 1512 4944 πόλιν
1535 4891 1839 4958 ἀπώλεσεν,

254 4982 302 5035 el
328 4980 404 5052 μὴ
432 4982 781 5035 παντάπασιν
805 4982 1025 5046 ἀνίατος
1052 4978 1144 5053 ἧν.

332 5160 495 5215 Ὠσεὶ
525 5159 716 5227 ξυρὸν
727 5159 1108 5228 ἠκονημένον
1130 5160 1426 5228 ἐποίησας
1451 5161 1658 5217 δόλον.
1687 5165 1850 5220 Δόλον

1957 3709 2040 3756 est
2073 3702 2139 3755 ad
2175 3702 2338 3765 Doce,
2370 3719 2528 3772 quem
2568 3716 2884 3775 oportuerat
2908 3707 3088 3776 potius
3108 3709 3368 3762 malitiam
3385 3725 3540 3762 snatn

1955 3795 2232 3862 obtegere,
2265 3809 2429 3862 quam
2471 3795 2539 3850 de
2568 3811 2630 3850 ea
2663 3797 2907 3866 gloriari.
2937 3799 3040 3852 Per
3062 3799 3325 3854 malitiam
3359 3808 3540 3854 autem

1954 3897 2171 3936 onmem
2205 3883 2256 3934 in
2292 3881 2611 3938 universum
2646 3885 2965 3954 pravitatem
3032 3886 3305 3951 intelligit.
3346 3884 3542 3940 Potcul

1952 3981 2059 4026 tem
2093 3988 2224 4027 vero
2253 3988 2376 4028 eum
2409 3975 2742 4045 appellavit,
2787 3979 2856 4030 ob
2893 3976 3318 4032 fatniliaritatem
3377 3988 3541 4044 atque

1952 4067 2272 4129 amicitiam,
2293 4083 2456 4137 quam
2481 4068 2714 4123 habebat
2754 4083 2878 4123 eum
2914 4069 3080 4126 Saule
3107 4088 3122 4134 ;
3150 4071 3234 4125 vel
3256 4080 3536 4141 potentem

1951 4157 2006 4212 in
2043 4157 2290 4212 laedendo
2321 4172 2385 4213 ac
2418 4158 2661 4229 maligne
2693 4162 2927 4230 agendo.

2021 4245 2188 4301 Vnus.
2220 4247 2274 4302 4.
2309 4245 2652 4316 Iniquitatem
2685 4259 2798 4303 tota
2833 4249 2942 4312 die,
2977 4250 3301 4319 injuslitiam
3337 4261 3540 4329 cogitu-

1948 4339 2019 4391 rit
2047 4339 2226 4407 lingua
2250 4349 2362 4394 tua.
2414 4338 2522 4393 Pro
2550 4341 2800 4410 cogitavit
2827 4384 2841 4405 ,
2890 4342 3198 4398 Theodotio
3251 4349 3487 4403 reddidit
3518 4390 3534 4412 ,

1946 4431 2125 4487 locuta
2184 4444 2284 4487 est.
2322 4430 2478 4498 Quod
2514 4450 2642 4490 vero
2677 4436 2751 4488 ait
2785 4476 2801 4500 ,
2867 4446 2978 4489 tota
3006 4437 3090 4492 die
3118 4482 3133 4505 ,
3169 4439 3532 4510 Symmachus

1946 4523 2128 4578 dixit:
2174 4541 2267 4594 per
2324 4526 2561 4596 singulos
2601 4527 2735 4582 dies.
2804 4526 2952 4581 Ordo
3002 4540 3126 4584 est:
3173 4530 3384 4603 Lingua
3435 4543 3528 4587 tuzt

1947 4631 2163 4686 semper
2204 4617 2385 4672 locuta
2429 4626 2516 4673 cst
2565 4617 2936 4687 iniquitatem,
2993 4621 3322 4688 iniustitiam
3353 4669 3368 4691 ,
3411 4628 3532 4683 sine

1944 4708 2164 4776 copula,
2202 4722 2302 4776 pro
2333 4722 2436 4774 eo,
2471 4709 2614 4778 quod
2645 4719 2728 4762 cst
2753 4746 2768 4772 ,
2806 4711 2992 4778 iniqua
3052 4721 3107 4764 et
3152 4711 3386 4782 iujusta.
3416 4714 3528 4769 Ex-

1945 4800 2207 4871 probrare
2238 4810 2419 4854 autem
2448 4799 2720 4869 Propheta
2753 4801 2970 4855 videtur
3001 4802 3150 4858 illius
3228 4806 3396 4859 vitam
3468 4824 3532 4861 ac

1953 4893 2422 4949 conversationem
2493 4908 2718 4963 prorsus
2777 4893 3072 4962 perditam.
3131 4894 3318 4965 Neque
3383 4902 3528 4952 enim

1878 4966 1928 5025 D
1956 4985 2268 5055 hujnsmodi
2303 4986 2579 5040 civitatem
2634 4987 2929 5056 aliquando
2967 4997 3240 5046 vastasset
3274 5032 3288 5055 ,
3331 4993 3375 5048 si
3423 5010 3532 5048 non

1949 5079 2183 5149 perditis
2213 5094 2442 5148 prorsus
2478 5078 2671 5133 fuisset
2705 5081 2976 5133 moribus.

2021 5170 2194 5236 Quasi
2217 5171 2475 5225 novacula
2503 5179 2661 5223 acuta
2693 5171 2869 5237 fecisti
2930 5172 3132 5228 dolum.
3192 5174 3384 5229 Dolum
3443 5177 3533 5232 hic

255 5251 494 5303 ἐνταῦθα
555 5250 652 5318 τὴν
678 5249 931 5319 διαϐολὴν
961 5250 1137 5314 καλεῖ,
1169 5251 1235 5322 ἢν
1273 5251 1689 5320 παρεσκεύασεν
1705 5255 1851 5309 οὕτω

1955 5263 2280 5318 calumniam
2318 5264 2571 5332 appellat,
2607 5277 2767 5332 quam
2812 5263 2948 5317 adeo
2999 5275 3271 5334 potentem
3303 5286 3532 5338 parave-

254 5341 714 5413 δραστήριον,ὠ;
742 5344 898 5412 δίκην
966 5342 1132 5415 ξυροῦ
1203 5343 1488 5416 ἐκθερὶσαι
1546 5347 1647 5418 τὴν
1692 5348 1850 5401 πόλιν

1955 5365 2034 5409 rat
2071 5354 2231 5419 Doce,
2259 5364 2317 5407 ut
2349 5354 2691 5410 sacerdotum
2725 5355 3001 5409 civitatem
3063 5358 3235 5410 instar
3256 5361 3531 5415 novaculae

388 5475 409 5505 ³
437 5475 616 5532 chit.
646 5493 698 5530 tv
749 5477 840 5534 51.

1619 5553 1820 5616 Varia;
1858 5558 2183 5622 lectiones.

462 5647 661 5728 prfecti
689 5653 1001 5728 ᾍᾷιμὲλεχ,
1024 5654 1340 5721 Abinteleclt,
1364 5665 1422 5708 ut
1457 5657 1686 5713 habetur
1702 5661 1842 5728 apud

263 5716 518 5791 LX311
550 5721 678 5791 Reg.
714 5723 805 5778 ει.

332 5789 450 5859 (83)
483 5788 793 5850 Graecorum
823 5795 1114 5852 verborum
1145 5809 1344 5854 sensus
1379 5804 1502 5853 est:
1547 5796 1843 5854 Prudentia

1948 5675 2121 5746 autent
2167 5681 2294 5734 opus
2342 5671 2419 5718 est
2448 5666 2517 5732 ci,
2558 5664 2648 5734 qui
2686 5667 2884 5735 injuria
2931 5665 3238 5732 afﬁciatur,
3282 5663 3349 5714 ad
3397 5670 3524 5721 Iole-

1947 5746 2203 5790 multum.
