4082 6264
470 301 576 366 507

1694 307 2078 368 EUTHYMII
2119 307 2481 370 ZIGABENI

3584 311 3672 373 508

467 420 834 490 pretabimur.
871 421 1007 476 Nam
1060 423 1294 479 aliorum
1329 425 1730 495 expositionem
1783 428 1894 482 illic
1928 437 2035 481 tra-

2144 427 2221 497 τῷ
2250 434 2318 494 ιγ’
2342 427 2832 499 παραδεδώκαμεν.
2869 428 2931 481 Ol
2965 425 3060 481 δύο
3075 426 3132 481 δὲ
3179 425 3348 495 στίχοι
3374 425 3676 490 πλεονάζου-

467 509 726 571 didimus.
751 514 814 568 lli
837 525 1014 569 autem
1059 518 1312 573 versiculi
1343 534 1403 573 ea
1433 520 1642 579 ratione
1677 519 1913 588 amplius
1950 519 2037 575 hic

469 606 758 670 habentur,
791 623 858 661 ne
882 608 1048 663 videri
1079 617 1264 679 posset
1289 609 1428 663 idem
1459 611 1702 677 psalmus
1725 609 2038 680 superﬂuus

468 716 612 764 esse,
649 699 776 752 dum
844 701 929 755 bis
964 703 1186 770 ponitur
1241 701 1375 770 (87).
1408 701 1674 756 Praeterea
1711 713 1767 756 ut
1814 703 2037 756 doceret

466 807 568 846 nos
616 791 906 860 Propheta,
941 793 1084 862 quod
1118 811 1284 849 scusu
1340 794 1622 862 dill'erunt,
1657 794 1876 849 tametsi
1915 811 2034 849 rer-

473 886 667 940 borum
709 886 1010 955 prolatione
1039 886 1199 940 iidem
1227 903 1348 943 csse
1377 888 1685 941 videantur.
1716 887 1806 941 llle
1837 887 2035 942 etenim

469 976 734 1028 ins-auiam
800 991 865 1030 ac
915 974 1154 1031 furorem
1196 979 1396 1047 carpit,
1429 993 1536 1047 quo
1584 976 1957 1032 Sennacherih
1983 985 2038 1032 et

467 1067 782 1136 Rhapsaces
812 1070 1080 1123 adversus
1128 1068 1419 1123 Ezechiam
1474 1086 1655 1140 regem
1697 1069 2035 1132 ferebantur,

465 1160 557 1215 hic
595 1176 722 1215 vero
747 1161 1060 1216 Judacorum
1091 1162 1294 1216 rabiem
1327 1171 1518 1217 contra
1548 1161 1847 1216 Christum.
1881 1159 2036 1226 Quod

463 1253 509 1306 si
546 1253 702 1306 aliter
734 1268 793 1307 se
855 1255 1101 1318 haberet,
1193 1255 1380 1323 procul
1467 1253 1634 1310 dubio
1724 1252 2035 1322 huiusmodi

465 1345 816 1413 superﬂuitas
888 1362 1066 1416 neque
1100 1349 1429 1416 interpretes
1473 1363 1654 1416 neque
1689 1346 1840 1415 ipsos
1871 1346 2034 1399 etiam

462 1435 686 1493 Jndmos
721 1438 995 1494 latuisset.
1024 1437 1227 1493 Verum
1260 1440 1671 1494 excusationem
1703 1439 1906 1493 nullam
1941 1439 2037 1493 ha-

466 1530 594 1585 bent
627 1527 824 1598 Judzei,
859 1534 1082 1589 tametsi
1127 1543 1324 1603 sponte
1358 1549 1454 1590 sua
1513 1535 1824 1588 cmcutiant.
1858 1533 2033 1588 Aliam

465 1623 612 1677 enim
646 1639 708 1680 ac
744 1624 1018 1680 diversam
1068 1643 1297 1697 prorsus
1348 1628 1765 1698 inscriptionem
1807 1637 2037 1695 uterque

2146 535 2265 571 σιν·
2304 520 2445 574 ὥστε
2482 523 2556 589 μὴ
2590 520 2761 585 δόξαι,
2815 521 2898 574 ὅτι
2948 520 3030 582 δὶς
3089 513 3171 580 εἷς
3224 517 3431 586 satas;
3489 520 3681 570 συνετά.

2141 628 2214 682 γη
2243 613 2379 682 (86),
2407 612 2521 668 ἀλλ’
2561 611 2702 665 ὥστε
2727 611 2958 679 διδάξαι,
2982 613 3065 664 ὅτι
3093 613 3142 663 εἱ
3193 611 3286 664 καὶ
3311 612 3373 680 τῇ
3406 609 3682 682 ἐπαγγελία

2143 703 2341 756 ταύτόν
2367 704 2527 768 εἰσιν,
2562 702 2847 774 ἀλλάγετῇ
2882 703 3060 772 ἐννοίᾳ
3088 702 3429 771 διεστήκασιν
3456 717 3471 732 ο
3497 701 3681 763 ἐκεῖνος

2147 793 2245 862 μὲν
2277 795 2386 864 γὰρ
2418 798 2718 866 κατηγορεῖ
2739 796 2837 865 τῆς
2874 795 3068 865 μανίας
3118 794 3211 848 καὶ
3257 793 3357 860 τῆς
3418 792 3686 872 κακονοίας.

2141 889 2236 942 τοῦ
2269 889 2635 959 Σεναχηρεὶμ,
2666 889 2876 943 καὶτοῦ
2909 887 3207 958 Ῥαψάκου,
3239 885 3382 939 κατὰ
3429 883 3517 937 τοῦ
3555 884 3687 947 Ἐζε-

2145 979 2264 1034 κίου
2286 997 2298 1011 ·
2330 973 2487 1043 οὗτος
2516 981 2594 1045 δὲ,
2628 982 2724 1051 τῆς
2745 979 2947 1048 λύσσης
2968 978 3078 1032 τῶν
3112 975 3379 1031 Ἰουδαίων
3419 973 3512 1040 τῆς
3561 974 3686 1026 κατὰ

2141 1071 2237 1126 τοῦ
2260 1072 2521 1143 Χριστοῦ.
2563 1072 2637 1126 Οὐ
2699 1072 2810 1142 γὰρ
2862 1069 2950 1136 ἂν,
2985 1070 3034 1123 εί
3079 1067 3156 1138 μὴ
3215 1066 3373 1120 τοῦτο
3433 1061 3519 1134 ἦν,
3549 1056 3688 1126 οὗτος

2143 1165 2303 1220 ἔλαϐε
2371 1164 2580 1225 πάντας
2638 1165 2763 1226 τοὺς
2860 1161 3154 1230 ἐξηγητὰς,
3227 1157 3341 1211 ἀλλ’
3403 1155 3519 1209 οὐδὲ
3577 1153 3689 1214 τοὺς

2153 1258 2442 1331 Ἐ6.ραίου;
2483 1256 2707 1321 αὐτοὺς,
2731 1255 2812 1318 δὶς
2842 1250 3114 1320 ινταγεὶς,
3153 1249 3187 1320 ἢ
3259 1247 3467 1314 ἀλόγως
3527 1245 3691 1298 δευτε-

2147 1352 2361 1423 ρωθείς.
2398 1349 2513 1404 Νῦν
2537 1348 2593 1402 δὲ
2632 1348 2790 1417 λόγον
2829 1347 2928 1400 οὑκ
2959 1343 3261 1415 ἔχουσιν,εἱ
3317 1340 3411 1393 καὶ
3461 1338 3689 1390 ὲθελοτυ-

2143 1444 2478 1513 φλὼττουσιν
2514 1442 2563 1494 oi
2608 1440 2871 1493 Ἰουδαῖοι.
2901 1436 3006 1493 Καὶ
3047 1435 3154 1506 γὰρ
3195 1434 3287 1488 καὶ
3359 1431 3522 1499 ἀλλην
3551 1423 3692 1490 οὗτος

2144 1537 2272 1609 παρ’
2304 1537 2511 1588 ἐκεῖνον
2545 1533 2760 1602 εῑληχεν
2791 1527 3125 1599 ἐπιγραφὴν,
3165 1529 3244 1588 είς
3275 1524 3337 1577 τὸ
3401 1521 3548 1582 τέλος
3606 1520 3692 1588 μὲν

2145 1629 2498 1698 πέμπουσαν,
2531 1623 2617 1677 διὰ
2650 1623 2748 1685 τὰς
2781 1621 2924 1676 κατά
2963 1620 3073 1673 τῶν
3130 1617 3406 1672 Ἰουδαίων
3457 1617 3513 1667 ὲν
3559 1612 3695 1682 αὑτῷ

462 1732 653 1771 eorum
678 1719 910 1774 sortitus
938 1725 1044 1774 est.
1075 1719 1323 1776 Praesens
1347 1719 1531 1790 itaque
1563 1719 1852 1790 inscriptio
1871 1719 1936 1774 ad
1969 1718 2024 1772 ti-

2144 1718 2504 1797 προφητείας,
2536 1718 2620 1771 ὅτι
2659 1715 2766 1786 χρὴ
2793 1715 2920 1777 τοὺς
2940 1710 3420 1781 ἀναγινώσκοντας
3481 1704 3696 1759 ἀποϐλέ-

465 1826 584 1864 ιιειιι
617 1825 717 1865 nos
749 1812 903 1880 juhet
949 1812 1222 1881 inspicere
1270 1820 1493 1881 propter
1541 1811 1879 1882 prophetias,
1913 1826 2035 1880 qua:

463 1901 552 1955 hic
584 1902 850 1956 adversus
880 1900 1096 1958 Iudaeos
1141 1905 1512 1973 prmdicuutur
1547 1926 1560 1959 :
1597 1906 1760 1958 veluti
1809 1920 2036 1959 monens

465 1991 725 2046 lectorem
755 2003 812 2046 ut
842 1994 1058 2046 illarum
1085 1993 1244 2049 linem
1275 1995 1697 2049 animadvertat.
1721 1994 1876 2062 Quod
1904 1991 2034 2049 vero

463 2081 540 2134 ait
572 2099 587 2136 :
619 2097 711 2148 pro
744 2080 994 2144 Maeleth,
1029 2084 1169 2138 idem
1199 2084 1304 2140 sibi
1337 2085 1472 2148 vult,
1500 2100 1562 2139 ac
1587 2086 1632 2139 si
1671 2085 1923 2147 dixisset,
1963 2085 2036 2141 De

464 2174 692 2230 chorea.
727 2174 1058 2232 Christianis
1099 2181 1322 2238 etenim.
1366 2192 1490 2232 cum
1533 2178 1733 2247 legitur
1763 2180 1851 2233 hic
1888 2178 2035 2248 psal-

464 2281 607 2331 mus,
623 2267 1002 2322 exsultandum
1049 2284 1110 2322 ac
1131 2270 1327 2326 chorea
1344 2268 1746 2339 quodammodo
1769 2270 2030 2324 utendum

463 2368 564 2423 est,
605 2370 825 2430 propter
869 2362 1026 2416 linem
1081 2371 1248 2433 atque
1282 2372 1536 2419 eventum
1581 2378 1783 2425 rerum,
1830 2378 1950 2429 qua:
1976 2363 2029 2415 in

462 2463 526 2501 eo
553 2451 820 2519 pra-dictae
847 2463 996 2507 sunt.
1032 2451 1365 2519 Exsultabit,
1400 2454 1598 2524 inquit,
1629 2452 1820 2515 Iacob,
1841 2461 1895 2509 et
1929 2454 1994 2505 lie
2013 2483 2033 2492 -

466 2543 666 2596 rabitur
715 2543 906 2601 Israel.
963 2544 1176 2600 Israelis
1218 2546 1365 2602 enim
1409 2547 1640 2616 populus
1691 2561 1787 2615 pro
1830 2546 2035 2615 populo

464 2635 733 2705 accipitur
776 2636 1112 2702 Christiano,
1149 2648 1207 2691 ut
1255 2637 1494 2692 diximus
1529 2638 1584 2691 in
1645 2638 1856 2707 psalmo
1910 2653 2030 2691 Xlll.
2071 2648 2082 2659 ‘

467 2723 843 2797 Intelligentia:
877 2730 1040 2783 etiam
1074 2729 1194 2784 ideo
1225 2731 1522 2799 inscriptus
1550 2743 1655 2796 est,
1714 2733 1840 2802 quia
1869 2733 2039 2786 multa

2139 1831 2264 1866 πειν
2290 1814 2370 1876 είς
2401 1810 2460 1864 τὸ
2514 1807 2670 1872 τέλος
2743 1806 2947 1862 αὐτῶν.
3008 1807 3082 1860 Τὸ
3134 1804 3212 1869 δὲ,
3249 1803 3403 1870 ὑπὲρ
3457 1798 3695 1860 Μαελὲθ,

2135 1905 2256 1959 ἀντὶ
2284 1903 2404 1968 τοῦ,
2440 1901 2578 1972 Περλ⁹
2629 1900 2885 1970 χοριίας,
2930 1898 3305 1970 ἡρμήνευσαν.
3361 1894 3558 1946 Τοῦτον
3602 1892 3699 1959 γὰρ

2138 1995 2639 2064 ἀναγινώσκοντες,
2663 1989 2964 2061 χορεύομεν
2996 1991 3042 2042 οἱ
3078 1986 3428 2058 Χριστιανοὶ,
3462 1983 3549 2037 διὰ
3613 1981 3701 2048 τὴν

2134 2091 2360 2144 ἔκδοσιν
2395 2086 2501 2140 τῶν
2543 2083 3051 2155 προφητευθέντιυν.
3101 2077 3555 2148 Ἀγαλλιάσεται
3583 2073 3703 2142 γὰρ,

2144 2181 2328 2252 φησιν,
2367 2176 2585 2241 Ἰακὼϐ,
2612 2175 2711 2228 καὶ
2752 2171 3239 2241 εὐφρανθήσεται
3268 2167 3543 2237 Ἰσραὴλ,
3579 2165 3706 2233 ὅπερ

2147 2272 2313 2342 ἐσμὲν
2351 2271 2536 2340 ἡμεῖς,
2571 2266 2647 2329 ὡς
2677 2267 2736 2319 ὲν
2771 2264 2849 2334 τῷ
2881 2262 2949 2331 ιγ
2976 2262 3180 2332 ψαλμῷ
3235 2259 3578 2327 διελάὸομεν.
3639 2256 3707 2307 Τὸ

2143 2364 2223 2428 δὲ,
2293 2357 2622 2421 συνέσεως,
2645 2355 2888 2408 διδάσκει
2926 2353 3008 2406 ὅτι
3067 2351 3336 2412 συνέσεως
3394 2348 3554 2420 χρεία
3603 2346 3709 2408 τοῖς

2145 2451 2634 2521 ἀναγινώσκουσιν,
2673 2449 2748 2510 εἰς
2772 2449 2832 2499 τὸ
2881 2445 3208 2512 ἐπιγνῶναι,
3269 2445 3353 2496 ὅτι
3415 2443 3464 2493 εί
3510 2440 3599 2494 καὶ
3646 2438 3706 2505 τῇ

2141 2541 2444 2611 ἐπαγγελίᾳ
2487 2540 2683 2593 ταύτόν
2715 2540 2833 2592 ἐστι
2876 2537 2954 2605 τῷ
3000 2544 3091 2604 ιγ’,
3131 2537 3269 2590 ἀλλά
3297 2537 3485 2603 γε-τῇ
3535 2530 3709 2599 ἐννοίᾳ

2143 2637 2405 2705 διαφορὰν
2445 2633 2558 2703 ἔχει
2589 2630 2963 2702 μυστηριώδη.
3023 2630 3224 2684 Λοιπὸν
3275 2624 3370 2682 οὖν
3445 2629 3569 2690 τοὺς
3621 2625 3708 2678 δύο

2151 2729 2363 2798 στίχους
2387 2723 2774 2796 ἑρμηνευτέον.

467 2824 657 2878 lectori
687 2839 825 2893 Opus
866 2835 950 2880 est
1015 2826 1376 2898 intelligentia
1412 2829 1469 2882 in
1523 2827 1608 2883 his
1653 2828 2057 2883 discernendis.
2106 2826 2241 2881 Nam
2287 2823 2415 2877 licet
2449 2822 2739 2875 verborum
2786 2819 3092 2889 prolatione
3132 2817 3323 2874 eadem
3362 2821 3510 2873 'esse
3570 2816 3714 2870 vide-

465 2927 650 2981 antur,
680 2934 802 2987 quze
833 2920 884 2973 in
918 2921 1042 2986 hoc,
1077 2929 1130 2975 et
1163 2937 1282 2991 qum
1305 2921 1359 2975 in
1389 2938 1485 2976 xm
1517 2922 1788 2976 habentur
1813 2922 2045 2989 psalmo,
2086 2934 2253 2975 sensu
2282 2926 2460 2969 tamen
2489 2912 2828 2968 differentias
2851 2912 3077 2979 habent,
3139 2911 3406 2982 mysterio
3469 2909 3709 2966 refertas.

467 3009 572 3062 Sed
601 3009 725 3064 illos
764 3010 876 3080 jam
910 3014 1214 3068 versiculos
1238 3028 1599 3083 exponamus,
1633 3028 1773 3083 quos
1804 3015 2039 3082 amplius
2077 3011 2168 3065 hic
2201 3007 2388 3062 haberi
2430 3005 2694 3060 diximus.

541 3106 707 3163 Vens.
742 3109 790 3175 l,
815 3110 870 3163 2.
897 3108 1046 3163 Dixit
1079 3111 1329 3180 insipiens
1363 3110 1419 3166 in
1460 3111 1614 3164 corde
1645 3128 1763 3179 suo,
1800 3111 1924 3165 Non
1953 3120 2030 3166 est

2205 3103 2391 3157 Εἶπεν
2411 3102 2615 3170 ἄφρων
2632 3102 2703 3153 ἐν
2730 3099 2945 3168 καρδίᾳ
2969 3098 3158 3153 αὑτοῦ
3184 3113 3195 3127 ·
3226 3100 3348 3153 Οὐκ
3377 3099 3512 3152 ἐστι
3543 3097 3680 3162 Θεός
3699 3112 3712 3126 ·

468 3195 638 3263 Deus;
677 3203 912 3269 corrupti
944 3213 1090 3267 sunt,
1120 3212 1171 3258 et
1211 3203 1591 3259 abominabiles
1638 3205 1771 3273 facti
1817 3213 1938 3258 sunt
1982 3205 2036 3258 in

471 3295 864 3364 iniquitatibus.
916 3295 1078 3364 Vide,
1131 3314 1254 3369 qua;
1304 3300 1628 3369 exponendo
1685 3300 1930 3355 diximus
1983 3301 2038 3355 in

469 3387 677 3454 psalmo
715 3404 832 3455 xut,
865 3389 1011 3458 quod
1051 3405 1180 3444 vero
1229 3391 1318 3446 hic
1350 3431 1368 3458 ,
1397 3393 1452 3444 in
1504 3391 1877 3461 iniquitatibus
1904 3432 1918 3457 ,
1955 3390 2030 3445 ibi

472 3480 628 3544 dixit,
659 3478 717 3532 in
748 3482 967 3535 studiis.

547 3570 666 3626 Non
704 3582 804 3637 est,
848 3574 937 3642 qui
993 3574 1162 3643 faciat
1217 3576 1430 3630 bonum.
1486 3574 1547 3628 In
1605 3581 2039 3630 commemorata

473 3664 683 3733 psalmo
711 3664 890 3720 dixit:
929 3664 1050 3720 Non
1081 3676 1158 3721 est
1184 3669 1274 3737 qui
1308 3667 1476 3736 faciat
1507 3666 1817 3721 bonitatem.

542 3751 709 3811 Vens.
742 3757 854 3810 36.
917 3756 1058 3810 Deus
1101 3757 1165 3811 de
1211 3757 1339 3812 caelo
1382 3757 1648 3826 prospexit
1697 3773 1854 3825 super
1896 3756 2039 3826 ﬁlios

473 3845 765 3908 hominum,
801 3855 861 3899 ut
891 3848 1085 3901 videret
1126 3848 1174 3900 si
1214 3859 1316 3912 est,
1349 3849 1441 3917 qui
1501 3848 1786 3917 intelligat,
1826 3857 1920 3900 aut
1951 3847 2042 3916 qui

473 3941 716 4008 exquirat
751 3940 916 3994 Deum
943 3956 960 3992 :
986 3959 1162 3995 omnes
1191 3944 1609 4006 declinaverunt,
1631 3942 1793 3995 simul
1829 3944 2042 3996 inutiles

476 4031 606 4100 facti
638 4043 759 4087 sunt
788 4051 806 4088 :
840 4051 940 4087 nou
971 4036 1198 4104 est,.qui
1236 4036 1406 4104 faciat
1445 4036 1656 4100 bonum,
1703 4052 1807 4088 non
1841 4045 1917 4089 est
1956 4052 2045 4088 us-

475 4141 574 4193 que
618 4125 686 4178 ad
731 4142 911 4178 unum.
981 4123 1174 4179 Nonne
1225 4137 1532 4194 cognoscent
1568 4141 1765 4190 omnes,
1797 4125 1887 4194 qui
1923 4139 2042 4193 ope-

477 4226 666 4270 rantur
699 4219 1073 4284 iniquitatem?
1110 4219 1200 4287 qui
1230 4222 1481 4272 dcvorant
1509 4218 1762 4286 populum
1787 4232 1957 4270 meum
1990 4217 2046 4269 in

482 4313 593 4363 cibo
617 4311 809 4379 panis?
842 4311 1008 4364 Deum
1061 4326 1162 4363 non
1196 4313 1586 4375 invocaverunt,
1617 4308 1726 4360 illic
1759 4308 2044 4361 timuerunt

479 4405 684 4466 timore,
742 4403 832 4456 ubi
905 4420 1008 4456 non
1054 4411 1169 4456 erat
1243 4404 1422 4455 timor.
1467 4398 1619 4463 Vide,
1657 4414 1779 4469 qua:
1839 4399 1891 4452 in
1944 4412 2040 4451 χιιι

479 4498 690 4566 psalmo
731 4498 872 4550 diota
903 4506 1056 4550 sunt.

555 4646 824 4711 Quoniam
869 4645 1004 4699 Deus
1040 4644 1290 4714 dispersit
1317 4661 1441 4700 ossa
1465 4661 1667 4703 eorum.
1697 4644 1785 4713 qui
1821 4642 2052 4696 homini-

483 4741 576 4791 lius
609 4739 838 4807 placent.
891 4736 1108 4791 Judaeos
1164 4737 1356 4805 carpit,
1397 4752 1535 4805 quos
1585 4737 1871 4790 studiosos
1923 4749 2047 4790 esse

482 4833 651 4899 dicit,
729 4841 787 4884 ut
860 4830 1172 4884 hominibus
1232 4831 1481 4898 placeant
1548 4827 1787 4901 [tametsi
1851 4827 2042 4881 Latina

483 4923 724 4976 dictione
749 4964 764 4988 ,
814 4938 921 4976 non
974 4921 1044 4974 ita
1083 4921 1456 4989 signiﬁcanter
1510 4919 1559 4972 id
1593 4919 1784 4972 vitium
1815 4922 2043 4989 exprimi

487 5024 662 5082 potest
683 5031 845 5083 quam
879 5015 1088 5076 Graeca,
1126 5030 1248 5083 qua:
1273 5013 1436 5066 unico
1465 5012 1754 5077 vocabulo,
1789 5012 2048 5082 ἀνθρωττ-

480 5108 746 5176 αρέσκους
781 5107 1093 5172 huiusmodi
1120 5106 1370 5160 homines
1399 5105 1756 5176 appellarit]:
1803 5106 1905 5158 hoc
1942 5121 2047 5159 au-

486 5213 594 5253 tem
626 5200 819 5254 vitium
848 5213 1224 5268 sazpenumero
1245 5197 1500 5253 Christus
1523 5197 1724 5253 Iudaeis
1748 5197 2048 5267 exprobra-

483 5295 581 5356 vit,
605 5291 916 5362 liypocritas
939 5307 1033 5347 eos
1057 5290 1338 5362 appellans
1355 5298 1408 5344 et
1433 5290 1736 5344 secundum
1762 5300 2046 5359 aspectum

484 5386 830 5453 iudicantes;
866 5385 956 5455 qui
990 5385 1153 5439 etiam
1197 5393 1253 5436 ut
1283 5381 1482 5438 Caesari
1521 5382 1816 5452 placerent,
1845 5383 2045 5436 clama-

2141 3192 2569 3262 διεφθάρησαν,
2637 3191 2736 3244 καί
2784 3189 3239 3258 ἐδδελύχθησαν
3289 3189 3359 3243 ἐν
3427 3191 3719 3258 ἀνομίαις.

2142 3285 2306 3354 Ζήτει
2335 3283 2432 3351 τὴν
2485 3282 2741 3351 ἐξήγησιν
2767 3282 2825 3334 ὲν
2862 3279 2941 3351 τῷ
3003 3281 3073 3348 ιγ’
3116 3279 3353 3350 ψαλμῷ⁶
3399 3281 3463 3333 τὸ
3521 3279 3598 3346 δὲ,
3654 3279 3718 3332 ὲν

2141 3373 2417 3442 ἀνομίαις
2451 3372 2703 3438 ἐνταῦθα,
2759 3373 2828 3425 ἐν
2880 3371 3349 3442 ἐπιτηδεύμασιν
3374 3373 3518 3429 ἐκεῖ.

2217 3555 2338 3604 Οὐκ
2373 3553 2505 3605 ἔστι
2538 3549 2726 3603 ποιῶν
2754 3550 3000 3618 ἀγαθόν.
3031 3548 3212 3619 Ἐντῷ
3249 3548 3475 3621 ῥηθέντι
3504 3547 3721 3618 ψαλμῷ·

2147 3647 2267 3699 Οὐκ
2293 3645 2425 3697 ἔστι
2451 3643 2638 3696 ποιῶν
2666 3643 3066 3710 χρηστότητα,
3103 3642 3439 3712 γέγραπται.

2226 3737 2279 3789 '0
2309 3736 2452 3800 Θεὸς
2481 3736 2548 3787 ἐκ
2605 3736 2710 3788 τοῦ
2769 3734 3032 3802 οὐρανοῦ
3087 3734 3377 3802 διέκοψεν
3439 3735 3546 3788 ἐπὶ
3587 3732 3722 3799 τοὺς

2142 3828 2314 3892 υἱοὺς
2343 3826 2461 3879 τῶν
2493 3824 2843 3893 ἀνθρώπων,
2869 3826 2976 3880 τοῦ
2999 3825 3150 3879 ἰδεῖν
3213 3829 3266 3879 ει
3297 3825 3431 3880 ἐστι
3468 3825 3719 3886 συνιὼν,

2144 3921 2468 3988 ἢέκζητῶν
2511 3920 2618 3973 τὸν
2674 3920 2857 3973 Θεόν·
2912 3918 3137 3985 πάντες
3191 3919 3548 3986 ἐξέκλιναν,
3607 3919 3722 3987 ἅμα

2143 4014 2592 4084 ἠχρειώθησαν·
2624 4013 2733 4065 οὐκ
2762 4010 2894 4065 ἔστι
2930 4010 3117 4063 ποιῶν
3142 4011 3385 4082 ἀγαθὸν,
3417 4013 3533 4065 οὐκ
3554 4010 3720 4064 ἔστιν

2143 4103 2252 4169 ἕως
2283 4103 2440 4166 ἑνός.
2459 4100 2606 4169 Οὐχὶ
2635 4099 2972 4170 γνώσονται
2996 4098 3220 4166 πάντες
3258 4101 3314 4153 ol
3344 4097 3721 4168 ἐργαζόμενοι

2143 4195 2259 4262 τὴν
2281 4195 2534 4262 ἀνομίαν
2563 4207 2581 4255 ;
2618 4195 2682 4245 Οἱ
2713 4191 3255 4256 κατεσθίοντεςτὸν
3300 4191 3455 4245 ,λαόν
3485 4207 3608 4257 μου
3656 4188 3724 4242 ἐν

2142 4285 2370 4352 βρώσει
2415 4283 2595 4351 ἄρτου
2621 4324 2636 4348 ,
2682 4283 2793 4337 τὸν
2870 4283 3017 4336 Θεὸν
3078 4285 3190 4337 οὐκ
3245 4281 3722 4337 ἐπεκαλέσαντο.

2149 4376 2308 4429 Ἐκεῖ
2380 4375 2770 4444 ἐφοϐήθησαν
2845 4378 3055 4444 φόϐον,
3103 4373 3178 4432 οὗ
3249 4379 3362 4431 οὐκ
3399 4373 3476 4448 ἦν
3517 4377 3721 4446 φόϐος.

2075 4475 2128 4535 ι)
2155 4468 2316 4535 Ζὴτει
2342 4465 2542 4535 ὁμοίως
2577 4466 2672 4518 καὶ
2708 4465 2809 4538 τὴν
2836 4466 3044 4520 τούτων
3074 4469 3340 4539 ἐξήγησιν
3371 4470 3433 4522 ὲν
3487 4469 3569 4538 τῷ
3635 4471 3727 4538 ρη-

2155 4557 2298 4611 θέντι
2327 4557 2544 4627 ψαλμῷ.

2227 4649 2359 4702 Ὅτι
2415 4652 2447 4702 o'
2494 4649 2638 4714 Θεὸς
2675 4648 3106 4717 διεσκόρπισεν
3145 4647 3299 4707 ὀστᾶ
3338 4650 3722 4720 ἁνθρωπαρέ-

2153 4758 2341 4795 σκων.
2389 4741 2910 4810 Ἀνθρωπαρέσκους
2944 4740 3360 4811 ὀνομάζει-τοὺς
3406 4742 3720 4805 Ἰουδαίους,

2151 4833 2180 4885 ὃ
2204 4834 2296 4885 καὶ
2310 4834 2339 4884 ὁ
2358 4832 2594 4902 Χριστὸς
2612 4832 2795 4894 αὐτοῖς
2813 4831 3074 4895 πολλάκις
3095 4831 3393 4897 ὠνείδισεν,
3419 4835 3722 4903 ὑποκριτὰς

2155 4923 2330 4990 λέγων
2363 4923 2458 4975 καὶ
2489 4921 2610 4975 κατ’
2634 4921 2756 4990 ὄψιν
2794 4923 3087 4992 κρίνοντας
3112 4939 3125 4952 °
3149 4923 3199 4976 οἳ
3229 4923 3433 4976 καὶτὸν
3464 4925 3725 4997 Καίσαρα

2153 5015 2572 5086 Θεραπεύοντες,
2592 5016 2762 5069 ὲὸόων
2781 5033 2794 5047 ο
2837 5017 2959 5071 Οὐκ
2998 5016 3220 5086 ἔχομεν
3237 5018 3530 5084 βασιλέα,
3560 5023 3614 5073 ει
3635 5020 3721 5088 μὴ

2154 5108 2460 5174 Καίσορω
2525 5108 2618 5158 καὶ
2667 5107 2802 5176 πρὸς
2848 5107 2941 5160 τὸν
2997 5107 3265 5163 Πιλάτον·
3307 5109 3452 5164 Ἐὰν
3504 5110 3725 5165 τοῦτον

2153 5200 2476 5265 ἀπολύσῃς
2497 5239 2511 5263 ,
2546 5201 2658 5252 οὐκ
2707 5195 2765 5252 εἷ
2807 5201 2987 5268 φίλος
3024 5200 3132 5254 τοῦ
3177 5203 3497 5271 Καίσαρος.
3530 5198 3630 5258 Ὧν
3656 5205 3724 5258 τὰ

2154 5292 2289 5345 ὀστᾶ
2307 5291 2704 5360 διεσκόρπισεν,
2724 5293 2844 5362 ἦτοι
2863 5293 2963 5354 τὰς
2985 5293 3178 5362 φυλὰς,
3193 5294 3263 5346 δι’
3287 5288 3363 5349 ὧν
3377 5295 3717 5350 συνίσταντο.

2153 5383 2534 5451 Διεσπάρησαν
2589 5383 2698 5452 γὰρ
2747 5383 2826 5447 είς
2875 5383 3123 5439 δουλείαν
3167 5386 3355 5451 ἔθνους
3391 5388 3612 5447 παντός.
3647 5386 3717 5438 Ἦ

1826 5559 2024 5621 Varie)
2068 5559 2397 5622 lectiones.

558 5691 669 5757 (86)
706 5692 1056 5760 Ᾱ1.ἐνετ;ὶγη.

555 5763 666 5834 (87)
691 5763 876 5818 Crteca
908 5758 984 5818 ita
1029 5773 1228 5820 sonant
1261 5781 1270 5817 :
1331 5759 1570 5831 Profecto
1603 5762 1682 5816 hic
1720 5759 1995 5831 (psalmus
2024 5758 2043 5830 )

2155 5705 2246 5740 nec
2268 5689 2574 5758 interpretes
2606 5688 2867 5750 latuisset,
2897 5705 2988 5744 uec
3030 5692 3167 5758 ipsos
3194 5689 3433 5754 Juda'os,
3459 5690 3536 5744 bis
3566 5689 3712 5757 posi-

2154 5770 2258 5825 tus,
2285 5757 2363 5812 rel
2393 5757 2618 5812 absurde
2648 5761 2914 5826 repetitus.
