4082 6264
267 336 355 401 569

1420 361 1808 428 COMMENT.
1851 366 1933 428 IN
1974 366 2341 431 PSALMOS.

3375 368 3484 429 5'10

264 454 350 553 xui
384 453 903 553 δτι-*διαφθαρέντες
969 469 1078 524 ὑπὸ
1132 472 1233 543 τῆς
1293 472 1613 549 Ῥωμαῖκῆς
1670 481 1793 551 ῥομε

1909 491 2105 539 verunt
2131 501 2146 540 :
2181 483 2308 537 Non
2341 483 2592 537 Imbemus
2619 498 2813 553 regem.
2845 482 2949 537 nisi
2977 481 3242 536 Cmsarem
3274 482 3294 512 '
3322 496 3335 545 ;
3362 482 3488 533 item

266 546 427 615 φσίας,
453 549 766 624 ὲλκύσματα
796 560 890 614 καὶ
918 563 1297 638 σπαράγματα
1328 546 1442 633 τοῖς
1471 546 1685 642 θηρίοις
1711 546 1807 627 καὶ

266 645 500 708 πετεινοῖς
519 650 793 715 γεγόνασι.

1918 577 1983 631 ad
2008 576 2245 631 Pilatum
2272 595 2285 631 :
2316 577 2375 633 Si
2412 578 2548 631 hunc
2580 576 2828 641 dimittis,
2865 593 2967 631 non
2990 592 3045 631 es
3076 576 3279 630 amicus
3309 573 3491 628 Caesa-

1915 667 1994 721 ris
2017 668 2062 723 ⁶.
2096 666 2341 733 Quorum
2378 666 2681 722 Judeorum
2745 682 2896 731 ossa,
2950 667 3054 721 hoc
3107 673 3214 730 est,
3256 678 3491 734 quorum

262 731 432 800 tribus,
456 739 647 807 quibus
678 743 784 815 ipsi
826 750 987 820 quasi
1011 753 1273 811 membris
1296 757 1629 825 quibusdam
1657 758 2064 823 consistebant,
2092 731 2237 815 Deus
2266 761 2549 831 dispersit.
2619 761 2860 830 Dispersi
2925 760 3128 815 etenim
3201 731 3331 814 sunt
3394 771 3493 825 per

261 830 443 927 οτδεω,
469 844 524 893 ut
546 842 804 899 omnibus
854 847 1126 904 servirent
1156 853 1497 911 nationibus.
1527 854 1626 911 Vel
1655 856 1779 911 ideo
1817 855 2096 925 dispersos
2119 860 2214 912 eos
2248 830 2418 912 fuisse
2441 856 2597 920 dicit,
2662 857 2792 927 quia
2868 855 3244 910 Romanorum
3307 850 3492 924 gladio

258 923 431 989 perditi
458 943 518 984 ac
552 931 838 1006 discerpti,
866 940 1101 997 canibus
1118 950 1174 997 et
1202 945 1524 1005 volucribus
1551 947 1800 1004 laniandi
1838 923 2022 1003 relicti
2052 958 2204 1004 sunt.

321 1019 862 1098 Κατῃσχύνθησαν,
896 1030 986 1087 ὅτι
1015 1038 1051 1089 ό
1081 1036 1226 1103 Θεὸς
1254 1038 1674 1104 ἐξουδένωσεν
1696 1043 1807 1097 αὐ-

258 1112 400 1203 τούς.
428 1113 660 1190 Δίσχύνη
698 1123 868 1177 πᾶσιν
917 1123 1100 1182 ἔθνεσι
1144 1132 1584 1203 προσετέθησαν,
1634 1152 1806 1190 κακο-

257 1201 641 1273 δσιμονέστατοι
674 1216 771 1269 καὶ
814 1217 1177 1288 ἀτυχέστατοι
1210 1225 1305 1277 καὶ
1360 1201 1807 1301 βαρυσυμφορώ-

256 1313 389 1351 τατοι
418 1301 520 1356 τῶν
556 1305 782 1363 πώποτε
832 1312 1145 1383 ἀνθρώπων
1180 1318 1468 1389 γενόμενοι
1494 1336 1509 1353 ·
1541 1320 1702 1376 τοῦτο
1737 1323 1797 1378 δὲ

256 1392 532 1449 πεπόνθασι
556 1439 572 1463 ,
605 1400 743 1459 διότι
772 1404 801 1458 ὀ
822 1405 1064 1478 Χριστὸς
1090 1410 1426 1483 ὲξουδένημα
1478 1414 1572 1468 καὶ
1604 1414 1805 1481 ὄνειδος

252 1486 424 1552 αὐτοὺς
456 1492 747 1565 πεποίηκε.

312 1671 390 1771 πε
429 1671 705 1771 {Moesiae
742 1680 898 1736 Σιὼν
926 1683 994 1736 τὸ
1038 1684 1339 1753 σωτήριον
1358 1686 1470 1742 τοῦ
1511 1686 1760 1755 Ἰσραήλ
1780 1704 1807 1754 ς

244 1763 305 1815 ἐν
322 1763 395 1829 τῷ
422 1763 783 1840 ἐπιστρέψαι
814 1776 921 1829 τὸν
948 1776 1098 1831 Θεὸν
1115 1777 1233 1846 τὴν
1258 1780 1677 1848 αἰχμαλωσίαν
1696 1779 1802 1834 τοῦ

1981 1039 2207 1112 Confusi
2248 1050 2393 1106 sunt,
2418 1041 2671 1112 quoniam
2707 1040 2848 1095 Deus
2896 1042 3094 1109 sprevit
3135 1057 3245 1096 eos.
3279 1041 3490 1096 Confu-

1910 1131 2070 1188 sione
2104 1142 2269 1202 atque
2303 1132 2600 1202 ignominia
2629 1132 2772 1201 pleni
2794 1147 2919 1186 esse
2946 1138 3320 1201 apparuerunt
3345 1130 3487 1200 apud

1912 1240 2105 1281 omnes
2139 1233 2354 1295 gentes,
2387 1224 2556 1279 veluti
2588 1225 2836 1280 omnium
2870 1224 3156 1279 hominum
3186 1224 3487 1278 miserrimi

1909 1327 1965 1375 et
1995 1317 2390 1383 infelicissimi,
2422 1327 2477 1373 et
2510 1317 2927 1373 calamitatibus
2962 1318 3206 1373 omnium
3244 1316 3483 1371 maxime

1909 1411 2159 1467 obnoxii.
2189 1410 2515 1481 Huiusmodi
2549 1418 2732 1465 autem
2770 1409 3147 1465 calamitatem
3172 1424 3237 1465 ea
3275 1410 3489 1464 ratione

1907 1504 2057 1573 passi
2104 1509 2257 1567 sunt,
2290 1501 2418 1569 quia
2469 1500 2731 1555 Christus
2781 1500 2991 1570 sprevit
3034 1516 3155 1565 eos,
3200 1501 3255 1554 in
3287 1515 3489 1570 oppro-

1905 1595 2086 1651 brium
2126 1594 2251 1650 illos
2289 1595 2550 1649 universo
2586 1592 2707 1649 orbi
2746 1594 3024 1662 praebens.

1977 1685 2147 1742 Vens.
2191 1688 2243 1742 7.
2266 1686 2397 1752 Quis
2419 1688 2568 1740 dabit
2593 1701 2659 1740 ex
2693 1684 2822 1741 Sion
2853 1686 3098 1741 salutare
3130 1683 3341 1740 Israel?
3367 1700 3486 1738 cum

1905 1782 2218 1837 converterit
2272 1782 2528 1834 Dominus
2557 1782 2918 1849 captivitate»:
2958 1779 3122 1847 plebis
3151 1794 3283 1842 sum,
3306 1778 3489 1833 exsul-

240 1857 377 1911 .laoii
400 1860 606 1923 αὐτοῦ.
642 1864 1078 1933 circumductae
1133 1869 1361 1935 Ἰακὼϐ,
1405 1871 1503 1927 καὶ
1536 1874 1793 1941 εὐφράν-

1902 1874 2035 1927 tabit
2068 1870 2257 1936 Iacob,
2278 1882 2329 1927 et
2357 1871 2633 1927 laztabitnr
2663 1870 3072 1939 Israel.Ilorum
3098 1871 3260 1926 etiam
3291 1871 3489 1925 verbo.

242 1948 464 2014 θήσεται
504 1953 764 2023 Ἰσραήλ.
815 1958 928 2011 Καὶ
973 1961 1005 2029 ἡ
1058 1960 1263 2015 τούτων
1310 1961 1576 2033 ἐξήγησις
1615 1964 1674 2016 ὲν
1716 1963 1795 2034 τῷ

243 2039 438 2108 ῥηθέντι
469 2042 543 2112 ιγ’
568 2045 775 2117 ψαλμῷ
805 2050 1193 2107 ἀντιτάττεται.

238 2132 325 2198 El;
354 2137 418 2189 τὸ
439 2137 616 2203 τέλος
634 2140 708 2193 ἐν
730 2141 964 2210 ὕμνοις,
994 2145 1090 2197 καὶ
1127 2144 1444 2213 συνέσεως
1476 2147 1557 2213 τῷ
1584 2150 1790 2218 Δαόὶδ,

293 2225 358 2280 ἐν
400 2227 479 2293 τῷ
517 2230 725 2287 ἐλθεῖν
752 2233 897 2301 τοὺς
950 2237 1259 2305 Ζιφαίους,
1317 2238 1416 2293 καί
1440 2240 1796 2313 ἀναγγεῖλαι

290 2318 366 2385 τῷ
407 2323 645 2379 Σαούλ⁸
692 2327 818 2381 Οὐκ
863 2327 995 2383 ἰδοὺ
1034 2330 1217 2384 Δαόίὸ
1265 2330 1598 2402 κέκρυπται
1654 2336 1793 2406 παρ’

293 2412 428 2481 ἡμῖν
445 2430 469 2480 ;

762 2513 1060 2569 ΨΑΔΜΟΣ
1096 2516 1225 2573 NP.

290 2599 502 2667 Φεὺγων
536 2603 629 2657 τὸν
660 2605 835 2660 Σαοὺλ
867 2607 895 2659 ὀ
922 2608 1108 2673 Δαδὶδ,
1146 2609 1402 2665 ἐκάθισεν
1426 2614 1508 2676 είς
1531 2613 1629 2686 τὴν
1659 2612 1793 2686 ἐρη-

237 2708 325 2757 μον
351 2692 452 2763 Ζίφ
474 2709 487 2722 ·
519 2696 571 2750 οἱ
593 2699 817 2767 Ζιφαῖοι
845 2698 945 2770 τὴν
971 2701 1071 2768 μὲν
1105 2703 1242 2771 πρὸς
1274 2703 1441 2758 Δαόὶδ
1473 2705 1659 2775 φιλίαν
1690 2707 1795 2760 ὑπ-

231 2785 549 2856 εκρίθησαν,
596 2791 990 2861 κατεμήνυσαν
1022 2793 1078 2846 δὲ
1112 2794 1277 2848 αὑτὸν
1323 2796 1405 2866 τῷ
1448 2798 1659 2851 Σαούλο
1701 2800 1797 2854 καὶ

230 2874 282 2939 ὃς
306 2878 730 2951 ἐπεστράτευσε.
775 2884 1023 2955 Πόλεμος
1065 2886 1121 2938 δὲ
1168 2886 1280 2940 τῶν
1309 2887 1627 2957 ἀλλοφύλων
1680 2891 1798 2945 ἐπι-

225 2967 497 3040 γενόμενος
540 2973 1049 3045 ἀντιπεριέσπασεν
1103 2977 1308 3033 αὐτίκα
1338 2981 1429 3032 τὸν
1455 2981 1630 3034 Σαούλ
1653 2999 1668 3010 ⁸
1702 2982 1797 3036 καὶ

228 3060 395 3118 λοιπὸν
427 3065 776 3136 ἀπαλλαγεὶς
805 3071 833 3124 ὁ
858 3070 1027 3124 Δαόὶδ
1062 3073 1294 3141 ἐκεῖθεν,
1332 3076 1527 3143 ἔφυγε,
1551 3077 1647 3129 καὶ
1670 3093 1797 3129 συν-

223 3154 372 3228 έθηκε
398 3160 492 3213 τον
515 3162 767 3230 παρόντα
792 3163 1012 3236 ψαλμὸν
1064 3169 1516 3240 εὐχαριστήριον,
1538 3170 1632 3223 τοῦ
1654 3171 1792 3224 Θεοῦ

1902 1982 2023 2021 rum
2065 1965 2467 2035 expositionem
2501 1966 2555 2020 in
2586 1980 2729 2036 saepe
2771 1971 3209 2020 commemorato
3252 1963 3487 2018 tradidi-

1899 2073 2025 2112 mus
2054 2058 2295 2127 psalmo.

1898 2150 1963 2206 In
1993 2150 2153 2221 ﬁnem
2208 2150 2263 2203 in
2313 2148 2547 2219 hymnis,
2592 2147 2961 2218 intelligentia
3006 2146 3108 2218 ipsi
3142 2144 3334 2210 David,
3369 2162 3489 2200 cum

1969 2244 2229 2298 venissent
2267 2240 2496 2311 Zipha’i,
2519 2253 2568 2296 et
2609 2242 3018 2296 annuntiassent
3056 2239 3236 2306 Sauli,
3286 2236 3487 2297 Nonne

1968 2352 2085 2391 ecce
2113 2334 2287 2391 David
2316 2333 2653 2390 absconditus
2681 2342 2761 2390 est
2791 2332 2934 2405 apud
2965 2349 3063 2388 nos

2474 2511 2804 2570 PSALMUS
2846 2511 2981 2569 LIII.

1969 2602 2208 2677 Fugiens
2249 2604 2469 2661 Saulem
2528 2605 2722 2660 beatus
2766 2604 2959 2670 David,
2996 2602 3280 2675 profectus
3310 2613 3395 2660 est
3427 2605 3482 2657 in

1899 2712 2143 2753 eremum
2190 2697 2351 2769 Ziph.
2400 2697 2607 2767 Zipliaai
2660 2712 2790 2753 vero
2836 2696 3137 2753 amicitiam
3191 2696 3485 2767 fingentes,

1899 2788 2052 2845 Sauli
2100 2788 2509 2860 signiﬁcarunt,
2541 2790 2717 2845 latere
2748 2789 2901 2843 illum
2944 2788 3088 2861 apud
3122 2804 3199 2844 se.
3241 2786 3354 2844 Hoc
3380 2804 3484 2844 au-

1898 2880 2015 2936 dito
2045 2879 2176 2935 Saul
2198 2895 2325 2936 cum
2351 2880 2595 2935 exercitu
2628 2880 2760 2936 illuc
2787 2887 2980 2936 contra
3014 2895 3139 2935 eum
3168 2880 3485 2948 proficisce-

1900 2974 2103 3039 batur;
2135 2987 2327 3028 verum
2372 2972 2599 3036 bellum,
2634 2972 2784 3041 quod
2836 2986 2865 3025 a
2915 2971 3212 3027 Pbilistmis
3260 2981 3486 3042 repente
3524 2972 3532 2979 ’

1900 3065 2245 3135 supervenit,
2293 3065 2519 3120 Saulem
2564 3064 2815 3131 divertit,
2867 3080 2934 3119 ne
2974 3072 3109 3119 tunc
3145 3065 3289 3118 ultra
3330 3064 3484 3119 illum

1901 3164 2351 3229 persequeretur.
2381 3156 2557 3213 Tanto
2582 3158 2766 3228 itaque
2791 3158 2986 3215 beatus
3020 3157 3188 3212 David
3220 3158 3485 3213 liberatus

222 3253 723 3319 κατασκεδάσαντος
788 3234 1270 3331 εὐμήχάνωςητήν
1321 3234 1639 3334 ἐπιϐουλήν.
1700 3264 1793 3317 Διὸ

1899 3250 2166 3320 periculo,
2203 3250 2437 3321 aufugit,
2477 3257 2533 3305 et
2563 3260 2894 3322 prmsentem
2943 3249 3217 3319 psalmum
3267 3250 3323 3304 in
3355 3265 3485 3321 gra-

220 3346 305 3401 καὶ
336 3348 640 3419 ἐνῦμνοις
679 3351 1124 3421 ἐπιγέγραπται·
1172 3355 1309 3424 φησι
1350 3354 1483 3423 γὰρ,
1539 3356 1622 3407 ὄτι
1661 3355 1791 3420 Ἐξ-

1901 3343 2101 3398 tiarum
2139 3344 2413 3399 actionem
2473 3343 2844 3413 compositum
2913 3341 3027 3396 Deo
3075 3340 3280 3396 dicavit
3325 3355 3485 3411 :quo

217 3441 661 3511 ομολοτήσομαι
694 3442 777 3509 τῷ
806 3444 1071 3515 ὀνόματίί
1088 3460 1232 3512 σου,
1272 3447 1478 3516 Κύριε,
1527 3447 1616 3501 ὅτι
1649 3447 1793 3519 ἁγα-

1899 3436 2153 3506 adiutore
2200 3450 2393 3492 omnes
2432 3434 2615 3492 Saulis
2668 3434 2885 3492 insidiae
2953 3434 3221 3491 facillime
3267 3446 3486 3505 semper

214 3532 331 3596 6dr,
362 3532 451 3586 ὅτι
482 3535 554 3588 ἐκ
590 3534 803 3603 πάσης
836 3536 1105 3605 θλίψεως
1132 3536 1371 3607 specum
1394 3554 1485 3609 με.
1513 3539 1691 3606 -Εις
1718 3538 1788 3593 τὸ

1896 3527 2183 3584 dissolutae
2213 3535 2365 3583 sunt.
2399 3528 2580 3597 Atque
2609 3527 2736 3582 ideo
2768 3526 2823 3580 in
2873 3527 3086 3598 hymnis
3129 3525 3479 3581 inscribitur.

212 3622 375 3689 τέλος
407 3624 501 3693 δὲ,
538 3626 622 3679 ὅτι
647 3628 788 3696 πρὸς
813 3628 876 3681 τὺ
898 3626 1054 3693 τέλος
1089 3628 1377 3699 ἐπείγεται
1407 3632 1441 3702 ἡ
1476 3631 1776 3704 ἐγκειμένη

1898 3619 2200 3690 Conﬁtebor
2227 3621 2398 3684 enim,
2449 3619 2649 3690 inquit,
2685 3620 2886 3674 nomini
2920 3630 3032 3684 tuo,
3068 3618 3310 3682 Domine,
3351 3634 3477 3687 quo-

212 3715 374 3788 τούτῳ
397 3719 733 3791 πρόρρησις.
761 3721 1154 3792 Προηγόρευσε
1178 3723 1289 3794 γὰρ
1311 3724 1405 3777 τὸν
1435 3724 1659 3796 ὄλεθρον
1674 3725 1787 3780 τῶν

1896 3711 2041 3765 niam
2080 3709 2272 3764 bonum
2306 3718 2410 3775 est,
2438 3709 2695 3779 quoniam
2728 3724 2794 3763 ea:
2820 3711 2963 3763 omni
2987 3708 3340 3763 tribulatione
3364 3710 3478 3763 eri-

211 3809 671 3867 ἑπιόουλευόντων
726 3813 880 3885 αὐτῷ
908 3852 925 3878 ,
978 3815 1158 3887 φήσας
1183 3830 1199 3846 ·
1264 3816 1669 3886 Ἀποστρέψει
1718 3818 1793 3872 τὰ

1896 3804 2056 3873 puisli
2094 3819 2198 3858 me.
2228 3802 2292 3858 In
2332 3802 2491 3872 finem
2524 3817 2657 3857 vero
2690 3800 2814 3857 ideo
2844 3802 3005 3867 dixit,
3037 3802 3169 3872 quia
3198 3804 3265 3857 ad
3312 3802 3475 3858 linem

211 3900 355 3955 κακὰ
383 3901 504 3968 τοῖς
537 3903 782 3972 ἐχθροῖς
807 3922 932 3976 μου
959 3920 979 3938 ο
1016 3905 1118 3962 καὶ
1152 3906 1224 3962 ἐν
1245 3906 1370 3975 τοῖς
1402 3909 1641 3979 ἐχθροῖς
1667 3924 1789 3979 μου

1896 3896 2212 3962 tendebant,
2249 3909 2372 3964 quae
2423 3895 2514 3949 llic
2550 3894 3027 3964 praedicebantur;
3061 3895 3468 3966 prmdicebatur

208 3994 432 4050 ἐπεῖδεν
454 3999 491 4052 d
513 3999 831 4068 ὀφθαλμός
847 4016 971 4069 μου
990 4016 1006 4032 ⁵
1039 3999 1075 4055 ἃ
1098 4001 1289 4071 σαφῶς
1319 4003 1379 4055 ὲν
1412 4004 1526 4068 τοῖς
1561 4003 1790 4068 οἰκείοις

1896 4002 2071 4045 autem
2145 3990 2495 4047 inimicorum
2555 3990 2733 4061 ipsius
2811 3991 3139 4046 destructio.
3199 3990 3476 4045 Convertet

208 4086 380 4153 τόποις
408 4089 823 4162 ἐξηγησόμεθα.
849 4090 1166 4160 Συνέσεως
1185 4093 1267 4159 δὲ,
1293 4094 1376 4149 ὅτι
1412 4094 1638 4150 συνετοῦ
1661 4097 1783 4151 ἐστι

1896 4086 2065 4151 enim,
2098 4083 2300 4155 inquit,
2323 4083 2473 4137 mala
2503 4083 2737 4137 inimicis
2759 4085 2913 4149 meis,
2932 4093 2982 4137 et
3013 4086 3067 4138 in
3090 4083 3321 4138 inimicis
3346 4084 3474 4138 meis

208 4178 263 4231 τὸ
294 4181 350 4232 ὲν
378 4186 561 4251 καιρῷ
601 4180 834 4254 τοιούτῳ
864 4181 1089 4238 πάντων
1111 4182 1411 4255 ἀφέμενον,
1451 4187 1647 4257 ὑμνεῖν
1690 4186 1784 4241 τὸν

1896 4177 2027 4233 uidit
2055 4175 2241 4230 oculus
2288 4191 2432 4230 meus
2465 4190 2485 4229 :
2517 4190 2642 4245 qua:
2685 4175 2850 4231 verba
2893 4174 3140 4231 dilucide
3184 4175 3323 4231 locis
3355 4177 3475 4234 suis

209 4271 349 4335 Θεὸν,
377 4275 474 4329 καὶ
501 4276 697 4330 τοῦτον
719 4275 1107 4334 ἐπικαλεῖσθαι
1138 4279 1358 4351 κριτήν.

1896 4282 2250 4341 exponemus.
2308 4267 2689 4339 Intelligentiw
2743 4277 2962 4330 autem,
3015 4268 3153 4334 sive,
3220 4279 3279 4323 ut
3340 4268 3471 4323 alibi

206 4364 453 4431 diximus,
481 4366 781 4435 prudentie
808 4369 933 4426 ideo
958 4370 1286 4441 inscriptum
1320 4381 1424 4436 est,
1463 4371 1597 4442 quia
1631 4370 1929 4442 prudentis
1961 4359 2065 4415 viri
2097 4366 2183 4413 est
2235 4357 2617 4429 hujuscemodi
2683 4368 2932 4429 tempore
2999 4359 3226 4414 omissis
3286 4359 3468 4413 omni-

207 4452 318 4519 buS.
386 4462 741 4519 liberatorem
788 4462 956 4521 Deum
1008 4465 1257 4533 laudare,
1314 4483 1559 4537 eumque
1589 4464 1758 4522 veluti
1793 4458 2039 4532 iudicem
2075 4454 2347 4524 optimum
2377 4453 2675 4509 advocare.

276 4547 338 4601 ὀ
369 4551 538 4618 Θεὸς,
564 4554 637 4607 ἐν
663 4552 749 4619 τῷ
775 4553 1026 4623 ὀνόματί
1048 4569 1169 4611 σου
1199 4559 1412 4615 σῶσόν
1433 4577 1529 4629 με.
1572 4558 1672 4613 Διὰ
1712 4558 1773 4612 τὸ

1950 4548 2119 4607 Vens.
2141 4551 2197 4606 5.
2229 4550 2393 4611 Deus,
2413 4547 2470 4602 in
2489 4549 2702 4602 nomine
2728 4554 2817 4601 tuo
2846 4546 3054 4601 salvum
3082 4563 3163 4602 me
3195 4546 3306 4618 fac.
3337 4547 3463 4604 Sal-

206 4637 289 4691 σὺν
311 4639 507 4713 ὄνομα,
533 4644 674 4699 διότι
702 4645 951 4721 ὀνομάζῃ
982 4649 1195 4721 Σωτὴρ,
1247 4652 1342 4707 καὶ
1367 4653 1640 4722 ἐλεήμων,
1680 4654 1776 4705 καὶ

1896 4660 1947 4699 ra
1988 4660 2094 4711 me,
2137 4644 2343 4716 inquit,
2396 4650 2621 4714 propter
2665 4657 2867 4698 nomen
2919 4651 3097 4698 tuum.
3153 4641 3467 4699 Salvatoris

202 4726 400 4794 δίκαιος
419 4749 435 4761 ο
477 4733 658 4788 σῶσόν
684 4753 753 4807 με
778 4736 836 4791 δὲ
890 4738 972 4793 ἔτι
1012 4743 1108 4795 καὶ
1134 4743 1216 4796 ἔτι
1237 4761 1252 4777 ο
1290 4744 1634 4814 πανταχόθεν
1670 4743 1782 4814 γὰρ

202 4818 499 4880 ξπιϐουλαί.

264 5007 365 5061 Kal
389 5009 464 5062 ἐν
494 5010 570 5080 τῇ
590 5011 843 5081 δυνάμει
876 5031 995 5073 σου
1022 5017 1249 5086 κρινεῖς
1276 5035 1378 5088 με.
1402 5019 1516 5072 Καὶ
1544 5019 1774 5086 δυνατὸς

198 5091 287 5161 ὢν,
319 5105 531 5170 κρινεῖς
578 5121 671 5171 με,
715 5099 778 5159 εὖ
817 5099 939 5161 οἶδα
961 5147 977 5173 ,
1034 5108 1175 5179 μετὰ
1204 5106 1300 5162 τοῦ
1329 5104 1779 5165 καταδυναστεύέ

203 5203 386 5255 σαντος
418 5192 520 5263 τῆς
547 5194 692 5267 ἐμῆς
721 5194 1035 5265 ἀσθενείας,
1069 5198 1217 5269 λέγω
1235 5198 1292 5253 δὲ
1321 5201 1418 5255 τοῦ
1448 5202 1648 5269 Σαοὺλ,
1674 5204 1771 5257 καὶ

199 5284 438 5353 ποιήσεις
471 5286 568 5356 τὴν
595 5287 906 5358 ἐκδίκησιν.
940 5290 1048 5345 Τοῦ
1079 5290 1158 5359 δὲ,
1182 5293 1430 5363 κρινεῖς,
1468 5296 1768 5369 ἀδιάφορος

200 5374 284 5427 νῦν
304 5377 339 5447 ή
369 5376 646 5446 σύνταξις.

268 5647 333 5702 '0
358 5652 527 5719 Θεὸς,
561 5653 937 5712 εἰσάκουσον
972 5658 1087 5728 τῆς
1111 5661 1468 5734 προσευχῆς
1500 5682 1645 5735 μου,
1685 5666 1775 5720 ἐν·

259 5828 457 5888 ἰοσιι.
490 5847 599 5905 ιιι,
661 5834 745 5891 l5.
825 5833 1009 5894 'lbid.
1058 5836 1152 5894 l2.

1877 4741 2108 4807 etenim,
2158 4749 2214 4795 et
2276 4737 2678 4800 misericordis,
2734 4737 2957 4805 etjusti
3012 4751 3210 4791 nomen
3267 4735 3458 4792 habes.

1879 4831 2089 4888 Praesto
2144 4830 2315 4902 igitur
2348 4831 2484 4885 mihi
2531 4830 2704 4897 adsis,
2735 4830 2999 4902 quoniam
3046 4828 3295 4901 undique
3326 4830 3464 4885 mibi

1879 4924 2206 4980 incumbunt
2237 4923 2477 4979 insidize.

1951 5017 2023 5073 Et
2055 5018 2112 5074 in
2145 5019 2384 5089 polentia
2424 5026 2519 5072 tua
2543 5017 2821 5088 judicabis
2856 5033 2958 5071 me.
2996 5014 3061 5069 Et
3090 5030 3217 5071 cum
3266 5023 3467 5085 potens

1879 5110 1983 5180 sis,
2016 5118 2188 5178 recte,
2219 5112 2370 5179 novi,
2408 5110 2692 5183 iudicabis
2727 5125 2836 5175 me,
2875 5110 3041 5165 simul
3078 5123 3227 5164 cum»
3262 5107 3331 5164 iis
3368 5107 3466 5177 qui

1878 5204 2197 5275 opprimunt
2259 5202 2635 5259 infirmitatem
2686 5217 2886 5267 meam,
2938 5200 3163 5258 Saulem
3206 5201 3357 5265 dico,
3408 5210 3466 5256 et

1877 5296 2176 5352 vindictam
2205 5294 2398 5351 facies.
2433 5295 2527 5349 Est
2551 5303 2736 5349 autem
2762 5291 3082 5349 iudill'erens
3110 5292 3462 5364 constructio

1877 5389 2042 5459 huius
2071 5388 2222 5444 verbi
2243 5386 2540 5458 judicabis.
2572 5386 2791 5458 [Posuit
2830 5387 2980 5443 enim
3050 5386 3329 5455 judicabis
3355 5400 3459 5450 me,

1879 5497 2001 5553 pro,
2031 5479 2310 5550 iudicabis
2365 5478 2527 5547 mihi,
2572 5479 2679 5535 lioc
2730 5478 3136 5550 est,iudicium
3187 5477 3322 5531 mihi
3377 5475 3463 5531 fa-

1882 5573 2043 5646 cies]

1952 5663 2116 5720 Vens.
2156 5664 2208 5719 4.
2259 5664 2418 5733 Deus,
2453 5664 2651 5721 exaudi
2686 5664 2983 5719 orationem
3010 5677 3203 5727 meum,
3230 5658 3451 5713 auribus
