4036 6262
239 317 332 382 573
1402 313 1794 376 COMMENT.

1942 316 2298 376 I’SALMOS.

3382 313 3489 379 574

305 434 425 486 Ὀτι
456 430 523 483 ἐκ
554 427 758 496 πάσης
787 428 1052 498 θλίψεως
1083 429 1318 498 ἐῤῥύσω
1359 447 1457 500 με.
1507 432 1796 484 Διεσκέδαο

1976 434 2136 489 Vsus.
2168 435 2223 489 9.
2257 436 2526 500 Quoniam
2569 452 2635 492 ea:
2674 439 2818 490 omni
2855 436 3204 490 tribulatione
3243 435 3490 505 eripuisti

239 547 325 591 σας
347 528 433 582 καὶ
456 525 552 579 νῦν
577 525 676 596 τὴν
704 523 952 579 ἐπίθεσιν
975 522 1070 577 τοῦ
1103 523 1299 589 Σαοὺλ,
1327 527 1423 578 καὶ
1455 525 1794 588 ἀνθέλκυπας

237 620 384 677 αὑτὸν
413 619 489 684 είς
523 618 716 689 ἕτερον
753 617 1019 688 πόλεμον.

303 714 400 772 Kal
431 713 498 768 ἐν
539 711 668 780 τοῖς
699 710 936 783 ἐχθροῖς
978 728 1100 782 μου
1136 709 1379 764 ἐπεῖδεν
1417 713 1452 764 ό
1487 710 1796 780 ὀφθαλμός

234 828 364 880 μου.
399 807 484 870 Ὠς
515 806 806 876 προφήτης
837 803 963 858 ἰδὼν
1003 802 1082 874 τῷ
1137 801 1240 873 τῆς
1291 801 1472 873 ψυχῆς
1525 801 1799 871 ὀφθαλμῷ

237 905 328 974 τὴν
375 898 754 969 καταστροφὴν
785 896 885 953 τοῦ
915 915 974 951 τε
1022 897 1195 950 Σαοὺλ
1229 896 1325 950 καὶ
1370 896 1479 948 τῶν
1530 884 1794 963 Ζξφαίων,

241 995 502 1064 προεῖπεν,
552 994 638 1047 ὅτι
687 991 793 1063 ἤδη
835 989 1109 1044 Ἐπεῖδεν
1135 990 1169 1042 ὁ
1199 988 1508 1057 ὀφθαλμός
1541 1004 1663 1056 μου
1725 986 1798 1038 ἐν

238 1088 350 1155 τοῖς
388 1084 622 1156 ἐχθροῖς
665 1101 820 1154 μουο
854 1083 1037 1138 λείπει
1094 1080 1155 1137 δὲ
1186 1082 1268 1146 τὸ,
1299 1078 1338 1135 d
1370 1077 1796 1148 ἐϐουλόμην-,ἢ

246 1181 280 1236 d
330 1180 662 1245 πείσονται,
698 1178 774 1241 ὡς
803 1179 863 1232 ὲν
896 1177 974 1247 τῷ
1003 1176 1079 1230 λεν
1107 1173 1312 1246 ψαλμῷ
1344 1169 1800 1244 προαποδεδὼκα-

237 1291 347 1343 μεν.
398 1272 621 1342 Λέγοιτο
650 1270 696 1326 δ’
719 1270 786 1326 ἀν
824 1270 920 1324 καὶ
951 1262 1112 1334 οὗτος
1138 1269 1167 1322 ὁ
1201 1267 1417 1338 ψαλμδς
1450 1263 1583 1336 παρ’
1615 1263 1797 1334 ἡμῶν,

237 1365 364 1420 κατά
394 1365 501 1417 τῶν
525 1363 821 1434 δαιμόνων.
849 1361 902 1416 οἳ
947 1363 1042 1415 καὶ
1071 1358 1346 1431 ἀλλότριοί
1376 1360 1483 1412 εἰσι
1530 1354 1690 1421 Θεοῦ,
1721 1355 1796 1417 ὡς

236 1459 546 1524 ἀποστάται,
580 1458 676 1512 καὶ
699 1457 1098 1528 ἀντικείμενοι,
1153 1454 1251 1510 καὶ
1293 1451 1548 1526 κραταιοὶ
1576 1452 1655 1513 είς
1691 1464 1793 1500 κα-

235 1551 369 1618 κίαν,
391 1552 462 1616 ὡς
489 1551 803 1622 ἀσώματοι,
835 1551 930 1604 καὶ
966 1547 1043 1614 ὡς
1083 1548 1556 1618 κοσμοκράτορες.

1897 541 1994 578 me.
2050 525 2362 595 luterrupto
2410 529 2616 583 etenim
2689 544 2837 582 nunc
2886 526 3070 582 Saulis
3113 528 3342 596 impetu,
3378 541 3488 596 quo

1895 616 1950 669 in
1997 633 2083 669 me
2123 616 2426 684 ferebatur,
2459 621 2512 673 in
2539 621 2685 674 aliud
2719 622 2920 674 bellum
2957 637 3084 676 eum
3112 623 3411 676 divertisti.

1976 707 2044 760 Et
2077 711 2130 761 in
2167 711 2403 766 inimicis
2438 713 2568 766 meis
2624 713 2863 783 despexit
2911 715 3096 768 oculus
3152 731 3317 768 incus.
3351 715 3485 768 Ani-

1901 819 2004 857 ma:
2045 803 2305 857 nimirum
2363 807 2563 869 oculis,
2590 823 2653 860 ac
2689 807 2853 861 veluti
2891 807 3180 876 propheta,
3227 807 3485 876 Ziphzeo-

1901 911 2024 947 rum
2078 911 2142 950 ac
2198 893 2382 952 Saulis
2435 898 2716 952 interitum
2755 915 3008 954 cernens.
3058 899 3251 953 Smno
3302 910 3484 954 autem

1899 985 2206 1042 defcctivus
2252 996 2359 1054 est,
2409 999 2464 1045 et
2520 993 2603 1048 sit:
2653 991 3013 1062 intelligitur:
3048 991 3256 1048 Oculus
3307 1009 3483 1054 meus.

1901 1079 2099 1147 inquit,
2152 1079 2404 1152 despexit
2463 1099 2528 1138 ac
2589 1085 2726 1138 vidit
2786 1085 2840 1138 in
2897 1083 3140 1140 inimicis
3198 1085 3335 1137 meis
3372 1106 3380 1136 :
3417 1100 3483 1137 ea

1901 1173 2085 1226 omnia
2139 1173 2402 1229 nimirum
2451 1192 2574 1247 qua:
2624 1179 2860 1246 optavit,
2896 1179 2977 1232 vel
3023 1195 3086 1231 ea
3131 1178 3314 1231 omnia
3363 1158 3486 1246 qua:

1903 1263 2126 1331 passuri
2158 1273 2329 1330 sunt;
2361 1268 2828 1336 quemadmodum
2867 1270 3031 1324 etiam
3070 1267 3396 1322 tradidimus
3429 1269 3482 1322 iu

1908 1352 2123 1421 psalmo
2173 1371 2362 1410 nam.
2423 1358 2614 1412 Eﬂcrri
2675 1360 2840 1414 etiam
2890 1375 2917 1413 a
2971 1363 3129 1414 nobis
3175 1369 3352 1431 potest
3397 1361 3485 1414 hic

1905 1447 2153 1512 psalmus
2186 1449 2453 1506 adversus
2486 1451 2790 1518 daemones,
2823 1454 2916 1524 qui
2965 1470 2992 1508 a
3026 1455 3137 1508 Deo
3160 1455 3321 1508 alieni
3357 1461 3488 1508 sunt

1907 1547 1965 1589 ut
1995 1539 2226 1597 rebelles
2255 1543 2304 1596 ei
2341 1555 2509 1615 atque
2551 1544 2892 1612 adversarii;
2925 1556 2979 1601 ct
3023 1546 3196 1601 fortes
3225 1547 3488 1602 similiter

229 1655 352 1701 sunt
383 1649 445 1702 ad
471 1645 736 1717 patranda
776 1644 984 1702 scelera
1050 1652 1313 1714 tanquam
1379 1633 1689 1711 incorporei
1755 1630 2007 1702 spiritus,
2065 1645 2120 1688 et
2175 1645 2439 1707 tanquam
2502 1641 2669 1711 hujus
2729 1643 2894 1696 etiam
2992 1643 3181 1698 mundi
3279 1641 3484 1714 princi-

265 1755 334 1796 ('8.

265 1758 334 1796 es.

233 1758 377 1904 ΡΕις
409 1835 470 1891 τὸ
511 1834 687 1902 τέλος
717 1834 789 1889 ἐν
820 1835 1055 1903 ὕμνοις,
1086 1831 1399 1898 συνέσεως
1425 1828 1504 1896 τῷ
1530 1823 1734 1882 Δαϐίό.

766 2017 1064 2072 ΨΑΛΜΟΣ
1105 2015 1230 2069 ΝΔ⁹.

297 2110 403 2167 Kal.
436 2109 631 2166 τοῦτον
683 2109 955 2180 συνέθηκε
1004 2109 1096 2163 τὸν
1143 2108 1382 2180 ψαλμδν,
1435 2107 1658 2180 φεύγων
1704 2108 1798 2161 τὸν

228 2205 414 2272 Σαοὺλ,
469 2205 568 2260 καὶ
615 2203 930 2276 περιπολῶν
983 2203 1084 2272 τὴν
1120 2203 1366 2273 ἔρημον·
1431 2205 1489 2256 ὲν
1523 2204 1636 2266 τοῖς
1673 2201 1798 2255 καθ’

227 2299 407 2352 ἑαυτὸν
454 2299 514 2352 δὲ
545 2298 744 2353 πάθεσι
779 2297 1098 2366 προγράφει
1131 2296 1226 2348 καὶ
1274 2296 1343 2350 τά
1397 2294 1490 2348 τοῦ
1530 2295 1794 2364 Χριστοῦ.

227 2393 312 2446 Διὸ
339 2391 432 2446 καὶ
473 2393 564 2458 είς
606 2390 784 2456 τέλος
821 2390 1249 2460 ἐπιγέγραπται,
1285 2390 1381 2442 καὶ
1446 2388 1520 2441 ἐν
1557 2387 1796 2457 ὕμνοις,

229 2487 315 2539 καὶ
371 2485 710 2552 συνέσεως,
740 2479 830 2538 οἷα
858 2484 1254 2555 παραπέμπων
1279 2484 1372 2538 τὸν
1405 2486 1684 2555 ἀκροατὴν
1718 2485 1798 2548 εἰς

223 2579 366 2642 τέλος
391 2579 500 2632 τῶν
539 2579 596 2630 ὲν
630 2577 808 2648 τούτῳ
844 2578 978 2647 ιπερὶ⁸
1013 2575 1257 2648 Χριστοῦ
1291 2578 1799 2650 προφητευοέντων,

226 2671 312 2720 καὶ
367 2669 561 2740 ὑμνεῖν
610 2669 704 2722 τὸν
757 2669 828 2722 δι’
865 2670 1014 2741 ἡμᾶς
1074 2669 1305 2724 τοιαῦτα
1357 2670 1800 2741 καταδεξάμενον

228 2763 698 2834 προτρεπόμενος,
731 2764 829 2817 καλ⁵
873 2750 1013 2836 μετὰ
1055 2763 1324 2828 συνὲσεως
1373 2763 1540 2830 ἀξιῶν
1589 2766 1798 2835 ἀκροᾶο

227 2853 367 2923 σθαι,
396 2855 484 2909 διὰ
520 2855 582 2909 τὸ
616 2855 1086 2927 συνεσκιασμένον
1115 2857 1216 2930 τῆς
1247 2859 1608 2932 προφητείας.

301 3123 627 3192 Ἐνὼτισαι,
668 3128 703 3181 ὁ
752 3125 930 3194 Θεὸς,
965 3126 1083 3197 τὴν
1131 3133 1492 3201 προσευχήν
1527 3149 1666 3200 μου,
1701 3133 1799 3185 καί

218 3215 298 3284 μὴ
329 3218 621 3287 ὑπερίδῃς
651 3216 771 3287 τὴν
812 3219 1032 3288 δέησίν
1061 3239 1204 3291 μου,
1261 3224 1528 3291 πρόσχες
1550 3243 1669 3296 μοι,
1703 3226 1801 3279 καί

219 3297 598 3364 εἰσάκουσόκ
622 3328 766 3379 μου.
820 3311 1153 3383 Προείρηται
1205 3317 1340 3385 περὶ
1362 3315 1571 3370 τούτων
1628 3317 1686 3370 ἐν
1723 3317 1801 3387 τῷ

219 3397 450 3471 δευτέρῳ
488 3402 663 3472 στίχῳ
705 3401 800 3456 τοῦ
845 3401 926 3472 νγ¹
954 3403 1202 3475 ψαλμοῦ.
1257 3406 1686 3477 Παρατηρητέον
1721 3407 1798 3472 δὲ,

222 3491 300 3546 ὅτι
342 3495 369 3547 ὁ
413 3499 488 3559 ις’
517 3493 736 3565 ψαλμδς
761 3496 1038 3549 ἀνάπαλιν
1064 3497 1179 3567 ἔχει
1218 3499 1355 3567 πρὸς
1387 3499 1482 3551 τὸν
1515 3499 1758 3570 παρόντα
1783 3515 1798 3529 ⁶

222 3586 434 3654 πρῶτον
469 3588 585 3660 γὰρ
634 3589 692 3641 ὲν
743 3589 941 3660 ἐκείνῳ
992 3590 1054 3642 τὸ
1102 3589 1516 3657 Είσάκουσον,
1571 3588 1690 3645 εἶτα
1741 3593 1800 3644 τὸ

223 3681 493 3751 Πρόσχες
522 3723 540 3748 ,
583 3682 682 3735 καὶ
727 3681 1040 3737 τελευταῖον
1071 3684 1132 3738 τὸ
1174 3683 1518 3752 ἐνώτισαι,
1555 3687 1630 3749 ὡς
1659 3681 1801 3740 εἶναι

223 3774 456 3846 φανερὰν
480 3774 584 3846 ἤδη
616 3775 718 3846 τὴν
743 3775 1068 3848 ἀδιαφορίαν
1096 3777 1195 3848 τῆς
1219 3778 1440 3843 λέξεως.

298 4046 654 4116 Ἐλυπήθην
673 4047 744 4100 ἐν
772 4045 846 4116 τῇ
873 4044 1213 4116 ἁδολεσχΙᾳ
1236 4065 1376 4116 μου.
1439 4045 1514 4100 Τό
1546 4047 1644 4114 τῆς
1679 4047 1802 4101 ἀδο-

220 4140 436 4213 λεσχίας
464 4143 667 4210 ὄνομα,
700 4141 915 4212 κυρίως
953 4141 1076 4212 μὲν,
1114 4142 1208 4194 ἐπὶ
1239 4141 1340 4209 τῆς
1367 4142 1639 4212 φλυαρίας
1674 4144 1804 4195 τάτ-

220 4251 385 4288 τεται.
420 4234 712 4305 Δαμϐάνει
739 4232 798 4287 δὲ
841 4233 1002 4287 τοῦτο
1031 4233 1294 4300 πολλάκις
1328 4238 1356 4288 ὁ
1383 4239 1671 4306 προφήτης
1710 4239 1802 4290 καὶ

220 4327 309 4380 ἐπὶ
335 4319 435 4396 τῆς
463 4325 733 4396 συνεχοῦς
791 4326 1217 4397 ἐμμελετήσεως
1237 4366 1255 4392 ,
1283 4327 1359 4391 ὡς
1393 4330 1454 4380 τό
1472 4345 1485 4356 ·
1516 4328 1623 4381 Καὶ
1656 4329 1800 4396 ἠδο-

2151 1822 2217 1877 In
2244 1824 2400 1894 ﬁnem
2441 1827 2495 1880 in
2519 1828 2726 1898 hymnis
2758 1829 3123 1900 intelligentia:
3148 1829 3252 1898 ipsi

2593 1923 2787 1982 David.

2456 2016 2777 2075 PSALMUS
2818 2017 2952 2073 LIV.

1975 2104 2132 2162 Hunc
2174 2107 2443 2178 psalmum
2497 2110 2617 2178 pari
2681 2110 2845 2166 modo
2895 2113 3229 2183 conscripsit
3282 2113 3479 2168 beatus

1902 2196 2094 2265 David,
2124 2216 2248 2256 cum
2284 2198 2503 2256 Saulein
2542 2201 2771 2273 fugeret,
2799 2215 2855 2260 et
2889 2206 3256 2274 vagabundus
3286 2205 3340 2260 in
3365 2222 3487 2261 ere-

1903 2308 1991 2348 mo
2027 2293 2433 2352 diversaretur.
2465 2294 2692 2360 Verum,
2730 2297 2859 2351 dum
2911 2299 3160 2368 proprias
3193 2299 3485 2368 passiones

1902 2395 2092 2441 narrat
2143 2387 2437 2457 Propheta,
2481 2390 2893 2460 quodammodo
2949 2391 3158 2446 Christi
3194 2393 3486 2460 passiones

1902 2478 2195 2536 describit.
2235 2481 2414 2552 Atque
2447 2482 2571 2538 ideo
2593 2483 2647 2535 in
2670 2483 2829 2552 finem
2862 2484 3204 2544 inscribitur.
3243 2485 3296 2538 in
3329 2485 3486 2554 hym-

1905 2572 2011 2638 nis,
2047 2581 2103 2627 et
2149 2573 2544 2644 intelligentia.
2589 2577 2920 2632 Auditorem
2965 2578 3114 2632 enim
3164 2579 3232 2632 ad
3288 2593 3481 2632 eorum

1905 2665 2068 2722 tinem
2104 2669 2353 2735 remittit,
2382 2685 2507 2740 qua:
2539 2671 2605 2726 de
2633 2669 2858 2725 Christo
2884 2672 2974 2726 hic
3017 2672 3277 2742 prmdicta
3302 2681 3434 2727 sunt
3464 2686 3479 2724 :

1904 2760 2210 2830 suadetque
2263 2769 2319 2817 et
2364 2763 2622 2818 hortatur
2668 2779 2767 2818 nos
2793 2763 2862 2817 ad
2917 2765 3066 2820 illius
3126 2765 3339 2829 laudes.
3387 2767 3484 2834 qui

1905 2861 2140 2924 propter
2175 2870 2274 2911 nos
2309 2862 2494 2910 tantas
2524 2855 2812 2926 passiones
2836 2856 3129 2910 sustinuit.
3159 2853 3296 2910 Cum
3319 2854 3488 2909 intel-

1917 2945 2145 3015 ligentia
2179 2947 2343 2999 etiam
2371 2946 2554 3000 omnia
2586 2947 2700 3001 haec
2724 2946 2902 3000 audiri
2932 2945 3216 3012 admonet,
3255 2953 3484 3015 propter

1825 3049 1871 3114 ρ
1906 3037 2154 3093 umbram
2202 3046 2366 3107 atque
2385 3039 2774 3093 obscuritatem
2805 3040 3130 3108 prophetiae.

1974 3132 2144 3189 Vsus.
2189 3131 2248 3199 ἱ,
2281 3134 2333 3188 3.
2372 3131 2606 3186 Auribus
2661 3134 2898 3200 percipe.
2951 3131 3115 3198 Deus,
3183 3131 3483 3191 orationem

1905 3243 2099 3291 meam,
2135 3235 2182 3280 et
2234 3241 2298 3279 ne
2352 3225 2654 3292 despexeris
2691 3225 3119 3294 deprecationem
3171 3240 3366 3287 meam,
3400 3223 3486 3276 in-

1905 3324 2056 3373 tende
2107 3319 2236 3372 milii
2283 3329 2331 3373 et
2376 3317 2580 3372 exaudi
2623 3334 2724 3371 me.
2791 3316 3125 3385 llujusmodi
3173 3317 3361 3380 verba,
3417 3329 3483 3369 ac

1904 3415 2239 3471 sententiam
2286 3412 2646 3481 exposuimus
2686 3411 2943 3481 superius
2983 3411 3035 3464 iu
3074 3408 3322 3464 secundo
3361 3423 3480 3460 ver-

1904 3507 2082 3563 siculo
2119 3507 2318 3577 psalmi
2363 3522 2482 3560 LIII.
2519 3504 2935 3559 Observandum
2961 3513 3044 3559 est
3097 3513 3303 3567 tamen,
3333 3502 3480 3572 quod

1907 3600 1960 3653 in
1997 3601 2208 3668 psalmo
2230 3615 2320 3652 xvi
2350 3598 2492 3652 alius
2519 3613 2584 3652 ac
2613 3597 2867 3652 diversus
2887 3607 2972 3651 est
2999 3597 3290 3651 verborum
3320 3593 3480 3656 ordo.

1906 3704 2071 3762 atque
2122 3691 2215 3746 hic
2277 3692 2530 3745 habetur.
2593 3689 2752 3743 Prius
2809 3691 2958 3745 enim
3031 3690 3102 3743 ihi
3174 3687 3400 3756 ponitur
3457 3704 3472 3741 :

1911 3784 2144 3848 Exaudi,
2167 3783 2390 3850 deinde,
2415 3781 2660 3848 Intende,
2685 3794 2739 3838 et
2763 3791 3044 3854 postremo
3068 3781 3187 3835 loco
3209 3798 3222 3835 :
3255 3779 3485 3832 Auribus

1906 3880 2155 3947 percipe;
2192 3879 2266 3931 ita
2298 3887 2359 3932 ut
2396 3875 2691 3931 manifeste
2723 3884 2908 3946 pateat
2953 3876 3156 3928 nullam
3184 3889 3307 3929 esse
3340 3873 3484 3943 apud

1905 3969 2233 4039 Prophetam
2262 3970 2456 4023 barum
2477 3967 2780 4022 dictionum
2813 3966 3198 4021 differentiam.

1979 4060 2345 4114 Contrislatus
2385 4074 2503 4113 sum
2537 4059 2590 4112 in
2627 4056 2976 4111 meditatione
3004 4071 3141 4108 mea.
3182 4052 3336 4118 Quod
3378 4048 3483 4102 La-

1908 4155 2017 4209 tine
2046 4154 2134 4208 hic
2163 4152 2576 4208 meditationem
2600 4151 2853 4221 legimus,
2885 4149 3073 4205 Grmce
3100 4147 3337 4201 habetur
3353 4143 3483 4198 ἀδο-

1916 4242 2264 4312 ).saxia,qua2
2309 4239 2480 4294 dictio
2520 4239 2969 4310 pr0priequidem
2989 4235 3485 4306 nugacitatem.seu

1911 4333 1995 4406 [ut
2020 4334 2109 4386 alii
2137 4331 2361 4401 propius
2389 4330 2517 4384 huic
2556 4329 2743 4384 sensui
2773 4324 3155 4396 reddiderunt]
3187 4321 3489 4393 argutatio-

219 4421 488 4491 λέσχουν
527 4421 600 4475 ἐν
634 4421 759 4486 τοῖς
786 4418 1148 4488 δικαιώμασί
1177 4436 1318 4483 σου,
1369 4423 1642 4485 τουτέστι,
1675 4425 1799 4492 ἐμε-

1909 4398 2032 4480 item
2054 4398 2350 4495 significat,
2371 4429 2424 4476 et
2453 4421 2594 4490 apud
2625 4420 2951 4490 Prophetam
2974 4425 3491 4484 nostrum-saepenu-

219 4513 384 4568 λέτων
413 4515 472 4568 ἐν
503 4512 588 4582 τῷ
621 4511 776 4583 νόμῳ
813 4527 931 4566 σου.
967 4512 1078 4565 Καὶ
1113 4510 1208 4566 νῦν
1237 4507 1330 4567 οὖν
1387 4514 1589 4582 ὁμοίως
1611 4516 1798 4584 φησὶν,

221 4611 301 4665 ὅτι
352 4610 677 4684 Ἐλυπήοην
717 4612 776 4664 ἐν
802 4612 871 4680 τῇ
893 4605 1097 4682 μελέτῃ
1131 4627 1256 4680 μου,
1283 4613 1348 4682 τῇ
1385 4613 1512 4682 περὶ
1549 4611 1643 4664 τοῦ
1686 4613 1802 4674 πῶς

221 4705 284 4757 ἂν
325 4704 556 4773 ἐκφύγω
589 4703 688 4766 τὰς
724 4700 1026 4766 inmania;
1055 4701 1165 4755 τῶν
1213 4701 1430 4773 ἐχθρῶν
1452 4720 1465 4734 ·
1522 4703 1804 4774 ἐλυπήθην

220 4794 295 4862 δὲ,
333 4797 406 4865 μὴ
437 4795 721 4868 εὑρίσκων
763 4793 1042 4866 μηχανήν.
1078 4793 1438 4864 Λαμόἀνεται
1484 4794 1540 4847 δὲ
1572 4795 1666 4847 καὶ
1711 4795 1803 4847 ἐπὶ

219 4888 311 4942 τοῦ
343 4889 488 4944 κατά
542 4889 677 4946 Θέαν
746 4885 1152 4959 μετεωρισμοῦ,
1205 4887 1280 4950 ὡς
1342 4888 1435 4939 to"
1513 4885 1805 4954 Ἐξῆλθεν

233 4979 436 5036 Ἰσαὰκ
487 4981 611 5054 (89)
638 4979 1064 5050 ἀδολεσχιῖσαι
1087 4981 1176 5046 εἰς
1200 4980 1265 5032 τὸ
1290 4977 1523 5041 πεδίον,
1546 4978 1613 5031 τὸ
1653 4977 1804 5044 πρὸς

222 5074 448 5142 δείλης,

1907 4531 2059 4570 mero
2076 4530 2174 4584 pro
2194 4513 2416 4568 assidua
2444 4512 2794 4566 meditatione
2813 4508 3084 4579 reperitur
3105 4528 3118 4562 :
3143 4508 3297 4576 juxta
3339 4502 3487 4574 quod

1906 4607 2034 4661 alibi
2062 4606 2235 4660 dicit:
2285 4602 2352 4658 Et
2385 4605 2683 4657 meditabar
2725 4603 2781 4655 in
2813 4599 3280 4669 iustiﬁcatiouibus
3313 4596 3417 4650 tuis
3441 4595 3485 4649 '.

1907 4700 2064 4772 [Nam
2082 4697 2227 4771 quod
2248 4700 2343 4760 ait,
2367 4698 2682 4762 meditabar,
2701 4696 2891 4751 Cra-cc
2906 4696 3103 4764 legitur
3117 4683 3488 4762 aequale-“.1

1905 4791 2284 4847 Contristatus
2324 4803 2471 4853 sum,
2507 4788 2709 4858 inquit,
2744 4789 2798 4839 in
2831 4787 3184 4840 meditatione
3219 4796 3361 4845 mea,
3384 4794 3481 4834 co-

1904 4886 2128 4958 gitando
2161 4899 2400 4954 quonam
2441 4891 2599 4952 pacto
2631 4884 2839 4937 evitare
2874 4895 3089 4951 possem
3137 4877 3485 4933 inimicorum

1907 4979 2136 5034 insidias
2169 4995 2183 5032 :
2223 4989 2462 5045 cumque
2489 4975 2695 5028 nullam
2722 4985 2919 5036 artum,
2946 4981 3038 5025 aut
3069 4970 3359 5024 consilium
3396 4980 3488 5019 re-

1911 5072 2172 5140 perirem,
2216 5068 2580 5121 ccutristatns
2638 5081 2783 5119 sum.
2838 5064 3152 5131 ’Λδολεσχὶα
3191 5061 3354 5114 etiam
3388 5072 3486 5127 pro

223 5173 526 5230 sublimiori
562 5173 656 5228 illa
681 5187 748 5228 ac
779 5169 1043 5227 diviniorl
1077 5168 1546 5238 contemplatione
1613 5167 1916 5238 accipitur.
1961 5168 2121 5237 juxta
2156 5164 2286 5219 illud
2324 5183 2338 5219 :
2380 5163 2558 5217 Exivi:
2590 5160 2813 5223 Isaacli,
2883 5171 2940 5214 ut
3010 5159 3360 5211 meditaretur
3429 5155 3484 5208 in

225 5284 372 5336 agro,
424 5267 722 5320 inclinante
767 5265 879 5330 iam
919 5265 1005 5318 die
1031 5263 1054 5293 ⁸
1092 5262 1167 5334 [in
1195 5262 1385 5316 Gratco
1407 5261 1552 5314 enim
1610 5262 1799 5314 eadem
1841 5261 2080 5317 dictione
2116 5260 2188 5314 ibi
2221 5258 2553 5328 Prophetam
2586 5272 2747 5311 usum
2780 5251 3056 5325 videmus]

289 5364 398 5418 Kal
442 5362 782 5430 ἐταράχθην
809 5360 930 5416 ἀπὸ
971 5356 1182 5429 φωνῆς
1225 5356 1478 5427 ἐχθροῦ.
1533 5356 1630 5410 καί
1678 5357 1796 5410 ἀπὺ

225 5451 487 5519 θλίψεως
517 5447 898 5520 ἀιιαρτωλοῦ.
950 5447 1059 5502 Τὸν
1091 5446 1265 5500 Σαοὺλ
1311 5446 1572 5517 ὀνομάζει
1602 5447 1799 5516 ἐχθρὸν

295 5629 315 5658 τ
356 5628 501 5683 Psal.
562 5639 748 5694 cum,
785 5627 874 5681 l7.
955 5629 974 5655 "
1010 5626 1146 5683 Gen.
1186 5645 1333 5698 xxiv,
1367 5635 1454 5688 CIL.

1988 5353 2053 5408 Et
2087 5354 2332 5408 turbatus
2370 5371 2485 5407 sum
2516 5371 2548 5407 a
2584 5369 2703 5407 voce
2746 5351 2971 5413 inimici,
3006 5361 3052 5402 et
3083 5366 3112 5400 ο
3141 5347 3485 5401 tribulatione

1909 5450 2223 5518 peccatoris.
2286 5446 2575 5502 Inimicum
2637 5445 2860 5500 Saulem
2905 5444 3164 5515 appellat,
3218 5451 3482 5511 tauquam

1583 5723 1778 5786 Varia)
1823 5723 2145 5786 lcclioucs.

302 5823 412 5891 (89)
444 5821 528 5876 ιιι.
573 5821 843 5907 Ἁϐραάμ.
