4162 6288
383 311 478 373 577

1529 305 1847 366 COMMEN
1854 306 1923 367 Τ.
1966 303 2046 364 IN
2086 302 2454 366 PSALMOS.

3528 306 3636 369 578

384 429 521 493 λέγει
582 425 683 500 τὴν
750 423 1092 496 σφοδρότητα
1161 423 1256 478 καὶ
1328 423 1500 494 ζάλην
1564 422 1676 477 τῶν
1757 437 1956 492 πειραο

2067 427 2331 487 pestatem
2357 434 2488 474 vero
2525 418 2900 475 vehementem
2943 422 3310 475 mutationum
3341 419 3634 489 procellam

386 538 556 575 σαων.

417 541 428 558 ο
459 541 556 575 ων.

417 541 920 675 μΚαταπόντισον,
945 611 1144 681 Κύριε,
1168 612 1264 665 καί
1293 609 1609 664 καταδίελε
1635 607 1746 672 τὰς
1761 607 1957 678 γλώσ-

386 725 493 774 σας
521 708 743 761 αὐτῶν.
777 705 851 758 Τὸ
884 702 1012 774 ἑξῆς
1045 702 1189 757 κατά
1211 703 1320 755 τῶν
1358 700 1653 767 Ἰουδαίων,
1682 701 1779 754 καλ⁵
1830 699 1959 772 περὶ

386 799 636 871 Χριστοῦ.
662 797 1099 861 Καταπόντισον,
1128 795 1318 864 φησὶν,
1354 789 1399 848 ὧ
1423 793 1627 865 Κύριε,
1656 793 1755 857 τὰς
1782 792 1958 860 γλώσ-

389 910 479 956 σας
505 890 686 946 αὐτῶν
717 931 733 958 ,
765 890 866 952 τὰς
900 888 1336 959 βλασφημούσας
1369 888 1462 941 τὸν
1500 887 1593 940 σὺν
1619 886 1768 951 Υίδν,
1796 902 1955 939 τουτο

388 983 518 1047 ἐστι,
547 983 789 1053 βύθισον,
824 981 1190 1046 ὲναποπνίξας
1219 980 1298 1051 τῷ
1328 979 1482 1050 βάθει
1505 978 1599 1033 τοῦ
1623 979 1954 1048 πνεύματοςο

387 1077 474 1130 us!
505 1073 788 1128 καταδίελε
812 1073 1004 1138 αὐτὰς,
1031 1072 1265 1144 ποιήσας
1281 1069 1648 1141 ἀσυμφώνους
1671 1069 1955 1139 ἀλλήλαις,

383 1167 456 1231 ὡς
489 1167 686 1236 μηκέτι
713 1164 977 1220 δύνασθαι
1003 1163 1411 1218 συσκέπτεσθαι
1455 1163 1599 1219 κατὰ
1637 1162 1732 1217 τοῦ
1770 1165 1958 1234 Σωτῆ-

388 1278 494 1330 ρος.
535 1262 598 1313 Ἀ
637 1257 702 1331 δὴ
753 1259 852 1314 καὶ
891 1259 1227 1315 πεπόνθασιν
1275 1256 1526 1330 ὕστερον,
1561 1255 1958 1330 διαφθαρέντες

385 1356 488 1411 ὑπὸ
524 1355 836 1428 Ῥωμαίων.

449 1537 579 1593 ὀτι
600 1533 767 1592 εἶδον
802 1536 1064 1608 ἀνομίαν
1124 1539 1223 1592 καὶ
1273 1538 1628 1608 ἀντιλογίαν
1645 1539 1719 1594 ἐν
1740 1533 1816 1610 τῇ
1847 1541 1958 1593 πός

379 1634 491 1687 λει.
523 1629 691 1698 Διότι,
719 1631 908 1703 φησὶν,
944 1627 1086 1686 εἶδον
1114 1634 1230 1699 τοῖς
1255 1635 1623 1703 προφητικοτς
1649 1633 1960 1704 ὀφθαλμοῖς

379 1724 523 1794 ἐνστῇ
560 1723 719 1777 πόλει
759 1723 1141 1796 Ἰερουσαλὴμ,
1174 1725 1408 1796 ἀνομίαν
1432 1727 1556 1796 μὲν,
1585 1725 1670 1780 ὅτι
1715 1726 1958 1797 παρανό-

381 1831 498 1884 μως
562 1815 792 1887 ὲζήτουν
873 1816 1087 1871 ἀνελεῖν
1141 1816 1233 1872 τὸν
1291 1819 1540 1890 ἀρχηγὸν
1583 1820 1687 1889 τῆς
1743 1819 1893 1889 ζωῆς
1937 1835 1952 1851 ο

378 1909 732 1979 ἀντιλογίαν
786 1909 868 1974 δὲ,
900 1910 985 1964 ὅτι
1017 1909 1311 1981 ἀντέλεγον
1338 1910 1513 1984 αὐτῷ,
1551 1911 1862 1967 διδάσκοντι
1888 1912 1961 1966 τὰ

374 2002 648 2072 σωτήρια.

457 2092 712 2163 Ἡμέρας
763 2094 867 2150 καί
923 2094 1146 2164 νυκτός
1177 2095 1483 2152 κυκλώσει
1507 2097 1723 2164 αὐτὴν,
1757 2095 1858 2151 ἐπὶ
1886 2093 1963 2153 τὰ

369 2186 544 2256 ’τείχη
601 2186 813 2258 αὐτῆς.
847 2189 1098 2260 Ἡμέρας
1151 2189 1247 2244 καὶ
1297 2191 1494 2254 νυκτὸς
1525 2190 1738 2258 συνέξει
1764 2191 1959 2262 αὐτὴν,

372 2278 497 2332 ἀντὶ
549 2279 673 2349 τοῦ,
720 2281 814 2334 ἐπὶ
861 2281 1022 2348 πολὺ,
1059 2282 1095 2353 ἢ
1140 2281 1364 2352 ἀνομία,
1412 2282 1582 2354 ἥτουν
1616 2285 1955 2355 παρανομία,

374 2369 544 2443 μέχρι
603 2373 699 2426 καὶ
745 2372 860 2427 τῶν
910 2373 1112 2445 τειχῶν
1145 2375 1341 2446 αὐτῆς,
1397 2377 1683 2431 τουτέστιν
1702 2377 1834 2448 ὅλην
1863 2377 1963 2449 τὴν

371 2463 556 2519 πόλιν.
588 2465 835 2520 Τοιοῦτοι
859 2466 971 2538 γὰρ
996 2469 1046 2521 oi
1089 2468 1342 2523 Ἰουδαῖοι
1383 2471 1478 2525 καὶ
1502 2471 1649 2539 μετὰ
1671 2470 1773 2541 τὴν
1805 2471 1960 2525 ἀναί-

367 2573 531 2626 ρεσιν
559 2557 662 2613 τοῦ
683 2559 925 2629 Χριστοῦ
956 2561 1358 2632 μεμενήκασιν,
1409 2561 1572 2632 ἄχρις
1599 2562 1666 2616 ἂν
1694 2565 1963 2635 ἐπιστραο

366 2650 693 2705 τευσάντων
742 2651 933 2715 αὐτοῖς
968 2652 1292 2723 ,Ῥωμαίων
1340 2654 1695 2727 πανωλεθρίᾳ
1742 2656 1966 2726 emea-

360 2758 575 2814 ρησαν.
945 2794 950 2798 .

437 2833 552 2888 Kal
611 2835 833 2905 ἀνομία
893 2835 994 2890 καὶ
1036 2837 1225 2904 πόνος
1276 2837 1347 2891 ἐν
1397 2838 1568 2908 μέσῳ
1611 2839 1825 2910 αὐτῆς.
1862 2860 1963 2898 και

356 2923 601 2980 ἀδικία.
661 2925 833 2982 Πάλιν
878 2926 1329 2997 ἐπαναλαμϐάνει
1377 2928 1476 3000 τὴν
1519 2930 1785 3001 ἀνομίαν,
1835 2933 1963 2985 ἐπι·-

369 3015 692 3087 μονὼτερον
736 3017 1016 3090 διασύρων
1064 3019 1284 3084 αὐτοὺς,
1343 3021 1427 3076 δτι
1493 3023 1639 3076 κατὰ
1671 3022 1839 3093 νόμον
1863 3024 1963 3096 ζῇν

2063 511 2339 580 intelligit.

2138 602 2301 657 Vsus.
2337 603 2423 657 10.
2455 602 2732 671 Demerge,
2757 602 2995 669 Domine,
3025 613 3073 656 et
3101 604 3272 657 divide
3304 605 3513 673 linguas
3545 623 3635 660 co-

2062 707 2202 745 rum.
2228 691 2361 757 Quae
2389 703 2702 762 sequuntur
2740 691 3009 749 adversus
3051 693 3278 749 .ludaos
3306 695 3451 749 dicta
3487 709 3636 762 sunt,

2059 791 2115 837 et
2137 781 2206 838 de
2239 782 2479 838 Christo.
2516 783 2802 853 Detuergc,
2831 783 3035 854 inquit,
3063 801 3096 838 ο
3125 787 3378 852 Domine,
3416 787 3633 856 linguas

2061 889 2278 942 eorum,
2326 876 2422 948 qui
2458 876 2658 931 Filium
2714 886 2867 930 tuum
2925 877 3331 947 blasphemant.
3374 879 3638 948 Demergc

2061 984 2242 1030 autem
2278 991 2373 1031 eas
2405 977 2642 1047 linguas,
2672 975 2778 1031 hoc
2811 986 2918 1040 est,
2976 977 3132 1031 mitte
3185 976 3240 1031 in
3274 978 3635 1047 profundum,

2061 1068 2147 1123 iac
2173 1070 2296 1124 illas
2324 1070 2378 1124 in
2415 1070 2690 1142 profundo
2717 1071 2926 1140 proprii
2976 1070 3219 1140 gutturis
3250 1070 3508 1126 suﬂ‘ocari
3537 1089 3550 1138 ;
3582 1082 3638 1126 et

2059 1161 2245 1219 divide
2272 1179 2387 1228 eas,
2408 1164 2620 1220 faciens
2638 1180 2707 1220 ne
2734 1181 2839 1218 una
2865 1165 3104 1235 amplius
3128 1165 3184 1220 in
3225 1165 3476 1220 eamdem
3507 1181 3639 1220 sen-

2061 1254 2287 1310 tentiam
2321 1257 2682 1324 conveniant,
2720 1258 2858 1312 adeo
2901 1266 2964 1311 ut
3005 1257 3273 1314 adversus
3299 1257 3636 1314 Salvator-em

2060 1345 2128 1400 de
2177 1354 2378 1400 caetero
2406 1347 2731 1416 conspirare
2757 1363 2867 1402 non
2921 1347 3161 1404 valeant.
3194 1347 3348 1413 Quod
3379 1363 3514 1405 sane
3557 1350 3639 1404 eis

2061 1439 2288 1504 accidit,
2321 1448 2616 1509 postquam
2654 1455 2683 1494 a
2709 1437 2978 1498 Romanis
3014 1441 3176 1498 deleti
3201 1453 3354 1498 sunt.

2132 1525 2398 1590 Quoniam
2430 1529 2538 1583 vidi
2582 1531 2920 1601 iniquitatem
2990 1540 3042 1586 et
3081 1534 3553 1589 contradictionem
3581 1536 3641 1590 in

2063 1620 2290 1677 civitate.
2318 1621 2588 1690 Quoniam
2644 1625 3004 1695 propheticis.
3067 1628 3266 1698 inquit,
3325 1643 3428 1700 ego
3459 1630 3637 1686 oculis

2064 1711 2175 1766 vidi
2207 1713 2270 1767 in-
2313 1714 2540 1769 civitate
2592 1710 2897 1772 Jerusalem
2929 1735 2948 1775 :
2983 1718 3331 1789 iniquitatem
3390 1721 3635 1790 quidem,

2059 1800 2190 1857 dum
2215 1802 2399 1873 inique
2421 1818 2506 1859 me
2530 1805 2657 1859 vitae
2676 1815 2958 1862 auctorem
2984 1809 3270 1865 studerent
3299 1809 3638 1876 interimere,

2060 1895 2551 1951 contradictionem
2587 1898 2881 1962 vero,dum
2913 1900 3276 1958 saluberrima
3302 1902 3520 1958 docenti
3545 1903 3642 1959 ad-

2059 2003 2219 2046 versa
2227 1999 2437 2046 rentur.

2129 2079 2298 2137 Vens.
2312 2081 2335 2135 l
2348 2081 2372 2136 l
2385 2121 2399 2136 .
2418 2081 2513 2136 Die
2534 2099 2602 2138 ac
2629 2093 2778 2140 nocte
2789 2084 3142 2140 circumdabit
3160 2104 3279 2142 eam
3292 2105 3450 2160 super
3462 2106 3640 2144 muros

2061 2174 2195 2244 ejus.
2227 2173 2327 2230 Die
2348 2190 2415 2232 ac
2429 2185 2607 2242 nocte,
2641 2177 2844 2249 inquit,
2873 2179 3160 2249 iniquitas,
3191 2197 3355 2252 quam
3376 2183 3640 2246 diximus,

2061 2280 2182 2320 eam
2205 2267 2483 2321 civitatem
2523 2284 2698 2338 usque
2733 2269 2802 2323 ad
2835 2286 3023 2328 muros
3044 2274 3369 2329 continebit.
3403 2275 3643 2346 Iniquis-

2062 2356 2186 2413 simi
2211 2359 2396 2428 itaque
2438 2359 2665 2415 fuerunt
2694 2359 2868 2417 Judaei
2899 2364 3065 2419 etiam
3090 2374 3216 2434 post
3245 2365 3453 2424 Christi
3489 2382 3642 2422 mor-

2062 2455 2200 2515 tem,
2230 2448 2408 2504 donec
2437 2449 2694 2520 Romani,
2733 2453 2904 2510 misso
2949 2456 3199 2512 exercitu
3259 2473 3359 2515 eos
3411 2473 3642 2529 prorsus

2063 2539 2426 2612 dissiparunt.

2143 2807 2207 2863 Et
2231 2808 2506 2881 iniquitas,
2541 2823 2588 2866 et
2613 2811 2766 2867 labor
2799 2813 2856 2868 in
2881 2814 3053 2869 medio
3086 2815 3229 2886 ejus,
3271 2825 3322 2872 et
3353 2818 3643 2888 injustitia.

2061 2898 2280 2958 Rursus
2314 2902 2656 2972 iniquitatem
2676 2920 2867 2960 eorum
2902 2909 3115 2979 exprob
3130 2918 3234 2974 rat,
3277 2911 3400 2968 illos
3428 2929 3494 2969 eo
3521 2932 3640 2971 ma-

2065 2994 2150 3064 gis
2195 2993 2561 3062 redarguens,
2613 3012 2744 3067 quo,
2785 3013 2911 3054 cum
2965 3001 3148 3059 vivere
3176 3018 3237 3059 se
3276 3005 3644 3074 gloriarentur

365 3086 699 3178 αὐχοῦντες,
722 3086 1081 3180 παρηνόμουν
1108 3111 1218 3167 ἀεί.
1242 3111 1430 3167 Εἰπὼν
1456 3114 1536 3181 δὲ,
1565 3116 1649 3170 ὅτι
1683 3086 1957 3172 κυκλώσει

2067 3086 2366 3140 secundum
2393 3088 2587 3158 legem,
2635 3088 2826 3160 iniqua
2855 3106 3070 3163 semper
3097 3097 3269 3167 magis
3296 3099 3558 3170 agebant;
3590 3111 3646 3159 et

362 3197 544 3270 αὐτὴν
579 3200 717 3270 ἄχρι
741 3200 851 3252 τῶν
900 3201 1099 3270 τειχῶν
1133 3203 1168 3271 ἡ
1214 3206 1551 3276 παρανομία,
1604 3205 1847 3261 διδάσκει
1877 3209 1959 3263 ὅτι

362 3291 492 3344 οὐδὲ
522 3292 590 3344 τὸ
632 3293 802 3362 μέσον
825 3292 925 3361 τῆς
959 3293 1169 3357 πόλεως
1203 3295 1513 3362 ἀνθέξεται,
1544 3297 1662 3351 ἀλλ’
1722 3304 1781 3354 ἐν
1803 3302 1959 3371 μέσῳ

362 3384 526 3438 ἔσται
551 3403 565 3417 ·
597 3402 920 3456 παρανομια
983 3388 1104 3458 μὲν,
1141 3390 1200 3442 ὲν
1229 3392 1350 3452 ταῖς
1397 3391 1641 3459 κρίσεσι·
1679 3392 1848 3457 κόπος
1878 3395 1958 3462 δὲ,

362 3479 424 3528 ἐν
454 3479 583 3540 ταῖς
639 3478 789 3530 κατὰ
841 3478 953 3531 τῶν
972 3479 1233 3534 ἀναιτίων
1267 3484 1540 3552 μηχαναῖς
1571 3484 1667 3539 καὶ
1698 3489 1922 3551 σκευαῖς
1941 3503 1958 3520 ο

360 3569 560 3626 ἀδικία
583 3569 668 3636 δὲ,
702 3571 763 3624 ἐν
783 3572 904 3635 ταῖς
941 3571 1295 3638 πλεονεξίαις.

431 3836 551 3890 Καὶ
582 3835 704 3889 οὐκ
733 3832 1016 3897 ἐξέλιπεν
1042 3834 1113 3889 ἐκ
1143 3834 1264 3889 τῶν
1308 3836 1614 3892 πλατειῶν
1638 3838 1832 3907 αὐτῆς
1863 3842 1961 3896 τό-

352 3942 468 3993 κος
491 3926 602 3981 καί
637 3925 843 3991 δόλος.
893 3926 982 3977 Ἑν
1006 3926 1152 3998 πάσῃ
1187 3928 1337 3981 πόλει
1380 3930 1473 3981 καὶ
1525 3930 1776 3984 πλατεῖαί
1826 3934 1964 3988 εἰσιν

352 4019 495 4083 ὁδοὶ,
551 4019 660 4072 καὶ
712 4018 1018 4071 στενωποί·
1091 4022 1188 4073 καὶ
1247 4019 1505 4075 πλατεῖαι
1563 4022 1682 4090 μὲν,
1725 4024 1782 4076 αἱ
1825 4025 1966 4095 πρὸς

351 4108 616 4178 ἄμαξαν,
649 4106 720 4171 ἃς
743 4107 976 4177 λέγομεν
1034 4107 1293 4178 ὲξαέρους
1324 4126 1337 4139 ·
1367 4113 1632 4165 στενωποὶ
1657 4113 1736 4176 δὲ,
1768 4115 1824 4167 ai
1855 4116 1964 4168 τῶν

351 4201 649 4270 ἐμϐόλων.
689 4199 801 4262 Τὰς
834 4201 1095 4266 πλατείας
1125 4202 1218 4255 οὖν
1248 4202 1439 4257 ἐλαῦεν
1462 4205 1716 4272 ἐνταῦθα,
1740 4208 1875 4261 διότι
1906 4212 1964 4262 ἐν

350 4292 482 4354 ταῖς
524 4289 826 4354 πλατείαις
882 4286 1020 4360 ἦσαν
1061 4293 1117 4344 αἱ
1152 4294 1351 4362 ἀγοραὶ
1433 4298 1528 4348 καὶ
1587 4298 1699 4366 (91)
1731 4299 1801 4351 τὰ
1821 4299 1961 4369 σύμ-

349 4381 493 4434 6ολα
518 4397 533 4410 ·
606 4383 776 4434 τόκον
819 4383 916 4450 μὲν
959 4377 1134 4446 εἶπεν,
1179 4383 1260 4436 ὅτι
1294 4384 1543 4450 ἐτύκιζον
1581 4387 1960 4455 λανθάνοντες,

2067 3190 2194 3231 cum
2222 3177 2443 3243 dixerit,
2487 3182 2633 3248 quod
2679 3181 2944 3253 iniquitas
2988 3200 3108 3240 eam
3151 3188 3516 3247 circumdabit
3551 3210 3646 3250 us-

2069 3285 2178 3338 que
2205 3270 2274 3324 ad
2302 3287 2514 3336 muros,
2547 3274 2710 3329 docet
2742 3278 3020 3342 quomodo
3040 3281 3131 3334 illa
3168 3283 3358 3338 eadem
3390 3299 3500 3338 non
3529 3284 3644 3341 dis-

2067 3363 2226 3419 cedet
2250 3377 2281 3417 a
2319 3363 2500 3418 medio
2527 3365 2781 3432 civitatis,
2805 3370 2938 3439 quin
2966 3374 3076 3425 imo
3107 3373 3218 3429 illic
3240 3375 3492 3431 similiter
3521 3393 3646 3447 per-

2070 3457 2314 3513 manebit
2357 3458 2666 3528 :iniquitas
2718 3461 2934 3531 quidem
2982 3473 3237 3520 versatur
3291 3472 3346 3521 in
3397 3468 3643 3538 judiciis,

2071 3549 2228 3604 labor
2254 3557 2440 3604 autem
2481 3551 2534 3605 in
2563 3551 2781 3608 insidiis
2842 3563 2895 3608 et
2945 3557 3476 3628 machinationibus,
3507 3578 3646 3632 quas

2072 3641 2334 3696 adversus
2368 3642 2690 3698 innocentes
2725 3646 3032 3701 moliuntur
3066 3668 3080 3703 :
3122 3649 3399 3719 injustitia
3423 3669 3554 3710 vero
3590 3656 3646 3712 in

2071 3733 2296 3787 avaritia
2359 3741 2524 3804 atque
2556 3751 2745 3792 amore
2778 3738 2903 3806 plus
2931 3742 3268 3808 possidendi.

2145 3821 2313 3880 Vsus.
2355 3825 2438 3878 12.
2476 3823 2545 3878 Et
2578 3843 2680 3879 non
2711 3828 2901 3894 defecit
2927 3829 2990 3884 de
3013 3833 3206 3900 plateis
3239 3834 3355 3903 ejus
3383 3853 3547 3890 usura
3598 3848 3650 3892 et

2071 3915 2248 3970 dolus.
2286 3917 2342 3970 In
2380 3917 2528 3971 omni
2594 3919 2815 3975 civitate
2866 3921 2994 3979 lata:
3048 3925 3300 3993 qumdatn
3357 3930 3458 3983 via:
3497 3942 3648 3995 sunt,

2072 4021 2194 4076 qua!
2226 4006 2418 4076 plateae
2448 4009 2742 4071 dicuntur;
2784 4020 2915 4067 sunt
2947 4024 3000 4068 et
3029 4015 3151 4070 aliae
3180 4021 3550 4088 angustiores.
3583 4025 3648 4077 Et

2071 4112 2168 4167 per
2188 4097 2395 4167 plateas
2418 4099 2636 4168 quidem
2667 4115 2864 4158 currus
2899 4114 3216 4173 transeunt,
3252 4123 3347 4164 eas
3374 4128 3473 4165 nos
3496 4112 3653 4178 διέαέ-

2075 4206 2201 4260 ρους
2230 4190 2573 4260 appellamns
2613 4210 2628 4246 :
2661 4208 2757 4262 per
2777 4198 3126 4265 angustiores
3164 4215 3292 4254 vero
3315 4203 3646 4262 incedimus.

2078 4284 2296 4339 Plateas
2347 4294 2530 4354 autem
2561 4284 2667 4339 hoc
2696 4285 2750 4340 in
2788 4287 2908 4341 loco
2938 4291 3195 4358 appellat,
3229 4293 3354 4361 quia
3379 4297 3494 4348 l'ura
3539 4297 3650 4353 illic

2073 4381 2232 4428 erant
2288 4375 2504 4428 venalia
2561 4382 2615 4431 et
2676 4378 3030 4430 commercia.
3083 4377 3314 4434 Usuram
3350 4383 3511 4437 etiam
3546 4385 3655 4438 illis

346 4473 521 4528 τοῦτο
557 4471 663 4526 τοῦ
701 4472 870 4538 νόμου
923 4473 1256 4538 κωλύοντος·
1322 4475 1475 4530 δόλον
1509 4477 1584 4543 δὲ,
1649 4479 1739 4532 διὰ
1787 4481 1882 4545 τὰς
1905 4484 1960 4535 ὲν

2074 4467 2319 4520 exerceri
2384 4467 2536 4530 dicit,
2591 4467 2717 4536 quia
2770 4467 2874 4522 sub
2927 4470 3098 4522 mutui
3136 4481 3396 4539 praetextu
3452 4490 3650 4530 usuras

346 4569 472 4626 τοῖς
511 4564 946 4633 συναλάγμασιν
1010 4565 1314 4637 ἀπάτας,ἢ
1373 4568 1586 4632 καὶτὰς
1616 4568 1785 4635 ἄλλας
1841 4572 1966 4626 ἐπι..

350 4656 595 4721 ϐουλάς.
651 4655 813 4709 Οὕτω
860 4656 1044 4709 πᾶσαν
1095 4657 1282 4719 αὐτοῖς
1332 4658 1538 4714 κακίαν
1573 4663 1965 4735 προσεμαρτύιι

350 4768 424 4820 pr,
432 4767 557 4804 σεν.

424 5022 570 5073 Ὀτι
603 5019 665 5073 el
697 5019 730 5070 ό
767 5015 984 5084 ἐχθρὸς
1026 5013 1302 5071 ὠνείδισέ
1341 5033 1441 5087 με,
1491 5018 1803 5088 ὲπήνεγκα
1865 5019 1964 5086 ἂν,

345 5118 448 5170 καὶ
483 5117 541 5169 ει
586 5113 625 5166 δ
685 5109 887 5180 μισῶν
910 5127 987 5178 με
1036 5111 1128 5164 ἐπ’
1162 5111 1270 5179 ἐμὲ
1293 5112 1960 5182 ἐμεγαλορῤημόνησεν,

344 5209 640 5278 ἐκρύσην
669 5202 751 5257 ἂν
788 5204 889 5256 ἀπ’
918 5203 1125 5259 αὐτοῦ.
1153 5203 1235 5255 Τὰ
1265 5202 1513 5256 ἐντεῦθεν
1566 5207 1841 5278 προσώπῳ
1869 5209 1964 5262 τοῦ

345 5299 616 5372 Χριστοῦ
700 5294 950 5362 λέγονται
1009 5295 1153 5348 κατά
1208 5292 1305 5346 τοῦ
1381 5294 1570 5348 Ἰούδα.
1601 5295 1675 5348 Τὸ
1715 5296 1814 5366 μὲν
1846 5295 1964 5362 οὖν,

345 5391 726 5450 ὠνείδισεν,
810 5387 930 5440 ἀντὶ
991 5387 1111 5450 τοῦ,
1166 5385 1549 5452 ἰξουδένωσεν,
1599 5388 1695 5441 καὶ
1719 5388 1965 5442 διέϐαλεν

349 5486 591 5558 εἴρηται
621 5497 639 5512 ο
703 5479 765 5533 τδ
811 5477 889 5546 δὲ,
923 5478 1586 5549 ὲμεγαλορῤγυιόνησεν,
1647 5481 1771 5535 ἀντὶ
1841 5481 1960 5547 τοῦ,

2075 4558 2217 4611 clam
2246 4558 2572 4628 exigebant;
2605 4559 2750 4627 quod
2781 4559 2832 4611 in
2870 4561 2985 4630 lege
3019 4561 3245 4616 vetitum
3272 4573 3410 4621 erat.
3452 4564 3645 4621 Dolnm

2073 4651 2236 4705 etiam
2275 4650 2347 4705 ibi
2378 4651 2625 4705 adfuisse
2651 4651 2863 4717 asserit,
2895 4651 2968 4706 ob
2999 4652 3245 4710 fallacias
3287 4671 3425 4724 quas
3453 4658 3504 4711 in
3529 4675 3651 4712 mn-

2077 4741 2185 4795 tuis
2215 4744 2566 4798 commerciis
2594 4744 2902 4807 struebant,
2931 4745 3035 4809 vel,
3078 4745 3148 4800 ob
3183 4762 3349 4802 omne
3380 4750 3527 4804 aliud
3560 4751 3648 4805 in-

2079 4836 2348 4892 sidiarum
2381 4851 2556 4903 genus
2600 4853 2614 4889 :
2647 4847 2699 4891 et
2734 4837 2840 4892 hoc
2869 4845 3030 4907 pacto
3061 4838 3316 4894 universa
3352 4842 3467 4897 illic
3521 4844 3652 4898 vitia

2076 4929 2270 4981 adesse
2301 4935 2554 4982 testatur.

2145 5017 2314 5072 Vens.
2355 5018 2440 5070 15.
2474 5016 2734 5082 Quoniam
2769 5018 2817 5072 si
2845 5018 3085 5071 iuimtcus
3121 5035 3264 5073 meus
3297 5021 3653 5077 malcdixisset

2076 5113 2229 5175 mihi,
2272 5112 2636 5164 sustinuissent
2663 5111 2864 5179 utique,
2920 5123 2967 5164 et
3007 5112 3053 5165 si
3100 5113 3169 5174 is,
3199 5114 3287 5180 qui
3327 5115 3510 5166 oderat
3547 5130 3650 5179 me,

2076 5223 2233 5275 super
2269 5222 2349 5258 me
2381 5221 2572 5274 magna
2625 5204 2832 5257 locutus
2888 5205 3098 5272 fuisset,
3137 5205 3526 5259 abscondis-sem
3567 5222 3648 5259 me

2069 5300 2299 5369 forsitan
2331 5297 2394 5350 ab
2430 5313 2510 5349 eo.
2546 5296 2675 5362 Qum
2703 5307 3012 5365 sequuntur
3055 5313 3120 5349 ex
3152 5296 3355 5350 Christi
3414 5311 3648 5365 persona

2079 5391 2410 5462 proferenda
2464 5400 2593 5443 sunt
2651 5390 2917 5443 adversus
2969 5385 3184 5440 .lndam.
3238 5386 3302 5440 Et
3356 5387 3500 5458 quod
3550 5388 3648 5451 ait,

2078 5484 2441 5537 maledixisset
2465 5480 2583 5554 [seu
2634 5481 2789 5553 juxta
2831 5481 2990 5534 aliam
3033 5479 3235 5536 Graeca:
3281 5479 3539 5536 dictionis
3567 5481 3649 5534 si-

1762 5659 1961 5723 Varim
1995 5658 2324 5724 lectiones.

429 5765 493 5834 (9
505 5768 558 5834 l)
593 5759 691 5815 Al.
728 5758 1039 5829 συμϐόλαια.
