4082 6264
616 350 723 415 5⁷19

1863 349 2177 410 ΕυΤΠΥΜ
2192 349 2249 408 ll
2291 347 2655 410 ZiGABENl

3749 351 3842 414 580

615 467 1050 538 gniﬁcationem,
1077 465 1489 540 exprobrasset]
1516 466 1703 537 posuit
1733 482 1858 537 pro,
1886 466 2145 537 sprevissi
2164 476 2185 519 t

2318 467 2715 538 ἡναισχύντησε
2779 467 2873 521 καὶ
2912 468 3199 540 ἠπείλησε.
3229 469 3338 522 Καὶ
3367 467 3646 540 ἄμφωγὰρ
3663 471 3843 537 ἐκεῖνος

624 572 703 623 ct,
737 562 1109 615 calumniatus
1147 570 1332 626 esset;
1363 563 1506 630 quod
1531 577 1658 615 vero
1683 562 1795 613 ait:
1835 577 2029 631 magna
2058 560 2204 613 locu-

616 668 700 708 tus
734 655 944 722 fuisset,
995 670 1237 722 expone,
1287 670 1387 724 pro
1423 655 1774 723 impudenter
1808 664 1863 709 ct
1910 655 2200 709 minaciter

614 745 833 801 locutus
864 754 1034 801 esset.
1080 745 1384 815 Utrumque
1428 748 1571 800 enim
1614 747 1704 801 ille
1734 748 1918 803 scelus
1958 748 2191 801 commi-

613 838 707 890 sit.
733 837 863 891 Nam
894 850 946 892 et
979 840 1119 907 apud
1156 840 1373 893 Judzeos
1408 840 1675 906 probrosa
1720 838 1910 894 retulit
1939 839 2007 893 de
2034 837 2192 895 Citri-

616 939 726 991 sto,
765 936 819 982 et
848 932 1214 985 comminatus
1240 942 1324 987 cst
1371 948 1429 987 se
1459 948 1583 985 cum
1612 932 1722 985 illis
1756 931 1825 985 ad
1858 946 2044 985 necem
2111 929 2366 983 daturum

2312 560 2578 625 πεποίηκε
2612 575 2625 588 ·
2676 558 3061 631 διεκωμῴδησε
3105 561 3215 630 γὰρ
3249 561 3413 615 αὐτὸν
3434 564 3544 623 τοῖς
3577 562 3842 627 Ἰουδαίοις,

2310 651 2403 704 καὶ
2433 651 2731 720 ἠπείλησεν
2761 653 3099 723 παραδοῦναι
3131 656 3210 717 εἷς
3232 655 3482 711 Θάνατον.
3518 656 3589 708 Τὸ
3622 656 3695 723 δὲ,
3745 655 3842 718 ὅτι,

2308 743 2785 813 προκαταρκτικδς
2818 744 2884 798 ἂν
2939 745 3024 815 εἴη
3085 745 3403 817 σύνδεσμος,
3437 746 3494 800 ὃν
3519 747 3721 813 λέγουσι
3764 750 3845 802 καὶ

2302 835 2727 906 διηγηματικόν.

2425 948 2439 983 :
2497 928 2588 981 illa
2657 930 2819 983 etiam
2875 930 3067 997 dictio,
3135 932 3417 1001 quoniam,
3481 933 3581 987 hoc
3636 934 3684 987 in
3742 933 3845 987 loco

613 1019 904 1072 narrativm
954 1021 1363 1089 coniunctionis
1418 1022 1526 1075 vim
1578 1022 1765 1083 habet,
1815 1031 1875 1075 ut
1921 1021 2048 1075 alibi
2099 1021 2308 1075 dictum
2340 1029 2447 1075 est.

690 1138 855 1193 V'zss.
893 1137 977 1191 ιι.
1014 1136 1089 1190 Tu
1118 1155 1261 1202 vero,
1288 1139 1442 1193 homo
1477 1140 1765 1203 unanimis,
1799 1142 1910 1194 dua:
1940 1156 2105 1201 meus,
2138 1148 2186 1193 et

618 1239 770 1283 notus
807 1246 974 1283 meus.
1016 1230 1057 1283 Α
1087 1231 1366 1283 communi
1392 1246 1555 1285 sensu
1589 1232 1913 1286 sumendum
1950 1242 2036 1286 est
2067 1248 2183 1286 ver-

617 1323 749 1377 bum
809 1320 1198 1376 maledixisset.
1260 1321 1586 1377 Unanimem
1642 1332 1823 1379 autem
1870 1326 2028 1388 dixit,
2094 1339 2192 1395 pro

617 1415 816 1468 amico.
855 1413 1055 1467 Ducem
1099 1429 1232 1468 vero
1276 1430 1436 1469 suum
1486 1413 1681 1469 Judam
1746 1416 2002 1485 appellat,
2062 1416 2195 1486 quia

622 1507 779 1561 illum
831 1506 993 1559 simul
1029 1522 1151 1561 cum
1192 1507 1318 1561 aliis
1366 1509 1631 1577 apostolis
1683 1508 1874 1562 ducem
1938 1508 2190 1565 fidelibus

614 1600 1005 1653 constituerat.
1059 1598 1360 1654 Constitues
1387 1601 1530 1654 enim
1562 1618 1669 1663 eos,
1701 1600 1903 1670 inquit,
1929 1602 2189 1670 principes

613 1708 774 1760 super
794 1709 996 1746 omnem
1020 1702 1218 1745 terram
1253 1693 1320 1747 ".
1347 1692 1529 1748 Notus
1545 1695 1709 1748 etiam
1737 1701 1916 1761 meus,
1950 1693 2055 1749 ltoc
2081 1701 2189 1760 est,

615 1782 745 1836 mihi
776 1784 1028 1853 cognitus
1060 1796 1124 1836 ac
1148 1780 1454 1837 familiaris.

2359 1140 2445 1195 Σὺ
2498 1139 2587 1207 δὲ,
2638 1140 2913 1209 ἄνθρωπε
2965 1143 3264 1212 ἰσόψυχε,
3311 1144 3548 1214 ἡγεμών
3589 1164 3716 1214 μου,
3760 1147 3845 1203 uti

2286 1230 2519 1300 γνωστέ
2540 1250 2682 1301 μου.
2749 1233 2883 1287 Ἀπὸ
2930 1236 3112 1289 κοινοῦ
3158 1236 3398 1304 ληπτέον
3446 1241 3506 1289 τδ
3548 1237 3835 1294 ὠνείδισε·

2291 1327 2470 1378 κεῖται
2524 1325 2583 1378 δὲ
2638 1328 2762 1379 ἀντὶ
2786 1327 2905 1391 τοῦ,
2957 1328 3107 1397 φίλε,
3176 1329 3237 1382 τὸ
3268 1330 3554 1399 ἰσόψυχο.
3599 1331 3843 1399 Ἠγεμόνα

2290 1420 2347 1473 δὲ
2381 1420 2543 1475 αὐτού
2591 1421 2742 1489 λέγει
2797 1422 2980 1488 αὐτὸν,
3043 1422 3179 1476 διότι
3230 1423 3324 1477 καὶ
3381 1424 3547 1488 αὐτὸς
3602 1426 3847 1493 μετὰτῶν

2293 1512 2471 1568 ἄλλων
2545 1513 2807 1583 μαθητῶν
2857 1515 3245 1572 πιστευόντων.
3300 1516 3708 1583 Καταστήσας
3734 1518 3843 1587 γὰρ,

2298 1606 2484 1676 φησὶν,
2510 1606 2734 1673 αὐτοὺς
2752 1605 3051 1676 ἄρχοντας
3074 1607 3173 1662 ἐπὶ
3194 1606 3530 1676 πᾶσαντήν
3544 1607 3679 1678 τῆν.
3710 1611 3850 1665 Γνω-

2298 1700 2409 1755 στέ
2470 1718 2590 1770 μου
2648 1700 2729 1766 δὲ,
2813 1701 2939 1755 ἀντὶ
2997 1700 3119 1766 τοῦ,
3151 1700 3490 1770 ἐγνωσμένε,
3541 1702 3848 1773 γνησιώτατέ

2300 1807 2425 1860 μου.

691 1870 854 1926 Vnus.
887 1873 969 1927 15.
997 1871 1097 1937 Qui
1129 1874 1291 1927 simul
1318 1891 1521 1927 mecum
1544 1873 1867 1929 dulcorabos
1892 1877 2057 1929 cibos.
2083 1874 2188 1942 Qui

2365 1886 2473 1939 Kal
2499 1884 2820 1939 ἐπιτοαυτὸ
2865 1884 3209 1954 Matium-dc
3224 1905 3328 1955 μοι
3357 1886 3679 1957 ἐδέσματα.
3713 1889 3848 1940 Ἐπι-

616 1982 739 2020 cum
790 1981 899 2019 una
929 1981 1143 2021 mecum
1176 1981 1349 2030 esses,
1378 1968 1730 2032 dulcorabas,
1770 1970 1872 2023 ltoc
1905 1977 2014 2031 est,
2048 1984 2189 2037 pra:-

615 2059 851 2127 parabas
881 2059 1058 2113 cibos.
1092 2056 1227 2113 Nam
1257 2059 1406 2128 quod
1435 2070 1799 2128 prteparatur,
1835 2060 2049 2115 dulcius
2070 2075 2195 2115 sen-

627 2151 785 2204 titur.
840 2148 946 2205 Per
1002 2150 1157 2205 cibos
1218 2159 1399 2205 autem
1458 2152 1831 2219 evangelicam
1880 2152 2191 2205 doetrinaut

616 2243 895 2311 intelligit,
942 2257 1051 2312 qua
1087 2242 1275 2297 fideles
1335 2242 1532 2297 animae
1561 2244 1867 2297 alebantur.
1923 2242 2075 2297 Hanc
2111 2252 2192 2296 et-

610 2336 760 2392 cnim
791 2335 1100 2391 doctrinam
1140 2334 1258 2404 ipse
1282 2335 1446 2389 etiam
1489 2334 1682 2399 Jmlas,
1728 2345 1918 2404 utpote
1968 2346 2196 2405 aposto.

616 2429 725 2493 lus,
750 2435 805 2483 et
831 2426 897 2480 ad
928 2425 1336 2496 praedicandum
1367 2427 1592 2490 missus,
1636 2436 1795 2479 antea
1827 2426 2185 2493 dulcorahat,

617 2522 724 2577 ltoc
788 2528 918 2586 est,
982 2531 1191 2592 gratam
1246 2530 1301 2576 et
1356 2521 1660 2590 jucundam
1714 2520 1935 2577 Clu-isto
1995 2521 2193 2577 redde—

616 2618 732 2671 bat.

691 2704 759 2759 In
785 2704 940 2758 domo
982 2703 1076 2758 Dei
1104 2704 1489 2757 ambulavimus
1517 2720 1631 2755 cum
1680 2720 1954 2757 consensu.
1984 2703 2193 2758 Unani-

620 2800 801 2861 miter,
842 2798 1045 2866 inquit,
1078 2797 1132 2848 in
1166 2797 1427 2863 tetnpltttn
1490 2796 1722 2863 proiecti
1756 2812 1969 2850 sumus.
2002 2795 2080 2849 Te
2113 2807 2192 2850 et-

618 2888 765 2942 enim
811 2887 944 2941 mihi
982 2886 1119 2939 adeo
1178 2885 1506 2939 familiarem
1563 2885 1851 2949 habebam,
1883 2901 1939 2941 nt
1968 2904 1997 2941 a
2024 2886 2193 2943 latere

620 2995 743 3035 meo
773 2995 1053 3049 nunquam
1082 2988 1295 3049 paterer
1319 2978 1525 3033 divelli.

692 3094 855 3149 Vsus.
880 3096 964 3150 16.
1004 3095 1179 3149 Veniat
1215 3112 1353 3149 mors
1382 3111 1539 3161 super
1577 3112 1684 3148 eos.
1713 3094 1836 3150 lltec
1865 3096 2034 3165 igitur
2054 3110 2180 3151 cum

2295 1976 2513 2030 τοαυτό
2569 1976 2691 2043 μὲν,
2734 1975 2879 2040 ἀντὶ,
2934 1975 3034 2029 σὺν
3091 1975 3219 2048 ἐμοὶ
3274 1974 3387 2031 ὤν’
3422 1977 3848 2047 ἐτλύκαναςδὲ,

2293 2071 2415 2123 ἀντὶ
2438 2068 2555 2135 τοῦ,
2589 2068 2897 2133 δσκεύασας
2923 2086 2936 2098 ·
2965 2070 3078 2123 πᾶν
3098 2070 3208 2140 γὰρ
3254 2068 3659 2140 σκευαζόμενοι
3738 2070 3850 2140 ἡδύ-

2292 2178 2452 2231 τερσν
2479 2163 2712 2230 γίνεται.
2745 2163 2812 2216 ’Ἡ
2840 2162 3115 2232 ἐδέσματα
3143 2164 3360 2233 νοήσεις
3391 2162 3495 2234 τὴν
3521 2162 3849 2215 διδασκαλίαν

2292 2255 2389 2309 τοῦ
2422 2256 2802 2326 κηρύγματος,
2830 2248 2875 2325 ᾧ
2905 2256 3200 2326 ιτρέφοντο
3226 2258 3279 2310 αἱ
3312 2256 3488 2327 ψυχαὶ
3511 2256 3621 2310 τῶν
3651 2273 3851 2309 πιστευ-

2292 2350 2464 2404 όντων
2492 2368 2505 2380 ·
2540 2352 2746 2419 ταύτην
2769 2349 2828 2403 δὲ
2864 2349 2961 2403 καὶ
3016 2349 3218 2415 Ἰούδας
3247 2351 3323 2414 ὼς
3380 2350 3682 2413 ἀπόστολος
3708 2349 3846 2420 ὲγλύ-

2293 2462 2478 2509 κανεν,
2505 2444 2672 2515 ἠγουν
2705 2443 3068 2498 εύαπᾶδεκτον
3119 2445 3346 2515 ἐποίησε
3372 2444 3455 2517 τῷ
3485 2444 3723 2517 Χριστῷ.

2363 2709 2470 2763 Ἐν
2526 2709 2672 2779 οικῳ
2706 2712 2814 2763 τοῦ
2871 2708 3022 2763 Θεοῦ
3074 2708 3579 2779 ἐπορεύθημενέν
3606 2711 3849 2779 ὁμονοίᾳ.

2294 2805 2387 2866 Et;
2413 2804 2473 2857 τὸ
2503 2804 2665 2873 ἔργον
2692 2802 3072 2874 ἐπορεύθημεν
3092 2804 3523 2873 ὁμογνωμόνως.
3572 2806 3694 2861 Ἐπὶ
3743 2822 3852 2860 τοσ-

2292 2893 2447 2947 οῦτον
2472 2893 2777 2964 ἀχώριστον
2805 2895 2900 2947 καὶ
2926 2896 3151 2964 γνήσιον
3180 2889 3352 2965 εἶχον,

2375 3093 2628 3149 Ἐυιθέτω
2649 3093 2724 3163 δὴ
2748 3095 3008 3161 θάνατος
3032 3095 3127 3149 ἐπ’
3151 3097 3395 3163 αὐτούς.
3430 3096 3617 3151 Ταῦτα
3642 3095 3853 3167 προῖδὼν

620 3190 963 3260 prtevidisset
998 3189 1189 3242 beatus
1232 3187 1425 3249 David,
1462 3187 1803 3257 imprecetur
1837 3188 2099 3258 deinceps
2135 3190 2189 3243 in

2293 3185 2531 3250 δΔαόὶδ,
2584 3187 2860 3258 ἐπαρᾶται
2925 3187 3003 3258 τῷ
3060 3205 3121 3241 τε
3162 3187 3358 3260 Ἰούδᾳ.
3416 3190 3514 3243 καὶ
3560 3192 3670 3253 τοῖς
3729 3190 3854 3260 ἀμφὶ

616 3283 833 3346 Judaut,
872 3282 923 3333 in
958 3281 1247 3350 Caipltatn,
1302 3280 1357 3332 in
1404 3280 1639 3345 Annam,
1676 3289 1836 3350 atque
1870 3282 1923 3335 in
1958 3289 2191 3337 cancros

616 3374 820 3431 Christi
850 3374 1232 3428 interfectores
1265 3372 1507 3426 Judwos.

686 3488 757 3545 Et
791 3490 1110 3544 descendunt
1137 3489 1188 3540 in
1209 3486 1477 3555 infernum
1506 3487 1755 3541 viventes.
1792 3487 1896 3542 Sed
1916 3490 2191 3559 quomodo

617 3584 967 3639 descendent
1002 3583 1249 3637 viventes
1286 3583 1338 3635 in
1389 3581 1685 3644 infernum,
1720 3582 1766 3637 si
1801 3598 1972 3649 mors,
2025 3598 2189 3653 quam

618 3677 953 3744 imprecatus
1007 3684 1115 3737 est,
1176 3674 1229 3727 in
1289 3690 1386 3729 eos
1432 3675 1685 3729 venerit?
1736 3674 1874 3741 Quia
1932 3676 2190 3731 nimirum

618 3780 808 3819 eorum
857 3766 1026 3834 aliqui
1086 3765 1325 3819 violenta
1390 3775 1567 3819 morte
1611 3765 1959 3820 interimendi
2010 3775 2189 3820 erant.

619 3858 845 3913 Mortem
864 3858 1065 3912 etenim
1097 3873 1203 3912 non
1231 3858 1540 3913 naturalem
1564 3858 1803 3927 aliquam
1831 3856 2187 3925 imprecatur,

618 3953 710 4007 sed
747 3950 1061 4006 violentam.
1095 3950 1157 4004 Et
1188 3951 1277 4003 alii
1325 3951 1698 4005 Romanorum
1741 3952 1935 4004 timore
1963 3952 2016 4004 in
2050 3968 2187 4022 prte-

617 4054 778 4114 rupta
813 4060 936 4099 sese
970 4042 1351 4107 contulerunt,
1385 4046 1438 4096 in
1471 4044 1837 4113 cavernisque
1875 4053 1928 4097 et
1958 4045 2013 4099 in
2066 4060 2190 4114 spc-

619 4139 797 4195 luttcis
824 4142 1030 4199 vixere,
1057 4137 1199 4191 fame
1229 4145 1276 4190 et
1306 4137 1394 4190 siti
1427 4146 1591 4203 atque
1617 4136 1909 4191 formidine
1937 4138 2188 4200 cruciati,

618 4240 679 4285 ιιι
701 4234 754 4284 itt
787 4246 882 4285 sua
914 4232 1082 4283 refert
1112 4226 1388 4297 Iosephus
1429 4226 1692 4282 Historia.
1734 4227 2056 4299 Hujusmodi
2092 4245 2190 4285 au-

618 4332 725 4378 tem
753 4322 937 4376 foveas
994 4337 1057 4375 ac
1088 4322 1379 4389 speluncas
1410 4319 1678 4387 l’rOplicta
1711 4322 1975 4376 infernum
2001 4324 2189 4391 appel-

620 4417 776 4469 lavit.
803 4414 935 4467 Nam
971 4422 1024 4469 et
1061 4414 1173 4468 illic
1203 4414 1420 4468 demunt
1459 4414 1654 4482 sepulti
1693 4424 1844 4469 sunt.
1873 4415 2022 4469 Illius
2042 4416 2187 4472 enittt

618 4510 744 4563 vitae
770 4508 1031 4563 duritiam
1072 4522 1179 4562 non
1214 4508 1474 4570 terentes,
1510 4509 1633 4561 cibo
1659 4508 1855 4562 ibidem
1884 4512 2183 4577 perierunt.

619 4600 722 4653 Alii
780 4600 993 4665 dicunt,
1044 4600 1215 4669 quod,
1250 4616 1313 4653 cx
1352 4615 1463 4667 quo
1507 4608 1561 4653 et
1599 4599 1772 4654 Judaei
1823 4611 1877 4655 et
1912 4602 2188 4655 daemones

2291 3279 2381 3333 τὸν
2412 3280 2613 3334 ’Ᾱνναν
2642 3282 2739 3334 καὶ
2782 3281 3063 3350 Καῖάφαν,
3118 3282 3529 3351 χριστοκτόνοις
3573 3281 3850 3344 Ἰουδαίοις.

2365 3488 2471 3544 Καὶ
2503 3485 2939 3553 καταϐήτωσαν
2964 3487 3049 3551 εις
3077 3484 3227 3553 ᾅδου
3252 3483 3487 3549 ζῶντες.
3510 3486 3623 3539 Καὶ
3652 3487 3699 3538 εἰ
3725 3483 3855 3537 ἔλθοι

2292 3581 2523 3644 Θάνατος
2579 3579 2921 3644 ἒπάύτοὺς,
2986 3578 3107 3641 πῶς
3166 3578 3577 3649 καταϐήσονται
3634 3579 3713 3641 εἰς
3742 3577 3855 3648 ᾆδον

2291 3675 2531 3740 (timeas;
2564 3675 2686 3726 Ὀτι
2716 3674 2766 3724 oi
2801 3672 2902 3742 μὲν
2938 3669 3118 3725 αὐτῶν
3172 3671 3365 3741 βιαίως
3426 3672 3700 3725 ἀπέθανον
3723 3685 3736 3699 ⁶
3766 3670 3853 3722 θά-

2292 3784 2450 3822 νατον
2473 3766 2601 3837 γὰρ,
2627 3766 2688 3819 ού
2720 3763 2810 3819 τὸν
2834 3763 2975 3817 κατὰ
2999 3763 3180 3831 φύσιν,
3216 3762 3352 3816 ἀλλὰ
3379 3761 3474 3816 τὸν
3501 3763 3610 3816 ἀπὸ
3639 3763 3853 3833 ἀγχόνης

2291 3862 2386 3916 xui.
2414 3860 2673 3929 πολέμου,
2728 3858 2823 3911 καὶ
2854 3856 2906 3911 εἴ
2934 3874 3017 3920 τις
3042 3857 3247 3926 τρόπος
3296 3857 3496 3924 πικρός
3523 3874 3537 3885 ⁸
3569 3858 3619 3910 οἱ
3650 3856 3727 3919 δὲ,
3759 3855 3852 3908 ὑπὸ

2290 3957 2388 4024 τῆς
2417 3954 2660 4020 ἀνάγκης
2687 3949 2897 4005 καὶτοῦ
2940 3948 3254 4017 Ῥωμαῖκοῦ
3286 3948 3551 4017 πολέμου,
3582 3950 3665 4011 εἰς
3693 3964 3857 4016 κρημει

2291 4050 2379 4102 νὺν
2412 4047 2611 4109 αὐτοὺς
2640 4044 2909 4113 καθῆκαν,
2940 4042 3035 4094 καὶ
3068 4041 3258 4108 διῆγον
3287 4040 3344 4093 ὲν
3371 4041 3451 4109 τῷ
3484 4042 3672 4111 λάκκῳ
3705 4040 3853 4109 μέχρι

2294 4138 2512 4202 πολλοῦ,
2536 4137 2702 4205 λιμῷ,
2734 4136 2825 4188 καὶ
2854 4134 3006 4205 δίψῃ,
3038 4137 3132 4187 καὶ
3156 4136 3307 4204 φόϐῳ
3334 4136 3851 4203 ταλαιπωρούμενοι,

2294 4230 2476 4292 καθὼς
2522 4230 2784 4299 Ἰώσηπος
2821 4227 3061 4297 ἱστορεῖο
3097 4226 3177 4280 διὸ
3210 4228 3305 4281 καὶ
3332 4226 3467 4297 ᾇδην
3522 4228 3617 4281 τὸν
3682 4224 3853 4295 βίθρον

2290 4325 2552 4378 ἐκάλεσεν
2575 4340 2587 4353 ο
2616 4322 2738 4375 ἐπεὶ
2779 4322 2872 4375 καὶ
2905 4322 3077 4390 τάφος
3101 4320 3289 4383 αὐτοῖς
3347 4321 3593 4387 ἐγένετο,
3641 4318 3851 4389 διαφθα-

2294 4421 2466 4489 ρεῖσιν
2502 4419 2560 4469 ὲν
2592 4417 2788 4486 ἐκείνῳ
2844 4415 2990 4469 κατὰ
3051 4415 3272 4484 μικρόν.
3308 4414 3468 4476 Τινὲς
3504 4414 3563 4467 δὲ
3597 4414 3848 4481 λέγουσιν,

2294 4512 2367 4573 ὡς
2395 4510 2517 4563 ἐπεὶ
2550 4510 2625 4577 τῷ
2652 4508 2871 4579 Χριστῷ
2901 4509 2997 4562 xa‘t
3023 4509 3331 4561 οἱἸουδαῖοι
3360 4509 3739 4572 ἐπεϐούλευον,
3769 4503 3853 4557 καὶ

2293 4606 2341 4657 οἱ
2364 4605 2617 4672 δαίμονες
2644 4618 2658 4634 ⁶
2714 4602 2948 4663 ἰκείνοις
2980 4601 3083 4669 μὲν
3137 4602 3454 4669 ἱπηράσατο
3478 4601 3586 4666 τὸνξ
3615 4601 3848 4655 θάνατον.

620 4691 849 4746 insidias
909 4692 1176 4745 adversas
1226 4690 1504 4745 Christum
1565 4693 1736 4745 moliti
1793 4701 1941 4757 sunt,
1988 4691 2189 4746 Judteis

2292 4696 2378 4748 τὸν
2410 4693 2788 4763 τιμωρητικόν
2809 4710 2824 4724 ο
2855 4694 2971 4754 τοῖς
3001 4692 3221 4761 δαίμοσι
3252 4692 3328 4756 δὲ,
3357 4692 3456 4763 τὴν
3486 4695 3569 4755 εἰς
3597 4692 3663 4745 τὰ
3695 4705 3848 4744 κοτα-

619 4784 840 4851 quidem
899 4790 1129 4834 mortem
1182 4782 1517 4849 imprecatus
1591 4793 1713 4846 est,
1783 4792 2015 4838 mortem
2065 4784 2189 4837 dico

2292 4787 2480 4857 χθόνια
2532 4785 2851 4853 διαγωγήνο
2891 4783 3115 4847 τούτους
3166 4784 3223 4838 δὲ
3256 4785 3480 4837 καλέσαι
3529 4783 3754 4849 ζῶντας,
3783 4781 3849 4838 ὼς

621 4887 904 4941 pteuarnm
936 4886 1001 4925 ac
1034 4872 1457 4939 suppliciorum,
1495 4872 1841 4929 dminonibus
1897 4890 2027 4929 vero
2091 4874 2189 4929 de-

2292 4877 2615 4941 ἀθανάτους.
2670 4874 3113 4941 Καταόήτωσαγ
3162 4876 3294 4946 γὰρ,
3352 4876 3538 4948 φησιν,
3584 4879 3668 4941 εις
3717 4872 3847 4939 ᾅδου

618 4978 876 5015 δευιιειιιιι
902 4963 966 5014 ad
1031 4960 1204 5014 infera
1266 4973 1421 5015 ιρι-τω
1478 4965 1728 5029 viscera;
1785 4964 2038 5035 quodque
2087 4966 2189 5020 ltos

2292 4968 2531 5035 ζῶντες,
2562 4970 2652 5023 διὰ
2670 4969 2771 5035 τὴν
2798 4967 2983 5035 φύσιν.

617 5057 899 5111 (Ιειιιοιιρο
942 5056 1192 5110 viventes
1244 5055 1563 5124 appellavit,
1618 5059 1784 5113 veluti
1837 5060 2200 5115 inmortales.
2238 5060 2593 5128 Descendunt,
2639 5064 2836 5133 inquit,
2874 5065 2926 5116 itt
2966 5062 3229 5121 infernum
3256 5061 3498 5125 viventes,
3551 5060 3703 5129 juxta
3764 5067 3847 5107 eo-

620 5164 740 5202 rum
773 5158 1043 5201 naturam.

692 5262 958 5329 Quoniam
991 5249 1197 5319 malitia
1228 5268 1278 5319 in
1310 5269 1633 5322 habitaculis
1684 5286 1890 5335 eorum,
1924 5271 1979 5324 in
2015 5271 2188 5326 medio

617 5376 818 5413 eorum.
860 5358 1131 5422 Quoniam
1173 5360 1379 5413 malitia
1416 5373 1674 5416 versatur
1716 5363 1769 5416 itt
1806 5379 1996 5418 eorum
2030 5363 2189 5417 habi-

618 5451 813 5505 taculis
846 5460 1006 5518 atque
1042 5452 1093 5503 in
1122 5452 1300 5505 media
1317 5467 1506 5507 eorum
1536 5455 1757 5509 civitate
1783 5474 1797 5520 ;
1826 5471 1889 5510 ac
1920 5458 1966 5512 si
1999 5456 2143 5512 dicat
2169 5474 2183 5510 :

620 5544 818 5595 Eorum
865 5542 1070 5595 malitia
1109 5558 1217 5596 non
1267 5552 1479 5598 tantum
1506 5546 1559 5599 in
1587 5548 1878 5617 superﬁcie
1907 5557 1993 5604 cst
2022 5559 2186 5618 atque

617 5634 984 5697 extrinsecus,
1018 5634 1116 5688 sed
1150 5637 1206 5689 in
1240 5637 1439 5703 medio,
1476 5637 1579 5695 hoc
1611 5649 1718 5698 est.
1778 5640 1831 5693 in
1887 5639 2180 5710 profundo,

724 5818 766 5848 ¹⁰
801 5816 944 5871 Pssl.
980 5832 1127 5881 xuv,
1162 5816 1247 5869 l7.

2370 5275 2497 5325 Ὀτι
2522 5270 2781 5338 πονηρία
2802 5269 2873 5321 ἐν
2906 5266 3033 5331 ταῖς
3075 5281 3413 5333 παροικιαις
3442 5277 3512 5316 εν
3559 5262 3727 5331 μέσῳ
3755 5260 3847 5313 οὐ·

2288 5366 2426 5420 τῶν.
2463 5364 2612 5417 Διότι
2646 5360 2885 5432 πονηρία
2921 5357 3342 5428 ὲμπολιτεύεται
3368 5357 3491 5418 ταῖς
3519 5356 3579 5407 ὲν
3602 5358 3665 5422 τῇ
3702 5352 3843 5403 πόλει

2286 5456 2601 5528 παροικίαις
2632 5453 2810 5507 αὐτῶν
2842 5466 2858 5481 ⁸
2883 5452 2976 5505 καὶ
3006 5452 3113 5522 γὰρ
3145 5450 3242 5503 οὐκ
3271 5448 3618 5513 ἐπιπόλαιον,
3655 5444 3767 5498 ἀλλ’
3789 5444 3841 5494 ὲν

2287 5550 2461 5619 μέσῳ,
2489 5547 2769 5601 τουτέστιν
2798 5547 2878 5607 εἰς
2918 5542 3101 5613 βάθος,
3131 5544 3187 5594 ἐν
3216 5543 3333 5604 ταῖς
3364 5540 3616 5607 καρδίαις
3650 5533 3835 5591 αὐτῶν.

2285 5641 2591 5711 Παροικξας
2648 5640 2704 5693 δὲ
2760 5635 2914 5691 εἶπεν
2955 5638 3056 5700 τὰς
3106 5636 3388 5698 κατοικίας
3444 5633 3646 5695 αὐτῶν,
3676 5628 3758 5683 διὰ
3784 5624 3839 5676 τὸ
