4082 6264
620 335 727 399 583
1835 333 2203 398 EUTHYMI]

2305 331 2582 394 IGABEN
2590 332 2635 396 Ι.
3732 322 3821 389 584

631 455 777 507 Deus
842 456 1166 519 potestatem
1239 462 1302 502 ac
1393 446 1537 504 vires
1593 462 1723 504 suas
1779 449 1836 503 in
1897 445 2196 519 puniendo,

2314 443 2613 510 Ἐξέτεινεν
2659 446 2689 498 ὀ
2746 441 2884 507 Θεὸς
2933 440 3035 513 τὴν
3084 437 3414 509 κολαστικὴν
3466 437 3620 493 αὐτοῦ
3685 437 3821 495 66w.-

627 553 687 599 ut
735 541 1008 613 condigna
1042 541 1303 596 nimirum
1337 541 1723 610 peccatoribus
1761 540 2032 597 retribuat
2061 556 2193 596 sun-

2305 552 2415 606 μιν,
2443 538 2537 590 ἐπὶ
2566 535 2645 607 τῷ
2673 534 2989 590 ἀποδιδόναι
3021 533 3207 597 αὐτοῖς
3253 531 3352 602 τὴν
3391 529 3723 602 ὀφειλομένην
3748 549 3820 585 τι-

625 636 807 706 plicia.

2305 628 2538 697 μωρίαν.

694 727 860 784 Vens.
891 727 979 780 22.
1013 727 1443 796 Profanarerunt
1477 735 1851 780 testamentum
1884 728 2021 796 ejus.
2064 725 2195 781 Sattl

2382 719 2808 790 Ἐϐεόήλωσαν
2834 719 2952 790 τὴν
2978 719 3277 788 διαθήκην
3299 717 3578 772 αὑτοῦ.Οῐ
3604 716 3718 786 περὶ
3749 717 3824 770 τὸν

621 829 676 874 et
709 819 1008 888 complices
1056 817 1508 886 profanaverunt,
1557 817 1658 872 hoc
1703 828 1808 882 est,
1865 825 2196 888 spreverunt

2305 813 2473 868 Σαοὺλ
2536 816 2658 884 μὲν,
2717 814 3088 886 ἑεεόἠλωσαν,
3116 815 3295 867 εῐτουν
3320 811 3731 883 περιεφρόνησαν
3748 810 3827 865 τὸν

626 913 798 984 legem
863 913 978 977 Dei,
1040 928 1147 981 qua
1209 915 1502 965 mandatur
1553 929 1567 963 :
1631 909 1834 982 Diliges
1898 913 2197 980 proximum

2305 906 2487 976 νόμον,
2511 908 2570 971 ὃς
2600 925 2771 978 φησιν
2795 925 2810 940 ·
2843 907 3206 978 Ἀγαπήσεις
3261 905 3369 958 τὸν
3434 905 3683 970 πλησίον
3709 920 3826 967 σου,

2302 999 2398 1052 καὶ
2422 1000 2526 1053 ὅσα
2553 1000 2779 1054 τοιαῦτα
2801 1013 2815 1029 °
2835 1001 2887 1052 οἱ
2911 999 2966 1052 δὲ
2991 998 3387 1068 χριστοκτόνοι,
3419 995 3478 1048 τὸ
3517 993 3827 1063 Romam.

2301 1091 2537 1165 Βέῦηλον
2569 1093 2700 1162 γὰρ,
2735 1092 2796 1146 τὸ
2819 1091 2996 1146 κοινὸν
3022 1090 3114 1144 καὶ
3143 1090 3379 1160 ἀνίερον.

628 1017 780 1057 tuum
815 1006 878 1068 ¹²,
921 1015 974 1058 et
1020 1004 1124 1057 alia
1158 1002 1496 1073 hujusmodi.
1531 1002 1739 1057 Christi
1771 1012 1950 1056 autem
1985 1002 2196 1056 occiso-

627 1111 717 1149 res
747 1107 1069 1165 spreverunt
1104 1095 1483 1163 Evangelium.
1538 1093 1835 1150 Profanum
1880 1106 2061 1150 autem
2103 1110 2200 1164 ap-

627 1169 882 1254 pellatur,
916 1186 1059 1256 quod
1090 1200 1378 1240 commune
1411 1195 1494 1241 est
1527 1195 1580 1241 et
1609 1201 1712 1241 non
1749 1202 1992 1242 sacrum.

707 1279 1021 1334 Divisisunt
1056 1281 1121 1333 ab
1162 1281 1244 1334 ira
1296 1281 1469 1335 vultus
1505 1281 1638 1348 ejus,
1665 1289 1712 1334 et
1747 1282 2197 1350 appropinquare-

632 1382 754 1425 runt
790 1373 951 1424 corda
976 1389 1179 1426 eorum.
1205 1370 1401 1435 Judaei,
1434 1372 1631 1441 inquit,
1668 1372 1830 1425 divisi
1867 1381 1992 1426 sunt
2021 1373 2088 1424 ab
2119 1371 2198 1425 ira

632 1465 816 1518 vultus
847 1462 1079 1526 Christi,
1131 1467 1260 1534 quia
1305 1479 1429 1517 cum
1463 1462 1692 1516 Romani
1725 1478 1821 1518 eos
1861 1464 2201 1529 obsiderent,

633 1557 777 1612 inter
812 1573 870 1612 se
901 1557 1062 1613 divisi
1110 1567 1258 1612 sunt.
1320 1557 1554 1623 Quidam
1591 1560 1734 1611 enim
1795 1572 1982 1610 eorum
2019 1558 2106 1610 illa
2142 1573 2202 1612 se

2307 1557 2727 1627 πολιορκοῦντος
2782 1551 3005 1615 αὐτοὺς,
3063 1547 3525 1620 διεμερίσθησαν·
3573 1544 3703 1604 τινὲς
3746 1540 3834 1609 γὰρ

632 1650 744 1718 pati
785 1650 1045 1703 dicebant
1081 1659 1304 1719 pmpter
1335 1649 1639 1711 Christum,
1707 1650 1850 1702 inter
1898 1665 2038 1718 quos
2084 1657 2202 1704 erat

2305 1653 2466 1707 αὑτὸν
2521 1649 2709 1716 ἔλεγον
2768 1645 2857 1701 διὰ
2889 1645 2980 1699 τὸν
3020 1643 3227 1714 Ἰησοῦν
3286 1640 3462 1693 ταῦτα
3504 1638 3737 1706 πάσχειν,
3775 1627 3837 1686 ὧν

635 1741 930 1812 Josepltus,
957 1742 1050 1811 qui
1084 1743 1248 1796 etiam
1279 1742 1333 1796 in
1365 1742 1455 1795 illo
1483 1756 1645 1810 opere
1688 1757 1788 1795 suo
1814 1741 1883 1795 de
1927 1757 2203 1811 expugna-

2305 1739 2389 1809 εἷς
2414 1739 2483 1816 ἦν
2513 1741 2607 1796 καὶ
2634 1740 2918 1809 Ἰώσηπος,
2947 1735 3144 1809 μικροῦ
3175 1734 3308 1788 Θεὸν
3341 1731 3504 1786 αὑτὸν
3531 1728 3837 1798 ὁμολογήσας

634 1833 784 1886 tione
816 1831 1140 1898 Jerusalem,
1172 1832 1450 1887 Christum
1489 1831 1599 1886 fere
1636 1830 1804 1887 Deum
1826 1848 1943 1887 esse
1972 1841 2202 1887 testatus

2305 1841 2365 1892 ὲν
2393 1840 2460 1908 τῇ
2496 1835 2666 1906 βίὸλῳ
2699 1833 2798 1901 τῆς
2834 1830 3090 1892 ἁλώσεως
3107 1825 3486 1898 Ἰερουσαλήμ.
3509 1821 3615 1875 Καὶ
3639 1819 3840 1889 ήγγισαν

2371 1234 3002 1348 Διεμερίσθησανβὰπὸ
3036 1269 3216 1342 ὀργῆς
3249 1269 3355 1324 τοῦ
3388 1265 3696 1336 προσώπου
3741 1266 3830 1320 οὐ»

2302 1373 2431 1434 τοῦ.
2461 1370 2559 1425 καὶ
2597 1368 2854 1439 ἤγγισαν
2885 1369 2944 1420 al
2975 1364 3209 1432 καρδίαι
3243 1359 3465 1416 αὐτῶν.
3535 1358 3658 1411 Ἀπὸ
3691 1356 3833 1427 ὀργῆς

2302 1466 2505 1538 δηλαδὴ
2556 1464 2652 1517 τοῦ
2693 1459 2964 1532 Χριστοῦο
3021 1455 3116 1511 τοῦ
3156 1453 3472 1525 Ῥωμαϊκοῦ
3503 1453 3605 1521 γὰρ
3631 1451 3834 1520 πολέμου

639 1932 746 1978 est.
781 1921 846 1975 Et
881 1923 1048 1976 corda
1098 1937 1287 1978 eorum
1341 1924 1556 1979 veritati
1606 1924 2202 1994 appropinquaverunt,

639 2015 768 2068 dum
801 2015 1132 2081 cogitarent.
1161 2013 1306 2083 quod
1338 2015 1592 2071 Christus
1620 2026 1768 2071 esset
1802 2015 1964 2073 Deus.
1993 2018 2204 2087 Appro-

641 2109 905 2176 pinqnare
949 2107 1092 2161 enim
1132 2108 1207 2162 illi
1265 2108 1528 2163 dicuntur
1579 2109 1816 2174 veritati,
1871 2110 1964 2179 qui
2007 2110 2201 2165 saltem

633 2200 886 2256 dubitare
914 2201 1207 2268 incipiunt.

707 2292 896 2346 Molles
937 2295 1069 2360 facti
1097 2304 1220 2347 sunt
1244 2311 1422 2349 eorum
1449 2313 1713 2350 sermones
1747 2312 1903 2365 super
1926 2297 2123 2361 oleum,
2152 2304 2204 2352 et

631 2386 732 2451 ipsi
752 2395 874 2438 sunt
895 2385 1104 2453 jacula.
1128 2385 1240 2441 Hoc
1265 2389 1330 2441 de
1355 2389 1613 2444 omnibus
1643 2389 1844 2444 Christi
1880 2389 2201 2444 interfecto-

633 2477 787 2530 ribus
814 2477 869 2529 in
899 2478 1213 2532 universum
1242 2477 1448 2530 dictum
1469 2489 1554 2532 est
1587 2498 1600 2532 :
1631 2479 1724 2548 qui
1755 2487 2048 2548 antequam
2074 2493 2198 2532 eum

630 2569 967 2635 occiderent,
1012 2570 1239 2627 blandos
1291 2573 1340 2626 ei
1414 2586 1477 2626 ac
1511 2573 1658 2628 leves
1689 2587 1973 2628 sermones
2013 2573 2202 2641 loque-

631 2662 853 2724 bantur,
889 2661 1061 2717 Rabbi
1091 2679 1213 2717 eum
1268 2665 1630 2733 appellantes,
1668 2671 1721 2718 et
1751 2665 1996 2720 dicentes
2041 2683 2054 2720 :
2091 2664 2202 2721 Sci-

626 2769 745 2807 mus
777 2755 901 2821 quia
931 2771 1088 2808 verax
1108 2773 1182 2818 es,
1202 2765 1249 2809 et
1272 2756 1481 2809 verbum
1512 2756 1602 2810 Dei
1631 2759 1682 2810 in
1713 2759 1927 2812 veritate
1960 2758 2113 2811 doces
2134 2758 2199 2823 ",

628 2853 682 2897 et
718 2844 822 2897 alia
859 2846 1195 2913 hujusmodi.
1237 2847 1339 2912 Qui
1372 2857 1552 2903 tamen
1587 2865 1642 2902 re
1678 2851 1791 2918 ipsa
1821 2859 1976 2904 erant
2033 2849 2201 2904 veluti

629 2935 950 2989 acutissima
980 2938 1225 3004 quaedam
1256 2939 1457 3007 jacula,
1495 2951 1548 2994 et
1579 2941 1726 2994 illius
1747 2945 2070 3012 sanguinem
2098 2957 2197 3012 ap-

635 3028 919 3095 petebant.
957 3027 1070 3082 Dici
1119 3031 1285 3083 etiam
1319 3040 1550 3099 possunt
1580 3032 1691 3084 hare
1723 3032 1886 3085 verba
1915 3030 1981 3086 de
2011 3030 2195 3094 Saule,

2305 1929 2365 1982 ai
2415 1925 2632 1997 καρδίαι
2692 1923 2874 1979 αὐτῶν
2925 1924 2990 1992 τῇ
3043 1918 3296 1991 ἀληθείᾳ,
3351 1914 3727 1982 λογιζομένων,
3773 1909 3840 1960 ὅτι

2302 2025 2438 2086 tam;
2466 2021 2597 2084 θεὸς
2617 2013 2687 2094 ἦν
2717 2032 2734 2051 ο
2783 2013 3023 2086 mum
3049 2012 3179 2084 γὰρ,
3202 2011 3230 2063 ὁ
3257 2004 3593 2076 ὲνδοιασμός.

2386 2298 2868 2362 Ἦπαλύνθησαν
2892 2292 2946 2344 οι
2961 2289 3130 2358 λόγοι
3151 2283 3353 2341 αὐτῶν
3363 2285 3518 2349 ὑπερ
3533 2280 3745 2339 alacer,
3760 2283 3842 2326 και

2303 2394 2476 2450 αὐτοί
2493 2394 2611 2446 εἱσι
2630 2385 2901 2454 βολίδες.
2923 2380 3096 2435 Τοῦτο
3153 2375 3348 2438 κοινῶς
3379 2373 3512 2444 περὶ
3538 2370 3741 2422 πάντων
3753 2364 3845 2416 τῶν

2306 2484 2727 2561 χριστοκτόνωνο
2745 2478 2798 2531 οἳ
2827 2476 2934 2547 πρὸ
2956 2472 3052 2528 τοῦ
3083 2465 3480 2561 “alsit/ain?
3510 2457 3847 2561 ev-t'amxplast

2306 2548 2500 2648 λοι-ους
2533 2573 2685 2645 αὐτῷ
2735 2571 3077 2642 προσέφερον
3105 2561 3368 2624 ἁπαλοὺς,
3415 2553 3609 2648 Ῥαεὸι
3655 2548 3846 2648 tta-105v:

2304 2638 2396 2736 τες
2438 2638 2535 2725 καὶ
2583 2638 2878 2736 λέξοντεςο
2932 2659 3191 2726 Οἴδαμεν
3260 2654 3349 2706 ὅτι
3417 2644 3651 2714 ἀληθὴς
3672 2638 3847 2736 εἵαται

2305 2733 2421 2831 τὴν
2453 2761 2598 2816 ὁδὸν
2636 2733 2743 2810 τοῦ
2779 2751 2929 2809 Θεοῦ
2956 2750 3026 2804 ἐν
3056 2746 3308 2812 ἀληθείᾳ
3333 2741 3658 2836 διδάσκει-ς,
3689 2736 3771 2836 xui
3792 2733 3849 2784 τὰ

2304 2828 2557 2907 τοιαῦτα.
2586 2847 2756 2902 Αὐτοὶ
2785 2845 2839 2898 δὲ
2862 2840 3004 2916 ἦσαν
3033 2841 3181 2894 ἔνδον
3201 2832 3522 2905 ἠκονημένα
3556 2828 3700 2898 βέλη,
3741 2828 3849 2916 opas

2308 2945 2517 3014 γόμενσ.
2540 2938 2641 2995 τοῦ
2672 2938 2904 3008 αἵματος
2940 2929 3128 2988 αὐτοῦ.
3153 2927 3384 2995 Λέγοιτο
3416 2922 3462 2976 δ’
3488 2922 3553 2975 ἂν
3582 2919 3742 2970 ταῦτα
3767 2912 3850 2967 καὶ

2309 3009 2438 3106 περὶ
2485 3034 2581 3088 τοῦ
2608 3031 2805 3095 Σαοὺλ,
2834 3030 2891 3092 ὃς
2926 3025 3360 3096 ὑποκρινόμενος
3414 3015 3602 3083 ἔλεγε·
3658 3009 3850 3064 Τέκνον

626 3119 723 3185 qui
757 3117 1044 3187 Prophetas
1078 3129 1267 3175 nostro
1304 3123 1520 3186 blande,
1561 3123 1655 3175 sed
1690 3123 1946 3178 simulate
1971 3123 2198 3193 loquens

2306 3126 2503 3189 Δαόὶδ,
2535 3124 2628 3178 καὶ
2669 3123 2725 3176 ei
2748 3137 2801 3172 τι
2833 3115 3096 3172 τοιοῦτον.

628 3207 840 3264 dicebat
871 3227 885 3263 :
920 3209 1031 3265 Fili
1062 3211 1253 3279 David,
1283 3221 1338 3267 et
1366 3214 1469 3268 alia
1503 3215 1840 3284 hujusmodi.
1951 3279 1953 3281 ι

705 3299 866 3355 Vsus.
893 3302 982 3357 ‘23.
1014 3302 1175 3356 Jacta
1235 3307 1521 3374 cogitatum
1581 3317 1727 3358 tuum
1776 3309 1830 3358 in
1871 3305 2116 3372 Domino,
2149 3314 2198 3360 et

627 3393 741 3459 ipse
776 3402 821 3446 te
858 3397 1104 3449 euutriet.
1137 3397 1423 3461 Omnibus,
1464 3398 1556 3467 qui
1594 3397 1809 3452 insidiis
1842 3400 2195 3466 impetuntur,

631 3498 980 3540 communem
1030 3487 1462 3541 admonitionem
1505 3488 1728 3558 praebet.
1771 3488 1889 3556 Ipse
1915 3489 2082 3553 enim,
2113 3490 2199 3543 in-

634 3576 770 3644 quit,
807 3577 1090 3643 Dominus,
1124 3581 1168 3632 si
1203 3581 1254 3634 in
1278 3596 1343 3636 eo
1369 3580 1615 3637 fiduciam
1653 3579 1929 3647 habueris,
1963 3581 2203 3636 cnutriet

638 3680 688 3723 te
718 3685 732 3734 ;
767 3671 910 3738 quod
947 3673 993 3725 si
1026 3673 1246 3737 nutriet,
1282 3674 1471 3726 induet
1500 3673 1706 3736 etiam;
1767 3680 1820 3726 et
1879 3672 1928 3725 si
1990 3671 2197 3737 induet,

632 3761 910 3815 custodiet
939 3762 1162 3831 insuper
1183 3770 1238 3816 et
1266 3763 1541 3817 liberabit.

705 3851 828 3905 Non
871 3853 1016 3906 dabit
1049 3858 1100 3906 iu
1137 3854 1390 3908 sa'culum
1425 3856 1824 3924 ﬂuctuationem
1875 3855 2043 3922 justo.
2081 3851 2201 3906 Non

634 3945 699 3997 ad
728 3947 983 4006 multum,
1017 3948 1216 4016 inquit,
1270 3956 1488 4015 tempus
1518 3948 1670 4002 dabit
1699 3949 1848 4017 justo
1902 3957 2202 4016 tempeSta-

637 4048 767 4098 tem,
796 4046 886 4091 aut
918 4041 1210 4106 procellam
1247 4042 1633 4094 tentationum.
1671 4041 1761 4092 Ait
1789 4040 1932 4094 enim
1964 4039 2202 4109 Aposto-

636 4128 721 4181 lns
775 4143 788 4179 :
827 4129 1026 4184 Fidelis
1062 4131 1223 4194 Deus,
1256 4133 1344 4200 qui
1401 4148 1501 4184 non
1543 4133 1804 4196 permittet
1869 4147 1960 4183 nos
2008 4131 2201 4183 tentari

638 4237 802 4286 supra
860 4222 933 4285 id,
990 4223 1129 4288 quod
1193 4238 1474 4290 possumus
1506 4223 1574 4275 ”.
1617 4223 1764 4275 Dixit
1818 4234 1997 4276 autent
2035 4220 2200 4276 Deum

637 4327 747 4365 non
779 4311 1033 4365 daturum
1069 4315 1419 4377 tentationes,
1470 4331 1581 4368 non
1628 4316 1752 4382 quia
1810 4313 1927 4383 ipse
1983 4327 2074 4366 eas
2109 4312 2206 4365 im-

638 4404 837 4465 mittat,
890 4405 984 4458 sed
1027 4406 1154 4475 quia
1192 4407 1521 4475 permittens
1556 4421 1648 4460 eas
1679 4421 1707 4458 a
1745 4404 1992 4459 daemone
2043 4405 2202 4458 nobis

634 4495 847 4560 inferri,
881 4496 997 4565 ipse
1047 4498 1172 4552 illas
1199 4498 1611 4567 quodammodo
1643 4499 1854 4552 videtur
1884 4497 2200 4562 immittere,
2233 4487 2278 4541 1)

635 4602 758 4640 cum
796 4589 1085 4655 prohibere
1120 4591 1393 4658 potuisset
1416 4597 1469 4644 et
1508 4605 1615 4642 non
1651 4590 2017 4658 prohibuerit.

709 4674 872 4728 Vens.
900 4674 988 4728 '24.
1027 4673 1102 4727 Tu
1143 4686 1338 4741 autem,
1366 4677 1526 4739 Deus,
1559 4677 1777 4730 deduces
1802 4694 1887 4730 eos
1922 4677 1975 4730 in
1993 4688 2205 4746 puteum

633 4765 898 4818 interitus.
934 4767 1039 4821 Eos
1084 4767 1227 4830 dico,
1274 4770 1363 4837 qui
1417 4771 1680 4823 adversus
1730 4769 2048 4826 innocentes
2083 4783 2205 4829 ten-

636 4854 771 4909 dunt
802 4856 1052 4911 insidias.
1101 4856 1203 4910 Per
1235 4866 1456 4927 puteum
1506 4868 1685 4914 autem
1721 4860 1995 4926 interitus,
2022 4874 2204 4919 vastas

638 4947 900 5013 quasdam
961 4963 1024 5003 ac
1052 4951 1213 5004 veluti
1252 4953 1318 5004 ob
1352 4950 1457 5004 loci
1506 4950 1934 5019 profunditatem
1983 4955 2211 5008 inevita-

639 5038 772 5092 biles
803 5053 990 5108 pmnas
1022 5041 1309 5111 intelligit;
1344 5044 1474 5110 quia
1517 5043 1562 5096 si
1601 5044 1726 5112 quis
1760 5044 1812 5095 in
1845 5053 2070 5111 puteum
2114 5060 2208 5100 cc-

636 5127 854 5192 cidcrit,
890 5145 995 5181 non
1034 5129 1102 5184 de
1132 5129 1279 5184 facili
1317 5131 1467 5185 illinc
1497 5133 1674 5186 exitus
1708 5140 1908 5200 pateat.

715 5217 831 5271 Viri
873 5221 1213 5289 sanguinum,
1257 5231 1304 5275 et
1339 5223 1511 5276 dolosi
1566 5238 1665 5274 non
1698 5222 2052 5276 dimidiabunt
2098 5223 2208 5277 dies

637 5324 782 5362 suos.
836 5308 999 5377 Atqui
1051 5311 1104 5362 in
1147 5311 1358 5378 psalmo
1409 5312 1811 5380 Septuagesimo
1866 5312 2103 5364 secundo
2132 5311 2200 5364 de

640 5398 954 5467 huiusmodi
1011 5400 1325 5456 hominibus
1388 5402 1658 5470 Propheta
1695 5403 1844 5467 dicit,
1899 5403 2042 5470 quod
2091 5402 2198 5456 dies

636 5489 780 5557 pleni
827 5492 1174 5547 invenientur
1224 5495 1277 5546 in
1329 5496 1431 5547 cis.
1468 5495 1668 5548 Verum
1725 5494 1799 5548 ibi
1849 5495 2039 5562 plenos
2084 5493 2202 5548 dies

639 5580 796 5646 dixit,
830 5584 1128 5648 respiciens
1161 5598 1269 5637 non
1311 5583 1376 5636 ad
1412 5585 1551 5648 vita),
1583 5584 1679 5638 sed
1727 5584 1795 5638 ad
1827 5584 2078 5639 vitiorum
2140 5597 2204 5637 ac

2382 3301 2735 3370 Ἐπιρῤιψον
2755 3295 2854 3350 ἐπὶ
2870 3295 3092 3362 Κύριον
3114 3289 3230 3357 τὴν
3260 3281 3559 3355 μέριμναν
3606 3295 3736 3370 σου,
3761 3273 3848 3328 καὶ

2298 3396 2485 3460 αὐτός
2510 3368 2589 3446 σε
2638 3387 2965 3456 διαθρέψει.
3022 3379 3222 3450 Κοινὴν
3274 3381 3512 3431 ποιεῖται
3540 3372 3671 3442 πρὸς
3700 3368 3852 3420 ᾶπαν-

2298 3505 2398 3550 τας
2459 3479 2989 3548 ἐπιϐουλευομένους
3035 3472 3361 3544 παραίνεσιν
3389 3485 3402 3498 ·
3451 3464 3613 3526 αὐτὸς
3661 3461 3760 3530 γάρ
3801 3472 3851 3509 σε

2299 3574 2712 3649 διαθρέψει,κα“ι
2724 3570 2866 3624 κατὰ
2901 3567 3062 3636 σῶμα
3089 3565 3186 3618 καὶ
3208 3563 3347 3617 κατὰ
3369 3557 3554 3630 ψυχήν
3579 3572 3591 3586 ·
3609 3556 3668 3660 ,εἰ
3686 3552 3737 3660 δε
3755 3553 3855 3660 οισι

2301 3645 2515 3742 θρέψει,
2550 3673 2649 3723 καὶ
2682 3664 2932 3720 ὲνδὺσει·
2969 3662 3018 3714 et
3063 3659 3120 3712 δὲ
3145 3656 3242 3710 καὶ
3278 3654 3514 3718 ἐνδόσει,
3537 3649 3630 3703 καὶ
3651 3645 3850 3715 φυλάξει

2301 3767 2396 3819 καὶ
2427 3763 2673 3833 ῥύσεται.

2381 3831 2462 3910 Οὖ
2495 3853 2678 3907 δώσει
2711 3853 2800 3915 εις
2847 3851 2956 3902 τὸν
3000 3842 3190 3901 αιῶνα
3253 3839 3456 3895 σάλον
3513 3835 3592 3902 τῷ
3642 3831 3850 3890 δικαίῳ.

2303 3949 2377 4002 Οὐ
2432 3946 2592 3998 δώσει
2648 3944 2813 4011 μέχρι
2871 3936 3070 3992 πολλοῦ
3102 3933 3348 3987 κλύδωνα
3370 3929 3447 3999 τῷ
3491 3923 3853 3994 δικαίῳοφησὶ

2301 4040 2412 4108 γὰρ
2443 4039 2471 4090 ὁ
2511 4032 2860 4096 ’Λπόστολος,
2921 4030 3005 4082 ὅτι
3060 4025 3282 4088 Πιστὸς
3327 4024 3361 4076 ό
3419 4019 3589 4116 θεὸς,
3645 4015 3709 4080 ὃς
3756 4014 3854 4116 aiis

2303 4106 2471 4184 ἐάσει
2506 4126 2661 4196 ἡμᾶς
2683 4121 3083 4193 πειρασθῆναι
3102 4116 3256 4184 ὑπὲρ
3279 4113 3310 4168 ὃ
3337 4110 3664 4180 δυνάμεθα.
3690 4133 3754 4145 -
3781 4106 3852 4155 Οῠ

2305 4224 2485 4278 δώσει
2508 4220 2566 4273 δὲ
2589 4215 2763 4281 εἴπεν,
2788 4218 2869 4269 ὅτι
2897 4207 3248 4282 παραχωρῶν
3272 4203 3580 4273 ἐπάγεσθαι
3625 4198 3722 4252 ὑπὸ
3753 4196 3854 4247 δια-

2306 4319 2463 4372 ϐόλου
2492 4317 2619 4377 τοὺς
2653 4308 3016 4381 πειρασμοὺς,
3082 4302 3231 4356 δοκεῖ
3287 4298 3453 4360 αὐτὸς
3479 4294 3698 4353 τούτους
3732 4286 3850 4341 ὲ.πά-

2307 4426 2449 4479 γειν,
2473 4407 2557 4462 ὅτι
2586 4403 2829 4458 κωλῦσαι
2857 4397 3179 4466 δυνάμενος,
3201 4393 3303 4447 οὐκ
3331 4389 3597 4444 ἐκώλυσε.

2380 4663 2462 4719 Σὺ
2503 4660 2593 4728 δὲ,
2631 4662 2663 4714 ὀ
2698 4657 2866 4724 Θεὸς,
2889 4653 3168 4720 κατάξεις
3193 4649 3416 4714 αὐτοὺς
3439 4666 3528 4713 εις
3541 4645 3720 4716 φρέαρ
3741 4641 3848 4694 δια-

2309 4757 2557 4831 φθορᾶς.
2600 4752 2738 4814 Τοὺς
2796 4745 3245 4807 ὲπιὸουλεύοντας
3280 4745 3392 4806 τοῖς
3431 4741 3632 4802 ἀθώοις
3660 4754 3673 4768 ·
3700 4735 3852 4831 ιρρέαρ

2309 4828 2419 4921 ίγὰρ
2448 4848 2745 4918 διαφθορᾶς
2773 4840 2926 4897 εἶπεν
2958 4841 3018 4894 τὸ
3066 4839 3202 4911 βαθὺ
3234 4835 3327 4890 καὶ
3375 4836 3615 4904 ἄφυκτον
3666 4828 3757 4897 τῆς
3781 4840 3852 4876 τι·

2313 4944 2524 5014 μωρίας
2560 4959 2575 4974 ο
2598 4939 2843 4994 τοιοῦτον
2873 4935 2980 5005 γὰρ
3013 4934 3076 4987 τὸ
3105 4933 3306 5003 φρέαρ.

2384 5217 2635 5282 Ἀνόρες
2671 5208 2931 5278 αἱμάτων
2955 5205 3055 5258 καὶ
3088 5203 3438 5268 δολιότητος
3493 5214 3565 5251 ου
3589 5212 3674 5265 μη
3731 5191 3848 5282 ἡμιξ-

2311 5280 2581 5362 σεύσωσι
2606 5302 2711 5369 τὰς
2739 5300 2958 5371 ἡμέρας
2992 5296 3208 5351 αὐτῶν.
3243 5295 3352 5348 Καὶ
3401 5293 3509 5362 μὴν
3565 5293 3622 5342 ὲν
3673 5287 3743 5354 τῷ
3785 5280 3851 5349 οβ’

2310 5396 2512 5467 ψαλμῷ
2542 5395 2674 5465 περὶ
2698 5393 2806 5447 τῶν
2839 5390 3097 5443 τοιούτων
3126 5389 3297 5457 λέγει,
3355 5385 3438 5438 ὅτι
3521 5381 3613 5434 καὶ
3663 5374 3851 5442 ἡμέραι

2312 5485 2562 5555 πλήρεις
2593 5483 3021 5552 εὑρεθήσονται
3046 5482 3114 5535 ἐν
3144 5478 3366 5546 αὐτοῖς.
3387 5476 3554 5545 Δῆλον
3584 5471 3673 5526 οὖν
3700 5471 3774 5522 ὅτι
3803 5469 3852 5516 ὲν

2315 5581 2506 5648 ἐκείνῳ
2537 5578 2763 5648 πλήρεις
2787 5575 2885 5640 τὰς
2912 5575 3123 5646 ἡμέρας
3166 5573 3358 5644 φησὶν,
3390 5569 3450 5623 οὗ
3497 5565 3634 5636 πρὸς
3677 5561 3850 5632 μέτρον

713 5771 754 5800 ¹¹
783 5770 938 5823 Deut.
968 5767 1139 5828 v1.5;
1183 5764 1372 5822 Matth.
1438 5781 1549 5829 xix,
1606 5767 1657 5820 υ.
1741 5766 1781 5796 ¹³
1819 5764 2006 5818 Matth.
2066 5778 2198 5829 χχιι,

2305 5803 2317 5817 .
2396 5761 2438 5794 ⁸⁵
2470 5759 2483 5812 1
2512 5760 2637 5816 Cor.
2679 5779 2730 5826 ι,
2769 5760 2852 5813 l5.
