4162 6288
415 304 511 367 585

1574 303 1963 364 COMMENT.
2028 301 2108 362 IN
2151 299 2515 362 PSALMOS.

3563 292 3672 357 586

412 423 502 494 τῆς
531 419 694 491 ζωῆς,
725 416 858 471 ἀλλὰ
904 416 1041 488 πρὸς
1066 417 1165 488 τὴν
1215 417 1437 480 κακίαν,
1499 419 1582 470 ὅτι
1636 418 1694 470 ai
1763 417 1971 488 ἡμέραι

2106 416 2306 470 nalitiae
2353 424 2690 468 mensuram.
2746 410 2966 464 illorum
3007 409 3151 464 enim
3183 407 3301 464 dies
3331 409 3480 464 vitiis
3523 408 3673 482 pleni

415 514 586 570 αὐτῶν
610 512 834 582 πλήρεις
868 512 968 581 τῆς
1002 509 1221 575 κακίας.
1275 510 1538 566 Ἐνταῦθα
1582 511 1638 564 δέ
1676 528 1865 582 φησιν,
1899 512 1980 565 ὅτι

2106 521 2283 575 arant;
2313 508 2418 562 hoc
2447 515 2629 561 autem
2663 504 2716 558 in
2745 505 2864 558 loco
2894 505 2992 568 ait,
3023 503 3166 574 quod
3193 504 3502 573 praevidens
3532 503 3676 560 Deus

418 604 671 676 προειδὼς
698 603 724 655 ὁ
751 602 883 665 Θεὸς
917 601 1016 673 τὴν
1047 601 1318 675 ἀμετρίαν
1369 605 1466 673 τῆς
1515 603 1717 666 κακίας
1779 602 1980 668 αὐτῶν,

2091 603 2365 656 scelerum
2410 597 2835 653 innuensitatem
2865 635 2880 662 ,
2913 610 3007 652 eos
3033 606 3160 651 ante
3187 606 3404 666 tempus
3459 597 3676 662 evellet,

416 695 788 768 προεκθερίζει
819 697 1065 760 τούτους,
1098 695 1186 749 ἵνα
1225 696 1300 767 μὴ
1336 695 1522 750 πλεῖον
1547 695 1865 768 ἁμάρτωσι,
1891 698 1988 751 καί

2106 710 2160 747 oe
2181 693 2396 748 scilicet
2424 691 2598 760 magis
2624 699 2886 760 peccent:
2907 689 3049 743 unde
3074 688 3260 744 divina
3285 688 3574 760 castigatio
3594 691 3678 743 eis

413 791 614 858 γίνεται
648 788 1031 859 φιλανθρωπία
1072 790 1104 858 ἡ
1138 787 1398 858 τιμωρία.
1470 788 1530 841 Ὀ
1570 787 1625 841 δέ
1670 785 1832 857 λόγος
1885 787 1987 841 οὐκ

2106 783 2326 840 silit-itur
2382 782 2435 836 in
2465 779 2928 836 miscricordiam.
2975 780 3041 835 Et
3076 797 3260 835 sermo
3288 782 3390 836 istc
3423 798 3530 835 non
3559 781 3686 835 uni-

413 881 520 936 ἒστι
551 881 857 946 καθολικὺς,
913 879 1029 933 ἀλλ’
1081 882 1189 936 ἀπὸ
1222 881 1317 933 τοῦ
1375 879 1805 944 πλεονάζοντος⁹
1866 879 1989 932 ἐπεί

411 991 550 1036 τινες
574 974 830 1038 τοιοῦτοι,
859 975 924 1044 τῇ
957 970 1126 1045 κακίᾳ.
1163 974 1675 1043 συγκατεγήρασαν.
1715 967 1882 1026 Εἶπεν
1935 971 1992 1025 δὲ

410 1065 583 1131 τοῦτο,
622 1067 964 1136 ἐκδειματῶν
991 1065 1116 1129 τοὺς
1146 1067 1425 1134 φονικοὺς,
1458 1065 1552 1119 καὶ
1580 1065 1791 1129 δολίους
1823 1082 1837 1096 ·
1897 1065 1991 1121 ἄνα

412 1158 529 1226 δρες
563 1159 620 1212 δὲ
648 1159 901 1228 αἱμάτων
931 1159 1024 1212 καὶ
1058 1158 1372 1230 δολιότητος
1415 1158 1664 1230 εἴρηκεν,
1698 1163 1775 1223 ὠς
1806 1159 1995 1230 ἀνδρι-

411 1251 667 1321 ζομένους
701 1255 782 1317 εἰς
815 1252 1009 1322 φόνους
1042 1253 1137 1306 καὶ
1157 1253 1340 1317 δόλους
1373 1267 1387 1283 ⁸
1421 1253 1510 1307 διὰ
1563 1252 1620 1306 δὲ
1673 1252 1767 1306 τοῦ
1818 1250 1994 1316 δόλου,

413 1345 590 1397 πᾶσαν
627 1344 830 1399 κακίαν
857 1342 1098 1415 ᾐνίξατο.
1135 1345 1348 1410 ’Ἄλλως
1400 1363 1483 1410 τε,
1538 1344 1728 1418 ὥσπερ
1783 1345 1998 1416 ἂνθρω-

411 1452 508 1487 πον
535 1434 758 1506 εἰρήνης
789 1436 939 1505 λέγει
990 1436 1082 1491 τὸν
1136 1437 1436 1508 εἰρηνικὸν,
1487 1437 1630 1490 οῦτω
1673 1437 1768 1491 καὶ
1823 1435 1994 1507 ἄνδρα

409 1526 676 1599 αίμὰτων,
702 1530 794 1582 τὸν
819 1527 1122 1601 αἱμοχαρῆ,
1156 1530 1248 1582 καὶ
1270 1530 1369 1583 ὅσα
1405 1527 1653 1584 τοιαῦτα.

2097 873 2354 940 versalis,
2378 871 2597 926 tametsi
2640 872 2693 925 in
2723 870 2973 940 pluribus
3009 869 3062 924 id
3097 871 3400 939 contingat.
3437 869 3689 925 Nonnul-

2098 969 2177 1021 los
2208 967 2356 1023 enim
2410 980 2535 1020 cum
2592 963 2711 1020 suis
2755 964 2905 1020 vitiis
2956 963 3208 1020 videmus
3257 980 3682 1020 consenescere.

2097 1061 2213 1116 lloc
2265 1070 2448 1115 autem
2506 1058 2665 1124 dixit,
2716 1066 2775 1112 ut
2825 1057 3276 1128 sanguinolentos
3343 1072 3406 1113 ac
3460 1059 3687 1116 dolosos

2098 1155 2250 1210 viros
2297 1153 2776 1225 perterrefaeeret.
2817 1150 2979 1206 Viros
3017 1160 3203 1206 autem
3257 1150 3591 1222 sanguiuum
3635 1158 3690 1207 ct

2099 1246 2323 1302 dolosus
2353 1245 2515 1310 dixit,
2570 1244 2737 1301 veluti
2768 1244 3004 1300 viriliter
3053 1251 3280 1314 agentes
3329 1245 3474 1298 circa
3527 1243 3687 1299 dolos

2106 1351 2162 1396 et
2199 1341 2372 1396 czedes
2406 1360 2417 1394 :
2453 1349 2505 1396 et
2543 1356 2640 1410 per
2671 1339 2856 1393 dolum
2884 1353 3051 1392 omne
3081 1338 3276 1392 vitium
3307 1338 3586 1408 intelligit.
3621 1336 3690 1392 Et

2104 1432 2569 1504 quemadmodum
2616 1447 2999 1503 saepenumero
3043 1430 3220 1487 virum
3256 1432 3433 1501 pacis,
3474 1433 3686 1486 dictum

2103 1527 2410 1597 reperimus
2446 1527 2588 1597 apud
2624 1523 2966 1596 Scripturam
2991 1567 3004 1591 ,
3040 1539 3142 1596 pro
3175 1527 3292 1581 viro
3321 1524 3574 1598 paciﬁca,
3618 1526 3692 1585 ita

408 1639 461 1697 et
499 1628 674 1682 virum
702 1629 1030 1695 sanguinum
1061 1644 1209 1685 nunc
1253 1630 1381 1700 poni
1423 1627 1702 1689 videmus.
1738 1642 1839 1700 Pro
1871 1626 1988 1680 viro
2029 1625 2390 1696 sanguinario
2417 1666 2431 1690 ,
2470 1624 2577 1680 hoc
2606 1633 2723 1692 est,
2769 1636 2873 1690 pro
2908 1639 2973 1679 eo
3040 1625 3136 1694 qui
3202 1625 3473 1686 sanguine
3539 1627 3694 1683 dele-

410 1729 609 1774 ctatur.
641 1721 706 1775 Et
735 1721 842 1775 alia
873 1719 1122 1792 ejusdem
1158 1719 1328 1776 modi.

490 1833 643 1903 Ἐγὼ
665 1832 752 1898 δὲ,
786 1827 984 1902 Κῦριε,
1018 1833 1210 1888 ἐλπιῶ
1237 1835 1336 1888 ἐπὶ
1376 1835 1476 1889 σέ.
1536 1835 1709 1888 Τοῦτο
1765 1832 1997 1902 σύνηθες

2181 1829 2293 1898 Ego
2329 1837 2506 1882 autem
2558 1827 2779 1896 sperabo
2811 1826 2864 1879 in
2903 1835 2976 1892 te,
3003 1825 3249 1889 Domine,
3283 1827 3406 1882 Haec
3439 1837 3527 1883 est
3567 1844 3689 1886 eon-

411 1928 496 1980 ἀεὶ
521 1926 857 1998 ἐπιφώνημα
887 1927 966 1997 τῷ
991 1928 1158 1982 Δαὸίδ
1191 1945 1205 1961 ο
1233 1928 1382 1994 ἆπαξ
1409 1928 1519 1999 γὰρ
1569 1927 1850 1999 πειραθεὶς
1906 1927 2000 1979 τοῦ

409 2019 626 2090 καρποῦ
653 2022 754 2090 τῆς
780 2019 860 2082 εἰς
886 2019 1022 2074 Θεὸν
1060 2019 1294 2088 ἐλπίδος,
1323 2021 1416 2075 καὶ
1444 2022 1653 2086 ἐλπίζει
1684 2021 1888 2084 διόλου,
1911 2021 2006 2073 καὶ

414 2109 665 2172 ἐλπίζειν
717 2108 994 2178 ὁμολογεῖ.
1051 2108 1311 2182 Ἀρμόσει
1362 2109 1408 2163 δ’
1451 2111 1518 2166 ἂν
1541 2113 1637 2165 καὶ
1658 2113 1789 2182 ἡμῖν
1817 2112 1846 2164 ό
1872 2108 2006 2179 ψαλα

413 2202 535 2272 μὸς,
555 2200 666 2271 (93)
689 2199 857 2271 χωρὶς
871 2199 1071 2269 ὀλίγων
1091 2202 1292 2272 ῥητῶν,
1330 2203 1364 2257 ἂ
1395 2206 1489 2258 καὶ
1514 2204 1795 2275 προϊόντες
1811 2219 2006 2273 σημει-

419 2293 710 2366 ωσόμεθα.
741 2291 824 2344 Τὰ
858 2291 957 2362 μὲν
975 2289 1070 2346 οὖν
1097 2292 1364 2362 εὔληπτα,
1397 2295 1717 2365 παρήσομεν
1744 2294 2001 2356 νοεῖσθαι,

410 2389 558 2441 κατὰ
582 2386 682 2457 τὴν
718 2387 832 2457 (94)
857 2387 1370 2458 προαποδεδομένην
1411 2387 1675 2459 ἐξήγησιν
1708 2405 1723 2418 ’
1781 2388 1851 2440 τὰ
1876 2386 2005 2439 δυσ-

406 2478 719 2549 χερέστερα
770 2477 849 2544 δέ,
883 2477 1399 2548 μεταχειρισάμεθα.
1465 2478 1808 2548 Ἐλυπήθην
1831 2478 1902 2532 ἐν
1929 2479 2003 2548 τῇ

407 2572 757 2641 ἀδολεσχίᾳ
799 2587 942 2640 μου,
997 2570 1223 2642 δηλαδὴ,
1258 2575 1326 2643 τῇ
1375 2570 1512 2643 πρὸς
1562 2571 1693 2636 τοὺς
1733 2571 2002 2642 ἐμπαθεῖς

410 2665 721 2734 λογισμοὺς
744 2663 932 2736 ὁμιλίᾳ
963 2681 1066 2734 μου
1095 2681 1108 2694 ο
1141 2663 1318 2734 λύπην
1349 2663 1456 2736 γὰρ
1492 2664 1717 2736 ὕστερον
1742 2667 1805 2719 ἐκ
1832 2683 2002 2734 μετα-

411 2756 644 2825 μελείας
683 2756 934 2825 ἐπιφέρει
963 2771 976 2783 ο
1008 2754 1132 2826 ἦτῇ
1166 2757 1302 2828 πρὸς
1332 2757 1457 2820 τοὺς
1478 2756 1738 2826 τυχόντας
1789 2755 2004 2827 ἀνθρώ-

409 2865 549 2910 πους
620 2846 980 2920 ἀκαιρολογίᾳ
1042 2865 1144 2919 μου
1174 2864 1186 2877 ·
1239 2849 1333 2901 καὶ
1383 2847 1712 2918 ἐταράχθην,
1764 2847 1875 2902 ἀπὸ
1904 2848 2003 2918 τῆς

408 2939 692 3008 ὑποϐολῆς
719 2940 814 2994 τοῦ
850 2941 1046 3012 ἐχθροῦ
1084 2957 1186 3010 μου
1221 2941 1315 2993 καὶ
1348 2939 1682 3010 ἀμαρτωλοῦ
1706 2938 1958 3011 δαίμονος
1985 2956 1998 2967 ·

407 3034 709 3104 ἐμὰκρυνα
728 3033 784 3086 δὲ
819 3034 927 3087 ἀπὸ
960 3033 1054 3087 τοῦ
1085 3032 1242 3099 Θεοῦ,
1274 3031 1558 3103 κολληθεὶς
1595 3035 1707 3097 τοῖς
1758 3033 1998 3104 δαίμοσι,

405 3123 494 3177 διὰ
527 3126 632 3196 τῆς
654 3125 749 3179 τοῦ
783 3125 900 3196 βίου
928 3144 1029 3198 μου
1069 3127 1398 3199 μιαρότητος
1421 3143 1436 3156 ·
1477 3127 1569 3181 καὶ
1619 3127 1884 3196 ηὐλίσῦην
1944 3129 2002 3180 ἐν

2112 3128 2358 3186 dolorem
2418 3126 2548 3180 milii
2597 3127 2854 3184 afferunt.
2940 3123 3036 3182 Vel
3096 3127 3116 3199 [
3159 3130 3286 3197 quia
3327 3168 3342 3192 ,

2108 1932 2264 1976 sueta
2299 1918 2575 1975 invocatio
2607 1918 2748 1972 beati
2783 1917 2951 1972 David
2984 1936 2996 1970 :
3024 1917 3116 1988 qui
3146 1933 3270 1973 cum
3309 1921 3513 1991 sapius
3542 1921 3696 1977 illius

2108 2015 2222 2086 spei
2245 2015 2487 2069 fructum
2503 2009 2963 2081 expcrtusl‘uerit,
2980 2011 3165 2080 quain
3184 2009 3353 2066 Deum
3387 2021 3494 2080 est,
3519 2014 3695 2084 impo-

2107 2117 2316 2164 sterum
2361 2114 2415 2161 et
2456 2104 2709 2161 stabilem
2741 2103 2794 2158 in
2822 2117 2888 2158 eo
2923 2118 3076 2175 spem
3117 2104 3376 2172 collocat,
3420 2114 3476 2161 et
3523 2108 3696 2162 collo-

2108 2212 2267 2253 casse
2298 2212 2417 2252 eam
2453 2194 2767 2251 conﬁtetur.
2809 2193 3081 2264 Congruit
3106 2195 3272 2249 etiam
3318 2195 3407 2252 hic
3448 2196 3698 2266 psalmus

2109 2290 2367 2344 omnibus
2394 2287 2667 2353 ﬁdelibus,
2695 2285 2889 2356 paucis
2918 2294 3129 2340 tantum
3158 2288 3430 2358 exceptis,
3481 2303 3601 2358 qua:
3641 2289 3696 2343 in

2107 2395 2402 2452 progressu
2445 2377 2780 2434 declarando
2825 2377 3299 2448 signiticabirnus;
3356 2394 3545 2434 verum
3585 2397 3698 2437 non

2107 2479 2290 2532 omnia
2319 2492 2538 2532 rursum
2571 2490 2934 2546 exponemus,
2964 2475 3060 2531 sed
3091 2474 3418 2530 obscuriora
3458 2484 3696 2530 tantum.

2106 2571 2241 2626 Nam
2283 2586 2403 2641 qua:
2437 2569 2620 2623 facilia
2685 2575 2836 2632 sunt,
2869 2567 3116 2622 sinemus
3153 2567 3379 2638 intelligi
3415 2568 3574 2636 juxta
3603 2585 3700 2625 ex-

2109 2667 2437 2737 positionem
2473 2663 2584 2734 jam
2626 2663 2884 2717 traditam
2921 2682 2934 2716 :
2973 2661 3333 2718 Contristatus
3363 2680 3480 2717 sum
3516 2663 3570 2717 in
3595 2681 3699 2718 me-

2107 2754 2362 2810 ditatione
2407 2770 2543 2820 mea,
2601 2752 2706 2808 hoc
2759 2761 2880 2818 est,
2925 2751 2979 2806 in
3027 2755 3450 2810 conversatione
3477 2797 3490 2819 ,
3532 2770 3696 2826 quam

2107 2846 2272 2902 habui
2297 2845 2422 2902 dum
2445 2847 2498 2900 in
2521 2844 2950 2915 cogitationibus
2967 2860 3146 2902 essem
3173 2848 3696 2918 perturbatissimis.

2108 2939 2509 3009 aflectibusque
2562 2954 2625 2994 ac
2696 2937 3053 3008 passionibus
3106 2940 3308 3010 plenis.
3362 2939 3697 3012 Huiusmodi

2107 3037 2254 3092 enim
2317 3035 2681 3106 cogitationes
2742 3049 2910 3100 meae,
2968 3035 3265 3090 subsecuta
3330 3038 3700 3106 poenitentia,

3402 3140 3462 3183 ut
3532 3144 3700 3200 supe-

402 3217 472 3284 τῇ
518 3189 755 3284 ἐρίτιμίᾳ,
783 3189 891 3267 ’καὶ
928 3189 1218 3286 ’ἀκαρπίῇ
1282 3189 1767 3284 ίίαταπόντιοόν,
1809 3189 2002 3286 Ιξύριε,

2121 3219 2239 3275 rius
2315 3219 2559 3275 diximus
2607 3259 2622 3284 ,
2672 3216 2860 3273 Graeca
2949 3217 3120 3274 dictio
3207 3219 3498 3291 ἀδολεσχία
3579 3189 3690 3276 non

404 3309 508 3361 καὶ
553 3306 883 3362 καταὸίελε
908 3309 1015 3375 τὰς
1045 3307 1332 3377 γλώσσας
1363 3306 1584 3374 αὐτῶν,
1647 3309 1756 3362 τῶν
1813 3311 2006 3381 δαιμό-

402 3418 536 3464 νων,
564 3400 712 3454 ὦστε
751 3402 829 3471 μὴ
849 3399 1114 3455 δύνασθαι
1142 3402 1460 3472 συμφωνεῖν
1499 3402 1576 3465 είς
1604 3401 1702 3466 τὰς
1727 3402 1848 3454 κατ’
1869 3401 2006 3473 ἐμοῦ

401 3493 732 3558 ἐπιϐουλὰς,
755 3494 875 3547 Ὅτι
931 3490 1098 3548 εἶδον
1127 3495 1379 3563 ἀνομίαν
1415 3495 1513 3549 καί
1545 3497 1899 3566 ἀντιλογίαν
1937 3497 2009 3550 ἐν

399 3585 478 3652 τῇ
507 3587 715 3651 πόλει,
751 3586 940 3656 ἤγουν,
977 3587 1034 3640 ἐν
1066 3590 1134 3659 τῇ
1167 3587 1413 3658 πολιτεία
1447 3587 1648 3645 αὐτῶν.
1717 3588 2008 3659 Ἀνομοῦσι

401 3680 518 3748 γὰρ
562 3679 1003 3748 ἁμαρτάνοντες,
1037 3679 1134 3732 καὶ
1162 3679 1506 3746 ἀντιλέγουσι
1546 3681 1657 3742 τοῖς
1693 3683 1808 3745 σοῖς
1836 3697 2003 3750 προσ.

395 3774 665 3840 τάγμασι
697 3787 711 3800 ο
747 3770 900 3842 τείχη
925 3771 982 3825 δέ
1015 3771 1206 3842 αὐτῆς,
1243 3772 1290 3825 οἱ
1330 3771 1664 3843 ἰσχυρότεροι
1704 3771 1766 3836 ἐξ
1787 3773 1966 3827 αὐτῶν
1991 3790 2006 3804 ο

398 3863 581 3925 κόπος
660 3862 717 3915 δὲ
775 3863 834 3916 ἐν
912 3862 1062 3933 μέσῳ
1128 3864 1337 3932 αὐτῆς,
1397 3864 1484 3918 διὰ
1560 3865 1688 3928 τοὺς
1761 3864 2006 3938 στεῤῥῶς

395 3955 601 4018 αὐτοῖς
655 3955 1194 4026 ἀνταγωνιζομένους
1223 3973 1238 3988 ο
1300 3955 1553 4010 πλατεῖαι
1605 3955 1665 4009 δὲ
1715 3957 1912 4026 αὐτῆς,
1948 3961 2006 4010 αι

395 4045 517 4098 ὁδοὶ
547 4045 762 4113 αὐτῶν,
798 4047 870 4109 ὠς
898 4047 1274 4118 ἀντικείμεναι
1311 4051 1376 4119 τῇ
1401 4051 1558 4120 στενῇ
1582 4047 1686 4118 ὁδῷ
1705 4049 1797 4102 τοῦ
1827 4049 1966 4103 Θεοῦ
1987 4065 2003 4078 ⁸

398 4139 576 4200 τόκος
609 4138 693 4202 δέ,
729 4139 762 4208 ή
796 4138 1082 4209 προσθήκη
1114 4139 1210 4206 καὶ
1235 4139 1461 4207 έπαυξις
1493 4141 1594 4208 τῆς
1635 4140 1748 4216 (95)
1803 4141 2006 4214 προθυ-

400 4232 546 4300 μίας
583 4247 599 4262 ⁶
643 4233 708 4284 τὸ
739 4229 818 4295 δέ,
853 4230 985 4284 Ὀτι
1007 4233 1061 4283 εί
1090 4232 1123 4285 ὀ
1154 4232 1370 4301 ἐχθρὸς
1397 4231 1676 4286 ὠνείδισέ
1697 4250 1796 4301 με,
1822 4235 1916 4288 καὶ
1936 4235 2006 4287 τὰ

393 4323 560 4394 ἐξῆς,
600 4323 735 4394 ἄχρι
759 4321 876 4386 τοῦ,
923 4323 1169 4378 Ἐλθέτω
1204 4324 1280 4393 δὴ
1312 4318 1570 4390 θάνατος
1607 4324 1702 4378 ἐπ’
1758 4327 2003 4394 αὐτοὺς,

393 4419 701 4490 προσώπῳ
761 4417 856 4470 τοῦ
912 4417 1151 4488 Χριστοῦ
1211 4417 1321 4489 (96)
1379 4419 1674 4488 λέγονται,
1717 4420 1861 4475 κατὰ
1911 4419 2006 4473 τοῦ

405 4513 624 4577 Ἰούδα,
656 4509 842 4573 καθὼς
867 4511 1174 4581 εἰρήκαμεν
1207 4526 1224 4541 ·
1279 4511 1480 4565 ἐλθέτω
1517 4511 1576 4565 δέ
1631 4512 1859 4577 θάνατος
1911 4513 2006 4566 ἐπὶ

389 4609 532 4670 τοὺς
573 4604 867 4674 δαίμονας,
901 4603 1023 4673 ἢτοι
1065 4604 1335 4675 παντελὴς
1387 4605 1773 4676 ἀνενεργησία.
1834 4605 1910 4660 Τὸ
1950 4607 2008 4659 δὲ

390 4699 540 4768 ἑξῆς
577 4698 1064 4770 προηρμήνευται.
1090 4698 1383 4768 Παροικίαι
1416 4698 1473 4751 δέ
1501 4697 1708 4760 αὐτῶν,
1772 4697 1823 4750 οἱ
1871 4697 2011 4768 πλη-

392 4790 647 4860 σιασμοὶ
679 4789 863 4844 αὐτῶν
885 4791 1020 4862 πρὸς
1046 4790 1214 4859 ἡμᾶς.
1242 4790 1382 4854 Τοὺς
1414 4789 1612 4853 αὐτοὺς
1651 4789 1709 4842 δὲ
1747 4789 1858 4844 νόει
1917 4805 2010 4858 μοι

388 4883 499 4938 καὶ
541 4882 901 4950 ἐγγίζοντας,
957 4881 1033 4944 ὡς
1062 4882 1150 4935 ἀεὶ
1199 4880 1643 4953 προσϐάλλοντας
1694 4881 1849 4950 ἡμῖν.
1904 4880 2008 4934 Ἑν

389 4976 683 5041 πολλοῖς
714 4974 782 5028 δὲ
810 4970 974 5044 ἦσαν
1005 4972 1132 5029 σὺν
1154 4974 1309 5043 ἐμοὶ,
1346 4974 1469 5028 ἀντὶ
1497 4971 1590 5027 τοῦ
1621 4973 1728 5027 Σὺν
1782 4971 2002 5036 πολλοῖς

386 5063 550 5140 ἦσαν
577 5070 648 5118 ἐν
677 5067 823 5135 ἐμοὶ,
847 5067 964 5118 κατ’
985 5064 1286 5136 ἐναλλαγὴν
1307 5064 1416 5118 τῶν
1437 5063 1752 5135 προθέσεων
1778 5079 1792 5095 ο
1817 5064 1997 5129 ὅέστι,

389 5154 611 5208 Πολλοὶ
648 5153 911 5222 συνῆλθον
946 5154 1068 5209 κατ’
1105 5155 1261 5225 ἐμοῦ.
1290 5156 1404 5208 Οὐκ
1427 5155 1543 5208 ἐστι
1568 5154 1625 5207 δέ
1669 5155 1853 5218 αὐτοῖς
1877 5156 2006 5208 ἀντ·

388 5249 687 5318 ἄλλαγμα
718 5247 831 5318 (97)
863 5246 1166 5309 τουτέστιν,
1197 5246 1509 5317 ἀνταλλαγὴ
1560 5246 1668 5299 ἀπὸ
1701 5245 1898 5311 κακίας
1922 5248 2002 5311 εἰς

389 5338 809 5414 ἀγαθωσύνην,
840 5339 917 5404 ὡς
948 5338 1390 5409 προαποδέδοται.
1470 5339 1891 5408 Ἐϐεσήλωσαν
1930 5339 2003 5394 δὲ

2114 3320 2325 3366 tantum
2358 3311 2801 3376 meditationem,
2833 3311 2927 3366 sed
2966 3313 3335 3381 nugacitatem
3368 3316 3560 3377 etiam,
3601 3324 3700 3368 aut

2112 3407 2517 3476 argutationem
2544 3402 2840 3472 signiﬁcat,
2867 3401 3028 3470 juata
3051 3404 3217 3458 alium
3239 3420 3490 3471 sensum,
3538 3407 3628 3463 dic
3656 3407 3699 3480 ς]

2112 3496 2498 3551 Contristatus
2533 3511 2653 3550 sum
2691 3494 3080 3565 intempestivo
3110 3512 3367 3553 sermone
3402 3513 3546 3565 meo,
3590 3515 3703 3571 quo

2112 3589 2340 3644 assidue
2373 3589 2427 3643 in
2456 3587 2797 3657 quotidianis
2831 3588 3130 3659 colloquiis
3150 3589 3430 3660 superﬂue
3459 3601 3622 3656 utor,
3651 3610 3701 3648 et

2113 3679 2357 3733 turbatus
2392 3695 2511 3732 sum
2542 3680 2608 3732 ab
2635 3679 2847 3733 inimici
2887 3680 3017 3739 mei.
3053 3688 3108 3735 et
3136 3681 3206 3734 ab
3249 3681 3403 3751 inqui
3471 3697 3538 3738 ac
3575 3699 3705 3754 pec-

2111 3773 2318 3829 catoris
2347 3773 2611 3829 dacnmnis
2636 3774 2990 3844 suggestione
3014 3773 3340 3845 :Elongams
3385 3779 3547 3831 etiam
3583 3795 3702 3832 sum

2111 3884 2144 3920 a
2174 3866 2303 3932 Deo,
2333 3873 2387 3921 et
2416 3865 2623 3920 adbmsi
2659 3865 2900 3931 diabolo,
2932 3869 3118 3936 pravis
3163 3869 3425 3922 nimirum
3458 3871 3699 3925 actioni-

2112 3959 2406 4025 busmeis;
2444 3969 2492 4014 et
2519 3960 2695 4012 mansi
2715 3961 2771 4012 in
2795 3960 3109 4027 solitudine,
3129 3977 3227 4016 seu
3267 3960 3355 4033 [ut
3382 3963 3704 4032 expressius

2111 4051 2166 4104 in
2197 4051 2390 4107 Graeco
2417 4049 2672 4124 habetur]
2712 4054 2768 4106 in
2798 4055 2972 4108 eremo
2997 4093 3012 4118 ,
3053 4054 3158 4108 hoc
3209 4063 3316 4119 est,
3365 4055 3419 4108 in
3454 4055 3701 4120 deserto,

2109 4153 2279 4214 atque
2306 4145 2360 4200 in
2387 4146 2680 4200 sterilitate
2720 4147 3012 4203 virtutum.
3052 4145 3328 4217 Demerge,
3384 4146 3623 4210 Domine,
3652 4161 3704 4202 ct

2110 4238 2283 4294 divide
2329 4239 2537 4310 linguas
2581 4255 2806 4304 eorum;
2855 4239 3166 4294 daemonum
3215 4239 3500 4308 nimirum;
3539 4242 3702 4302 itam

2112 4331 2436 4402 conspirare
2494 4333 2731 4400 amplius
2802 4346 2912 4386 non
2964 4333 3213 4402 possint,
3258 4341 3354 4386 aut
3403 4342 3703 4393 contexere

2111 4423 2348 4479 insidias
2380 4424 2674 4479 adversum
2708 4438 2795 4479 me
2833 4442 2847 4478 :
2892 4423 3159 4490 Quoniam
3197 4425 3304 4479 vidi
3341 4426 3699 4494 iniquitatem,

2041 4547 2085 4602 υ
2111 4522 2160 4567 et
2182 4513 2654 4568 contradictionem
2697 4513 2754 4567 in
2778 4514 3020 4578 civitate,
3055 4515 3159 4571 hoc
3192 4526 3295 4583 est,
3322 4517 3377 4571 in
3423 4520 3702 4573 communi

2114 4606 2337 4661 illorum
2384 4609 2834 4662 conversatione.
2885 4607 3078 4679 Inique
3124 4609 3270 4664 enim
3321 4620 3514 4678 agunt,
3567 4611 3699 4667 dum

2119 4706 2354 4767 peccant
2389 4712 2405 4749 :
2437 4704 2493 4750 et
2541 4696 2745 4751 divinis
2792 4698 3182 4752 contradicunt
3225 4698 3524 4764 mandatis,
3567 4700 3698 4755 dum

2111 4801 2175 4840 ea
2224 4784 2736 4856 transgrediuntur;
2788 4801 2888 4856 per
2934 4801 3128 4843 muros
3177 4796 3359 4842 autem
3407 4788 3652 4844 civitatis
3681 4828 3698 4852 ,

2107 4893 2205 4936 eos
2243 4880 2520 4934 dazmones
2545 4879 2854 4950 intelligere
2887 4895 3221 4949 possumus,
3252 4881 3347 4951 qui
3382 4881 3525 4936 inter
3572 4882 3698 4938 illos

2109 4973 2447 5043 potentiores
2471 4981 2623 5028 sunt.
2651 4971 2716 5026 Et
2738 4973 2884 5043 quod
2909 4973 2984 5027 ait
3007 4973 3249 5030 laborem
3284 4989 3406 5031 eSse
3434 4974 3487 5029 in
3521 4977 3700 5030 medio

2111 5067 2260 5122 illius
2310 5066 2573 5131 civitatis,
2609 5075 2834 5136 propter
2854 5081 2950 5122 eos
2973 5067 3182 5122 dictum
3217 5076 3323 5132 est,
3349 5067 3440 5137 qui
3469 5075 3698 5125 strenue

2111 5173 2237 5214 eum
2277 5158 2388 5213 illis
2438 5158 2738 5214 decertant.
2800 5159 3007 5215 Platete
3063 5161 3193 5214 item
3230 5160 3378 5216 illius
3429 5160 3695 5224 civitatis.

2112 5250 2423 5307 daemonum
2458 5251 2556 5305 via:
2588 5259 2737 5315 sunt,
2778 5259 2964 5320 utpote
2998 5251 3198 5308 divmas
3236 5251 3311 5306 illi
3348 5251 3446 5306 vise
3474 5254 3700 5320 Opposi-

2111 5350 2198 5405 ta,
2229 5357 2394 5413 quam
2425 5353 2636 5397 arctam
2665 5357 2788 5399 esse
2809 5342 3044 5414 legimus
3069 5344 3125 5398 in
3160 5342 3477 5414 Evangelio.
3513 5341 3694 5398 Usura

1765 5520 1962 5584 Variae
2000 5520 2334 5587 lectiones.

635 5644 724 5724 Al.
751 5644 828 5697 Δι’
849 5642 1066 5724 ὀλίγωνΞ

471 5713 605 5790 (94)
655 5716 740 5790 ᾼΡο
770 5713 1193 5790 προδεδρμινην·

474 5785 609 5862 (95)
649 5785 736 5840 ΑΙ.
764 5787 1063 5854 ἁμαρτίας.

715 5882 985 5943 ΡΑτιιοι..
1016 5881 1136 5944 Gn.
1162 5879 1476 5944 CXXVIII.

2190 5649 2302 5718 (96)
2342 5647 2425 5702 Al.
2448 5648 2699 5716 λέγομεν.

2187 5718 2299 5792 (97)
2336 5721 2418 5773 Al.
2449 5719 2614 5788 ήτουν
2641 5719 2934 5792 ἐναλλαγή,

3135 5871 3210 5938 19
