4082 6264
634 291 737 360 591
1857 300 2243 363 EUTHYMII
2292 302 2656 366 ZIGABENI
3784 308 3872 374 592

700 411 870 477 Deus,
920 406 1085 462 vitam
1128 422 1297 461 meam
1332 405 1647 463 annuntiavi
1683 406 1799 462 tibi.
1832 411 2217 468 Conversatioo

2405 414 2471 467 '0
2513 415 2678 481 Θεὸς,
2732 410 2850 481 τὴν
2876 410 3034 485 ζωήν
3074 429 3194 485 μου
3246 413 3567 485 chinea/id
3612 428 3723 471 σοι.
3776 419 3878 493 Τὴν

627 519 754 560 nem
782 500 881 559 tibi
905 512 1081 556 meam
1113 500 1442 571 signiﬁcavi,
1477 500 1781 557 secundum
1812 518 1980 573 quam
1999 504 2216 575 jamdiu

2320 506 2603 563 πολιτείαν
2634 525 2740 580 μου
2776 508 3106 579 ἐφανέρωσὰ
3128 524 3234 577 σοι,
3268 509 3337 580 ἣν
3370 508 3497 579 ἄρτι
3527 508 3871 584 πολιτεύομαι.

626 613 775 653 γινο.

698 688 943 743 Posuisti
968 688 1234 758 lacrymas
1260 702 1403 740 mens
1426 687 1481 739 in
1506 697 1785 755 conspectu
1808 698 1919 752 tuo,
1956 688 2216 757 quemad-

2396 695 2577 750 Ἕθου
2621 694 2695 750 τὰ
2744 694 2979 765 δάκρυα
3027 694 3286 751 ἐνώπιόν
3322 711 3463 763 σου,
3496 697 3698 765 (Jac-ua!
3729 700 3873 777 ἐντῇ

628 784 868 845 modum,
920 790 971 836 et
1022 781 1077 833 in
1111 780 1462 849 promissione
1496 791 1610 833 tua.
1649 778 1732 832 Tu
1766 780 1976 846 vidisti,
2015 781 2217 846 inquit.

2320 787 2653 858 ἐπαγγελίᾳ
2690 803 2832 845 σου.
2878 790 3129 853 Ἐπεῖδες
3171 788 3241 843 τὰ
3273 790 3490 861 δάκρυά
3522 808 3647 861 μου,
3691 794 3759 856 ὡς
3794 796 3874 849 καὶ

628 878 899 948 lacrymas
934 889 1105 937 meas,
1158 873 1622 942 quemadmodum
1656 872 1937 943 pollicitus
1975 876 2108 928 olim
2154 889 2217 930 es

2320 879 2377 931 tv
2400 882 2467 949 τῇ
2485 880 2791 953 ἐπαγγελίᾳ
2814 896 2911 933 σου
2940 881 3201 952 ὑπέσχου.
3230 881 3559 951 Νομοθετῶν
3580 885 3702 951 γὰρ,
3723 885 3877 952 iur-,1-

629 971 684 1023 iu
718 969 1091 1039 promissione
1142 978 1255 1021 tua.
1294 965 1488 1036 Legem
1538 968 1686 1021 enim
1720 974 1994 1034 Statuens,
2028 968 2217 1024 dixisti

2320 971 2541 1040 γείλατο
2575 972 2707 1043 περὶ
2738 970 2835 1026 τοῦ
2867 973 3252 1044 ἀδικουμένου,
3304 974 3389 1029 ὅτι
3434 973 3708 1039 Στενὰξει
3746 977 3871 1044 πρός

628 1066 694 1118 de
724 1062 982 1118 omnibus
1024 1061 1115 1131 qui
1145 1060 1403 1130 iniuriam
1448 1062 1734 1131 patiuntur
1762 1080 1778 1115 :
1841 1058 2111 1115 Clamabit
2144 1061 2217 1116 ad

2320 1081 2411 1134 με,
2435 1065 2531 1120 και
2557 1065 2978 1137 ἐπακούσοιιαι
3010 1067 3199 1122 αὐτοῦ
3229 1084 3245 1099 ο
3307 1067 3583 1138 ἐλεήμων
3614 1068 3717 1138 γάρ
3753 1071 3873 1139 ειμι.

629 1172 732 1219 mc,
765 1166 931 1224 et,ego
958 1152 1249 1206 exaudiant
1273 1168 1412 1217 eum,
1453 1152 1756 1205 misericors
1788 1151 1930 1206 enim
1962 1167 2081 1206 sum
2111 1154 2179 1208 ".

698 1248 1083 1299 Coiivertentur
1123 1243 1327 1299 inimici
1360 1244 1460 1297 mei
1487 1252 1797 1298 retrorsum.
1837 1244 1955 1299 Hoc
1986 1254 2092 1309 est,
2126 1242 2214 1298 lu-

2391 1252 2914 1323 Ἐπιστρέψουσιν
2947 1256 3005 1308 οι
3040 1254 3244 1323 ἐχθροί
3283 1272 3405 1324 μου
3431 1258 3522 1322 εις
3565 1255 3637 1310 τὰ
3685 1256 3875 1311 ὀπίσω.

629 1341 801 1412 gient.
834 1337 1095 1394 Prmdicit
1125 1337 1297 1403 enim,
1345 1335 1493 1409 quod
1526 1336 1776 1391 futurum
1824 1345 1965 1392 erat.
1999 1336 2216 1392 Secunv

2331 1346 2881 1417 Ἀποστραφήσονται
2896 1350 2977 1413 εἰς
2991 1351 3061 1402 τὰ
3075 1349 3271 1415 ὀπίσω,
3292 1349 3560 1416 τουτέστι,
3584 1348 3870 1417 φεύξονται·

628 1435 757 1489 dum
794 1447 1077 1504 anagogen
1110 1445 1240 1485 vero
1273 1428 1459 1485 dicere
1490 1443 1810 1499 possumus,
1835 1430 1982 1500 quod
2015 1443 2214 1501 quem-

2323 1438 2636 1509 προφητεία
2681 1438 2740 1491 “
2782 1438 2963 1495 τοῦτο.
3008 1439 3401 1508 Ἀναγωγικῶς
3441 1438 3522 1506 δὲ,
3560 1438 3877 1543 χορεύοντες

628 1529 924 1585 admodum
972 1526 1254 1581 daamones
1316 1524 1512 1594 praeire
1563 1538 1664 1579 nos
1713 1525 1918 1589 solent,
1998 1525 2217 1595 quoties

2329 1528 2431 1599 μὲν
2462 1529 2617 1601 ὑμῶν
2654 1532 2705 1585 oi
2750 1530 3006 1602 δαίμονες
3046 1530 3439 1603 προηγοῦνται,
3463 1524 3877 1595 ὐποδεικῗύοντις

627 1639 731 1679 nos
755 1639 817 1678 su
828 1618 1141 1692 peraverint
1165 1626 1222 1674 et
1247 1617 1391 1672 viam
1420 1617 1583 1671 nobis
1607 1616 1903 1672 ostendere
1922 1629 2044 1688 qum
2063 1616 2217 1672 ducit

2320 1623 2455 1694 ήμῐν
2484 1624 2586 1695 τὴν
2623 1623 2704 1686 εἰς
2758 1624 3041 1678 ἀπώλειαν
3078 1624 3356 1697 φέρουσαν
3398 1623 3556 1679 ὀδόν·
3603 1622 3877 1694 ἡττώμενοι

627 1715 696 1768 ad
729 1712 1135 1784 perditionem:
1182 1710 1257 1764 ita
1298 1708 1522 1780 quoties
1547 1723 1575 1762 a
1602 1710 1763 1765 nobis
1809 1710 1941 1764 victi
1982 1708 2213 1772 iuerint,

2320 1711 2401 1778 δὲ,
2435 1712 2661 1767 ἕπονται
2693 1711 3193 1778 καθυλακτοῦντες.

626 1780 797 1873 retro,
829 1812 954 1877 post
981 1818 1087 1861 nos
1116 1809 1535 1873 consequuntur
1564 1802 1932 1859 oblatrantes.
2245 1780 2289 1836 Β

700 1899 769 1955 In
806 1912 1115 1970 quacunque
1142 1899 1227 1953 die
1254 1898 1563 1953 invocarem
1587 1906 1656 1959 te,
1683 1912 1798 1952 ecce
1840 1898 2059 1968 cognoui
2078 1896 2218 1968 quod

2407 1892 2515 1946 Ἕν
2548 1909 2585 1965 η
2613 1892 2693 1947 ἂν
2715 1893 2909 1965 ἡμέρᾳ
2934 1896 3395 1974 ἐπικαλέσωμαι
3426 1912 3521 1963 σε,
3554 1895 3685 1952 laci:
3712 1898 3883 1967 ἕτγων

629 2006 686 2049 ιιι
730 1994 869 2049 Deus
903 2010 1049 2049 meus
1078 2009 1155 2049 es.
1188 1990 1442 2059 Quoties,
1477 1993 1678 2056 inquit,
1704 1992 1919 2046 ardenti
1951 2000 2003 2047 te
2036 1994 2218 2047 animo

2325 1985 2416 2041 ὅτι
2455 1989 2599 2055 Oed;
2621 2004 2743 2058 μου
2764 1985 2825 2042 εἶ
2844 1991 2948 2045 σύ.
2981 1990 3152 2044 Ὅταν
3175 1990 3255 2056 δὲ,
3277 1993 3463 2062 φησὶν,
3487 1990 3879 2061 ἐπικαλέσωμαι

626 2087 927 2159 aliquando
959 2086 1319 2149 invocavero,
1348 2086 1536 2140 statim
1571 2084 1830 2155 cognovi,
1859 2083 1964 2139 hoc
1979 2094 2084 2153 est,
2122 2098 2215 2139 co-

627 2196 860 2254 gnosco,
894 2179 1041 2251 quod
1070 2188 1129 2234 tu
1181 2177 1327 2234 Deus
1360 2192 1516 2233 meus
1535 2194 1618 2233 es.
1665 2175 1859 2233 Posuit
1888 2177 2034 2233 enim
2083 2189 2220 2234 tem-

629 2292 732 2346 pus
788 2290 887 2347 pro
933 2284 1203 2345 tempore.
1256 2270 1669 2343 Sedquomodo
1702 2273 2027 2342 cognosco?
2082 2272 2218 2329 dum

631 2368 847 2424 scilicet
875 2369 1160 2426 exaudies.

706 2461 874 2518 Vsus.
909 2462 997 2516 Η.
1033 2459 1098 2514 In
1137 2460 1243 2515 Deo
1295 2460 1528 2515 laudabo
1592 2460 1823 2529 verbum,
1889 2462 1944 2514 in
1992 2458 2218 2514 Domino

626 2555 862 2610 laudabo
898 2569 1210 2610 sermonem.
1278 2550 1517 2609 Verbum
1590 2552 1848 2607 Laudabo
1887 2593 1903 2617 ,
1962 2553 2216 2609 eumdem

631 2652 720 2705 liic
780 2663 1002 2705 sensum
1036 2648 1225 2713 habet,
1254 2663 1417 2718 quem
1453 2648 1718 2719 superius
1751 2648 2075 2705 diximusin
2099 2662 2221 2703 ver-

628 2743 803 2799 siculo
827 2758 839 2794 :
887 2741 954 2795 In
982 2741 1087 2795 Deo
1107 2739 1341 2794 laudabo
1363 2757 1627 2796 sermones
1672 2757 1811 2796 meos
1838 2756 1857 2804 ;
1884 2750 1939 2795 et
1974 2754 2069 2811 per
2096 2754 2219 2793 ver-

631 2841 784 2903 bum,
809 2837 1120 2891 breviorem
1141 2834 1457 2890 orationem
1480 2834 1761 2907 intelligit,
1788 2848 1886 2904 per
1904 2845 2217 2889 sermonem

628 2942 780 2995 vero,
813 2929 1133 2998 longiorem.

700 3018 769 3072 In
794 3017 903 3071 Deo
950 3019 1205 3087 speravi,
1264 3034 1367 3073 non
1436 3017 1624 3071 timebo
1688 3017 1814 3085 quid
1878 3017 2044 3087 faciat
2088 3015 2217 3068 mihi

2325 2080 2546 2150 θερμῶς
2576 2120 2592 2148 ,
2625 2081 2788 2145 εὐθὺς
2822 2083 3015 2151 ἔγνων,
3059 2083 3181 2136 ἀντὶ
3210 2083 3305 2137 τοῦ
3335 2083 3618 2149 Γινώσκω,
3653 2086 3733 2137 ὅτι
3764 2083 3880 2146 Θεός

2324 2187 2427 2242 μου
2454 2165 2505 2225 εἷ
2527 2172 2591 2225 σύ
2613 2188 2627 2204 ⁶
2649 2174 2984 2246 ἀντιχρονεᾳ.
3024 2174 3147 2239 Πῶς
3182 2175 3237 2229 δὲ
3266 2176 3521 2245 γινώσκω
3550 2193 3569 2245 ;
3596 2175 3807 2241 Πάντως
3830 2176 3880 2229 ιν

2319 2264 2400 2335 τῷ
2437 2266 2845 2322 εἱσακούεσθαι.

2404 2452 2536 2509 Ἐπὶ
2575 2454 2656 2522 τῷ
2688 2455 2811 2521 Θεῷ
2838 2457 3140 2512 ἐπαινέσω
3194 2456 3379 2527 ῥῆμα,
3423 2459 3519 2513 ἐπὶ
3584 2457 3666 2524 τῷ
3711 2459 3885 2527 ΚυρΙῳ

2319 2547 2621 2602 ἐπαινέσω
2648 2548 2858 2619 λόγον.
2906 2549 2982 2602 Τὸ
3031 2548 3367 2605 Ἐπαινέσω
3390 2552 3672 2605 κάνταῦθα
3718 2550 3876 2603 τοιοῦ-

2320 2639 2415 2693 τόν
2449 2641 2622 2704 ἐστιν,
2648 2636 2763 2694 οἷον
2797 2641 3029 2712 εἴπομεν
3058 2643 3155 2695 καὶ
3208 2643 3289 2706 τὸ,
3334 2645 3439 2697 ‘Er
3470 2642 3551 2708 τῷ
3583 2644 3704 2709 Θεῷ
3732 2644 3883 2697 exuto

2319 2732 2481 2789 νέσω
2509 2732 2655 2800 τοὺς
2674 2734 2901 2803 λόγους
2920 2751 3059 2802 μου.
3093 2732 3289 2804 Ῥῆμα
3327 2734 3429 2804 μὲν
3462 2730 3559 2789 οὖν
3606 2734 3771 2804 λέγει,
3804 2734 3881 2787 τὸν

2322 2826 2532 2898 βραχὺν
2561 2826 2722 2895 λόγον
2748 2839 2764 2855 °
2792 2826 2983 2897 λόγον
3006 2825 3086 2893 δὲ,
3108 2826 3200 2879 τὸν
3242 2827 3487 2897 μείζονα.

2391 3011 2523 3067 Ἐπὶ
2553 3010 2633 3076 τῷ
2652 3010 2777 3078 Θεῷ
2805 3011 3063 3083 ἤλπισα,
3098 3014 3168 3067 οὐ
3201 3010 3628 3082 φοϐηθήσομαι
3655 3013 3711 3065 τί
3734 3010 3885 3080 aoni-

632 3112 809 3167 Izomo.
867 3108 963 3165 Ille
1016 3111 1279 3165 nimirum
1335 3110 1522 3175 homo,
1575 3111 1644 3164 de
1681 3124 1793 3180 quo
1842 3108 1895 3163 in
1945 3108 2213 3180 principio

2320 3122 2414 3159 σει
2433 3123 2538 3176 μοι
2583 3106 2922 3174 ἄνθρωπος.
2955 3107 3053 3161 ‘Ov
3100 3102 3253 3160 εἶπεν
3303 3107 3362 3160 ὲν
3400 3106 3543 3177 ἀρχῇ
3590 3104 3881 3176 ἄνθρωπον,

632 3206 768 3260 dixit
799 3221 816 3258 :
852 3203 1116 3269 Quoniam
1140 3202 1469 3259 conculcavit
1507 3218 1587 3256 me
1612 3202 1786 3257 homo.

705 3384 865 3440 Vens.
897 3383 983 3439 i2.
1018 3382 1083 3439 In
1102 3399 1186 3439 me
1231 3393 1379 3447 sunt,
1413 3383 1575 3449 Deus,
1623 3391 1765 3448 uota,
1805 3396 1925 3449 qua
1994 3380 2214 3433 reddam

627 3478 962 3534 laudationis
999 3485 1123 3532 tum
1187 3478 1247 3533 In
1306 3490 1453 3544 mea,
1512 3478 1716 3547 inquit,
1788 3474 2054 3531 memoria
2110 3472 2217 3527 illa:

633 3572 970 3627 laudationis
1012 3580 1121 3625 tum
1161 3569 1565 3641 promissiones
1592 3578 1743 3634 sunt,
1783 3582 1922 3637 quas
1962 3582 2048 3620 me
2087 3566 2217 3620 red-

629 3670 872 3721 diturum
903 3666 1135 3720 afﬁrmo.
1155 3664 1445 3721 Pollicitus
1482 3666 1629 3719 enim
1672 3663 1852 3719 fuerat
1891 3663 2085 3717 beatus
2108 3660 2214 3715 Da-

630 3761 743 3823 vid,
768 3775 827 3815 se
854 3758 1020 3813 Deum
1046 3756 1459 3814 benefactorem
1486 3772 1648 3811 suum
1682 3755 2030 3809 laudaturum
2066 3766 2211 3808 esse.

702 3850 986 3907 VensJI’s.
1029 3850 1296 3916 Quoniam
1356 3850 1599 3919 eripuisti
1646 3848 1883 3902 animum
1918 3862 2091 3900 meam
2150 3844 2216 3898 de

631 3952 820 3996 morte.
855 3943 1107 3995 Animam
1141 3957 1341 4007 meam,
1371 3940 1476 3996 hoc
1541 3947 1663 4003 est,
1705 3939 1999 4009 meipsum.
2055 3935 2213 4003 Quod

636 4037 684 4090 si
748 4037 988 4089 animam
1058 4033 1113 4088 vi
1178 4048 1278 4088 sua
1338 4032 1638 4103 signiﬁcari
1699 4031 1836 4085 velis
1886 4030 2213 4100 intelligere,

635 4144 731 4197 per
762 4138 990 4183 mortem
1028 4138 1309 4196 peceatum
1344 4127 1608 4195 intelligc,
1634 4124 1805 4179 veluti
1859 4123 2005 4194 quod
2035 4124 2215 4193 primo

634 4222 881 4275 omnium
920 4219 1130 4290 parenti
1164 4220 1361 4275 mortis
1390 4233 1557 4273 causa
1591 4218 1892 4274 exstiterit.

709 4312 904 4367 Oculos
932 4330 1074 4366 meos
1107 4328 1138 4366 a
1159 4313 1435 4382 lacrymis,
1466 4312 1621 4381 pedes
1661 4328 1803 4367 meos
1842 4330 1875 4366 a
1912 4315 2088 4383 lapsu.
2111 4311 2215 4368 Per

642 4407 991 4474 Iapsum,aut
1024 4420 1265 4475 praeceps
1283 4406 1502 4475 aliquod
1533 4406 1793 4475 intellige,
1822 4407 2213 4477 autlaqueum,

636 4505 693 4549 et
725 4511 818 4566 per
843 4496 1030 4565 pedes,
1064 4496 1230 4564 hujus
1260 4496 1383 4550 vitae
1417 4496 1576 4550 viam.

716 4680 937 4734 Placebo
965 4698 1147 4734 coram
1178 4680 1404 4735 Domino
1434 4681 1487 4734 in
1517 4679 1715 4735 tantine
1742 4679 2218 4753 vicentium.||llud

632 4776 819 4845 primo
888 4772 1439 4828 animadvertendum
1498 4771 1775 4838 ducimus,
1846 4775 1992 4843 quod
2029 4773 2222 4828 Graeca

638 4868 807 4920 dictio
857 4866 1216 4935 εὐαρεστήσω
1244 4879 1354 4919 non
1404 4864 1584 4920 solum
1644 4863 1922 4934 signiﬁcat
1981 4864 2222 4933 placebo,

641 4958 736 5013 sed
770 4958 935 5015 etiam
968 4967 1179 5028 gratum
1233 4954 1474 5029 faciam].
1526 4953 1692 5011 Juxta
1751 4971 1912 5026 quem
1967 4971 2219 5023 sensum,

641 5049 774 5116 Quae
812 5049 941 5112 Deo,
974 5050 1175 5119 inquit,
1198 5059 1353 5121 grata
1385 5058 1536 5113 sunt,
1568 5049 1787 5114 iaciam,
1821 5048 2002 5105 donec
2039 5050 2218 5105 lucem

643 5149 786 5197 hanc
823 5144 1000 5209 video,
1032 5159 1156 5212 quae
1206 5143 1518 5198 viventibus
1566 5142 1736 5197 lucet.
1766 5140 1901 5196 Nam
1929 5150 2218 5213 postmer-

2318 3200 2450 3254 Ὀτι
2491 3198 2917 3270 κατεπάτησέν
2963 3216 3042 3270 με
3084 3200 3421 3268 ἄνθρωπος,
3470 3197 3663 3252 τοῦτον
3683 3199 3772 3251 καὶ
3800 3196 3883 3251 νῦν

2316 3292 2489 3347 λέγει.

2447 3312 2489 3347 ι.

2379 3309 2488 3439 ἓν
2515 3385 2669 3455 ἐμοι,
2694 3388 2729 3441 ὁ
2768 3383 2935 3451 Θεὸς,
2958 3385 3156 3455 εὐχαὶ,
3188 3383 3259 3451 ἀς
3287 3384 3587 3439 ἀποδώσω
3613 3382 3884 3449 αῑνὲσεώς

2317 3496 2457 3535 σου.
2506 3478 2598 3534 Ἐν
2621 3483 2689 3551 τῇ
2726 3479 2917 3552 μνήμῃ
2946 3496 3043 3533 σου
3094 3477 3239 3533 εἰσὶν
3304 3479 3361 3531 al
3429 3478 3759 3549 ὑποσχέσεις
3795 3477 3882 3546 τῆς

2317 3570 2583 3637 αἰνέσεώς
2608 3588 2727 3637 σου,
2766 3571 2831 3636 ἃς
2861 3570 3130 3625 ἀποδώσω
3156 3588 3170 3603 ο
3198 3571 3473 3641 ὑπέσχετο
3524 3571 3639 3643 γὰρ
3688 3570 3883 3625 αἰνέσαι

2317 3668 2411 3720 τὸν
2438 3665 2738 3738 εὐεργέτην
2769 3664 2923 3721 Θεόν.

2391 3851 2513 3903 ὀτι
2542 3849 2777 3920 ἐρῤύσω
2796 3850 2915 3919 τὴν
2936 3852 3151 3921 ψυχήν
3184 3869 3303 3921 μου
3338 3851 3407 3905 ἐκ
3498 3851 3781 3906 θανάτου.
3822 3874 3883 3890 -·

2324 3942 2447 4011 Τὴν
2468 3945 2682 4014 ψυχήν
2722 3962 2867 4013 μου,
2916 3946 3036 3998 ἀντὶ
3078 3946 3174 3998 τοῦ
3236 3944 3389 4015 Ἐμὲ,
3420 3944 3882 4016 περιφραστικῶ’.

2318 4033 2381 4085 El
2400 4032 2458 4084 δὲ
2484 4035 2580 4085 καὶ
2600 4033 2699 4104 τὴν
2728 4033 2909 4104 ψυχὴν
2939 4034 3111 4102 αὐτὴν
3156 4033 3336 4097 θέλεις
3390 4034 3611 4103 νοῆσαι,
3670 4034 3882 4087 θάνατον

2318 4126 2569 4191 καλέσεις
2597 4126 2697 4198 τὴν
2723 4126 3023 4197 ἁμαρτίαν,
3050 4128 3123 4190 ὡς
3155 4127 3339 4182 αἰτίαν
3358 4127 3593 4182 θανάτου
3618 4126 3881 4197 καταρχὰς

2318 4217 2625 4289 γενομένην
2648 4218 2728 4289 τῷ
2750 4219 3189 4290 πρωτοπλάστῳ.

2393 4309 2545 4379 Τοὺς
2578 4312 2931 4383 ὀφθαλμούς
2953 4331 3074 4383 μου
3098 4314 3217 4368 ἀπὸ
3242 4313 3541 4383 δακρύων,
3597 4316 3695 4371 καὶ
3756 4312 3881 4379 τοὺς

2322 4401 2515 4469 πόδας
2546 4420 2668 4471 μου
2694 4403 2813 4457 ἀπὸ
2836 4404 3267 4471 ὀλισθήματος.
3312 4403 3624 4477 Ὀλίσθημα
3674 4404 3780 4457 νόει
3803 4418 3882 4472 μοι

2320 4494 2414 4547 τὸν
2440 4495 2716 4565 κρημνὸν,
2748 4494 2779 4566 ἢ
2808 4495 2909 4566 τὴν
2932 4495 3172 4561 παγίδαο
3224 4495 3416 4566 ὥσπερ
3459 4500 3558 4550 καὶ
3600 4496 3784 4561 πέδας,
3838 4493 3879 4545 ει

2322 4585 2524 4656 βούλει,
2556 4587 2655 4658 τὴν
2679 4589 2910 4659 πορείαν
2944 4587 3036 4641 τοῦ
3065 4588 3206 4659 βίον.

2393 4680 2803 4749 Εὐαρεστήσω
2833 4679 3091 4735 ἐνώπιον
3104 4682 3349 4749 Κυρίου,
3374 4681 3445 4734 ἐν
3472 4682 3621 4749 φωτὶ
3651 4681 3878 4742 ζώντων.

2324 4773 2612 4844 Εὑάρεστα
2638 4771 2850 4842 πράξω,
2874 4772 2977 4835 ἕως
3012 4773 3081 4828 ἂν
3106 4773 3168 4827 τὸ
3208 4774 3328 4843 φῶς
3360 4773 3520 4827 τοῦτο
3577 4774 3778 4842 βλέπω,
3827 4770 3879 4821 τὺ

2324 4867 2519 4934 φαῐνον
2550 4868 2662 4929 τοῖς
2688 4865 2844 4928 ζῶσι.
2874 4864 3032 4920 Μετὰ
3050 4866 3160 4935 γὰρ
3225 4866 3476 4929 θάνατον,
3538 4866 3879 4936 εὐαρέστησις

2321 4955 2424 5008 οὐκ
2454 4955 2593 5009 ἔστι.
2620 4954 2730 5007 Καὶ
2755 4954 2958 5018 ἄλλως,
3016 4953 3136 5023 φῶς
3170 4952 3391 5017 ζώντων
3422 4953 3574 5005 ἐστὶν
3600 4953 3657 5003 al
3687 4948 3879 5003 ἐντολαὶ

2320 5048 2416 5103 τοῦ
2444 5048 2606 5103 Θεοῦο
2650 5048 2948 5117 Ἡὲντολὴ
2970 5050 3101 5118 γὰρ,
3135 5048 3290 5117 φησὶ,
3311 5046 3535 5114 Κυρίου
3551 5042 3872 5111 τηλαυγὴς.

2320 5139 2657 5212 φωτίζουσα
2710 5140 3096 5211 ὀφθαλμούς·
3144 5145 3260 5205 καὶ,
3294 5140 3533 5207 Λύχνος
3590 5138 3713 5201 τοῖς
3744 5131 3877 5186 ποσί

640 5245 749 5289 tem
788 5238 999 5288 ηιιΙΙιιιιι
1030 5237 1135 5289 crit.
1196 5234 1432 5304 amplius
1474 5234 1817 5303 gratiﬁcandi
1868 5244 2108 5305 tempus.
2151 5235 2217 5291 Et

2320 5252 2435 5306 μου
2486 5238 2519 5288 ό
2552 5235 2737 5305 νόμος
2802 5247 2923 5287 σου
2966 5249 2980 5264 °
3018 5233 3075 5304 ἢ,
3128 5233 3438 5302 Εὐάρεστος
3466 5229 3777 5301 ὀφθήσομαι
3824 5226 3875 5275 ἐν

645 5329 825 5389 aliter,
881 5344 976 5396 per
1021 5328 1320 5382 viventium
1363 5328 1568 5392 idcem,
1601 5326 1856 5381 mandata
1886 5327 1979 5383 Dei
2018 5328 2223 5385 intelli-

2334 5328 2412 5401 τῷ
2437 5328 2641 5397 αἰωνίῳ
2655 5327 2794 5397 φωτὶ
2818 5326 2926 5380 τῶν
2956 5327 3045 5379 ἀεὶ
3059 5325 3299 5390 ζώντων.

642 5420 737 5487 git.
801 5419 1131 5483 Prwccptuin
1218 5419 1365 5474 enim
1428 5418 1668 5484 Domini,
1736 5420 1933 5489 inquit,
2002 5420 2236 5476 lucidum
2281 5422 2595 5477 illuminant
2653 5419 2852 5473 oculos.
2927 5418 3079 5485 Item,
3158 5418 3402 5474 Lucerna
3455 5418 3674 5488 pedibus
3763 5409 3877 5463 Mil

642 5515 850 5567 verbum
911 5512 1455 5578 tumn;vcl,Ci-atus
1498 5522 1661 5581 atque
1692 5523 1951 5583 acceptus
2016 5516 2289 5583 apparebo
2362 5516 2415 5570 in
2463 5524 2667 5571 azterna
2718 5512 2935 5569 illorum
2983 5513 3127 5579 luce,
3191 5514 3286 5584 qui
3351 5519 3615 5583 perpetuo
3696 5503 3875 5563 victuri

640 5610 789 5656 sunt.

710 5782 753 5813 ”
785 5780 926 5837 Psal.
974 5795 1057 5846 sc,
1088 5780 1179 5835 l5.
