4082 6264
610 279 721 345 595

684 398 833 453 Misit
877 397 1133 450 Dominus
1159 396 1645 452 inmisericordiam
1692 417 1845 453 suam
1904 412 1951 454 cl
2010 404 2203 457 rerita-
2233 401 2281 463 Α

614 502 715 547 tem
748 502 992 560 suam,et
1022 493 1215 561 eripuit
1244 493 1481 546 animant
1540 510 1708 547 meam
1738 495 1799 547 de
1848 496 2018 550 medio
2058 505 2207 549 catu-

618 587 789 640 lorum
825 586 1055 641 leonum.
1110 586 1245 641 Cum
1314 588 1575 656 superius
1630 588 1956 659 simpliciter
2010 590 2207 645 dixerit

613 682 783 737 Deum
839 681 1079 746 misisse,
1146 696 1298 735 nunc
1365 681 1515 736 addit
1574 684 1703 751 quid
1785 682 2017 737 miserit.
2069 683 2206 738 Illud

613 785 795 832 autem
862 776 1412 830 animadterlcndum
1477 776 1754 843 ducimus,
1819 777 1963 847 quod
2018 778 2206 832 intutis

612 871 667 923 in
697 868 833 923 locis
892 866 1168 937 Propheta
1217 883 1313 937 per
1344 870 1660 934 veritatem,
1691 872 1966 939 justitiam
2001 871 2204 925 intelli-

611 965 711 1033 git,
746 973 804 1018 ut
842 964 949 1016 hic.
982 962 1058 1017 Ex
1101 965 1330 1019 veritate
1369 964 1515 1017 cnim
1558 964 1991 1034 deprehenditur
2041 965 2205 1033 justi-

616 1058 709 1111 tia.
806 1056 955 1111 Misit
1018 1056 1161 1111 Deus
1226 1057 1394 1127 igitur
1462 1057 1924 1122 misericordiam,
1988 1067 2047 1112 ut
2098 1057 2201 1113 inci

613 1149 974 1205 misereretur
1004 1169 1019 1207 ι
1055 1152 1209 1215 item,
1247 1160 1299 1204 et
1324 1152 1591 1220 iustitiam
1633 1158 1689 1204 ut
1712 1166 1807 1207 eos
1863 1150 2202 1206 condemna-

611 1251 719 1308 ret,
746 1244 841 1313 qui
875 1242 1006 1296 mihi
1055 1241 1313 1311 iniuriam
1376 1240 1702 1295 intulerunt.
1760 1240 1992 1295 Catulos
2018 1250 2199 1294 autem

611 1335 806 1399 leonis,
846 1335 997 1403 ipsos
1027 1334 1265 1403 appellat
1312 1334 1543 1389 comites
1574 1334 1796 1402 Saulis;
1830 1334 1961 1406 quia
2002 1335 2202 1391 robore

610 1444 675 1481 ac
724 1428 938 1484 viribus
993 1427 1590 1496 praestabant,lerique
1644 1438 1824 1490 erant,
1862 1444 1924 1483 ac
1974 1430 2202 1495 sangui-

608 1523 775 1587 narii,
842 1523 1155 1593 cujnsmodi
1234 1532 1362 1577 sunt
1440 1525 1659 1577 leonum
1713 1523 1903 1577 catuli.
1963 1522 2201 1579 Possunt

612 1618 776 1674 etiam
835 1617 951 1671 luce
982 1618 1145 1671 verba
1184 1616 1439 1686 intelligi,
1477 1626 1534 1671 ut
1556 1617 1703 1671 dicta
1734 1618 1843 1673 sint
1872 1634 1936 1672 ex
1959 1633 2197 1688 persona

610 1709 1033 1779 Ecclesim,qu:n
1070 1710 1192 1764 lazta
1217 1719 1377 1763 canet
1413 1730 1427 1770 ;
1462 1708 1624 1765 Pater
1653 1711 1803 1766 misit
1832 1710 2053 1775 Filium,
2101 1711 2196 1781 qui

609 1818 698 1858 me
733 1803 848 1872 jam
871 1818 1011 1873 pene
1063 1803 1335 1874 perditam
1373 1803 1605 1858 salvavit
1646 1821 1661 1868 ;
1707 1811 1761 1857 et
1814 1802 1966 1856 dedit
2016 1803 2071 1857 in
2106 1819 2205 1873 op.

611 1898 895 1966 probrium
928 1899 1209 1953 daemones
1240 1898 1371 1953 olim
1405 1898 1799 1953 conculcantes
1820 1912 1928 1951 me.
1965 1896 2068 1951 Per
2098 1898 2205 1952 ini-

1818 280 2209 342 EUTHYMII
2245 281 2614 343 ZIGABENI
3783 274 3872 339 596

2395 404 2864 468 Ἐξαπέστειλεν
2898 404 2930 455 ὀ
2961 400 3104 465 Θεὸς
3122 399 3187 455 τὸ
3214 398 3393 465 ἕλεος
3421 396 3630 459 αὑτοῦ,
3654 395 3744 449 καὶ
3773 394 3875 464 τὴν

2311 495 2605 563 ἀλήθειαν
2634 494 2849 559 αὐτοῦ,
2881 494 2979 549 καὶ
3020 492 3318 565 ἐρῤὐσατο
3350 491 3467 558 τὴν
3522 489 3728 559 ψυχήν
3768 508 3873 560 μου

2309 590 2378 641 ἐκ
2401 588 2597 656 μέσου
2623 586 3127 659 σκύμνων-,Εἰπὼν
3147 585 3390 656 πρῶτον,
3407 584 3490 639 δτι
3510 581 3873 649 ἐξαπέστειλεν

2312 684 2521 748 ἁπλῶς,
2556 684 2808 754 ἐπήγαγε
2836 682 2933 735 καὶ
2961 680 3085 734 τίνα
3105 679 3422 736 ἀπέστειλε.
3459 677 3873 748 Παρατηρητέον

2307 778 2365 834 δὲ
2400 779 2483 832 ὅτι
2520 779 2579 831 ἐν
2625 777 2842 840 πολλοῖς
2872 776 3136 846 ἀλήθειαν
3165 774 3340 845 αὐτὴν
3370 771 3721 842 δικαιοσύνην
3766 772 3874 824 ὀνο-

2311 873 2497 941 μὰζει,
2550 869 2732 934 καθὼς
2767 872 2860 924 καί
2911 869 3025 924 νῦν.
3090 868 3237 923 Διότι
3297 867 3391 921 καὶ
3429 865 3490 930 ἐξ
3545 863 3875 937 ἀληθείαςνὴ

2307 964 2625 1033 δικαιοσύνη
2690 962 3199 1033 καταλαμϐάνεται.
3265 958 3681 1024 Ἐξαπέστειλεν
3710 955 3794 1009 οὖν
3821 954 3875 1009 tt

2309 1055 2458 1119 ἕλεος
2481 1053 2602 1124 μὲν,
2620 1054 2707 1107 ἵνα
2725 1053 2927 1125 ἐλεήσῃ
2951 1070 3017 1123 με
3041 1070 3054 1083 δ
3078 1052 3178 1125 τὴν
3209 1051 3562 1121 δικαιοσύνην
3594 1049 3672 1115 δὲ,
3690 1050 3771 1101 ἵνα
3791 1064 3878 1103 κα-

2310 1148 2574 1219 ταδικάσῃ
2590 1148 2715 1212 τοὺς
2739 1148 3063 1213 ἀδικοῦντάς
3092 1166 3181 1218 με.
3215 1148 3323 1200 Σκύ
3336 1164 3499 1211 μνους
3525 1146 3578 1201 δὲ
3600 1144 3744 1214 λέγει
3766 1145 3876 1207 τοὺς

2308 1244 2441 1314 περὶ
2468 1243 2661 1311 Σαοὺλ,
2688 1244 2761 1307 ὡς
2787 1247 2845 1297 ἐν
2871 1245 3022 1316 ἀκμῇ
3051 1244 3363 1314 δυνάμεως,
3402 1244 3498 1297 καὶ
3536 1243 3609 1305 ὡς
3668 1241 3878 1311 ἀπηνεῖς

2307 1341 2401 1392 καὶ
2438 1339 2719 1408 φονικούς.
2748 1339 2997 1392 Ἱόιοῦτοι
3046 1337 3155 1408 γὰρ
3178 1340 3227 1391 οἱ
3262 1336 3502 1406 σκύμνοι
3536 1335 3630 1389 τοῦ
3664 1337 3878 1395 λέοντος.

2306 1433 2529 1487 Νοεῖται
2563 1433 2641 1497 δὲ,
2666 1436 2760 1487 καὶ
2788 1430 3071 1505 προσώπῳ
3108 1435 3209 1503 τῆς
3251 1431 3582 1501 Ἐκκλησὲας
3652 1431 3753 1484 τῶν
3798 1446 3880 1482 πι-

2308 1528 2452 1581 στῶν
2494 1527 2523 1579 ὁ
2552 1528 2734 1596 λόγος,
2771 1526 2854 1580 δτι
2897 1525 2957 1579 '0
2987 1526 3180 1596 Πατὴρ
3204 1523 3597 1591 ἐξαπέστειλεν
3626 1522 3718 1576 τὸν
3746 1522 3880 1583 Υῐὸν,

2308 1621 2406 1675 καὶ
2450 1621 2627 1676 ἔσωσέ
2670 1639 2736 1693 με
2762 1621 2864 1691 τὴν
2889 1620 3263 1675 ἀπολωλυῖαν.
3283 1619 3534 1674 Ἔδωκεν
3565 1620 3649 1681 εἰς
3678 1618 3882 1680 δνειδος.

2308 1717 2441 1781 τοὺς
2472 1717 2609 1787 πρὶν
2655 1715 3117 1779 καταπατοῦντάς
3160 1732 3229 1785 με
3265 1714 3553 1785 δαίμονας.
3588 1713 3777 1775 Ἔλεος
3834 1711 3885 1765 δὲ

2311 1809 2559 1864 ἐνούσιον
2592 1810 2689 1864 καὶ
2711 1809 2969 1880 ἀλήθεια,
2997 1808 3183 1874 δηΥἱός
3204 1827 3216 1840 ·
3255 1809 3490 1879 ἐλεήσας
3524 1805 3639 1878 γὰρ
3667 1803 3885 1859 ἀπολλυ-

2308 1904 2506 1971 μένους
2544 1904 2718 1975 ἡμᾶς,
2757 1902 3155 1975 ὲνηνθρώπησε
3190 1920 3204 1934 ·
3256 1905 3351 1957 καὶ
3407 1901 3571 1965 αὐτὸς
3628 1902 3845 1970 εἴρηκεν
3870 1914 3883 1928 ⁸

609 1990 975 2044 sericordiam
1040 2006 1199 2059 vero,
1248 1998 1301 2045 et
1350 1993 1638 2045 veritatem
1678 1989 2205 2045 consubstantialem

2310 1994 2452 2065 Ἐγώ
2472 1998 2589 2065 ειμι
2622 1999 2662 2066 ἡ
2698 1998 2974 2065 ἀλήθεια.
3008 1998 3088 2068 (ὅ)
3121 1999 3232 2051 Καὶ
3287 1998 3322 2068 ἡ
3378 1995 3631 2067 σημασία
3692 1994 3746 2048 δὲ
3798 1991 3887 2060 τῆς

610 2080 808 2137 Filium
864 2083 1126 2155 intellige.
1186 2083 1441 2139 Miserius
1505 2084 1651 2138 enim
1715 2082 1893 2137 nostri
1936 2090 2041 2145 est,
2081 2097 2205 2136 cum

2310 2088 2691 2160 δικαιοσύνης,
2726 2091 2802 2154 ὼς
2832 2090 3003 2163 φησὶν
3029 2093 3057 2144 ὁ
3096 2087 3740 2160 ’Λπόστολος.ἐγεννήθη
3772 2086 3889 2156 ἡμῖν

612 2174 813 2245 perditi
844 2191 1095 2233 essemus
1141 2194 1154 2231 :
1186 2186 1241 2231 et
1269 2186 1554 2245 assumpta
1592 2176 1835 2230 humana
1868 2182 2071 2229 natura
2096 2190 2201 2229 no-

2312 2184 2478 2251 σοφία
2510 2183 2621 2237 ἀπὸ
2655 2184 3155 2254 Θεοῦ,δικαιοσύνη
3193 2202 3273 2247 τε,
3309 2186 3408 2237 καὶ
3468 2182 3770 2252 ἁγιασμὸς,
3807 2177 3893 2232 καὶ

609 2279 750 2333 stra,
773 2268 913 2323 dixit
946 2286 957 2323 :
994 2267 1106 2339 Ego
1125 2287 1245 2323 sum
1265 2271 1459 2323 veritas
1483 2269 1526 2299 "‘
1560 2286 1574 2334 ;
1604 2267 1873 2337 quietiam
1904 2267 2205 2338 aliquando

2310 2276 2717 2349 ἀπολύτρωσις.
2743 2279 3033 2351 Σκύμνους
3061 2274 3158 2333 οὖν
3184 2276 3471 2332 κάνταῦθα
3498 2276 3612 2330 νόει
3644 2277 3767 2338 το“.ς
3789 2270 3893 2327 δαί-

603 2362 822 2426 justitia
852 2363 1179 2433 appellatur.
1220 2361 1339 2431 Ipre
1374 2363 1541 2421 enim,
1575 2361 1837 2430 utiuquit
1877 2361 2197 2432 Apostolus,

2313 2385 2507 2438 μονας.

608 2454 783 2523 factus
805 2463 881 2509 est
914 2454 1062 2509 nobis
1089 2456 1349 2525 sapientia
1384 2471 1417 2506 a
1448 2453 1578 2518 Deo,
1614 2464 1662 2506 et
1687 2453 1930 2522 justitia,
1970 2463 2020 2508 et
2062 2455 2439 2528 sanctiﬁcatio,
2476 2474 2523 2520 et
2558 2468 2846 2534 redemptio
2870 2470 2935 2522 ".
2970 2467 3033 2523 Et
3062 2467 3218 2538 juxta
3251 2468 3395 2522 hunc
3427 2481 3659 2523 sensum
3685 2479 3779 2536 per
3811 2475 3894 2518 ca-

611 2548 757 2603 tulos
792 2548 1037 2609 leonum,
1071 2546 1221 2616 ipsos
1251 2547 1529 2601 daemones
1564 2545 1827 2615 intellige.

683 2642 923 2697 Dormivi
954 2642 1326 2695 conturbatus.
1365 2639 1601 2707 Quando
1648 2641 1911 2695 nimirum
1967 2641 2099 2696 Saul
2148 2652 2205 2697 et

608 2739 845 2794 comites
908 2734 1033 2805 ejus
1090 2735 1325 2806 ingressi
1376 2744 1506 2789 sum
1538 2735 1593 2791 in
1651 2736 1993 2806 speluncam.
2028 2735 2206 2792 -Tunc

608 2829 756 2883 enim
807 2828 1095 2899 paululum
1148 2828 1513 2893 dormiebam,
1547 2829 1643 2883 sed
1686 2844 1797 2899 prae
1830 2844 2048 2883 summo
2085 2840 2206 2884 tur-

614 2922 774 2977 batus
827 2937 948 2975 sum
992 2920 1259 2991 periculo,
1302 2921 1449 2991 quod
1514 2921 1649 2975 mihi
1714 2921 1961 2991 undique
2025 2922 2206 2976 immi-

613 3015 801 3070 nebat.

688 3107 818 3162 Filii
855 3108 1147 3174 hominum,
1183 3108 1364 3161 dentes
1394 3123 1573 3161 eorum
1605 3124 1756 3161 arma
1807 3117 1856 3163 et
1884 3110 2117 3178 sagittaz,
2145 3118 2196 3161 et

2395 2660 2768 2729 Ἐλιοιμήθην
2795 2658 3257 2728 τεταραγμένος.
3301 2657 3432 2708 Ὅτε
3464 2655 3521 2707 ἐν
3544 2651 3632 2718 τῷ
3655 2650 3894 2720 σπηλαίῳ

2309 2753 2640 2824 ἐπεισῆλθον
2664 2754 2864 2822 οἱπερὶ
2897 2754 2986 2807 τὸν
3019 2752 3195 2805 Σαούλ
3218 2768 3232 2782 “
3268 2747 3576 2818 ἐκοιμήθην
3593 2746 3711 2818 γὰρ
3740 2742 3893 2797 ὕπνον

2308 2848 2529 2919 μικρὸν,
2575 2847 2711 2902 ἀλλά
2737 2846 3170 2918 τεταραγμένον,
3205 2846 3309 2898 ὑπὸ
3341 2842 3429 2897 τοῦ
3463 2836 3895 2913 περιστοιχίσαν-

2305 2939 2397 3003 τός
2426 2957 2494 3010 με
2514 2940 2786 2994 κινδύνου.

2379 3114 2457 3173 Ὦ
2476 3117 2592 3174 υἱοὶ
2622 3117 2743 3171 τῶν
2763 3118 3112 3187 ἀνθρώπων,
3142 3120 3196 3173 oi
3215 3117 3459 3183 ὀδόντες
3483 3112 3709 3180 αὐτῶν,
3750 3113 3897 3167 631a

612 3200 797 3267 lingua
821 3214 1002 3251 eorum
1036 3197 1247 3267 gladius
1282 3206 1492 3252 acutus.
1546 3198 1589 3252 Ο
1624 3198 1718 3252 ﬁlii
1759 3198 2067 3262 hominum.
2120 3200 2202 3254 in-

2312 3212 2407 3265 καὶ
2430 3211 2593 3278 ,βέλη
2628 3228 2641 3240 ’
2666 3210 2764 3265 καὶ
2799 3211 2837 3278 ὴ
2871 3210 3127 3281 γλῶσσα
3160 3211 3382 3273 αὐτῶν,
3428 3208 3698 3278 μάχαιρα
3721 3204 3894 3270 όξεῐα³

611 3292 754 3361 quit,
789 3291 994 3344 audite.
1038 3288 1241 3344 Dentes
1272 3290 1419 3343 enim
1440 3305 1658 3353 eorum,
1693 3293 1785 3361 qui
1822 3292 1954 3345 milii
1992 3293 2206 3347 scilicet

614 3398 724 3438 non
756 3397 940 3445 secus,
960 3398 1026 3437 ac
1059 3381 1188 3437 fera:
1214 3382 1462 3451 qua-dant
1490 3385 1846 3449 insidiantur,
1881 3401 2034 3441 arma
2056 3397 2206 3450 sunt,

614 3486 672 3534 et
715 3477 949 3548 sagitta,
1002 3485 1056 3531 et
1101 3492 1223 3546 quae
1256 3486 1589 3546 sequuntur.
1622 3475 1727 3533 Per
1766 3476 1962 3533 dentes
1994 3487 2207 3545 autem,

612 3579 671 3627 et
695 3585 791 3640 per
822 3570 1085 3641 linguam.
1122 3585 1313 3623 eorum
1341 3585 1627 3626 sermones
1666 3571 2023 3642 signiﬁcavit,
2078 3574 2207 3643 quia

613 3663 912 3720 calumniis
984 3671 1040 3718 et
1112 3662 1324 3717 dolosis
1380 3664 1715 3735 quibusdam
1771 3664 2209 3723 detractionibus

610 3759 922 3824 vulnerant,
942 3769 993 3812 et
1019 3756 1310 3830 [quantum
1345 3758 1470 3813 inse
1495 3758 1602 3831 est]
1642 3761 1995 3814 interimunt.
2042 3763 2207 3815 Arma

612 3861 795 3908 autem
824 3851 913 3905 hic
938 3865 1001 3907 ea
1028 3867 1135 3905 non
1172 3851 1328 3913 dicit,
1359 3866 1483 3921 quae
1502 3851 1782 3916 servandi,
1819 3854 1915 3907 sed
1957 3869 2080 3923 qua:
2111 3854 2206 3909 la:-

613 3945 776 4001 dendi
808 3958 975 3998 causa
1000 3943 1344 3998 deferuntur.

690 4038 856 4093 Vsus.
905 4036 959 4093 6.
988 4035 1279 4092 Exsultare
1319 4055 1477 4105 super
1533 4039 1710 4102 mlas,
1736 4039 1897 4109 Deus,
1964 4053 2015 4098 et
2052 4059 2211 4113 super

613 4148 818 4185 omnem
854 4142 1052 4185 terram
1100 4131 1275 4200 gloria
1339 4142 1449 4187 tua.
1481 4132 1551 4187 Ut
1588 4134 1862 4199 sublimis,
1896 4145 1950 4190 et
2011 4152 2209 4207 super-

616 4223 865 4279 caelestis
896 4223 965 4277 ab
1014 4224 1271 4279 omnibus
1306 4227 1683 4293 cognoscaris,
1720 4228 1812 4297 qui
1848 4236 1899 4283 te
1942 4229 2208 4285 hactenus

616 4332 725 4370 non
752 4324 1045 4382 noverunt,
1085 4325 1140 4372 et
1180 4318 1589 4388 magniﬁcentia
1625 4333 1715 4375 tua
1766 4338 1859 4392 per
1893 4324 2204 4380 universam

616 4408 933 4480 divulgetur
963 4421 1191 4475 terram,
1227 4421 1521 4482 postquam
1566 4425 1675 4468 tam
1718 4416 2039 4473 admiranda
2071 4435 2207 4490 ope-

618 4500 783 4553 raris.
821 4499 1056 4565 Quidam
1104 4516 1418 4557 sermonem
1477 4502 1629 4557 hunc
1674 4504 1741 4558 ad
1782 4507 2062 4562 Christum
2113 4524 2203 4563 re-

2314 3298 2385 3356 Ὦ
2412 3305 2522 3357 υἱοὶ
2554 3304 2883 3375 ἀνθρώπων,
2917 3304 3190 3359 ἀκούσατε
3212 3321 3227 3335 ·
3273 3304 3327 3356 οἱ
3376 3302 3599 3365 ὀδόντες
3644 3299 3756 3355 τῶν
3786 3300 3893 3350 ἐπι-

2313 3396 2686 3452 6ουλευὸντων
2716 3415 2829 3468 μοι,
2849 3397 3007 3468 δίκην
3032 3397 3261 3468 θηρίων,
3291 3396 3433 3450 ὅπλα
3464 3393 3561 3448 καὶ
3620 3393 3774 3465 βέλη,
3810 3390 3897 3445 καὶ

2314 3491 2381 3545 τὰ
2412 3490 2561 3559 ἑξῆς.
2596 3490 2698 3543 Διά
2717 3489 2774 3544 δὲ
2798 3490 2909 3543 τῶν
2943 3491 3174 3544 ὀδόντων
3204 3491 3299 3544 καὶ
3338 3490 3439 3557 τῆς
3473 3488 3749 3557 γλώττης,
3780 3486 3895 3545 τοῦς

2313 3583 2507 3652 λόγους
2537 3583 2722 3637 αὐτῶν
2748 3583 3039 3653 ἐδήλωσεν,
3059 3585 3142 3636 ὅτι
3182 3584 3305 3646 ταῖς
3331 3581 3615 3643 διαδολαῖς
3663 3581 3757 3633 καὶ
3810 3595 3896 3631 συ-

2315 3679 2538 3741 σκευαίς
2566 3678 2675 3731 τῶν
2704 3678 2873 3732 δόλων
2896 3679 3287 3748 τιτρώσκουσι,
3331 3677 3425 3729 καὶ
3454 3676 3515 3728 τὸ
3564 3675 3657 3727 ἐπ’
3696 3674 3892 3730 αὐτοῖς.

2311 3772 2629 3841 ἀναιροῦσιν
2664 3788 2677 3801 ·
2712 3772 2855 3825 ὅπλα
2882 3772 2937 3826 δὲ
2982 3770 3101 3837 νῦν,
3131 3772 3196 3825 οὐ
3240 3772 3307 3825 τὰ
3373 3768 3715 3840 φυλακτικά,
3767 3763 3895 3822 ἀλλὰ

2311 3865 2571 3937 αἱρετικά
2593 3882 2782 3936 φησιν.

2395 4046 2684 4117 Ὺψὼθητι
2713 4047 2811 4099 ἐπὶ
2835 4046 2979 4114 τοὺς
3006 4045 3328 4113 οὐρανοὺς,
3357 4045 3385 4097 ὁ
3416 4043 3587 4108 Θεὸς,
3644 4042 3743 4094 καὶ
3802 4039 3892 4093 ἐπι

2311 4141 2521 4197 πᾶσαν
2545 4142 2661 4209 τὴν
2709 4139 2828 4209 γῆν
2862 4143 2900 4209 ἡ
2940 4138 3091 4205 δόξα
3122 4154 3263 4193 σου.
3304 4137 3539 4209 Ὑψηλδς
3599 4137 3700 4191 καὶ
3737 4137 3894 4189 ἐπου-

2315 4235 2500 4303 ράνιος
2523 4231 2859 4303 γνωρωθητι
2885 4231 2977 4284 καὶ
3008 4235 3122 4295 τοῖς
3152 4233 3226 4301 μὴ
3260 4229 3429 4282 εἰδόσι
3480 4244 3567 4293 σε,
3627 4228 3729 4281 καὶ
3772 4226 3891 4294 δρα-

2314 4331 2465 4399 μέτω
2498 4328 2593 4381 ἐπὶ
2615 4329 2799 4382 πᾶσαν
2825 4325 2924 4395 τὴν
2956 4325 3064 4394 γῆν
3096 4327 3127 4394 ἡ
3166 4322 3529 4393 μεγαλειότης
3566 4338 3688 4384 σου,
3748 4311 3893 4374 δι’ὦν

2310 4424 2705 4494 τερατουργεῖς
2735 4419 2879 4474 οὔτω
2918 4418 3222 4489 παράδοξα.
3257 4418 3414 4481 Τινὲς
3446 4415 3502 4469 δὲ
3532 4416 3633 4468 καὶ
3650 4413 3787 4485 πρὸς
3810 4410 3893 4463 τὸν

2314 4515 2553 4587 Χριστὸν
2586 4513 2999 4583 ἀποστρέφουσι
3036 4511 3129 4564 τὸν
3177 4510 3358 4577 λόγον,
3407 4510 3492 4562 δτι
3536 4506 3783 4568 Τελέσας
3834 4501 3892 4557 τὸ

616 4590 743 4644 ferri
778 4598 994 4659 putant,
1060 4599 1119 4645 ut
1173 4592 1244 4646 sit
1300 4609 1542 4648 sensus:
1594 4594 1891 4666 Postquam
1948 4600 2201 4655 incarna-

2315 4609 2618 4680 μυστήριον
2666 4608 2764 4677 τῆς
2803 4606 3295 4679 ἐνανορωπήσεως,
3351 4601 3554 4673 ἀνέσης
3616 4600 3785 4655 πάλιν
3822 4572 3905 4657 εις⁴

615 4683 781 4737 lionis
859 4682 1140 4751 perfecisti
1219 4688 1585 4756 mysterium.
1636 4699 1807 4744 restat
1871 4702 1932 4747 ut
2007 4710 2202 4749 rursus

619 4778 749 4832 illuc
783 4777 836 4830 in
874 4777 1076 4831 celum
1130 4776 1422 4843 ascendas,
1475 4780 1617 4835 unde
1676 4780 2011 4840 descendisti
2051 4803 2065 4841 :
2102 4786 2203 4842 bo-

616 4882 824 4935 norque
854 4882 918 4922 ac
966 4868 1137 4936 gloria
1188 4878 1279 4923 tua
1326 4885 1421 4939 per
1439 4877 1607 4927 tatam
1642 4874 2061 4943 percrebrescat
2093 4889 2200 4934 ter-

615 4976 749 5016 ram.

691 5054 855 5109 Vens.
896 5054 951 5108 Ἰ.
995 5053 1259 5123 Laqueum
1308 5069 1629 5123 paraverunt
1658 5061 1879 5126 pedibus
1942 5066 2095 5126 meis.
2150 5075 2200 5118 et

617 5152 1024 5203 incurvaverunt
1080 5149 1313 5202 animant
1371 5166 1563 5206 meam.
1620 5151 1867 5223 Laqueos
1906 5157 2203 5225 quosdam,

617 5243 819 5309 inquit.
875 5257 935 5296 ac
993 5242 1201 5311 plagas,
1265 5241 1397 5293 mihi
1460 5255 1751 5300 venatores
1815 5255 2200 5315 contexernnt,

616 5334 821 5402 quibus
853 5332 1309 5388 artiliciosissime
1328 5333 1615 5401 dispositis
1635 5336 2062 5395 liumiliavcrunt
2094 5358 2200 5397 me.

621 5427 944 5495 Huiusmodi
989 5434 1172 5478 autem
1215 5426 1395 5481 verbis
1446 5428 1778 5497 multiplices
1844 5434 2199 5490 inimicormn

616 5520 846 5576 insidias
887 5517 1177 5587 signiﬁcat.

696 5634 738 5667 "
757 5633 916 5690 Joan.
939 5652 1047 5697 MV,
1068 5635 1120 5689 (ἰ.
1202 5635 1241 5665 "
1274 5632 1290 5685 Ι
1318 5634 1447 5688 Cor.
1482 5651 1518 5700 ι,
1542 5636 1631 5690 30.

2315 4700 2605 4769 οὐρανοὺς,
2641 4698 2737 4768 ἀφ’
2757 4690 2833 4751 ὧν
2859 4696 3260 4767 κατελήλυθας,
3301 4696 3396 4767 καὶ
3421 4692 3519 4748 ἐπὶ
3562 4693 3678 4764 γῆν
3724 4692 3895 4746 πᾶσαν

2314 4794 2546 4847 ὁδευέτω
2572 4793 2605 4863 ἡ
2632 4792 2765 4863 τιμή
2790 4808 2911 4845 σου.

2384 5062 2612 5129 Παγίδα
2642 5063 2986 5131 ἡτοίμασαν
3015 5062 3141 5126 τοῖς
3174 5059 3325 5113 ποσί
3373 5077 3511 5128 μου,
3571 5058 3677 5113 καὶ
3727 5054 3887 5113 κατέ·

2303 5162 2554 5227 καμψαν
2579 5158 2692 5224 τὴν
2724 5157 2938 5226 ψυχήν
2961 5173 3102 5225 μου.
3135 5154 3396 5227 Θήρατρά
3447 5171 3536 5225 μοι
3591 5149 3886 5208 κατεσκεύο

2306 5269 2470 5314 ασαν,
2505 5252 2601 5304 καὶ
2626 5250 3007 5304 ἐταπείνωσαν
3046 5267 3115 5319 με
3140 5264 3154 5280 °
3190 5249 3339 5319 λέγει
3389 5248 3448 5303 δὲ
3480 5248 3581 5312 τὰς
3635 5247 3882 5309 ποικίλας

2306 5344 2625 5407 ἐπιϐουλάς.

1947 5729 2144 5789 Varim
2175 5728 2505 5790 lectiones.

691 5827 772 5899 (3)
802 5830 1000 5885 ALKa‘:
1024 5827 1163 5884 κατά
1194 5825 1293 5897 τὴν
1318 5828 1597 5899 σημασίαν
1628 5829 1685 5882 δὲ
1704 5828 1801 5899 τῆς
1824 5829 2194 5903 δικαιοσύνης,
2228 5829 2305 5896 ὦς
2344 5848 2509 5902 φησιν
2540 5830 2727 5896 αὐτός.
