4082 6264
436 246 540 311 599

1640 265 2014 330 EUTHYMIJ

2124 272 2245 332 lGA
2260 275 2403 334 BEN
2411 274 2437 334 Ι
3596 283 3696 346 600

433 373 543 429 cet,
593 362 740 436 quod
777 365 982 420 nullam
1008 378 1215 437 queant
1270 371 1488 442 injuria:
1521 390 1745 431 causam
1796 383 2014 449 atferre,

2126 385 2228 453 ἧκε
2257 384 2338 450 τὸ,
2387 385 2527 439 Ἀλλ’
2583 388 2646 440 οὐ
2675 387 2909 445 δύνασθε
2965 391 3193 463 κρίνειν,
3262 394 3337 457 ὡς
3390 391 3697 464 νοούμενον.

431 456 588 525 quasi
624 457 677 510 id
707 456 1192 529 subintelligatur;
1256 470 1307 518 et
1345 479 1654 522 sermonem
1691 486 1851 525 suum
1888 488 2013 540 pro-

432 548 706 616 sequitur,
760 550 954 606 dicens
995 569 1010 606 :
1072 552 1288 608 Etenim
1342 555 1396 610 in
1445 560 1611 613 corde
1656 560 2010 633 iniquitatem

430 640 790 706 meditamini,
830 650 885 697 et
902 658 1096 699 manus
1122 654 1317 703 vestra:
1338 648 1663 720 injustitiam
1693 666 2014 724 operantur.

433 728 499 781 Et
549 732 695 800 quod
747 733 843 795 ait,
894 734 1248 804 Complicant,
1314 755 1378 793 ex
1442 744 1762 813 metaphora
1822 761 2012 803 eorum

430 824 588 889 dixit,
628 824 721 895 qui
750 827 974 896 laqueos
1003 829 1273 893 tendunt,
1306 842 1402 886 aut
1437 834 1643 905 plagas,
1687 838 1758 891 ob
1801 840 2011 895 variam

432 918 695 973 nimirum
737 922 1096 977 consiliorum
1148 924 1531 981 calliditatem.
1576 928 1729 995 Quod
1761 949 1889 987 vero
1919 936 2014 999 ait,

2125 477 2235 529 Καὶ
2260 478 2369 549 γὰρ
2401 479 2460 531 ἐν
2491 479 2693 553 καρδία
2708 483 2942 554 ἀνομίαν
2980 485 3270 554 μελετᾶτε,
3299 488 3396 540 καὶ
3430 486 3485 539 ai
3522 486 3705 555 χεῖρες

2125 569 2280 639 ὑμῶν
2311 570 2542 640 ἀνομίαν
2584 574 2909 646 πράττουσι.
2942 577 3379 645 Συμπλέκουσι
3417 577 3474 629 δὲ
3528 569 3705 639 εἶπεν,

2121 662 2186 714 ἐκ
2224 666 2542 735 μεταφορᾶς
2572 667 2684 721 τῶν
2707 668 3024 723 πλεκόντων
3072 672 3332 737 παγίδας,
3377 669 3468 723 διὰ
3498 669 3558 723 τὸ
3592 686 3707 721 ποι-

2119 754 2271 807 κίλον
2306 757 2412 811 τῶν
2445 760 2898 834 ἐπιχειρημάτων
2925 778 2940 794 ο
2967 762 3030 816 τὸ
3055 763 3113 817 δὲ
3136 764 3243 818 Ἐν
3272 763 3347 832 τῇ
3529 762 3707 833 πρόσ-

2122 864 2326 913 κειτα·,
2359 851 2442 905 ὅτι
2474 854 2530 907 ἐν
2561 857 2628 925 τῇ
2678 858 2753 927 γῇ
2814 855 2989 911 ταῦτα
3034 858 3242 911 ποιεῖτε
3266 874 3279 887 ·
3309 858 3368 910 ἐν
3392 857 3449 911 δέ
3484 855 3563 927 τῷ
3580 854 3705 927 ᾅδῃ.

2126 938 2225 1011 οὐχ
2256 942 2433 1011 οὕτως
2471 948 2643 1013 ἕξετε.

430 1011 496 1068 In
540 1024 709 1083 terra,
734 1017 949 1113 dictum
984 1029 1089 1082 est,
1124 1020 1253 1090 quia
1288 1021 1340 1074 in
1374 1029 1516 1077 terra
1553 1025 1665 1080 haec
1718 1038 2011 1099 peragunt.
2046 1033 2184 1090 Nam
2217 1038 2270 1092 in
2315 1011 2553 1109 inferno,
2589 1051 2643 1099 et
2682 1044 2731 1101 si
2766 1045 3080 1102 animorum
3154 1044 3397 1113 pravitas
3481 1044 3711 1101 omnino

430 1126 536 1166 non
569 1110 831 1176 cessabit,
854 1110 968 1181 ipsa
991 1122 1168 1167 Iamen
1202 1116 1343 1171 male
1365 1118 1559 1189 agendi
1593 1119 1826 1176 facultas
1847 1138 2078 1192 prorsus
2112 1130 2311 1188 aberit.

504 1200 667 1259 Vens.
701 1203 753 1257 4.
786 1204 1021 1258 Alienati
1055 1217 1177 1259 sunt
1221 1219 1521 1275 peccatores
1571 1229 1604 1266 a
1637 1213 1815 1268 vulva.
1857 1215 2018 1272 lnve-

432 1298 579 1352 hitur
608 1297 663 1351 in
696 1297 1007 1368 pertinaces
1039 1314 1101 1353 ac
1132 1299 1268 1356 ﬁxos
1297 1301 1350 1355 in
1377 1304 1623 1371 peccatis
1658 1305 1934 1373 homines,
1963 1317 2016 1363 et

432 1391 625 1461 paucis
652 1391 834 1455 docet,
904 1390 1217 1462 cujuSniodi
1280 1405 1487 1460 essent,
1532 1406 1585 1451 et
1644 1413 1809 1466 quam
1867 1401 2013 1468 passi

432 1493 561 1539 sunt
587 1486 828 1540 ruinam.
856 1484 939 1540 Ab
963 1486 1120 1555 ipsis.
1149 1487 1352 1553 inquit,
1390 1489 1749 1546 incunabulis
1789 1492 2013 1548 alienati

430 1588 559 1633 sunt
608 1593 638 1633 a
676 1577 784 1634 Deo
820 1595 835 1644 ;
891 1564 1071 1648 juxta
1113 1580 1262 1649 quod
1296 1582 1507 1637 scilicet
1534 1585 1845 1654 prmscitum
1897 1594 2020 1639 erat

432 1689 462 1728 a
501 1672 633 1739 Deo,
686 1673 810 1727 illos
866 1688 991 1729 mox
1045 1673 1389 1741 alienandos,
1410 1691 1471 1732 ac
1497 1676 2019 1748 misereperdendos

429 1780 573 1823 esse.

507 1857 828 1914 Erraverunt
870 1858 937 1913 ab
973 1867 1147 1915 utero.
1171 1859 1254 1914 Ab
1284 1859 1525 1914 Ecclesia
1559 1861 1839 1919 nimirum.
1861 1861 2011 1917 Uteri

429 1953 576 2005 enim
609 1966 673 2007 ac
720 1950 1070 2006 muliebrium
1124 1952 1367 2006 locorum
1434 1953 1678 2009 Ecclesia
1717 1954 1798 2011 eis
1841 1954 2015 2010 instar

428 2054 535 2109 est,
567 2044 660 2114 qui
700 2060 728 2098 a
770 2046 878 2101 Deo
916 2046 1289 2116 adoptantur;
1341 2048 1544 2117 quippe
1599 2062 1719 2118 qua:
1775 2047 2012 2102 mirifico

429 2137 779 2207 baptismatis
809 2137 1051 2205 lavacro,
1082 2140 1134 2193 in
1172 2155 1345 2194 novos
1384 2140 1636 2196 homines
1669 2155 1765 2197 eos
1794 2142 2010 2196 format.

432 2227 769 2283 Erraverunt
807 2228 969 2299 igitur
1001 2245 1030 2284 a
1068 2229 1152 2284 via
1188 2231 1572 2287 mandatorum
1608 2232 1699 2287 Dei
1752 2233 2014 2288 aberran-

427 2328 515 2377 tes
544 2337 608 2377 οι
649 2328 802 2383 tunc.
836 2337 944 2377 non
978 2323 1263 2393 aperihus.
1298 2332 1361 2378 ut
1394 2324 1634 2391 diximus
1664 2364 1678 2389 ,
1729 2325 1823 2382 sed
1873 2340 2014 2395 prae.

428 2410 658 2469 scientia
696 2413 809 2468 Dei.
840 2413 914 2467 lta
967 2416 1109 2469 enim
1157 2416 1285 2470 alibi
1343 2417 1483 2485 apud
1510 2416 1805 2472 .leremiam
1844 2434 1872 2472 a
1903 2416 2015 2473 Deo

428 2502 539 2557 dici
571 2502 802 2573 legimus
830 2523 843 2559 :
878 2502 1202 2574 Priusquam
1229 2515 1275 2561 te
1299 2508 1584 2574 formarem
1615 2509 1666 2561 in
1694 2516 1865 2571 utero,
1896 2510 2014 2562 novi

429 2604 501 2656 te.
530 2605 579 2652 et
619 2607 899 2667 antequam
932 2602 1100 2654 exii-es
1120 2598 1183 2654 de
1211 2600 1385 2665 vulva,
1429 2601 1761 2668 sanctiﬁcavi
1795 2611 1841 2655 te
1865 2602 1936 2655 ’°.

498 2689 685 2746 Locuti
722 2702 846 2746 sunt
873 2693 1042 2758 falsa.
1074 2693 1191 2748 Non
1220 2695 1288 2748 ab
1311 2702 1467 2749 utero
1499 2693 1631 2749 falsa
1672 2694 1837 2749 locuti
1860 2702 2011 2758 sunt,

429 2784 525 2841 sed
569 2785 732 2839 simul
770 2798 833 2839 ae
868 2787 934 2839 ad
969 2784 1321 2857 grandiorem
1356 2793 1572 2841 aetatem
1605 2801 1921 2855 pervenere.

502 2873 671 2931 Vsus.
714 2876 769 2930 5.
802 2876 980 2930 Furor
1000 2876 1105 2929 illis
1139 2876 1426 2931 secundum
1482 2878 1884 2934 similitudinem
1905 2895 2016 2934 ser-

428 2970 618 3039 pentis.
653 2970 820 3023 Aiunt
850 2980 1159 3038 serpentem
1192 2969 1284 3025 ubi
1310 2968 1365 3022 in
1392 2969 1627 3039 aliquem
1670 2971 1900 3041 creperit
1929 2970 2015 3026 fu-

2046 1758 2094 1816 B

2207 1225 2822 1299 Ἀπηλλοτριώθησαν
2851 1235 2909 1287 oi
2937 1232 3279 1302 ἁμαρτωλοὶ
3314 1231 3433 1286 ἀπὸ
3452 1230 3708 1300 μήτρας·

2124 1321 2438 1390 Στηλιτεύει
2486 1325 2616 1388 τοὺς
2668 1327 3111 1397 ἀνεπιστρόφους
3161 1325 3548 1396 ἁμαρτωλοὺς.
3617 1324 3713 1376 καὶ

2121 1413 2367 1467 διδάσκει
2396 1416 2486 1469 διὰ
2523 1416 2977 1489 βραχέωνξὸποίοι
3033 1421 3185 1483 ὄντες
3239 1418 3436 1472 ὁποίαν
3494 1417 3715 1487 λαμϐά-

2125 1524 2275 1560 νουσι
2328 1513 2738 1583 καταστροφήν.
2774 1511 2898 1567 Ἔτι
2933 1512 3463 1583 βρεφουργούμενοι,
3522 1510 3713 1579 φησὶν,

2125 1600 2653 1674 ἀπηλλοτριώθησαν
2677 1603 2771 1657 τοῦ
2803 1604 2964 1667 Θεοῦ,
2995 1606 3138 1659 κατὰ
3192 1603 3294 1672 τὴν
3345 1602 3513 1656 αὑτοῦ
3572 1600 3715 1670 πρό-

2127 1711 2354 1763 γνωσιν,
2404 1697 2501 1750 καὶ
2538 1695 3050 1767 ἀπηλλοτριωμένοι
3077 1696 3166 1751 διὰ
3195 1696 3259 1749 τὸ
3328 1695 3529 1767 μέλλον
3589 1693 3716 1747 ἐλο-

2123 1789 2284 1859 γίσθη
2294 1806 2411 1845 σαν.

2194 1881 2673 1949 Ἐπλανήθησαν
2703 1882 2824 1938 ἀπὸ
2852 1883 3136 1953 γαστρός.
3165 1882 3301 1936 Ἀπὸ
3333 1881 3435 1951 τῆς
3474 1878 3718 1950 Ἐκκλη-

2123 1977 2245 2039 σίας
2268 1994 2281 2009 °
2327 1978 2512 2048 μήτηρ
2547 1976 2654 2049 γὰρ
2689 1976 2828 2048 αὕτη
2862 1977 2958 2031 καὶ
3017 1975 3237 2047 γαστὴρ
3280 1975 3391 2030 τῶν
3431 1976 3716 2028 υίοθετου-

2124 2068 2306 2137 μένων
2334 2068 2414 2140 τῷ
2448 2068 2589 2140 Θεῷ,
2638 2068 2991 2137 ἁναγεννῶσα
3032 2069 3258 2132 τούτους
3296 2068 3385 2121 διὰ
3415 2068 3513 2120 τοῦ
3548 2065 3717 2134 ἁγίου

2126 2162 2530 2231 βαπτίσματος.
2608 2161 3027 2232 Ἑπλανήθησαν
3100 2161 3294 2232 πόρρω
3337 2159 3436 2227 τῆς
3487 2156 3717 2219 εὐθείας

2122 2253 2231 2308 τῶν
2271 2253 2433 2308 θείων
2465 2254 2717 2320 ἐντολῶν,
2750 2254 2851 2307 οὐκ
2892 2253 3163 2326 ἐνεργείᾳ,
3190 2251 3327 2314 ἀλλ’,
3361 2251 3438 2314 ὡς
3467 2251 3715 2320 εἴρηται,

2122 2347 2187 2416 τῇ
2247 2345 2560 2416 προγνώσει
2604 2344 2699 2398 τοῦ
2727 2344 2885 2399 Θεοῦ.
2916 2344 3075 2398 Οὕτω
3103 2344 3210 2413 γὰρ
3245 2336 3402 2395 εἶπεν
3444 2339 3717 2410 καὶπρὸς

2122 2437 2217 2490 τὸν
2257 2438 2535 2508 Ἰερεμίαν
2577 2440 2606 2490 δ
2633 2437 2765 2500 Θεὸς
2792 2454 2807 2467 ·
2852 2436 2974 2505 Πρὸ
3015 2437 3124 2491 τοῦ
3150 2453 3228 2505 με
3256 2433 3487 2489 πλάσαι
3523 2449 3604 2487 σε
3645 2432 3721 2486 ἐν

2122 2529 2342 2596 κοιλίᾳ,
2372 2529 2701 2598 ἐπίσταμαί
2728 2544 2824 2597 σε,
2848 2531 2949 2585 καὶ
2974 2530 3089 2598 πρὸ
3106 2528 3213 2583 τοῦ
3239 2540 3314 2581 σε
3336 2527 3618 2592 ἐξελθεῖν
3645 2525 3721 2578 ἀι

2114 2622 2370 2690 μήτρας,
2402 2621 2622 2691 ἡγίακά
2658 2637 2754 2676 σε.

2205 2711 2557 2780 Ἐλάλησαν
2584 2711 2807 2781 ψευδῆ.
2832 2711 3002 2767 Τοῦτο
3030 2708 3131 2765 οὐκ
3164 2708 3272 2764 ἀπὸ
3307 2706 3571 2780 γαστρὸς,
3596 2707 3721 2762 ἀλλ’

2125 2809 2209 2871 είς
2237 2805 2455 2877 ἡλικίαν
2487 2804 2757 2867 ἐλθόντες.

2195 2896 2392 2965 Θυμὸς
2446 2893 2674 2960 αὐτοῖς,
2708 2893 2860 2947 κατὰ
2888 2892 3006 2961 τὴν
3043 2894 3330 2962 ὁμοίωσιν
3364 2891 3472 2947 τοῦ
3494 2890 3719 2959 ὄφεως.

2122 2988 2259 3041 Φασὶ
2301 2988 2394 3041 τὸν
2449 2987 2571 3055 ὅφιν
2616 2985 2960 3054 ἐπιμανέντα
2983 2987 3114 3051 τινὶ,
3163 2985 3438 3055 μηδέποτε
3461 2982 3720 3055 μεθεῖναι

429 3076 574 3125 rere,
605 3076 887 3129 nunquam
930 3062 1066 3114 iram
1099 3071 1195 3114 aut
1224 3060 1467 3117 furorem
1514 3063 1808 3131 deponere,
1840 3063 2014 3120 donec

2124 3082 2214 3133 τὸν
2242 3077 2437 3149 θυμὸν,
2480 3078 2642 3149 ἄχρις
2678 3077 2744 3131 ἂν
2774 3076 2807 3146 ἢ
2843 3076 3020 3149 δράσῃ
3053 3094 3106 3130 τι
3138 3079 3331 3140 κακὸν,
3386 3076 3419 3147 ἢ
3464 3092 3722 3145 προαπο-

428 3168 699 3209 venenum
728 3151 997 3216 intulerit,
1021 3158 1114 3205 aut
1137 3152 1343 3208 rabiem
1369 3168 1514 3207 mors
1540 3154 1825 3211 ademerit.
1843 3154 2021 3212 Furor

432 3260 587 3315 atque
614 3246 783 3315 igitur
814 3244 899 3298 his
928 3245 1293 3314 implacabilis
1328 3257 1434 3301 est.
1476 3245 1843 3303 Perseverant
1870 3248 2015 3304 enim

431 3339 579 3402 irati,
609 3345 662 3393 et
692 3336 849 3391 dolos
880 3344 1146 3406 perpetuo
1199 3337 1519 3393 moliuntur.

498 3430 667 3496 Quasi
700 3429 900 3498 aspidis
937 3429 1116 3483 surda:
1142 3471 1155 3494 ,
1189 3438 1239 3483 et
1296 3430 1598 3485 obturantis
1654 3447 1812 3486 aures
1867 3448 2013 3487 suas.

432 3523 656 3578 Furoris
713 3521 1132 3577 similitudinem
1200 3523 1265 3577 ad
1321 3524 1493 3592 ipsam
1550 3524 1717 3579 etiam
1770 3524 2013 3597 aspidem

430 3614 711 3673 transfert.
753 3614 929 3669 Furor
957 3629 1170 3688 eorum,
1206 3614 1406 3683 inquit,
1439 3618 1597 3685 quasi
1626 3616 1776 3671 furor
1807 3616 2015 3687 aspidis

433 3708 614 3767 surda:
644 3727 657 3761 :
696 3723 803 3762 non
833 3707 1077 3777 aspidem
1109 3707 1255 3774 dico,
1293 3722 1414 3776 qum
1447 3717 1642 3763 natura
1701 3708 1867 3764 surda
1899 3709 1971 3763 sit
1999 3748 2014 3773 ,

434 3804 527 3859 sed
551 3816 669 3872 qua:
702 3801 827 3855 data
860 3815 1050 3870 opera,
1075 3809 1239 3870 atque
1270 3809 1393 3855 astu
1442 3800 1681 3869 quodam
1712 3801 1904 3856 audire
1939 3817 2021 3856 re-

433 3896 593 3959 nuit;
633 3902 794 3962 atque
833 3893 956 3947 ideo
988 3903 1394 3962 consequenter
1426 3892 1636 3947 addidit
1670 3911 1685 3947 :
1730 3895 1899 3964 Atque
1920 3894 2015 3949 ob-

436 3991 663 4043 turantis
699 4002 858 4040 aures
882 4004 1029 4039 suas.
1058 3987 1262 4042 Deinde
1300 3995 1519 4053 tempus
1544 3996 1770 4041 enarrat
1797 3990 2016 4059 quando

436 4085 673 4137 maxime
703 4079 1078 4135 obsurdeseit.

507 4174 673 4229 Vens.
711 4172 764 4226 6.
802 4172 933 4237 Quae
964 4189 1068 4227 non
1093 4172 1341 4227 exaudiet
1373 4189 1550 4227 vocem
1605 4176 2016 4240 incantantium,

2126 3171 2287 3241 θάνῃ.
2310 3170 2493 3241 Θυμδς
2520 3166 2613 3223 οὖν
2654 3170 2750 3222 καὶ
2773 3167 2987 3232 τούτοις
3020 3170 3322 3233 ἀνένδοτος,
3354 3166 3448 3221 καὶ
3476 3165 3720 3219 διαπαν-

2126 3264 2218 3326 τὸς
2244 3262 2554 3325 ἐπίϐουλος.

2210 3442 2369 3496 Ὡσεὶ
2403 3442 2666 3508 ἀσπίδος
2721 3441 2950 3511 κωφῆς.
3010 3440 3112 3495 καί
3152 3439 3438 3506 ,βυούσης
3466 3440 3541 3492 τὰ
3591 3432 3725 3494 ὦτα

2126 3533 2339 3601 αὐτῆς.
2374 3533 2696 3605 Μεταφέρει
2734 3535 2791 3587 τδ
2846 3534 3201 3604 παράδειγμα
3256 3531 3351 3585 τοῦ
3398 3530 3574 3600 θυμοῦ
3619 3531 3724 3583 καὶ

2126 3628 2223 3680 ἐπὶ
2248 3629 2349 3697 τὴν
2376 3628 2603 3683 ἀσπίδα.
2641 3626 2829 3697 suae;
2858 3626 2994 3681 ὡσεὶ
3024 3627 3250 3689 ἀσπίδος
3287 3623 3497 3693 κρυερῆς,
3524 3623 3627 3675 καὶ
3655 3624 3721 3676 οὐ

2127 3718 2288 3787 φύσει
2324 3718 2539 3788 κωφῆς,
2561 3718 2699 3772 ἀλλὰ
2728 3718 3061 3788 πανουργίᾳ.
3086 3718 3186 3770 Διὰ
3207 3716 3370 3769 τοῦτο
3406 3715 3512 3788 γὰρ
3544 3730 3728 3782 προσ-

2126 3811 2292 3877 έθηκε
2324 3811 2406 3863 τό*
2441 3810 2554 3865 Καὶ
2578 3811 2866 3878 βυοὺσης
2898 3810 2971 3864 τὰ
2998 3806 3120 3865 ὦτα
3159 3809 3384 3878 αῠτῆςσ
3415 3804 3535 3863 εἶτα
3566 3808 3722 3873 διέξ-

2134 3921 2239 3956 εισι
2279 3905 2373 3957 καὶ
2402 3904 2533 3957 πότε
2566 3903 2831 3973 κωφεύει.

2199 4172 2367 4236 "Huc
2384 4172 2494 4224 οὐκ
2509 4172 2931 4226 είσακούσεται
2948 4171 3155 4241 φωνῆς
3169 4172 3537 4239 ἐπᾳδόντων,
3564 4190 3725 4243 φαρ-

434 4280 482 4323 et
514 4270 748 4338 veneﬁci,
781 4268 1063 4321 incantata
1084 4283 1116 4319 a
1147 4267 1394 4336 sapienti.
1420 4266 1523 4321 Per
1547 4268 1895 4324 incantantes
1923 4283 2014 4323 eos

2124 4262 2320 4332 μακοῦ
2358 4280 2443 4328 τε,
2490 4262 2993 4331 φαρμακευομένη
3027 4263 3186 4332 παρὰ
3200 4264 3421 4333 σοφοῦ.
3449 4264 3723 4335 Ἐπᾲδον-

435 4360 723 4430 intelligit,
772 4375 909 4429 quos
964 4360 1340 4414 incantatores
1375 4400 1389 4423 ,
1442 4374 1538 4415 seu
1592 4361 2014 4430 praestigiatorcs

2124 4373 2223 4417 τας
2248 4354 2397 4423 λέγει
2462 4356 2591 4417 τοὺς
2632 4353 3000 4424 καλουμένους
3034 4356 3345 4421 ἐπαοιδοὺς,
3378 4358 3578 4422 οἵτινες
3629 4360 3726 4415 διά

434 4454 774 4525 appellamus
806 4471 819 4507 :
857 4453 949 4523 qui
983 4453 1323 4508 carminibus
1354 4452 1683 4521 quibusdam
1712 4493 1724 4513 ,
1758 4461 1853 4506 aut
1884 4467 2014 4520 prat-

2126 4466 2293 4503 τινων
2337 4447 2566 4517 ἐπῳδῶν
2625 4448 3135 4518 καταγοητεύοντες
3170 4451 3297 4512 τοὺς
3351 4450 3561 4521 θυμοὺς
3607 4452 3725 4506 τῶν

435 4546 613 4616 sligiis
675 4545 977 4616 repentium
1040 4560 1106 4600 ac
1200 4554 1589 4598 venenatorum
1658 4545 2015 4599 animantium

437 4636 678 4693 furorem
712 4635 993 4691 cohibent.
1030 4633 1158 4690 Suis
1207 4626 1362 4690 enitu'
1388 4636 1636 4691 artificiis
1688 4650 1876 4690 eorum
1912 4650 2008 4689 sae-

436 4724 618 4778 vitiam
649 4723 884 4793 placant,
916 4731 1080 4793 atque
1105 4724 1209 4777 hoc
1244 4731 1403 4792 pacto
1441 4737 1505 4776 ea
1537 4732 1827 4787 venantur,
1857 4732 1914 4778 et
1946 4722 2011 4777 ad

438 4817 777 4871 medicorum
810 4831 970 4870 usum
1005 4823 1313 4869 asservant.
1354 4814 1517 4883 Aspis
1565 4814 1769 4884 igitur,
1825 4822 1880 4869 et
1928 4814 2016 4869 illa

439 4910 780 4976 potissimum
832 4922 952 4977 quae
986 4907 1283 4975 palamnzea
1342 4906 1683 4975 appellatur,
1736 4907 1902 4963 certis
1967 4908 2019 4961 id

438 5001 773 5069 coniecturis
798 5013 1167 5067 orienoscens,
1187 4998 1479 5054 obstruere
1509 5013 1673 5052 aures
1700 5012 1828 5053 suas
1859 4998 2016 5063 solet,

437 5100 601 5160 atque
642 5090 746 5143 hoc
777 5099 932 5159 pacto
960 5103 1149 5143 eorum
1183 5097 1328 5144 artes
1354 5087 1609 5143 evadere.
1645 5085 1795 5142 Ordo
1827 5097 2009 5141 autem

438 5183 726 5237 verborum
761 5161 1071 5247 huiusmodi
1105 5186 1190 5234 est
1221 5197 1235 5233 :
1278 5178 1408 5246 Quae
1437 5180 1582 5249 aspis
1620 5196 1726 5234 non
1761 5181 2016 5235 exaudiet

438 5286 621 5326 vocem
654 5271 1081 5332 ineantantium,
1114 5278 1170 5326 et
1207 5285 1317 5326 non
1348 5272 1603 5326 exaudiet
1630 5286 1816 5326 vocem
1855 5285 2014 5326 vene-

438 5364 549 5425 tici,
591 5365 804 5417 tametsi
842 5365 1116 5416 incantata
1158 5364 1229 5417 sit
1258 5402 1272 5428 ,
1306 5377 1371 5417 ac
1427 5363 1717 5432 praestigiis
1764 5363 1940 5417 illecta
1986 5378 2015 5416 a

437 5455 666 5524 sapienti
699 5455 833 5509 viro.
889 5452 1204 5522 Sapientem
1234 5454 1435 5524 quippe
1485 5455 1574 5510 hic
1625 5455 1803 5525 ipsum
1838 5456 2016 5510 artifi-

440 5563 555 5601 cem
615 5562 679 5600 ae
727 5546 1029 5602 veneficum
1078 5547 1317 5617 appellat
1364 5591 1377 5605 .
1441 5547 1608 5603 veluti
1672 5548 1821 5603 illius
1883 5550 2018 5604 artis

509 5733 555 5767 τ’
580 5730 781 5791 Jerem.
822 5748 861 5800 ι,
895 5735 946 5789 5.

2125 4539 2396 4610 ἑρπετῶν,
2449 4540 2543 4592 καὶ
2587 4537 2649 4591 τὸ
2705 4540 2991 4609 ἀγριαίνον
3051 4538 3226 4599 οὕτως
3287 4541 3719 4613 ἐξημεροῦντες,

2126 4633 2491 4702 λαμϐάνουσι,
2554 4634 2651 4688 καὶ
2716 4634 2958 4703 χρῶνται
2989 4634 3127 4704 πρὸς
3169 4636 3433 4705 ἰατρείαν.
3477 4636 3543 4689 Ἦ
3580 4638 3722 4705 γοῦν

2127 4728 2321 4789 ἀσπὶς,
2349 4727 2444 4779 καὶ
2492 4728 2695 4796 μᾶλλον
2737 4728 3188 4798 ἐπονομαζομένη
3224 4729 3564 4798 παλαμναῖα,
3604 4731 3721 4785 ἀπό

2127 4835 2289 4870 τινων
2316 4818 2633 4887 τεκμηρίων
2649 4818 3085 4889 προαισθομένη,
3104 4819 3224 4890 βύει
3248 4822 3315 4874 τὰ
3337 4822 3543 4893 ἑαυτῆς
3572 4819 3717 4889 ὦτα,

2130 4910 2226 4962 καὶ
2290 4907 2432 4961 οὕτω
2476 4909 2871 4980 διαδιδράσκει.
2935 4912 3090 4966 Ἐστι
3139 4912 3195 4965 δὲ
3240 4915 3275 4984 ἡ
3323 4913 3579 4981 σύνταξις
3601 4917 3719 4969 τῶν

2130 5001 2332 5071 ῥητῶν,
2368 5000 2562 5064 οὕτως·
2596 5002 2756 5065 Ἥτις
2787 5004 2886 5056 οὐκ
2922 5003 3307 5060 είσακούσεται
3340 5008 3524 5075 φωνῆς
3569 5011 3716 5081 ἐπᾳ-

2126 5094 2346 5157 δόντων,
2389 5094 2483 5146 καὶ
2548 5094 2872 5164 φαρμακοῦ,
2904 5098 3153 5151 τουτέστι
3197 5099 3417 5169 γόητος,
3443 5118 3716 5172 γοητευο-

2131 5184 2264 5252 μένη
2296 5185 2447 5255 παρὰ
2485 5185 2653 5253 σοφοῦ
2672 5186 2886 5255 ἀνδρός.
2910 5188 3081 5255 Σοφὸν
3108 5188 3165 5241 δὲ
3194 5189 3313 5255 νῦν,
3339 5192 3430 5243 τὸν
3456 5193 3718 5261 τεχνίτην

2124 5273 2373 5329 ἐκάλεσε.
2409 5274 2713 5343 Προσφυῶς
2744 5275 2801 5328 δὲ
2838 5278 2933 5328 καὶ
2985 5277 3078 5330 τὸν
3099 5278 3223 5346 ὄφιν
3250 5280 3343 5334 xai.
3371 5281 3474 5351 τὴν
3502 5282 3715 5336 ἀσπίδα

2125 5365 2373 5420 τέθεικεν
2407 5368 2489 5429 είς
2520 5367 2877 5438 παράδειγμα
2901 5384 2914 5398 °
2942 5371 2972 5422 ὁ
2992 5371 3166 5425 Σαοὺλ
3202 5372 3311 5444 γὰρ
3342 5378 3435 5429 καὶ
3464 5376 3715 5429 ἐνεκὸτιι

2126 5457 2201 5520 ὡς
2233 5457 2381 5524 δερις,
2415 5459 2511 5511 καὶ⁵
2548 5458 2811 5522 πολλάκις
2853 5462 3301 5532 κατεπᾳδόμενος
3335 5465 3520 5533 λόγοις
3560 5467 3712 5534 ἀγα-

2129 5549 2241 5612 θοῖς
2270 5547 2421 5620 παρὰ
2451 5547 2546 5603 τοῦ
2600 5549 2785 5617 Δασὶδ,
2816 5552 2898 5606 ὅτι
2930 5550 3096 5615 αὐτὸς
3124 5552 3225 5623 μέν
3254 5554 3372 5608 ἐστι
3394 5554 3586 5626 κύριος
3611 5555 3715 5609 καὶ
