4162 6288
271 339 368 405 601
1439 347 1832 412 COMMENT.
1874 349 1959 410 IN
1998 353 2366 417 PSALMOS.

3415 358 3523 420 602

266 453 528 523 δεσπότης
564 452 658 508 καὶ
714 452 972 524 βασιλεύς
998 471 1011 485 ·
1065 449 1220 522 οὗτος
1246 459 1324 521 δὲ.
1353 459 1541 526 δοῦλος
1567 463 1661 517 καὶ
1693 464 1838 518 κύων

1947 467 2204 535 peritum.
2238 469 2534 528 Commode
2561 489 2693 530 vero
2720 475 2992 545 serpentis
3022 483 3076 530 et
3102 472 3309 545 aSpidis
3336 489 3521 527 orem-

267 545 532 614 τεθνηκὼς
558 547 645 601 καὶ
683 548 905 618 ψύλλος,
942 549 1299 620 ὲθελοκωφῶν
1319 549 1408 625 ἦν,
1440 556 1516 618 ὡς
1541 557 1728 620 ἀσπίς.

1947 560 2095 627 plum
2132 560 2377 628 adducit,
2415 578 2540 619 cum
2573 565 2704 622 Saul
2735 577 2789 624 et
2812 569 3167 630 irasceretur,
3191 578 3246 618 ut
3268 579 3519 634 serpens,

264 647 312 692 et
347 638 790 706 obsurdesceret,
824 643 975 697 velut
1005 644 1175 714 aspis,
1207 661 1331 699 cum
1366 646 1673 704 blandosac
1697 649 1932 705 mellitos
1963 651 2104 706 beati
2169 654 2334 708 David
2400 671 2683 715 sermones
2750 668 3070 730 sperneret,
3123 659 3323 728 quibus
3400 664 3526 708 tan-

263 747 417 800 quam
451 735 713 790 suavibus
745 737 1074 808 quibusdam
1136 749 1303 811 atque
1361 741 1670 798 efﬁcacibus
1694 744 2058 814 [carminibus
2127 749 2376 806 emollire
2457 752 2611 807 illum
2698 769 2760 808 ac
2810 755 3042 808 delinire
3117 751 3524 817 contenderat:

264 824 419 881 veluti
444 842 569 882 cum
601 827 819 885 Saulem
857 831 1156 902 principem
1189 847 1258 891 ac
1287 849 1470 906 regem
1526 853 1689 894 suum
1737 841 2072 911 appellabat,
2101 857 2160 897 se
2191 859 2318 898 vero
2342 860 2587 911 servum,
2650 862 2842 903 canem
2903 859 3200 909 mortuum,
3253 859 3306 902 et
3368 865 3523 916 pror-

262 939 349 980 sus
377 925 667 990 abiectum.

338 1017 393 1071 Ὁ
420 1020 566 1086 Θεὸς
611 1024 935 1094 συντρίψει
963 1025 1108 1092 τοὺς
1156 1027 1412 1096 ὀδόντας
1437 1030 1640 1085 αὐτῶν
1661 1032 1734 1086 ἐν
1754 1031 1835 1098 τῷ

2009 1033 2183 1089 Vens.
2227 1037 2280 1089 7.
2319 1034 2460 1089 Deus
2498 1044 2728 1089 conteret
2760 1035 2941 1088 dentes
2971 1050 3154 1087 eorum
3194 1033 3248 1086 in
3274 1036 3524 1101 oreipso-

261 1111 501 1215 στόματι
526 1114 745 1169 αὐτῶν.
787 1117 1037 1180 Ὀδόντας
1070 1120 1331 1190 ὀνομάζει
1352 1121 1453 1184 τὰς
1485 1125 1826 1186 κακυντικὰς

1942 1145 2071 1180 rum.
2106 1127 2209 1182 Per
2239 1127 2432 1183 dentes
2461 1167 2477 1190 ,
2509 1127 2845 1197 perniciosas
2873 1141 2935 1180 ac
2983 1127 3190 1180 validas
3224 1142 3414 1181 corum
3448 1127 3526 1177 vi-

261 1207 366 1255 τῶν
398 1207 658 1259 τοιούτων
683 1207 949 1278 δυνάμεις
968 1225 982 1240 ο
1015 1208 1242 1274 ὀδόντας
1263 1211 1322 1266 δὲ
1354 1212 1551 1278 εἰπὼν,
1585 1215 1681 1268 καὶ
1711 1214 1835 1267 στό-

1942 1236 2024 1274 res
2060 1220 2337 1290 intelligit,
2366 1227 2421 1274 et
2459 1219 2740 1286 expositas
2769 1218 2834 1271 ad
2872 1219 3138 1288 patranda
3190 1218 3418 1271 scelera.
3465 1217 3528 1271 Et

263 1312 430 1366 ματος
481 1297 917 1369 ἐμνημόνευσεν,
969 1299 999 1355 δ
1051 1302 1269 1373 νοήσεις
1323 1303 1424 1374 τὴν
1480 1304 1836 1377 περιεκτικὴν

1942 1329 2060 1369 cum
2091 1312 2336 1366 dentium
2368 1310 2701 1375 meminerit,
2752 1311 2930 1381 ipsum
2987 1311 3151 1364 etiam
3183 1326 3246 1364 os
3279 1310 3484 1363 addidit
3510 1348 3526 1371 ,

258 1387 540 1459 πονηρίαν.

327 1565 441 1634 τὰς
459 1570 656 1638 μύλας
682 1568 805 1626 τῶν
836 1575 1107 1629 λεόντων
1135 1577 1526 1634 συγέθλασεν
1545 1581 1579 1635 ὁ
1604 1581 1837 1648 Κύριος.

267 1661 357 1716 Ἑν
387 1664 465 1735 τῷ
497 1667 828 1737 προλαϐόντι
845 1669 1050 1742 ψαλμῷ
1066 1672 1344 1742 σκύμνους
1370 1675 1540 1740 αὑτὰς
1573 1677 1836 1743 καλέσας,

253 1756 312 1809 ἐν
344 1755 426 1826 τῷ
456 1759 711 1830 παρόντι,
759 1763 859 1817 καὶ
887 1764 1019 1834 περὶ
1047 1762 1279 1819 ὀδόντων
1306 1765 1496 1836 φησιν.
1533 1767 1690 1822 Ἐστι
1729 1769 1785 1822 δὲ
1811 1771 1840 1822 ὁ

1948 1421 2058 1476 quo
2085 1405 2483 1475 complectendi
2532 1413 2702 1474 atque
2745 1402 3246 1458 comoreliendendi
3298 1403 3529 1457 facultas

1950 1500 2251 1553 indicatur.

2017 1591 2188 1646 Motus
2231 1589 2442 1644 leonum
2486 1589 2742 1659 confregit
2795 1587 3076 1641 Dominus.
3139 1584 3201 1640 In
3256 1585 3529 1655 superiori

1953 1684 2166 1752 psalmo
2190 1683 2406 1737 catulos
2430 1682 2647 1737 leonum
2682 1696 2777 1737 eos
2805 1681 3099 1751 appellavit
3131 1695 3145 1734 :
3177 1681 3233 1733 in
3271 1678 3528 1747 prasseuti

1948 1793 2080 1833 vero
2119 1777 2340 1831 leonum
2395 1775 2588 1830 dentes
2613 1775 2834 1839 1habere
2863 1775 3014 1829 illos
3060 1772 3214 1828 dicit.
3260 1771 3528 1827 Cazterum

257 1856 438 1925 στίχος
489 1845 646 1916 οὗτος
687 1854 1094 1923 διπλασιασμὸς
1141 1857 1241 1911 τοῦ
1281 1858 1390 1927 πρὸ
1420 1856 1612 1925 αὐτοῦ,
1652 1859 1835 1923 καθὼς

1942 1870 1995 1924 in
2030 1869 2133 1924 hoc
2159 1867 2428 1924 versiculo
2455 1866 2702 1922 eamdem
2729 1867 2927 1936 repetit
2979 1864 3310 1920 sententiam
3363 1877 3529 1932 quam

254 1946 311 1997 tv
339 1944 558 2009 πολλοῖς
612 1946 939 2017 εἰρήκαμεν.
985 1948 1137 2002 Ἐπεὶ
1172 1948 1265 2004 καὶ
1297 1949 1355 2003 αἱ
1399 1948 1588 2018 μύλαι,
1619 1951 1832 2016 ὀδόντες

252 2038 414 2092 εἰσιν.
448 2039 543 2101 Ἢ,
567 2038 615 2090 ει
636 2036 840 2108 βούλει,
862 2039 1086 2104 ὀδόντας
1109 2041 1231 2108 μὲν,
1252 2043 1468 2110 νοήσεις
1483 2044 1830 2110 τοῦςτομεῖςο

255 2129 434 2199 μύλας
461 2129 539 2196 δὲ,
569 2131 698 2194 τοὺς
752 2131 1033 2202 ἐνδότερον
1060 2131 1302 2199 ὀδόντας,
1334 2131 1435 2198 οὓς
1469 2137 1562 2188 καὶ
1588 2135 1833 2190 λεαίνον-

1942 1963 1997 2017 ἰη
2030 1961 2358 2032 praecedenti
2409 1959 2687 2014 vidimus:
2746 1958 3209 2028 quemadmodum
3273 1969 3528 2022 saepenu-

1945 2069 2096 2108 mero
2132 2052 2377 2108 diximus
2430 2051 2748 2122 prophetam
2795 2049 2993 2104 facere.
3039 2047 3176 2102 Nam
3222 2058 3277 2102 et
3330 2047 3525 2108 molze,

1947 2144 2181 2213 majores
2209 2143 2402 2199 dentes
2436 2152 2584 2198 sunt.
2617 2144 2782 2197 Potes
2808 2142 2970 2195 etiam
3013 2156 3109 2209 per
3137 2139 3331 2192 dentes
3363 2137 3531 2191 intelo

249 2239 349 2286 τας
388 2223 651 2292 λέγομεν.
687 2222 764 2286 ὡς
795 2224 1039 2278 νοεῖσθαι
1067 2224 1159 2279 διὰ
1178 2225 1389 2280 τούτων
1417 2229 1518 2290 τὰς
1546 2221 1709 2299 ἦττον
1740 2229 1838 2281 καὶ

1942 2236 2101 2307 [igere
2131 2250 2225 2290 eos
2257 2241 2464 2289 tantum
2498 2233 2588 2286 hic
2621 2233 2729 2287 dici
2755 2272 2770 2294 ,
2807 2233 2900 2298 qui
2955 2232 3137 2285 cibum
3193 2237 3487 2284 conterunt
3511 2265 3528 2289 .

254 2314 461 2383 μᾶλλον
485 2313 715 2384 βλάϐας,
744 2310 834 2378 αἷς
874 2313 1148 2370 ἔϐλαπτον
1175 2317 1304 2380 τοὺς
1355 2319 1834 2389 παραπίπτοντας.

1932 2342 2030 2398 per
2060 2326 2231 2382 molas
2257 2340 2409 2391 vero,
2441 2339 2538 2381 eos
2571 2325 2664 2395 qui
2699 2325 2994 2380 interiores
3024 2334 3175 2384 sunt,
3201 2337 3338 2390 quos
3357 2320 3525 2372 etiam

252 2406 410 2476 ’Ὅρα
435 2406 493 2459 δὲ
522 2406 671 2470 ὅπως
698 2406 829 2459 ποτὲ
857 2407 980 2478 μὲν,
1011 2407 1089 2470 ὡς
1129 2408 1224 2461 ἐπὶ
1247 2407 1342 2462 τοῦ
1374 2409 1664 2477 μέλλοντος
1686 2409 1838 2477 λέγει

1942 2418 2178 2474 molares
2244 2427 2339 2472 aut
2369 2417 2621 2472 leoninos
2661 2416 3041 2486 appellamus:
3074 2416 3146 2469 ita
3189 2424 3247 2468 ut
3297 2427 3391 2481 per
3423 2411 3528 2463 liu-

255 2499 584 2568 Συντρίψει
607 2515 622 2529 ο
655 2498 787 2553 ποτὲ
815 2499 894 2564 δὲ,
930 2500 1007 2562 ὡς
1041 2499 1136 2553 ἐπὶ
1193 2499 1655 2571 παρεληλυθότος,
1690 2505 1842 2556 Συν-

246 2589 498 2646 ἐθλασε.
536 2592 793 2659 Τοιοῦτος
825 2592 936 2665 γὰρ
960 2595 991 2648 ὁ
1028 2593 1192 2666 νόμος
1217 2593 1327 2647 τῶν
1363 2594 1840 2667 προφητευόντων,

247 2684 325 2748 ὡς
354 2683 628 2749 πολλάκις
650 2684 894 2755 εἴρηται.

1934 2509 2172 2580 jusmodi
2209 2509 2451 2564 dentium
2487 2510 2925 2571 distinctionem,
2955 2507 3193 2575 majores
3248 2513 3301 2559 et
3349 2503 3530 2556 mino-

1939 2616 2028 2656 res
2056 2600 2398 2656 offensiones
2431 2601 2661 2669 intelligi
2691 2598 2928 2669 possint.
2962 2596 3098 2651 Illud
3139 2596 3304 2650 etiam
3336 2593 3525 2648 consi-

1941 2691 2070 2747 dera
2092 2692 2367 2762 quomodo
2389 2692 2682 2763 aliquando
2703 2691 2974 2760 Propheta
2991 2690 3044 2743 in
3068 2691 3250 2744 futuro
3273 2696 3522 2756 tempore

244 2778 446 2834 dicat:
480 2779 766 2847 Conteret;
815 2791 872 2836 et
918 2780 1213 2852 aliquando
1235 2783 1292 2838 in
1324 2783 1630 2854 'prteterito.
1684 2782 1979 2858 Confregit.
2027 2785 2352 2858 Hujusmodi
2397 2788 2543 2844 enim
2615 2796 2704 2844 est
2777 2787 3170 2857 prophetarum
3245 2799 3407 2847 mos,
3471 2789 3531 2838 ut

248 2875 455 2944 sapius
484 2877 747 2933 diximus.

303 2969 954 3038 Ἔξουδενωθήσονται,
973 2970 1117 3026 ὡσεὶ
1137 2968 1292 3037 ὕδωρ
1305 2968 1841 3041 διαπορευόμενον.

247 3063 322 3117 οὗ
354 3062 650 3134 ποτάμιον,
702 3063 824 3117 οὐδὲ
875 3065 1134 3135 πηγαῖον,
1170 3062 1300 3118 ἀλλ’
1327 3062 1434 3116 ὑπό
1477 3078 1625 3121 τινος
1649 3061 1838 3133 χυθὲν,

242 3152 344 3206 καὶ
359 3151 442 3216 ὥς
478 3151 670 3220 ἔτυχεν
688 3151 1006 3222 φερόμενον,
1028 3152 1448 3222 ἐσκεδασμένον.
1474 3151 1837 3217 Ἐεουδενωο

243 3245 547 3313 θήσονται
579 3245 656 3308 δὲ,
692 3244 815 3298 ἀντὶ
840 3245 940 3298 τοῦ
965 3244 1586 3318 Καταφρονηθήσονται.

2021 2965 2186 3023 Vens.
2227 2965 2282 3021 8.
2331 2966 2414 3019 Ad
2461 2963 2684 3018 nihilum
2725 2962 3026 3025 devenient,
3083 2973 3339 3030 tanquam
3390 2976 3531 3029 aqua

1947 3060 2254 3115 decurrens.
2281 3058 2490 3127 Aquam
2525 3057 2615 3110 hic
2647 3071 2753 3110 non
2775 3053 3018 3109 fluminis
3042 3053 3195 3115 dicit,
3218 3063 3312 3106 aut
3338 3051 3530 3117 fontis,

1947 3153 2040 3208 sed
2069 3165 2268 3222 aquam
2293 3149 2545 3219 intelligit
2568 3164 2597 3202 a
2624 3147 2881 3217 quopiam
2901 3147 3157 3212 eﬂ'usam,
3188 3155 3280 3198 aut
3305 3145 3532 3199 fortuito

1944 3243 2176 3314 eiectam
2214 3281 2228 3304 ,
2263 3255 2328 3295 ac
2359 3240 2545 3294 statim
2581 3239 2914 3306 dispersam.
2983 3235 3050 3289 Et
3104 3238 3247 3305 quod
3289 3236 3410 3291 ait:
3451 3237 3532 3290 Ad

241 3337 477 3391 nihilum
507 3335 772 3391 devenient
802 3352 900 3393 seu
940 3335 1038 3410 [ut
1067 3337 1256 3395 Graece
1285 3337 1450 3394 unico
1478 3339 1647 3394 verbo
1680 3334 1931 3406 dicitur]
1990 3333 2480 3400 Adnihilabuntur,
2556 3347 2792 3402 expone,
2846 3347 2944 3401 pro
3023 3330 3368 3400 Spei-nentur
3391 3371 3404 3393 ,
3477 3341 3534 3388 ct

241 3432 405 3489 nihili
445 3429 600 3488 ﬂent.

311 3525 592 3584 Ἐντενεῖ
602 3529 670 3583 τὸ
688 3527 867 3593 τόξον
886 3528 1098 3594 αὐτοῦ,
1116 3527 1229 3596 ἕως
1251 3523 1324 3586 οὗ
1343 3529 1826 3596 ἀσθενήσουσιν.
1859 3525 1909 3591 C

255 3619 510 3673 Ἐντενεῐ
538 3618 640 3690 τὴν
665 3620 997 3691 κολαστικήν
1030 3618 1198 3676 αὐτοῦ
1229 3619 1462 3691 δύναμιν
1489 3620 1609 3674 κατ’
1635 3620 1837 3685 αὐτῶν,

237 3716 341 3767 καὶ
380 3713 564 3782 βαλεῖ.

322 3807 498 3861 Ὠσει
526 3806 712 3875 κηρὸς
739 3806 946 3873 τακεις
970 3806 1620 3877 ἀνταναιρεθήσονται.
1686 3807 1810 3860 Ἀντ
1827 3834 1843 3848 ο

233 3898 414 3964 aiio);
466 3897 565 3967 τῆς
613 3897 841 3966 φονικῆς
892 3896 1072 3951 αὐτῶν
1103 3896 1332 3966 γνώμης
1390 3895 1843 3968 ἀναιρεθήσονται

234 3991 516 4055 εὐκόλως,
579 3990 741 4060 δίκην
801 3989 978 4060 κηροῦ
1003 3991 1284 4054 τακέντος.
1340 3990 1495 4062 ’Δμα
1532 3989 1645 4061 γὰρ
1677 3983 1835 4053 οὗτος

239 4084 555 4158 πλησιάζει
584 4086 747 4156 πυρὶ,
779 4087 875 4140 καὶ
893 4085 1010 4156 ἅμα
1038 4086 1292 4157 τήκεται.

320 4269 566 4323 Ἐπεσε
617 4264 740 4333 πῦρ
783 4264 878 4319 ἐπ’
929 4264 1177 4333 αὐτοὺς,
1241 4266 1341 4320 και
1371 4265 1484 4320 οὐκ
1519 4261 1685 4322 εἶδον
1734 4264 1843 4317 τὸν

233 4359 450 4428 ἥλιον.
509 4355 703 4428 Κηροῦ
752 4357 1037 4428 μνησθεὶς,
1064 4358 1161 4411 καὶ
1203 4357 1318 4426 πῦρ
1365 4356 1698 4427 προσέθηκε,
1727 4351 1841 4422 πῦρ

233 4453 426 4518 λέγων
462 4451 555 4505 τὸν
600 4450 866 4521 θεήλατον
921 4449 1114 4519 θυμὸν,
1154 4450 1249 4504 καὶ
1276 4449 1438 4514 εὐθὺς
1477 4449 1559 4514 εἰς
1586 4447 1686 4517 τὴν
1711 4447 1839 4499 ἑπι-

235 4543 418 4598 οῦσαν
448 4540 672 4612 ἡμέραν
697 4540 797 4594 οὐκ
824 4538 1092 4607 ἔφθασαν.

307 4721 442 4790 Πρὸ
478 4721 586 4774 τοῦ
627 4720 903 4775 συνιέναι
923 4720 1032 4787 τὰς
1055 4719 1325 4786 ἀκάνθας
1358 4718 1527 4787 ὑμῶν
1567 4717 1683 4785 τὴν
1732 4717 1840 4785 ῥά-

229 4828 424 4882 μνον.
453 4811 599 4882 Πρὸς
619 4810 709 4862 τὸν
733 4811 908 4864 Σαοὺλ
922 4811 1064 4864 κατὰ
1085 4811 1442 4881 ἀποστροφὴν
1469 4813 1497 4863 ὁ
1529 4811 1685 4876 λόγος
1702 4827 1715 4839 ’
1757 4809 1838 4862 ὅτι

234 4905 410 4959 τοῦτο
447 4904 699 4956 πεσεῖται
717 4902 777 4955 τὺ
805 4902 938 4972 πῦρ,
974 4904 1080 4974 πρὸ
1096 4903 1188 4956 τοῦ
1213 4903 1514 4971 αὐξηθῆναι
1542 4903 1640 4966 τὰς
1663 4904 1836 4972 ἀμαρι

235 4999 365 5061 sic;
396 4996 584 5063 ὑμῶν.
618 4995 736 5049 Ἵνα
759 4995 815 5048 δὲ
847 4995 1016 5059 σαφὲς
1041 4998 1126 5067 εἴη
1157 4995 1217 5049 τὸ
1255 4995 1569 5064 λεγόμενον,
1593 4994 1838 5048 ἄκανθαν

239 5089 347 5161 μὶν
375 5087 546 5143 καλεῐ
595 5088 630 5156 ή
671 5086 862 5158 Γραφὴ
890 5086 989 5158 τὴν
1017 5077 1296 5159 ἁμαρτταν
1319 5102 1335 5119 ο
1371 5087 1575 5158 ῥάμνος
1605 5086 1664 5139 δέ
1689 5086 1837 5139 ἐστιν

237 5178 390 5244 εἶδος
431 5178 686 5248 ἀκάνθης
745 5178 1004 5248 μέγιστον
1079 5176 1172 5231 καὶ
1216 5179 1607 5250 σκληρότατον.
1655 5179 1825 5247 Φησὶν

236 5273 363 5338 οῦθ,
410 5273 500 5326 ὅτι
565 5271 640 5324 Τὸ
682 5270 924 5342 δηλωθὲν
956 5269 1066 5342 πῦρ
1125 5273 1404 5333 πεσεῖται,
1452 5271 1558 5338 πρὸ
1603 5269 1696 5324 τοῦ
1739 5271 1835 5332 τὰς

237 5366 504 5429 ἀκάνθας
549 5364 726 5435 ὑμῶν,
767 5365 890 5436 ήτοι
962 5363 1061 5428 τὰς
1109 5364 1410 5433 ἁμαρτίας,
1463 5363 1702 5416 συνιέναι
1737 5363 1834 5432 τὴν

241 5461 504 5532 ῥάμνον..
532 5457 778 5510 τουτέστι
835 5454 1028 5524 μαθεῖν
1081 5454 1178 5510 καὶ
1226 5455 1307 5518 εἰς
1362 5453 1438 5524 (4)
1495 5452 1609 5518 ἕξιν
1659 5451 1832 5506 ἐλθεῖν

244 5549 554 5619 μεγέθους,
590 5547 683 5601 καὶ
726 5547 828 5617 τῆς
859 5545 1228 5619 σκληρότητος
1268 5544 1369 5617 τῆς
1396 5545 1625 5616 ρἁνου,
1656 5545 1684 5598 ὃ
1715 5545 1832 5597 ἐστι

2020 3522 2260 3576 Intendet
2284 3535 2465 3573 arcum
2489 3536 2642 3571 suum
2678 3517 2844 3571 donec
2884 3517 3243 3585 inﬁrmentur.
3280 3511 3534 3568 Intendct

1943 3625 2136 3673 contra
2171 3631 2265 3670 eos
2295 3613 2436 3666 Deus
2465 3627 2620 3664 suam
2647 3611 2701 3665 in
2735 3611 2953 3664 inferno
2987 3611 3312 3679 potentiam,
3358 3617 3526 3674 atque

1944 3723 2039 3764 eos
2072 3708 2360 3777 percutiet.

2019 3798 2185 3852 Vens.
2219 3798 2272 3853 9.
2304 3798 2472 3862 Quasi
2496 3813 2613 3851 cera
2654 3797 2936 3864 liquefacta
2981 3795 3312 3863 auferantur.
3363 3791 3531 3844 Aufe-

1944 3903 2156 3959 rentur,
2195 3891 2483 3962 iuquit,de
2515 3892 2682 3952 facili,
2709 3892 2885 3945 instar
2927 3890 3192 3956 liquantis
3234 3903 3396 3942 eorm.
3453 3884 3528 3939 ita

1943 3984 2087 4039 enim
2127 3991 2367 4039 meretur
2419 3982 2647 4035 immitis
2699 3997 2763 4034 ac
2811 3994 2990 4034 saevus
3044 3994 3234 4032 eorum
3285 3978 3527 4030 animus.

1947 4076 2080 4128 Nam
2118 4075 2280 4129 simul
2323 4087 2387 4127 ac
2431 4088 2554 4128 cera
2602 4073 2712 4141 igni
2751 4070 2969 4124 admota
3022 4069 3230 4132 fuerit,
3270 4069 3530 4121 continuo

1945 4166 2221 4236 liquescit.

2015 4259 2216 4314 Cecidit
2250 4259 2384 4327 ignis
2409 4274 2565 4326 super
2583 4274 2690 4320 eos,
2713 4266 2881 4310 etnon
2907 4256 3149 4309 viderunt
3175 4251 3528 4307 soiem.Cer:n

1946 4349 2214 4413 meminit,
2247 4349 2408 4401 modo
2450 4352 2626 4416 ignem
2656 4347 2804 4399 addit
2834 4386 2850 4408 ,
2882 4347 3060 4415 ignem
3111 4345 3390 4414 appellans
3438 4343 3527 4396 ul-

1944 4441 2148 4495 tionem
2181 4455 2209 4492 a
2238 4440 2346 4495 Deo
2378 4440 2605 4493 illatam.
2626 4439 2926 4493 Confestim
2961 4440 3131 4507 igitur
3163 4453 3190 4490 a
3225 4449 3524 4506 conspectu

1944 4535 2089 4602 ignis
2120 4535 2431 4601 perierunt.
2492 4534 2563 4585 ita
2618 4542 2676 4586 ut
2730 4534 2795 4585 ad
2842 4542 3158 4600 sequentem
3224 4530 3364 4582 diem
3417 4545 3525 4583 non

1942 4628 2312 4696 pervenerint.
2350 4627 2454 4680 Per
2478 4626 2644 4679 solem
2683 4625 2829 4679 enim
2867 4626 3010 4677 diem
3043 4622 3319 4680 intelligit.

2019 4720 2185 4773 Vens.
2244 4720 2329 4773 10.
2391 4717 2716 4788 Priusquam
2787 4719 3083 4786 intelligant
3133 4717 3298 4780 spina:
3345 4719 3526 4765 vestrm

1944 4812 2246 4866 rhamnum.
2301 4811 2646 4880 Apostrophe
2677 4810 2844 4863 utitur
2894 4808 3188 4876 Propheta.
3240 4804 3528 4858 Convertit

1941 4906 2084 4960 enim
2121 4919 2428 4959 sermonem
2465 4919 2623 4958 suum
2651 4903 2716 4956 ad
2746 4903 2986 4955 Saulem.
3014 4900 3155 4967 Ignis
3175 4903 3297 4960 istc,
3322 4895 3522 4963 inquit,

1942 5013 2107 5065 super
2141 5011 2238 5050 vos
2288 4996 2535 5057 decidet.
2584 4996 2906 5064 prinSquam
2961 5002 3183 5062 peccata
3241 4999 3416 5042 vestra
3469 4987 3522 5039 in

1940 5089 2266 5143 immensum
2291 5090 2586 5143 creverint.
2626 5087 2696 5141 Ut
2730 5094 2911 5139 autem
2958 5085 3158 5139 clarior
3197 5082 3286 5135 fiat
3331 5095 3525 5133 sensus

1939 5197 2098 5251 quem
2130 5181 2384 5245 dicimus,
2423 5181 2556 5236 illud
2605 5180 3002 5242 animadverte,
3057 5176 3200 5244 quod
3237 5174 3520 5241 Scriptura

1938 5288 2082 5341 saepe
2120 5287 2215 5341 per
2240 5274 2484 5340 spinam,
2533 5280 2820 5340 peccatum
2873 5269 3146 5338 intelligit.
3209 5265 3519 5318 Rhamnum

1938 5373 2116 5418 autem
2145 5365 2430 5419 dumorum
2453 5364 2722 5435 quoddam
2749 5380 2920 5432 genus
2943 5371 3047 5423 est,
3071 5361 3214 5430 quod
3267 5359 3521 5412 maximis

1938 5463 2100 5523 atque
2129 5455 2464 5510 acutissimis
2497 5455 2754 5508 refertum
2787 5462 2870 5507 est
2905 5453 3127 5506 aculeis.
3190 5451 3278 5503 Ait
3313 5451 3518 5519 igitur:

1939 5547 2087 5616 ignis
2113 5547 2225 5611 ille,
2256 5564 2416 5618 quem
2452 5548 2718 5614 diximus,
2748 5548 2898 5618 prius
2929 5547 3122 5611 irruet,
3156 5559 3316 5613 quam
3349 5543 3523 5611 spina:

1625 5720 1826 5782 Variae
1870 5721 2204 5785 lectiones.

319 5822 409 5894 (Α)
451 5820 534 5876 ΑΙ.
580 5822 749 5892 ἄξιον.
