4162 6288
414 313 521 378 609
1577 314 1972 378 COMMENT.
2011 317 2093 379 ΙΝ
2137 318 2501 380 PSALMOS.
3571 324 3680 388 610

411 445 502 481 τον
538 422 609 498 ἦν
671 425 732 481 τό
762 443 776 457 ·
817 427 929 480 Kal
987 426 1057 481 ἐν
1104 426 1227 493 τοῖς
1271 424 1509 496 ἐχθροῖς
1552 444 1671 497 μου
1701 427 1992 484 ἐπεῖδενό

2109 431 2373 489 Ostendet
2401 435 2533 488 mihi
2575 449 2922 506 quaecunque
2955 449 3239 509 Optavere,
3261 445 3347 495 vel
3379 442 3676 507 Quodcun—

413 519 717 589 ὀφθαλμός
736 537 878 590 μου,
913 523 972 574 ὲν
994 519 1072 590 τῷ
1110 537 1178 590 νγ
1215 520 1418 592 ψαλμῷ
1450 519 1728 589 κείμενον.

2104 540 2212 592 que
2243 522 2449 579 decens
2482 524 2672 594 fuerit,
2713 537 2770 581 ut
2803 530 3042 585 videam.
3088 529 3412 600 Hujusmodi
3443 537 3673 605 ﬁguram

2101 615 2365 683 loquendi
2401 616 2640 672 vidimus
2673 619 2725 672 in
2760 623 2969 689 psalmo
3001 638 3094 677 LIII
3123 625 3196 679 ibi
3235 642 3249 655 -
3281 625 3345 677 Et
3370 629 3422 680 in
3447 629 3676 686 inimicis

2105 708 2236 760 meis
2271 707 2514 775 despexit
2547 711 2746 765 oculus
2768 729 2934 768 meus.

479 785 574 854 Μὴ
602 787 970 856 ἀποκτείνῃς
1004 788 1252 854 αὐτοὺς,
1284 785 1364 857 μή
1420 800 1567 842 ποτε
1596 785 1997 842 ἐπιλάθωνται

409 879 514 933 τοῦ
537 881 730 951 νόμον
760 895 880 936 σου
901 895 915 910 ⁶
951 880 1387 951 ὅιασκόρπισον
1433 880 1660 946 αὐτοὺς
1682 881 1752 934 ἐν
1776 878 1850 947 τῇ
1890 879 1995 933 δυ·

410 972 581 1040 νάμει
611 988 751 1036 σου,
811 974 905 1027 real
939 971 1236 1043 κατάγατε
1275 972 1522 1038 αὐτοὺς,
1583 975 1617 1026 ό
1661 974 1996 1040 ὑπερασπι-

406 1064 560 1132 στὴς
578 1081 722 1135 μου.
747 1067 941 1134 Κύριε.
963 1065 1108 1134 Ὅρα
1138 1065 1233 1118 τοῦ
1260 1066 1554 1137 Προφὴτου
1604 1066 1704 1136 τὴν
1732 1067 1990 1132 ἀνεξικαο

409 1158 550 1220 κίαν,
601 1159 670 1228 ῆν
714 1157 796 1210 δεῖ
855 1159 1146 1225 μιμεῖσθαι
1187 1158 1282 1210 καὶ
1315 1159 1482 1228 ἡμᾶς.
1531 1158 1854 1227 Παρακαλεί
1883 1161 1994 1229 γὰρ

412 1251 486 1320 μὴ
503 1250 860 1320 ἀναιρεθῆναι
884 1251 1012 1313 τοὺς
1034 1249 1266 1321 ἐχθροὺς
1282 1250 1474 1315 αὑτοῦ,
1495 1250 1584 1304 ἵνα
1617 1253 1693 1322 μὴ
1725 1268 1992 1321 προαναισ-

412 1344 680 1414 ρεθέντετ,
716 1340 1084 1397 ἐπιλάθωνται
1114 1342 1225 1395 τῶν
1255 1341 1418 1397 θείων
1450 1343 1682 1397 ἐντολῶν
1742 1342 1840 1396 τοῦ
1881 1342 1992 1397 λοι-

409 1435 535 1490 ποῦ.
594 1435 654 1488 ὐ
686 1438 798 1505 γὰρ
835 1435 1149 1497 ἀποθανὼν,
1182 1433 1606 1489 ἐπιλανθάνεται
1637 1437 1738 1507 ἤδη
1769 1435 1864 1490 τοῦ
1905 1437 1990 1490 v6-

409 1546 532 1600 μου.
565 1530 704 1599 Φησὶ
730 1530 842 1599 γάρ
872 1545 887 1560 ·
926 1529 1055 1582 Ὅτι
1087 1531 1199 1582 οὐκ
1245 1528 1421 1582 ἐστιν
1451 1529 1523 1582 ἐν
1555 1528 1634 1595 τῷ
1671 1529 1907 1597 θανάτῳ
1957 1532 1990 1584 ό

2179 801 2262 856 Ne
2293 804 2504 857 occidas
2540 821 2655 870 eos,
2689 809 2964 875 nequando
2997 809 3375 866 obliviscantur
3399 814 3528 884 legis
3550 827 3676 874 tum.

2100 891 2359 965 Disperge
2389 913 2479 949 eos
2501 899 2558 950 in
2588 900 2783 955 virtute
2815 911 2933 966 tua,
2967 911 3014 956 et
3040 903 3239 972 depone
3267 923 3380 972 eos,
3409 920 3678 974 protector

2105 1003 2272 1053 meus,
2311 987 2553 1047 Domine.
2591 988 2725 1045 Vide
2771 993 2964 1047 miram
3001 995 3287 1064 Propheta:
3321 999 3671 1070 patientiam,

2102 1092 2266 1147 quam
2302 1088 2354 1133 et
2388 1095 2488 1134 nos
2520 1079 2726 1135 imitari
2759 1081 2938 1139 decet.
2969 1083 3147 1154 Rogat
3172 1089 3318 1142 enim
3361 1104 3462 1159 pro
3489 1091 3677 1146 inimio

2099 1172 2181 1226 eis
2222 1186 2290 1225 ne
2332 1173 2683 1238 occidantur,
2719 1190 2786 1229 ne
2815 1184 2995 1230 morte
3027 1179 3675 1248 praeventi,obliviscan-

2099 1272 2189 1317 tur
2235 1269 2618 1319 mandatorum
2676 1267 2796 1321 Dei.
2842 1265 2976 1322 Nam
3027 1273 3121 1339 qui
3171 1275 3425 1337 moritur,
3475 1276 3674 1333 divina:

2096 1357 2233 1426 legis
2267 1357 2660 1426 obliviscitur;
2694 1361 2840 1415 unde
2873 1362 3000 1416 alibi
3028 1379 3043 1418 :
3076 1363 3344 1429 Quoniam
3375 1385 3478 1423 non
3511 1382 3592 1423 est
3615 1371 3671 1423 in

2099 1461 2268 1505 morte
2300 1453 2390 1522 qui
2419 1471 2616 1506 memor
2645 1457 2715 1507 sit
2749 1458 2860 1521 tui;
2893 1457 2986 1511 sed
3021 1459 3194 1513 victos
3222 1460 3287 1514 ad
3327 1461 3429 1517 hoc
3459 1473 3672 1518 tantum

2097 1545 2362 1615 dispergi,
2383 1545 2548 1612 deiici
2589 1554 2756 1617 atque
2794 1551 3069 1606 humiliari
3106 1561 3284 1623 rogat,
3307 1561 3368 1608 ut
3390 1557 3672 1623 probiores

401 1621 800 1688 μνημονεύων
851 1636 990 1677 σου.
1027 1619 1190 1674 Ἀλλὰ
1228 1618 1726 1693 διασκορπισθῆναι
1765 1623 1988 1688 αὐτοὺς,

2099 1636 2424 1691 reddantur.
2458 1636 2514 1690 Ei
2541 1639 2660 1710 ipse
2702 1641 2920 1710 quidem
2955 1641 3124 1698 David
3163 1618 3235 1698 ita
3263 1618 3507 1716 optabat,
3531 1648 3676 1704 Deus

405 1713 762 1783 ἡττηθέντας,
799 1716 894 1768 καὶ
925 1712 1355 1784 ταπεινωθῆναι,
1403 1716 1502 1768 καὶ
1564 1714 1712 1769 οὕτω
1766 1714 1988 1787 βελτιω-

2099 1739 2278 1783 autem
2300 1730 2510 1799 justum
2549 1734 2785 1802 protulit
2811 1734 3108 1804 judicium,
3134 1748 3192 1792 et
3212 1712 3315 1794 eos
3335 1739 3427 1809 qui
3450 1740 3677 1796 insana-

405 1805 586 1873 θῆναι.
665 1805 723 1858 '0
767 1807 865 1876 μὲν
914 1803 1010 1860 οὖν
1047 1806 1215 1861 Δαϐὶδ
1273 1807 1450 1871 οὕτως
1502 1809 1808 1880 ἐζήτησεν·
1844 1809 1874 1861 6
1930 1808 1990 1862 δὲ

2096 1818 2234 1875 biles
2286 1829 2470 1888 erant,
2519 1825 2767 1880 occidit:
2810 1827 2948 1881 alios
3005 1844 3157 1895 vero,
3224 1831 3316 1899 qui
3372 1834 3676 1902 aliquando

405 1898 536 1960 Θεὸς
597 1897 848 1951 ὲδξκασεν
905 1898 1161 1964 δικαίως,
1223 1902 1320 1954 καὶ
1379 1901 1509 1964 τοὺς
1585 1901 1684 1970 μὲν
1730 1901 1988 1965 ἀνιάτους

2096 1911 2339 1968 futurum
2372 1925 2491 1970 erat
2523 1925 2582 1970 ut
2631 1918 2884 1975 meliores
2936 1920 3154 1985 ﬁerent,
3195 1922 3434 1992 eﬂ'ugere
3470 1926 3676 1994 permi-

405 1986 583 2041 ἁνεῖλε
620 2005 634 2020 ·
681 1993 808 2052 τοὺς
865 1989 923 2044 δὲ
991 1990 1354 2061 βελτιωθῆναι
1406 1991 1720 2061 μέλλοντας,
1793 1993 1989 2062 φυγεῖν

2097 2007 2191 2075 sit,
2214 2017 2382 2080 atque
2414 2011 2518 2065 hoc
2549 2018 2710 2081 pacto
2763 2013 3098 2083 supplicanti
3130 1986 3422 2087 PrOphetm
3452 1986 3674 2078 annuit.

406 2082 814 2153 παρεσκεύασε,
847 2085 943 2138 καὶ
973 2082 1149 2149 οὕτως
1202 2083 1493 2157 ἐπλήρωσε
1561 2085 1655 2139 τοῦ
1705 2085 1990 2157 δεηθέντος

404 2174 501 2243 τὴν
544 2174 784 2244 αἴτησιν.
816 2176 1125 2246 Kurd-rare
1147 2177 1225 2243 δὲ,
1243 2179 1365 2230 ἀντὶ
1385 2177 1480 2232 τοῦ
1511 2177 1882 2233 Ταπείνωσον.

484 2265 548 2322 Ἠ
578 2269 838 2337 ἁμαρτία
869 2271 1171 2339 στόματος
1197 2270 1420 2329 αὐτῶν.
1453 2273 1486 2324 d
1526 2272 1711 2342 λόγος
1741 2270 1992 2341 χειλέων

403 2355 624 2410 αὐτῶν.
698 2359 822 2412 Ἐπὶ
868 2359 961 2414 τὸν
1009 2361 1171 2427 λόγον
1222 2363 1387 2415 πάλιν
1423 2361 1534 2416 τῶν
1585 2363 1991 2431 χριστοκτόνων

402 2448 790 2519 ἐπανατρὲχει,
822 2449 1022 2518 λέγων,
1045 2452 1129 2505 ὅτι
1153 2452 1401 2524 ἁμαρτία
1428 2453 1524 2506 τοῦ
1558 2454 1832 2524 στόματος
1889 2454 1989 2507 aii-

400 2535 512 2589 τῶν
535 2539 686 2591 ἐστιν
715 2540 742 2591 6
787 2538 972 2604 ἄδικος
1002 2539 1162 2608 λόγος
1219 2541 1329 2596 τῶν
1391 2544 1620 2614 χειλέων
1662 2546 1867 2614 αὐτῶν,
1933 2545 1994 2599 ὃν

399 2622 581 2696 εἷπον,
623 2631 1048 2701 Σταυρωθήτω,
1085 2636 1179 2687 καὶ
1210 2636 1265 2688 εἴ
1286 2652 1339 2691 τι
1369 2636 1635 2692 τοιοῦτον.

465 2807 580 2863 Kal
606 2807 1142 2876 συλληφθήτωσαν
1156 2809 1227 2863 ἐν
1255 2809 1330 2878 τῇ
1359 2813 1741 2880 ὑπερηφανίᾳ
1773 2813 1994 2868 αὐτῶν.

399 2931 467 2942 -—
489 2900 656 2956 Μετὰ
685 2902 798 2970 τῆς
835 2903 1250 2970 ὑπερηφανίας
1278 2902 1478 2957 αὐτῶν
1500 2904 1766 2967 ἐξέδωκεν
1795 2909 1824 2958 6
1851 2907 1999 2977 Σύμ-

403 3012 578 3065 μαχος
613 3011 628 3027 ο
687 2995 1089 3065 ἠλαζονεύοντο
1149 2996 1280 3067 γὰρ,
1320 2996 1396 3061 ὡς
1465 2997 1722 3069 Ἀϐραὰμ
1758 3000 1998 3087 ἔκγονοι,

396 3089 494 3142 καὶ
532 3086 604 3150 ὠς
632 3085 726 3139 τοῦ
747 3086 910 3156 νόμου
944 3087 1204 3156 φύλακες.
1244 3088 1718 3160 Συλληφθήτωσαν
1761 3091 1818 3144 δὲ
1875 3085 1982 3146 ὑπὸ

400 3181 513 3236 τῶν
570 3180 882 3249 Ῥωμαίων.

468 3273 586 3329 Keil
617 3273 687 3336 ἐξ
725 3271 876 3341 ἀρᾶς
896 3275 992 3327 καὶ
1031 3275 1298 3342 ψεύδους
1365 3275 1868 3346 διαγγελήσονται
1925 3293 1994 3334 εν

400 3367 751 3432 συντελείᾳ.
797 3365 967 3435 Ἀρᾶν
1025 3365 1266 3420 ἐνταῦθα
1291 3366 1391 3438 τὴν
1427 3368 1785 3439 βλασφημίαν
1811 3370 1990 3438 λέγει,

403 3459 470 3528 ἢν
497 3458 767 3527 κατέχεον
787 3455 886 3511 τοῦ
927 3458 1168 3529 Χριστοῦ
1198 3474 1212 3490 ο
1255 3459 1451 3529 ψεῦδος
1489 3461 1568 3526 δὲ,
1625 3461 1655 3513 6
1714 3479 1996 3533 κατεμαρ-

399 3551 656 3621 τύρησαν
694 3551 888 3617 αὑτοῦ,
921 3553 1006 3605 ὅτι
1035 3553 1251 3606 κελεύει
1300 3554 1375 3624 μὴ
1432 3552 1619 3607 δοῦναι
1657 3554 1863 3623 κῆνσον
1917 3554 1996 3624 τῷ

404 3644 678 3716 Καίσαρι,
741 3645 922 3697 καίτοι
975 3645 1163 3714 σαφῶς
1218 3647 1510 3709 εἰπόντος·
1579 3646 1856 3702 Ἀπόδοτε
1923 3647 1996 3702 τὰ

403 3738 715 3805 Καίσαρος
740 3739 1015 3806 Καίσαρι.
1059 3738 1160 3791 Διά
1175 3737 1276 3809 τὴν
1305 3737 1660 3808 βλασφημίαν
1691 3736 1806 3807 οὖν,
1835 3744 1991 3811 φησὶ,

403 3831 504 3883 καὶ
527 3830 593 3882 τὸ
619 3829 837 3899 ψεῦδος,
866 3830 1170 3898 summa
1205 3834 1301 3885 καὶ
1330 3831 1682 3903 περιλὰλημα
1731 3835 1867 3886 πᾶσι
1904 3851 1996 3902 γε·-

401 3923 690 3993 νήσονται,
724 3925 825 3976 οὐκ
860 3922 953 3974 ἐπί
978 3940 1085 3976 τινι
1109 3923 1528 3994 κατορθώματι,
1559 3925 1675 3977 ἀλλ’
1701 3927 1794 3978 ἐπὶ
1827 3943 1997 3979 κατα·

404 4019 647 4087 στροφῇ,
685 4015 806 4070 καθ’
844 4017 913 4088 ἦν
949 4017 1233 4073 ἀπώλοντο
1257 4035 1271 4049 ⁸
1295 4018 1506 4090 ταύτην
1549 4018 1662 4088 γὰρ
1719 4017 1837 4073 εἷπε
1870 4037 1995 4074 συν·

402 4108 652 4164 τέλειαν.

490 4406 600 4460 Ἕν
628 4406 775 4475 ὀργῃ
819 4406 1214 4470 συντελείας,
1251 4406 1348 4460 καὶ
1405 4408 1478 4459 σὺ
1517 4425 1604 4476 μη
1655 4409 1993 4477 ὐπάρξωσι.

2092 2102 2158 2158 Ει
2188 2106 2331 2174 quod
2385 2105 2510 2158 ait:
2565 2106 2813 2176 Depone,
2853 2107 3060 2163 dictum
3109 2117 3212 2176 est,
3261 2125 3360 2181 pro
3407 2110 3674 2180 Βορήιοι,

2092 2210 2260 2271 atque
2297 2201 2562 2256 Humilia.

2165 2294 2328 2348 Vnus.
2359 2295 2447 2348 l5.
2488 2294 2754 2349 Delictam
2801 2295 2911 2350 oris
2961 2313 3167 2361 eorum,
3199 2314 3371 2353 sermo
3407 2298 3677 2352 labiorum

2095 2400 2332 2439 tuorum.
2365 2384 2607 2441 Rursum
2643 2390 2709 2442 ad
2742 2403 3051 2443 sermonem
3083 2388 3222 2443 redit
3251 2389 3319 2444 de
3348 2390 3554 2446 Christi
3585 2392 3672 2445 in-

2097 2477 2512 2543 terfectoribus,
2543 2481 2759 2538 dicens.
2791 2481 2939 2550 quod
2995 2491 3280 2551 peccatum
3312 2483 3427 2537 oris
3456 2498 3672 2548 eorum,

2097 2569 2203 2624 fuit
2236 2569 2439 2639 impius
2480 2570 2574 2625 ille
2625 2585 2833 2635 sermo,
2875 2587 3038 2641 quem
3085 2572 3355 2627 adversus
3385 2573 3673 2630 Christum

2099 2662 2472 2732 protulerunt,
2504 2664 2754 2718 dicentes
2798 2680 2812 2716 :
2853 2663 3240 2732 Cruciﬁgatur,
3292 2676 3389 2720 aut
3443 2669 3490 2722 si
3541 2668 3677 2738 quid

2099 2755 2247 2811 aliud
2277 2757 2549 2826 ejusmodi
2577 2767 2685 2812 est.

2175 2847 2244 2901 Et
2283 2850 2796 2915 comprehendantur
2838 2851 2891 2904 in
2951 2853 3199 2921 superbia
3251 2870 3373 2908 sua.
3423 2854 3679 2925 Symma-

2102 2940 2240 2995 chus
2272 2943 2578 3007 transtulit,
2610 2959 2727 2995 cum
2766 2946 3012 3012 superbia
3059 2964 3180 3002 sua.
3211 2946 3498 3001 Jactabant
3527 2948 3674 3000 enim

2103 3038 2268 3099 atque
2300 3031 2541 3085 inaniter
2571 3033 2974 3101 gloriabantur,
3026 3038 3180 3104 quod
3224 3045 3454 3104 nepotes
3486 3042 3676 3089 essent

2018 3150 2062 3208 ϐ
2105 3119 2404 3185 Abraham,
2433 3128 2488 3174 et
2519 3122 2612 3189 qui
2646 3122 2749 3175 soli
2791 3123 3035 3175 divinam
3074 3124 3248 3194 legem
3284 3125 3552 3179 haberent
3584 3138 3602 3178 :
3637 3137 3670 3176 α

2097 3215 2361 3268 Romanis
2391 3225 2523 3268 tunc
2554 3217 2873 3284 expugnati,
2907 3231 3096 3285 pcenas
3140 3217 3363 3271 dedere.

2171 3305 2335 3363 Vens.
2365 3308 2449 3361 H.
2489 3306 2557 3361 Et
2597 3309 2660 3361 de
2682 3311 3040 3363 exsecratione
3064 3319 3114 3364 et
3143 3313 3421 3365 mendacio
3453 3330 3668 3368 annun-

2098 3399 2376 3455 tiabuntur
2404 3401 2488 3465 .in
2544 3405 3025 3457 consummatione.
3079 3401 3183 3458 Per
3235 3409 3673 3462 exsecrationem

2097 3510 2244 3550 nunc
2279 3493 2678 3566 blasphemiam
2724 3495 3001 3564 intelligit,
3031 3512 3196 3567 quam
3230 3498 3394 3567 impie
3428 3501 3481 3552 iu
3508 3498 3674 3554 Chri-

2096 3594 2242 3640 stum
2277 3601 2610 3652 evomuere;
2644 3586 2997 3641 mendacium
3033 3601 3158 3641 vero
3182 3586 3313 3640 illud
3342 3587 3498 3648 dicit,
3522 3589 3671 3659 quod

2096 3677 2326 3743 Ουτοι-ο,
2365 3686 2696 3733 attestantes
2746 3678 3041 3749 prohibere
3071 3678 3358 3732 Christum
3394 3680 3511 3733 dari
3540 3694 3673 3735 cen-

2098 3785 2218 3825 sum
2260 3768 2485 3826 Ca‘sari.
2521 3769 2708 3824 Palam
2742 3771 2945 3824 etenim
2988 3770 3348 3825 mandaverat
3408 3771 3675 3827 Dominus

2097 3865 2286 3919 dicens
2320 3879 2339 3916 :
2371 3860 2591 3917 Reddite
2629 3880 2747 3930 quce
2778 3861 3010 3918 Cwsaris
3047 3874 3191 3927 sunt,
3217 3862 3441 3919 Cccsari.
3469 3864 3677 3920 Sensus

2097 3965 2182 4008 est
2216 3955 2404 4023 igitur,
2438 3954 2587 4023 quod
2615 3962 2843 4024 propter
2891 3953 3295 4023 blaSphcmiam
3342 3964 3400 4009 et
3445 3957 3673 4010 menda-

2099 4046 2246 4098 cium
2274 4041 2447 4097 Judaei
2472 4044 2731 4099 omnibus
2760 4059 2941 4098 sermo
2963 4055 3126 4098 erunt
3171 4057 3226 4100 et
3260 4045 3460 4099 fabula.
3487 4045 3675 4117 Neque

2096 4137 2240 4194 enim
2275 4138 2510 4206 amplius
2549 4137 2812 4207 praeclara
2845 4152 3034 4191 eorum
3079 4150 3234 4209 gesta
3273 4140 3674 4204 narrabuntur,

2098 4228 2191 4284 sed
2215 4244 2403 4282 eorum
2433 4229 2757 4295 destructio,
2799 4244 2963 4299 quam
2996 4230 3083 4284 hic
3114 4234 3661 4287 consummationem

2097 4321 2424 4390 appellavit.

2174 4415 2241 4469 In
2273 4418 2356 4468 ira
2404 4418 2906 4482 consummationis,
2944 4427 2994 4472 et
3029 4435 3129 4473 non
3183 4428 3356 4474 erunt.
3392 4420 3510 4476 Non
3546 4421 3674 4475 sim-

406 4500 525 4554 Καὶ
555 4500 659 4552 οὐκ
689 4501 783 4554 ἐπὶ
827 4498 1110 4568 συντελείᾳ
1157 4499 1328 4571 ἁπλῇ,
1365 4499 1481 4551 ἀλλ’
1514 4503 1605 4552 ἐπὶ
1659 4502 1798 4575 ὀργῇ
1864 4521 1992 4557 συν-

2103 4509 2318 4578 pliciter
2334 4508 2472 4563 dixit
2498 4508 2555 4562 lu
2570 4512 3070 4580 consummatione,
3100 4514 3194 4566 sed
3223 4514 3282 4566 ln
3310 4514 3386 4566 ira
3413 4528 3676 4568 consum-

399 4591 624 4654 τελείας
653 4606 666 4620 ’
704 4592 798 4644 καὶ
825 4591 1036 4657 λοιπὸν,
1073 4592 1258 4645 οὐκέτι
1287 4593 1796 4663 πολιτευθήσονται.

2106 4601 2393 4656 matiouis.
2432 4601 2498 4656 Et
2523 4605 2692 4672 quod,
2746 4605 2822 4656 ait
2859 4621 2873 4656 :
2913 4603 3039 4658 Non
3087 4615 3263 4669 erunt,
3314 4607 3436 4661 ideo
3468 4607 3672 4660 dictum

399 4697 511 4751 est,
553 4687 680 4757 quia
710 4686 970 4756 deinceps
997 4687 1230 4757 amplius
1257 4691 1641 4743 eonversaturi
1669 4705 1776 4744 non
1806 4701 1962 4746 erant
2001 4702 2064 4749 ut
2117 4705 2302 4761 antea,
2370 4713 2547 4768 neque
2595 4714 2944 4754 communem
3036 4703 3429 4771 rempublicam
3517 4703 3671 4763 habi-

401 4781 543 4835 turi.

477 4871 594 4926 Kal
629 4869 987 4940 γνώσονται,
1023 4871 1108 4924 ὅτι
1140 4874 1172 4925 ὁ
1201 4873 1346 4938 Θεὸς
1385 4873 1662 4935 ὃεσπόζει
1719 4877 1828 4931 τοῦ
1873 4879 1990 4933 Ἰα-

402 4965 554 5028 κὼό,
601 4964 697 5017 καὶ
719 4963 836 5016 τῶν
864 4963 1136 5031 περάτων
1168 4963 1277 5032 τῆς
1304 4965 1438 5035 τῆς.
1471 4965 1607 5020 Θεὸν
1642 4969 1875 5022 ἐνταῦθα
1898 4971 1992 5024 τὸν

401 5057 650 5129 Χριστόν
679 5072 863 5126 φησιν.

478 5151 1004 5217 Ἐπιστρέψουσιν
1022 5151 1107 5214 εις
1147 5149 1438 5218 ἑσπέραν,
1472 5151 1568 5205 καὶ
1617 5152 1992 5222 λιμώξουσιν

401 5242 488 5308 ὼς
520 5244 708 5303 κύων,
743 5241 1290 5297 καικυκλὼσουσιν
1311 5246 1516 5298 πόλιν.
1567 5245 1680 5315 Τὴν
1741 5247 1852 5300 ἄνω
1894 5250 1992 5315 ρη-

404 5340 605 5391 θεῖσαν
639 5335 970 5406 πρόρρησιν,
1004 5335 1333 5402 ὲπιόεδαιοί,
1389 5337 1478 5390 διὰ
1510 5341 1607 5410 τῆς
1658 5339 1766 5392 τῶν
1807 5341 1991 5411 ῥημά-

405 5446 524 5483 των
553 5427 998 5492 άναδιπλιὶισεως,

481 5523 668 5576 Αὐτοὶ
727 5521 1387 5590 διασκορπισθήσονται
1423 5563 1439 5589 ,
1483 5525 1590 5580 τοῦ
1651 5527 1884 5596 φαγεῖν.
1930 5529 1994 5580 Ol

414 5615 874 5686 περιλειφθέντες
927 5615 1130 5680 αὐτῶν,
1163 5617 1241 5687 μὴ
1282 5617 1499 5687 ἔχοντες
1533 5618 1669 5670 ἰδίαν
1697 5619 1775 5670 in
1817 5619 1992 5684 πόλιν,

410 5708 929 5777 διασπαρῄσονται,
984 5708 1228 5779 στροφὴν
1281 5709 1496 5774 ἑαυτοῖς
1558 5707 1869 5781 ζητοῦντες,
1917 5711 1992 5777 ὡς

414 5803 738 5870 προσαῐται.

2179 4878 2243 4932 Et
2274 4893 2586 4949 cognoscent
2628 4884 2881 4951 quoniam
2917 4883 3058 4937 Deus
3091 4885 3403 4938 dominatur
3426 4885 3598 4940 Jacob
3624 4901 3675 4943 et

2099 4970 2286 5036 ﬁniam
2322 4980 2495 5023 terrae.
2535 4971 2638 5025 Per
2668 4971 2835 5027 Deum
2891 4975 2992 5029 hoc
3033 4974 3089 5027 in
3123 4978 3245 5030 loco
3281 4975 3562 5031 Christum
3593 4978 3676 5031 in-

2099 5063 2313 5132 telligit.

2172 5156 2343 5213 Vsus.
2383 5160 2471 5214 15.
2510 5160 2892 5216 Convertentur
2946 5163 3015 5217 ad
3065 5181 3358 5232 vesperam,
3401 5175 3450 5219 et
3481 5165 3678 5235 famem

2101 5253 2372 5318 patientur
2399 5262 2457 5305 ut
2484 5269 2661 5317 canes,
2689 5265 2736 5307 et
2765 5257 3063 5309 circuibunt
3108 5257 3397 5311 civitatem.
3431 5258 3676 5328 Prophe-

2097 5346 2229 5398 tiatn
2263 5346 2522 5414 superius
2569 5347 2772 5400 dictam
2809 5349 3124 5418 hujusmodi
3186 5351 3476 5405 verborum
3521 5367 3680 5423 repe-

2100 5441 2299 5494 titione
2334 5441 2646 5494 conﬁrmat.

2164 5529 2328 5585 Vens.
2377 5531 2459 5585 l6.
2500 5531 2613 5597 Ipsi
2645 5533 3011 5602 dispergcntnr
3045 5536 3114 5588 ad
3144 5537 3591 5588 manducandum.
3636 5536 3678 5589 ii

2094 5622 2189 5693 qui
2235 5639 2300 5676 ex
2336 5624 2417 5680 eis
2471 5628 2652 5680 relicti
2710 5625 2932 5691 iuerint,
2965 5630 3242 5697 propriam
3278 5643 3383 5681 non
3418 5629 3679 5681 habentes

2104 5718 2402 5784 civitatem,
2437 5721 2842 5790 dispergentur,
2874 5731 2928 5775 et
2969 5724 3296 5778 miserorum
3332 5724 3532 5788 instar,
3563 5721 3679 5789 ipsa

2105 5810 2267 5865 etiam
2299 5812 2565 5869 alimenta
2592 5815 3008 5869 mendicabunt.
