4162 6288
627 267 734 329 615

1890 257 2245 320 EUTHYMI
2288 255 2652 318 ZIGABENI

3799 251 3903 314 ωε

697 377 768 430 Et
799 375 988 430 uallem
1021 372 1480 428 tabernaculorum
1515 369 1727 425 metiar.
1759 366 1931 425 Vallis
1959 371 2212 425 taberna-

2387 367 2494 422 Καὶ
2531 367 2647 436 τὴν
2677 362 2932 419 κοιλάδα
2957 359 3077 416 τῶν
3097 361 3354 430 σκηνῶν
3380 362 3772 432 διαμετρήσω.
3801 359 3904 419 Καὶ

627 469 879 521 culorum
936 466 1091 520 locus
1139 474 1222 519 est
1272 465 1467 534 jacens
1517 470 1644 518 ante
1691 460 1919 536 Sicima,
1953 476 2115 530 quem
2159 474 2220 514 se

632 559 777 615 Deus
807 559 1038 628 Captivis
1063 572 1320 613 mensura
1352 557 1554 627 pariter
1575 556 1881 610 divisurum
1908 553 2217 624 pollicetur.

633 650 697 704 Et
728 651 944 704 duobus
979 651 1063 703 his
1095 649 1253 712 locis,
1283 650 1596 703 universam
1641 644 1887 702 Judatatn
1929 645 2216 717 signiﬁca-

631 745 729 808 vit,
763 742 930 797 veluti
966 757 996 796 a
1037 751 1191 812 parte
1224 751 1422 795 totum.

705 922 872 978 Vens.
908 922 962 980 8.
995 927 1144 977 Meus
1180 932 1256 976 est
1287 921 1522 990 Calaad,
1553 933 1600 976 ει
1633 939 1778 978 meus
1811 933 1888 977 est
1911 920 2219 977 Manasses.

635 1020 681 1072 Δ
713 1016 915 1071 minori
952 1018 1019 1071 ad
1052 1017 1314 1085 majorem
1347 1016 1620 1080 ascendit,
1656 1025 1824 1088 atque
1853 1032 1882 1070 a
1920 1017 2219 1088 posteriori

635 1110 702 1164 ad
757 1110 1047 1180 priorem:
1096 1109 1302 1178 quippe
1346 1124 1472 1162 cum
1535 1108 1739 1165 Galaad
1807 1109 2218 1179 progenitorem

634 1219 794 1258 suum
833 1205 1061 1256 haberet
1097 1203 1430 1255 Manassem.
1466 1200 1570 1256 Per
1603 1202 1892 1257 Manassen
1921 1217 2050 1256 vero
2093 1200 2220 1256 uni-

633 1311 850 1351 versam
901 1295 1184 1350 Manasses
1214 1296 1416 1348 tribum
1459 1295 1735 1362 intelligit,
1769 1302 1822 1350 et
1867 1309 1964 1364 per
1991 1294 2096 1348 alia
2125 1309 2224 1364 pa-

634 1389 1007 1443 triarcharum
1043 1387 1289 1453 nomina,
1335 1387 1468 1441 alias
1505 1387 1838 1458 insigniores
1885 1387 2087 1452 tribus,
2126 1402 2222 1458 per

634 1498 775 1552 quas
809 1483 1036 1551 reliquae
1064 1482 1228 1536 etiam
1275 1481 1845 1551 comprehenduntur.
1887 1481 1976 1533 Ait
2008 1481 2214 1552 igitur:

646 1573 798 1628 Meus
843 1588 992 1626 nunc
1023 1579 1106 1626 est
1155 1580 1305 1626 totus
1346 1573 1602 1641 populus,
1656 1570 1876 1627 tametsi
1923 1572 2221 1642 aliquando

637 1681 763 1721 eum
794 1666 1117 1734 repulerim,
1151 1666 1374 1733 quando
1402 1679 1486 1718 me
1521 1663 1782 1718 irritavit.

2322 463 2354 532 ὴ
2387 461 2570 524 κοιλὰς
2594 461 2703 513 τῶν
2741 458 2957 530 σκηνῶν
2981 457 3198 529 χωρίων
3232 451 3322 527 ἦν,
3370 457 3476 528 πρὸ
3509 457 3618 511 τῶν
3648 458 3909 528 Σικήμων

2322 552 2598 624 κείμενον,
2620 552 2648 604 ὃ
2679 553 2774 607 καὶ
2800 552 2936 607 αὐτὸ
2965 553 3149 624 μέτρῳ
3181 554 3454 624 διανεῖμαι
3483 556 3594 617 τοῖς
3623 553 3906 624 αίχμαλὼο

2321 662 2438 708 τοις
2468 645 2836 716 ὑπισχνεῖται.
2884 642 2987 697 Διά
3009 644 3067 698 δὲ
3099 644 3302 699 τούτων
3323 643 3432 698 τῶν
3457 646 3661 714 τόπων,
3691 647 3789 700 καὶ
3812 643 3906 717 τήν

2323 735 2624 806 σύμπασαν
2693 736 2953 792 Ἰουδαίαν
2981 776 2997 803 ,
3051 736 3128 801 ὡς
3171 738 3237 791 ἐκ
3283 738 3486 809 μέρους
3533 737 3596 791 τὸ
3631 739 3742 792 πᾶν
3787 738 3908 808 ἐδή-

2325 827 2519 883 λωσεν.

2407 923 2584 990 Ἐμός
2615 923 2746 977 ἐστι
2774 923 3047 990 Γαλαὰδ,
3072 923 3167 977 καί
3199 922 3344 992 ἐμός
3377 922 3514 977 ἐστι
3539 923 3904 992 Μανασσῆς.

2336 1013 2390 1066 Ἀ
2402 1016 2472 1067 πὸ
2496 1013 2591 1068 τοῦ
2621 1015 2916 1086 ἀπογόνου,
2951 1016 3044 1070 ἐπὶ
3068 1014 3158 1069 τὸν
3185 1015 3456 1087 πρόγονον
3481 1015 3680 1087 ἀνῆλθε
3714 1033 3732 1049 ο
3771 1016 3905 1088 πρό-

2323 1122 2482 1175 γονος
2529 1108 2636 1179 γὰρ
2664 1107 2694 1159 6
2741 1106 3046 1176 Μανασσῆς
3097 1107 3192 1162 τοῦ
3249 1107 3472 1162 Γαλαὰδ
3509 1126 3526 1140 ⁸
3580 1109 3669 1165 διὰ
3709 1110 3768 1164 δὲ
3814 1112 3905 1166 τοῦ

2325 1199 2627 1270 Μανασσῆ,
2678 1201 2776 1271 τὴν
2813 1200 2993 1272 φυλὴν
3023 1198 3194 1253 αὐτοῦ
3257 1201 3499 1272 ἐδήλωσε
3525 1220 3539 1232 ο
3568 1205 3663 1258 καὶ
3687 1204 3778 1258 διὰ
3801 1205 3906 1259 τῶν

2325 1293 2504 1347 ἄλλων
2525 1293 2936 1363 όνομάτων,τὰς
2957 1293 3124 1359 ἄλλας
3147 1294 3342 1365 φυλὰς,
3359 1295 3459 1360 τὰς
3477 1297 3904 1369 ὲπισημοτέρας,

2324 1380 2413 1449 αἷς
2457 1387 2551 1439 καὶ
2621 1387 2679 1440 αι
2743 1389 2932 1441 λοιπαὶ
2987 1387 3636 1458 συμπεριλαμϐάνονται.
3731 1389 3899 1460 Λέγει

2324 1477 2405 1545 δὲ,
2459 1477 2544 1532 ὅτι
2607 1479 2771 1551 Ἑμός
2804 1481 2922 1534 ὲστι
2970 1480 3090 1547 νῦν,
3134 1481 3230 1536 καὶ
3274 1485 3324 1536 εί
3360 1483 3676 1556 ἁπωσάμην
3702 1485 3907 1552 αὑτὸν,

2324 1572 2415 1624 ὅτε
2447 1589 2513 1642 με
2564 1572 2909 1644 παρώργισε.

712 1756 781 1808 Et
815 1727 1073 1824 Ephreim
1104 1727 1373 1822 fortitudo
1404 1755 1595 1823 capiti:
1627 1759 1749 1809 mei.
1780 1754 1881 1811 l'er
1915 1765 2078 1826 eaput
2116 1755 2221 1812 hoc

2400 1758 2512 1811 Καὶ
2557 1757 2838 1828 Ἐφραῒμ,
2895 1760 3258 1828 κραταίωσις
3306 1757 3420 1827 τῆς
3453 1759 3728 1831 κεφαλῆς
3771 1778 3910 1830 μου.

636 1846 760 1899 loco
793 1847 1079 1913 imperium
1116 1847 1398 1916 intelligit,
1427 1849 1890 1916 quemadmodum
1922 1849 2036 1919 ipse
2054 1851 2221 1906 etiam

639 1939 1003 2009 Symmachus
1035 1941 1341 2005 transtulit,
1373 1951 1426 1996 et
1465 1955 1666 1995 sensus
1693 1951 1776 1996 est
1809 1959 1824 1997 :
1859 1944 2004 2012 quod
2034 1955 2226 2014 poten-

637 2034 852 2087 tissima
894 2047 1017 2100 pars
1055 2034 1207 2102 regni
1252 2032 1590 2100 Judaeorum,
1627 2035 1680 2088 in
1718 2035 1786 2090 iis
1831 2036 2089 2091 consistit
2132 2040 2230 2093 mi-

637 2125 853 2188 litibus,
892 2129 985 2195 qui
1019 2137 1150 2181 suut
1185 2129 1252 2182 de
1293 2142 1493 2198 genere
1541 2127 1824 2199 Ephraim.
1870 2127 1985 2185 Hoc
2039 2139 2222 2187 autem

637 2222 987 2289 pronomine,
1053 2237 1220 2283 meus,
1285 2221 1566 2275 vindicare
1639 2221 1744 2276 sibi
1805 2222 2025 2278 videtur
2079 2223 2226 2281 Deus

636 2328 831 2367 eorum
862 2326 1112 2382 regnum,
1147 2324 1409 2382 tauquam
1459 2314 1715 2382 proprius
1749 2312 1842 2366 ille
1877 2313 1980 2367 sibi
2017 2313 2090 2368 sit
2122 2329 2226 2383 po-

637 2407 802 2475 pulus
835 2447 849 2471 ,
902 2420 967 2458 ex
1016 2420 1126 2473 quo
1182 2403 1447 2472 majorem
1510 2405 1660 2460 illius
1720 2404 1889 2459 etiam
1955 2404 2219 2461 ﬁduciam

634 2506 881 2568 praestat.

716 2590 875 2646 Vens.
913 2590 968 2646 9.
999 2588 1173 2644 ludas
1228 2589 1342 2643 Rex
1379 2607 1548 2645 meus.
1603 2588 1681 2644 Ex
1725 2589 1872 2646 tribu
1932 2589 2069 2646 Juda
2121 2591 2229 2649 erit

638 2681 754 2738 Rex
820 2687 1020 2752 imputo
1079 2683 1271 2738 Israel.
1336 2681 1472 2737 Nam
1531 2691 1589 2738 et
1643 2691 1768 2753 post
1825 2683 2226 2754 captivitatem,

636 2778 944 2833 Zorobabel
973 2781 1062 2847 qui
1095 2779 1163 2832 de
1201 2778 1349 2831 tribu
1388 2775 1531 2830 Juda
1559 2785 1702 2842 erat,
1743 2775 1853 2831 ilex
1882 2777 2224 2832 constitutus

636 2885 740 2927 est.
777 2872 887 2926 lloc
919 2873 1165 2924 etiamin
1209 2872 1351 2933 loco,
1384 2884 1686 2938 pronomen
1722 2885 1738 2922 :
1776 2886 1944 2935 meus,
1995 2883 2224 2938 regnum

642 2966 777 3020 illud
868 2964 1152 3034 proprium
1221 2964 1630 3032 quodammodo
1697 2963 1874 3032 ipsius
1941 2961 2034 3017 Dei
2100 2975 2224 3016 esse

637 3061 903 3114 ostendit.

715 3150 870 3203 Moab
911 3151 1047 3204 tebes
1087 3152 1196 3219 spei
1244 3166 1392 3205 metr.
1434 3148 1609 3205 Lebes
1645 3164 1820 3218 genus
1849 3159 1935 3204 est
1973 3146 2124 3205 vasis
2156 3147 2225 3203 ad

639 3244 948 3298 ministeria
983 3260 997 3296 :
1029 3259 1126 3313 per
1157 3245 1302 3312 quod
1336 3245 1579 3297 indicare
1609 3243 1849 3306 videtur,
1896 3244 2044 3312 quod
2070 3241 2222 3297 Moa-

642 3337 882 3390 bitaruin
923 3337 1158 3404 populus
1205 3335 1310 3390 sibi
1358 3335 1736 3404 subjiciendus
1766 3343 1935 3400 esset,
1969 3345 2022 3390 et
2069 3336 2228 3390 mini-

641 3435 943 3483 straturus.
977 3425 1098 3494 Spei
1133 3443 1280 3492 mete,
1311 3427 1415 3482 hoc
1441 3435 1548 3493 est,
1579 3428 1997 3482 ministraturus
2026 3427 2096 3482 iis
2131 3429 2225 3499 qui

640 3519 696 3573 in
747 3535 830 3574 me
882 3520 1252 3587 speraverint,
1302 3519 1386 3573 vel
1435 3518 1504 3573 iis
1549 3518 1604 3572 in
1643 3518 1844 3587 quibus
1891 3533 1994 3591 ego
2040 3535 2223 3590 spero,

649 3612 795 3681 quod
829 3613 932 3666 mei
969 3613 1142 3665 futuri
1168 3620 1317 3666 sunt.

714 3705 778 3758 In
852 3705 1154 3758 Iduma'am
1212 3707 1494 3759 extendam
1552 3707 1973 3762 calceamentum
2027 3726 2223 3766 meum.

642 3798 745 3852 Per
800 3802 1236 3855 calceamentum
1293 3801 1396 3854 iter
1452 3800 1726 3870 intelligit.
1772 3799 1966 3866 Hanc,
2015 3802 2220 3874 inquit,

641 3886 935 3942 Idumaeam
999 3890 1203 3958 populo
1250 3903 1370 3943 meo
1404 3891 1612 3959 pariter
1644 3890 1963 3960 subjiciam,
1996 3907 2124 3948 cum
2156 3908 2223 3948 eo

642 3981 707 4033 ad
737 3980 934 4034 bellum
965 3981 1126 4034 simul
1162 3979 1478 4050 proﬁciens.

717 4068 851 4121 Mihi
884 4069 1190 4139 alienigenw
1222 4071 1417 4123 subditi
1441 4085 1583 4125 sunt.
1613 4069 1882 4138 Moabitae,
1903 4081 1957 4128 et
1977 4071 2220 4142 Idumaei,

2328 1849 2589 1922 Κεφαλήν
2613 1850 2872 1914 ἐνταῦθα,
2900 1850 3002 1922 τὴν
3033 1849 3208 1923 ἀρχὴν
3234 1851 3492 1922 ὀνομάζει
3521 1869 3533 1881 ·
3563 1851 3706 1907 οὕτω
3742 1853 3852 1925 γὰρ
3885 1855 3913 1906 6

2328 1942 2628 2015 Σύμμαχος
2667 1942 2925 2009 ἐξέδωκε.
2957 1945 3128 2014 Φησὶν
3175 1942 3290 2010 οὖν,
3343 1947 3428 1999 ὅτι
3457 1946 3720 2016 κραταιὸν
3749 1947 3913 2018 μέρος

2325 2038 2425 2106 τῆς
2498 2035 2769 2109 Ἐϐραίων
2831 2036 3111 2108 βασιλείας
3169 2037 3388 2094 ἔσονται
3452 2039 3503 2092 oi
3564 2038 3673 2092 ἀπὸ
3726 2041 3913 2108 γένους

2345 2132 2611 2204 Ἐφραῖμ.
2644 2133 2746 2188 Διὰ
2769 2134 2825 2188 δὲ
2847 2134 2947 2203 τῆς
2965 2152 3085 2204 μου
3117 2135 3465 2207 ἁντωνυμίας
3495 2137 3793 2192 οἰκειοῦται
3816 2137 3913 2209 τὴν

2331 2225 2620 2298 βασιλείαν
2650 2227 2834 2283 αὐτῶν
2860 2231 2888 2283 6
2912 2228 3070 2298 Θεὸς,
3093 2229 3170 2295 ὡς
3196 2233 3399 2285 οἰκεῖον
3441 2231 3590 2300 λαὸν,
3624 2231 3913 2304 θαρρύνων

2327 2321 2554 2386 αὐτούς.

2414 2592 2648 2660 Ἰούδας
2665 2593 2968 2662 βασιλεύς
2990 2611 3129 2665 μου.
3152 2596 3262 2651 Καὶ
3281 2598 3388 2653 ἀπὸ
3411 2598 3512 2670 τῆς
3541 2599 3712 2654 Ἰούδα
3739 2601 3914 2671 φυλῆς

2329 2683 2484 2738 ἐσται
2516 2689 2544 2740 6
2574 2685 2829 2755 βασιλεὺς
2859 2687 3061 2742 αὐτῶν.
3098 2683 3158 2742 Ὀ
3193 2689 3502 2760 Ζοροϐάϐελ
3524 2691 3634 2764 γὰρ
3666 2694 3778 2747 ἀπὸ
3806 2694 3909 2761 τῆς

2329 2778 2713 2848 αἰχμαλωσίαν
2761 2778 3114 2833 ἐϐασίλευσεν
3164 2782 3348 2836 αὐτῶν
3399 2783 3464 2837 ἐκ
3501 2785 3600 2854 τῆς
3655 2786 3914 2857 τοιαύτης

2331 2873 2503 2944 φυλῆς
2527 2873 2928 2943 καταγόμενος.
2981 2875 3279 2932 Κάνταῦθα
3300 2877 3358 2931 δι
3376 2879 3436 2932 τὸ
3465 2897 3608 2949 μου,
3638 2881 3918 2936 οἱχείωσιν

2330 2965 2592 3034 ἐμφαίνει
2623 2963 2722 3046 τῆς
2744 2964 3006 3038 τοιαύτης
3037 2965 3342 3036 βασιλείας.

2402 3147 2586 3202 Μωὰϐ
2605 3145 2790 3214 λέϐης
2819 3146 2928 3216 τῆς
2958 3147 3207 3214 ἐλπίδος
3225 3165 3367 3218 μου.
3406 3148 3771 3221 Ὑπηρετικάν
3801 3154 3918 3206 ἐστι

2331 3239 2524 3304 σκεῦος
2575 3241 2603 3293 6
2651 3239 2816 3310 λέϐης
2851 3254 2866 3270 ⁸
2909 3239 3207 3294 αίνίττεται
3245 3240 3324 3306 δὲ,
3371 3241 3456 3294 δτι
3497 3242 3560 3296 τὸ
3606 3244 3921 3298 Μωαϐιτῶν

2331 3333 2485 3396 ἔθνος
2522 3333 2934 3404 ὑποταγήσεται
2987 3333 3196 3397 αὐτοῖς,
3239 3335 3335 3388 καὶ
3380 3335 3691 3405 ὑπηρετοῦν
3737 3337 3917 3393 ἔσται.

2336 3425 2453 3494 Τῆς
2495 3424 2749 3492 ἐλπίδος
2776 3443 2921 3496 μου,
2971 3426 3096 3479 ἀντὶ
3132 3424 3254 3491 τοῦ,
3302 3425 3413 3480 τῶν
3448 3428 3783 3492 ἐλπιζόντων
3837 3434 3920 3496 είς

2331 3519 2436 3588 ἐμέ
2464 3535 2478 3550 ο
2511 3519 2544 3590 ἢ
2569 3520 2628 3573 ὲν
2657 3513 2739 3584 οἷς
2769 3518 2999 3587 ἐλπίζω,
3034 3519 3117 3573 ὅτι
3146 3520 3271 3591 ἐμοὶ
3303 3519 3543 3574 εσονται.

2412 3700 2538 3752 Ἐπὶ
2564 3699 2680 3769 τὴν
2716 3699 3064 3768 Ἰδουμαίαν
3101 3699 3328 3755 ἐκτενῶ
3354 3701 3420 3755 τὸ
3455 3701 3741 3772 ὑπόδημά
3776 3723 3917 3769 μου.

2345 3793 2633 3865 ’Υπόδημα
2659 3795 2759 3866 τὴν
2805 3795 3036 3866 πορείαν
3079 3794 3252 3863 λέγει,
3281 3797 3529 3850 τουτέστι
3577 3800 3676 3852 καὶ
3709 3800 3922 3872 ταύτην

2331 3887 2586 3956 ὑποτάξω
2615 3887 2733 3958 λαῷ
2766 3905 2892 3959 μου,
2924 3890 3430 3960 συνεκστρατεύσας
3461 3889 3634 3962 αὐτῷ.

2418 4067 2576 4137 Ἐμοί
2611 4068 2956 4136 ἀλλόφυλοι
2997 4066 3415 4136 ὑπετάγησαν.
3448 4069 3517 4122 Οἵ
3556 4085 3615 4122 τε
3659 4070 3920 4143 ῥηθέντες

644 4162 711 4214 de
744 4162 943 4228 quibus
976 4161 1242 4224 diximus,
1275 4170 1327 4216 et
1361 4163 1450 4215 alii
1481 4163 1866 4218 circumvicini
1907 4168 2116 4236 populi.
2158 4169 2222 4221 Et

2330 4162 2625 4218 Μωαϐῖται
2653 4163 2750 4214 καὶ
2783 4158 3095 4230 Ἰδουμαῖοι,
3123 4160 3221 4213 καὶ
3250 4161 3300 4212 οί
3332 4160 3513 4230 πέριξ.
3547 4161 3621 4214 T6
3645 4162 3700 4215 δὲ
3776 4163 3920 4216 ’Υκο

648 4254 797 4323 quod
841 4255 956 4306 ait:
1026 4252 1242 4308 Subditi
1294 4263 1439 4316 sunt,
1483 4252 1812 4323 PrOphetico
1862 4271 2018 4311 more
2063 4257 2222 4325 dixit,

644 4348 981 4416 prmtei-itum
1014 4361 1113 4415 pro
1146 4346 1333 4398 luturo
1360 4357 1576 4416 tempus
1605 4361 1842 4417 ponens.

2329 4256 2658 4325 ετὰγησαν,
2693 4254 2836 4307 κατὰ
2863 4251 3207 4324 προφητικὸν
3257 4251 3454 4322 ίδίωμα
3489 4255 3726 4324 εἴρηται,
3749 4256 3836 4310 διὰ
3855 4258 3920 4310 τὸ

2340 4347 2558 4417 μέλλον.

723 4439 883 4492 Vna.
916 4440 1004 4493 10.
1040 4437 1172 4504 Quis
1204 4439 1424 4490 deducet
1455 4454 1532 4490 me
1571 4439 1625 4491 in
1670 4440 1934 4493 civitatem
1963 4442 2222 4497 munitio-

2409 4437 2509 4504 Τίς
2537 4437 2752 4501 ἀπάξει
2774 4454 2852 4506 με
2886 4441 2975 4505 εἰς
3015 4440 3203 4493 πόλιν
3244 4439 3539 4508 περιοχῆς
3569 4457 3591 4506 ;
3628 4442 3918 4514 [προσώπῳ

645 4533 774 4585 nis?
806 4530 998 4584 Sermo
1026 4539 1109 4582 est
1143 4545 1206 4583 ex
1242 4531 1580 4599 captivorum
1617 4545 1872 4599 persona.
1895 4530 2222 4587 Munitionis

647 4634 827 4678 autem
846 4627 1040 4676 civitas
1074 4624 1357 4677 dicebatur
1380 4619 1711 4685 Jerusalem,
1744 4624 1869 4691 quia
1907 4624 2225 4681 fortissimis

647 4726 767 4770 erat
797 4717 1072 4769 moenibus
1093 4711 1527 4775 circumdata,et
1551 4711 1794 4780 undique
1826 4713 1960 4766 bene
1993 4713 2224 4767 munita.

645 4809 762 4862 Prae
793 4822 1004 4862 summa
1033 4816 1212 4860 autem
1240 4805 1425 4858 laetitia
1475 4805 1589 4858 haec
1631 4803 1794 4858 verba
1831 4804 2080 4872 proferre
2132 4805 2228 4859 in-

646 4903 1031 4962 troducuutur,
1062 4914 1184 4952 eum
1221 4905 1379 4951 antea
1405 4897 1459 4950 in
1484 4896 1796 4967 captivitate
1820 4895 2219 4962 detinerentur,

647 4995 792 5048 u'nde
823 4993 970 5046 nulla
1007 4992 1147 5061 fugae
1175 5008 1302 5060 spes
1334 4997 1688 5061 apparuerat.

725 5086 857 5147 Qui:
895 5083 1113 5135 deducet
1151 5097 1229 5134 me
1253 5099 1415 5150 usque
1439 5081 1492 5133 in
1528 5079 1824 5133 Idumwam
1859 5078 1883 5130 .9
1919 5076 1994 5132 Ita
2027 5087 2085 5132 ut
2121 5094 2227 5133 non

648 5183 860 5229 tantum
893 5178 943 5228 in
974 5177 1208 5243 patriam
1238 5179 1621 5236 restituamur,
1643 5173 1738 5226 sed
1761 5171 2042 5240 proximos
2060 5171 2222 5224 etiam

649 5269 1080 5332 circmuquaque
1114 5267 1325 5319 vicinos
1362 5266 1594 5333 populos
1642 5263 2020 5331 subjugemus.

720 5357 884 5412 Vens.
916 5361 1002 5412 il.
1028 5356 1216 5410 Nonne
1255 5368 1332 5422 tu,
1370 5359 1528 5420 Deus,
1553 5358 1641 5426 qui
1670 5355 1906 5422 repulisti
1941 5370 2034 5406 nos
2066 5353 2090 5404 ?
2124 5351 2226 5406 Per

652 5454 1136 5522 interrogationem
1173 5451 1276 5504 hoc
1311 5449 1600 5519 legendum
1639 5455 1746 5511 est,
1782 5455 1834 5500 et
1871 5444 2036 5499 simili
2063 5443 2224 5497 modo

2332 4530 2442 4582 τῶν
2488 4529 2851 4600 αἰχμαλώτων
2894 4529 2924 4582 6
2970 4529 3128 4598 λόγος
3162 4547 3178 4562 ·
3224 4529 3382 4593 πόλις
3433 4529 3492 4582 δὲ
3553 4533 3834 4602 περιοχῆς,
3882 4538 3915 4603 ὴ

2343 4619 2703 4689 Ἰερουσαλὴμ
2729 4617 2996 4681 ἐκαλεῖτο,
3027 4619 3118 4673 διὰ
3141 4618 3202 4673 τὸ
3227 4617 3561 4688 εύτείχιστον
3591 4617 3785 4686 αὐτῆς,
3821 4626 3920 4674 καὶ

2333 4711 2722 4782 ὠχυρωμένον.
2773 4711 2911 4764 Ὑπὸ
2961 4711 3318 4782 περιχαρείας
3356 4710 3413 4762 δὲ
3444 4708 3603 4762 τοῦτο
3645 4711 3918 4780 λέγουσιν,

2336 4802 2422 4854 ὄτι
2463 4801 2702 4870 χαὶίῌΞ)
2735 4802 2793 4853 ὲν
2827 4799 3057 4871 ἀφύκτῳ
3083 4801 3401 4872 κατείχοντο
3423 4801 3576 4870 παρὰ
3611 4803 3682 4872 τῇ
3717 4806 3924 4875 αἰχμα-

2334 4891 2531 4944 λωσία.

2409 5067 2506 5131 Τίς
2543 5069 2835 5139 ὁδηγήσει
2858 5087 2936 5140 με
2963 5071 3076 5137 ἕως
3117 5071 3228 5142 τῆς
3279 5073 3622 5144 Ἰδουμαίας
3651 5093 3672 5141 ;
3721 5075 3810 5138 Ὧς
3840 5077 3922 5142 μὴ

2339 5164 2498 5234 μόνον
2529 5166 2624 5234 τὴν
2655 5164 2894 5236 πατρίδα
2921 5166 3242 5233 ἀπολαϐεῖν,
3293 5167 3429 5222 ἀλλὰ
3461 5168 3558 5222 καὶ
3595 5170 3723 5232 τοὺς
3756 5169 3921 5239 πέριξ

2335 5256 2428 5324 ὲχθ
2438 5258 2562 5326 ρους
2587 5255 2980 5312 δουλώσασθαι.

2411 5348 2557 5415 Οὐχὶ
2593 5347 2697 5410 σὺ,
2729 5351 2761 5401 ὀ
2795 5348 2959 5413 Θεὸς,
3009 5350 3042 5402 ὀ
3080 5348 3478 5421 ἀπωσάμενος
3510 5347 3669 5420 ἡμᾶς
3697 5369 3716 5417 ;
3748 5350 3922 5404 Τοῦτο

2339 5442 2462 5492 κατ’
2496 5437 2765 5511 ἐρώτησιν
2794 5441 3170 5510 ἀναγνωστέον
3201 5461 3214 5473 '
3243 5443 3442 5514 ὁμοίως
3481 5442 3537 5496 δὲ
3570 5445 3666 5494 καὶ
3695 5443 3754 5495 τὸ
3784 5442 3918 5509 ἑξῆς

1998 5622 2199 5686 Varias
2241 5621 2572 5685 lectiones.

731 5733 848 5802 (12)
871 5735 951 5788 Al.
985 5733 1095 5787 Καὶ
1122 5733 1178 5786 ὲν
1207 5731 1431 5799 ἀφύκτῳ
1465 5732 1718 5798 λέγοντες
1747 5726 2083 5795 κατείχοντο.
