4082 6264
471 280 581 344 639

1666 278 2048 339 EUTIIYMII
2094 277 2449 337 ZIGABENI

3617 277 3717 343 640

550 388 707 442 Vens.
744 389 796 441 4.
860 387 1026 441 Verba
1081 388 1383 454 iniquorum
1438 392 1828 455 prarvaluerunt
1885 408 2038 459 super

2196 393 2370 460 Λόγοι
2393 392 2631 460 ἀνόμων
2652 386 3200 459 ὐπερεόυνάμωσαν
3222 388 3470 458 mide-Ai
3490 391 3565 450 εἰς
3593 389 3717 440 ϐίον

476 493 589 530 nos.
643 477 1000 548 Blasphentize
1048 480 1396 534 inimicorum
1453 496 1590 547 quas
1622 484 1909 536 adversum
1947 498 2044 535 nos

473 577 638 640 atque
690 570 954 626 adversus
1001 573 1179 642 ipsum
1229 572 1393 626 Deum
1443 571 1697 637 fundunt,
1746 575 2042 643 praevalne-

477 672 602 717 runt
643 679 808 732 super
861 680 982 729 nos,
1017 665 1118 719 hoc
1163 674 1270 727 est,
1315 675 1704 732 oppresserunt
1741 682 1861 730 nos,
1919 680 2042 716 cum

475 769 584 806 non
628 755 959 809 auderemus
990 758 1386 821 contradicere,
1423 757 1585 811 veluti
1636 759 1776 812 servi
1839 757 2042 811 elfccti.

473 848 575 913 (Et
607 849 735 916 quia
773 849 826 901 in
861 848 1072 914 Graaco,
1106 866 1205 918 pro
1253 851 1419 904 verbo
1444 891 1459 914 ,
1513 851 1930 918 prmvalucrtmt,
1969 851 2045 903 le—

471 939 671 1006 gimus.
720 941 1268 1013 ὑπερεδυνάμωσαν)
1306 952 1483 1013 potest
1518 945 1568 996 id
1619 945 1844 997 verbum
1890 943 2049 996 aliter

469 1034 693 1100 exponi,
750 1044 809 1088 ttt
859 1049 1080 1090 sensum
1139 1037 1300 1091 etiam
1357 1037 1697 1090 contrarium
1754 1037 1938 1098 iaciat,
1992 1042 2047 1090 et

2153 483 2246 534 καὶ
2283 484 2364 544 εἰς
2405 483 2549 551 ἡμᾶς
2590 479 2928 550 βλασφημίαι
2975 481 3084 533 τῶν
3118 480 3328 550 ἐχθρῶν
3381 478 3522 548 ὑπὲρ
3580 482 3716 548 ἡμεῖς

2153 572 2511 640 ἐδυνήθησαν,
2566 573 2836 634 τουτέστι,
2880 572 3386 624 κατεδυνάστευσαν
3434 569 3609 638 ἡμῶν,
3649 571 3718 638 μὴ

2151 666 2478 735 τολμώντων
2507 668 2805 728 ἀντειπεῖν,
2828 661 2916 718 οἷα
2943 663 3378 732 δεδουλωμένων.
3409 663 3480 715 Ἦ
3507 663 3721 714 τούναν-

2153 760 2266 812 τίον
2288 776 2301 789 ·
2333 761 2468 814 Δίαν
2501 758 2929 828 ἰσχυροποίησαν
2958 758 3104 828 ἡμᾶς
3130 755 3537 827 θαῤῥήσαντας,
3555 754 3634 805 ὅτι
3660 752 3720 804 οὗ

2155 851 2404 920 περιόψει
2453 850 2654 912 ταύτας
2715 848 3124 918 ἁνεκδικήτους.
3158 847 3292 900 Τινέι
3337 846 3393 898 δὲ
3423 845 3533 898 τῶν
3574 846 3721 896 ἀντι-

2153 942 2383 1010 γράφων
2436 939 2996 1008 ὐπερηδυνάμωσαν
3059 937 3364 1007 γράφουσιν
3395 977 3410 1000 ,
3470 935 3500 988 ὃ
3553 937 3718 999 ἐστιν,

2157 1032 2408 1096 ἀσθενεῖς
2435 1033 2701 1097 ἐποίησαν
2732 1033 2904 1102 ἡμᾶς.

471 1126 739 1179 sententia
781 1126 851 1180 sit
895 1127 1117 1183 :Verba
1186 1128 1498 1198 iniquorum
1542 1130 1698 1181 vanle
1758 1125 1928 1180 fortes
1998 1141 2098 1180 nos
2155 1127 2528 1192 reddiderunt,
2576 1129 2646 1182 ita
2703 1139 2759 1182 ut
2815 1128 3069 1183 fiduciam
3133 1125 3512 1197 praestiterint,
3577 1124 3720 1192 quod

473 1221 616 1276 Deus
683 1220 996 1289 huiusmodi
1068 1223 1300 1291 injurias
1352 1223 1555 1277 inultas
1612 1237 1721 1276 non
1779 1221 2040 1277 dimittet.
2085 1222 2343 1287 Quaedam
2375 1233 2558 1279 autem
2596 1224 2931 1295 exemplaria
2958 1223 3207 1279 habent:

471 1330 587 1367 rum
616 1314 765 1368 ualde
792 1315 1031 1383 inﬁrmos
1057 1330 1150 1368 nos
1175 1315 1531 1368 reddiderunt.

543 1406 612 1460 Et
641 1406 1000 1472 impietatibus
1031 1408 1230 1461 nostris
1259 1420 1314 1460 tu
1361 1408 1761 1478 propitiaberis.
1809 1406 1915 1467 Tu.
1967 1407 2047 1461 itt-

471 1500 610 1570 quit,
646 1499 713 1554 iis
738 1501 992 1569 ignosces
1025 1505 1286 1569 peccatis,
1333 1513 1559 1570 propter
1586 1516 1706 1569 qua).
1737 1516 1836 1555 nos
1861 1499 2043 1555 effecti

471 1606 667 1646 sumus
701 1591 927 1658 captivi,
958 1593 1106 1645 unde
1143 1591 1305 1646 etiam
1337 1592 1599 1647 liberabis
1634 1609 1758 1648 nos.

543 1681 706 1738 Vens.
730 1683 784 1739 5.
821 1683 1014 1737 Beatus
1043 1701 1193 1753 quem
1219 1685 1418 1755 elegisti
1452 1694 1499 1739 et
1534 1687 1869 1754 assumpsisti
1903 1703 1921 1742 :
1949 1688 2048 1741 Ita-

473 1776 664 1830 bitabit
710 1779 765 1831 in
814 1779 954 1832 aulis
1000 1780 1126 1831 tuis.
1180 1776 1338 1831 Juxta
1393 1794 1614 1833 sensum
1671 1779 1989 1834 historicum
2030 1799 2045 1834 :

3291 1222 3460 1277 Verba
3522 1221 3724 1291 iniquo-

2226 1405 2334 1460 Kal
2367 1402 2496 1469 ταῖς
2523 1403 2867 1467 ἀσθενείαις
2901 1399 3070 1470 ἡμῶν
3097 1399 3179 1454 σὺ
3225 1400 3431 1470 ἱλάσῃ.
3467 1399 3573 1453 Καὶ
3606 1401 3725 1459 tati;

2153 1494 2453 1566 ἁμαρτίαις
2489 1493 2670 1563 ἡμῶν,
2689 1493 2760 1546 δι’
2783 1492 2849 1556 ἃς
2878 1491 3398 1563 ῂχμαὶωτίσθημεν,
3433 1489 3498 1542 σὺ
3520 1506 3725 1556 συγνω-

2156 1587 2434 1658 μονήσεις,
2458 1586 2552 1637 καὶ
2587 1583 2983 1654 ἐλευθερώσεις
3019 1585 3186 1653 ἡμᾶς.

2224 1680 2527 1748 Μακάριος
2554 1679 2628 1732 ὃν
2666 1679 2930 1742 ἐξελέξω
2959 1676 3055 1730 καὶ
3090 1677 3493 1744 προσελάϐου.
3543 1678 3730 1729 Kom-

2153 1773 2461 1841 σκηνώσει
2491 1773 2560 1825 ἐν
2584 1771 2711 1836 ταῖς
2741 1770 2958 1834 αὐλαῖς
2990 1787 3126 1823 σου.
3167 1767 3302 1822 Καθ’
3328 1768 3569 1837 ἱστορίαν
3612 1766 3724 1835 μὲν,

475 1870 694 1934 Beatus,
727 1869 926 1941 inquit,
962 1870 1274 1924 Judzeorum
1307 1873 1539 1940 populus
1566 1871 1656 1940 qui
1691 1888 1757 1929 ex
1788 1873 2043 1926 omnibus

2164 1867 2395 1937 ζηλωτὸς
2421 1907 2435 1929 ,
2469 1865 2656 1936 φησιν,
2691 1866 2720 1916 ὁ
2744 1865 2854 1916 τῶν
2887 1864 3063 1918 ἄλλων
3087 1862 3257 1915 ἐθνῶν
3291 1862 3577 1929 ἐκκὶεγεὶς
3605 1858 3732 1923 λαὲς

472 1963 730 2030 gentibus
761 1979 789 2016 a
832 1974 882 2018 te
909 1965 1116 2019 electus
1143 1973 1246 2029 est,
1277 1973 1328 2019 et
1357 1976 1485 2021 tuus
1537 1966 1776 2036 populus
1804 1968 2051 2036 appella-

477 2067 586 2109 tur.
624 2056 699 2109 Ex
731 2056 1044 2126 captivitate
1081 2059 1282 2113 etenim
1330 2067 1640 2122 revocatus,
1676 2076 1894 2114 rursum
1927 2075 2050 2113 cum

480 2147 691 2201 honore
730 2147 1003 2202 habitabit
1058 2151 1113 2203 in
1154 2149 1458 2206 Jerusalem
1493 2167 1508 2206 :
1544 2166 1707 2220 quam
1759 2150 1914 2206 aulas
1956 2151 2050 2203 Πιξί

478 2252 600 2291 esse
632 2238 792 2300 dixit,
843 2247 1069 2309 propter
1104 2241 1525 2296 celeberrimum
1587 2243 1848 2311 templum
1907 2241 2052 2308 quod

479 2329 533 2380 in
564 2344 627 2382 ea
670 2328 784 2384 Deo
819 2330 1061 2386 dicatum
1107 2339 1246 2387 erat.
1281 2332 1448 2386 Juxta
1490 2349 1770 2404 anagogen
1803 2346 1954 2391 vero,
1987 2333 2053 2385 de

476 2436 620 2476 novo
667 2421 912 2492 loquitur
939 2426 1159 2493 populo,
1191 2440 1354 2493 quem
1391 2425 1653 2480 Dominus
1683 2443 1749 2481 ex
1798 2425 2054 2495 gentibus

475 2514 578 2569 sibi
612 2515 665 2568 in
693 2515 1062 2571 hmreditatetn
1098 2518 1302 2587 elegit;
1354 2528 1406 2570 et
1435 2535 1526 2587 per
1564 2521 1716 2573 aulas
1744 2559 1758 2582 ,
1791 2519 2054 2573 ecclesias

479 2605 760 2677 intelligit,
820 2623 942 2676 qua:
1005 2607 1206 2677 ubique
1267 2609 1515 2662 locorum
1579 2609 1802 2662 Christo
1857 2616 2056 2662 ereette

481 2709 630 2752 sunt.
663 2699 893 2770 intelligi
923 2700 1085 2754 etiam
1123 2712 1351 2770 possunt
1380 2701 1492 2756 hate
1524 2703 1710 2763 verba,
1743 2711 1799 2755 ut
1825 2701 2051 2756 unicui-

476 2798 585 2852 que
620 2793 878 2854 aptentur
912 2787 1082 2852 ﬁdeli,
1117 2790 1210 2858 qui
1248 2791 1332 2858 pie
1359 2805 1420 2844 ac
1464 2792 1718 2859 religiose
1746 2793 1914 2856 vivat,
1963 2793 2052 2860 qui

474 2878 685 2933 electus
741 2881 955 2935 dicetur
991 2892 1046 2934 et
1076 2892 1393 2952 assumptus
1419 2883 1483 2937 ad
1509 2884 1787 2938 caelestem
1829 2884 2056 2939 lerusa-

477 2969 606 3034 lem,
642 2971 730 3026 ubi
762 2974 899 3027 aula:
928 2974 1016 3030 Dei
1055 2985 1182 3029 suttt
1212 2977 1523 3031 mansiones
1547 2976 1846 3045 justorum.

552 3060 724 3118 Vens.
764 3066 819 3118 6.
876 3064 1207 3135 Replebimur
1253 3071 1307 3121 in
1347 3070 1496 3123 bonis
1542 3071 1730 3124 domus
1773 3079 1896 3124 tum.
1952 3072 2058 3124 Per

478 3153 700 3209 domum
738 3156 827 3211 Dei
863 3167 915 3211 et
945 3159 1261 3215 inferiorem
1297 3163 1458 3227 hanc,
1496 3173 1546 3216 et
1574 3177 1864 3230 Supernam
1893 3160 2058 3216 Jeru-

2158 1959 2267 2012 τῶν
2306 1957 2601 2016 Ἰουδαίων,
2639 1958 2734 2010 καὶ
2767 1957 2857 2018 σὸς
2885 1955 3236 2025 χρηματίσας
3263 1971 3274 1983 '
3305 1955 3368 2005 ἐκ
3395 1955 3495 2023 τῆς
3531 1955 3733 2022 alluct-

2156 2050 2360 2113 λωσίας
2391 2049 2498 2117 γὰρ
2530 2049 2763 2118 ἐντίμως
2798 2047 3071 2117 ἀναχθεὶς,
3110 2045 3528 2115 κατασκηνώσει
3569 2045 3732 2098 πάλιν

2160 2145 2218 2197 ἐν
2259 2146 2325 2212 τῇ
2374 2142 2525 2194 πόλει
2584 2160 2678 2195 σου
2739 2141 3119 2210 Ἰερουσαλήμ.
3171 2139 3527 2209 Ταύτηνγὰρ
3561 2137 3733 2199 αὐλὰς

2156 2238 2254 2294 τοῦ
2295 2238 2430 2291 Θεοῦ
2464 2238 2640 2302 καλεῖ,
2674 2237 2762 2290 διὰ
2808 2239 2899 2290 τὶν
2932 2241 2988 2289 ἐν
3032 2239 3170 2306 αὐτῇ
3203 2236 3550 2305 περιώνυμον
3585 2235 3734 2286 ναόν.

2171 2331 2558 2400 Ἀναγωγικῶς
2609 2331 2666 2383 δὲ
2710 2330 3006 2384 αἰνίττεται
3048 2329 3138 2381 τὸν
3173 2329 3291 2381 νέον
3340 2327 3488 2388 λαὸν,
3528 2326 3618 2380 τὸν
3681 2327 3739 2392 ἐξ

2160 2425 2331 2479 ἐθνῶν
2401 2425 2697 2491 ἐκλεγέντα
2769 2423 2849 2494 τῷ
2912 2422 3134 2491 Χριστῷ
3199 2423 3281 2484 είς
3352 2422 3734 2491 κληρονςμὶαν,

2159 2521 2337 2584 Αὑλάς
2363 2519 2416 2572 δὲ
2443 2517 2607 2572 αὐτοῦ
2655 2517 2754 2582 τὰς
2793 2518 2933 2571 κατά
2956 2517 3164 2589 χώραν,
3216 2515 3512 2586 ἐκκλησίας
3540 2515 3744 2577 ὑπολη-

2163 2616 2347 2670 πτέον,
2377 2614 2602 2666 Νοεῖται
2633 2612 2690 2664 δὲ
2728 2611 2824 2664 καὶ
2869 2611 3002 2680 περὶ
3033 2607 3236 2672 παντὸς
3270 2610 3328 2661 ἐν
3363 2607 3618 2677 εὐσεϐείᾳ
3651 2623 3739 2658 τε-

2158 2707 2429 2769 λειοῦντος
2453 2707 2555 2776 τὴν
2598 2706 2765 2776 ζωήν.
2808 2702 3088 2771 Ἐκλεγεὶς
3120 2703 3229 2772 γὰρ
3261 2701 3741 2772 προσλαμΰάνεται

2159 2803 2239 2863 εἰς
2284 2797 2382 2870 τὴν
2423 2800 2534 2852 ἄνω
2579 2796 2957 2866 Ἰερουσαλὴμ,
2996 2797 3130 2849 ὅπου
3173 2795 3230 2849 αἱ
3275 2793 3436 2848 αὐλαί
3475 2794 3637 2857 εἰσιν,
3684 2792 3740 2844 αι

2161 2893 2323 2964 μοναὶ
2353 2893 2461 2944 τῶν
2494 2891 2744 2944 δικαίων.

2231 3077 2711 3144 Πλησϐησόμεϐα
2747 3077 2816 3129 ἐν
2854 3075 2979 3141 τοῖς
3007 3074 3250 3144 ἀγαθοῖς
3278 3072 3384 3128 τοῦ
3409 3073 3577 3126 οῖκου
3598 3086 3736 3126 σου.

2163 3166 2323 3232 Οἶκος
2354 3167 2490 3221 Θεοῦ
2523 3171 2554 3237 ἡ
2583 3169 2962 3240 Ἰερουσαλὴμ,
2986 3169 3099 3239 ἥτε
3130 3168 3282 3222 κάτω
3313 3166 3402 3219 καὶ
3436 3169 3466 3235 ἡ
3493 3167 3626 3225 ἄνω.
3648 3164 3742 3217 καὶ

477 3248 648 3302 salem
689 3249 952 3322 intellige,
1000 3261 1052 3307 et
1109 3256 1335 3325 templa,
1388 3272 1509 3324 qua:
1551 3255 1754 3323 ubique
1807 3256 2054 3309 locorum

2164 3263 2212 3315 οἱ
2245 3261 2385 3315 κατὰ
2417 3261 2583 3314 τόπον
2610 3262 2754 3315 ναοί.
2785 3260 2990 3328 ’Ᾱγαθὰ
3020 3260 3076 3314 δὲ
3102 3259 3370 3324 αὐτοῦ,τὰ
3403 3258 3517 3311 θεία
3541 3258 3747 3326 δόγμα-

479 3350 626 3394 sunt.
663 3341 806 3397 Bona
839 3353 1020 3399 autem
1061 3347 1255 3412 domus
1291 3347 1380 3401 Dei
1418 3362 1573 3402 sacra
1621 3353 1751 3402 sunt
1776 3349 2052 3417 dogmata,

480 3447 545 3485 ac.
596 3444 791 3490 caetera
844 3439 1152 3506 spiritualia
1187 3456 1250 3494 ae
1283 3443 1605 3509 temporalia
1636 3443 1798 3505 bona,
1852 3443 2053 3509 quibus

480 3525 588 3580 lrui
618 3544 681 3584 ac
721 3531 978 3585 delectari
1025 3532 1166 3588 Deus
1203 3535 1519 3589 hominibus
1568 3535 1784 3588 tribuit.
1828 3532 1920 3588 llis
1953 3549 2052 3588 auo

2163 3368 2254 3411 τα,
2295 3351 2386 3401 καὶ
2413 3351 2513 3403 ὅσα
2553 3350 2688 3420 πρὸς
2723 3351 3025 3405 ἀπόλαυσιν
3060 3351 3154 3403 καὶ
3182 3349 3397 3420 τέρψιν,
3441 3344 3535 3415 ὢν,
3583 3350 3742 3418 φησὶ.

2169 3441 2634 3510 πλησθησόμεθα,
2693 3441 3153 3511 ἐλευθερωθέντες
3201 3441 3298 3510 τῆς
3353 3440 3597 3502 δουλείας
3637 3439 3747 3491 τῶν

2159 3533 2391 3604 ἐχθρῶν.

479 3633 586 3675 tem
639 3624 795 3679 bonis
859 3626 1178 3695 replendum
1236 3629 1399 3682 etiam
1456 3629 1716 3698 populum
1770 3627 2047 3697 Pr0pheta
2089 3630 2310 3692 asserit,
2351 3632 2512 3682 simul
2556 3646 2619 3682 :tc
2697 3629 2764 3682 ab
2819 3628 3169 3683 inimicorum
3227 3629 3491 3683 servitute
3581 3627 3742 3680 fueri-

477 3719 762 3775 liberatus.

551 3813 812 3868 Sanctum
835 3824 913 3868 est
954 3815 1201 3885 templum
1241 3826 1411 3883 tuum,
1441 3816 1686 3870 mirabile
1719 3817 1772 3869 iu
1811 3816 2056 3886 just-ilia.

481 3903 586 3960 Per
616 3907 877 3976 templum
913 3907 1170 3962 similiter
1212 3919 1265 3963 et
1300 3908 1432 3961 illud
1488 3909 1751 3978 intellige,
1785 3908 1932 3977 quod
1981 3917 2065 3962 est

484 3993 538 4045 in
570 3990 818 4046 inferiori
841 3991 1174 4060 Jerusalem,
1209 4003 1264 4051 et
1297 3999 1440 4065 quod
1474 3999 1527 4050 in
1557 4012 1795 4066 superna
1833 4015 1845 4049 :
1882 4006 1935 4051 et
1961 3997 2063 4050 alia

483 4083 645 4136 etiam
683 4085 881 4153 templa
918 4101 1039 4155 quae
1070 4087 1234 4141 variis
1271 4088 1457 4141 mundi
1499 4088 1634 4142 locis
1664 4097 1797 4142 sunt
1841 4086 2064 4142 Christo

485 4172 687 4228 dicata.
743 4174 1002 4228 Sanctum
1064 4184 1245 4230 autem
1301 4178 1558 4246 templum
1613 4179 1870 4247 appellat,
1920 4181 2065 4250 quod

485 4265 634 4320 illius
659 4282 780 4322 csse
812 4266 1037 4329 dicitur,
1071 4269 1162 4336 qui
1200 4277 1427 4324 sanctus
1451 4278 1552 4332 est,
1592 4277 1644 4324 et
1676 4271 1803 4338 quia
1842 4271 2062 4340 plenum

486 4365 573 4411 est
618 4359 1002 4415 sanctimonia.
1045 4359 1107 4412 Et
1165 4361 1412 4414 mirabile
1463 4362 1789 4432 iniustitia,
1845 4373 2068 4435 propter

479 4450 669 4531 justus
705 4454 876 4517 viros,
932 4457 1023 4522 qui
1076 4456 1128 4508 in
1183 4470 1248 4507 eo
1286 4463 1596 4510 versantur.
1657 4455 1754 4510 Vel
1802 4459 2063 4527 templum

487 4543 580 4613 Dei
613 4560 736 4599 esse
788 4547 1040 4616 intelligit
1074 4546 1220 4600 viros
1253 4563 1444 4602 omnes
1517 4549 1718 4602 virtute
1781 4551 2061 4618 praeditos,

491 4634 585 4702 qui
638 4634 1010 4688 habitaculum
1082 4635 1172 4689 Dei
1223 4639 1419 4690 merito
1475 4638 1582 4692 dici
1649 4651 1878 4707 pos-Sunt

1933 4657 1948 4696 :
2013 4649 2067 4696 et
2108 4643 2283 4696 sancti
2341 4642 2557 4710 quidem
2613 4650 2764 4708 sunt,
2805 4641 2875 4696 ob
2916 4641 3040 4696 vita:
3110 4639 3455 4704 munditiam,

2242 3818 2370 3870 Ὀτι
2425 3820 2456 3870 ό
2499 3817 2647 3880 ναός
2677 3832 2795 3869 σου
2835 3815 3000 3883 ἅγιος
3033 3814 3376 3881 θαυμαστὸς
3423 3814 3493 3866 ἐν
3526 3813 3750 3867 δικαιο-

2163 3907 2353 3975 σύνῃ.
2395 3909 2538 3969 Nam;
2569 3907 2705 3961 Θεοῦ
2740 3907 2922 3970 πάλιν,
2949 3908 2976 3960 ὁ
3007 3911 3064 3958 ἐν
3092 3909 3159 3976 τῇ
3187 3907 3337 3959 κάτω
3369 3905 3749 3973 Ἰερουσαλὴμ.

2165 4000 2259 4052 καὶ
2298 4001 2355 4051 ὲν
2388 4003 2453 4070 τῇ
2492 4001 2603 4054 ἄνω
2630 4041 2645 4062 ,
2689 4002 2783 4053 καὶ
2815 4003 2843 4054 ὁ
2889 4000 3030 4053 κατὰ
3073 3999 3240 4052 τόπον
3273 3993 3420 4060 οἶκος
3458 3998 3552 4051 τοῦ
3587 3998 3747 4050 Θεοῦ.

2167 4091 2354 4154 ’Ἄγιος
2389 4091 2486 4157 μὲν
2519 4085 2633 4153 οὖν,
2664 4089 2739 4151 ὡς
2760 4088 2854 4141 τοῦ
2879 4088 3037 4156 ἁγίου
3069 4087 3212 4149 ναὸς.
3245 4086 3334 4137 καὶ
3364 4087 3438 4144 ὡς
3467 4083 3746 4152 ἁγιασμοῦ

2165 4179 2400 4250 πλήρης.
2432 4181 2758 4249 Θαυμαστὸς
2786 4179 2838 4232 δὲ
2871 4180 2931 4231 ἐν
2974 4182 3040 4249 τῇ
3088 4177 3403 4247 δικαιοσύνῃ
3440 4178 3550 4229 τῶν
3582 4179 3755 4244 ἐμπο-

2175 4272 2539 4340 λιτευομένων
2592 4272 2729 4342 αὐτῇ
2787 4271 3015 4324 δικαίων
3065 4268 3298 4339 ἀνδρῶν.
3340 4269 3408 4320 Ἥ
3458 4268 3584 4320 ναὸν
3614 4266 3751 4319 Θεοῦ

2175 4364 2325 4432 λέγει
2360 4364 2451 4416 τὸν
2503 4365 2782 4433 ἐνάρετον,
2813 4365 2872 4427 ὅς
2904 4365 3053 4416 ἐστιν
3091 4363 3410 4430 οἰκητήριον
3445 4360 3600 4413 Θεοῦ.
3642 4359 3750 4412 Καὶ

2176 4458 2331 4523 ἅγιος
2373 4457 2494 4526 μὲν,
2527 4456 2614 4509 διὰ
2644 4456 2743 4526 τὴν
2772 4456 2994 4523 ἁγνείαν
3031 4456 3141 4508 τῶν
3171 4453 3360 4508 παθῶν
3389 4470 3403 4485 ·
3438 4452 3752 4522 θαυμαστὸς

2175 4549 2253 4613 δὲ,
2286 4551 2376 4601 ἐπὶ
2404 4553 2469 4619 τῇ
2501 4548 2841 4618 δικαιοσύνῃ.

3530 4637 3753 4690 mirabi-

485 4727 569 4796 ᾖξε
602 4742 730 4779 vero
783 4728 851 4782 ob
880 4742 1149 4782 summam
1191 4728 1555 4796 integritatem
1594 4746 1658 4783 ac
1689 4732 2268 4800 summamjustitiam.

563 4821 732 4875 Vens.
769 4823 822 4875 7.
857 4821 1069 4874 Exaudi
1103 4838 1221 4882 nos,
1265 4821 1422 4886 Deus,
1448 4821 1696 4876 Salvator
1726 4831 1925 4885 noster,
1956 4840 2070 4890 spes
2106 4828 2148 4881 ι)

489 4918 728 4975 omnium
774 4916 958 4968 ﬁnium
1009 4926 1184 4979 terrtt’,
1219 4925 1500 4977 eteorum,
1537 4915 1626 4984 qui
1674 4915 1730 4967 in
1772 4916 1910 4967 mari
1950 4924 2070 4968 sunt

495 5007 703 5078 procul.
769 5005 865 5061 Est
911 5015 963 5060 et
1014 5007 1128 5060 haec
1179 5006 1460 5076 pr0phetia
1513 5007 1577 5060 de
1624 5007 1901 5075 gentibus,
1955 5021 2078 5074 quat

495 5100 875 5155 crediderunt.
903 5099 1134 5164 Exaudi,
1170 5101 1366 5166 inquit,
1408 5109 1462 5151 tu
1517 5113 1638 5163 nos,
1673 5100 1765 5168 qui
1802 5099 1855 5151 in
1885 5109 2073 5168 postc-

497 5207 619 5250 rum
653 5191 875 5244 futurus
911 5206 969 5244 es
1009 5190 1251 5243 omnium
1282 5205 1428 5258 spes.
1474 5187 1637 5243 Fines
1681 5198 1861 5244 autem
1921 5199 2079 5243 terra:

500 5282 750 5337 homines
784 5283 1020 5350 appellat
1051 5281 1140 5350 qui
1176 5292 1332 5334 terra:
1367 5281 1501 5333 lines
1535 5280 1809 5333 incolunt.
1851 5279 1957 5332 Per
1980 5293 2077 5335 eos

498 5389 631 5436 vero
682 5390 821 5443 quos
879 5374 931 5426 in
994 5373 1128 5426 mari
1192 5373 1381 5441 procul
1434 5388 1558 5426 esse
1593 5373 1748 5435 dicit,
1797 5374 2088 5428 insulanos

510 5466 792 5535 intelligit.
850 5466 1025 5521 Dictio
1072 5473 1250 5518 autem
1288 5463 1474 5529 procul
1535 5465 1848 5518 distantiam
1885 5481 1977 5519 seu
2009 5466 2092 5518 in-

500 5557 791 5611 tervallum
821 5571 850 5610 a
881 5565 1025 5611 terra
1079 5559 1322 5610 denotat.
1388 5555 1733 5627 [Disjunctae
1773 5557 1916 5611 enim
1961 5567 2092 5612 sunt

501 5648 701 5720 insula:
735 5664 763 5702 a
793 5661 941 5705 terra
979 5645 1340 5720 continenti.]

570 5738 738 5796 Vens.
770 5741 826 5797 8.
865 5739 1184 5809 Prteparaus
1227 5748 1428 5794 meum
1485 5739 1539 5794 in
1586 5738 1901 5809 fortitudine
1955 5756 2076 5794 sua.

2246 4826 2634 4878 Ἔπάκουσον
2688 4823 2877 4892 ἡμῶν,
2923 4826 2954 4876 ὁ
2999 4822 3223 4888 Θεός,ό
3248 4822 3451 4888 Σωτὴρ
3479 4818 3670 4889 ἡμῶν,
3720 4822 3756 4887 ἡ

2175 4921 2352 4984 ὲλπις
2383 4917 2628 4971 πάντων
2658 4915 2775 4969 τῶν
2805 4915 3079 4982 περάτων
3116 4912 3226 4981 τῆς
3251 4911 3386 4980 τῆς,
3420 4912 3515 4965 καὶ
3544 4911 3664 4964 τῶν
3687 4912 3758 4964 ἐν·

2177 5009 2467 5077 θαλάσσῃ
2490 5008 2745 5077 μακράν.
2769 5007 2876 5061 Καὶ
2897 5007 3055 5058 τοῦτο
3077 5006 3381 5076 πρόῤῥησις
3400 5003 3500 5073 τῆς
3523 5005 3759 5065 πίστεως

2181 5103 2275 5156 τοῦ
2327 5102 2387 5168 ἐξ
2436 5101 2606 5154 ἐθνῶν
2657 5100 2809 5152 λαοῦ.
2861 5098 3220 5160 Ἐπάκουσον,
3269 5099 3459 5167 φησὶν,
3521 5096 3702 5165 ἡμῶν,
3732 5097 3762 5147 ὁ

2185 5194 2415 5264 ὕστερον
2468 5194 2725 5263 ἐσόμενος
2778 5190 2932 5253 ἐλπὶς
2975 5188 3217 5244 πάντων.
3264 5188 3485 5254 Πέρατα
3535 5188 3635 5252 μὲν
3666 5185 3762 5240 οὖν

2185 5288 2284 5356 τῆς
2307 5287 2410 5356 γῆς
2435 5287 2484 5338 oi
2505 5285 2575 5337 τὰ
2601 5285 2814 5353 πέρατα
2836 5282 2935 5351 τῆς
2958 5279 3061 5350 τῆς
3089 5277 3364 5342 οἰκοῦντες
3390 5297 3406 5312 ο
3431 5282 3489 5332 ὲν
3514 5278 3761 5346 θαλάσσῃ

2187 5379 2270 5442 δὲ,
2299 5379 2394 5430 καὶ
2424 5379 2475 5430 οἱ
2503 5379 2562 5429 ὲν
2595 5377 2716 5436 ταῖς
2748 5377 2966 5443 νήσοιςο
2997 5373 3058 5424 τὸ
3090 5373 3146 5425 δὲ
3170 5372 3416 5441 μακρὰν
3473 5369 3763 5441 ὲπίρῥημὰ

2188 5472 2328 5533 ἔστι,
2357 5472 2622 5539 σημαῖνον
2652 5469 2713 5519 τὸ
2743 5467 2932 5537 πόρῤω
2966 5464 3066 5532 τῆς
3093 5463 3346 5534 ἠπείρου.

2291 5730 2742 5805 Βτοψιίζῖυνῖρη
2764 5733 2833 5786 δι’
2864 5748 2933 5799 τῃ
2963 5729 3134 5796 ισχύτ
3159 5725 3362 5780 aurei}.
3384 5723 3516 5794 Περὶ
3545 5723 3642 5788 τῆς
3667 5722 3761 5778 της,
