4082 6264
436 417 541 483 641

1595 424 1983 486 COMMENT.
2029 426 2111 486 ΙΝ
2156 428 2517 489 PSALMOS.

3580 420 3691 483 διε

435 536 573 591 Θεοῦ
632 534 855 599 διέξεισι
903 537 1210 610 δυνάμεως,
1264 539 1522 612 ἀνυμνῶν
1578 541 1769 611 αὑτήν.
1820 542 1895 593 'l‘b
1945 539 1999 593 δὲ

2111 538 2182 594 De
2236 540 2425 595 divina
2471 554 2618 597 nunc
2668 546 2971 610 pertractat
3051 538 3313 610 potentia,
3369 536 3690 596 collaudatis

436 628 777 699 ἐτοιμὰζων,
800 630 1058 701 ἐδράζων
1105 632 1369 700 ἐξέδωκεν
1422 633 1452 687 ὁ
1504 631 1817 703 Σύμμαχος.
1878 634 2015 685 Συν-

436 722 759 787 ιξακούςται
807 722 866 777 δέ
908 723 988 789 τὸ,
1009 725 1202 779 ἐστιν.
1261 723 1507 796 Ἕδράζει
1539 725 1609 779 τὰ
1640 724 1741 795 ὅρη
1770 763 1785 789 ,
1823 724 2010 795 φησὶν,

434 812 609 877 οὕτως
662 813 955 884 ἀσφαλῶς,
1007 815 1086 881 ὦς
1136 817 1274 889 μηδι
1335 834 1465 871 ποτε
1508 817 1835 889 σαλευθῆναι
1890 820 2014 882 ταῖς

441 904 837 977 σφοδροτάταις
883 909 975 961 καὶ
999 906 1305 979 διηνεκέσιν
1349 908 1608 982 ἐμϐολαῖς
1639 907 1749 962 τῶν
1802 908 2012 978 ἀγρίων

434 998 527 1052 ἁνὲ
534 1015 671 1069 μων.

503 1177 977 1249 Περιεζωσμένος
1046 1179 1121 1235 ἐν
1178 1180 1533 1251 dumorum.
1587 1200 1760 1253 ιιικην
1828 1180 2009 1254 ζώνης

436 1270 851 1342 κεκυκλωμένος
867 1273 926 1325 ἐν
953 1272 1264 1345 δυναστεεᾳ,
1287 1275 1406 1347 ἦτοι
1432 1275 1492 1329 ἐν
1516 1274 1745 1343 δυνάμει
1765 1274 2009 1345 ἀπείρων

438 1364 581 1419 κατὰ
611 1365 797 1420 πάντα
820 1363 1083 1427 κτιστῶν,
1114 1366 1207 1420 καὶ
1228 1368 1289 1420 ἐν
1331 1369 1498 1421 παντί⁵
1532 1368 1844 1438 πράγματι.
1890 1367 2010 1421 Ἀλ-

432 1452 600 1524 λαχοῦ
649 1453 708 1508 δέ
738 1470 905 1523 φησιν
933 1469 948 1483 θ
972 1453 1329 1511 Ἐνεδύσατο
1374 1458 1592 1526 Κύριος
1622 1454 1881 1527 δύναμιν
1909 1459 2028 1512 καὶ.

433 1546 850 1616 περιεζώσατο.

500 1731 950 1801 Συνταράσσων
976 1733 1044 1790 τὸ
1077 1735 1260 1801 κύτος
1283 1733 1395 1804 τῆς
1424 1735 1772 1804 θαλάσσης.
1798 1735 1873 1789 Τὸ
1908 1734 2005 1806 βάς

433 1821 546 1888 θος,
578 1822 718 1876 ὥστε
745 1824 991 1877 κάτωθεν
1013 1825 1244 1897 ψάμμον
1272 1825 1651 1899 ἀναφέρεσθαι
1685 1825 1781 1898 τοῦ
1816 1826 2003 1879 τοσού-

432 1929 525 1965 του
548 1913 720 1982 χάους
753 1916 1022 1984 αἰφνίδιον
1061 1918 1561 1990 ἐκμοχλευομένου.
1588 1919 1790 1973 Σκόπει
1818 1918 1875 1972 δὲ
1919 1919 2002 1972 ὅτι

432 2004 825 2075 προστάγματι
886 2010 981 2063 τοῦ
1043 2009 1181 2065 Θεοῦ
1228 2010 1329 2082 τὴν
1380 2011 1657 2067 θάλασσαν
1709 2012 1760 2065 o!
1810 2010 2003 2081 ἄνεμοι

430 2100 918 2168 συνταράσσουσιν.

504 2283 728 2351 Ἦχους
782 2283 1062 2353 κυμάτων
1114 2284 1308 2354 αὐτῆς
1386 2288 1479 2353 τΙς
1527 2288 2003 2356 ὑποστήσεται;

428 2372 625 2441 Βαρεῖς
658 2375 820 2437 ὄντας
860 2374 955 2428 καὶ
982 2376 1273 2448 ςοῦεροῦς,
1295 2386 1391 2432 καὶ
1424 2382 1764 2451 ἀφορήτους.

503 2491 996 2559 Ταραχθήσονται
1022 2494 1094 2545 τὰ
1112 2493 1278 2561 ἔθνη.
1314 2494 1410 2549 Διά
1441 2496 1502 2549 τὸ
1532 2496 1688 2564 ξένον
1712 2500 1807 2553 καὶ
1837 2502 2003 2571 ἄηθες

424 2576 526 2630 τοῦ
557 2577 940 2648 κηρύγματος,
973 2582 1069 2634 καὶ
1111 2581 1200 2638 διὰ
1259 2583 1323 2637 τὸ
1368 2586 1738 2643 καταλύεσθαι
1786 2592 1846 2645 τὸ
1896 2610 2005 2648 πα-

426 2668 795 2739 τρῷονσέὸας
852 2671 1058 2738 αὐτῶν,
1115 2675 1213 2729 καὶ
1292 2676 1390 2748 τὴν
1453 2681 1732 2736 πολιτείαν
1796 2687 2005 2741 τούτων

443 2763 799 2832 ἀμείϐεσθαι.
1489 2764 1517 2795 ⁸

502 2878 609 2939 Καὶ
643 2878 1088 2947 φοϐηθήσονται
1111 2886 1168 2938 οἱ
1200 2888 1621 2958 κατοικοῦντες
1647 2891 1720 2946 τὰ
1782 2892 2007 2963 πέρατα

428 2963 552 3017 ἀπὸ
577 2965 694 3018 τῶν
724 2969 1011 3036 σημείων.
1046 2972 1212 3027 Αύτοὶ
1241 2978 1289 3027 oi
1322 2982 1382 3031 ἐν
1408 2982 1529 3043 ταῖς
1584 2981 1865 3052 ἐσχατιαῖς
1904 2985 2006 3055 τῆς

434 3057 539 3123 γῆς
607 3059 1009 3131 φοϐηθήσονται
1061 3065 1170 3119 ἀπὸ
1224 3067 1336 3122 τῶν
1380 3072 1639 3126 ἑκάστοτε
1699 3078 2007 3147 γινομένων

430 3150 889 3219 θαυματουργιῶν
921 3169 1040 3210 σου.
1095 3156 1159 3210 Εἰ
1191 3158 1247 3211 δὲ
1296 3160 1345 3213 ol
1406 3162 1466 3213 ἐν
1530 3166 1653 3227 ταῖς
1701 3166 2004 3235 ἐσχατιαῖς,

429 3242 613 3330 πολλῷ
644 3243 847 3311 μᾶλλον
879 3248 928 3299 oi
961 3248 1021 3300 ἐν
1050 3250 1128 3321 τῷ
1169 3252 1322 3323 μέσῳ
1350 3255 1450 3324 τῆς
1479 3254 1606 3324 γῆς.
1675 3256 1867 3329 Ἡμεῖς
1907 3262 2005 3330 μὲν
2034 3244 2076 3303 c

428 3329 527 3388 οὖν
592 3336 721 3405 περὶ
769 3337 879 3390 τῶν
928 3340 1071 3393 κατὰ
1110 3342 1348 3413 Χριστὸν
1405 3344 1701 3415 θαυμάτων
1752 3350 2006 3420 εἰρῆσθαι

428 3428 609 3480 ταῦτά
644 3447 830 3497 φαμεν
862 3446 879 3461 ο
918 3430 1166 3496 Ἐὄραίοι
1194 3435 1250 3488 δὲ
1282 3438 1553 3506 περὶ-τῶν
1585 3440 1727 3493 κατὰ
1760 3444 1966 3515 Μωσῆν
1986 3463 2002 3477 ο

422 3520 707 3590 εἴργονται
736 3521 793 3575 δὲ
820 3524 908 3577 διὰ
936 3523 1045 3580 τῶν
1071 3526 1216 3598 ἑξῆς.

496 3745 783 3812 Ἐ’ξόδους
818 3749 1037 3815 aptatae;
1065 3748 1161 3803 καὶ
1180 3750 1447 3819 ἑσπέρας
1475 3752 1732 3823 τέρψεις.
1767 3757 2001 3828 Τέρψεις

418 3839 517 3891 τὸν
545 3839 677 3891 λαόν
710 3856 806 3891 σου
845 3841 945 3893 καὶ
1009 3842 1150 3895 κατᾶ
1193 3844 1292 3906 τὰς
1351 3843 1567 3908 ἐξόδους
1607 3846 1710 3917 τῆς
1762 3850 2001 3917 πρωῖας,

419 3933 556 3986 ὅταν
581 3933 1053 4003 ἆρχηταιτρὲχειν
1084 3934 1117 4003 ἡ
1148 3936 1331 4005 πρωῖα
1361 3937 1460 4005 τῆς
1510 3938 1747 4008 ἡμέρας,
1773 3943 1868 3995 καὶ
1899 3944 2002 3995 πά-

419 4025 511 4078 λιν
542 4026 804 4096 ἑσπέρας,
841 4026 1008 4096 ἤγουν
1036 4028 1093 4080 ἐν
1118 4030 1183 4099 τῇ
1213 4028 1445 4099 ἑσπέρᾳ.
1520 4031 1767 4085 Ἀττικὸν
1813 4032 1870 4087 δὲ
1939 4035 2000 4088 τὸ

418 4113 709 4182 ἑσπέρας.
764 4114 955 4186 γενικὴ
1013 4117 1135 4170 ἀντὶ
1181 4117 1421 4189 δοτικῆς.
1484 4120 1825 4190 Προφητεύει
1878 4125 1934 4177 δὲ
1973 4129 2001 4181 ὁ

416 4206 608 4273 λόγος,
638 4209 722 4261 ὅτι
744 4207 1151 4278 τερφθήσονται
1184 4212 1278 4263 καὶ
1306 4211 1365 4263 ἐν
1393 4214 1464 4281 τῇ
1526 4214 1667 4283 ἀρχῇ
1720 4217 1818 4286 τῆς
1860 4218 1997 4288 ἡμέ..

423 4314 551 4369 ρας,
580 4298 673 4350 καὶ
696 4300 754 4351 ἐν
786 4298 863 4367 τῷ
884 4300 1028 4352 τέλει
1065 4300 1244 4370 αὐτῆς
1266 4318 1280 4332 ·
1312 4302 1717 4373 τερφθήσονται
1744 4306 1801 4359 δὲ
1834 4308 2000 4373 θείοις

419 4388 622 4457 ὕμνοις
647 4390 742 4442 καὶ
768 4390 932 4459 ἱεροῖς
994 4391 1367 4464 μελῳδήμασι.
1418 4394 1577 4459 Τινὲς
1626 4397 1684 4451 δὲ
1737 4399 1997 4455 καλοῦσιν

418 4480 641 4545 ἐξόδους
677 4480 777 4548 μὲν
818 4480 1031 4549 πρωῖας
1057 4481 1127 4534 τὰ
1166 4482 1459 4536 ἀνατολικὰ
1514 4486 1655 4556 μέρη
1711 4489 1812 4557 τῆς
1874 4492 1998 4560 γῆς.

2116 646 2236 685 eam
2270 642 2435 703 atque
2473 631 2761 687 extollens.
2818 630 2975 697 Quod
3006 644 3131 684 vero
3178 630 3255 683 ait
3286 646 3300 685 :
3332 646 3642 696 pra'param
3670 671 3686 693 ,

2116 724 2483 795 Symmachus
2508 725 2646 779 dixit
2669 766 2685 789 ,
2718 723 3011 778 stabiliens.
3043 720 3480 793 Subintelligitur
3503 734 3686 779 autem

2114 816 2526 872 substantivum
2572 816 2825 882 verbum,
2861 825 2961 871 est.
2993 814 3158 880 Deus.
3186 816 3389 886 inquit,
3436 816 3528 871 ille
3575 829 3685 880 est,

2114 908 2210 979 qui
2243 908 2473 966 stabiles
2505 906 2685 965 reddit
2726 919 2960 970 montes.
3020 908 3095 963 ita
3148 917 3208 962 ut
3246 907 3435 973 nullis,
3467 910 3687 964 tametsi

2114 1002 2499 1067 validissimis,
2534 1010 2820 1058 ventorum
2879 1001 3100 1058 ﬂatibus
3138 1002 3404 1059 dimoveri
3450 1002 3685 1073 possint,

2111 1103 2208 1149 aut
2236 1094 2527 1151 ﬂuctuare.

2184 1185 2467 1240 Accinctus
2494 1188 2547 1239 iu
2580 1194 2873 1253 potentatu.
2908 1184 3293 1249 Zonarinstar,
3333 1187 3539 1255 inquit,
3570 1185 3686 1242 cir—

2113 1278 2407 1335 cumdatus
2437 1294 2519 1343 es,
2550 1281 2605 1333 in
2653 1286 2964 1349 potentatu,
3032 1278 3137 1332 hoc
3184 1285 3295 1345 est,
3332 1278 3386 1334 in
3421 1279 3685 1335 immensa

2114 1371 2382 1440 polentia,
2421 1382 2533 1425 tam
2563 1372 2616 1425 in
2650 1371 2719 1425 iis
2758 1386 2878 1441 quae
2912 1371 2977 1425 ad
3009 1380 3226 1426 creatas
3264 1385 3355 1425 res
3385 1376 3687 1440 pertinent,

2109 1481 2280 1535 quam
2311 1465 2377 1520 ad
2424 1482 2791 1537 quaecumque
2823 1466 2952 1522 alia.
3008 1467 3149 1522 Alibi
3177 1467 3343 1521 etiam
3374 1466 3689 1537 huiusmodi

2112 1558 2227 1614 fere
2261 1562 2431 1613 utitur
2457 1575 2739 1622 sermone.
2764 1575 2888 1615 cum
2911 1560 3045 1615 dicit
3078 1576 3091 1612 :
3135 1558 3365 1614 lndutus
3390 1568 3469 1616 est
3503 1558 3690 1614 Domi-

2111 1666 2210 1704 nus
2237 1649 2604 1718 fortitudinem
2638 1660 2687 1705 et
2714 1652 2991 1720 praecinxit
3014 1668 3068 1705 se
3099 1651 3167 1707 ".

2183 1744 2286 1809 Qui
2307 1747 2591 1798 conturbas
2612 1743 2931 1815 profundum
2952 1746 3139 1799 maris.
3158 1741 3324 1799 Maris
3348 1742 3681 1814 profundum

2111 1832 2184 1887 ita
2215 1834 2525 1898 conturbat,
2564 1841 2623 1888 ut
2669 1846 2832 1889 arena
2861 1872 2875 1896 ,
2926 1848 3049 1905 quae
3087 1833 3197 1888 illic
3243 1833 3430 1904 jacet,
3462 1848 3681 1890 sursum

2114 1920 2343 1988 feratur,
2382 1932 2527 1977 tanta
2559 1923 2968 1993 perturbatione
2998 1930 3289 1980 commota.
3326 1920 3463 1979 Illud
3522 1923 3689 1996 igitur

2111 2026 2178 2067 ex
2208 2011 2524 2078 huiusmodi
2558 2012 2846 2082 Prophetas
2877 2014 3050 2069 nostri
3091 2012 3274 2070 verbis
3329 2015 3688 2070 consideran-

2112 2102 2242 2158 dum
2273 2115 2357 2160 est
2390 2121 2405 2158 :
2437 2104 2579 2175 quod
2610 2103 2755 2159 venti
2789 2102 2975 2176 [nulla
3012 2102 3233 2173 propria
3289 2112 3522 2171 Virtute,
3550 2102 3684 2176 sed]

2112 2195 2370 2248 mandato
2408 2193 2499 2248 Dei
2558 2208 2705 2247 mare
2736 2202 2897 2263 atque
2922 2193 3027 2248 alia
3047 2194 3315 2248 elementa
3333 2195 3680 2250 conturbant.

2188 2285 2358 2340 Sanos
2388 2286 2641 2354 ﬂuctuum
2672 2286 2785 2355 ejus
2817 2285 2932 2354 quis
2956 2285 3231 2340 sustinebit
3259 2285 3285 2339 2
3319 2285 3456 2339 Cum
3493 2298 3685 2356 graves

2117 2379 2370 2434 videlicet
2399 2380 2530 2443 sint,
2563 2377 2942 2447 terribilesque
2974 2385 3030 2433 et
3064 2375 3198 2432 ferri
3237 2386 3536 2449 nequeant.

2187 2509 2351 2563 Vsus.
2399 2510 2449 2564 9.
2509 2506 2889 2563 Turbabuntur
2945 2516 3147 2576 gentes.
3198 2506 3425 2578 Propter
3481 2520 3684 2560 novum

2114 2611 2277 2671 atque
2308 2601 2582 2657 insuetum
2616 2599 3021 2670 praedicationis
3053 2615 3247 2669 genus,
3274 2614 3384 2670 quo
3417 2600 3682 2666 majorum

2112 2692 2307 2762 religio
2339 2700 2393 2747 et
2424 2692 2647 2760 antiqua
2683 2690 2871 2760 patria:
2923 2689 3267 2746 consuetudo
3321 2691 3639 2747 destruetur
3663 2729 3678 2754 ,

2114 2791 2276 2851 atque
2307 2781 2361 2834 in
2391 2781 2496 2834 alia
2530 2780 2935 2837 immutabitur.

2184 2902 2255 2953 Et
2290 2897 2543 2951 timebunt
2575 2897 2665 2967 qui
2694 2895 2935 2950 habitant
2966 2898 3099 2966 ﬁnes
3144 2913 3178 2950 ιι
3213 2896 3378 2967 signis
3419 2896 3543 2950 tuis.
3596 2893 3637 2950 li
3667 2936 3685 2960 ,

2114 2993 2312 3062 inquit,
2340 2991 2432 3062 qui
2457 3000 2733 3045 extremos
2767 3001 2926 3045 terra:
2953 2992 3087 3046 lines
3117 2988 3388 3053 incolunt,
3411 2988 3688 3044 timebunt

2114 3100 2226 3155 pra)
2258 3084 2605 3138 multitudine
2639 3082 3028 3137 miraculorum
3063 3120 3077 3145 ,
3116 3096 3237 3151 quae
3269 3082 3472 3152 passim
3504 3082 3558 3136 in
3593 3093 3687 3136 tuo

2124 3178 2255 3231 (ient
2288 3175 2532 3229 nomine.
2568 3173 2723 3237 Quod
2763 3174 2806 3228 si
2846 3173 2880 3227 ii
2907 3173 3215 3236 timebunt,
3266 3172 3355 3243 qui
3409 3181 3687 3228 extremas

2112 3271 2260 3325 orbis
2288 3280 2469 3337 partes
2499 3269 2766 3332 habitant,
2799 3275 3004 3337 quanto
3037 3267 3113 3322 illi
3148 3266 3339 3338 magis,
3372 3267 3461 3337 qui
3496 3268 3546 3320 in
3575 3282 3688 3322 me~

2112 3363 2203 3416 dio
2240 3362 2359 3426 eius
2395 3361 2725 3416 versantur?
2754 3358 2820 3415 Et
2849 3372 2947 3415 nos
2993 3358 3207 3428 quidem
3244 3358 3357 3413 [nec
3404 3358 3470 3413 de
3512 3357 3688 3413 admi-

2114 3457 2299 3509 randis
2320 3453 2524 3509 Christi
2550 3452 2808 3521 operibus
2830 3452 3089 3522 prtedicta
3122 3451 3296 3506 fuisse
3321 3449 3680 3505 allirmnmus:

2114 3548 2323 3605 Hebraei
2350 3562 2478 3603 vero
2502 3546 2570 3602 de
2594 3546 2661 3601 iis
2683 3560 2804 3615 qua:
2837 3561 2865 3598 a
2895 3545 3081 3615 Moyse
3110 3553 3261 3615 gesta
3294 3552 3458 3609 sunt;
3492 3558 3682 3598 verum

2113 3641 2481 3711 reprobantur
2542 3648 2706 3709 atque
2740 3638 3144 3693 convincuntur
3176 3651 3242 3692 ex
3274 3637 3649 3706 sequentibus.

2181 3754 2371 3809 Exitus
2411 3752 2657 3806 matutini
2687 3761 2735 3804 et
2766 3766 2991 3820 vespera:
3034 3749 3330 3803 delectabis.
3380 3747 3682 3818 Populum,

2110 3847 2311 3917 inquit,
2345 3855 2497 3900 tuum
2523 3841 2843 3905 delectabis,
2868 3849 2975 3894 tam
3003 3840 3057 3895 in
3089 3840 3235 3895 exitu
3266 3840 3517 3894 matutini
3546 3848 3683 3894 tem-

2114 3940 2279 4009 poris,
2310 3936 2530 4008 quando
2560 3944 2612 3989 et
2647 3949 2807 3989 mane
2832 3934 2939 3988 diei
2972 3933 3173 3987 dicitur
3199 3942 3253 3987 et
3283 3932 3401 3989 dies
3429 3932 3681 4002 progredi

2113 4029 2323 4099 incipit,-
2349 4043 2511 4098 quam
2537 4027 2700 4082 etiam
2735 4026 2787 4079 in
2822 4026 2971 4080 exitu
3015 4039 3258 4094 vespera:
3286 4065 3301 4091 ,
3330 4025 3431 4078 hoc
3488 4037 3573 4081 (εει
3625 4025 3681 4078 in

2113 4122 2237 4193 ipso
2271 4135 2518 4188 vespere.
2551 4121 2647 4172 Est
2674 4125 2855 4172 autem
2909 4115 3148 4186 ἑσπέρας
3177 4115 3358 4168 Attice
3395 4114 3630 4183 positum
3661 4154 3678 4179 ,

2110 4216 2376 4282 genitivus
2400 4226 2495 4281 pro
2518 4210 2736 4275 dativo;
2765 4206 3076 4277 prazdicitur
3100 4214 3279 4261 autem
3300 4206 3402 4260 hoc
3431 4222 3683 4261 sermone

2108 4306 2257 4376 quod
2289 4302 2705 4359 delectabuutur
2737 4310 2845 4352 tam
2883 4298 2935 4351 in
2984 4296 3253 4366 principio
3279 4310 3440 4367 quam
3477 4295 3530 4349 in
3577 4293 3683 4350 line

2107 4399 2235 4453 diei.
2269 4395 2695 4450 Delectabuntur
2734 4399 2915 4448 autem
2945 4390 2996 4443 in
3036 4390 3237 4445 divinis
3292 4390 3565 4455 laudibus,
3594 4399 3681 4441 at-

2108 4504 2215 4559 que
2244 4488 2295 4541 in
2330 4484 2503 4540 sacris
2533 4482 2780 4537 canticis.
2817 4480 2998 4549 Aliqui
3042 4495 3136 4549 per
3164 4480 3345 4533 exitus
3401 4481 3682 4543 matutini,

417 4571 675 4635 Ἐξὸδους
706 4572 759 4623 δὲ
803 4573 1039 4639 ἑσπέρας
1062 4572 1130 4625 τὰ
1160 4572 1377 4637 δυτικὰ,
1440 4574 1597 4628 ὄτιὲν
1634 4577 1865 4642 ἐκείνοις
1894 4583 1997 4649 μὲν

2111 4592 2160 4637 et
2193 4596 2288 4650 per
2315 4577 2491 4632 exitus
2525 4590 2787 4645 vesperae,
2825 4572 3121 4627 orientales
3164 4579 3324 4640 atque
3358 4572 3678 4627 occidente»

415 4664 577 4718 δοκεῖ
605 4665 902 4731 γεννᾶσθαι
928 4669 960 4733 ἡ
991 4667 1177 4737 πρωῖα
1203 4706 1219 4728 ,
1252 4667 1382 4721 suae
1418 4668 1635 4731 τούτοις
1668 4672 1699 4740 ἡ
1737 4672 1853 4735 νύξ,
1898 4676 2000 4727 Εὐ-

418 4759 657 4827 φρανεῖς
686 4756 804 4819 οὖν,
838 4760 991 4827 φησὶ,
1022 4759 1267 4819 καὶτοὺς
1318 4761 1416 4813 ἐπὶ
1460 4761 1560 4831 τῆς
1605 4762 1871 4834 ἀνατολῆς
1929 4769 2001 4819 ol-

412 4848 679 4914 κοῦντας,
703 4850 796 4901 καὶ
826 4851 953 4913 τοὺς
985 4853 1081 4904 ἐπὶ
1113 4854 1214 4919 τῆς
1271 4852 1503 4915 δύσεως,
1563 4855 1996 4927 ἐνανθρωπήσας

413 4946 520 4995 καὶ
544 4940 1012 5011 πολιτευσάμενος
1044 4945 1137 4997 ἐπὶ
1166 4944 1266 5014 τῆς
1302 4945 1426 5014 γῆς.
1452 4946 1534 4999 Τὰ
1553 4946 1610 5000 δὲ
1668 4949 1795 5018 ἑξῆς
1855 4952 1998 5020 ῥητὰ

412 5035 648 5102 πρῶτον
681 5035 970 5104 ἱστορικῶς
996 5036 1385 5106 ἐρμηνευτέον,
1418 5034 1539 5091 εἶτα
1597 5041 1959 5108 ἁναγωγικῶς
1982 5058 1995 5073 °

414 5124 810 5195 ἁρμοδιώτερα
835 5126 1047 5190 τούτοις
1080 5127 1148 5180 τὰ
1170 5128 1270 5197 τῆς
1314 5128 1630 5199 ἀναγωγῆς,
1661 5129 1738 5196 ὡς
1798 5133 1996 5187 αὐτίκα

408 5215 788 5286 δειχθήσεται.

503 5416 857 5487 Ἑπισκέψω
908 5417 1023 5487 τὴν
1082 5417 1223 5489 γῆν,
1273 5418 1373 5475 καὶ
1432 5420 1731 5490 ἐμέθυσας
1782 5423 1997 5489 αὐτὴν.

408 5511 582 5569 Μετὰ
610 5510 709 5579 τὴν
735 5513 802 5563 ἐκ
830 5511 1168 5580 Βαϐυλῶνος,
1198 5514 1385 5583 φησιν,
1412 5512 1669 5567 ἐπάνοδον
1699 5515 1996 5569 ἀνιεὶάδου

409 5606 518 5675 τῆς
560 5604 850 5671 Ἰουδαίας,
891 5606 1357 5679 ἁποχερσωμένης
1403 5606 1532 5677 ἤδη,
1568 5606 1665 5663 καὶ
1720 5606 1998 5681 ἐμέθυσας

408 5697 597 5767 αὐτὴν
630 5696 797 5768 ὐετῷ.

506 5878 553 5912 ⁸³
587 5875 737 5933 Psal.
779 5893 907 5941 scn.
980 5914 999 5934 ο

2107 4675 2188 4728 les
2220 4685 2376 4726 terrae
2407 4678 2589 4737 partes
2618 4667 2948 4737 intelligunt.
3004 4663 3060 4718 In
3107 4664 3278 4719 altera
3328 4664 3473 4718 enim
3529 4672 3683 4731 parte

2109 4780 2270 4821 mane
2296 4764 2427 4818 oriri
2462 4762 2698 4824 videtur,
2739 4758 2796 4811 in
2847 4757 3013 4813 altera
3062 4757 3286 4826 prodire
3333 4770 3459 4810 nox.
3496 4753 3685 4809 incar‘

2107 4859 2329 4913 natione
2354 4865 2515 4926 atque
2558 4850 2973 4908 conversatione
3010 4856 3100 4903 tua
3131 4891 3144 4914 ,
3188 4849 3365 4919 inquit
3396 4887 3412 4915 ,
3446 4857 3554 4904 tam
3583 4862 3682 4903 eos

2109 4949 2469 5007 delectatione
2498 4944 2720 5007 adicies.
2751 4943 2842 5013 qui
2871 4942 3147 4996 Orientem
3177 4941 3427 4997 habitant
3456 4981 3473 5008 ,
3509 4956 3677 5011 quam

2107 5060 2202 5100 eos
2232 5043 2323 5113 qui
2357 5039 2727 5095 Occidentem.
2766 5035 2898 5100 Quae
2930 5045 3240 5104 sequuntur
3292 5035 3473 5103 primo
3523 5031 3677 5099 juxta

2108 5133 2353 5189 historiae
2371 5145 2590 5186 sensum
2614 5140 2976 5197 exponemus.
2998 5123 3357 5193 deindejuxta
3379 5137 3673 5194 anagogen.

2109 5225 2331 5293 Aptiora
2369 5221 2491 5283 bis.
2522 5232 2643 5288 qua:
2685 5232 2778 5285 per
2827 5228 3103 5284 anagogen
3145 5229 3161 5277 ;
3216 5211 3674 5282 quemadmodum

2109 5314 2256 5368 brevi
2292 5308 2628 5365 ostendetur.

2185 5425 2348 5480 Vnus.
2376 5424 2464 5477 40.
2506 5419 2750 5473 Visilastt'
2773 5429 2968 5470 terram
2997 5425 3047 5470 et
3076 5415 3347 5469 inebriasti
3373 5429 3509 5467 eam.
3545 5411 3680 5467 Post

2105 5517 2358 5579 reditum,
2390 5513 2590 5582 inquit.
2619 5527 2649 5565 e
2680 5508 2975 5579 Babylone,
2997 5519 3052 5561 tu
3090 5504 3542 5578 rcgionisJudmae
3579 5521 3675 5560 cn-

2105 5624 2220 5664 ram
2272 5604 2604 5675 suscepisti,
2655 5591 2776 5672 quae
2809 5600 2920 5669 jam
2970 5616 3107 5669 pene
3151 5607 3466 5657 exaruerat.
3518 5595 3677 5666 Aqua

2106 5700 2304 5756 etenim
2339 5705 2393 5752 et
2427 5696 2605 5767 pluvia
2636 5707 2753 5749 eam
2787 5690 3092 5747 incbriasti.
