4162 6288
420 408 529 475 645

1577 419 1723 480 COM
1736 413 1965 477 MENT.
2014 406 2095 470 IN
2132 407 2476 474 PSAIJllOS

3546 418 3656 481 645

419 526 609 598 φησὶν.
655 525 806 597 ἡμᾶς
845 529 1112 601 ἀνατολὴ
1143 533 1211 598 ἐξ
1258 533 1481 604 ὕψους)
1502 551 1515 564 °
1544 534 1643 588 καὶ
1670 533 1993 603 “’ἐμέουσιις

2106 530 2148 573 et
2181 536 2374 581 omnes
2411 533 2601 596 gentes
2629 524 2681 580 in
2711 541 2775 582 ea
2805 526 3112 585 habitantes
3152 527 3391 585 risitarit
3419 568 3434 595 ,
3486 540 3540 583 et
3592 532 3661 585 de

420 618 616 684 αὐτὴν
653 619 727 689 τῷ
749 620 877 689 οἴνῳ
897 623 997 692 τῆς
1023 625 1391 691 κατανύξεως,
1425 627 1500 691 ὡς
1536 628 1593 681 ἐν
1626 625 1704 696 τῷ
1732 630 1786 690 ς’
1820 626 1989 691 στίχῳ

422 710 520 765 τοῦ
560 711 639 763 νθ⁹
668 712 892 784 ψαλμοῦ
921 715 1067 771 κατὰ
1092 717 1389 790 ἀναγωγὴν
1432 717 1847 790 ὲξηγησάμεθα.
1906 716 1992 768 Ἐ-

425 802 709 874 πλήθυνας
733 808 833 877 τὴν
874 809 1241 880 εὐαγγελικὴν
1276 811 1521 883 ἁρδείαν,
1552 813 1639 865 ἵνα
1696 810 1992 881 πλουτίσῃς

422 894 523 967 τὴν
560 898 865 971 εἰρημένην
894 900 1002 972 γῆν
1033 903 1281 972 ἀρεταῖς.
1318 903 1571 974 Ποταμδς
1617 903 1676 957 δὲ
1706 902 1801 957 τοῦ
1856 901 1989 955 Θεοῦ

421 988 452 1041 6
481 986 677 1057 Σωτὴρ
707 990 866 1060 ἡμῶν
912 990 1137 1063 Ἰησοῦς.
1182 993 1395 1048 ’Ύδατα
1441 993 1500 1047 δὲ
1542 995 1600 1047 al
1656 991 1994 1047 διδασκαλίαι

426 1079 614 1134 αὐτοῦ.
644 1080 760 1137 τοῦ
776 1084 1045 1154 ποταμοῦ
1074 1086 1203 1155 γὰρ,
1233 1087 1389 1157 φησι,
1431 1086 1503 1141 τὰ
1552 1088 1862 1157 ὁρμήματα
1897 1088 1995 1142 εὑ-

422 1172 749 1243 φραίνουσι
788 1174 903 1243 τὴν
931 1180 1117 1233 πόλιν
1146 1180 1254 1234 τοῦ
1281 1180 1451 1246 Θεοῦ,
1472 1178 1548 1243 ὡς
1570 1181 1629 1235 ὲν
1655 1180 1733 1250 τῷ
1756 1177 1802 1246 ζ’
1829 1179 1995 1251 στίχῳ

425 1266 523 1322 τοῦ
550 1272 634 1336 με’
658 1267 882 1338 ψαλμοῦ
913 1270 1345 1345 πρώιελάϐομεν
1371 1290 1387 1306 ’
1419 1274 1529 1328 ἀπὸ
1563 1271 1753 1327 τούτου
1816 1273 1872 1327 δὲ
1899 1272 1994 1326 τοῦ

427 1358 682 1430 ποταμοῦ
714 1358 893 1433 ὀχετοὶ
942 1363 1243 1435 ἐρρύησαν,
1278 1366 1329 1419 oi
1365 1365 1694 1426 ἀπόστολοι.
1742 1366 1835 1420 καὶ
1896 1367 1995 1436 ἥρ-

424 1450 628 1506 δευσαν
659 1452 790 1525 ὃλην
814 1452 911 1526 τὴν
926 1456 1277 1527 οἰκουμένην.
1320 1456 1661 1529 Ἰἰτοίμασας
1693 1458 1751 1511 δὲ
1777 1458 1875 1527 τὴν
1907 1456 1997 1509 λοο

424 1542 589 1616 γικὴν
612 1544 823 1617 τροφὴν
855 1545 1037 1601 αὐτῶν
1069 1548 1181 1603 τῶν
1226 1548 1417 1605 ἐθνῶν.
1485 1548 1653 1614 Αὐτὸς
1692 1550 1801 1618 γὰρ
1828 1547 1998 1619 αὐτὴν

427 1637 727 1703 σκευάσας,
749 1638 837 1694 διὰ
859 1639 969 1694 τῶν
999 1639 1320 1711 θεοπρεπῶν
1335 1641 1643 1714 δογμάτων,
1674 1642 1997 1714 παρέδωκας

424 1730 544 1794 τοῖς
568 1729 893 1797 ἀποστόλοις
910 1731 1314 1803 ἐντειλάμενος,
1348 1734 1465 1799 πῶς
1489 1732 1573 1788 δεῖ
1613 1735 1837 1805 τρέφειν
1875 1752 1997 1787 πει-

2094 630 2203 685 quo
2232 615 2437 671 dictum
2471 626 2557 674 est
2582 623 2726 691 quod
2761 619 3003 675 Visitart't
3034 640 3126 677 nos
3150 625 3321 678 oriens
3349 640 3414 678 ex
3451 624 3563 680 alto
3591 625 3659 690 “';

2095 709 2188 777 qui
2214 710 2376 763 etiam
2405 710 2696 767 inebriavit
2714 723 2914 769 terram
2949 714 3074 769 vino
3094 716 3662 785 illocompuuctionis.

2096 797 2163 854 de
2198 817 2305 868 quo
2369 804 2425 858 in
2482 818 2640 860 sexto
2701 808 2972 862 versiculo
3031 808 3273 862 diximus
3322 810 3515 876 psalmi
3545 826 3655 870 tax.

2097 908 2320 950 sensum
2359 896 2637 954 tradentes
2701 900 3078 972 anagogicum.
3124 901 3495 972 Multiplieavit
3524 919 3665 974 pra-

2097 997 2243 1044 terea
2294 994 2667 1066 irrigationem
2697 994 3062 1064 evangelicam
3087 1034 3101 1057 ,
3138 1004 3198 1049 ut
3233 1003 3433 1050 terram
3486 996 3663 1052 illam.

2097 1098 2263 1151 quam
2314 1085 2609 1152 diximus,
2669 1086 2930 1140 virtutum
2996 1084 3267 1141 fructibus
3324 1085 3663 1140 fecundaret.

2097 1171 2327 1232 Flumen
2363 1187 2545 1233 autem
2610 1178 2702 1233 Dei
2756 1178 3011 1232 Salvator
3044 1186 3231 1233 noster
3268 1186 3346 1234 est
3373 1177 3532 1233 Iesus
3559 1218 3574 1241 ,
3611 1188 3668 1231 et

2100 1284 2254 1339 aquae
2310 1268 2551 1327 ﬂuminis
2622 1271 2952 1341 multiplices
3002 1280 3132 1326 sunt
3211 1270 3332 1340 eius
3380 1271 3665 1326 doctrinae.

2100 1358 2365 1418 Fluminis
2400 1365 2545 1418 enim
2568 1404 2583 1428 ,
2617 1365 2828 1436 inquit,
2875 1367 3093 1433 impetus
3125 1364 3361 1435 lwti/icat
3405 1365 3668 1419 eiritatem

2099 1451 2216 1518 Dei,
2249 1455 2705 1524 quemadmodum
2746 1457 2801 1510 in
2853 1472 2955 1510 ην
3012 1456 3260 1527 psalmo,
3304 1454 3575 1509 versiculo
3612 1454 3667 1522 '7,

2098 1544 2520 1603 declaravimus.
2561 1548 2645 1603 Ab
2676 1549 2778 1604 hoc
2806 1547 3033 1605 ﬂumine
3070 1550 3228 1604 rivuli
3264 1550 3483 1620 quidam
3504 1548 3674 1605 deﬁu-

2099 1652 2332 1709 Xerunt,
2363 1645 2535 1698 saneti
2576 1643 2836 1699 nimirum
2885 1646 3151 1713 apostoli,
3204 1645 3300 1715 qui
3357 1646 3668 1701 universam

2100 1738 2449 1807 postmodum
2469 1748 2668 1794 terram
2691 1737 3013 1809 irrigarunt.
3035 1735 3114 1792 Tu
3137 1739 3301 1793 etiam
3330 1738 3669 1808 praeparasti,

429 1822 610 1886 νὼσας
642 1821 823 1896 ψυχάς
852 1840 870 1855 ·
897 1823 981 1878 δτι
1003 1822 1177 1887 οὕτως
1207 1826 1414 1897 ἐστἰνὴ
1456 1825 1664 1896 ἀληθὴς
1710 1825 1998 1896 έτοιμασία

2106 1830 2300 1900 inquit,
2334 1829 2656 1885 rationalem
2690 1830 2911 1892 cibum,
2982 1829 3157 1885 sacris
3205 1844 3269 1885 ac
3326 1829 3526 1884 divinis
3572 1828 3674 1884 do-

429 1914 535 1986 τῆς
560 1913 825 1989 ἀληθινῆς
866 1914 1099 1987 τροφῆς,
1124 1914 1201 1981 ὡς
1227 1916 1390 1980 αὐτὸς
1414 1917 1741 1989 ἡτοίμασας,
1776 1919 1869 1970 καὶ
1898 1919 1999 1971 οὐκ

425 2008 628 2071 ἄλλως.
656 2006 901 2073 Δῦλακες
929 2008 987 2063 δὲ
1005 2007 1108 2080 τῆς
1123 2008 1459 2080 δηλωθείσης
1480 2014 1602 2080 γῆς,
1636 2012 1702 2063 τὰ
1725 2010 1860 2079 βοὶοη
1888 2012 1996 2065 τῶν

425 2101 671 2174 καρδιῶν
695 2102 807 2155 τῶν
835 2100 1163 2174 ἀνθρώπιον,
1196 2102 1263 2168 ἃς
1296 2101 1439 2171 ἄγαν
1471 2102 1802 2173 ἁρδευθῆναι
1821 2120 1999 2172 παρα-

426 2193 610 2259 καλεῖ,
641 2192 717 2258 ὡς
750 2193 1191 2266 ἐκϐακχευθῆναι
1220 2195 1357 2267 πρὸς
1384 2195 1475 2250 τὸν
1501 2197 1583 2260 είς
1604 2192 1739 2249 Θεὸν
1795 2197 1993 2266 ἔρωτα,

425 2288 527 2341 καὶ
548 2289 808 2357 ἐκστῆναι
841 2288 944 2358 μὲν
980 2288 1163 2361 πάσης
1191 2288 1560 2361 σκληρότητος
1584 2331 1600 2354 ,
1627 2290 1999 2360 ἁπαλυνοῆναι

424 2381 486 2434 δὲ
508 2380 645 2453 πρὸς
679 2382 1014 2453 ἡμερότητα.
1039 2382 1363 2455 Γεννήματα
1395 2384 1451 2436 δὲ
1488 2383 1659 2453 αὐτῆς
1690 2384 1745 2435 αί
1785 2384 1997 2454 ἀρεταὶ,

426 2476 507 2538 ὡς
545 2474 759 2546 καρπὸς
818 2475 922 2544 τῆς
968 2477 1227 2540 πίστεως.
1276 2475 1546 2543 Σταγόνες
1590 2476 1645 2529 δὲ
1694 2476 1889 2546 αὐτῆς,
1942 2481 1997 2531 αἱ

425 2567 542 2624 aut
574 2568 683 2622 τῶν
698 2568 1061 2623 διδασκαλιῶν
1089 2569 1383 2634 στάζουσαι
1402 2568 1645 2639 ψεκάδες
1699 2573 1798 2641 τῆς
1850 2572 2002 2625 διδα-

426 2665 535 2734 χῆς
556 2679 570 2693 ·
604 2662 637 2732 ἢ
664 2660 757 2715 καὶ
786 2659 856 2714 τὰ
887 2660 998 2715 ἀπὸ
1045 2660 1155 2716 τῶν
1178 2662 1341 2717 θείων
1366 2662 1599 2733 Γραφῶν
1623 2662 2001 2733 ὲκσταζόμενα

425 2755 704 2825 νοήματα,
734 2752 771 2807 ἃ
802 2756 896 2807 καὶ
932 2752 1007 2818 ὡς
1051 2752 1238 2824 δρόσος
1283 2754 1580 2821 πιαίνουσι,
1630 2754 1723 2823 ὑφ’
1781 2750 1856 2810 ὧν
1909 2757 2002 2810 εὐ-

426 2846 808 2919 φρανθήσεται
850 2845 1122 2900 θάλλουσα
1145 2848 1239 2899 καὶ
1276 2845 1619 2920 αὐξανομένη
1640 2864 1656 2879 ο
1697 2847 1792 2901 καὶ
1824 2851 2006 2902 ὲνιαυ·

423 2943 521 3007 τὸς
549 2942 651 3013 μὲν
676 2941 1064 3013 χρηστότητος,
1102 2943 1131 2994 ό
1167 2940 1535 3011 χρηστότατος
1565 2939 1759 3013 καιρὸς
1788 2942 1885 2995 τοῦ
1910 2959 2005 3016 κη-

425 3035 735 3106 ρῦγματος.
769 3034 1045 3104 Στέφανος
1067 3034 1126 3088 δὲ
1146 3032 1318 3089 αὑτοῦ
1345 3035 1373 3088 ό
1395 3034 1659 3105 Χριστὸς,
1686 3034 1762 3099 ὡς
1794 3035 2005 3106 κοσμή-

426 3148 535 3193 σας
561 3130 657 3182 καὶ
689 3128 1042 3199 καθωραῐσας
1066 3126 1232 3182 αὐτὸν
1258 3129 1317 3183 ὲν
1350 3126 1500 3201 ἔργῳ
1533 3129 1629 3182 καὶ
1655 3127 1823 3198 λόγῳ.
1860 3127 2005 3201 Πρὸς

2099 1921 2375 1993 gmatibus
2393 1923 2500 1976 tuis
2524 1921 2857 1990 conlectum,
2882 1932 2931 1977 et
2948 1921 3221 1977 tradidisti
3246 1937 3369 1975 eum
3388 1922 3673 1993 apostolis,

2101 2015 2321 2069 modum
2356 2016 2610 2070 nimirum
2648 2028 2711 2069 ac
2739 2016 3004 2071 rationem
3036 2014 3239 2070 docens
3266 2057 3279 2078 ,
3312 2015 3513 2082 quibus
3539 2029 3670 2070 csu-

2103 2110 2302 2163 rientcs
2337 2124 2558 2177 pascere
2608 2108 2821 2163 animas
2866 2116 3189 2177 oporteret:
3242 2108 3501 2177 quoniam
3558 2114 3672 2163 veri

2101 2204 2213 2258 cibi
2249 2204 2575 2271 praeparatio
2631 2202 2946 2268 hujusmodi
3006 2210 3129 2267 cst,
3190 2208 3247 2255 ut
3303 2217 3370 2256 eo
3415 2202 3670 2255 nimirum

2104 2296 2265 2350 modo
2306 2295 2651 2361 cenﬁeiatur,
2683 2309 2791 2364 quo
2818 2302 2873 2348 tu
2912 2294 3232 2367 praeparasti
3260 2303 3313 2349 et
3354 2309 3462 2349 non
3497 2294 3674 2349 aliter.

2102 2386 2204 2441 Per
2233 2387 2417 2443 sulcos
2447 2387 2608 2440 etiam
2654 2386 2799 2440 illius
2830 2393 2988 2439 terrae
3014 2424 3029 2447 ,
3068 2383 3335 2455 profunda
3392 2385 3672 2438 hominum

2103 2478 2268 2533 corda
2305 2478 2660 2548 intelligimus
2697 2497 2710 2532 :
2737 2493 2875 2547 quos
2898 2478 3085 2531 sulcos
3112 2477 3247 2532 adeo
3275 2477 3491 2547 irrigari
3520 2476 3676 2547 jubet

2102 2568 2395 2639 Propheta,
2428 2578 2483 2621 ut
2519 2569 2707 2622 divino
2736 2583 2922 2623 amore
2954 2568 3329 2630 inebrientur,
3379 2576 3547 2637 utque
3605 2568 3672 2621 ah

2102 2662 2250 2717 omni
2284 2661 2542 2716 recedant
2579 2660 2807 2725 duritie,
2830 2672 2886 2715 et
2917 2659 2982 2715 ad
3019 2658 3492 2713 mansuetudinem
3539 2658 3678 2713 mol-

2102 2755 2326 2809 llantur.
2357 2753 2612 2823 Eiusdem
2650 2762 2914 2824 praeterea
2948 2754 3192 2824 germina
3255 2754 3488 2809 virtutes
3521 2762 3674 2819 sunt,

2104 2846 2271 2903 veluti
2301 2847 2692 2916 elegantissimi
2745 2846 2869 2902 ﬁdei
2920 2845 3175 2913 fruetus;
3227 2854 3281 2902 et
3324 2858 3507 2918 guttas
3555 2846 3677 2915 eius

2104 2954 2200 2994 eas
2232 2954 2355 2995 csse
2396 2939 2770 3010 intelligimus,
2797 2955 2918 3010 (ιιιίη
2951 2954 2979 2993 a
3011 2938 3260 2994 doctrina
3316 2953 3487 2994 saera:
3542 2939 3673 2995 stil-

2107 3032 2220 3088 lant
2251 3033 2556 3103 disciplina:
2581 3071 2596 3096 ,
2628 3031 2709 3086 vel
2738 3032 3089 3088 sublimiorcs
3143 3047 3336 3089 sensus
3388 3047 3419 3087 a
3477 3032 3681 3087 divinis

2104 3131 2424 3177 emanantcs
2472 3121 2816 3192 Scripturis,
2858 3124 2951 3193 qui
3007 3124 3150 3177 roris
3203 3124 3378 3178 instar
3435 3121 3678 3178 ﬁdelium

423 3224 525 3276 τὸν
556 3222 779 3290 Πατέρα
802 3219 860 3274 δὲ
880 3219 975 3274 τὸν
1004 3219 1165 3289 λόγον
1221 3218 1481 3283 ἀνοίσεις.
1521 3220 1603 3274 ὅτι
1662 3219 2003 3291 εὖλογήσεις,

2107 3210 2322 3268 animas
2357 3212 2726 3283 impinguant,
2759 3223 2811 3268 et
2841 3221 3102 3284 praeterea
3133 3215 3335 3285 quibus
3367 3223 3512 3270 terra
3547 3214 3637 3269 illa
3659 3251 3679 3280 ,

424 3317 458 3368 ὃ
518 3316 695 3377 ἐστιν,
749 3312 1095 3384 εὗφημήσεις
1148 3313 1245 3366 καὶ
1301 3311 1633 3375 ἐπαινέσεις.
1688 3312 1844 3366 Οὕτω
1895 3310 2006 3383 γὰρ

425 3412 531 3462 καὶ
605 3407 913 3473 πεποίηκεν
974 3405 1189 3460 εἰπών’
1254 3400 1446 3470 Οὗτός
1504 3405 1678 3458 ἐστιν
1760 3408 1794 3459 ὁ
1873 3406 2007 3471 Υἱός

416 3518 549 3571 μου
610 3503 645 3555 ὁ
706 3498 1036 3569 ἀγαπητὸς,
1093 3498 1163 3553 ἐν
1224 3491 1274 3566 ᾧ
1338 3497 1681 3566 ηὑδόκησα.
1739 3500 1873 3571 Περὶ
1948 3501 2007 3554 δὲ

422 3593 548 3648 τῶν
578 3591 803 3657 πεδίων,
832 3592 928 3646 καὶ
960 3590 1069 3645 τῶν
1123 3590 1352 3661 βουνῶν,
1390 3591 1487 3644 καὶ
1554 3591 1664 3644 τῶν
1744 3591 2007 3646 κοιλάδων

420 3686 595 3755 ἁπλῷ
627 3684 777 3756 λόγῳ
828 3683 1030 3753 φαμὲν,
1089 3684 1172 3737 ὅτι
1232 3683 1594 3755 προαγορεύει
1663 3683 1723 3737 τὸ
1782 3683 2029 3754 Πνεῦμα

424 3781 496 3833 τὸ
569 3778 731 3845 ἅγιον
768 3778 843 3840 ὡς
896 3775 1004 3844 ἄρα
1070 3776 1179 3839 πᾶς
1258 3777 1427 3839 τόπος
1496 3774 1815 3839 ὑποδέξεται
1882 3778 2010 3839 τοὺς

424 3872 692 3934 πιστούς.
724 3869 806 3923 Τὰ
848 3867 1006 3923 πεδία
1049 3869 1171 3940 μὲν,
1221 3869 1352 3932 τοῦς
1405 3868 1700 3939 διληρικοῦς
1753 3869 1858 3922 τῶν
1915 3872 2009 3922 έκ-

427 3962 691 4034 κ).ησιῶν
722 3978 739 3994 ο
770 3962 841 4016 τὰ
865 3961 969 4033 ὅρη
990 3961 1069 4025 δὲ,
1099 3962 1225 4026 τοὺς
1296 3961 1665 4034 ἀναχωρητάς
1688 3980 1703 3994 ·
1765 3963 1824 4016 αἱ
1902 3980 2015 4017 κοι-

422 4057 597 4118 λάδες
643 4053 724 4116 δὲ.
770 4053 895 4117 τοὺς
942 4052 1325 4121 onmem;-
1386 4053 1436 4107 οἳ
1500 4054 1598 4109 καὶ
1644 4056 1835 4126 πιότης
1899 4059 2012 4120 τοῖς

420 4145 703 4210 τοιούτοις
731 4145 946 4200 ἔσονται
981 4146 1191 4210 τόποις,
1227 4147 1321 4199 καὶ
1344 4145 1687 4214 ἀγαλλίασις,
1717 4148 1812 4201 καὶ.
1841 4150 2009 4210 σῖτος·

424 4235 566 4294 Εἶεν
596 4238 641 4293 δ’
672 4238 739 4292 ἂν
766 4238 861 4291 καὶ
877 4236 1053 4301 ἄλλως
1082 4239 1241 4292 πεδία
1272 4240 1392 4309 μὲν,
1423 4240 1477 4293 αἱ
1507 4240 1770 4294 ταπειναὶ
1817 4240 2009 4311 ψυχαὶ,

420 4334 515 4404 τῷ
544 4331 720 4403 μηδὲν
750 4332 971 4400 φρονεῖν
1000 4329 1206 4401 ὑψηλόν
1240 4346 1255 4360 ο
1301 4331 1406 4404 ὅρη
1463 4331 1544 4398 δὲ,
1594 4334 1653 4386 αί
1698 4334 2012 4404 ἐπηρμέναι

419 4428 499 4495 τῇ
541 4423 750 4495 ματαίᾳ
777 4421 939 4494 σοφίᾳ
964 4438 980 4453 ο
1013 4422 1258 4484 κοιλάδες
1287 4422 1363 4490 δὲ,
1392 4424 1450 4478 αί
1472 4426 1555 4488 εἰς
1608 4424 1769 4496 βάθος
1827 4427 2012 4497 ἁμαρ-

418 4516 572 4571 τιῶν
600 4516 1066 4588 κατολισθήσασαι
1098 4534 1113 4549 ο
1151 4515 1331 4588 ὡραία
1354 4516 1411 4569 δὲ
1463 4516 1562 4587 τῆς
1628 4520 1755 4571 κατ’
1807 4520 2010 4590 ἀρετὴν

419 4610 652 4680 ἐρήμου
688 4608 818 4677 γῆς,
840 4608 895 4661 αἱ
927 4608 1226 4680 ἐπιτήδειοι
1251 4606 1425 4678 ψυχαὶ
1448 4609 1584 4680 πρὸς
1608 4612 2005 4683 καρποφορων·

417 4700 587 4765 κριοὶ
614 4698 675 4752 δὲ
706 4698 817 4751 τῶν
841 4697 1160 4770 προϐάτων,
1202 4700 1256 4753 οἱ
1302 4699 1615 4767 ἀπόστολοι,
1669 4702 1743 4765 ὼς
1793 4702 2013 4774 ἕξιρχοι

417 4791 549 4846 τῶν
612 4788 852 4859 λογικῶν
920 4789 1017 4843 τοῦ
1073 4789 1320 4858 Χριστοῦ
1398 4790 1759 4863 θρεμμάτων.
1820 4795 1871 4848 οἶ
1920 4796 2015 4849 καὶ

415 4880 765 4937 ἑνεδῠσαντο
809 4880 910 4951 τὴν
933 4876 1098 4953 χάριν
1137 4878 1231 4935 τοῦ
1259 4880 1418 4948 ἁγίου
1479 4883 1813 4957 Πνεύματος,
1845 4887 1904 4938 ὲν
1938 4884 2016 4956 τῷ

414 4971 618 5043 καιρῷ
636 4972 736 5042 τῆς
762 4971 1170 5041 Πεντηκοστῆς,
1214 4971 1357 5026 κατὰ
1378 4970 1440 5025 τό
1459 4987 1472 5003 ·
1520 4971 1719 5043 Ὑμεῖς
1756 4973 1826 5027 δὲ
1863 4979 2005 5031 καθ-

412 5069 609 5122 ida"
655 5063 728 5117 ἐν
762 5061 838 5131 τῇ
882 5062 1059 5117 πόλει
1101 5061 1511 5133 Ἰερουσαλὴμ,
1539 5061 1650 5131 ἕως
1690 5063 1765 5118 ἂν
1829 5065 2006 5121 ἐνδύ-

411 5154 633 5222 σησθε
660 5150 922 5219 δύναμιν
952 5151 1023 5216 ἐξ
1069 5150 1269 5219 ὕψους
1288 5166 1303 5182 ⁸
1332 5150 1368 5221 ἢ
1396 5153 1489 5205 καὶ
1520 5151 1570 5203 oi
1617 5153 1757 5206 κατὰ
1807 5155 2006 5219 τόπους

413 5242 727 5297 ἐπίσκοποι
745 5241 843 5295 καὶ
866 5238 1057 5309 ἱερεῖς,
1089 5240 1141 5292 οἳ
1175 5238 1492 5293 ἐνεδύσαντο
1542 5241 1633 5294 διὰ
1685 5242 1780 5295 τοῦ
1809 5242 2004 5312 βαπτί-

416 5349 649 5404 σματος
679 5334 773 5385 τὸν
801 5331 1039 5387 Χριστόν
1062 5348 1076 5361 ⁶
1111 5331 1287 5385 Ὅσοι
1316 5333 1445 5402 γὰρ,
1480 5335 1671 5403 φησιν,
1731 5336 1820 5400 εἰς
1867 5336 2001 5402 Χρι-

412 5423 593 5481 στὸν
620 5423 1046 5491 ἐϐαπτίσθητε,
1071 5421 1329 5491 Χριστὸν
1348 5423 1746 5480 ἐνεδύσασθε.
1778 5427 1898 5498 Χρὴ
1949 5427 2005 5479 δὲ

411 5519 523 5571 καὶ
569 5513 731 5567 τοῦτο
761 5515 960 5579 είπεὶν,
988 5514 1072 5567 ὃτι
1101 5512 1202 5583 οὐχ
1234 5513 1564 5583 εὑρίσκομεν
1599 5516 1721 5570 καθ’
1760 5520 2005 5589 ίστορίαν

412 5606 694 5677 τοιαύτης
718 5607 1051 5675 ἀξιωθέντας
1080 5606 1369 5678 εὐετηρίας
1422 5610 1547 5673 τοὺς
1606 5610 2002 5677 ἐπανελθόντας

530 5874 584 5906 ³³
615 5873 748 5931 Luc.
801 5889 846 5942 ι,
887 5872 977 5932 78.
1055 5878 1099 5909 "
1138 5876 1328 5932 Matth.
1390 5892 1475 5942 tu,
1514 5875 1597 5934 l7.

2040 4564 2090 4625 υ

2112 3318 2277 3373 quam
2307 3305 2541 3359 dicimus
2565 3348 2582 3374 ,
2612 3306 2927 3375 germinans
2959 3306 3253 3362 laetabitur.
3305 3308 3497 3363 Annus
3548 3305 3677 3361 item

2111 3394 2460 3466 benignitatis
2516 3399 2782 3469 optimum
2820 3398 3227 3470 prmdicationis
3263 3406 3478 3467 tempus
3507 3397 3682 3469 signi-

2113 3498 2260 3560 ﬁcat,
2295 3493 2455 3564 cujus
2488 3492 2617 3546 anni
2674 3506 2876 3547 corona
2930 3488 3185 3546 Christus
3236 3498 3361 3551 est.
3415 3504 3482 3545 eo
3529 3489 3678 3561 quod

2112 3587 2285 3656 ipsius
2323 3592 2530 3638 tantum
2560 3583 2765 3638 Christi
2794 3584 3145 3639 sermonibus
3202 3590 3364 3653 atque
3400 3582 3679 3653 operatio-

2111 3678 2274 3734 nibus
2302 3675 2707 3747 praedicationis
2738 3685 2951 3744 tempus
2982 3683 3233 3735 ornatur.
3262 3689 3325 3730 ac
3354 3673 3681 3730 decentissi-

2112 3789 2259 3826 mum
2300 3771 2563 3825 redditur.
2608 3769 2731 3824 Hmc
2765 3777 2944 3823 autem
2976 3769 3137 3824 verba
3170 3769 3235 3822 ad
3270 3768 3483 3822 Patrem
3535 3765 3681 3822 refc-

2113 3863 2279 3917 renda
2312 3872 2439 3917 sunt
2481 3880 2494 3914 :
2534 3861 2636 3925 Tu,
2672 3860 2866 3929 inquit,
2902 3860 3078 3924 Pater,
3112 3860 3160 3912 ei
3206 3858 3496 3915 benediees
3524 3897 3538 3917 ,
3580 3857 3683 3913 hoc

2112 3966 2219 4022 est,
2253 3956 2506 4010 laudabis
2536 3970 2681 4019 eum,
2719 3954 2865 4009 sicut
2910 3962 2963 4007 et
2998 3952 3191 4007 l‘ecisse
3226 3966 3351 4005 eum
3408 3951 3638 4021 legimus
3661 3989 3683 4018 ,

2112 4050 2330 4119 quando
2372 4048 2445 4101 ait
2477 4066 2489 4101 :
2526 4048 2629 4101 Hic
2662 4056 2737 4101 est
2776 4044 2949 4101 Filius
3003 4063 3147 4099 meus
3202 4045 3457 4111 dilectus,
3485 4046 3541 4098 in
3579 4060 3683 4116 quo

2116 4142 2244 4195 mihi
2269 4139 2564 4208 complacui
2597 4141 2662 4194 ²⁹.
2703 4138 2777 4194 De
2811 4140 3018 4207 campis
3058 4147 3236 4192 alitem
3264 4177 3279 4202 ,
3311 4138 3679 4207 collibusque,

2113 4242 2168 4290 et
2206 4232 2461 4296 vallibus,
2495 4233 2547 4285 in
2584 4246 2797 4286 summa
2831 4231 2881 4284 id
2933 4230 3224 4287 dicendum
3254 4231 3464 4284 videtur
3486 4269 3502 4293 ,
3538 4232 3682 4299 quod

2116 4325 2376 4379 universo
2413 4323 2504 4377 illo
2534 4338 2787 4378 sermone
2815 4324 2991 4378 sancti
3032 4322 3268 4392 Spiritus
3323 4324 3685 4376 annuntiatur

2114 4418 2405 4481 adventus,
2436 4431 2502 4471 eo
2534 4417 2679 4486 quod
2704 4454 2720 4481 ,
2747 4416 3068 4471 adveniente
3098 4416 3326 4487 Spiritu,
3354 4418 3471 4471 loca
3491 4417 3674 4470 omnia

2119 4510 2368 4566 ﬁdelibus
2385 4510 2640 4579 replenda
2664 4518 2852 4564 erant:
2873 4510 3049 4578 campi
3082 4508 3300 4577 quidem
3326 4509 3677 4563 ecclesiarum

2115 4604 2420 4668 ministris;
2452 4612 2666 4658 montes
2698 4610 2897 4668 autem,
2930 4601 3316 4667 anachoretis;
3354 4602 3523 4655 valles
3553 4616 3682 4655 vero

2113 4698 2181 4753 iis
2203 4697 2408 4752 sanctis
2434 4694 2528 4766 qui
2563 4696 2811 4749 habitant
2836 4694 2888 4748 in
2940 4694 3237 4765 speluncis.
3270 4694 3472 4749 Omnes
3503 4702 3679 4747 autem

2115 4788 2431 4859 huiusmodi
2464 4789 2648 4843 ﬁdeles
2678 4788 2950 4859 pinguedo
2969 4786 3214 4857 qumdam
3238 4796 3291 4842 et
3319 4785 3574 4840 fertilitas
3598 4787 3681 4839 his

2116 4883 2254 4938 locis
2289 4882 2452 4937 futuri
2483 4888 2659 4950 erant,
2690 4892 2744 4937 et
2764 4880 3189 4936 exsultationem
3213 4886 3378 4950 atque
3400 4878 3684 4934 abundan-

2123 4976 2254 5031 tiam
2292 4974 2608 5043 praestituri.
2653 4972 2749 5029 Vel
2790 4972 2949 5028 aliter
2973 5014 2989 5041 ,
3017 4988 3110 5041 per
3143 4986 3366 5042 campos
3398 5012 3414 5038 ,
3449 4973 3681 5025 humiles

2114 5067 2324 5122 animas
2358 5066 2660 5137 intelligere
2690 5082 3005 5134 possumus,
3032 5082 3152 5134 qua:
3174 5066 3409 5119 sublime
3431 5065 3567 5118 nihil
3592 5080 3684 5119 co-

2115 5158 2285 5228 gilant
2343 5174 2358 5213 :
2410 5169 2465 5211 et
2519 5173 2613 5226 per
2645 5166 2858 5211 mentes
2894 5197 2908 5222 ,
2940 5156 3197 5211 elatiores
3237 5156 3371 5209 alias
3400 5196 3415 5219 ,
3453 5172 3573 5225 qum
3614 5158 3678 5214 ad

2114 5252 2305 5305 inanes
2333 5248 2612 5303 doctrinas
2640 5259 2695 5303 et
2740 5250 2806 5302 ad
2840 5251 3166 5303 exteriorem
3202 5251 3340 5303 haue
3375 5250 3558 5303 mundi
3595 5264 3682 5303 sa-

2115 5341 2370 5411 pientiam
2403 5342 2625 5396 elevatae
2647 5348 2775 5395 sunt
2805 5356 2820 5405 ;
2860 5355 2953 5408 per
2981 5343 3150 5393 valles
3177 5355 3327 5403 vero,
3354 5340 3678 5409 dejectinrcs

2115 5435 2376 5505 quasdam
2412 5433 2623 5487 animas
2652 5475 2665 5497 ,
2694 5448 2813 5500 qua:
2872 5433 2925 5486 in
2960 5431 3287 5502 profundum
3331 5442 3678 5501 peccatorum

2114 5529 2381 5597 prolapsa:
2417 5535 2565 5581 sunt.
2616 5526 2871 5596 Speciosa
2913 5536 3090 5579 autem
3139 5525 3280 5580 illius
3333 5536 3528 5588 teme,
3561 5543 3683 5594 qua:

2114 5618 2329 5674 deserta
2361 5633 2482 5673 csse
2511 5617 2713 5674 dicitur
2746 5618 3039 5672 virtutibus
3076 5658 3088 5682 ,
3128 5617 3325 5671 animae.
3364 5618 3468 5671 illa:
3500 5629 3625 5672 sunt
3660 5659 3677 5682 ,
