4162 6288
438 337 540 402 649

1596 333 1808 394 COMM
1822 332 1987 393 ENT.
2017 324 2097 391 ΙΝ
2134 329 2499 392 PSALMOS.

3582 324 3692 389 650

512 448 681 507 Πᾶσα
710 449 747 516 ὴ
772 448 847 518 γῆ
877 465 979 516 πρ(
993 444 1479 511 σκυνησιὲτωσὰιο
1506 459 1624 508 σοι,
1658 444 1754 497 καὶ
1788 440 2017 511 dmuti-

2194 438 2360 495 Vens.
2391 438 2446 495 4.
2483 436 2671 492 Omnis
2717 442 2859 490 terra
2893 432 3077 490 adoret
3125 443 3195 499 te,
3243 442 3293 488 et
3335 434 3534 502 psallat
3582 439 3680 491 tibi

438 543 642 599 τωσάν
698 560 817 596 σοι.
880 539 1240 611 Ἐχδηλοτὲρα
1315 536 1423 591 τῶν
1464 536 1634 589 ἐθνῶν
1701 537 1735 605 ἡ
1795 534 2011 604 κλῆσις,

442 636 699 690 ἐνταῦθα.
720 635 1267 705 Προσκυνησὰτωσαν
1289 632 1346 684 δὲ
1375 630 1591 701 πρῶτον
1617 629 1981 696 ὑποταγέντες
1999 641 2015 657 ο

441 725 561 782 εἶτα
586 727 951 796 ’,ιραλλὰτωσαν
980 739 994 754 ·
1029 725 1365 795 προστάσσει
1406 722 1463 775 δὲ
1498 720 1661 775 τοῦτο
1699 719 2017 790 θαρσαλέως

442 822 471 873 ὁ
504 820 799 890 Προφήτης
846 812 935 869 οἷα
970 814 1535 888 πεπληροφορημένος
1582 812 1713 884 περὶ
1750 811 1845 865 τοῦ
1882 811 2022 883 πρά-

443 925 477 977 γ
486 926 676 979 ματος.

522 999 941 1055 Ψαλλάτωσαν
997 999 1076 1068 δὴ
1120 996 1200 1065 τῷ
1249 997 1495 1067 ὀνόματι
1542 1012 1697 1063 σου,
1752 999 2021 1068 Ὗψιστε.

446 1095 618 1148 Τοῦτο
644 1093 789 1147 ἔοικε
824 1093 901 1163 τῷ
926 1091 974 1144 δ’
999 1093 1168 1163 στίχῳ
1189 1090 1287 1145 τοῦ
1318 1091 1361 1145 θ’
1391 1090 1610 1163 ψαλμοῦ
1635 1106 1653 1123 ο
1701 1092 1807 1145 ὑπὸ
1838 1092 1895 1144 δὲ
1924 1090 2026 1159 τῆς

446 1187 589 1253 ἄγαν
639 1187 1024 1256 περιχαρείας,
1078 1185 1565 1254 ὑπομιμνήσκεται
1607 1183 1717 1239 τῶν
1758 1182 1854 1237 τοῦ
1887 1183 2025 1238 Θεοῦ

446 1273 774 1342 τεραστίων,
828 1274 921 1327 καὶ
983 1272 1419 1342 παρακελεύεται
1462 1275 1599 1327 πᾶσι
1649 1273 1878 1345 ψάλλειν
1930 1276 2029 1329 καὶ

446 1365 638 1435 ὑμνεῖν
669 1366 761 1418 τὸν
782 1366 1063 1437 λυτρωτὴν
1086 1365 1242 1420 Θεόν.

516 1456 696 1512 Δεῦτε
754 1458 854 1512 καὶ
886 1459 1042 1512 (dare
1076 1460 1149 1514 τὰ
1179 1461 1326 1531 ἔργα
1378 1460 1488 1515 τοῦ
1546 1458 1717 1516 Θεοῦ.
1765 1462 1829 1513 Ἀ
1893 1460 2030 1516 καθ-

445 1551 687 1621 εκάστην
747 1555 895 1606 ποιεῖ
951 1552 1296 1625 παραδόξως.
1352 1551 1623 1622 Συγκαλεῖ
1657 1553 1714 1608 δὶ
1744 1554 1925 1609 πάντα
1963 1556 2031 1609 τὰ

446 1648 574 1719 ἔθνη
590 1689 606 1702 .

528 1741 627 1805 Ὠς
650 1742 895 1811 φοϐερός
936 1742 1005 1794 ἐν
1033 1740 1296 1806 ,βουλαῖς
1338 1742 1491 1811 ὑπὲρ
1524 1742 1667 1809 τοὺς
1705 1741 1875 1808 υἱοὺς
1904 1740 2024 1796 τῶν

445 1833 987 1899 ἀνθρώπων.-Ἐν
1010 1834 1314 1905 μηχαναῖς
1346 1835 1607 1902 ἐξέδωκεν
1639 1838 1668 1889 ὁ
1699 1836 2013 1907 Σύμμαχος.

445 1926 584 1981 Λιαν
637 1923 733 1982 οὖν
786 1928 1021 1999 φοϐερὸς
1076 1930 1136 1981 ὲν
1201 1931 1495 2000 μηχαναῖς,
1556 1928 1643 1983 διὰ
1696 1927 1758 1982 τὸ
1812 1928 2021 1997 φοδερὰ

450 2021 836 2092 μηχανᾶσθαι,
884 2023 1014 2075 ὅταν
1060 2021 1220 2095 ἐθέλῃ
1302 2021 1476 2076 σῶσαι
1526 2020 1620 2075 τὸν
1666 2020 1796 2075 λαὸν
1832 2018 2018 2074 αὐτοῦ.

460 2115 657 2169 Ὃποῖα
710 2115 819 2186 γὰρ
876 2114 1018 2169 κατὰ
1065 2114 1177 2168 τῶν
1220 2114 1536 2185 Αἰγυπτῖων
1598 2115 2021 2186 ἐμηχανήσατοο

451 2208 621 2261 νικῶν
661 2207 749 2261 ἀεὶ
799 2209 867 2262 τὰ
909 2206 1225 2277 σοφίσματα
1267 2206 1365 2260 καὶ
1400 2208 1500 2271 τὰς
1544 2207 2027 2277 ἀντεπιχειρήσεις

449 2300 561 2355 τῶν
592 2298 921 2369 ἀνθρώπων.
956 2297 1090 2355 Εἶτα
1123 2299 1417 2369 καταλέγει
1446 2301 1516 2354 τὰ
1546 2298 1714 2353 πάλαι
1744 2296 2024 2367 θαύματα.

534 2483 601 2539 '0
655 2483 1085 2555 μεταστρέφων
1134 2483 1251 2551 τὴν
1308 2482 1635 2538 θάλασσαν
1685 2482 1773 2547 εἰς
1814 2480 2027 2550 ξηράν.

452 2576 625 2633 Τοῦτο
654 2578 878 2646 γέγονεν
913 2575 1007 2629 ἐπὶ
1052 2576 1152 2647 τῆς
1202 2575 1469 2647 Ἐρυθρᾶς
1519 2573 1795 2647 θαλάσσης
1823 2615 1839 2643 ι
1891 2573 1968 2638 ὡς
1996 2574 2032 2645 ἢ

455 2667 637 2737 βίϐλος
698 2668 797 2738 τῆς
870 2665 1084 2731 Ἐξόδου
1138 2666 1404 2721 διδάσκει.
1492 2667 1918 2738 Ἀντιχρονικῶς
1977 2665 2036 2719 δὲ

454 2756 632 2828 εἶπεν,
671 2760 736 2813 '0
762 2758 1211 2829 μεταστρέφων,
1229 2760 1351 2814 ἀντὶ
1379 2758 1497 2826 τοῦ,
1539 2758 1601 2814 Ὀ
1632 2757 2035 2830 μεταστρέψας.

539 2936 643 2992 Ἐν
678 2935 923 3007 ποταμῷ
945 2937 1365 2992 διελεύσονται
1401 2938 1558 2993 ποδί.
1606 2938 1717 2992 Καὶ
1753 2936 1912 2991 τοῦτο
1948 2937 2039 3007 γὲο

454 3048 613 3097 γονεν
642 3032 735 3085 ἐπὶ
763 3030 859 3085 τοῦ
904 3031 1191 3101 Ἰορδάνου,
1228 3030 1615 3101 διαϐαινούσης
1638 3031 1738 3098 τῆς
1769 3028 2041 3085 Κιϐωτοῦ.

2122 535 2337 589 Clarius
2362 541 2527 600 atque
2550 529 2794 599 apertius
2819 528 2909 583 ltic
2928 528 3160 583 traditur
3182 529 3420 599 gentium
3454 530 3693 586 vacatio.

2123 626 2372 680 Adurent
2400 633 2584 678 autem
2614 620 2819 693 primo,
2859 620 2965 675 hoc
2991 630 3102 685 est,
3146 620 3249 675 tibi
3299 621 3694 691 subjiciantur,

2124 726 2179 772 et
2206 716 2401 772 deinde
2452 714 2705 785 psallam.
2745 712 2968 768 Summa
2998 720 3178 768 autem
3210 712 3407 769 ﬁducia
3442 714 3555 769 lure
3580 715 3693 770 fieri

2127 810 2406 867 mandavit
2425 808 2719 880 Propheta,
2744 807 2910 863 veluti
2933 806 3026 878 qni
3048 813 3235 863 certus
3263 815 3381 861 erat
3416 805 3585 863 futuri
3609 809 3697 880 ju«

2126 901 2278 957 dicii.

2202 994 2448 1050 Psaliant
2476 996 2682 1051 nomini
2706 1005 2820 1062 tuo,
2866 993 3166 1048 Altissime.
3215 993 3405 1048 Simile
3433 1002 3517 1049 est
3549 994 3697 1065 quod

2127 1086 2364 1158 legimus
2416 1087 2471 1141 in
2533 1102 2587 1140 tv
2646 1084 3018 1141 versiculon
3051 1084 3271 1156 psalmi.
3334 1084 3450 1140 Prae
3500 1086 3698 1157 grandi

2127 1189 2313 1235 autem
2366 1181 2575 1247 laetitia,
2627 1179 3008 1236 reminiscitur
3061 1178 3435 1250 prodigiorum
3481 1178 3599 1243 Dei,
3648 1191 3706 1236 et

2130 1272 2362 1340 psallere
2388 1287 2581 1328 omnes
2615 1271 2792 1344 jubet,
2827 1286 2891 1327 ac
2928 1270 3327 1341 redemptorem
3366 1271 3536 1327 Deum
3586 1274 3703 1328 lau-

2129 1366 2287 1421 dare.

2205 1456 2374 1515 Vsus.
2414 1459 2469 1514 ὕ.
2517 1457 2695 1512 Venite
2716 1467 2764 1513 et
2786 1457 2954 1512 uidete
2987 1474 3144 1525 opera
3187 1455 3301 1511 Dei.
3330 1456 3463 1524 Quae
3503 1457 3707 1529 ubique

2131 1552 2377 1624 gentium
2410 1560 2673 1621 operatus
2706 1559 2812 1613 est,
2856 1566 3074 1604 sunuua
3119 1550 3486 1608 admiratione
3514 1550 3705 1623 digna.

2134 1648 2382 1699 Advocat
2410 1650 2597 1699 autem
2633 1642 2927 1698 universas
2964 1649 3174 1713 gentes.

2208 1737 2384 1803 Quam
2411 1734 2670 1790 terribilis
2702 1736 2758 1789 in
2785 1735 3022 1790 consiliis
3047 1750 3202 1804 super
3228 1735 3368 1806 ﬁlios
3412 1737 3705 1793 horninnm.

2122 1826 2489 1901 Symmachus
2535 1828 2778 1885 reddidit
2832 1829 2886 1882 in
2936 1827 3440 1883 machinationibus.
3477 1828 3709 1885 Multum

2124 1923 2290 1991 igitur
2323 1918 2581 1976 terribilis
2610 1919 2667 1975 in
2702 1919 3185 1976 macltinationbus
3220 1936 3284 1998 eo
3313 1921 3458 1991 quod
3498 1924 3714 1992 magnis

2123 2013 2453 2084 quibusdam
2511 2013 2764 2068 artiticiis
2820 2012 3017 2075 utitur.
3074 2013 3291 2084 quoties
3343 2014 3394 2069 ei
3442 2016 3715 2086 placuerit

2126 2108 2385 2179 populum
2430 2122 2591 2164 suum
2634 2109 2851 2163 salvare
2885 2126 2900 2163 :
2949 2107 3116 2164 veluti
3168 2122 3231 2163 ea
3266 2118 3396 2164 sunt
3435 2125 3558 2180 quae
3616 2110 3715 2164 ad—

2128 2216 2329 2256 versus
2368 2198 2658 2272 Egyptios
2689 2199 2996 2267 adinvcnit,
3031 2211 3264 2255 conatus
3286 2209 3449 2272 atque
3482 2202 3716 2258 astutias

2128 2308 2321 2349 omnes
2368 2293 2639 2348 humanas
2679 2308 2896 2363 semper
2941 2293 3189 2350 vincens.
3231 2294 3470 2366 Antiqua
3515 2295 3715 2353 deinde

2130 2389 2491 2444 cbnnunterat
2527 2387 2812 2441 miracula.

2215 2481 2381 2534 Vens.
2409 2479 2463 2534 6.
2512 2477 2619 2547 Qui
2658 2480 2911 2534 conuertit
2944 2497 3092 2536 mare
3117 2481 3176 2536 in
3203 2481 3436 2537 aridam.
3476 2482 3590 2539 ΙΙοο
3636 2485 3718 2539 fa-

2142 2580 2291 2628 ctum
2333 2574 2507 2627 estin
2554 2573 2689 2626 mari
2742 2571 2953 2639 Rubro,
3014 2584 3074 2628 ut
3124 2574 3361 2630 habetur
3414 2578 3468 2631 iu
3505 2575 3717 2633 Exodo.

2135 2666 2323 2719 Posuit
2346 2674 2525 2719 autem
2553 2674 2769 2735 tempus
2787 2681 2887 2737 pro
2905 2677 3167 2736 tempore.
3191 2666 3326 2721 Nam
3344 2669 3513 2725 dictio
3538 2712 3554 2734 ,
3578 2668 3720 2727 Con-

2139 2759 2316 2823 vertit,
2348 2759 2640 2829 praesentis
2688 2768 2774 2815 est
2838 2761 3102 2830 temporis
3164 2761 3287 2827 hic,
3315 2771 3373 2816 ut
3403 2777 3471 2819 ex
3531 2763 3721 2820 Graeca

2139 2850 2385 2905 dictione
2411 2849 2746 2921 perspicitur
2770 2891 2786 2915 ,
2820 2860 2873 2906 ct
2902 2852 3081 2921 posita
3109 2859 3195 2909 est
3228 2868 3325 2923 pro
3355 2857 3653 2925 praeterito.

2216 2941 2281 2996 In
2307 2940 2531 3011 [lumine
2552 2924 2953 3009 pertransibunt
2986 2948 3136 3011 pede.
3170 2942 3287 2999 Hoc
3338 2959 3471 3001 vero
3517 2946 3723 3001 accidit

2146 3036 2202 3091 in
2231 3034 2476 3091 Jordane
2517 3048 2644 3089 cum
2676 3034 2948 3089 transiret
2996 3036 3135 3090 Area
3163 3053 3178 3091 :
3206 3045 3264 3091 et
3290 3047 3506 3109 tempus
3554 3038 3720 3093 etiam

468 3126 810 3197 Ἀντιχρονία
839 3124 894 3178 δὲ
930 3124 1230 3191 κάνταῦθα,
1263 3127 1383 3179 ἀντὶ
1408 3124 1528 3188 τοῦ,
1557 3124 1786 3196 Διῆ>.θον
1820 3127 1869 3179 οἱ
1902 3124 2031 3195 πρό-

2147 3128 2251 3182 ltoc
2277 3128 2399 3181 loco
2441 3126 2626 3195 posuit
2670 3142 2771 3195 pro
2811 3134 3080 3196 tempore,
3140 3126 3571 3193 Pertransibunt,
3622 3145 3724 3199 pro

454 3234 606 3286 γονοι
652 3219 835 3288 ἡμῶν.
880 3219 1024 3273 Ποδὶ
1055 3218 1133 3286 δὲ,
1166 3220 1286 3272 ἀντὶ
1312 3219 1405 3271 τοῦ
1433 3262 1447 3284 ,
1479 3220 1646 3290 nam.
1682 3218 1935 3283 Πεζεύειν
1959 3218 2037 3286 δὲ,

455 3310 519 3363 τδ
551 3310 645 3365 διὰ
680 3310 855 3381 ξηρᾶς
881 3312 1106 3365 ὁδεύειν.
1134 3314 1248 3382 (25)
1282 3312 1402 3366 Τῶν
1447 3313 1588 3367 κατὰ
1633 3313 1733 3382 τὴν
1766 3312 1953 3367 ἄνοδον
1982 3313 2040 3367 δὲ

457 3403 795 3473 θαυμασίαν,
835 3406 1251 3477 ὑπομιμνήσκει
1291 3406 1383 3459 τὸν
1415 3406 1548 3459 Θεὸν
1583 3447 1597 3472 ,
1633 3406 1723 3459 διὰ
1758 3406 1856 3475 τὴν
1903 3422 2036 3474 προ·

2146 3218 2609 3285 Pertransierunl,
2647 3218 2882 3282 majores
2910 3219 3085 3275 nostri
3130 3220 3409 3275 nimirum.
3440 3220 3585 3277 Pede
3621 3237 3726 3277 au-

2151 3318 2282 3373 tem,
2317 3309 2421 3363 hoc
2447 3317 2552 3372 est,
2584 3309 2892 3379 pedestres.
2922 3307 2986 3361 Et
3017 3309 3147 3363 dum
3195 3310 3478 3379 pedestres
3536 3312 3715 3371 inces-

2150 3402 2291 3458 sisse
2329 3417 2427 3456 eos
2451 3399 2585 3457 dicit
2626 3416 2722 3471 per
2754 3400 2979 3467 numen,
3021 3418 3119 3473 per
3164 3404 3368 3459 siccam
3411 3420 3509 3462 eos
3534 3408 3727 3463 ambu-

456 3496 723 3568 κειμένην
754 3498 851 3550 καὶ
874 3498 1060 3562 αὐτοῖς
1078 3497 1289 3563 ἄνοδον,
1347 3500 1435 3551 ἵνα
1454 3498 1697 3569 συνήθως
1726 3499 1820 3551 καὶ
1853 3498 2031 3560 αὐτοῖς

2147 3495 2295 3550 lasse
2342 3493 2639 3565 significat.
2682 3490 2906 3549 Illorum
2951 3502 3135 3550 autem
3185 3496 3576 3553 miraculorum
3606 3515 3724 3557 me-

458 3588 667 3656 ταύτην
710 3588 1106 3660 Ἐξευμαρίσῃ.
1157 3590 1215 3645 Ὀ
1240 3595 1428 3660 μέντοι
1458 3590 1755 3662 Σύμμαχος
1798 3591 2039 3661 ἐτήρησε

457 3683 551 3733 σδν
564 3682 755 3752 χρόνον
781 3697 796 3711 ·
819 3682 1048 3746 ἐξέδωκε
1076 3685 1206 3754 γὰρ,
1223 3684 1288 3736 Ὀ
1305 3683 1661 3754 μεταϐαλὼν
1683 3683 1798 3754 τὴν
1818 3683 2045 3739 θάλασ-

458 3778 600 3826 σαν·
636 3772 731 3826 καὶ
762 3772 943 3839 πάλιν,
964 3774 1242 3844 Ηοταμύν
1278 3774 1589 3842 distinear.

2147 3586 2329 3652 minit,
2357 3601 2479 3656 quia
2506 3586 2560 3640 in
2580 3601 2646 3642 eo
2674 3587 2855 3642 reditu
2884 3585 3025 3641 facta
3043 3599 3407 3659 sunt,putans
3437 3601 3720 3661 gestarum

2149 3681 2266 3737 illic
2322 3695 2506 3735 rerum
2541 3680 2863 3735 memoriam
2913 3681 2981 3736 ad
3024 3690 3347 3751 praesentem
3402 3684 3637 3740 reditum
3667 3688 3724 3744 in

2152 3773 2385 3845 patriam
2418 3772 2718 3844 pertinere,
2754 3773 2883 3827 dum
2919 3774 3171 3842 exemplo
3191 3789 3405 3842 eorum,
3441 3793 3564 3849 qua
3590 3787 3723 3834 tunc

460 3877 611 3935 gesta
659 3878 809 3933 sunt,
867 3869 1170 3924 faciliorem
1205 3870 1352 3926 hunc
1397 3871 1630 3927 reditum
1669 3870 2031 3926 demonstrat.
2073 3868 2446 3940 Symmachus
2513 3882 2647 3923 vero
2715 3868 2803 3922 ltic
2852 3875 3068 3938 tempus
3126 3871 3385 3937 servavit,
3438 3877 3722 3940 transtulit

460 3961 690 4025 ctenim,
732 3961 838 4027 Qui
880 3965 1259 4017 transmutavit
1298 3980 1445 4018 mare
1473 3965 1525 4017 in
1556 3964 1812 4031 aridam;
1847 3966 1975 4019 item
2017 3983 2033 4021 :
2078 3962 2304 4016 Flumen
2345 3962 2796 4032 pertransierunt.

541 4055 705 4109 Ἐκεῖ
720 4060 1259 4129 εὐφρανθησόμεθα
1276 4058 1370 4113 ἐπ’
1393 4059 1552 4124 αὐτῷ
1582 4058 1661 4124 τῷ
1686 4058 2037 4119 δεσπόζοντι

457 4147 530 4201 ἐν
566 4146 640 4213 τῇ
673 4147 1006 4217 δυναστείᾳ
1044 4150 1231 4206 αὑτοῦ
1274 4152 1380 4206 τοῦ
1427 4154 1667 4221 αἰῶνος.
1712 4152 1890 4220 Ἐκεῖ,
1911 4155 2035 4206 ἀντὶ

458 4237 578 4297 τοῦ,
596 4238 683 4290 Ἐν
711 4238 789 4309 τῷ
818 4240 991 4311 τόπῳ,
1022 4242 1103 4304 εἰς
1128 4242 1188 4295 δν
1220 4243 1578 4313 ἐπειγόμεθα.
1612 4244 1943 4298 Δυναστειαν
1974 4243 2033 4296 δὲ

460 4329 596 4382 Θεοῦ
631 4330 881 4399 νοοῦμεν,
916 4332 1015 4403 τὴν
1042 4335 1273 4404 ἄπειρον
1309 4334 1404 4387 καὶ
1457 4336 1831 4389 ἀνυπόστατον
1866 4335 2032 4389 δύνα-

464 4441 579 4490 μιν.
610 4422 876 4488 Δεσπόζει
907 4424 965 4478 δὲ
1007 4427 1035 4479 ὁ
1071 4426 1206 4489 Θεὸς
1236 4427 1330 4481 καὶ
1359 4426 1454 4480 τοῦ
1491 4431 1760 4498 παρ-ιντος
1810 4431 1903 4483 καὶ
1939 4427 2035 4483 τοῦ

466 4515 751 4587 μέλλοντος
779 4517 999 4585 αἰῶνος,
1028 4518 1102 4582 ὼς
1134 4519 1441 4590 ἀπέραντον
1470 4519 1610 4591 ἔχων
1635 4520 1934 4591 βασιλείαν.

539 4698 602 4749 Οἱ
639 4696 936 4766 ὀφθαλμοὶ
971 4695 1158 4750 αὐτοῦ
1184 4698 1283 4751 ἐπὶ
1314 4700 1383 4753 τὰ
1406 4701 1553 4767 ἔθνη
1580 4699 2035 4754 ἐπιϐλέπουσιν.

476 4788 566 4849 '0;
589 4787 878 4857 μέλλοντος
909 4789 1049 4842 αὐτὰ
1073 4790 1501 4860 κληρονομῆσαι,
1525 4790 1619 4844 καὶ
1647 4789 2038 4844 οἰκειώσασθαι

464 4878 554 4931 διὰ
580 4879 844 4942 πίστεως.
871 4880 1106 4949 Νόησον,
1155 4881 1399 4943 ἰουδαῑε,
1427 4882 1512 4934 ὅτι
1551 4881 1888 4953 μετέστησεν
1930 4881 2039 4935 ἀπὸ

469 4970 566 5025 σοῦ
598 4971 699 5043 τὴν
738 4972 1045 5043 ἐπισκοπὴν
1072 4973 1263 5029 αὑτοῦ.

544 5157 609 5208 οὶ
639 5155 1215 5221 παραπικραίνοντες
1241 5154 1327 5222 μὴ
1357 5154 1771 5221 ὑψούσθωσαν
1798 5152 1871 5205 ἐν
1901 5152 2041 5207 ἐαυ-

468 5246 614 5313 τοῒς.
681 5248 883 5300 Λοιπὸν
931 5249 979 5300 0t
1058 5248 1324 5308 Ἰουδαῖοι,
1385 5248 1460 5317 μὴ
1507 5246 1930 5315 ὲπαιρέσθωσαν
1984 5246 2040 5299 ὲν

472 5340 680 5402 αὐτοῖς.
744 5340 955 5407 Ἠγουν
1013 5339 1149 5407 παρ’
1179 5340 1414 5401 ἑαυτοῖς,
1469 5338 1545 5400 ὡς
1604 5338 1754 5405 μόνοι
1800 5337 1878 5408 τῷ
1922 5337 2043 5405 Θεῷ

471 5432 866 5500 γινωσκόμενοι
889 5450 901 5462 ·
925 5434 1148 5494 τοίτους
1165 5431 1273 5500 γὰρ
1295 5430 1442 5497 λέγει
1461 5432 2003 5500 παραπικραίνοντας
2024 5471 2039 5495 ,

469 5524 544 5588 ὡς
570 5523 657 5577 ἀεὶ
701 5524 1071 5592 γογγύζοντας
1141 5525 1235 5577 καὶ
1282 5522 1664 5592 ἀντιλέγοντας
1690 5538 1702 5550 °
1742 5522 1835 5575 καὶ
1891 5523 2043 5575 ἄλλοι

2071 4587 2117 4641 ι)

2216 4053 2386 4112 Vens.
2425 4058 2477 4112 7.
2509 4055 2594 4109 Ibi
2644 4056 2967 4110 lwtabuntur
3014 4059 3069 4111 in
3120 4059 3237 4128 ipso
3280 4060 3611 4130 dominante,
3662 4065 3719 4118 in

2139 4157 2416 4218 potentatu
2450 4163 2545 4203 suo
2599 4148 2805 4203 swcuti.
2857 4149 2959 4214 lbi,
2998 4143 3237 4219 lioc'est,
3274 4152 3330 4207 in
3360 4169 3428 4210 eo
3474 4156 3598 4213 loco
3649 4160 3721 4212 ad

2141 4256 2306 4312 quem
2353 4241 2704 4297 festinamus.
2736 4240 2841 4297 Per
2868 4253 3210 4310 potentatum
3244 4261 3378 4301 vero
3422 4247 3542 4314 Dei,
3574 4250 3719 4304 divi-

2143 4350 2270 4389 nam
2322 4334 2582 4404 intelligit
2610 4335 2937 4404 potentiam,
2972 4339 3137 4394 veluti
3175 4338 3528 4405 immensam,
3551 4350 3717 4411 atque.

2142 4427 2425 4483 invictam.
2487 4425 2819 4481 Dominatur
2853 4436 3034 4483 autem
3092 4426 3239 4484 Deus
3296 4437 3406 4485 tam
3460 4432 3721 4501 praesenti

2143 4535 2311 4591 quam
2342 4518 2529 4573 futuro
2552 4518 2778 4584 saeculo,
2809 4520 2981 4575 veluti
3032 4521 3101 4587 is,
3132 4522 3294 4592 cujus
3331 4538 3559 4595 regnum
3594 4524 3719 4581 inii-

2148 4613 2320 4667 nitutn
2353 4622 2458 4668 est.

2223 4702 2377 4758 Oculi
2409 4704 2527 4775 ejus
2553 4705 2607 4759 in
2630 4712 2807 4776 gentes
2834 4708 3156 4776 respiciunt.
3191 4707 3478 4782 Tanquam
3530 4713 3597 4769 ad
3624 4730 3721 4771 cos

2150 4810 2294 4864 quos
2328 4794 2383 4849 in
2438 4796 2814 4851 hatreditatem
2849 4806 2936 4852 est
2963 4814 3349 4869 possessurus,
3386 4815 3441 4859 et
3473 4806 3724 4862 vindica-

2149 4896 2310 4943 turus
2343 4903 2437 4959 per
2473 4889 2657 4943 ﬁdem.
2694 4888 2976 4960 Agnoscas
3033 4892 3224 4961 igitur,
3275 4908 3310 4947 ο
3336 4892 3547 4962 .ludnee,
3580 4912 3727 4966 quo-

2154 4980 2318 5035 modo
2370 4983 2768 5049 protectionem
2800 4992 2853 5035 et
2879 4982 3189 5037 custodiam
3224 5000 3381 5039 suam
3418 4985 3561 5044 Deus
3599 5006 3629 5043 a
3671 5001 3725 5045 to

2154 5072 2351 5127 avertit
2381 5074 2458 5142 (et
2487 5072 2552 5125 ad
2582 5082 2773 5142 gentes
2801 5074 3126 5141 transtulit).

2226 5164 2329 5228 Qui
2379 5175 2715 5230 exasperant,
2779 5180 2878 5217 non
2940 5167 3244 5220 exaltentur
3299 5172 3349 5222 in
3403 5174 3723 5242 semetipsis.

2157 5253 2312 5321 Quod
2340 5254 2609 5323 reliquum
2648 5264 2755 5320 est,
2808 5256 3009 5326 inquit,
3048 5256 3217 5313 Judaei
3264 5261 3319 5314 in
3349 5264 3568 5333 seipsis,
3620 5267 3725 5322 hoc

2151 5354 2254 5409 est,
2295 5346 2437 5414 apud
2477 5345 2691 5415 seipsos
2721 5362 2829 5400 non
2879 5349 3184 5413 eleventur.
3241 5356 3398 5423 quasi
3457 5359 3562 5410 suli
3612 5359 3714 5427 ipsi

2152 5437 2284 5501 sint,
2324 5438 2415 5505 qui
2450 5451 2479 5489 a
2514 5437 2621 5491 Deo
2670 5439 2781 5492 sint
2830 5443 3057 5509 cogniti.
3093 5443 3497 5501 Exacerltautes
3533 5459 3719 5506 autem

2153 5543 2248 5583 eos
2275 5528 2535 5597 appellat,
2571 5529 2738 5585 veluti
2774 5533 2868 5600 qui
2921 5548 3143 5602 semper
3168 5538 3591 5594 murmurabant
3621 5541 3723 5597 adu

1809 5638 2007 5699 Varia}
2046 5639 2372 5704 lectiones.

549 5743 660 5811 (25)
696 5741 770 5794 Ad
806 5740 1031 5793 veritum
1064 5759 1076 5793 :
1112 5740 1190 5792 Ea
1236 5756 1393 5808 porro
1444 5740 1706 5793 miracula
1739 5755 1854 5811 qua:
1906 5742 1959 5791 in
1986 5757 2045 5793 eo

477 5810 650 5871 reditu
675 5815 820 5882 [acta
852 5821 974 5864 sunt
1002 5813 1055 5863 in
1079 5814 1384 5864 memoriam
1412 5821 1617 5865 revocat
1645 5811 1772 5873 Deo,
1805 5810 1867 5863 ob
1907 5812 2049 5864 redi-

711 5912 991 5972 PATROL.
1024 5915 1144 5974 Gn.
1177 5912 1271 5971 CX
1288 5910 1511 5972 XVI”.

2160 5756 2270 5827 tum
2298 5752 2347 5797 et
2383 5745 2512 5826 ipsis
2536 5747 2969 5827 propositum,_nt
2997 5750 3067 5802 ad
3096 5751 3232 5804 illud
3260 5758 3546 5823 exemptum
3576 5775 3722 5827 prte-

2156 5823 2352 5868 sentem
2385 5818 2513 5884 ipsis
2536 5820 2761 5873 reditum
2797 5818 3005 5879 facilem
3041 5830 3265 5883 sternet,

3212 5917 3279 5981 et
