4082 6264
512 372 621 441 655

1720 370 2113 431 EUTIIYMII
2159 368 2523 432 ZlGABENI

3661 369 3766 431 656

510 508 645 547 vero
679 498 786 555 est,
826 487 972 561 quod
1032 487 1377 559 prmpositio,
1439 486 1556 553 sub,
1608 488 1791 558 posita
1853 495 1937 540 est
1992 498 2074 554 νγ(

2193 484 2462 555 τηρητέον
2516 483 2698 559 δὲτὴν
2728 483 2850 541 ὑπὸ
2884 482 3161 557 πρόθεσιν,
3184 481 3304 537 ἀντὶ
3334 482 3427 552 τῆς
3453 482 3522 535 ἐν
3556 484 3769 540 πάντως

514 583 905 655 przepositione
955 583 1037 649 in,
1068 596 1133 636 ac
1160 584 1205 637 si
1239 581 1489 637 diceret:
1538 580 1599 635 In
1627 579 1811 650 lingua
1844 594 2001 646 mea;
2033 588 2087 634 et

511 678 691 733 simile
716 685 823 741 est,
852 674 997 746 quod
1028 676 1158 731 alibi
1187 675 1424 745 legimus
1450 689 1465 727 :
1502 670 1610 729 Sub
1638 674 1825 744 lingua
1855 673 1970 741 ejus
2001 673 2084 726 la-

508 769 605 825 bor
656 777 705 824 et
744 770 897 825 dolor
925 770 992 836 ⁸¹;
1031 769 1161 825 item
1190 781 1207 822 :
1241 765 1508 823 Venenum
1538 766 1783 832 aspidum
1802 767 1896 820 sub
1928 765 2085 820 labiis

507 878 689 917 eorum
715 861 782 918 ³³.

581 958 747 1013 Vens.
791 956 877 1011 18.
923 956 1252 1025 lnjustitiam
1305 955 1354 1010 si
1397 955 1579 1024 aspexi
1624 956 1681 1010 in
1739 954 1897 1010 corde
1946 970 2083 1020 meo,

505 1065 613 1105 non
656 1050 910 1105 exaudiat
952 1066 1034 1105 me
1067 1048 1347 1104 Dominus.
1384 1045 1639 1114 Quando,
1679 1048 1880 1117 inquit,
1913 1045 2081 1101 Deum

507 1142 792 1215 rogabam,
823 1142 1094 1211 iniustum
1126 1150 1260 1196 tunc
1288 1151 1385 1196 aut
1422 1141 1672 1211 iniquum
1708 1138 1992 1209 quippiam
2026 1137 2081 1192 in

506 1234 671 1290 corde
722 1248 845 1291 meo
891 1248 1000 1289 non
1053 1232 1520 1297 considerabam,
1574 1231 1932 1302 sermonique
1980 1244 2084 1286 suo

506 1326 779 1398 Propheta
833 1325 996 1381 (idem
1046 1322 1281 1388 faciens,
1328 1338 1425 1394 per
1455 1322 1933 1393 imprecationem,
1967 1322 2079 1377 ait:

506 1418 563 1473 Si
597 1417 916 1488 huiusmodi
958 1414 1194 1485 alicujus
1225 1414 1304 1470 rei
1333 1413 1465 1468 mihi
1496 1413 1573 1467 fui
1605 1412 1893 1477 conscius,
1935 1428 2079 1467 nun-

499 1524 665 1579 quam
704 1523 791 1565 me
816 1508 1181 1580 imposterum
1217 1503 1361 1561 Deus
1392 1504 1671 1570 exaudiat,
1703 1504 1926 1577 quando
1952 1519 2078 1559 eum

499 1599 796 1657 invocabo.

570 1693 741 1748 Vsus.
782 1690 873 1746 l9.
932 1689 1225 1761 Propterea
1272 1688 1540 1746 exaudivit
1596 1705 1679 1744 me
1732 1687 1895 1746 Deus.
1938 1686 2081 1755 Quo-

500 1783 651 1841 niam
684 1782 897 1840 scilicet
927 1797 1067 1853 puro
1100 1797 1167 1839 ac
1197 1782 1404 1839 mundo
1436 1782 1606 1838 corde
1650 1782 1700 1837 ei
1752 1797 1949 1853 preces
1979 1783 2081 1838 oh-

499 1879 625 1935 tuli.
682 1877 741 1933 Si
785 1876 994 1948 aliquid
1043 1878 1113 1933 ab
1162 1892 1229 1933 eo
1263 1878 1433 1948 igitur
1464 1878 1819 1932 consecuturi
1862 1891 2075 1942 sumus,

499 1972 709 2028 munda
742 1986 847 2028 nos
873 1983 999 2027 cum
1045 1970 1393 2027 conscientia
1418 1975 1639 2041 oportet
1672 1968 1740 2023 ad
1778 1984 1905 2025 eum
1950 1984 2071 2040 sup-

498 2063 768 2135 plicantes
800 2060 1086 2119 accedere.

570 2155 808 2211 Intendi:
836 2156 950 2211 voci
1008 2153 1267 2209 orationis
1296 2167 1448 2207 mea.
1485 2150 1678 2207 Simile
1706 2162 1792 2208 est
1819 2151 1965 2223 quod
1994 2152 2077 2207 le-

498 2251 681 2321 gimus
714 2250 771 2303 in
806 2247 974 2304 tertio
1005 2246 1286 2304 versiculo
1316 2246 1496 2317 quinti
1527 2245 1745 2316 psalmi.

568 2338 740 2397 Vens.
778 2334 869 2395 20.
912 2338 1228 2394 Benedictus
1281 2336 1418 2393 Deus
1465 2337 1557 2408 qui
1590 2353 1693 2392 non
1722 2338 1914 2393 amovit
1945 2353 2075 2392 ora-

500 2435 691 2489 lionem
727 2447 920 2486 meam.
946 2432 989 2484 Α
1033 2444 1116 2496 se,
1163 2430 1412 2499 inquam.
1444 2442 1565 2484 eam
1601 2444 1713 2484 non
1741 2429 1967 2482 amovit.

570 2521 637 2576 Et
670 2521 1089 2577 misericordiam
1118 2535 1271 2575 suam
1301 2534 1335 2572 a
1364 2533 1465 2573 me.
1512 2520 1555 2572 A
1585 2519 1863 2574 communi
1904 2534 2071 2574 sensu

493 2615 827 2672 sumendum
860 2623 945 2669 cst
973 2613 1201 2669 verbum
1232 2630 1246 2666 :
1279 2610 1400 2665 Non
1431 2613 1651 2678 amovit,

528 2710 595 2765 In
634 2710 791 2780 ﬁnem
834 2708 888 2761 in
929 2706 1136 2777 hymnis
1180 2703 1427 2759 Psalmus
1467 2704 1677 2759 Cantici
1708 2705 1811 2775 ipsi
1849 2705 2042 2761 David.

1010 2883 1333 2941 PSALMUS
1371 2882 1559 2939 LXVI.

568 2982 634 3035 In
669 2980 826 3049 ﬁnem
862 2978 1212 3041 inscribitur,
1264 2976 1525 3047 quoniam
1574 2975 1668 3033 Dei
1701 2975 1865 3032 Verbi
1893 2976 2074 3031 incar-

495 3073 774 3127 nationem
812 3069 1082 3141 praedieit,
1110 3067 1178 3122 ad
1206 3068 1367 3137 cuius
1399 3067 1561 3124 linem
1593 3068 1875 3137 respicere
1904 3070 2073 3124 lecto-

2190 577 2471 647 κειμένην,
2527 572 2641 631 οἷον
2700 577 2788 631 Ἐν
2815 581 2883 646 τῇ
2921 576 3141 647 γλώσσῃ
3175 594 3277 646 μτιυ
3312 591 3326 606 ο
3361 576 3603 629 τοιοῦτόν
3652 580 3768 631 ἐστι

2188 669 2284 723 καὶ
2313 670 2372 722 τό
2395 686 2408 700 ·
2454 670 2591 724 Ύπὸ
2633 670 2753 739 τὴν
2774 668 3068 739 γλῶσσαν
3098 668 3287 723 αὐτοῦ
3316 670 3507 735 κόπος
3539 669 3641 723 καί
3666 672 3774 725 πό-

2186 776 2294 826 νος
2312 777 2325 793 ·
2356 760 2453 813 καὶ
2476 761 2537 815 τό
2560 777 2576 795 ο
2620 759 2727 827 ’1ος
2757 760 3038 817 ἀσπίδων
3062 762 3181 815 ὑπὸ
3208 761 3277 815 τὰ
3307 762 3480 829 χείλη
3502 775 3643 827 σου,
3678 762 3770 814 καὶ

2187 852 2256 905 τὰ
2279 851 2527 906 τοιαῦτα.

2270 945 2530 1001 Ἀδικίαν
2550 949 2601 1002 ει
2648 946 2943 1016 ἐθεᾰψουν
2972 946 3043 999 ὲν
3069 944 3285 1015 καρδίᾳ
3330 962 3472 1015 μου,
3516 945 3604 1016 μὴ
3644 948 3770 1001 εισι

2184 1036 2503 1091 ακουσάτω
2532 1038 2769 1106 Κύριος.
2821 1037 2945 1091 Ὅτι
2999 1036 3080 1101 δὲ,
3112 1036 3271 1107 φησὶ,
3297 1036 3495 1090 τοῦτον
3522 1038 3768 1106 παρεκά-

2185 1124 2333 1190 λουν,
2359 1124 2461 1178 οὐκ
2493 1124 2766 1196 ἐθεώρουν
2797 1128 2855 1180 ὲν
2883 1128 2949 1197 τῇ
2981 1126 3179 1198 καρδίᾳ
3206 1143 3333 1197 μου,
3363 1126 3565 1180 κακίαν
3608 1128 3763 1182 τινὰ·

2184 1218 2279 1271 καὶ
2304 1216 2591 1271 πιστοῦται
2621 1220 2713 1271 τὸν
2738 1218 2896 1287 λόγον
2927 1216 3308 1289 ἐπαρώμενος,
3332 1220 3437 1285 ὅτι,
3460 1222 3521 1274 Ei
3554 1221 3763 1288 συνεγί-

2182 1328 2391 1366 νωσκον
2412 1312 2550 1383 αὐτῇ
2573 1312 2823 1367 τοιοῦτόν
2849 1330 2923 1379 τι,
2958 1311 3036 1384 μὴ
3085 1314 3467 1368 εἰσακουσὰτω
3518 1332 3622 1385 μου
3655 1314 3767 1371 Κύ-

2182 1423 2299 1475 ριος
2328 1405 2421 1461 τοῦ
2452 1404 2667 1473 λοιποῦ,
2697 1405 2890 1471 ὁσάκις
2936 1405 3004 1460 ἂν
3038 1405 3201 1462 αὐτὸν
3248 1406 3693 1479 ἐπικαλέσωμαι.

2255 1681 2362 1736 Διὰ
2391 1680 2570 1736 τοῦτο
2602 1679 2939 1752 εἰσήκουσέ
2964 1697 3087 1751 μου
3120 1682 3154 1735 ό
3206 1681 3371 1747 Cede.
3425 1679 3573 1734 Διότι
3627 1680 3769 1750 μετὰ

2181 1775 2430 1846 καθαρᾶς
2447 1774 2675 1846 καρδίας
2703 1774 2954 1845 ἐδεόμην.
2992 1774 3115 1845 Χρὴ
3147 1773 3206 1828 δὲ
3232 1776 3329 1828 καὶ
3355 1776 3529 1845 ἡμᾶς,
3554 1774 3605 1826 εί
3641 1773 3768 1843 μὲλ-

2180 1867 2368 1937 λοιμεν
2393 1868 2790 1939 ἐπιτυγχάνειν
2840 1867 2977 1939 (ἳθ),
3012 1868 3151 1939 μετὰ
3183 1866 3429 1940 καθαροῦ
3460 1866 3767 1930 συνειδότος

2179 1959 2525 2030 παρακαλεῖν
2546 1959 2638 2015 τὸν
2670 1959 2807 2014 Θεόν

2247 2146 2568 2215 Προσέσχσ
2602 2145 2678 2216 τῇ
2702 2145 2878 2217 φωνῇ
2926 2145 3038 2216 τῆς
3067 2143 3337 2215 ὃεήσεώς
3358 2162 3501 2214 μου.
3538 2143 3769 2215 Ὀμοιὸν

2176 2239 2295 2291 ἐστι
2317 2237 2399 2310 τῷ
2417 2237 2589 2309 τρίτῳ
2615 2239 2785 2309 στίχῳ
2815 2237 2909 2292 τοῦ
2945 2238 3203 2308 πέμπτου
3257 2235 3499 2307 ψαλμοῦ.

2247 2328 2596 2399 Εὐλογητὸς
2648 2332 2681 2383 ό
2730 2330 2873 2395 Θεὸς
2902 2371 2917 2397 ,
2990 2329 3060 2396 ὃς
3114 2330 3228 2384 οὐκ
3275 2328 3590 2396 ἀπέστησε
3648 2326 3768 2394 τὴν

2176 2418 2531 2489 προσευχήν
2556 2435 2697 2489 μου.
2733 2419 2853 2487 Ἀφ’
2879 2419 3075 2473 ἑαυτοῦ
3096 2419 3365 2491 δηλονότι.

2247 2512 2359 2567 Kal
2388 2513 2456 2566 τὸ
2485 2512 2660 2577 ἕλεος
2686 2511 2875 2566 αὐτοῦ
2906 2510 3010 2567 ἀπ’
3045 2511 3215 2582 ἐμοῦ.
3257 2510 3392 2565 Ἀπὸ
3419 2510 3603 2565 κοινοῦ
3631 2510 3767 2566 κάν-

2184 2603 2371 2671 ταῦθα,
2398 2603 2483 2670 τδ,
2520 2605 2621 2670 ’ος
2652 2606 2768 2659 οὐκ
2797 2603 3174 2672 ἀπέστησεν.

2246 2696 2353 2761 Είς
2408 2694 2475 2749 τὸ
2503 2695 2681 2763 τέλος
2725 2694 2797 2750 ἐν
2844 2695 3058 2766 ὕμνοις
3113 2696 3363 2767 Ψαλμὸς
3406 2696 3567 2766 ᾠδῆς
3610 2695 3696 2763 τῷ

2877 2788 3077 2843 Δαϐἰδ.

2720 2880 3017 2936 ΨΔΛΜΟΣ
3060 2877 3202 2948 scr.

2246 2972 2293 3025 E
2318 2988 2348 3035 ς
2374 2972 2442 3026 τὸ
2471 2970 2651 3039 τέλος
2686 2971 2812 3044 μὲν,
2831 2973 2915 3027 ὅτι
2940 2971 3315 3043 προκηρύττει
3339 2972 3434 3026 τοῦ
3462 2973 3636 3042 Λόγου
3664 2977 3765 3028 καὶ

2174 3062 2312 3118 Θεοῦ
2341 3065 2441 3136 τὴν
2473 3065 2893 3137 ὲνανθρώπησιν
2914 3081 2929 3094 °
2965 3059 3035 3137 ἧς
3062 3082 3209 3128 τινος
3245 3067 3325 3129 είς
3347 3066 3408 3119 τδ
3438 3066 3591 3129 τέλος
3618 3066 3766 3135 ἀφο-

494 3180 609 3218 rem
631 3162 827 3234 jubet:
863 3162 916 3215 in
948 3161 1154 3231 hymnis
1181 3174 1336 3224 vero,
1372 3160 1504 3231 quia
1538 3160 1873 3215 laudandum
1912 3159 2064 3215 illum

2177 3155 2277 3226 ρᾷν
2306 3154 2628 3210 ὑποτίθεται
2664 3156 2790 3219 τοὺς
2815 3154 3271 3225 ἐντυγχάνοντας.
3319 3154 3417 3207 Ἐν
3440 3154 3650 3225 ὕμνοις
3679 3154 3763 3219 δὲ,

491 3272 618 3313 esse
646 3256 928 3311 admonet.
959 3251 1099 3318 Quid
1148 3261 1331 3307 autem
1364 3254 1437 3307 sit
1464 3251 1699 3323 psalmus
1725 3252 1945 3317 cantici,
1988 3254 2068 3309 di-

490 3350 677 3403 ximus
705 3346 763 3401 in
795 3344 1059 3416 protentio
1090 3343 1297 3414 operis.

570 3521 737 3583 Vsus.
754 3520 811 3580 2.
854 3520 994 3580 Deus
1014 3519 1328 3578 misereatur
1358 3518 1559 3589 nostri,
1583 3527 1633 3577 et
1671 3517 1950 3577 benedicat
1980 3540 2075 3577 no-

493 3624 593 3677 bis.
627 3619 944 3675 Prmvidens
972 3615 1245 3687 Propheta
1275 3614 1476 3669 divinae
1512 3615 1925 3670 incarnationis
1957 3630 2075 3685 my-

494 3716 755 3779 steriutn,
786 3710 1077 3782 adimpleri
1129 3707 1427 3778 supplicat,
1480 3708 1629 3779 quod
1685 3708 1967 3777 praevidet.
2007 3708 2075 3765 Et

495 3806 673 3877 primo
696 3803 916 3874 quidem
951 3800 1120 3855 Deum
1153 3800 1322 3870 petit;
1361 3808 1420 3853 ut
1459 3800 1715 3853 humanm
1745 3800 2076 3854 misereatur

493 3905 727 3959 naturae,
775 3909 899 3964 qua:
931 3892 1034 3947 sub
1085 3905 1228 3946 saeva
1285 3890 1551 3945 dannonis
1586 3889 1937 3946 detinebatur
1990 3899 2073 3962 ty-

492 3986 724 4041 rannide
774 4002 788 4039 :
818 3982 1014 4038 deinde
1049 3981 1302 4037 benedici
1332 3981 1522 4047 etiam,
1552 3981 1659 4035 hoc
1686 3988 1795 4045 est,
1828 3981 2074 4036 sanctifi-

490 4077 608 4131 cari
636 4091 755 4132 eam
784 4081 961 4145 rogat.
988 4070 1131 4138 Ouid
1157 4080 1339 4125 autem
1366 4071 1439 4125 sit
1465 4069 1822 4137 benedicere,
1853 4068 1981 4126 vide
2010 4072 2064 4126 in

491 4168 685 4238 quinto
717 4162 992 4220 versicqu
1028 4163 1222 4231 psalmi
1257 4177 1349 4217 xx.

561 4256 829 4324 Appareat
862 4253 1033 4307 uultus
1059 4255 1174 4321 ejus
1203 4267 1361 4321 super
1393 4268 1510 4307 nos.
1548 4249 1745 4308 Vultus
1772 4269 1870 4311 seu
1897 4255 2069 4313 facies

489 4347 695 4414 Patris,
732 4345 905 4401 Filius
933 4354 1041 4399 est.
1072 4344 1178 4411 Qui
1214 4347 1343 4399 vidit
1376 4346 1546 4414 enim,
1578 4346 1773 4416 inquit,
1808 4364 1913 4414 me,
1938 4350 2070 4403 uidit

489 4450 536 4495 et
568 4439 787 4494 Patrem
813 4455 986 4493 meum
1018 4440 1081 4493 ³⁸.
1122 4436 1378 4509 Optantis
1412 4440 1579 4510 igitur
1612 4440 1667 4494 in
1699 4442 2072 4498 morem'Pro-

2172 3247 2254 3301 ὅτι
2282 3250 2375 3301 καὶ
2403 3249 2594 3321 ὑμνεῖν
2627 3248 2791 3303 αὐτὸν
2820 3246 3295 3319 παρακελεύεται·
3331 3247 3392 3299 τὸ
3417 3247 3475 3301 δὲ
3511 3248 3764 3316 Ψαλμὸς

2171 3340 2333 3412 ᾠδῆς
2357 3341 2901 3416 προηρμηνεύσαμεν
2927 3344 2988 3396 ὲν
3011 3340 3089 3413 τῷ
3128 3340 3401 3413 προοιμίῳ
3420 3341 3518 3412 τῆς
3548 3341 3763 3411 παρού-

2175 3456 2274 3508 σης
2311 3437 2519 3508 βίϐλου.

2256 3530 2319 3582 '0
2368 3529 2513 3595 Θεὸς
2579 3528 2950 3599 οἰκτειρήσω
3022 3526 3216 3598 ἡμᾶς,
3275 3529 3374 3584 καί
3424 3530 3762 3601 εὐλογῆσαι

2173 3620 2351 3692 ἡμᾶς.
2388 3609 2760 3693 Προεγνωκὼς
2817 3624 2878 3676 τὸ
2928 3623 3029 3692 τῆς
3077 3622 3230 3687 θείας
3282 3623 3762 3695 ἐνανθρωπήσεως

2177 3717 2499 3786 μυστήριον,
2533 3714 2755 3785 εὔχεται
2802 3714 3165 3785 πληρωθῆναι
3193 3715 3401 3787 ταύτην
3429 3732 3443 3745 ·
3478 3717 3570 3771 καὶ
3604 3717 3761 3787 πρῶ-

2173 3827 2264 3862 τον
2292 3808 2393 3878 μὲν
2445 3808 2858 3879 οἱκτειρηθῆναι
2891 3810 2993 3878 τὴν
3042 3808 3151 3861 τῶν
3208 3809 3515 3879 ἀνθρώπων
3564 3810 3758 3878 φύσιν,

2177 3896 2389 3967 πικρῶς
2413 3897 2859 3968 τυραννουμένην
2892 3898 2997 3951 ὑπὸ
3027 3896 3124 3951 τοῦ
3167 3897 3441 3953 διαϐόλου.
3497 3895 3631 3953 Εἶτα
3660 3901 3762 3953 εὐο

2174 3987 2496 4057 λογηθῆναι,
2531 3987 2711 4041 εῐτουν
2756 3988 3108 4059 ἁγιασθῆναι.
3144 3990 3306 4059 Ζήτει
3350 3991 3407 4043 δὲ
3446 3991 3519 4043 τὰ
3550 4008 3759 4061 σημαι-

2174 4080 2375 4149 νόμενα
2423 4080 2522 4149 τῆς
2574 4080 2824 4149 εὐλογίας
2874 4082 2932 4133 ὲν
2962 4083 3029 4153 τῇ
3065 4081 3327 4153 ἐξηγήσει
3352 4082 3446 4135 τοῦ
3491 4081 3532 4137 ε’
3566 4083 3756 4155 στίχου

2173 4170 2268 4224 τοῦ
2296 4170 2546 4224 εἰκοστοῦ
2575 4170 2819 4240 ψαλμοῦ.

2260 4262 2577 4332 Ἑπιςράναι
2596 4264 2662 4318 τὸ
2685 4265 3015 4333 ,πρόσωπον
3031 4266 3219 4322 αὐτοῦ
3246 4267 3341 4337 ἐφ’
3369 4264 3547 4337 ἡμᾶς.
3576 4267 3757 4339 Πρόσο

2174 4369 2325 4406 ωπον
2360 4352 2457 4406 τοῦ
2505 4354 2741 4425 Πατρὺς,
2768 4355 2797 4407 ὁ
2846 4355 2973 4419 Υἱός
2994 4371 3011 4386 ο
3061 4356 3124 4410 Ὅ
3159 4356 3432 4425 ἑωρακώς
3483 4360 3614 4431 γὰρ,
3648 4376 3757 4430 φη-

2176 4442 2420 4512 σὶν,ἐμὲ,
2438 4442 2697 4511 ἑώρακεν
2717 4446 2826 4499 τὸν
2841 4445 3091 4514 Πατέρα.
3120 4446 3403 4511 Εὐκτικῶς
3427 4445 3522 4503 οὖν
3556 4468 3751 4521 φησιν,

490 4532 651 4600 pheta
684 4532 797 4586 ait:
843 4532 1109 4600 Appareat
1157 4528 1333 4582 vultus
1384 4537 1524 4597 ejus,
1580 4531 1685 4585 hoc
1714 4541 1819 4596 est,
1856 4533 2067 4589 utinam

2184 4535 2503 4606 Ἐπιφάναι
2522 4553 2535 4567 °
2571 4538 2873 4604 τουτέστιν,
2909 4538 3227 4611 Ἐπιφανείη
3251 4539 3312 4592 τὸ
3340 4541 3631 4612 πρόσωπον
3651 4546 3750 4595 τοῦ

490 4622 715 4678 illuceat
762 4621 923 4677 nobis
964 4621 1147 4675 vultus
1185 4620 1385 4684 Patris,
1432 4620 1553 4690 ipse
1606 4622 1826 4677 scilicet
1861 4622 2061 4693 Filius,

492 4731 593 4771 sua
625 4716 883 4769 nimirum
941 4714 1360 4767 incarnatione:
1398 4721 1454 4767 et
1487 4728 1657 4783 super
1693 4728 1793 4770 nos
1818 4714 2065 4781 illuceat,

489 4808 585 4878 qui
616 4807 671 4861 in
701 4814 849 4860 terra
882 4819 1096 4859 sumus.
1130 4800 1247 4866 Vel,
1295 4801 1481 4855 i'ultus
1503 4802 1641 4872 ejus,
1675 4803 1778 4859 hoc
1800 4814 1909 4868 est,
1937 4806 2064 4859 vul-

487 4909 579 4954 tus
643 4897 852 4956 Christi
913 4897 1215 4951 secundum
1273 4910 1556 4951 carnem:
1637 4897 1751 4965 ipse
1806 4897 2062 4954 videlicet

488 4989 745 5045 Christus
772 4987 931 5042 nobis
964 4986 1208 5040 illuceat.

560 5077 627 5133 Et
664 5078 979 5131 misereatur
1005 5076 1195 5130 nostri.
1228 5075 1321 5131 Bis
1352 5075 1523 5131 Deum
1554 5087 1713 5147 rogat
1744 5086 1801 5133 ut
1830 5079 1918 5134 sui
1955 5078 2062 5133 mi-

490 5181 738 5227 sereatur
767 5186 783 5235 ;
824 5169 995 5222 veluti
1026 5178 1227 5239 optata:
1257 5169 1331 5223 rei
1366 5168 1523 5225 valde
1552 5170 1813 5240 cupidus.

566 5344 729 5400 Vnus.
764 5344 816 5397 '5.
856 5344 916 5400 Ut
945 5354 1260 5414 cognoscant
1293 5344 1346 5396 in
1385 5353 1529 5397 terra
1554 5346 1691 5397 viam
1714 5354 1884 5399 luant.
1916 5345 2056 5412 Hoc,

2173 4630 2385 4701 [ἰατρὸς
2410 4666 2429 4695 ,
2479 4630 2655 4683 εῐτουν
2700 4632 2730 4684 ὁ
2756 4631 2906 4695 Υἱὸς,
2951 4632 3040 4700 ἐφ’
3061 4633 3209 4701 ἡμᾶς
3230 4634 3355 4696 τοὺς
3383 4634 3475 4686 ἐπὶ
3503 4634 3627 4703 γῆς,
3658 4634 3751 4688 διὰ

2173 4723 2526 4794 σαρκὼσεως.
2573 4723 2644 4776 Ἣ
2693 4722 2790 4777 καὶ
2832 4723 2927 4777 τοῦ
2978 4724 3221 4795 Χριστοῦ
3274 4725 3334 4778 τι
3368 4726 3511 4779 κατὰ
3562 4728 3745 4798 σάρκα

2171 4806 2487 4885 πρόσωπον,
2523 4814 2552 4868 ὃ
2589 4813 2738 4866 ἐστιν
2763 4813 2927 4877 αὐτὸς
2951 4814 3095 4868 κατὰ
3136 4815 3496 4888 περίφρασιν.

2240 5078 2351 5131 Καὶ
2383 5077 2633 5143 ἐλεῆσαι
2663 5075 2844 5147 ἡμᾶς.
2892 5079 3100 5133 Ταὺτὸν
3140 5082 3201 5133 τὸ
3248 5082 3594 5152 οἰκτειρήσαι
3656 5099 3739 5151 τῳ

2170 5169 2427 5233 ἐλεῆσαι
2464 5169 2576 5239 ‘30)
2603 5183 2616 5198 °
2649 5170 2730 5232 δὶς
2757 5165 2852 5222 οὖν
2887 5168 3003 5223 τόδε
3061 5171 3232 5240 λέγει,
3284 5173 3606 5243 γλιχόμενος
3647 5189 3745 5226 τυ-

2164 5265 2302 5331 χεῖν,
2338 5256 2398 5314 οὗ
2433 5261 2637 5331 ἐζήτει.

2238 5350 2349 5404 Τοῦ
2377 5350 2597 5419 γνῶναι
2623 5352 2692 5405 ἐν
2730 5350 2803 5419 τῇ
2831 5352 2908 5422 τῇ
2945 5353 3058 5420 τὴν
3085 5354 3230 5408 ὀδόν
3256 5371 3393 5409 σου.
3430 5357 3550 5426 Eii},
3578 5360 3738 5427 φησὶ,

493 5436 694 5505 inquit,
729 5444 895 5504 atque
951 5434 1082 5489 illud
1124 5434 1235 5488 ﬁeri
1272 5447 1423 5503 Opto,
1460 5444 1518 5487 ut
1577 5434 1827 5490 homines
1875 5439 1970 5506 qui
2002 5438 2053 5490 in

2177 5445 2305 5510 ιὸδε,
2336 5445 2433 5498 καὶ
2456 5443 2575 5496 τόδε
2604 5445 2697 5498 ἐπὶ
2719 5443 2796 5514 τῷ
2828 5445 3028 5514 γνῶναι
3083 5446 3210 5509 τοὺς
3269 5448 3329 5499 ὲν
3375 5450 3439 5517 τῇ
3494 5451 3585 5519 γῇ,
3634 5450 3741 5517 τὴν

537 5582 580 5612 ³⁵
614 5579 752 5635 Psal.
790 5596 844 5645 ι,
882 5580 966 5633 l7.
1040 5580 1083 5611 ³³
1113 5577 1266 5633 Psal.
1304 5590 1427 5639 snt,
1457 5575 1526 5641 ’ὃς
1560 5574 1679 5641 159,
1709 5575 1762 5628 4.
1851 5576 1899 5607 ³⁵
1928 5574 2089 5632 Joan.
2128 5595 2240 5644 xw,
2266 5579 2319 5634 9.

1815 5667 2012 5729 Varite
2040 5670 2369 5733 lectiones.

559 5774 673 5841 (‘29)
704 5771 935 5826 Videtur
957 5770 1391 5825 suhatnliendmn
1423 5767 1591 5841 τινός.

561 5834 674 5915 (3ο)
708 5844 851 5896 [dum
885 5853 963 5896 cs!
1015 5843 1158 5897 enim
1200 5840 1540 5908 cixzatpﬁcat
1598 5855 1660 5893 ac
1708 5836 1952 5908 ἑλεήσαι,
1991 5846 2051 5891 ut
2092 5846 2178 5895 est
2210 5837 2266 5890 in
2298 5843 2468 5891 textu.
2498 5834 2653 5902 Quod
2689 5838 2940 5895 consulto
2970 5837 3159 5894 omisit
3189 5838 3476 5908 interpres.
