4162 6288
546 349 655 416 659

1753 351 2138 414 EUTIIYMII
2182 355 2545 418 ZlG-ABENI

3691 360 3799 424 660

547 461 898 535 pramuntiat,
940 462 1072 533 quid
1110 469 1292 517 autem
1343 461 1415 518 sit
1450 459 1700 518 Psalmns
1751 465 1969 527 cantici,
2000 464 2112 534 jam

2227 467 2518 521 κατάλυσιν
2543 467 2651 520 τῶν
2672 467 2964 540 δαιμόνων.
3016 471 3081 524 Τί
3110 470 3153 524 δ’
3189 469 3307 523 ἐστὶ
3348 471 3438 524 Ψίι
3458 469 3594 540 huic
3634 471 3795 541 ᾠδῆς

545 557 674 612 alibi
705 555 965 610 diximus.

617 647 784 704 Vens.
828 649 882 703 Ξ.
944 645 1210 719 Exsurgat
1265 645 1427 710 Deus.
1459 656 1506 701 et
1541 648 1864 717 dissipentur
1914 649 2122 704 inimici

543 746 682 816 ejus.
721 744 857 799 Cum
889 744 1166 797 dauttones
1217 742 1270 795 in
1320 742 1622 796 humanum
1666 757 1839 813 genus
1875 743 2123 815 tyranni-

546 839 668 894 dem
725 842 1074 897 exercerent.
1107 849 1208 890 nec
1255 836 1421 889 homo
1474 834 1695 906 aliquis,
1758 851 1857 891 nec
1892 836 2120 906 angelus

546 929 777 1001 captivis
813 926 1135 982 hominibus
1190 941 1347 996 opem
1384 925 1574 988 ferret,
1628 937 1787 981 vocat
1846 926 2121 998 Propheta

546 1025 600 1078 in
659 1020 923 1076 auxilium
985 1021 1164 1091 ipsum
1226 1018 1469 1074 omnium
1528 1017 1872 1087 Creatorem,
1921 1035 2122 1093 rogans

543 1132 667 1171 eum
702 1124 762 1170 ut
793 1114 1053 1169 celeriter
1077 1120 1359 1183 exsurgat.
1397 1111 1814 1168 Snrrectionem
1849 1123 2033 1169 autem
2065 1117 2119 1170 in

544 1211 659 1267 Deo
687 1225 820 1264 sane
848 1221 902 1264 et
929 1208 1094 1280 digne
1124 1207 1235 1262 Deo
1267 1205 1561 1274 intelliges,
1585 1215 1792 1262 motum
1827 1207 2118 1277 quemdam

542 1319 667 1360 esse
703 1301 769 1357 ad
798 1300 1238 1374 delinquentium
1270 1299 1589 1354 vindictam.
1630 1301 1694 1353 Et
1724 1301 2119 1366 liretverhum,

541 1404 822 1466 exsurgat,
849 1392 1158 1465 imperativi
1180 1393 1252 1448 sit
1280 1392 1426 1448 modi
1463 1391 1543 1463 (ut
1569 1406 1634 1446 ex
1664 1391 1850 1447 Graeca
1886 1392 2121 1448 lectione

543 1496 733 1560 aperte
773 1485 1167 1559 dignoscitur),
1195 1499 1422 1541 sensum
1448 1484 1695 1556 optantis
1730 1484 1895 1540 habet
1931 1485 2033 1540 hoc
2063 1485 2117 1539 in

2175 554 2191 569 ⁶
2229 559 2578 632 προείρηται.

2308 651 2653 718 ’Ᾱναστήτω
2674 655 2708 708 ὁ
2735 655 2880 720 Θεὸς
2910 654 3006 708 καί
3041 652 3695 722 διασκορπισθήτωσσν
3744 653 3800 707 οι

2222 744 2424 813 ἐχθροὶ
2458 745 2666 799 αὑτοῦ.
2709 745 2832 798 Τῶν
2884 745 3160 815 δαιμόνων
3212 747 3647 817 τυραννούντων,
3701 745 3797 799 καὶ

2226 837 2364 908 μήτε
2386 836 2644 904 ἀγγέλου,
2671 838 2808 908 μήτε
2825 836 3119 908 ἀνθρώπου
3142 835 3464 908 βοηθοῦντος
3489 840 3603 903 τοῖς
3629 855 3802 893 stata-

2224 929 2589 995 δουλωθεῖσιν,
2624 931 2786 984 αὑτὸν
2820 931 2912 984 τὸν
2938 931 3197 1002 Πλάστην
3220 930 3327 985 τῶν
3347 929 3805 1001 τυραννουμένων

2224 1023 2382 1076 καλεῖ
2409 1023 2543 1094 πρὸς
2568 1024 2803 1094 ἄμυναν.
2831 1025 3158 1080 Ἀνάστασιν
3200 1025 3256 1078 δὲ
3291 1022 3619 1096 Θεοπρεπῶς
3679 1024 3805 1095 νοή-

2229 1133 2344 1179 σεις
2374 1114 2476 1188 τὴν
2507 1117 2723 1186 κίνησιν
2749 1118 2830 1180 είς
2853 1116 3150 1190 ἐκδίκησιν.
3191 1117 3254 1172 El
3277 1117 3334 1172 δέ
3354 1118 3449 1172 καί
3469 1132 3804 1189 προστακτιο

2229 1209 2342 1272 κῶς
2386 1209 2789 1280 ἐσχημάτισται
2843 1210 2926 1276 τὸ,
2977 1209 3336 1278 Ἀναστήτω,
3385 1209 3481 1265 καὶ
3509 1209 3578 1265 τὰ
3651 1207 3805 1279 ἑξῆς.

2229 1300 2344 1354 ἀλλ’
2369 1301 2626 1356 εὐκτικοῦ
2653 1302 2813 1370 λόγου
2842 1301 3124 1372 σημασίαν
3152 1302 3391 1374 ἔχουσιν,
3415 1301 3493 1366 ὡς
3521 1302 3579 1355 ἐν
3626 1301 3808 1364 ἄλλοις

2229 1391 2552 1465 εἰρήκαμεν.
2587 1390 2808 1464 Ἐχθροὶ
2829 1391 2886 1446 δέ
2907 1391 3002 1445 τοῦ
3032 1391 3171 1446 Θεοῦ
3201 1391 3411 1464 κυρίως
3438 1392 3491 1446 οἱ
3524 1391 3804 1464 δαίμονες,

2225 1483 2302 1547 ὥς
2321 1485 2631 1541 ἀποστάται
2656 1489 2751 1540 καὶ
2771 1484 2987 1540 ἁντικεί
2991 1503 3170 1558 μενοι.

543 1552 704 1638 loco:
739 1589 792 1636 et
829 1552 994 1633 simili
1023 1552 1185 1634 modo
1220 1575 1322 1632 alia
1362 1552 1651 1647 sequentia
1695 1575 1888 1639 verba,
1921 1576 2390 1644 quemadmodum
2423 1583 2480 1630 et
2549 1576 2738 1632 multis
2792 1578 2920 1633 aliis
2992 1552 3052 1632 in
3144 1578 3284 1632 locis
3361 1577 3659 1648 reperitur,
3714 1552 3809 1630 ιιι»ἱ

543 1680 706 1736 etiam
736 1677 1000 1730 diximus.
1049 1672 1258 1729 Inimici
1293 1686 1475 1728 autem
1515 1673 1629 1738 Dei,
1666 1672 1886 1743 proprie
1913 1671 2193 1725 daemones
2226 1679 2382 1737 sunt,
2409 1673 2580 1727 veluti
2609 1671 2865 1738 rebelles,
2908 1686 2973 1726 ac
2997 1670 3108 1727 Deo
3140 1672 3522 1730 adversantes.

625 1769 689 1825 Et
715 1771 948 1844 fugiant,
979 1769 1069 1839 qui
1098 1767 1316 1822 oderunt
1340 1785 1458 1822 eum
1486 1786 1516 1821 a
1547 1766 1685 1836 [acie
1713 1765 1851 1834 ejus.
1880 1762 2113 1838 Fugiunt
2152 1768 2197 1824 Β
2296 1765 2403 1820 Kal

543 1881 574 1919 ιι
629 1862 920 1934 ριωεοιιῑῑιι
968 1870 1022 1915 (ιι
1077 1869 1372 1927 conspectu
1438 1859 1552 1922 Dei,
1606 1859 1752 1913 illius
1802 1859 2010 1913 vultum
2067 1858 2121 1911 in

543 1973 711 2015 carne
733 1956 874 2010 ferre
904 1962 1266 2024 nequeuntes.
1298 1953 1454 2019 Quod
1475 1953 1636 2006 etiam
1658 1953 1836 2022 rt-ipsa
1856 1951 2125 2007 accidisse

542 2048 799 2104 videmus
835 2063 848 2101 :
882 2061 1008 2100 cum
1062 2043 1239 2101 sicubi
1300 2043 1559 2099 Christus
1611 2044 1908 2107 coleretur,
1974 2042 2120 2098 illius

539 2141 679 2196 adeo
713 2139 1059 2212 praesentiam
1093 2139 1341 2210 lugerent
1372 2139 1674 2199 daemones,
1701 2147 1761 2190 ut
1789 2147 1935 2191 retro
1965 2152 2117 2190 nun-

539 2249 706 2304 quam
739 2239 1221 2288 converterentur.

617 2326 783 2383 Vens.
812 2327 868 2382 5.
895 2325 1042 2382 Sicut
1071 2325 1244 2394 deﬁrit
1290 2325 1491 2395 fumus,
1525 2324 1806 2394 deﬁciant.
1837 2323 2118 2389 Quemad-

541 2421 763 2475 modum
793 2419 978 2475 delicit
1022 2419 1214 2472 fumus
1250 2418 1498 2488 spirante
1539 2424 1727 2476 ventu,
1758 2416 1830 2468 ita
1868 2414 2033 2469 etiam
2064 2413 2117 2466 hi

542 2514 821 2568 tlzemones
859 2509 1138 2575 deliciant,
1165 2509 1387 2580 impulsi
1423 2510 1680 2564 nimirum
1711 2522 1775 2562 ac
1801 2507 2055 2575 dissipati
2089 2521 2117 2560 a

541 2616 737 2660 sancto
765 2603 990 2674 Spiritu.

613 2696 762 2750 Sicut
797 2695 993 2764 liqueﬁt
1058 2713 1177 2749 cera
1209 2713 1239 2748 τι
1271 2694 1410 2763 facie
1442 2694 1601 2764 ignis.
1630 2694 1705 2746 sic
1747 2701 1964 2761 pereant
1995 2706 2115 2756 pec-

540 2797 748 2842 catores
781 2804 810 2839 a
838 2786 976 2854 facie
1004 2786 1114 2840 Dei.
1147 2785 1645 2853 Quemadmodum,
1665 2786 1862 2854 inquit,
1892 2794 2118 2852 aspectu

545 2879 688 2948 ignis
751 2895 878 2933 cera
932 2881 1207 2949 liquescit,
1279 2884 1348 2932 ita
1407 2881 1684 2933 dmmones
1744 2893 1772 2931 a
1821 2886 2118 2948 conspectu

544 2973 750 3028 Christi
814 2973 905 3042 qui
942 2974 1085 3042 ignis
1123 2983 1204 3026 est
1229 2987 1568 3026 consumens
1602 2971 1646 3004 ⁸⁸
1683 2972 2117 3041 improbitatem.

543 3063 846 3122 detinentes
877 3075 1231 3120 evanescant.
1280 3065 1349 3119 Et
1396 3063 1540 3133 quod
1569 3065 1643 3116 ait
1676 3082 1689 3118 :
1723 3063 1976 3124 Pereant,
2011 3080 2117 3120 non

2488 1768 2847 1836 φυγέτωσαν
2923 1766 3044 1821 ἀπὸ
3126 1767 3453 1834 προσώπου
3514 1765 3704 1821 αὐτοῦ
3749 1769 3809 1821 ol

2221 1858 2550 1928 μισοῦντες
2580 1860 2789 1914 αὐτόν.
2829 1859 2965 1912 Ἀπὸ
2983 1859 3082 1929 τῆς
3123 1857 3450 1928 ἐπιφανείας
3505 1856 3673 1912 αὑτοῦ
3731 1857 3813 1926 μὴ

2229 1951 2488 2023 φέροντες
2520 1953 2620 2020 τὴν
2657 1952 2744 2005 διὰ
2775 1951 2981 2020 σαρκὸς
3022 1950 3186 2004 αὑτοῦ
3251 1951 3580 2021 παρουσίαν.
3638 1950 3815 2004 Ἔνθα

2228 2043 2340 2113 γὰρ
2367 2041 2590 2113 παρείη,
2627 2042 2989 2111 ἐδραπέτευον
3019 2041 3450 2114 ἀμεταστρεπτί.

2304 2315 2405 2379 Ὠς
2429 2313 2695 2367 ἐκλείπει
2726 2311 2982 2376 καπνὸς,
3008 2307 3482 2365 ἐκλειπὰωσαν.
3507 2309 3722 2381 Ὠσπερ
3776 2309 3814 2362 ὁ

2225 2408 2434 2470 καπνὸς
2471 2408 2718 2460 ἐκλείπει
2750 2405 2828 2475 τῷ
2862 2404 3135 2472 πνεύματι
3163 2402 3258 2455 τοῦ
3280 2401 3508 2468 ἀνέμου.
3536 2399 3681 2455 οὕτω
3711 2401 3811 2458 καὶ

2225 2494 2372 2554 οὗτοι
2395 2500 2471 2568 τῷ
2523 2498 2803 2568 Πνεύματι
2841 2496 2918 2566 τῷ
2980 2495 3122 2562 thyle)
3176 2494 3530 2566 ἐλαυνόμενοι
3579 2503 3641 2547 τε
3708 2493 3811 2546 καὶ

2225 2592 2667 2663 σκεδαννύμενοι.

2311 2684 2402 2751 Ὠς
2433 2684 2675 2749 τήκεται
2703 2682 2886 2753 κηρὸς
2907 2682 3027 2738 ἀπὸ
3054 2679 3385 2750 προσώπου
3433 2677 3647 2748 πυρός,
3700 2677 3811 2733 οὕ⁴

2223 2795 2335 2843 τως
2359 2776 2727 2832 ἀπολοῦνται
2755 2778 2809 2829 ol
2836 2774 3169 2844 ἁμαρτωλοί
3194 2771 3311 2827 ἀπὸ
3329 2770 3657 2839 προσώπου
3694 2769 3809 2825 τοῦ

2225 2867 2400 2924 Θεοῦ.
2430 2861 2890 2936 Ὠσπερόκηρδς
2949 2865 3179 2935 τήκεται
3231 2865 3301 2935 τῇ
3352 2860 3648 2932 ἐπιφανείᾳ
3703 2859 3808 2914 τοῦ

2226 2960 2417 3033 πυρδς,
2452 2957 2629 3023 οὕτως
2658 2954 2804 3014 οὗτοι
2833 2961 2901 3029 τῇ
2937 2957 3232 3028 ἐπιφανείᾳ
3256 2955 3351 3009 τοῦ
3411 2954 3678 3027 Χριστοῦ,
3747 2952 3813 3017 ὃς

2229 3051 2700 3124 προσαγορεύεται
2723 3051 2838 3123 πῦρ
2891 3050 3292 3114 καταναλίσκον
3341 3048 3440 3120 τὴν
3472 3047 3810 3119 μοχθηρίαν,

545 3159 674 3216 ideo
715 3160 877 3225 dixit,
929 3160 1055 3230 quia
1119 3174 1347 3230 prorsus
1394 3158 1609 3213 delendi
1661 3159 1771 3214 sint
1818 3160 2114 3223 (immunes,

2227 3146 2554 3216 τακήσονται
2604 3145 3002 3215 ὕπορρἐντες’
3062 3143 3124 3197 τὸ
3167 3143 3225 3197 δὲ
3292 3141 3702 3204 Ἀπολοῦνται,
3744 3141 3809 3194 οὐ

547 3257 647 3316 ita,
688 3261 745 3306 ut
785 3252 1022 3322 amplius
1058 3252 1190 3305 nulli
1227 3252 1363 3316 sint,
1392 3251 1490 3306 sed
1517 3251 1646 3321 quia
1676 3251 1731 3305 ln
1763 3251 1969 3307 eisdem
2001 3269 2118 3307 atu-

545 3346 688 3416 plius
713 3345 846 3400 locis
871 3361 981 3399 non
1019 3345 1348 3414 regnabant.
1387 3343 1616 3398 Eosdem
1642 3342 1806 3398 etiam
1838 3343 2116 3400 dazmoncs

546 3437 818 3508 l‘mpheta
868 3448 1191 3507 peccatores
1239 3437 1509 3506 appellat,
1560 3436 1686 3504 quia
1720 3444 1773 3490 et
1807 3436 1966 3503 primi
2000 3452 2117 3489 om-

543 3531 695 3585 nium
728 3530 780 3584 in
820 3528 986 3584 Deum
1042 3536 1360 3597 peccarunt,
1393 3536 1447 3581 ct
1477 3527 1606 3597 quia
1654 3534 2000 3598 peccatorum
2035 3529 2116 3582 in-

541 3631 798 3678 ventores
832 3621 1027 3676 merito
1056 3621 1161 3676 dici
1189 3630 1419 3690 possunt
1446 3630 1498 3675 et
1531 3620 1796 3689 magistri.

620 3713 786 3770 Vsus.
823 3716 879 3768 ti.
917 3715 1142 3783 Eljnsti
1173 3713 1435 3767 lwlemnr.
1472 3711 1798 3780 Perjustos,
1828 3726 1924 3767 eos
1959 3713 2119 3768 intel-

541 3807 691 3876 ligit,
723 3807 815 3877 qtti
851 3823 945 3877 per
975 3807 1135 3861 tidem
1170 3805 1222 3859 in
1259 3804 1542 3859 Christum
1573 3814 1730 3858 erant
1755 3805 2115 3873 juStillcandi.

545 3900 612 3955 lli
647 3900 817 3972 igitur
866 3901 1147 3954 destructa
1206 3898 1516 3953 daemonum
1568 3897 1865 3966 tyrannide
1927 3898 2114 3952 lwtcn-

542 4004 652 4048 tur.

618 4086 903 4140 Exsullent
947 4085 1001 4137 in
1041 4094 1319 4152 conspectu
1346 4083 1438 4137 Dei
1461 4096 1511 4137 et
1546 4083 1872 4137 delectentur
1897 4084 1949 4136 in
1977 4083 2115 4137 ια’ιὶ-

545 4181 642 4234 tia.
678 4179 736 4232 In
771 4185 1070 4248 conspectu
1105 4175 1222 4243 Dei,
1254 4175 1348 4246 qui
1399 4190 1497 4230 eos
1552 4176 1813 4230 nimirum
1857 4176 2115 4245 pr0tegit,

543 4283 599 4328 et
631 4271 896 4337 custodit,
945 4272 1104 4339 juxta
1160 4269 1290 4324 illud
1327 4288 1340 4322 :
1395 4267 1551 4324 Oculi
1591 4268 1802 4323 Domini
1850 4284 2002 4335 super
2025 4267 2118 4337 ju—

542 4371 656 4418 stas
709 4363 772 4413 ³⁸.
827 4360 1003 4416 Verba
1055 4369 1238 4415 autem
1304 4357 1607 4424 Exsultent,
1664 4359 2006 4419 delectentur,
2064 4364 2117 4412 et

543 4455 807 4518 la’tgnlur,
850 4454 988 4507 idem
1027 4453 1343 4524 signiﬁcant
1382 4470 1395 4505 :
1429 4453 1724 4519 conjuncta
1755 4461 1936 4505 tamen
1968 4465 2117 4504 sum-

541 4560 687 4601 mam
707 4545 890 4617 gaudii
921 4546 1165 4599 indicant
1195 4545 1594 4600 intensionem.

616 4719 783 4778 Vens.
816 4723 868 4776 5.
912 4724 1138 4778 (Imitare
1178 4722 1307 4777 Deo.
1338 4721 1470 4788 Vos,
1509 4724 1601 4792 qui
1639 4723 1954 4792 huiusmodi
1984 4741 2115 4794 gau-

543 4813 633 4870 dio
658 4813 808 4882 digni
850 4814 978 4868 facti
1013 4815 1168 4870 estis.

617 4904 842 4961 Psallite
875 4907 1080 4960 nomini
1112 4907 1249 4976 ejus.
1284 4905 1397 4962 Hoc
1445 4908 1847 4963 dcclaravintus
1874 4910 1926 4962 in
1958 4913 2120 4964 tertio

545 4999 820 5056 versiculo
848 5014 940 5052 νιιι
970 5000 1186 5067 psalmi.

622 5089 738 5145 Iter
765 5089 921 5156 facite
954 5092 1022 5151 ei,
1055 5091 1146 5156 qui
1182 5092 1421 5144 ascendit
1472 5107 1633 5160 super
1661 5107 1906 5155 occasus,
1943 5090 2121 5143 Domi-

549 5200 648 5238 nus
707 5199 893 5236 nomen
951 5182 1052 5234 illi.
1093 5181 1172 5235 Ad
1210 5182 1499 5250 apostolos
1531 5190 1615 5237 est
1651 5197 1857 5242 sernto.
1889 5198 2000 5251 quo
2027 5183 2119 5248 ju-

548 5278 750 5331 bentttr
785 5282 838 5325 ut
862 5273 927 5325 ad
970 5281 1158 5340 gentes
1183 5284 1500 5335 excurrant,
1530 5281 1584 5328 et
1614 5273 1754 5325 viam
1792 5274 2122 5336 animarum,

551 5370 798 5436 ipsarum
884 5365 1092 5417 scilicet
1161 5365 1428 5432 gentium,
1505 5380 1603 5430 per
1680 5363 2122 5433 prmdicationem

553 5457 862 5514 advenienti
917 5455 1136 5510 Christo
1191 5467 1516 5526 praeparent.
1578 5456 1766 5510 Simile
1824 5455 2123 5529 illudest,

558 5552 705 5622 quod
760 5551 900 5619 apud
943 5547 1133 5601 lsaiam
1162 5563 1227 5600 ex
1261 5563 1491 5615 persona
1526 5548 1886 5602 Przecursoris
1920 5547 2124 5600 dictum

557 5645 835 5716 legimus:
883 5643 1075 5693 l’arate
1131 5642 1266 5693 viam
1316 5641 1540 5693 Domino
1574 5641 1638 5693 ³⁷.
1700 5641 1874 5704 Vtam,
1927 5640 2125 5708 inquit,

2224 3236 2324 3308 τὴν
2352 3236 2434 3300 εἰς
2459 3236 2519 3289 τὸ
2553 3236 2626 3306 μὴ
2651 3235 2712 3288 δν
2739 3235 2898 3298 ὅλως,
2924 3234 3106 3289 αὐτῶν
3130 3233 3396 3302 ἀφάνειαν
3421 3231 3671 3298 βούλεται
3702 3247 3809 3302 οη-

2228 3329 2464 3400 μαίνειν,
2491 3327 2626 3382 ἀλλὰ
2649 3329 2748 3398 τὴν
2778 3331 2860 3390 εἰς
2883 3328 2942 3380 τὸ
2967 3326 3040 3397 μὴ
3062 3321 3201 3380 εἶναι
3231 3329 3290 3379 ἐν
3311 3327 3424 3389 τοῖς
3442 3326 3631 3387 τόποις
3657 3323 3811 3377 ἐκεί-

2225 3439 2338 3486 νοις
2369 3421 2471 3476 ἔτι.
2517 3420 2862 3491 Ἀμαρτωλοὶ
2907 3417 2965 3472 δὲ
3016 3418 3068 3472 oi
3122 3417 3400 3489 δαίμονες,
3462 3416 3539 3482 ὡς
3594 3415 3811 3487 πρῶτοι

2227 3515 2649 3585 ἁμαρτήσαντες
2671 3553 2688 3578 ,
2720 3513 2816 3566 καὶ
2843 3512 2944 3580 τῆς
2972 3509 3256 3582 ἁμαρτίας
3287 3508 3531 3583 εὑρεταὶ,
3569 3509 3664 3562 καὶ
3720 3506 3811 3562 δι-⁸

2223 3607 2506 3663 δάσκαλοι.

2295 3703 2400 3756 Kal
2432 3705 2486 3755 οι
2513 3700 2730 3754 δίκαιοι
2757 3697 3309 3768 εὐφρανθήσονται.
3339 3696 3454 3750 Καὶ
3511 3694 3700 3748 λοιπὸν
3752 3695 3809 3748 oi

2222 3793 2607 3855 δικαιωθέντες
2633 3792 2723 3845 διὰ
2755 3792 2853 3861 τῆς
2879 3791 2959 3855 εἰς
2998 3789 3237 3860 Χριστὸν
3266 3790 3531 3853 πίστεως,
3565 3785 3810 3841 καταλυ-

2225 3883 2411 3954 θείσης
2469 3883 2568 3952 τῆς
2607 3881 2923 3950 τυραννίδος
2985 3880 3098 3934 τῶν
3152 3879 3449 3950 δαιμόνων,
3489 3878 3809 3950 εὐφρανθή-

2223 3991 2300 4027 τω
2307 3991 2400 4026 σαν
2407 4013 2421 4027 ο

2307 4065 2842 4135 Ἀθηαλλιάσθωσαν
2874 4064 3133 4119 ἐνώπιον
3182 4063 3290 4120 τοῦ
3316 4064 3465 4120 Θεοῦ
3490 4081 3504 4094 ο
3549 4061 3809 4133 τερφθῆ-

2224 4175 2426 4214 τωσαν
2455 4159 2916 4228 ὲνεὺςρροσύνῃ.
2957 4159 3221 4212 Ἐνώπιον
3245 4160 3340 4212 τοῦ
3405 4157 3542 4212 Θεοῦ
3578 4160 3806 4210 ἐπισκο·

2225 4253 2454 4316 ποῦντος
2483 4252 2680 4314 αὐτοὺς
2710 4252 2799 4305 ἀεί
2820 4268 2834 4282 ο
2858 4250 3188 4321 Ὄφθαλμοὶ
3227 4250 3357 4322 γὰρ,
3391 4252 3547 4321 φησὶ,
3581 4249 3808 4317 Κυρίου

2223 4345 2319 4400 ἐπὶ
2376 4345 2667 4410 δικαίους.
2711 4344 2786 4397 Τὸ
2817 4343 2875 4395 δὲ
2917 4340 3444 4412 Εὐφρανθήτωσαν
3466 4343 3562 4394 καὶ
3605 4343 3807 4409 Ἀγαλ-

2227 4439 2582 4494 λιάσθωσαν
2635 4437 2729 4491 καὶ
2767 4437 3203 4506 Tappone/(war
3235 4438 3294 4488 ἐν
3322 4433 3638 4508 εὐφροσύνῃ
3673 4434 3807 4487 ταὺ-

2227 4531 2320 4585 τδν
2377 4530 2740 4601 σημαίνοντα,
2791 4531 2891 4598 τὴν
2944 4529 3196 4582 ἐπίτασιν
3254 4528 3356 4596 τῆς
3401 4528 3580 4598 χαρᾶς
3606 4525 3806 4596 ὲμφαί·

2231 4641 2436 4678 νουσιν.

2305 4718 2529 4788 ’ᾼσατε
2561 4717 2641 4781 τῷ
2697 4713 2839 4780 Θεῷ.
2891 4716 2958 4768 0i.
2999 4715 3098 4783 τῆς
3128 4713 3389 4784 τοιαύτης
3423 4713 3604 4784 χαρᾶς
3629 4709 3807 4777 ἀξιοῦ-

2235 4827 2408 4880 μενοι.

2305 4902 2545 4955 Ψάλατε
2566 4901 2646 4965 τῷ
2670 4902 2915 4971 ὀνόματι
2939 4899 3147 4954 αὐτοῦ.
3178 4899 3316 4970 Περὶ
3367 4897 3559 4951 τούτου
3619 4894 3809 4966 xposi-

2229 5011 2388 5064 ρηται
2426 4996 2556 5063 ἡμῖν
2583 4994 2639 5045 ἐν
2668 4993 2744 5062 τῷ
2767 5001 2814 5060 γ’
2858 4993 3022 5062 στίχῳ
3056 4991 3150 5043 τοῦ
3180 4991 3398 5061 ψαλμοῦ
3430 4987 3501 5060 η’.

2305 5083 2742 5149 Ὀδοποιήσατε
2768 5083 2848 5150 τῷ
2878 5084 3252 5150 ἐπιϐεϐηκότι
3273 5082 3372 5136 ἐπὶ
3401 5081 3655 5152 δυσμῶν
3699 5082 3812 5137 Κύ-

2226 5195 2356 5246 ριος
2381 5178 2569 5247 ὄνομα
2593 5175 2774 5240 αὐτῷ.
2835 5176 2980 5247 Πρὸς
3024 5174 3151 5238 τοὺς
3208 5174 3545 5238 ἀποστόλους
3600 5168 3755 5238 οὗτος
3785 5175 3814 5227 ό

2233 5270 2413 5334 λόγος,
2445 5268 2686 5322 κελεύων
2709 5269 2940 5338 δραμεῖν
2965 5269 3044 5330 εἰς
3081 5267 3152 5320 τὰ
3189 5267 3342 5338 ἔθνη,
3383 5269 3479 5321 καὶ
3545 5269 3644 5337 τὴν
3695 5268 3812 5321 ὁδὸν

2237 5360 2342 5413 τῶν
2397 5361 2584 5430 ψυχῶν
2643 5360 2824 5412 αὐτῶν
2885 5358 3228 5429 εὐτρεπίσαι,
3281 5363 3347 5428 τῇ
3395 5359 3662 5429 ἐπιδημίᾳ
3718 5358 3812 5411 τοῦ

2235 5452 2495 5522 Χριστοῦ,
2522 5452 2609 5504 διὰ
2630 5452 2723 5505 τοῦ
2751 5451 3126 5521 κηρύγματος.
3159 5450 3331 5505 Τοῦτο
3362 5451 3418 5504 δὲ
3451 5452 3564 5504 ἴσον
3589 5453 3708 5504 ἐστὶ
3733 5449 3813 5520 τῷ

2243 5545 2626 5613 Ἑτοιμάσατε
2645 5544 2759 5611 τὴν
2775 5543 2919 5597 ὁδὸν
2937 5543 3177 5610 Kvplov.
3208 5543 3620 5614 Ὀδοποιὴσατε,
3657 5544 3812 5611 φησὶ,

2235 5636 2311 5706 τῷ
2334 5634 2574 5705 Χριστῷ,
2597 5637 2705 5688 πᾶν
2731 5635 2937 5688 σκῶλον
2967 5635 3284 5706 ἐξάραντες.
3321 5635 3405 5702 Τῷ
3434 5635 3813 5704 ἐπιϐεϐηκότι

631 5826 673 5855 ³⁵
703 5826 852 5879 Deut.
895 5839 965 5885 tv,
997 5821 1104 5885 2i;
1150 5819 1314 5875 llcbr.
1356 5833 1452 5882 XII,
1485 5817 1574 5871 ‘29.
1639 5816 1682 5847 "
1708 5814 1855 5869 Psal.
1893 5829 2086 5879 sum,
2120 5814 2201 5868 lG.
2284 5815 2326 5845 ³⁷
2359 5813 2460 5868 lsa.
2495 5812 2674 5877 31,5;
2720 5810 2908 5867 .‘lattlt.
2938 5829 3016 5878 ιιι,
3043 5813 3095 5866 3.
