4162 6288
530 335 638 400 683
1734 355 2105 415 EUTHYMIJ

2213 355 2337 417 lGA
2355 358 2535 419 RENl
3671 366 3785 429 664

529 453 780 512 habitare
838 456 989 525 facit,
1029 461 1095 517 de
1144 479 1251 533 qua
1305 466 1602 536 Apostolus
1654 468 1856 523 Paulus
1901 469 2036 523 dicit
2076 487 2090 523 :

2207 471 2269 525 ἐν
2297 473 2421 540 τοῖς
2459 477 2739 545 οὐρανοῖς
2767 476 3028 536 αἰώνιον.
3073 481 3131 534 '0
3161 480 3217 535 δὲ
3241 481 3537 553 Σύμμαχος
3578 483 3779 537 Mora-

525 547 672 614 quod
704 550 1081 608 habitationem
1119 571 1184 609 ea:
1216 556 1323 611 Deo
1354 558 1601 615 habemus
1640 578 1743 614 non
1792 579 1952 616 naanu
2009 561 2099 630 [a-

2209 563 2354 630 χοὺς
2399 565 2682 635 ἐξέδωκεν,
2713 571 2789 634 ὼς
2816 573 3236 643 μεμονωμένους
3523 572 3783 644 βιωτικοῦ

528 649 691 701 ctam.
728 653 982 698 a'ternam
1021 647 1076 699 in
1110 648 1252 702 cwlis
1284 649 1349 703 ⁴⁶.
1389 649 1755 722 Symmachus
1810 668 1941 706 vero
1995 667 2096 721 pro

2207 657 2526 726 πράγματος
2543 673 2560 691 ⁸
2590 659 2685 724 οὓς
2711 663 3011 729 κατοικίζει
3035 668 3094 719 ἐν
3115 666 3414 738 οἰκητηρίῳ
3437 665 3780 736 καταμόνας.

526 729 866 804 hominibus,
896 755 1033 806 quos
1066 739 1231 797 unius
1258 746 1428 798 moris
1459 758 1582 800 esse
1623 744 1761 799 dixit
1791 745 2086 812 Propheta,

2207 747 2578 822 Προαγορεύει
2621 755 2680 809 δὲ
2733 757 2834 824 τὴν
2887 758 3172 814 πολιτείαν
3380 729 3780 830 ἀναχωρητῶν.

526 839 624 882 seu
657 829 967 896 unanimes,
1013 837 1298 891 monachos
1331 837 1589 904 reddidit,
1613 839 1772 909 quasi
1819 840 1887 894 ab
1935 837 2086 893 omni
2130 843 2416 901 mundano
2438 849 2661 919 negotio
2681 865 2913 920 prorsus
2941 860 3281 924 segregatos,
3338 866 3403 907 ac
3461 829 3742 906 solitarios
3763 858 3782 897 :

525 938 776 1019 quosque
807 926 1166 995 singulariter
1200 930 1342 986 Deus
1391 932 1640 987 habitare
1708 933 1838 987 facit
1904 934 1956 988 in
1991 934 2175 1005 parvis
2212 935 2530 998 domiciliis.
2556 942 2796 1016 Etjuxta
2828 946 2976 1002 hunc
3001 961 3221 1004 sensum
3242 947 3541 1019 praedicare
3571 946 3787 1000 videtur

524 1015 796 1086 Propheta
831 1021 1291 1076 anaehoretarum
1331 1023 1523 1079 vitam.

599 1109 841 1164 Educens
876 1114 1074 1168 vinctos
1100 1116 1155 1168 in
1182 1115 1515 1184 fortitudine.
1554 1119 1828 1184 Educens,
1863 1120 1966 1176 hoc
1994 1131 2098 1188 est,

2287 1123 2554 1190 ‘Eé’drwr
2579 1126 3040 1195 πεπεδημένους
3071 1127 3142 1181 ἐν
3191 1127 3430 1197 ἀνδρίᾳ.
3514 1128 3782 1196 Ἕξὰγωνο

525 1202 769 1257 liberans
824 1217 920 1260 eos
972 1205 1257 1272 nimirum,
1311 1208 1417 1277 qui
1474 1221 1824 1279 peccatorum
1871 1227 2098 1267 suorum

2207 1215 2372 1268 είτουν
2401 1215 2728 1286 ἐλευθερῶν,
2756 1219 2887 1282 τοὺς
2943 1218 3362 1289 πεπεδημένους
3409 1221 3528 1282 ταῖς
3571 1222 3787 1290 σειραῖς

524 1294 760 1360 catenis,
791 1301 847 1349 et
876 1295 1191 1351 dzemonum
1218 1298 1482 1363 vinculis,
1526 1299 1631 1355 hoc
1668 1311 1773 1366 est,
1808 1301 2098 1357 aﬂecﬁbus

526 1403 623 1442 seu
659 1387 1037 1458 passionibus,
1083 1404 1146 1445 ac
1183 1400 1537 1461 peccatorum
1583 1394 2094 1463 perturbationibus

523 1479 719 1544 vincti,
753 1490 919 1549 atque
966 1481 1169 1553 alligati
1217 1493 1351 1538 sunt
1392 1503 1405 1538 :
1444 1499 1556 1554 quo
1604 1500 1857 1541 sermone
1903 1486 2092 1543 ﬁdeles

526 1570 801 1641 intelligit,
829 1574 920 1642 qui
944 1589 1008 1628 ex
1031 1574 1284 1643 gentibus
1310 1574 1678 1647 congregandi
1699 1588 1870 1632 erant.
1897 1577 2094 1636 Educit

525 1671 707 1718 autem
739 1680 836 1719 eos
865 1666 918 1718 in
945 1664 1290 1733 fortitudine,
1322 1668 1424 1722 hoc
1447 1677 1553 1733 est,
1575 1670 1629 1724 in
1657 1671 1839 1724 divina
1873 1671 2094 1737 virtute,

526 1770 591 1808 ac
639 1757 903 1824 putentia,
936 1773 1042 1828 qua
1073 1768 1366 1830 tyrannum
1409 1762 1635 1818 devicit.
1686 1759 1782 1817 Vel
1817 1763 2004 1828 etiam,
2040 1763 2097 1817 in

523 1849 732 1902 virtute
766 1851 1036 1904 sermonis
1063 1852 1398 1922 evangelici.
1440 1847 1449 1862 ’

598 1939 860 1995 Similiter
895 1958 1005 2004 eos,
1035 1944 1125 2012 qui
1151 1955 1493 2014 exasperant,
1538 1946 1627 2016 qui
1655 1946 1897 2001 habitant
1927 1948 1982 2002 in
2016 1965 2099 2003 se-
2133 1925 2176 1981 Β

523 2031 745 2098 pulcris.
783 2033 899 2088 Non
955 2036 1156 2102 solum,
1222 2036 1419 2107 inquit,
1492 2047 1548 2091 tu
1597 2039 1828 2108 gentiles
1858 2040 2109 2098 educise

525 2123 784 2189 vinculis,
804 2127 898 2180 sed
920 2136 974 2182 et
993 2129 1143 2197 ipsos
1165 2129 1325 2182 etiam
1344 2145 1409 2184 ex
1427 2130 1848 2188 circumcisione
1862 2130 2104 2200 Judaaos,

525 2232 667 2286 quos
699 2230 1081 2288 exasperautes
1132 2220 1404 2297 appellat,
1434 2235 1531 2275 seu
1589 2223 2006 2287 exacerbantes,
2037 2239 2103 2277 ea

528 2314 742 2367 ratione
796 2327 964 2383 quam
1016 2312 1264 2368 diximus
1312 2313 1367 2368 in
1417 2314 1633 2385 psalmo
1680 2331 1805 2369 va.
1864 2314 2104 2370 Possunt

523 2403 688 2457 etiam
725 2402 887 2458 verba
914 2406 1027 2458 hmo
1050 2405 1120 2458 ita
1145 2404 1393 2474 intelligi,
1428 2413 1486 2458 ut
1521 2407 1864 2474 prophetiam
1922 2407 2102 2461 conti-

526 2501 716 2556 neant,
763 2494 830 2549 de
874 2495 1182 2551 universali
1237 2509 1580 2551 mortuorum
1637 2499 2099 2554 resurrectione:

524 2585 674 2654 quod
703 2587 918 2643 scilicet
957 2587 1104 2642 Deus
1151 2605 1217 2644 ex
1257 2591 1630 2645 monumentis
1661 2606 1853 2647 omnes
1887 2592 2102 2648 vinctos

528 2679 721 2732 mortis
751 2679 970 2735 vinculo
1003 2680 1225 2748 educet,
1251 2697 1313 2735 ac
1336 2682 1648 2748 suscitabit,
1685 2693 1736 2737 et
1767 2684 1913 2754 quod
1944 2683 2099 2738 simi-

528 2771 656 2823 liter
683 2771 881 2826 educet
911 2771 1150 2829 Judzeos.
1201 2774 1298 2829 Illa
1349 2785 1530 2831 autem
1561 2779 1724 2829 verba
1763 2793 1776 2830 :
1815 2773 1919 2840 Qui
1948 2775 2101 2830 habi-

528 2871 644 2916 tant
675 2865 725 2917 in
760 2865 1039 2933 sepulcris,
1087 2868 1152 2921 ad
1201 2870 1462 2937 majorem
1490 2869 1917 2924 declarationem
1949 2869 2096 2924 dicta

2192 1307 2305 1360 τῶν
2346 1307 2784 1378 ἁμαρτημάτων,
2814 1310 2847 1381 ἦ
2873 1310 2984 1374 τοῖς
3007 1313 3231 1382 δεσμοῖς
3252 1311 3351 1365 τοῦ
3385 1312 3645 1380 δαίμονος
3666 1329 3680 1344 ·
3749 1313 3786 1365 ἆ

2191 1399 2299 1451 sict
2325 1398 2396 1452 τὰ
2427 1398 2597 1469 πάθη.
2654 1401 2818 1468 Λέγει
2858 1401 2917 1456 δὲ
2948 1404 3076 1466 τοὺς
3130 1403 3189 1469 ἐξ
3220 1403 3394 1456 ἐθνῶν
3448 1401 3779 1456 πιστεύσαν-

2192 1505 2289 1552 τας
2318 1504 2333 1518 ⁸
2367 1489 2578 1559 ἐξάγων
2609 1490 2666 1544 δὲ
2699 1494 2826 1555 τοὺς
2873 1493 2931 1545 ἐν
2983 1493 3200 1564 ἀνδρίᾳ,
3263 1494 3433 1565 ἤγουν
3501 1495 3560 1545 ἐν
3628 1493 3785 1560 ίσχύῖ

2189 1581 2480 1652 Θεότητος,
2528 1584 3016 1658 καταγωνιζομένῃ
3049 1585 3143 1639 τδν
3168 1587 3440 1656 τύραννον
3471 1601 3484 1616 ·
3523 1586 3556 1655 ἢ
3597 1587 3697 1639 καὶ
3721 1588 3786 1640 ἐν

2191 1674 2424 1746 δυνάμει
2455 1674 2634 1744 λόγων
2654 1678 2766 1732 τῶν
2792 1678 3201 1748 εύαγγελικῶν.

2292 1943 2538 2014 ’θμοίως
2564 1946 2712 2014 τοὺς
2746 1951 3344 2020 παραπικραίνοντας
3370 1952 3515 2020 τοὺς
3551 1970 3785 2008 ,κατομ-

2206 2035 2470 2106 κοῦντας
2495 2039 2565 2094 ὲν
2602 2040 2836 2110 τάφοις.
2896 2045 2970 2099 οὐ
3001 2046 3163 2115 μόνον
3219 2046 3279 2102 δὲ
3337 2043 3588 2113 rubraue,
3643 2046 3788 2101 ἀλλά

2205 2130 2303 2184 καὶ
2324 2131 2453 2196 τοὺς
2491 2134 2556 2187 ἐκ
2592 2138 2904 2208 περιτομῆς
2924 2153 2939 2166 ·
2997 2140 3125 2203 τοὺς
3150 2139 3442 2205 Ἰουδαίους
3472 2141 3584 2210 γὰρ
3630 2140 3793 2193 καλεῖ

2203 2226 2791 2296 παρπικραὶνοντας
2818 2268 2833 2295 ,
2865 2230 2939 2294 ῶς
2961 2233 3020 2285 ἐν
3052 2231 3129 2302 τῷ
3151 2230 3225 2299 ξε⁹
3264 2232 3467 2305 ψαλμῷ
3495 2233 3791 2305 προδιελά-

2203 2315 2392 2386 6ομεν.
2445 2320 2543 2393 Εῑη
2570 2323 2616 2375 δ’
2639 2322 2707 2377 ἂν
2735 2323 2895 2400 ταυτὶ
2923 2325 2991 2378 τὰ
3025 2325 3168 2396 ῥητά
3195 2325 3292 2380 καὶ
3321 2325 3632 2398 προφητεία
3651 2327 3792 2396 περὶ

2202 2409 2302 2478 τῆς
2335 2416 2687 2484 παγκοσμίου
2716 2417 2827 2469 τῶν
2853 2418 3066 2488 νεκρῶν
3095 2419 3452 2482 ἀναστάσεως
3475 2460 3491 2486 ,
3527 2420 3611 2472 ὅτι
3639 2419 3786 2472 πάν-

2200 2517 2300 2566 τας
2336 2503 2509 2575 ἐξάγη
2539 2508 2649 2561 τῶν
2669 2510 2858 2580 τάφων
2877 2511 3006 2575 τοὺς
3034 2512 3242 2581 πεπεδη
3254 2512 3470 2580 μένους,
3491 2511 3788 2582 νεκρικῶςο

2204 2594 2406 2662 ὁμοίως
2439 2596 2494 2650 δέ
2519 2599 2613 2652 καὶ⁵
2649 2601 2777 2664 τοὺς
2822 2601 3117 2667 Ἰουδαίους
3141 2617 3156 2634 ⁶
3187 2597 3310 2656 εἶτα
3338 2603 3373 2673 ἡ
3409 2603 3747 2676 ἐπεξήγησις
3771 2643 3790 2668 ,

2205 2685 2288 2737 ὅτι
2323 2686 2465 2753 τοὺς
2498 2690 2933 2759 κατοικοῦντας
2982 2693 3053 2746 ἐν
3083 2692 3326 2762 τάφοις·
3350 2693 3440 2748 διὰ
3475 2694 3680 2748 τούτων
3708 2693 3790 2760 δέ,

2205 2779 2300 2830 καὶ
2327 2779 2455 2842 τοὺς
2483 2782 2542 2833 ἐν
2573 2785 2730 2853 πυρὶ,
2763 2785 2860 2838 καὶ
2894 2785 3168 2856 Θαλάσσῃ,
3230 2786 3328 2840 καὶ
3384 2787 3533 2850 ὅπως
3585 2787 3790 2857 δήποτε

2205 2870 2607 2944 διαφθαρέντας
2631 2878 2926 2948 ἐδήλωσεν.

527 2972 679 3027 sunt,
713 2973 767 3021 et
798 2977 895 3031 per
936 2978 1000 3019 ea
1034 2980 1230 3021 mnnes
1263 2966 1515 3021 homines
1590 2967 1905 3037 signiﬁcare
1984 2968 2175 3034 voluit,
2217 2971 2310 3039 qui
2346 2973 2546 3028 mortui
2596 2971 2825 3041 fuerint,
2879 2976 3202 3047 ubicunque
3255 2977 3311 3033 id
3365 2977 3447 3033 eis
3494 2977 3788 3040 accnderit,

528 3067 624 3113 aut
666 3060 719 3112 in
757 3068 927 3120 terra,
955 3069 1047 3112 aut
1081 3059 1133 3112 in
1167 3061 1332 3124 mari,
1370 3061 1547 3114 autin
1577 3063 1723 3130 igne.

600 3152 762 3208 Vens.
801 3154 854 3217 8,
887 3153 941 3208 9.
976 3155 1138 3214 Deus.
1164 3171 1283 3208 cum
1328 3156 1650 3225 egredereris
1705 3158 1761 3211 in
1819 3168 2095 3224 conspectu

526 3247 707 3314 populi
745 3247 841 3311 tui,
874 3263 992 3300 rum
1023 3248 1377 3312 pertransires
1409 3249 1466 3302 in
1508 3250 1741 3313 deserto,
1769 3261 1912 3304 terra
1955 3261 2102 3306 mota

2287 3159 2352 3216 '0
2367 3161 2534 3227 Θεὸς,
2568 3163 2634 3215 ἐν
2668 3162 2749 3228 τῷ
2774 3163 3208 3231 ἐκπορεύεσθαι
3251 3179 3327 3218 σε
3369 3161 3630 3216 ἐνώπιον
3677 3162 3793 3217 τοῦ

2207 3253 2363 3308 λαοῦ
2393 3270 2532 3317 σου,
2555 3254 2624 3308 ἐν
2643 3254 2724 3320 τῷ
2751 3255 3083 3310 διαϐαίνειν
3111 3270 3186 3308 σε
3212 3256 3282 3310 ἐν
3321 3253 3399 3323 τῇ
3435 3254 3651 3324 ἐρήμῳ,
3711 3256 3791 3325 τῆ

527 3353 603 3398 est
635 3361 653 3398 :
693 3344 886 3398 etenim
938 3344 1054 3397 σα)ιὶ
1081 3344 1494 3399 distillaverunt.
1541 3346 1772 3411 Quando
1807 3347 1996 3402 dixisti
2031 3346 2098 3400 ad

2207 3346 2451 3414 ἐσείσθη
2480 3363 2493 3376 ·
2527 3346 2625 3401 καὶ
2661 3347 2770 3417 γὰρ
2790 3350 2846 3402 οἱ
2873 3347 3116 3416 οὐρανοί
3138 3347 3430 3410 ἐσταξαγ.
3469 3348 3596 3400 Ὅτε
3625 3343 3793 3408 εἶπας

527 3436 749 3492 ,Ιυόωοε
776 3453 790 3489 :
827 3435 957 3491 Ecce
987 3435 1278 3490 dimittitur
1303 3438 1493 3492 (huius
1540 3445 1713 3492 vestra
1762 3438 1971 3492 deserta
2004 3439 2047 3471 “
2081 3456 2096 3505 ;

529 3539 586 3586 et
618 3531 840 3599 quando
870 3527 1124 3584 Jcremiae
1165 3530 1454 3600 prophetia
1505 3546 1570 3586 ex
1619 3546 1856 3600 persona
1893 3532 2100 3587 Christi

530 3627 765 3695 prolata,
802 3628 961 3678 linem
991 3628 1227 3691 accepit,
1253 3639 1372 3693 quae
1400 3623 1532 3677 dicit
1568 3641 1582 3676 :
1611 3622 1874 3688 Quoniam
1909 3623 2103 3678 dereli-

531 3727 758 3787 querunt
787 3717 1000 3771 domum
1032 3733 1223 3780 meam,
1245 3715 1425 3771 dimisi
1452 3717 1814 3772 [nereditatem
1842 3735 2011 3771 meam
2033 3718 2104 3772 ⁸⁵.

533 3810 693 3864 Tunc
729 3809 934 3864 etenim
985 3817 1278 3878 postquam
1332 3824 1590 3879 egressus
1630 3825 1713 3877 es,
1771 3812 2035 3866 recedens
2074 3826 2104 3864 a

533 3913 839 3970 conspectu
896 3900 1109 3970 pepuli,
1169 3901 1260 3969 qui
1319 3915 1566 3971 eousque
1621 3912 1747 3958 tuus
1804 3902 2004 3969 fuerat,
2053 3911 2111 3958 et

535 3991 882 4062 pertransisti
914 3990 980 4045 ad
1001 3990 1304 4046 Ecclesium
1325 4005 1389 4045 ex
1414 3993 1666 4062 gentibus
1691 4003 2103 4064 congregatam,

534 4100 656 4154 qua:
688 4083 818 4138 olim
869 4082 1089 4139 deserta
1145 4091 1286 4146 erat,
1341 4098 1406 4138 ac
1453 4083 1601 4137 nuda
1646 4085 1796 4138 omni
1847 4086 2107 4152 scientia,

536 4193 700 4249 atque
725 4180 1044 4250 cognitione
1067 4179 1540 4248 Dei,_sterilisque,
1563 4187 1730 4248 atque
1760 4178 2108 4233 infructuosa

535 4274 781 4342 genuine
815 4273 1104 4334 virtutum;
1140 4283 1291 4335 tunc,
1316 4271 1559 4340 inquam,
1593 4282 1885 4341 postquam
1918 4271 2108 4336 existi,

537 4378 687 4423 terra
721 4374 999 4422 commota
1032 4376 1138 4430 est,
1172 4366 1455 4434 passionis
1496 4367 1788 4429 nimirum,
1828 4373 1883 4420 et
1919 4380 2110 4420 resur-

537 4459 806 4512 rectionis
847 4465 1116 4526 tempore.
1146 4457 1215 4511 Et
1248 4457 1371 4510 caeli
1400 4457 1837 4520 distillaverunt,
1872 4454 2110 4511 descen-

535 4549 699 4602 dente
736 4557 932 4602 sancto
964 4547 1176 4616 Spiritu
1216 4549 1270 4600 in
1300 4548 1606 4618 apostolos,
1633 4547 1690 4600 in
1714 4546 1803 4600 die
1835 4545 2106 4602 Penteco-

2206 3436 2342 3506 πρὸς
2364 3437 2660 3498 Ἰουδαίους
2684 3454 2698 3467 ·
2753 3435 2909 3490 Ἰδοὺ
2936 3436 3173 3503 ἀφίεται
3209 3439 3243 3490 ό
3277 3431 3443 3500 οἶκος
3466 3435 3634 3503 ὑμῶν
3652 3435 3794 3503 ἕρη-

2202 3546 2339 3597 μος,
2369 3529 2520 3591 τέλος
2556 3530 2658 3599 ἠδη
2683 3528 3070 3599 λαμϐανούσης
3111 3527 3208 3597 τῆς
3256 3525 3527 3599 Ἱερεμίου
3572 3542 3793 3598 προφηο

2207 3621 2382 3686 τείας,
2415 3622 2476 3672 ἐκ
2529 3620 2823 3690 προσώπου
2870 3639 2986 3686 σου,
3049 3619 3273 3691 Χριστέ,
3336 3620 3635 3690 φήσαντος,
3704 3620 3792 3673 ὅτι

2222 3711 2663 3780 Ἐγκατέλιπον
2693 3713 2800 3767 τὸν
2822 3709 2994 3767 οἶκόν
3009 3730 3130 3781 μου
3149 3730 3163 3745 ’
3194 3710 3404 3782 ἀφῆκα
3428 3712 3544 3779 τὴν
3568 3715 3793 3780 κληρο-

2207 3805 2428 3874 νομίαν
2454 3823 2597 3875 μου.
2621 3803 2756 3858 Τότε
2786 3805 2925 3874 μετά
2971 3805 3032 3859 τὸ
3095 3804 3504 3877 ἐκπορευθῆναί
3577 3822 3637 3858 σε
3694 3806 3793 3859 καὶ

2209 3897 2569 3969 ἀναχωρῆσαι
2614 3898 2846 3951 ἐνώπιον
2880 3896 2976 3950 τοῦ
3014 3897 3178 3967 μέχρι
3204 3895 3354 3962 τότε,
3386 3896 3521 3950 λαοῦ
3548 3913 3667 3961 σου,
3698 3895 3794 3949 καὶ

2209 3991 2496 4060 διαὸλῆναί
2567 4009 2626 4044 σε
2666 3992 2748 4052 είς
2797 3991 2900 4060 τὴν
2953 3990 3467 4062 ἀθροισθησομένην
3553 3989 3789 4060 Ἐκκλη-

2215 4083 2338 4138 σίαν
2368 4083 2478 4137 τῶν
2504 4082 2676 4138 ἐθνῶν
2711 4085 2813 4154 τὴν
2848 4082 3058 4155 ἔρημον
3092 4081 3449 4151 θεογνωσίας,
3481 4083 3576 4135 καὶ
3617 4083 3794 4150 ἄκαρ-

2213 4196 2314 4233 πον
2339 4178 2564 4249 ἀρετῆς,
2597 4178 2632 4248 ἡ
2661 4177 2735 4247 γῆ
2770 4177 2870 4247 μέν
2902 4175 3124 4246 ἐσείσθη
3149 4174 3295 4229 κατά
3318 4175 3412 4228 τὸν
3464 4175 3656 4242 καιρὸν
3695 4173 3792 4226 τοῦ

2213 4270 2447 4335 πάθους,
2480 4271 2576 4326 καὶ
2615 4269 2715 4340 τῆς
2744 4270 3130 4332 ἀναστάσεως·
3172 4267 3222 4321 οί
3287 4267 3511 4339 οὐρανοὶ
3555 4266 3789 4332 ἐσταξαν

2213 4363 2315 4434 τὴν
2336 4363 2566 4418 κάθοδον
2595 4361 2690 4416 τοῦ
2711 4361 2868 4430 ἁγίου
2897 4360 3220 4430 Πνεύματος
3265 4361 3346 4423 είς
3365 4359 3496 4422 τοὺς
3558 4358 3792 4412 emcnd-

2213 4457 2363 4520 λους,
2395 4457 2453 4508 ἐν
2496 4454 2575 4524 τῷ
2604 4455 2784 4524 καιρῷ
2825 4453 2923 4521 τῆς
2979 4453 3387 4523 Πεντηκοστῆς.
3437 4453 3510 4506 Ἦ
3569 4449 3789 4519 ἐσείσθη

2222 4549 2322 4619 μὲν
2345 4549 2379 4618 ἡ
2400 4547 2473 4617 γῆ
2502 4545 2858 4617 μεταδάντων
2889 4545 2998 4598 τῶν
3043 4545 3216 4598 ἐθνῶν
3278 4544 3388 4598 ἀπὸ
3425 4545 3525 4616 τῆς
3583 4543 3789 4611 πλάνης

535 4652 669 4695 stes.
727 4639 821 4695 Vel
876 4648 1020 4694 terra
1078 4651 1351 4695 commota
1409 4649 1516 4705 est,
1587 4640 2105 4709 pcrtranseuntibus

2217 4643 2298 4708 είς
2330 4642 2431 4711 τὴν
2465 4640 2727 4710 ἀλήθειαν
2754 4655 2769 4672 ο
2803 4638 3039 4704 ἔσταξαν
3074 4638 3131 4692 δὲ
3160 4640 3208 4690 οἱ
3237 4636 3531 4690 ἀπόστολοι
3560 4634 3620 4688 τὸ
3646 4633 3787 4701 ὕδωρ

537 4731 795 4798 gentibus
829 4731 898 4784 ab
929 4744 1120 4785 errore
1153 4733 1220 4783 ad
1268 4731 1552 4784 veritatem

541 4823 776 4893 apostoli
811 4838 1008 4892 aquam
1061 4823 1492 4892 praedicationis,
1527 4837 1634 4893 qua
1687 4821 1875 4876 ﬁdeles
1921 4820 2116 4892 irriga-

541 4918 743 4970 bantur
771 4914 991 4967 auium.
1024 4913 1271 4983 Apostoli
1303 4915 1508 4969 etenim
1530 4915 1795 4969 caeliesse
1829 4915 2114 4976 dicuntur,

539 5013 598 5061 et
637 5008 766 5074 quia
823 5004 1066 5059 coelestia
1125 5005 1367 5071 sapiunt,
1423 5011 1479 5060 et
1525 5008 1653 5074 quia
1688 5006 2116 5074 quibuscunque

542 5093 782 5150 terrenis
816 5095 984 5149 rebus
1015 5095 1459 5163 supereminent.
1505 5093 1602 5148 illa
1642 5105 1826 5149 autent
1881 5095 2109 5163 conjun.

541 5190 674 5252 ctio,
707 5186 866 5248 enim,
893 5185 1166 5256 superﬂua
1207 5194 1310 5239 est.
1869 5183 1873 5187 ’

614 5280 657 5332 Α
682 5277 818 5347 facie
846 5275 939 5331 Dei
964 5276 1137 5338 Sinai,
1157 5293 1188 5329 α
1207 5276 1340 5346 facie
1359 5276 1450 5331 Dei
1472 5276 1667 5330 Israel.
1700 5304 1767 5315 —-
1787 5279 1825 5328 Α
1859 5277 1994 5344 [acie
2021 5276 2117 5329 Dei

1606 4747 1618 4783 ε
1658 4738 1716 4783 ει
1759 4731 2112 4784 διὶηεινθΐυιιι
2147 4727 2175 4732 ⁷
2211 4736 2307 4790 τοῦ
2334 4734 2714 4805 κηρύγματος,
2763 4731 2990 4806 ἀρδεῦον
3037 4730 3234 4800 ψυχάς.
3264 4731 3500 4800 οὐρανοὶ⁷
3556 4727 3665 4798 γὰρ
3698 4727 3788 4779 καὶ

2215 4820 2391 4890 οὗτοι,
2420 4828 2508 4881 διὰ
2533 4827 2596 4880 τὸ
2631 4829 2851 4898 φρονεῖν
2905 4824 3153 4896 οὐράνια,
3180 4822 3274 4877 καὶ
3321 4820 3383 4875 τδ
3428 4817 3788 4890 ὑπερκεῖσθαι

2216 4921 2418 4983 παντὸς
2443 4919 2648 4991 γεηροῦ
2680 4919 3034 4989 πράγματος.
3079 4917 3139 4971 '0
3175 4915 3233 4970 δὲ
3257 4914 3563 4984 σύνδεσμος
3587 4913 3616 4964 6
3654 4913 3788 4982 γὰρ.

2214 5010 2548 5084 περιττεύει.

2303 5279 2436 5333 Ἀπὸ
2490 5274 2815 5344 προσώπου
2859 5273 2962 5327 τοῦ
2995 5274 3144 5328 Θεοῦ
3204 5271 3371 5336 Σιγᾶ,
3419 5273 3540 5327 ἀπὸ
3599 5285 3785 5340 προσ-

544 5370 1028 5439 circumloquendo
1077 5369 1238 5432 dixit,
1300 5385 1398 5441 pro
1437 5371 1515 5424 ab
1575 5372 1693 5439 ipso
1746 5368 1878 5432 Deo,
1935 5377 1994 5422 ut
2046 5369 2105 5422 sit

2223 5374 2388 5426 ώπου
2417 5369 2527 5424 τοῦ
2559 5365 2706 5421 Θεοῦ
2751 5366 3020 5430 Ἰσραήλ.
3047 5362 3505 5435 Περιφραστικῶς
3535 5362 3616 5428 τδ,
3660 5360 3792 5414 ‘Axb

546 5478 745 5518 sensus
777 5482 790 5517 :
836 5463 960 5517 Haec
991 5463 1133 5518 facta
1167 5472 1296 5516 sunt
1325 5463 1393 5516 ab
1424 5477 1511 5528 eo,
1543 5465 1633 5532 qui
1666 5471 1755 5516 est
1791 5461 1934 5516 Deus
1962 5476 2105 5515 mon-

2218 5462 2542 5532 προσώπου
2575 5456 2682 5511 τοῦ
2716 5457 2885 5521 Θεοῦ,
2917 5455 3196 5509 τουτέστιν
3215 5471 3230 5486 °
3255 5456 3338 5508 ὅτι
3372 5454 3546 5508 ταῦτα
3569 5452 3792 5521 γεγόνα-

550 5559 620 5611 tis
647 5556 820 5610 Sinai.
867 5559 987 5625 Ipse
1016 5557 1217 5610 etenim
1257 5555 1400 5609 idem
1431 5564 1537 5618 est,
1567 5555 1662 5626 qui
1695 5565 1748 5610 et
1783 5555 1924 5610 Deus
1957 5553 2111 5608 Sinai

549 5649 766 5713 dicitur,
825 5658 877 5702 ct
930 5650 1072 5703 Deus
1104 5648 1292 5702 Israel.
1341 5646 1546 5702 Horum
1595 5657 1776 5702 autem
1826 5647 2108 5702 nominum

619 5836 663 5867 "°
691 5835 732 5887 ll
767 5835 890 5888 Cor.
929 5851 980 5898 ι’,
1028 5834 1070 5886 ι.
1156 5834 1192 5860 “
1224 5830 1415 5884 Matth.
1480 5846 1636 5898 nm,
1670 5831 1757 5884 Ξῖ.

2231 5572 2314 5607 σιν
2345 5552 2452 5605 ὑπὸ
2483 5550 2578 5604 τοῦ
2613 5551 2766 5613 ὄντος
2795 5549 2954 5612 Θεοῦ,
2994 5546 3090 5600 τοῦ
3115 5547 3246 5600 Σινᾶ
3276 5547 3460 5617 ὅρους.
3486 5544 3657 5606 Αύτδς
3685 5544 3793 5612 γάρ

2223 5649 2339 5698 ἐστι
2377 5646 2470 5698 καὶ
2503 5644 2596 5698 τοῦ
2623 5645 2754 5697 Σινᾶ
2782 5642 2936 5708 Θεὸς,
2975 5642 3070 5694 καὶ
3104 5639 3199 5694 τοῦ
3240 5638 3481 5710 Ἰσραήλ.
3520 5635 3791 5708 Ἐμνημά·

1837 5831 1878 5860 ³¹
1919 5827 2126 5883 Jercm.
2156 5841 2254 5895 xit,
2290 5825 2344 5881 7.
