4082 6264
346 364 450 428 66.5

1484 364 1872 426 COMMENT.
1918 364 1995 422 ιΝ
2045 367 2405 427 PSALMOS.

3477 372 3585 438 666

344 492 496 529 νευσε
520 474 573 530 δὲ
596 469 828 541 τούτων,
856 476 1068 540 δεικνὺς
1103 479 1184 532 ὅτι
1223 480 1252 531 ό
1277 481 1336 532 ἐν
1374 478 1504 533 Σινά
1530 480 1902 551 τερατουργὴ-

2010 479 2257 533 meminit
2302 480 2601 552 Propheta,
2648 486 2777 553 quia
2812 496 2866 540 et
2916 485 2968 539 in
3022 495 3207 540 monte
3257 485 3390 539 Sina
3445 486 3587 541 Dens

345 585 442 631 σας
476 568 569 621 καὶ
622 567 700 639 τῷ
741 567 933 623 Ἰακὼὸ
966 570 1321 639 φαντασοεὶς,
1373 570 1547 633 αὐτὸς·
1577 571 1671 624 καὶ
1729 570 1906 624 ταῦτα

345 661 518 713 ποιεῖ·
545 659 638 715 καὶ
668 660 769 714 οὐκ
803 659 921 714 ἐστι
941 661 1073 726 Θεὸς
1097 660 1307 733 ἕτερος,
1339 662 1469 734 παρ’
1493 663 1723 715 ἐκεῖνον.

408 924 646 995 Βιοχήν
672 926 963 983 ἑκούσιον
1003 928 1269 999 ἁφοριεῖς
1300 931 1333 985 ό
1368 929 1514 996 Θεὸς
1568 928 1641 997 τῇ
1689 933 1907 1000 κληρο-

337 1018 512 1086 νομίᾳ
537 1034 677 1073 σου.
739 1020 1094 1092 κληρονομία
1144 1021 1243 1093 μὲν
1273 1020 1432 1087 Θεοῦ,
1475 1021 1543 1077 τά
1572 1022 1723 1091 ἔθνη,
1761 1023 1902 1078 κατά

336 1111 425 1163 τό⁶
460 1111 567 1167 Καὶ
606 1110 781 1167 δώσω
811 1128 912 1169 σοι
963 1115 1108 1183 ἔθνη
1154 1113 1270 1183 τὴν
1316 1116 1727 1183 κληρονομίαν
1758 1132 1898 1171 σου.

338 1195 514 1270 ligor);
568 1200 625 1254 δὲ
656 1202 686 1255 ὸ
735 1200 896 1271 λόγος
943 1200 1040 1257 τοῦ
1072 1203 1409 1273 Εὖαγγελίου
1463 1204 1777 1268 ἀπαλύνων,
1809 1207 1902 1260 καὶ

335 1291 576 1363 ἀρδεῠων
599 1294 699 1357 τὰς
722 1294 923 1367 ψυχάς.
962 1296 1246 1363 Ἐκούσιος
1279 1299 1335 1353 δὲ
1372 1299 1543 1371 βροχὴ
1574 1298 1737 1369 αὕτη,
1765 1300 1903 1354 διότι

334 1383 363 1436 ό
384 1384 482 1453 μὲν
510 1385 806 1450 Μωσαῖκὸς
835 1386 1019 1458 νόμος,
1043 1388 1105 1442 οὐ
1136 1390 1275 1443 κατά
1316 1389 1537 1459 ϐέλησιν
1571 1389 1732 1453 Θεοῦ,
1766 1390 1903 1446 ἀλλὰ

331 1476 451 1529 κατ’
509 1478 828 1547 οἰκονομίαν
848 1497 861 1511 ·
894 1480 956 1532 οὐ
981 1480 1092 1553 γάρ
1125 1480 1325 1554 ἔχρῃζε
1368 1483 1477 1537 τῶν
1516 1482 1741 1549 θυσιῶν,
1773 1483 1901 1537 οὐδὲ

326 1567 583 1622 τοιούτων
627 1569 805 1624 ἀλλων
840 1574 1356 1645 παρατηρημάτων.
1417 1574 1519 1642 Τίς
1554 1576 1688 1646 γὰρ,
1740 1577 1897 1648 φησὶ,

324 1660 509 1715 ταῦτα
556 1662 915 1731 ἐξεζήτησε;
970 1667 1077 1719 Καὶ
1107 1666 1269 1721 πάλιν
1289 1684 1305 1700 ·
1358 1667 1582 1737 Μωσῆς
1610 1668 1761 1737 πρὸς
1788 1668 1901 1738 τὴν

323 1755 815 1822 σκληροκαρδίαν
870 1757 1040 1831 ὑμῶν
1061 1758 1327 1827 ἔγραψεν
1346 1779 1361 1791 ο
1404 1762 1432 1813 ό
1473 1760 1532 1813 δὲ
1573 1761 1669 1813 τοῦ
1716 1762 1892 1831 κηρύ-

322 1860 533 1914 γματος
562 1846 719 1915 λόγος
740 1848 860 1901 κατ’
887 1829 1136 1904 εὺὸοκίαν
1166 1850 1283 1904 ἐστὶ
1313 1849 1450 1904 Θεοῦ
1577 1852 1658 1906 ὅτι
1680 1829 1890 1916 ἐκείνος

2009 573 2280 627 miracula
2315 584 2579 644 operatus
2607 584 2712 639 est,
2738 587 2791 629 et
2811 577 2935 643 quia
2969 578 3222 646 apparuit
3261 578 3452 641 Israel,
3480 580 3585 632 huc

2007 676 2112 731 eat,
2146 667 2474 737 patriarchae
2526 666 2718 723 Jacob.
2769 669 2864 723 Est
2885 669 3029 723 enim
3079 670 3220 723 idem
3274 669 3441 732 Deus,
3476 672 3571 739 qui

2008 757 2123 812 haec
2162 757 2342 812 omnia
2379 768 2663 830 operatur,
2692 767 2747 815 et
2778 776 2890 814 non
2915 771 2999 815 est
3036 761 3179 815 alius
3206 759 3352 815 Deus
3385 770 3583 830 praeter

2005 866 2155 906 eum.

2078 937 2243 995 Vsus.
2288 938 2373 994 10.
2421 937 2664 993 Pluviam
2690 938 3373 1012 voluntariamsegregabis,
3414 944 3576 1006 Deus,

2004 1032 2306 1085 ha’reditati
2332 1042 2457 1086 tum.
2492 1031 2593 1084 Per
2624 1030 2997 1086 hereditatem
3040 1030 3158 1093 Dei,
3193 1040 3387 1101 gentes
3422 1031 3583 1088 intel-

2006 1120 2142 1189 ligit,
2166 1120 2321 1187 juxta
2357 1118 2490 1173 illud
2529 1138 2541 1174 :
2570 1117 2797 1174 Postulo
2833 1137 2864 1174 a
2893 1137 2996 1186 me,
3026 1128 3075 1173 et
3106 1118 3245 1174 dabo
3280 1121 3376 1174 tibi
3406 1132 3581 1190 gentes

2004 1212 2373 1266 Ita'reditatent
2415 1223 2559 1265 tuam
2602 1212 2688 1267 s':
2726 1212 2827 1266 Per
2870 1211 3107 1281 pluviam
3141 1226 3273 1267 vero
3299 1212 3584 1281 evangeli-

2004 1320 2128 1359 cum
2162 1320 2495 1369 sermonem,
2538 1319 2649 1374 quo
2679 1303 2935 1357 duriores
2973 1304 3277 1373 irrigantur
3342 1318 3406 1358 ac
3435 1307 3583 1359 mol-

2005 1397 2214 1452 liuntnr
2249 1394 2489 1451 animae:
2526 1410 2691 1464 quam
2730 1394 3008 1464 Evangelii
3044 1394 3307 1462 pluviam,
3338 1394 3580 1463 appellat

2002 1484 2396 1545 voluntariam,
2424 1497 2490 1537 eo
2542 1484 2687 1553 quod
2726 1481 2965 1536 Mosaica
3025 1483 3112 1535 lex
3154 1496 3263 1535 non
3300 1481 3428 1534 data
3461 1489 3583 1536 erat

2001 1576 2245 1631 ei’mera
2279 1572 2369 1630 Dei
2406 1575 2714 1638 voluntate,
2736 1573 2828 1627 sed
2857 1576 3037 1642 potius
3058 1589 3125 1628 ex
3142 1574 3578 1646 dispensatione.

2000 1665 2188 1737 Neque
2219 1666 2362 1720 enim
2414 1666 2661 1734 optabat,
2687 1666 3012 1720 autvolebat
3067 1666 3209 1721 Deus
3264 1666 3565 1733 sacriﬁcia,

2005 1770 2094 1812 aut
2121 1760 2260 1812 alias
2292 1757 2564 1820 eiusmodi
2614 1758 2797 1812 varias
2845 1758 3283 1824 observationes,
3317 1775 3439 1829 qua:
3478 1759 3578 1811 ha-

1995 1852 2193 1907 bentur
2219 1849 2271 1902 in
2290 1850 2405 1919 lege
2431 1866 2443 1902 :
2467 1848 2597 1914 Quis
2622 1848 2783 1911 enim,
2811 1849 3005 1917 inquit,
3041 1849 3151 1905 [nec
3167 1850 3448 1917 exquisivit
3472 1848 3583 1905 ?Et

323 1937 419 2005 μὲν
439 1938 537 1990 καὶ
577 1940 811 2001 ἄκοντας
847 1940 1092 2005 ἐκείνους
1123 1940 1437 2011 ἠνάγκαζεν
1468 1942 1759 2013 φυλάττειν
1796 1941 1898 2008 τὰς

1998 1957 2187 1998 rursus
2216 1940 2344 1995 alibi
2371 1938 2678 1996 Dozninus:
2718 1940 2797 1994 Ad
2813 1940 3071 1993 duritiam
3116 1953 3339 1995 vestram
3365 1940 3574 2010 Moyses

319 2029 581 2095 ἐντολάς·
637 2033 952 2098 λιθοὸολῶν,
1006 2035 1197 2102 καίων,
1255 2034 1352 2089 καὶ
1379 2035 1595 2106 πικρῶς
1624 2033 1894 2107 ἀναιρῶν·

1998 2036 2103 2089 {uec
2118 2034 2331 2101 scripsit
2361 2032 2446 2103 (ab
2468 2032 2620 2085 initio
2646 2042 2821 2086 autem
2853 2050 2960 2087 non
3004 2043 3117 2088 erat
3144 2035 3223 2088 sic
3250 2034 3340 2103 “).
3404 2034 3584 2088 Evan-

317 2113 471 2184 οὗτος
544 2123 623 2187 δὲ,
667 2127 859 2180 οὐδένα
908 2126 1176 2199 βιάζεται,
1233 2126 1374 2183 ἀλλά
1421 2128 1665 2183 θέλουσιν
1714 2129 1897 2193 αὐτοῖς

1998 2126 2181 2198 gelicae
2210 2134 2393 2180 autem
2429 2124 2833 2195 praedicationis
2868 2142 3052 2180 sermo
3091 2126 3291 2181 divinae
3348 2142 3579 2195 prorsus

316 2212 719 2281 προσφέρεται.

1998 2218 2255 2289 congruit
2296 2216 2593 2273 voluntati.
2629 2218 2725 2272 Vel
2779 2219 3151 2273 voluntariam
3182 2221 3303 2274 ideo
3323 2219 3580 2288 appellat,

314 2298 440 2368 quia
463 2302 555 2358 lex
586 2307 752 2360 etiam
789 2306 1238 2378 invitosjubcbat
1274 2309 1449 2380 legem
1477 2327 1728 2378 servare,
1758 2311 2002 2381 alioquin
2037 2312 2336 2382 lapidabat,
2364 2312 2631 2377 cadebat,
2665 2312 2920 2367 inccndio
2948 2314 3229 2382 perdebat,
3303 2322 3358 2367 et
3393 2314 3583 2367 szevis-

314 2389 450 2449 sime
482 2392 731 2465 denique
773 2400 1084 2455 occidebat.
1115 2403 1442 2461 Prmdicatio
1485 2413 1669 2458 autem
1731 2404 2048 2475 evangelica
2093 2404 2367 2460 neminem
2414 2406 2582 2475 cegit,
2613 2404 2709 2461 sed
2742 2404 3050 2460 volentibus
3092 2417 3300 2461 tantum
3331 2403 3577 2460 on‘ertur.

380 2491 857 2562 Καί-ἠσθένησε,
876 2495 958 2550 σὺ
987 2497 1055 2551 δὲ
1086 2501 1425 2570 κατηρτίσω
1457 2502 1673 2570 αὐτήν.
1693 2502 1895 2557 Ἦσθέ-

312 2597 439 2653 νησε
471 2584 644 2637 πάλιν
672 2587 1029 2658 συντριϐεῖσα
1059 2593 1337 2662 τυραννίδι
1378 2594 1490 2647 τῶν
1523 2595 1781 2650 εἰδώλων.
1820 2598 1892 2652 Σὺ

312 2674 368 2728 δὲ
419 2677 627 2747 ἀρτίαν
657 2678 829 2750 αὐτὴν
875 2681 1164 2752 ἐποίησας,
1198 2685 1558 2750 ἁνακαινίσας
1604 2688 1776 2759 αὐτὴν
1806 2688 1896 2742 διὰ

312 2766 409 2837 τῆς
440 2768 877 2837 παλιγγενεσίας
898 2771 996 2826 τοῦ
1035 2773 1437 2843 βαπτίσματος,
1458 2777 1553 2830 καὶ
1585 2776 1892 2842 στερεὼσας

311 2860 402 2911 ἐπὶ
430 2860 541 2931 τὴν
575 2861 827 2915 ἄσειστον
854 2862 1062 2934 πέτραν
1083 2863 1194 2919 τῶν
1216 2865 1445 2920 ἐντολῶν
1476 2884 1593 2921 σου.

382 3039 464 3095 Td
500 3038 622 3101 ζ’ὥά
652 3054 771 3096 σου
794 3042 1185 3099 κατοικοῦσιν
1208 3044 1280 3100 ἐν
1309 3045 1485 3115 αὐτῇ.
1528 3048 1594 3101 Oi
1618 3049 1771 3119 παρὰ
1798 3047 1895 3101 σοῦ

310 3132 710 3200 πνευματικῶς
766 3135 1099 3205 τρεφόμενοι
1148 3137 1243 3191 καὶ
1295 3139 1498 3202 ζῶντες
1549 3140 1651 3210 τὴν
1696 3142 1757 3193 ὲν
1812 3139 1919 3193 σοὶ.

310 3220 480 3294 ζωήν.
521 3224 597 3277 Ἦ
647 3224 765 3289 ζῶα
810 3227 908 3280 τοῦ
961 3229 1205 3298 Χριστοῦ
1257 3232 1308 3284 oi
1357 3231 1673 3299 ἀπόστολοι,
1734 3230 1829 3296 οὓς
1869 3234 1895 3285 ὸ

2064 2499 2135 2556 Ει
2165 2502 2443 2568 inﬁrmata
2465 2510 2563 2565 est,
2599 2512 2657 2555 tu
2686 2518 2804 2555 vero
2835 2502 3104 2571 perfecisti
3139 2518 3276 2555 eam.
3304 2500 3579 2556 lniirmata

1992 2602 2106 2659 est,
2140 2602 2194 2648 et
2226 2593 2530 2658 debilitata,
2560 2608 2625 2648 ac
2654 2593 2748 2648 diu
2777 2608 3041 2663 Oppressa
3072 2594 3340 2648 idolorum
3394 2601 3583 2663 tyran-

1992 2682 2140 2738 nide.
2164 2682 2248 2738 Tu
2279 2698 2408 2738 vero
2432 2696 2621 2737 sanam
2652 2698 2797 2745 eam,
2820 2692 2874 2737 ct
2906 2681 3201 2752 perfectam
3269 2681 3577 2736 reddidisti.

1993 2788 2090 2844 per
2127 2774 2381 2844 baptismi
2424 2776 2924 2843 regenerationem.
2985 2788 3258 2828 renuvans
3312 2773 3572 2828 nimirum

1991 2883 2137 2931 eam,
2161 2876 2213 2921 et
2231 2883 2396 2937 super
2421 2867 2652 2922 solidam
2689 2866 3073 2921 mandaturum
3108 2874 3331 2920 tuorum
3368 2879 3576 2936 petram

1993 2959 2301 3016 stabiliens.

2072 3048 2247 3105 Vens.
2286 3051 2377 3105 il.
2404 3049 2677 3104 Animalia
2709 3060 2801 3106 tua
2820 3051 3135 3105 habitabant
3160 3052 3213 3105 in
3235 3067 3317 3105 ea.
3348 3048 3385 3104 li
3416 3049 3582 3105 nimi-

1995 3158 2120 3197 rum
2152 3143 2245 3212 qui
2285 3157 2317 3196 a
2355 3153 2406 3197 te
2436 3142 2710 3213 spirituali
2742 3144 2866 3197 cibo
2923 3144 3167 3208 aluntur,
3206 3143 3410 3212 quique
3454 3143 3579 3195 ani-

1998 3251 2169 3299 mam,
2238 3235 2345 3290 hoc
2398 3246 2503 3297 est,
2568 3236 2731 3288 vitam
2800 3234 3004 3289 habent
3045 3235 3100 3288 in
3160 3242 3233 3288 tc.
3302 3231 3423 3295 Vel,
3480 3247 3579 3300 per

321 3314 650 3388 ’Δδϐακοὺμ
709 3319 938 3386 ἵππους
973 3320 1288 3392 ὠνόμασεν·
1325 3325 1747 3392 Ἐπεόίόασας,
1798 3325 1857 3377 λέ

1998 3324 2253 3379 animalia
2277 3323 2481 3380 Christi
2511 3324 3075 3394 apostolosintellige,
3143 3338 3283 3395 quos
3323 3322 3581 3377 liabacuc

308 3422 443 3474 γων,
480 3410 575 3477 εἰς
616 3408 943 3465 θάλασσαν
988 3412 1132 3478 τοὺς
1158 3414 1384 3482 ἵππους
1424 3432 1577 3471 σου⁹
1613 3417 1893 3473 Θάλασσαν

308 3501 552 3565 καλέσας
584 3501 685 3573 τὴν
714 3505 921 3575 πικρὰν
956 3506 1235 3561 ἀπιστίαν.

387 3681 764 3753 Ἠτοίιίασας
792 3683 862 3739 ἐν
884 3683 960 3754 τῇ
986 3687 1359 3756 χρηστότητι
1392 3703 1511 3743 σου
1542 3690 1622 3756 τῷ
1654 3692 1891 3760 πτωχῷ,

307 3779 340 3829 d
372 3774 548 3841 θεός.
605 3777 828 3845 Πτωχὸς
874 3778 903 3830 ὸ
950 3776 1060 3833 τῶν
1112 3779 1285 3834 ἐθνῶν
1334 3780 1485 3847 λαὸς,
1543 3782 1620 3847 ὡς
1688 3784 1895 3854 μηδένα

308 3865 552 3919 πλοῦτον
582 3866 957 3936 πνευματικὸν
1000 3868 1315 3940 δεξάμενος.
1349 3872 1427 3925 Οὐ
1468 3874 1581 3945 γὰρ
1610 3875 1777 3946 νόμον
1815 3872 1893 3930 εἷ-

308 3976 425 4028 χεν,
446 3960 513 4013 οὗ
545 3958 887 4028 προφητείας
906 3977 921 3993 ’
956 3960 1071 4013 ἀλλ’
1102 3964 1131 4015 ό
1161 3962 1295 4027 Θεὸς
1324 3963 1395 4018 δι’
1419 3966 1629 4020 οίκείαν
1659 3969 1894 4039 χρηστό-

307 4052 810 4123 τητα,·ἠτοίμασεν
836 4052 986 4124 αὐτῷ
1019 4053 1254 4109 πλοῦτον
1280 4055 1464 4125 ἄλλον,
1499 4058 1598 4132 τὴν
1627 4060 1893 4131 δηλωθεί-

310 4157 412 4198 σαν
450 4142 705 4197 ἑκούσιον
742 4144 967 4216 βροχήν.

378 4238 604 4305 Κύριος
626 4235 805 4291 δώσει
822 4237 1012 4308 ῥῆμα,
1057 4239 1185 4306 τοῖς
1207 4241 1759 4313 εὐαγγελιζομένοις
1786 4245 1893 4301 δυ-

306 4325 483 4397 νάμει
509 4326 740 4396 πολλῆ.
763 4329 938 4383 Τοῦτο
964 4325 1089 4383 εἶπε
1123 4331 1254 4401 περὶ
1295 4332 1404 4385 τῶν
1436 4336 1754 4389 ἀποστόλων
1774 4353 1786 4365 ·
1812 4330 1894 4400 οἷς

310 4419 532 4474 ἁλιεῦσι
570 4421 665 4474 καὶ
700 4421 937 4484 ἰδιώταις
960 4423 1140 4487 οὖσιν,
1164 4428 1192 4478 ὁ
1212 4424 1346 4487 Θεὸς
1368 4428 1709 4498 ἐχορήγησεν
1734 4428 1893 4496 λόγον

314 4515 541 4584 σοφίας.
566 4513 821 4583 Δυνάμει
846 4515 904 4569 δὲ
938 4515 1143 4583 πολλῆ
1175 4513 1351 4581 εἶπεν,
1373 4518 1457 4572 ὅτι
1485 4522 1600 4585 τοῖς
1644 4522 1893 4591 ῥήμασιν

310 4606 520 4672 αὐτῶν,
578 4607 883 4676 παρείπετο
920 4604 1043 4663 θεία
1097 4609 1333 4679 δύναμις
1393 4609 1895 4684 Θαυματουργοῦσα

309 4698 411 4752 ὅσα
443 4698 542 4751 καὶ
572 4696 876 4765 βούλοιντο.

395 4791 463 4846 '0
505 4791 811 4858 ,ϐασιλεὺς
850 4789 971 4846 τῶν
1010 4791 1326 4861 δυνάμεων
1399 4791 1505 4847 τοῦ
1555 4793 1892 4862 ἀγαπητοῦ.

324 4884 644 4954 ’Δγαπητὸν
673 4884 823 4953 λέγει
861 4884 954 4937 τὸν
982 4884 1248 4953 μονογενῆ
1278 4882 1407 4938 Υίὸν
1438 4884 1535 4937 καὶ
1565 4884 1722 4938 Θεόν.
1754 4887 1895 4956 Φησὶ

314 4974 447 5042 γὰρ,
510 4974 595 5028 ὅτι
650 4968 841 5039 Οὗτός
867 4974 1041 5027 ἐστιν
1085 4976 1119 5027 ὁ
1166 4975 1300 5040 Υιός
1324 4992 1447 5043 μου
1475 4978 1509 5029 d
1540 4975 1849 5043 ἀγαπητός
1879 4993 1893 5007 ⁸

314 5066 581 5138 δυνάμεις
613 5065 674 5121 δὲ
696 5065 868 5119 αὐτοῦ
900 5064 1028 5130 τοὺς
1059 5065 1417 5131 ἀποστόλους,
1450 5067 1527 5131 ὡς
1556 5067 1898 5137 στρατιώτας

314 5157 514 5222 αὐτοῦ,
542 5158 689 5212 κατά
717 5158 830 5211 τῶν
870 5157 1347 5229 ἀντιτεταγμένων
1378 5158 1665 5229 δυνάμεων
1712 5175 1897 5229 παρα-

316 5249 695 5319 τεταγμένους
715 5264 731 5279 ⁶
762 5242 840 5305 ὧν
869 5250 989 5303 ἑστι
1016 5248 1274 5321 βασιλεὺς
1302 5251 1331 5304 ό
1363 5250 1575 5321 Πατὴρ,
1640 5250 1899 5321 βασιλεύ-

320 5361 423 5409 σας
451 5343 637 5400 αῠτῶν
669 5343 758 5399 διά
784 5344 883 5415 τῆς
909 5342 1006 5398 τοῦ
1034 5342 1171 5397 Υίοῦ
1212 5342 1473 5414 σπουδῆς.

397 5617 481 5687 Τῇ
502 5618 811 5690 ὡραιότητι
837 5617 945 5674 τοῦ
966 5616 1136 5673 οῑκου
1164 5631 1282 5672 σου
1332 5615 1641 5673 διελέσθαι
1673 5618 1897 5673 σκῦλα.

1996 3434 2172 3486 equos
2228 3418 2526 3487 appellavit
2568 3436 2583 3470 :
2632 3417 2935 3483 lnduxisti,
2983 3417 3264 3487 inquiens,
3320 3417 3377 3469 in
3429 3433 3580 3470 mare

1996 3528 2154 3581 equos
2176 3522 2315 3575 tuos,
2345 3526 2495 3565 mare
2514 3510 2817 3580 appellans,
2846 3526 3088 3565 amaram
3110 3511 3576 3581 (salsuginosam—

1997 3621 2125 3674 que,
2170 3619 2235 3658 ac
2269 3604 2517 3657 sterilem
2541 3604 2672 3656 olim
2708 3601 2983 3673 gentium)
3022 3602 3403 3656 inﬁdelitatem

2072 3697 2290 3750 Parasti
2316 3697 2371 3749 in
2403 3696 2633 3749 bonitate
2668 3705 2762 3748 tna
2805 3696 3051 3764 pauperi,
3082 3693 3246 3748 Deus.
3287 3692 3387 3747 Per
3431 3707 3579 3762 pauo

1997 3806 2205 3861 perem,
2230 3790 2487 3861 gentilem
2516 3790 2776 3860 populum
2813 3788 3090 3859 intelligit,
3122 3789 3213 3859 qui
3244 3788 3419 3841 nullas
3446 3786 3576 3841 olim

1999 3882 2320 3951 spirituales
2350 3880 2575 3936 divitias
2634 3890 2943 3949 acceperat.
2978 3880 3170 3949 Neque
3220 3879 3365 3933 enim
3401 3879 3575 3947 legem

2000 3974 2255 4039 habebat,
2286 3980 2382 4027 aut
2406 3971 2724 4042 prophetas,
2768 3973 2863 4027 sed
2890 3986 3001 4041 prae
3032 3986 3250 4025 summa
3285 3968 3381 4024 Dei
3418 3969 3577 4024 beni-

1998 4068 2225 4135 gnitate,
2282 4066 2402 4120 alia:
2452 4065 2532 4119 eis
2592 4075 2795 4133 paratae
2850 4064 3077 4118 fuerunt
3129 4062 3335 4116 divitiae
3412 4078 3426 4114 :
3486 4062 3577 4114 illa

2000 4158 2256 4212 nimirum
2291 4157 2473 4226 pluvia
2504 4156 2838 4209 voluntaria.

2069 4246 2239 4300 Vsus.
2262 4248 2351 4301 i2.
2382 4245 2640 4298 Dominus
2670 4245 2818 4296 dabit
2849 4244 3060 4297 verbum
3085 4240 3577 4314 cvangelizautibus

1998 4339 2190 4391 virtute
2225 4338 2415 4391 multa.
2465 4334 2578 4389 Hoc
2627 4336 2692 4387 ad
2732 4336 3011 4402 apostolos
3042 4334 3303 4403 pertinet,
3336 4336 3563 4404 quibus.

1995 4443 2118 4481 cum
2154 4427 2461 4496 piscatores
2494 4432 2701 4487 essent,
2729 4434 2895 4493 atque
2932 4423 3138 4488 idiotac,
3175 4426 3571 4481 subministra-

1996 4520 2075 4574 vit
2107 4518 2249 4573 Deus
2282 4516 2569 4589 sapientiae
2597 4518 2823 4569 verbum
2870 4533 2884 4570 :
2918 4526 3084 4585 atque
3124 4514 3231 4569 hoc
3263 4525 3414 4569 tanta
3448 4532 3573 4569 cum

1996 4612 2223 4671 virtute,
2262 4617 2322 4662 ut
2364 4608 2534 4662 multa
2575 4608 2767 4673 etiam,
2810 4615 2975 4677 atque
3010 4606 3357 4662 admirabilia
3384 4622 3575 4677 opera-

1928 4688 1973 4744 D
2002 4709 2191 4755 rentur
2221 4700 2513 4754 miracula.

2064 4791 2233 4845 Vens.
2263 4790 2349 4843 15.
2384 4789 2496 4842 Rex
2518 4791 2772 4843 virtutum
2804 4789 3007 4842 dilecti.
3039 4789 3313 4844 Dilectum
3343 4790 3577 4859 appellat

1994 4883 2334 4951 unigenitum
2367 4878 2570 4933 Filium
2597 4880 2792 4943 Deum,
2831 4881 2899 4935 de
2929 4896 3039 4947 quo
3073 4882 3279 4935 dictum
3330 4881 3567 4949 legimus

1994 4989 2023 5026 a
2060 4972 2221 5026 Patre
2254 4990 2268 5025 :
2305 4969 2409 5024 llic
2439 4980 2519 5024 est
2558 4968 2731 5025 Filius
2761 4988 2907 5025 metu
2943 4971 3170 5027 dilectus
3200 4971 3266 5027 ".
3306 4970 3411 5027 Per
3450 4973 3558 5024 vir-

1994 5075 2132 5120 tutes
2168 5080 2297 5119 vero
2331 5062 2538 5126 dilecti,
2573 5063 2726 5133 ipsos
2767 5065 3050 5134 apostolos
3091 5065 3354 5136 inteliige,
3403 5065 3572 5119 veluti

1992 5158 2142 5213 illius
2181 5156 2412 5211 milites.
2474 5155 2583 5211 Eos
2621 5154 2828 5210 etenim
2872 5165 2933 5210 ut
2981 5157 3187 5211 milites
3221 5165 3567 5224 susceperat,

1994 5258 2055 5305 ut
2080 5263 2292 5305 summa
2319 5247 2368 5301 vi
2415 5262 2482 5302 ac
2521 5247 2765 5317 potentia
2825 5248 3092 5305 adversus
3120 5252 3427 5306 daemonum
3466 5251 3569 5303 im-

2000 5352 2185 5411 petum
2246 5341 2591 5395 resisterent.
2642 5339 2849 5393 Harum
2894 5348 3078 5394 autem
3130 5341 3397 5395 virtutum
3456 5341 3575 5411 ipse

1996 5434 2140 5488 Deus
2171 5432 2352 5496 Pater,
2387 5432 2503 5487 Rex
2531 5430 2732 5486 dicitur
2768 5446 2917 5498 esse,
2947 5445 3119 5501 regno
3151 5431 3260 5487 hoc
3306 5431 3570 5485 nimirum

1998 5524 2101 5579 sibi
2133 5538 2227 5593 per
2247 5522 2444 5577 Filium
2487 5530 2701 5591 parato.

2071 5617 2269 5688 Speciei
2295 5619 2484 5674 domus
2516 5616 2751 5673 dividere
2783 5616 2983 5687 spolia.
3021 5616 3208 5680 Dabit,
3262 5612 3461 5685 inquit,
3490 5612 3571 5669 eis

398 5795 621 5851 “Psal.
679 5811 737 5859 ιι,
768 5796 823 5852 8.
899 5797 946 5829 “
985 5797 1173 5853 Matth.
1236 5814 1345 5863 xu,
1403 5798 1454 5851 8.
1535 5796 1803 5854 “Matth.
1863 5812 1937 5863 ιιι,
1977 5797 2060 5851 l7.
