4082 6264
511 310 618 376 667
1703 312 2095 373 EUTHYMH
2132 315 2503 375 ZIGABENI
3670 309 3776 372 683

516 419 661 477 Deus
703 419 958 488 verbum,
986 426 1047 476 ut
1098 417 1453 476 inimicorum
1500 422 1731 477 exuvias
1777 423 2028 478 dividant
2065 463 2082 488 ,

2203 425 2369 478 Δὼσει
2418 427 2606 490 αὐτοῖς
2649 423 2828 496 ῥῆμα,
2865 424 2947 487 εἰς
2978 421 3038 477 τὸ
3073 419 3504 493 ὁιαμερίσαεθαι
3556 420 3774 490 λάφυρα

512 514 662 584 ipsas
721 514 976 569 nimirum
1019 523 1231 584 gentes.
1282 513 1518 569 Devirtis
1565 515 1710 568 enim
1749 516 2093 572 daemonibus

2203 516 2300 569 :th
2325 516 2561 587 ἐχθρῶν,
2591 516 2629 571 ἃ
2659 517 2770 569 εἰσὶ
2811 513 2880 568 τὰ
2931 514 3062 583 ἔθνη
3089 530 3103 544 ·
3137 516 3465 584 νικήσαντες
3508 511 3618 583 γὰρ
3647 511 3774 575 τοὺς

512 607 902 677 exspoliarunt
933 621 1030 663 eos
1070 605 1329 677 apostoli,
1368 614 1422 660 ct
1450 606 1520 660 ab
1549 606 1660 663 illis
1712 607 1963 661 homines
1995 622 2093 664 eos

2203 607 2482 678 Βαίμονας,
2515 607 3052 679 ἐλαφυραγώγησαν,
3083 605 3410 676 ἀφελόμενοι
3433 604 3560 669 τοὺς
3592 603 3776 657 δεδου-

513 699 885 768 abstulerunt,
930 700 1024 771 qui
1081 699 1190 756 illis
1235 708 1398 756 antea
1456 701 1853 756 inserviebam.
1910 699 2091 766 Dabit,

510 793 665 860 dico,
698 794 843 851 Deus
874 796 1143 866 apostolis
1174 797 1424 862 verbum,
1471 805 1529 850 ut
1579 795 1931 850 inimicorum
1968 810 2093 863 spo-

511 884 584 939 lia
628 887 899 955 dividant.
930 888 1352 947 formosissima:
1399 904 1465 943 ac
1501 888 1927 958 speciosissima:
1957 885 2094 942 fide-

511 975 646 1033 lium
701 979 1009 1039 Ecclesiae:
1066 983 1121 1039 in
1167 998 1301 1056 qua,
1352 981 1522 1038 veluti
1593 980 1648 1036 iu
1695 979 2089 1035 decentissima

513 1068 680 1126 domo
736 1071 996 1132 Christus
1047 1074 1312 1132 Dominus
1358 1075 1593 1138 habitat,
1627 1071 2093 1144 quemadmodum

2192 697 2472 770 λωμέννιυς
2521 701 2706 763 αὐτοῖς
2726 717 2739 730 ·
2771 699 3042 754 διελέσθαι
3074 699 3128 753 δὲ
3158 698 3302 751 αὐτὰ
3345 701 3411 770 τῇ
3464 698 3778 769 ὡραιοτάτη

2205 788 2509 862 Ἐκκλησία
2540 791 2651 844 τῶν
2682 790 2913 855 πιστῶν,
3013 791 3215 844 ἐνοικεῖ
3237 791 3266 844 ὀ
3299 789 3455 853 Θεός.
3512 788 3623 842 Καὶ
3650 787 3781 858 μέν·

2191 899 2276 937 τοι
2308 881 2592 946 διείλοντο,
2616 884 2650 935 ὁ
2681 882 2780 953 μὲν
2822 881 2942 936 τόδε
2975 883 3034 936 τὸ
3074 882 3251 945 ἔθνος,
3294 882 3323 936 ὀ
3350 880 3409 934 δὲ
3436 878 3557 933 τόδε
3604 895 3778 949 προσ-

2198 972 2450 1041 αγαγών.
2511 972 2612 1043 Εἴη
2657 974 2702 1029 δ’
2736 976 2804 1029 ἂν
2851 974 3126 1048 ὡραιότης
3174 976 3275 1046 τῆς
3314 973 3672 1046 Ἑκκλησῑις,
3719 972 3780 1026 τὸ

2207 1067 2562 1136 Εὐαγγέλιον,
2598 1068 2668 1122 δι’
2697 1063 2761 1122 οὗ
2787 1069 3012 1135 τούτους
3036 1069 3320 1124 διείλοντο.

512 1171 569 1218 et
600 1179 704 1221 nos
756 1166 933 1222 divisa
983 1183 1048 1225 ea
1103 1183 1226 1224 esse
1270 1169 1664 1240 conspicimus.
1697 1163 2086 1235 Apostolorum
2127 1160 2272 1213 enim
2298 1161 2434 1214 alter
2465 1172 2682 1230 gentem
2719 1162 2890 1226 illam,
2919 1170 2977 1218 et
3003 1163 3144 1217 alter
3203 1163 3431 1217 alteram
3491 1161 3560 1216 ad
3619 1159 3777 1216 fidem

513 1257 765 1318 adduxit.
826 1263 1135 1320 Possumus
1191 1263 1357 1318 etiam
1409 1276 1506 1331 per
1564 1261 1807 1332 speciem
1861 1256 2082 1314 domus.
2126 1248 2406 1321 Evangelii
2457 1253 2926 1323 pulchritudinem
2975 1254 3314 1325 intelligere,
3397 1266 3509 1323 quo
3599 1252 3776 1311 veluti

513 1357 774 1426 quopiam
809 1356 1176 1414 instrumento
1212 1357 1445 1428 apostoli
1506 1357 1620 1410 haec
1673 1353 1846 1424 spolia
1889 1349 2200 1404 diviserunt
2226 1347 2442 1414 (verum
2487 1356 2618 1404 tunc
2687 1365 2797 1405 non
2863 1348 3070 1420 speciei
3124 1346 3416 1420 legendum
3499 1353 3612 1413 est,
3685 1350 3779 1405 sed

472 1458 476 1462 ’
512 1455 716 1523 specie.
751 1444 998 1523 Utraque
1029 1455 1179 1511 enim
1239 1454 1403 1510 lectio
1432 1453 1642 1508 Graecis
1696 1457 1876 1522 potest
1913 1442 2098 1502 verbis
2128 1445 2588 1515 acrommodari).

590 1569 756 1627 Vsus.
788 1573 878 1628 Η.
916 1571 976 1627 Si
1007 1572 1287 1628 dormiatis
1319 1574 1461 1626 inter
1485 1571 1684 1626 medios
1726 1571 1914 1622 cleros.
1955 1565 2094 1618 Dor.

518 1661 660 1717 mire
713 1662 768 1718 in
826 1666 1085 1734 praesenti
1122 1665 1242 1719 loco
1305 1666 1486 1732 posuit
1536 1679 1636 1734 pro
1689 1663 1846 1716 mori.
1900 1659 2094 1713 Sermo

2288 1565 2427 1620 Ἐὰν
2464 1567 2790 1636 κοιμηθῆτε
2818 1567 2934 1623 ἀνὰ
2957 1566 3158 1637 μέσον
3182 1564 3304 1620 τῶν
3334 1565 3595 1635 κληρῶν.
3650 1567 3781 1621 Κοι-

2207 1659 2452 1729 μηοῆναι
2475 1663 2567 1715 teri
2598 1661 2696 1716 τοῦ
2726 1662 2995 1732 παρόντος
3029 1659 3220 1731 ῥητοῦ,
3250 1660 3312 1713 τὸ
3337 1659 3634 1715 ἀποθανεῖν
3658 1662 3782 1729 νοή-

514 1754 665 1808 enim
694 1754 980 1824 i’rOpbeta:
1010 1765 1095 1810 est
1139 1757 1204 1809 ad
1251 1757 1550 1826 apostolos,
1576 1755 1850 1809 dicentis:
1885 1751 1963 1804 ita
1995 1750 2089 1804 de-

2205 1770 2395 1823 σομεν.
2451 1755 2590 1825 Φησὶ
2641 1754 2752 1825 γὰρ
2803 1754 2940 1825 πρὸς
2966 1754 3165 1816 αὐτοὺς
3210 1754 3239 1806 ὁ
3287 1753 3608 1825 Προφήτης,
3669 1754 3778 1819 ὅτι,

518 1861 669 1901 mum
706 1850 1051 1905 adducentur
1088 1849 1243 1906 vobis
1304 1851 1419 1905 haec
1463 1849 1661 1920 spolia,
1701 1848 1746 1903 si
1786 1844 2096 1900 moriemini

523 1940 671 1995 inter
699 1943 908 1997 medios
940 1944 1140 2008 cleros,
1176 1943 1280 1998 hoc
1313 1952 1420 2005 est,
1461 1943 1606 1995 inter
1636 1942 1844 1995 medias
1878 1945 2095 2009 gentes,

518 2047 642 2102 quae
700 2035 752 2087 in
804 2034 1036 2099 clerum,
1091 2038 1196 2088 hoc
1246 2043 1351 2099 est,
1396 2036 1450 2088 in
1498 2042 1706 2088 sortem
1753 2031 1908 2085 vobis
1956 2030 2100 2084 daue

518 2136 670 2180 sunt.
707 2127 772 2182 Et
802 2143 939 2183 sane
970 2129 1189 2192 quidem
1219 2128 1586 2198 praedicantes
1610 2127 1781 2181 occisi
1817 2135 1968 2180 sunt.
2001 2122 2096 2178 Vel

517 2221 701 2286 aliter,
753 2220 809 2275 Si
839 2221 1197 2288 dormieritis,
1231 2222 1334 2278 huc
1364 2237 1471 2285 (εει,
1510 2229 1554 2276 si
1604 2220 1882 2274 immorati
1913 2219 2092 2272 fueri-

517 2314 613 2370 tis.
673 2314 1003 2370 lmmoratur
1063 2315 1208 2370 enim
1271 2324 1326 2369 ct
1377 2314 1586 2370 diutius
1636 2322 1943 2384 permanet,
2001 2311 2098 2383 qui

518 2400 745 2458 dormit.

593 2495 708 2550 Αιω
755 2498 1011 2551 columba:
1074 2499 1457 2568 deargentatw,
1507 2506 1557 2551 et
1604 2497 1902 2566 posteriora
1950 2495 2100 2550 dorsi

518 2590 637 2658 ejus
663 2590 717 2643 in
750 2591 955 2657 pallore
993 2593 1132 2645 auri.
1166 2591 1491 2646 Columbam
1527 2601 1786 2658 putamus
1814 2590 2098 2645 Christum

519 2699 667 2744 esse,
702 2683 774 2740 ob
801 2685 920 2753 ejus
951 2684 1212 2738 nimirum
1270 2685 1753 2740 mansuetudinem
1790 2700 1853 2738 ac
1881 2683 2103 2754 patien-

521 2777 675 2832 tiam.
702 2775 808 2832 Per
832 2778 996 2847 hujus
1027 2785 1210 2832 autem
1241 2778 1506 2832 columine
1539 2780 1681 2844 alas,
1713 2778 1924 2832 Christi
1975 2793 2101 2833 cor-

520 2886 624 2940 pus
657 2871 964 2941 intelligere
1009 2887 1325 2940 possumus,
1383 2873 1556 2927 veluti
1613 2874 1971 2939 exteriorem,
2001 2888 2100 2927 seu

520 2966 700 3034 magis
749 2974 1047 3020 extremam
1085 2979 1296 3037 partem
1343 2986 1356 3022 :
1419 2983 1516 3036 per
1565 2969 1871 3038 posteriora
1920 2975 2099 3020 autem

519 3059 668 3115 dorsi
693 3057 838 3131 [quae
861 3059 1035 3115 ϐιτροί
1067 3062 1230 3115 unico
1259 3063 1528 3116 vocabulo
1562 3062 1880 3131 μετάφρενα
1912 3059 2102 3115 dicunt

2206 1848 2693 1919 Ιῐροσαχθήσονται
2714 1849 2886 1903 ταῦτα
2914 1849 2981 1900 τὰ
3007 1847 3205 1910 σκῦλα,
3225 1846 3322 1900 ἐὰν
3343 1838 3656 1916 ἀποϐἇνῆτε
3678 1847 3780 1902 ἀνὰ

2205 1943 2375 2010 μέσον
2410 1941 2521 1993 τῶν
2557 1943 2805 2013 κλήρων,
2839 1943 2957 2009 ἤτοι
2983 1942 3093 1993 τῶν
3123 1939 3633 2011 κληροδοτηϐἐντων
3657 1941 3785 2011 ὑμῖν

2202 2032 2394 2086 ἐθνῶν.
2435 2033 2542 2087 Καὶ
2575 2033 2757 2104 μέντοι
2782 2032 3185 2104 κηρύσσοντες,
3213 2029 3667 2102 ἁνῃρέθησαν.“η
3694 2033 3786 2085 καὶ

2202 2127 2403 2190 ἄλλως,
2437 2128 2534 2180 ἐὰν
2582 2129 2910 2200 χρονξσητε’
2952 2124 3196 2197 χρονίζει
3257 2125 3367 2195 γὰρ
3425 2125 3702 2197 ἀκινήτως
3754 2126 3789 2178 ὁ

2201 2220 2571 2290 κοιμώμενος.

2273 2489 2572 2558 Πτέρυγες
2605 2492 2964 2561 περιστερᾶς
2989 2495 3562 2564 περιηρῃηιρωμέναι,
3593 2494 3687 2549 καὶ
3713 2495 3793 2549 τὰ

2195 2581 2544 2651 μετάφρενα
2576 2583 2769 2652 αὐτῆς
2817 2585 2888 2640 ἐν
2928 2589 3263 2656 χλωρότητι
3308 2590 3589 2657 χρυσίου.
3626 2589 3797 2656 Περι-

2203 2678 2406 2744 στερὰν
2434 2676 2663 2746 οἰόμεθα
2701 2677 2794 2730 τὸν
2861 2679 3120 2750 Χριστὸν,
3184 2680 3275 2734 διὰ
3305 2681 3367 2734 to
3401 2681 3796 2752 φιλάνθρωπον

2203 2771 2298 2823 καὶ
2337 2769 2690 2837 ἀνεξίκακον,
2745 2765 2806 2826 οὗ
2840 2773 3116 2844 πτέρυγες
3147 2774 3248 2843 μὲν
3286 2775 3376 2844 εἴη
3409 2775 3476 2829 ἂν
3505 2774 3568 2829 τὺ
3599 2775 3793 2845 σῶμα,

2205 2865 2279 2928 ὡς
2317 2864 2646 2934 ἀκρότατον,
2687 2865 3007 2934 μετάφρενα
3037 2866 3094 2920 δὲ
3119 2870 3152 2939 ἡ
3177 2866 3352 2940 ψυχὴ,
3378 2868 3456 2933 ὡς
3485 2868 3793 2939 ἐνδότερον.

2204 2956 2368 3021 Λέγει
2399 2956 2479 3021 δὲ,
2521 2957 2604 3008 ὅτι
2636 2955 3130 3026 λελαμπρυσμένον
3161 2958 3261 3028 μὲν
3305 2958 3365 3011 τδ
3400 2959 3560 3030 σῶμα
3591 2959 3796 3024 αὑτοῦ,

2203 3047 2278 3108 ὡς
2337 3048 2765 3118 ἀναμάρτητονο
2829 3049 3086 3120 λαμπρὸς
3146 3049 3256 3118 γὰρ
3304 3054 3332 3105 ὀ
3373 3051 3650 3122 ἄργυρος·
3727 3054 3797 3105 ὲν

519 3158 576 3207 et
608 3170 708 3209 nos
744 3167 1045 3223 possumus
1070 3157 1331 3224 scapulas
1361 3155 1568 3227 dicere]
1616 3160 1856 3210 animum
1887 3155 2094 3209 Christi

2203 3141 2510 3211 χλωρότητι
2561 3142 2619 3195 δὲ
2649 3143 2878 3212 χρυσίου
2909 3145 2942 3214 ἡ
2984 3143 3134 3215 ψυχὴ
3189 3142 3383 3210 αὑτοῦ,
3417 3143 3494 3206 ὡς
3527 3143 3798 3214 ἠνιιιμένη

521 3244 796 3317 intelligit,
833 3257 1091 3317 tanquam
1154 3249 1466 3302 interiorem
1494 3288 1508 3310 ,
1556 3263 1619 3301 ac
1676 3248 1850 3316 magis
1896 3254 2096 3301 tectam

522 3346 754 3406 partem.
813 3338 1188 3409 Splendidum,
1249 3340 1446 3408 inquit,
1523 3349 1688 3411 atque
1741 3343 1962 3411 elegans
2016 3351 2100 3396 est

520 3427 722 3483 Christi
775 3445 1000 3500 corpus.
1045 3440 1100 3484 et
1136 3433 1349 3499 argenti
1405 3435 1582 3486 instar
1635 3431 1870 3502 refulget
1910 3433 2097 3488 :omni

519 3520 665 3575 enim
721 3531 871 3576 caret
933 3522 1138 3590 peccati
1201 3524 1414 3577 macula
1458 3539 1698 3589 ;vcrum
1760 3540 1876 3592 ipsa
1933 3525 2100 3580 etiam

521 3615 728 3675 anima,
777 3627 887 3666 non
930 3616 1128 3668 minori
1185 3614 1304 3670 luce
1357 3630 1421 3669 ac
1475 3615 1690 3688 fulgore
1741 3617 2098 3686 splendescit,

522 3719 648 3758 cum
686 3704 991 3775 purissimo
1047 3707 1224 3776 possit
1284 3721 1419 3761 auro
1451 3709 1786 3778 comparari.
1854 3711 1936 3764 Ab
1984 3711 2102 3780 ipsa

522 3797 670 3850 enim
724 3798 1045 3861 divinitate,
1081 3801 1170 3853 cui
1221 3801 1374 3854 unita
1432 3811 1598 3870 atque
1645 3803 1943 3872 conjuncta
1994 3812 2100 3869 est,

524 3890 841 3959 huiusmodi
875 3892 1017 3947 lucis
1042 3893 1231 3947 radios
1284 3894 1473 3947 sumit.
1511 3892 1782 3949 Pallorem
1817 3905 1950 3950 vero
1983 3895 2102 3951 auri

522 3984 684 4049 dixit,
713 3985 842 4053 quia
876 3987 1084 4055 pallere
1116 3987 1259 4041 solet
1303 4000 1522 4049 aurum,
1559 3987 1703 4055 quod
1735 3989 2100 4058 purissimum

521 4085 630 4132 est.
678 4076 785 4131 Alii
839 4080 1242 4147 praecedentem
1293 4081 1630 4136 versiculum
1675 4081 1806 4136 huic
1865 4081 2102 4151 conjun-

521 4175 733 4236 gcntes,
758 4167 833 4222 ita
862 4179 1148 4239 exponunt
1182 4189 1195 4223 :
1244 4171 1299 4224 Si
1331 4172 1561 4226 stabiliti
1598 4171 1814 4227 fueritis
1845 4174 1897 4226 in
1923 4173 2106 4230 medio

525 4258 758 4313 duorum
784 4258 1283 4329 Testamentorum,
1305 4262 1520 4319 Veteris
1548 4265 1829 4329 nimirum,
1863 4273 1917 4318 et
1945 4263 2103 4319 Novi.

528 4353 754 4408 Stahilis
791 4355 938 4409 enim
970 4369 1033 4410 ac
1068 4356 1367 4410 immobilis
1397 4372 1720 4426 permanere
1757 4356 1998 4415 videtur,
2047 4365 2106 4410 ut

524 4445 795 4510 diximus,
849 4443 940 4515 qui
996 4447 1195 4502 dormit
1230 4465 1245 4501 :
1277 4455 1332 4501 et
1384 4457 1563 4502 sortes
1607 4449 1805 4502 merito
1837 4450 2102 4518 appellari

2203 3239 2271 3305 τῇ
2312 3234 2568 3302 Θεότητι.
2603 3235 2676 3289 Τὸ
2713 3235 2926 3307 χλωρὸν
2949 3237 3059 3307 γὰρ
3095 3237 3344 3309 χρυσίον,
3389 3237 3799 3307 καθαρώτατόν

2204 3330 2376 3383 ἐστιν.
2412 3329 2602 3384 ’Λλλοι
2639 3329 2697 3384 δὲ
2725 3330 2788 3382 τὸ
2821 3330 2929 3398 πρὸ
2987 3329 3179 3384 τούτου
3238 3332 3407 3401 ῥητὸν
3441 3331 3518 3402 τῷ
3551 3333 3800 3403 παρόντι

2204 3421 2617 3485 συντάττοντες,
2664 3421 2832 3490 φασιν
2859 3422 2942 3475 ὅτι
2962 3464 2979 3488 ,
3026 3422 3158 3476 Ἐὰν
3185 3422 3530 3494 στερεωθῆτε
3557 3423 3662 3477 ἀνὰ
3689 3424 3805 3489 μέ·-

2205 3533 2296 3567 σον
2326 3515 2434 3568 τῶν
2459 3514 2552 3567 δύο
2580 3515 2894 3586 Διαοηκῶν,
2918 3516 3018 3582 τῆς
3036 3533 3094 3570 τε
3121 3517 3368 3581 Παλαιᾶς
3397 3518 3488 3571 καὶ
3511 3517 3605 3587 τῆς
3617 3515 3798 3582 Νέαςο

2207 3609 2543 3676 ὲστερέωται
2572 3609 2683 3679 γὰρ
2714 3609 2992 3680 ἀκινήτως
3025 3612 3055 3663 ὁ
3096 3608 3447 3680 κοιμώμενος
3469 3627 3482 3642 ο
3531 3612 3626 3663 καὶ
3652 3610 3803 3665 ἁπο-

2204 3698 2578 3769 κεκλήρωνται
2604 3699 2660 3752 αἱ
2675 3697 3013 3768 Διαθῆκαι,ή
3033 3698 3131 3768 μὲν
3147 3699 3224 3769 τῷ
3247 3698 3414 3754 πάλαι
3434 3697 3548 3769 λαῷ
3566 3699 3668 3770 πρὸ
3689 3701 3803 3756 τοῦ

2207 3789 2474 3859 σταυροῦ,
2511 3792 2543 3861 ἡ
2579 3790 2637 3844 δὲ
2672 3788 2750 3859 τῷ
2778 3790 2886 3860 νέῳ
2916 3790 3057 3860 μετὰ
3079 3789 3171 3843 τὸν
3197 3790 3467 3862 σταυρόν·
3507 3790 3601 3842 ἐὰν
3619 3789 3802 3853 οὕτω.

2209 3885 2365 3954 φησὶ,
2403 3887 2668 3954 ποιήσητε
2702 3883 2836 3954 (56),
2879 3883 3210 3953 μεσὰζοντες
3238 3884 3332 3938 καὶ
3365 3882 3805 3962 ωμβισάξοντες

2204 3978 2301 4050 τὴν
2329 3978 2475 4031 Νέαν
2509 3979 2646 4047 ergo;
2665 3978 2766 4047 τὴν
2795 3975 3045 4030 Παλαιάν
3063 3995 3076 4007 ·
3106 3978 3295 4048 ἐκείνη
3321 3977 3422 4047 μὲν
3455 3977 3562 4048 γὰρ
3592 3976 3804 4041 τύποις,

2207 4071 2350 4142 αὕτη
2405 4072 2462 4124 δὲ
2515 4070 2785 4141 ἀλήθεια·
2825 4071 2949 4124 τότε
2997 4073 3098 4139 τῆς
3143 4070 3508 4143 περιστερᾶς,
3539 4070 3658 4142 ἦτοι
3688 4070 3807 4126 τοῦ

2209 4165 2366 4234 ἁγίου
2400 4163 2718 4234 “vstigia-co;
2747 4163 2803 4217 ai
2837 4163 2937 4234 μὲν
2960 4163 3252 4234 πτέρυγες,
3285 4163 3463 4217 show
3486 4162 3552 4215 τὰ
3584 4161 3806 4216 inloti-

2210 4256 2515 4326 στερα,καὶ
2549 4257 2827 4327 ἁκρότατα
2861 4258 3130 4327 νοήματα,
3158 4256 3394 4327 λαμπρὰ
3428 4258 3801 4325 φανήσονται*

2207 4351 2277 4404 τὰ
2306 4350 2360 4402 δὲ
2398 4350 2738 4420 μετάφρενα,
2762 4349 3045 4403 τουτέστιν
3071 4347 3140 4402 τὰ
3172 4349 3427 4418 ἐνδότερα
3457 4349 3553 4401 καὶ
3580 4363 3804 4417 μυστη-

2213 4442 2568 4514 ριωδέστερα,
2593 4441 2751 4510 δίκην
2781 4441 3128 4512 χλωρότητος
3161 4438 3370 4511 χρυσοῦ
3393 4438 3794 4510 καθαρώτεραθ

529 4549 767 4607 possunt
791 4539 900 4595 duo
931 4538 1305 4606 Testamenta,
1332 4556 1452 4594 cum
1487 4543 1616 4595 illud
1652 4543 1876 4612 antiquo
1904 4545 2099 4612 populo

2209 4512 2259 4590 εἰ
2288 4536 2344 4590 δὲ
2374 4536 2632 4607 λαμπρὸς
2686 4536 2786 4605 μὲν
2820 4536 2848 4590 ὁ
2886 4536 3153 4606 ἄργυρος,
3189 4533 3446 4606 λαμπρὸς
3499 4532 3555 4585 δὲ
3605 4534 3699 4585 καὶ
3768 4533 3805 4586 ὁ

525 4632 654 4687 ante
685 4640 930 4688 crucem,
962 4628 1198 4681 alterum
1242 4642 1384 4680 novo
1437 4628 1660 4697 populo,
1690 4641 1814 4698 post
1854 4647 2101 4693 crucem,

2201 4628 2426 4700 χρυσὸς,
2485 4627 2601 4681 ἀλλ’
2651 4630 2684 4696 ἡ
2737 4625 2832 4680 τοῦ
2865 4627 3071 4697 χρυσοῦ
3119 4626 3447 4696 λαμπρότης
3516 4622 3806 4694 βαθυτέρα

528 4718 583 4769 in
624 4729 829 4771 sortem
862 4719 986 4771 data
1028 4721 1159 4773 sint.
1187 4717 1242 4772 Si
1273 4719 1436 4788 igitur
1454 4720 1818 4773 constiteritis
1843 4723 1894 4774 in
1927 4723 2099 4777 medio

2204 4720 2322 4772 ἔστι
2348 4735 2362 4750 ο
2405 4718 2747 4788 περιστερὰν
2775 4718 2832 4770 δὲ
2869 4716 3052 4769 νοοῦσι
3100 4717 3163 4770 τὸ
3212 4717 3368 4784 ἅγιον
3417 4714 3662 4784 Πνεῦμα,
3702 4712 3806 4767 ὅτι

528 4809 820 4879 utriusque
853 4809 1208 4875 Testamenti,
1251 4820 1309 4864 et
1340 4811 1487 4880 quod
1545 4828 1749 4866 novum
1795 4823 1902 4879 est,
1933 4815 2099 4869 veteri

2203 4813 2303 4866 καὶ
2334 4812 2394 4864 ὲν
2423 4811 2559 4864 εῖδει
2605 4812 2940 4882 περιστερᾶς
2970 4808 3245 4880 κατῆλθεν
3288 4809 3382 4863 ἐπὶ
3431 4808 3521 4862 τδν
3553 4807 3808 4879 Χριστὸν

526 4917 831 4957 consonum
864 4904 1232 4960 credideritis.
1269 4903 1441 4960 Vetus
1473 4905 1681 4960 etenim
1710 4907 1882 4977 figura
1911 4915 2017 4973 est,
2049 4918 2099 4964 et

2204 4905 2627 4980 βαπτιζόμενον.

529 4997 734 5052 Novum
794 4997 996 5053 veritas
1040 5014 1054 5052 :
1093 5005 1224 5053 tunc
1292 4998 1392 5053 alte
1458 4999 1745 5063 columbae,
1814 4999 1916 5053 hoc
1980 5010 2064 5056 est
2131 5002 2432 5057 exteriores
2493 5012 2559 5054 ac
2606 4994 2971 5066 simpliciores
3035 4993 3212 5049 sancti
3275 4991 3515 5064 Spiritus
3569 5005 3806 5048 sensus.

528 5090 798 5160 splendidi
853 5106 974 5146 esse
1006 5092 1159 5146 vobis
1205 5092 1536 5146 videbuntur
1569 5111 1583 5145 :
1616 5104 1671 5146 et
1735 5094 1994 5162 scapulze,
2065 5095 2168 5151 hoc
2205 5105 2316 5160 est,
2349 5093 2664 5153 interiores,
2697 5096 2752 5142 et
2783 5087 2958 5158 magis
2992 5087 3236 5159 mystica:
3260 5086 3802 5156 contemplationes.

530 5193 706 5245 instar
739 5186 1082 5256 pallidissimi
1119 5203 1181 5242 ac
1221 5187 1500 5256 purissimi
1535 5188 1654 5241 auri
1699 5187 1964 5256 fulgorem
2022 5205 2085 5245 ac
2127 5191 2303 5247 lucem
2351 5206 2503 5244 suam
2572 5187 2727 5242 vobis
2804 5185 3282 5240 dctnonstrabunt.
3339 5183 3405 5238 Et
3481 5197 3808 5254 quanquam

533 5292 824 5352 utrumque
845 5298 908 5336 ex
946 5283 1032 5337 his
1059 5283 1296 5337 metallis
1361 5281 1868 5351 splemlidissimum
1926 5285 2016 5350 sit,
2053 5285 2175 5340 auri
2218 5295 2402 5339 tamen
2445 5286 2705 5354 splendor
2755 5280 3116 5337 inlensiorem
3167 5278 3453 5353 prmsefert
3501 5279 3809 5350 fulgorem.

1870 5464 2067 5524 Vari-te
2099 5463 2432 5526 lectiones.

610 5624 723 5690 (ΤΗ)
750 5621 993 5677 Fidelius
1028 5636 1118 5674 nec
1155 5620 1264 5673 loco
1297 5629 1528 5671 moretur
1551 5621 1695 5686 quid.

612 5689 725 5754 (33’)
759 5691 947 5745 Crzece
975 5692 1186 5744 aridius
1215 5709 1227 5742 ε
1252 5691 1583 5755 splendidum
1618 5689 2104 5756 dicitejusrorpus.

545 5774 722 5834 utpote
772 5764 971 5828 percuti
1009 5778 1211 5828 expers.
1246 5761 1718 5834 ﬁpicwletmttcm
1767 5764 2045 5834 (tt-iterarunt
2083 5773 2103 5834 ς

546 5829 729 5888 anima
758 5851 877 5889 tero
907 5836 1023 5901 ejus
1065 5837 1114 5885 iu
1165 5829 1363 5898 patiore
1417 5832 1559 5895 auri,
1619 5836 1795 5897 utpote
1838 5829 2115 5883 divinitati

2215 5622 2508 5674 σώμασι-ρης.
2554 5620 2752 5674 Aurum
2789 5635 2946 5687 porro
2978 5620 3182 5685 pallens
3215 5617 3554 5682 purissimum
3581 5623 3685 5666 est.

2289 5690 2398 5760 (35)
2438 5691 2654 5747 Clarius
2700 5701 2753 5747 ct
2786 5691 3025 5755 ﬁdelius,
3074 5699 3122 5743 et
3171 5690 3401 5742 alterum
3459 5703 3574 5739 cum
3624 5687 3810 5744 ullch

2218 5761 2589 5815 conetliariiis.
