4162 6288
481 236 581 299 671

1664 245 1876 305 EUTH
1889 241 2059 302 YMII
2090 240 2458 303 ZIGABENI

3628 246 3707 308 6‘7
3712 242 3755 302 ‘2

483 355 618 408 Cum
657 354 917 424 superius
968 355 1164 410 dixerit
1207 376 1218 410 :
1256 356 1369 411 Iter
1422 358 1583 428 facite
1611 360 1659 412 ei
1692 361 1784 431 qui
1819 359 2057 412 ascendit

2183 355 2614 425 Ὀδοποιήσατε
2634 358 2714 424 τῷ
2739 357 3141 427 ἐπιϐεϐηκότι,
3171 358 3268 413 νῦν
3290 359 3530 424 οἰκείως,
3557 360 3722 431 ἅρμα
3739 390 3756 400 -

484 464 641 515 super
666 464 906 513 occasus,
931 464 1076 502 nunc
1113 451 1164 502 in
1195 451 1398 520 specie,
1436 467 1632 506 currus
1668 451 1760 505 Dei
1785 449 2054 505 meminit.

488 537 590 590 Per
621 555 843 592 currum
876 555 1004 592 vero
1037 540 1152 604 Dei.
1176 558 1270 595 eos
1298 557 1492 598 omnes
1522 544 1826 613 intelligere
1861 558 2062 614 possu—

2163 464 2254 510 τος
2288 450 2723 518 ἐμνημόνευσεν.
2754 448 2881 503 Εἶεν
2919 449 2966 502 δ’
2995 450 3061 502 ἂν
3107 449 3261 520 ἅρμα
3290 449 3424 502 Θεοῦ
3453 451 3649 514 πάντες
3696 453 3754 504 οε

2161 542 2254 593 τὸν
2281 542 2501 610 χαλινὸν
2532 542 2631 611 τῆς
2663 541 2903 604 πίστεως
2932 541 3242 612 δεξάμενοι,
3266 544 3359 596 καὶ
3379 541 3759 610 ὑποζυγέντες

487 643 631 691 mus,
664 628 755 696 qui
788 628 909 683 ﬁdei
935 630 1175 683 habenas
1203 647 1514 702 suscepere,
1559 633 1761 703 quique
1790 633 1854 686 ad
1884 648 2054 688 suave

2183 634 2240 705 τῷ
2275 634 2492 704 Χριστῷ
2546 634 2698 705 ζυγῷ
2727 634 2824 688 τοῦ
2876 634 3140 702 Χριστοῦ,
3195 636 3290 690 καὶ
3338 634 3608 705 ἐπιϐάτην
3645 637 3759 691 καὶ

487 719 691 774 Christi
730 722 920 791 iugum
950 724 1131 791 juncti
1168 735 1319 787 sunt,
1357 740 1818 794 ascensoremque
1855 736 1911 781 et.
1957 742 2060 779 au—

489 812 659 879 rigam
716 827 839 865 eum
902 813 1122 872 habent.
1196 815 1519 884 ilujusmodi
1582 818 1728 871 enim
1786 819 2058 882 homines,

488 917 691 956 currus
750 902 841 958 Dei
910 905 1018 959 dici
1076 901 1359 974 possunt':
1397 911 1531 976 quin
1583 911 1692 962 imo
1753 917 1808 962 et
1860 924 2062 963 currus

489 996 885 1066 multiplicatus
914 999 982 1052 ab
1029 1000 1255 1070 antiquo
1286 999 1378 1055 illo
1423 1002 1696 1071 justorum
1745 1019 1934 1065 curru,
1968 1001 2061 1073 qui

490 1087 633 1140 inter
676 1087 889 1144 Iudaeos
918 1101 1102 1147 erant.

561 1181 740 1236 Millia
787 1185 1197 1240 abundantiam.
1248 1186 1610 1258 Subintellige
1657 1190 1882 1244 verbum
1918 1197 2059 1243 sunt.

488 1274 900 1329 Abundantium
963 1293 1092 1332 vero
1155 1280 1402 1335 ubertate
1451 1296 1513 1335 ac
1561 1280 1847 1336 fertilitate
1885 1282 2061 1336 virtu-

490 1379 628 1426 tum.

564 1465 824 1520 Dominus
882 1468 936 1520 in
971 1468 1044 1522 eis
1095 1467 1150 1521 in
1185 1469 1319 1523 Sina
1353 1479 1470 1522 erat
1513 1469 1566 1522 in
1605 1482 1811 1523 sancto.
1854 1469 2062 1524 Subin-

2163 725 2402 796 ἡνίοχον,
2434 725 2609 796 αὐτὴν
2657 725 2900 797 ἔχοντες.
2936 726 3110 780 Τοῦτο
3158 726 3218 781 δὲ
3241 728 3305 781 τὸ
3347 728 3505 800 ἅρμα
3554 747 3760 802 μυριο-

2165 816 2393 871 πλάσιον
2449 813 2592 870 εἶναι
2646 818 2815 887 λέγει,
2844 817 2940 873 τοῦ
2973 817 3209 873 παλαιοῦ
3254 819 3505 891 ἇρματος
3532 821 3641 876 τῶν
3691 824 3761 875 ἐν

2177 908 2458 974 Ἰουδαίοις
2492 909 2741 967 δικαίων.

2236 1186 2513 1253 Χιλιάδες
2537 1189 2977 1256 εὐθηνούντων.
3017 1191 3208 1246 Λείπει
3253 1191 3315 1244 τδ
3346 1192 3541 1247 είσίν³
3575 1193 3758 1261 εὑθτιο

2167 1278 2404 1332 νούντων
2430 1280 2512 1346 δὲ,
2551 1285 2620 1354 τῇ
2655 1285 3008 1358 καρποφορίᾳ
3037 1285 3146 1338 τῶν
3181 1285 3422 1356 ἀρετῶν.

2235 1460 2452 1529 Κύριος
2475 1460 2545 1514 ἐν
2571 1460 2781 1527 αὐτοῖς
2808 1461 2880 1516 ἐν
2911 1463 3059 1516 Σινὰ
3087 1459 3167 1532 ἦν
3189 1463 3259 1516 ἐν
3293 1461 3373 1530 τῷ
3397 1465 3564 1532 ἁγίῳ.
3620 1464 3765 1519 Λεί-

488 1559 673 1628 tellige
700 1560 1010 1619 relativum,
1048 1561 1158 1631 qui,
1201 1569 1259 1615 nt
1286 1561 1357 1614 sit
1382 1576 1580 1616 sensus
1614 1581 1626 1616 :
1661 1561 1756 1615 Ille
1794 1561 2064 1615 Dominus

2183 1570 2263 1606 ttat
2316 1552 2375 1606 δὲ
2433 1554 2495 1606 τδ
2538 1554 2629 1620 ὃς,
2691 1554 2778 1608 ἵνα
2914 1555 3195 1610 τοιοῦτον·
3229 1557 3436 1628 Κύριος
3471 1560 3530 1611 ὲν
3568 1557 3767 1626 αὐτοῖς

495 1650 548 1705 in
579 1652 659 1706 eis
684 1659 790 1714 est,
825 1652 917 1719 qui
951 1651 1079 1706 olim
1107 1665 1224 1706 erat
1249 1654 1302 1706 in
1333 1661 1527 1707 sancto
1553 1653 1706 1719 Sina,
1735 1664 1788 1708 et
1817 1654 2061 1709 abundat

2183 1646 2342 1709 ἐστιν,
2369 1643 2428 1708 ὃς
2467 1647 2524 1699 ἐν
2561 1645 2641 1717 τῷ
2678 1647 2812 1701 Σινὰ
2841 1642 2910 1719 ἦν
2939 1649 3109 1702 πάλαι
3152 1648 3232 1720 τῷ
3263 1650 3424 1721 άγίῳ.
3460 1652 3767 1721 Περιττευ-

492 1743 663 1796 altera
693 1745 1025 1811 praepositio,
1054 1745 1128 1798 in.
1157 1744 1311 1800 Unus
1343 1745 1510 1815 igitur
1542 1753 1705 1814 atque
1740 1745 1883 1800 idem
1917 1744 2064 1800 Deus

492 1843 578 1890 est
612 1834 728 1902 ille,
759 1837 850 1906 qui
890 1846 1018 1890 tunc
1053 1839 1106 1891 in
1149 1836 1302 1902 Sina,
1335 1846 1399 1892 et‘
1425 1838 1516 1908 qui
1557 1838 1718 1892 modo
1750 1839 1921 1907 legem
1950 1846 2063 1892 Sla-

491 1929 618 1994 tuit,
661 1927 923 1984 Sanctum
967 1939 1152 1983 autem
1193 1929 1323 1984 Sina
1352 1930 1617 1999 appellat,
1656 1929 1826 1984 veluti
1861 1930 2069 1983 sancti-

495 2021 716 2076 licatnm
780 2022 954 2090 ipsius
1004 2021 1100 2076 Dei
1147 2023 1460 2089 prtesentia,
1496 2030 1659 2092 atque
1705 2025 1751 2078 ei
1798 2023 2062 2077 dicatum.

571 2111 731 2169 Vens.
772 2113 862 2168 l9.
899 2115 1205 2168 Ascendisti
1230 2117 1283 2167 in
1312 2116 1504 2179 altum,
1536 2116 1821 2183 captivasti
1851 2115 2071 2180 captivi~

501 2215 688 2258 tatem.
730 2206 784 2260 In
822 2208 1015 2272 altum,
1041 2209 1146 2263 hoc
1173 2217 1280 2266 est.
1310 2211 1362 2261 in
1385 2225 1630 2271 crucem,
1660 2209 1743 2262 vel
1766 2210 1818 2261 in
1845 2208 2066 2263 cmlum.

492 2291 772 2349 Ascensus
798 2305 979 2350 autem
1011 2297 1121 2359 hic,
1155 2296 1461 2351 libertatem
1493 2297 1760 2359 ostendit,
1789 2299 1917 2352 dum
1948 2299 2065 2352 ait:

492 2384 819 2452 Ascendisti,
854 2398 1045 2456 sponte
1089 2399 1181 2442 tua
1233 2391 1519 2444 nimirum.
1573 2389 1652 2444 Tu
1683 2389 1850 2444 etiam
1888 2391 2068 2460 ipsmn

496 2478 805 2544 diabolum,
837 2482 928 2547 qui
955 2482 1300 2551 tyrannidem
1329 2482 1382 2533 in
1413 2497 1513 2535 nos
1541 2482 1854 2545 exercebat,
1886 2479 2070 2536 crucis

491 2567 678 2635 jaculo
712 2569 1034 2633 confodisti,
1079 2582 1131 2626 et
1183 2572 1429 2641 gentium
1480 2573 1857 2641 captivitatem
1895 2572 2070 2638 capti-

495 2661 660 2724 vasti,
709 2677 872 2728 quant
931 2662 1025 2715 ille
1082 2671 1242 2716 antea
1275 2665 1673 2731 captivaverat,
1717 2683 1812 2720 eos
1866 2667 1967 2721 sibi
2013 2666 2067 2721 in

496 2753 817 2807 servitutem
851 2755 1126 2823 redigens.
1161 2755 1458 2824 Propterea
1501 2757 1618 2825 ipse
1649 2756 1916 2812 Dominus
1941 2758 2070 2810 alibi

501 2843 627 2896 ait:
673 2844 803 2898 Cum
849 2857 1025 2899 autem
1074 2847 1343 2901 exaltatus
1392 2848 1544 2916 fuero
1593 2867 1624 2902 α
1675 2860 1840 2914 terra,
1889 2854 2070 2904 omnia

499 2936 711 2988 traham
749 2937 818 2988 ad
858 2954 938 2991 me
971 2938 1038 2992 ⁸⁸.

572 3025 768 3093 Cepisti
817 3029 958 3081 dona
1016 3032 1071 3082 in
1132 3029 1464 3085 hominibus.
1525 3031 1728 3086 Verum
1787 3032 2149 3113 apostolusc

500 3115 706 3171 Paulus
742 3118 886 3172 hunc
936 3119 1182 3176 referens
1230 3123 1566 3176 versiculum
1609 3123 1674 3188 ”,
1713 3139 1820 3177 non
1854 3122 2075 3192 Cepisti,

503 3208 599 3271 ait,
626 3210 719 3265 sed
748 3209 973 3277 Dedisti,
1006 3219 1063 3265 et
1116 3219 1413 3280 utrumque
1462 3214 1662 3267 factum
1701 3224 1807 3270 est.
1843 3213 1978 3268 Nam
2013 3216 2081 3268 ab

502 3299 570 3355 iis
603 3302 694 3369 qui
742 3301 808 3354 ad
858 3316 919 3356 se
955 3303 1225 3358 accedunt
1275 3307 1423 3376 Deus
1471 3306 1629 3359 ﬁdem
1695 3313 1748 3360 et
1783 3311 2079 3376 gratiarum

503 3392 775 3446 actionem
830 3393 1000 3463 capit,
1039 3404 1095 3450 et
1129 3397 1210 3450 eis
1261 3405 1455 3451 contra
1514 3397 1846 3466 multiplicia
1885 3399 2084 3453 tribuit

502 3485 901 3539 charismatum
935 3489 1103 3542 dona.

578 3576 788 3632 Etenim
822 3596 926 3635 non
966 3581 1233 3635 credentes
1287 3592 1341 3635 ut
1394 3583 1745 3639 inhabitares.
1803 3582 2083 3654 Accepisti

503 3667 649 3722 enim
687 3683 782 3723 eos
838 3668 1115 3734 homines,
1165 3670 1259 3738 qui
1308 3671 1547 3740 primum
1600 3687 1708 3726 non
1761 3672 2081 3726 credebant.

504 3763 780 3831 Accepisti
833 3772 1014 3818 autem
1047 3780 1167 3826 eos,
1210 3773 1269 3818 ut
1302 3765 1644 3820 inhabitares
1696 3766 1752 3819 in
1800 3765 1906 3831 eis,
1950 3767 1994 3820 si
2033 3773 2086 3820 te

503 3855 726 3924 dignum
751 3855 929 3911 eﬂ'eCti
955 3867 1140 3913 essent
1165 3857 1558 3926 habitaculum.

580 4037 994 4106 Vens.20,21.
1053 4039 1312 4094 Dominus
1357 4041 1492 4095 Deus
1551 4042 1871 4109 benedictus,
1937 4044 2090 4098 bene-

508 4135 700 4188 dictus
722 4133 981 4187 Dominus
1012 4135 1077 4188 de
1107 4135 1192 4188 die
1220 4136 1273 4188 iu
1300 4134 1459 4189 diem.
1495 4131 1633 4189 Vide
1673 4150 1982 4190 sermonem
2020 4136 2088 4190 de

510 4237 702 4281 sancta
745 4226 1015 4280 Trinitate
1050 4245 1064 4281 :
1095 4228 1362 4283 Dominus
1399 4230 1543 4284 Deus
1584 4237 1638 4284 et
1673 4229 1961 4284 Dominus.
1995 4227 2089 4284 Sic

509 4320 656 4375 enim
683 4319 894 4389 Moyses
915 4320 1131 4376 dixerat
1169 4338 1183 4375 :
1213 4320 1378 4388 Audi,
1434 4320 1606 4375 Israel
1631 4338 1647 4375 :
1668 4321 1924 4374 Dominus
1948 4322 2088 4375 Deus

2175 1737 2342 1810 ούσης
2368 1739 2470 1808 τῆς
2505 1740 2576 1794 ἐν
2605 1739 2684 1811 τῷ
2714 1741 2857 1812 ἁγίῳ
2905 1743 3223 1812 προθέσεως
3244 1759 3259 1774 ο
3301 1738 3384 1808 εἷς
3417 1743 3528 1814 γὰρ
3572 1745 3600 1798 ὸ
3659 1747 3769 1801 καὶ

2174 1833 2294 1885 ἐκεῖ
2317 1835 2413 1886 καὶ
2443 1833 2681 1888 ἐνταῦθα
2707 1834 3018 1904 νομοθετῶν
3039 1853 3056 1868 θ
3108 1835 3267 1904 ἅγιον
3297 1837 3355 1891 δὲ
3398 1838 3460 1891 τὸ
3487 1839 3641 1904 Σινά,
3679 1841 3768 1903 ὡς

2175 1926 2467 1993 ἀγιασθὲν,
2503 1929 2572 1999 τῇ
2618 1928 2891 2001 ἐπιδημίᾳ
2917 1927 3012 1983 τοῦ
3044 1928 3204 1995 Θεοῦ,
3240 1930 3334 1983 καὶ
3369 1929 3446 1994 ὡς
3475 1930 3594 2002 Θεῷ
3618 1932 3764 1985 ἀνα-

2177 2017 2263 2070 κεί
2269 2035 2456 2087 μενον.

2259 2111 2505 2179 Ἀνέϐης
2546 2114 2637 2180 εἰς
2690 2112 2873 2183 ὕψος,
2921 2111 3404 2182 ᾐχμαλώτευσας
3454 2115 3771 2184 αἰχμαλωο

2177 2201 2343 2259 σιάν.
2377 2203 2470 2269 Είς
2508 2203 2570 2257 τὸ
2602 2205 2734 2276 ὕψος
2755 2205 2851 2260 τοῦ
2879 2206 3141 2278 σταυροῦ.
3177 2205 3244 2260 Ἢ
3275 2208 3356 2269 είς
3383 2207 3476 2261 τὸν
3504 2207 3770 2277 οὐρανὸν,

2177 2298 2337 2370 ὲντῷ
2367 2299 2544 2370 καιρῷ
2570 2303 2668 2370 τῆς
2717 2301 3068 2372 ’Δναλήψεως
3096 2316 3111 2334 ·
3155 2299 3404 2367 Ἀνέεης
3435 2301 3529 2365 δὲ,
3563 2300 3655 2354 διὰ
3701 2300 3772 2355 τὸ

2179 2394 2430 2449 ἑκούσιον
2467 2394 2569 2465 τῆς
2599 2394 2945 2458 ἀναϐάσεως.
2977 2394 3068 2464 Τῷ
3089 2393 3278 2465 δόρατι
3303 2394 3360 2448 δὲ
3388 2393 3484 2447 τοῦ
3517 2394 3770 2463 σταυροῦ

2181 2486 2428 2541 καθελὼν
2466 2486 2560 2540 τὸν
2585 2486 2969 2558 τυραννοῦντα
3004 2486 3280 2550 διάϐολον,
3322 2485 3774 2557 ῂχμαὶὼτευσας

2178 2583 2280 2648 τὴν
2341 2579 2726 2647 αἰχμαλωσίαν
2756 2578 2866 2632 τῶν
2918 2578 3092 2632 ἐθνῶν
3134 2579 3201 2650 ἣν
3228 2579 3439 2640 ἐκεῖνος
3493 2577 3775 2648 πρότερον

2179 2671 2610 2742 ᾐχμαλώτευσεν
2641 2671 2821 2740 ἑαυτῷ
2851 2670 3023 2726 ταῦτα
3062 2668 3644 2739 καταδουλωσάμενος.
3680 2666 3773 2721 Ef-

2182 2781 2319 2835 ρηκε
2346 2765 2453 2835 γὰρ
2482 2767 2510 2817 ὁ
2541 2764 2774 2835 Χριστός
2801 2779 2814 2792 ·
2847 2766 3036 2818 Ὅταν
3062 2760 3304 2833 ὑψωθῶ,
3328 2762 3573 2818 ἑλκύσω
3606 2760 3772 2817 πάν-

2179 2874 2252 2909 τα
2282 2857 2432 2924 πρὸς
2456 2857 2742 2926 ἐμαυτόν.

2257 3036 2367 3091 Ἐλ
2376 3038 2514 3102 αϐες
2543 3035 2770 3105 δόματα
2794 3034 2865 3089 ἐν
2888 3033 3244 3103 ἀνθρώποις.
3263 3034 3324 3088 Ὀ
3340 3034 3397 3087 δὶ
3413 3033 3768 3100 ’Δπὸστολος,

2181 3129 2414 3196 Δόματα
2441 3125 2687 3190 ἔδωκεν,
2742 3124 2916 3182 εἶπεν.
2959 3125 3273 3196 Ἀμφὸτερα
3306 3125 3364 3179 δὲ
3388 3125 3722 3196 γεγένηνται
3751 3141 3770 3158 ο

2181 3217 2478 3288 λαμϐάνων
2535 3219 2644 3286 γὰρ
2695 3217 2849 3286 παρὰ
2900 3217 3008 3271 τῶν
3050 3219 3388 3286 προσιόντων
3444 3217 3632 3271 πίστιν
3670 3218 3774 3273 καὶ

2183 3310 2564 3380 εὐχαριστίαν,
2601 3309 2774 3363 ἐδίδου
2805 3310 3129 3380 χαρίσματα
3157 3311 3421 3380 διάφορα.

2255 3585 2365 3635 Κα.
2395 3581 2505 3649 γὰρ
2536 3580 2936 3645 ἀπειθοῦντας
2962 3580 3071 3635 τοῦ
3117 3579 3613 3646 κατασκηνῶσαι.
3655 3582 3772 3634 Καὶ

2185 3672 2296 3742 γὰρ
2352 3673 2553 3734 αὐτοὺς
2605 3671 2850 3734 ἐκείνους
2881 3670 3073 3734 ἔλαϐες
3101 3711 3114 3734 ,
3145 3672 3273 3734 τοὺς
3301 3671 3571 3742 πρότερον
3596 3671 3767 3724 ἀπει-

2186 3765 2418 3828 θοῦντας
2472 3764 2819 3835 ἀνθρώπους,
2878 3763 3070 3827 ἔλαϐες
3130 3765 3187 3818 δὲ
3254 3765 3477 3828 αὐτοὺς,
3538 3764 3634 3817 ἐπὶ
3685 3765 3768 3835 τῷ

2188 3859 2617 3929 κατασκηνῶσαι
2649 3860 2708 3912 ὲν
2739 3859 2924 3922 αὐτοῖς
2953 3858 3088 3928 (39),
3143 3857 3462 3928 γενομένοις
3488 3857 3644 3923 ἄξιόν
3671 3877 3769 3913 σου

2187 3950 2632 4019 κατοικητήριον.
3231 3996 3244 4007 .

2259 4041 2476 4107 Κύριος
2509 4043 2542 4094 ὀ
2573 4041 2717 4105 Θεὸς
2750 4039 3104 4109 εὐλογητὸς,
3159 4042 3495 4111 εὐλογητὸς
3554 4045 3772 4114 Κύριος

2189 4133 2423 4203 ἡμέραν
2477 4133 2608 4189 καθ’
2643 4131 2901 4202 ἡμέραν.
2933 4134 3077 4206 Ὅρα
3113 4133 3208 4188 τδν
3259 4153 3323 4188 πε
3335 4135 3390 4206 pl.
3451 4136 3552 4205 τῆς
3603 4136 3772 4204 ἁγίας

2190 4226 2419 4297 Τριάδος
2451 4226 2646 4290 λόγον’
2685 4225 2913 4294 Κύριος.
2959 4225 3056 4279 καὶ
3113 4226 3142 4280 ὸ
3178 4225 3330 4290 Θεὸς,
3384 4227 3477 4280 καὶ
3541 4227 3768 4296 Κύριος.

2192 4318 2349 4374 Οὕτω
2378 4320 2487 4389 γὰρ
2515 4318 2609 4371 καὶ
2638 4317 2857 4386 Μωσῆςο
2875 4316 3102 4386 εἴρηκεν
3123 4333 3140 4350 ο
3194 4317 3436 4381 Ἀκουε,
3478 4316 3717 4385 Ἰσραήλ
3753 4335 3770 4351 ο

516 4423 634 4465 tuus
681 4413 816 4466 Deus
877 4429 1012 4466 unus
1050 4421 1127 4466 est
1152 4413 1218 4467 '°.
1267 4412 1333 4466 Et
1394 4429 1519 4468 cum
1563 4412 1902 4467 laudandum
1961 4430 2080 4468 eum

2193 4412 2410 4478 Κύριος
2436 4410 2469 4462 ό
2516 4407 2660 4472 Θεός
2707 4420 2847 4472 σου,
2897 4406 3116 4473 Κύριος
3148 4398 3238 4471 εἷς
3271 4405 3467 4459 ἐστιν.
3503 4405 3688 4460 Εἰπὼν
3715 4407 3770 4460 δὲ

513 4521 638 4560 esse
671 4506 902 4560 dixisset
955 4504 1020 4558 de
1081 4505 1188 4569 die,
1213 4505 1317 4559 hoc
1340 4515 1444 4568 est,
1475 4521 1572 4574 per
1604 4512 1772 4558 totam
1811 4505 1978 4568 diem,
2006 4507 2091 4558 di-

515 4606 761 4656 ctionum
796 4600 1190 4655 obscuritatem
1227 4599 1547 4661 declaravit,
1577 4599 1804 4665 addens,
1843 4597 1909 4651 In
1929 4599 2086 4650 diem.

515 4692 681 4748 verba
708 4690 844 4754 haec,
887 4690 958 4743 De
985 4691 1069 4744 die
1104 4691 1162 4742 in
1191 4691 1354 4756 diem,
1395 4691 1724 4760 simpliciter
1756 4690 2089 4760 intelligunt,

517 4785 621 4839 Alii
668 4794 846 4838 autem
889 4798 1007 4854 pro,
1043 4782 1293 4853 Semper,
1346 4792 1402 4837 et
1463 4799 1559 4852 per
1597 4783 1811 4838 dierum
1866 4798 2090 4838 succes—

518 4879 752 4933 sionem.

591 4969 914 5039 Prosperum
942 4972 1043 5023 iter
1073 4969 1222 5023 nobis
1253 4968 1422 5038 faciat
1450 4966 1585 5020 Deus
1625 4966 1944 5022 salutarium
1967 4984 2089 5022 nos-

520 5067 752 5122 trorum,
789 5058 927 5112 Deus
967 5068 1166 5121 uoster,
1219 5058 1359 5111 Deus
1391 5057 1611 5113 salutis.
1646 5056 1761 5111 Hoc
1809 5058 1972 5112 etiam
2041 5058 2097 5112 in

521 5150 644 5202 locu
665 5149 1032 5216 contemplari
1065 5148 1193 5200 licet
1213 5161 1525 5201 sermonem
1555 5146 1624 5202 de
1656 5145 2098 5202 Trinitate.Nam

521 5237 713 5293 terbic
738 5239 1025 5293 invocatur
1059 5237 1150 5292 Dei
1177 5252 1393 5290 nomen.
1421 5237 1484 5290 Et
1515 5240 1641 5306 quia
1681 5239 1734 5292 in
1769 5239 1957 5295 Grmca
2017 5241 2099 5295 le-

526 5329 708 5386 ctione
740 5330 908 5385 dictio
940 5331 1282 5394 salutarium,
1305 5340 1356 5384 et
1385 5330 1557 5384 dictio
1580 5331 1976 5399 salutttm,solo
2012 5348 2102 5388 ac-

2192 4501 2274 4553 ὂτι
2303 4498 2648 4567 εὐφημητέος
2677 4495 2825 4548 ἐστὶν
2849 4495 3098 4564 ἡμέραν,
3235 4495 3677 4564 συνεξακούεται,
3709 4497 3772 4550 τὸ

2195 4592 2338 4648 ,Ἀνὰ
2367 4589 2595 4655 πᾶσαν,
2629 4589 2928 4658 ἑσαφήνισε
2950 4589 3049 4658 τὴν
3078 4587 3401 4658 δυσχέρειαν
3421 4589 3530 4642 τῶν
3548 4590 3771 4655 λέξεων,

2197 4685 2476 4756 προσθεὶς,
2503 4684 2565 4736 τὸ
2594 4685 2739 4736 Καθ’
2777 4681 3010 4751 ἡμέραν
3033 4697 3050 4713 ·
3093 4681 3238 4743 τινὲς
3288 4681 3346 4735 δὲ
3388 4682 3447 4736 τὸ
3517 4681 3774 4752 Ἡμέραι·

2196 4779 2327 4833 καθ’
2361 4775 2613 4847 ἡμέραν,
2642 4774 2830 4838 ἁπλῶς
2864 4773 3100 4840 νοοῦσιν,
3161 4773 3285 4828 ἀντὶ
3361 4773 3457 4827 τοῦ
3529 4775 3772 4845 Ἥμέρσς

2197 4871 2256 4938 ἐξ
2285 4871 2522 4942 ἡμέρας.
2548 4869 2617 4921 '0
2651 4869 2822 4929 ἐστιν,
2846 4867 2954 4923 ἀεὶ.
2987 4865 3130 4920 κατὰ
3159 4864 3413 4936 διαδοχὴν
3437 4866 3680 4938 ἡμερῶν.

2266 4961 2679 5020 Κατευοδὼσαι
2712 4961 2857 5030 ἡμῖν
2883 4962 2917 5016 ὸ
2951 4959 3094 5024 Θεὸς
3116 4958 3235 5012 τῶν
3254 4958 3564 5026 σωτηρίων
3585 4959 3772 5027 ἡμῶν,

2198 5066 2230 5118 ὸ
2262 5061 2410 5125 Θεὸς
2444 5055 2634 5126 ἡμῶν,
2672 5057 2704 5110 ό
2728 5051 2873 5118 Θεὸς
2896 5050 3002 5106 τοῦ
3043 5049 3271 5109 σώζειν.
3311 5050 3454 5121 Ὅρα
3490 5051 3770 5105 κάνταῦθα

2196 5150 2436 5219 τδνπερὶ
2464 5148 2565 5216 τῆς
2586 5145 2750 5213 ἁγίας
2778 5143 3012 5212 Τριάδος
3041 5142 3219 5211 λόγον.
3251 5142 3388 5210 Τρὶς
3433 5141 3543 5212 γὰρ
3598 5143 3771 5196 τέθει-

2198 5261 2288 5297 ται
2314 5244 2398 5301 τὸ.
2443 5241 2506 5293 '0
2535 5239 2700 5303 Θεός.
2731 5237 2846 5290 Οὐκ
2897 5234 3128 5298 ἀπεικὸς
3191 5234 3248 5288 δὲ
3304 5234 3401 5287 καὶ
3432 5249 3766 5304 σωτηρίων,

2204 5330 2641 5405 περισπωμένως
2671 5325 3091 5396 ἀναγινώσκειν.
3139 5323 3452 5395 Οὑδετέρως
3503 5325 3604 5392 μὲν
3661 5324 3770 5395 γὰρ

595 5508 642 5542 ⁸⁸
685 5509 846 5565 Joan.
885 5520 982 5574 xu,
1013 5509 1103 5564 32.
1179 5507 1225 5541 δ’
1252 5505 1455 5576 Ephes.
1496 5522 1570 5572 IV,
1602 5506 1655 5561 8.
1733 5507 1779 5539 ⁸ο
1823 5508 1985 5563 Deut.
2027 5523 2104 5574 Vl,
2135 5511 2188 5563 4.

1874 5596 2071 5659 Variae
2103 5596 2434 5661 lectiones.

594 5705 706 5776 (39)
740 5703 926 5763 Grmce
955 5701 1114 5772 [actis
1143 5702 1358 5772 dignum
1385 5710 1430 5755 te
1471 5699 1856 5756 habitaculum.
