4082 6264
338 374 423 442 673
1469 371 1862 433 COMMENT.
1892 373 1911 430 l

2016 373 2382 435 PSAIMOS.
3469 378 3581 441 674

332 485 775 554 παροξυῖονεῖται
808 496 821 512 ’
851 482 1101 554 θηλυκῶς
1126 482 1183 536 δὲ
1234 485 1573 555 περισπᾶται
1605 499 1620 514 ·
1668 483 1902 554 λέγομεν

2006 493 2166 539 centu
2201 484 2487 553 differunt,
2519 485 2687 557 aliqui
2712 486 2879 541 etiam
2917 486 3089 542 Deum
3114 488 3349 543 solutum
3368 488 3579 559 legunt,

330 578 423 648 γὰρ
450 578 542 629 καὶ
572 576 637 629 τὸ
671 575 994 644 σωτήριον,
1033 574 1128 628 καὶ
1188 575 1228 643 ἡ
1288 576 1573 643 σωτηρία.
1610 575 1684 629 Τὸ
1739 576 1795 631 δὲ
1831 577 1895 631 '0

2006 580 2058 628 et
2101 588 2303 629 sensus
2350 574 2493 628 idem
2535 583 2642 629 est.
2681 574 2751 629 Et
2784 578 2929 646 quod
2961 579 3215 649 sequitur
3252 598 3265 633 :
3306 579 3443 635 Dens
3487 598 3579 634 sa-

333 669 460 733 Θεός
492 667 611 721 τῶν
645 668 962 735 σωτηρίων
984 664 1175 735 ἡμῶν,
1225 668 1319 721 καὶ
1360 667 1443 734 τδ,
1482 669 1538 720 '0
1588 667 1733 735 Θεὸς
1788 669 1897 725 τοῦ

2006 665 2155 732 latis,
2191 665 2257 721 ad
2301 666 2555 722 eumdem
2598 684 2822 723 sensum
2869 670 3123 739 pertinet,
3146 688 3209 726 ac
3242 673 3288 726 si
3318 672 3525 728 diceret
3558 689 3575 726 :

332 758 541 823 σώζειν,
574 760 637 811 τὸ
657 759 790 811 αὐτὸ
824 758 1193 829 σημαίνουσιν
1235 774 1252 791 °
1309 759 1416 825 ὅτι,
1452 758 1511 814 '0
1546 758 1751 832 Κύριος
1784 760 1894 815 τῶν

2006 757 2150 813 Deus
2176 759 2421 816 Salvator
2446 769 2654 826 noster,
2688 769 2744 815 et
2773 761 2914 817 Deus
2940 763 3182 819 salt-aus.

333 851 600 922 σωτηρὲων
628 847 811 922 ἡμῶν,
831 852 860 904 6
893 852 1097 921 Κύριος
1126 850 1222 904 τοῦ
1279 850 1479 915 σώζειν
1511 869 1526 883 ·
1571 852 1627 920 ἢ,
1674 852 1733 908 '0
1763 852 1897 917 Θεὸς

331 946 355 999 6
382 944 559 1016 σωτὴρ
592 943 778 1015 ἡμῶν,
810 945 838 996 6
867 943 1042 1005 Θεὸςό
1069 941 1284 1006 σώζων.

389 1034 490 1090 Καὶ
533 1033 643 1088 τοῦ
674 1035 899 1103 Κυρίου
926 1036 987 1088 αι
1014 1032 1277 1099 διέξοδοι
1311 1034 1421 1090 τοῦ
1458 1037 1745 1093 θανάτου.
1780 1038 1897 1109 Τῆς

2077 1022 2144 1078 Et
2231 1024 2444 1079 Domini
2514 1026 2685 1080 exitus
2775 1029 2980 1082 mortis.
3078 1029 3159 1087 Ad
3228 1039 3576 1100 potestatem,

329 1124 595 1196 δυνάμεως
623 1122 719 1178 τοῦ
758 1123 895 1178 Θεοῦ
923 1125 1041 1178 ἐστι
1068 1125 1129 1178 τδ
1157 1125 1379 1194 ἐξάγειν
1403 1128 1469 1180 ἐκ
1521 1127 1757 1182 θανάτου
1816 1131 1899 1194 εἰς

2006 1117 2209 1187 inquit,
2242 1115 2334 1173 Dei
2366 1120 2631 1187 pertinet,
2651 1128 2710 1173 ut
2734 1134 2764 1173 a
2802 1128 2977 1176 morte
3005 1121 3132 1191 quis
3160 1122 3228 1176 ad
3262 1125 3427 1176 vitam
3449 1124 3583 1177 edu-

331 1217 480 1289 ζωήν.
509 1217 758 1272 Θάνατον
785 1217 843 1272 δὲ
876 1217 988 1272 νόει
1035 1217 1131 1273 καὶ
1188 1218 1282 1274 τὸν
1346 1218 1599 1289 φυσικὸν,
1658 1221 1753 1275 καὶ
1798 1220 1900 1292 τὴν

2006 1218 2188 1265 catur.
2208 1209 2311 1265 Per
2338 1219 2570 1266 mortem
2610 1227 2772 1277 vero,
2806 1222 2860 1268 et
2888 1213 3035 1267 illam
3070 1213 3372 1285 intelligere
3402 1226 3580 1285 potes,

331 1311 611 1381 ἁμαρτίαν.
652 1310 712 1363 '0
740 1312 840 1380 μὲν
864 1310 974 1381 γὰρ
1000 1313 1187 1383 νεκροῐ
1212 1312 1274 1366 τὸ
1294 1311 1454 1384 σῶμα
1504 1312 1642 1380 πρὸς
1669 1315 1768 1380 τὰς
1797 1332 1900 1383 φυο

2006 1319 2131 1375 qua:
2184 1304 2437 1374 corporis
2491 1306 2847 1375 Operationes
2896 1306 3447 1376 exstinguit:ipsam
3498 1308 3582 1362 ni-

330 1404 475 1466 σικάς
511 1401 804 1473 ἐνεργείας
838 1420 853 1436 ο
881 1404 910 1455 6
938 1404 996 1458 δὲ
1022 1403 1122 1477 τὴν
1150 1404 1356 1478 ψυχὴν,
1390 1406 1530 1479 πρὸς
1578 1407 1679 1472 τὰς
1708 1407 1901 1481 ἐναρέ-

2007 1398 2210 1452 mirum
2248 1397 2559 1452 naturalem
2588 1408 2818 1452 mortem
2845 1414 2863 1464 ;
2896 1408 2951 1454 et
2972 1398 3143 1463 illam,
3163 1415 3286 1470 qua:
3314 1400 3581 1454 virtutum

325 1511 453 1558 τους.
480 1494 583 1568 Eb;
605 1494 651 1548 δ’
690 1494 759 1549 ἂν
822 1495 983 1550 τοῦτο
1037 1497 1136 1551 καὶ
1188 1498 1495 1570 πρόρρησις
1547 1499 1807 1569 περὶ-τῆς
1837 1501 1902 1554 ὲκ

2006 1489 2357 1559 open-stiones
2385 1490 2439 1544 in
2468 1490 2650 1544 anima
2687 1490 3007 1555 mortiﬁcat,
3043 1506 3208 1560 quam
3240 1492 3585 1561 appellamus

327 1583 525 1655 νεκρῶν
549 1583 925 1650 ἀναστάσεως,
951 1584 1047 1640 τοῦ
1089 1587 1347 1659 Σωτῆρος
1369 1604 1387 1623 ο
1417 1586 1514 1642 τοῦ
1565 1589 1673 1661 γὰρ
1732 1588 1900 1643 αὑτοῦ

2008 1590 2318 1652 peccatum.
2364 1581 2448 1636 Ab
2470 1589 2707 1651 utraque
2728 1582 2875 1637 enim
2893 1592 3068 1636 morte
3092 1589 3272 1652 potest
3303 1582 3447 1637 Deus
3482 1597 3586 1636 nos

327 1677 509 1745 γέγονε
543 1676 764 1747 πρῶτον
790 1680 823 1749 ἡ
847 1677 1086 1745 διέξοδος
1116 1680 1215 1734 τοῦ
1246 1679 1504 1738 θανάτου.
1538 1680 1903 1748 διεξελθόντος

2010 1674 2271 1729 liberare.
2330 1668 2563 1743 lntelligi
2616 1674 2784 1728 etiam
2836 1681 3071 1743 possunt
3122 1673 3236 1727 haec
3279 1676 3469 1737 verba,
3527 1682 3589 1727 ut

325 1769 503 1835 αὑτοῦ,
536 1770 634 1825 καὶ
654 1757 991 1834 ἀναστᾶντος
1018 1771 1203 1844 σαρκί.

2015 1764 2362 1836 prophetiam
2396 1766 2719 1821 contineant
2739 1764 2807 1818 de
2828 1765 3131 1820 Salvatoris
3154 1766 3584 1829 resurrectione,

392 1850 393 1853 “
1923 1866 1969 1922 Β
1998 1859 2094 1930 qui
2125 1859 2342 1929 primus
2382 1859 2517 1914 exiit
2550 1874 2581 1913 a
2620 1865 2819 1915 morte.
2868 1856 2943 1913 Ea
2981 1859 3184 1914 etenim
3235 1868 3497 1930 superata
3528 1859 3585 1912 in

1998 1967 2099 2008 sua
2131 1966 2322 2018 carne,
2352 1966 2547 2007 rursus
2574 1952 2915 2009 resurrexit.

384 2039 562 2105 Πλὴν
590 2041 625 2095 ό
658 2038 805 2108 Θεὸς
832 2041 1177 2098 συνθλάσει
1206 2044 1483 2113 κεφαλὰς
1513 2041 1637 2098 τῶν
1667 2041 1901 2111 ἐχθρῶν

2074 2037 2240 2095 Vnus.
2281 2039 2374 2095 22.
2425 2037 2799 2095 Verumtamen
2848 2040 2986 2093 Deus
3042 2040 3336 2113 confringet
3398 2042 3582 2111 capita

319 2129 521 2185 αὐτοῦ.
552 2132 667 2197 Τὰς
694 2135 1047 2205 κυριωτάτας
1099 2134 1364 2206 δυνάμεις
1422 2135 1536 2189 τῶν
1585 2134 1898 2206 δαιμόνων⁶

2006 2128 2338 2184 inimicorum
2384 2146 2625 2185 suorum.
2666 2128 3115 2199 Principaliores,
3164 2133 3363 2202 inquit,
3416 2141 3584 2202 atque

319 2219 376 2271 ἂν
404 2222 468 2291 τῇ
493 2224 710 2295 κεφαλῇ
737 2225 848 2295 γὰρ
875 2227 932 2280 αι
961 2227 1307 2299 κυριώταται
1359 2226 1625 2298 δυνάμεις
1664 2226 1759 2281 τοῦ
1796 2226 1905 2281 σώ-

2006 2218 2350 2275 eflleaciores
2402 2219 2713 2275 daemonum
2750 2222 3028 2291 potentias
3058 2222 3393 2295 confringet,
3443 2240 3586 2295 quas

323 2328 505 2379 ματος.
542 2314 865 2386 Περιττεύει
892 2317 950 2370 δὲ
982 2316 1263 2373 κάνταῦθα
1293 2318 1357 2371 τὸ
1379 2318 1578 2389 Πλήν.
1610 2318 1724 2392 (40)
1761 2319 1899 2372 Συν-

2006 2311 2188 2382 capita
2214 2311 2338 2366 ideo
2369 2312 2685 2383 appellavit,
2729 2314 2859 2383 quia
2888 2314 2945 2369 in
2999 2316 3183 2384 capite
3224 2317 3493 2386 petieres,
3520 2332 3589 2372 ac

318 2403 492 2474 τὸμως
524 2405 587 2460 δὲ
614 2408 811 2475 εἰπεῖν,
865 2409 1374 2482 συνθλάσεινοητῶς
1391 2412 1489 2475 τὰς
1510 2411 1705 2483 νοητὰς
1719 2410 1900 2466 αὐτῶν

2009 2403 2286 2473 ρνωοίρυε
2332 2412 2464 2458 sunt
2504 2405 2679 2459 nostri
2711 2405 2962 2475 corporis
2996 2407 3160 2464 vires.
3199 2408 3454 2464 Abundat
3482 2408 3589 2466 hoc

316 2497 583 2566 κεφαλάς.

2012 2495 2069 2550 ἱη
2128 2496 2256 2551 loco
2341 2496 2540 2561 dictio,
2598 2507 2980 2554 rerumtamen.
3028 2500 3355 2569 Huiusmodi
3403 2512 3585 2558 autem

318 2592 753 2649 ronl'ractionem
785 2596 1050 2666 capitum,
1086 2609 1196 2650 non
1227 2596 1501 2663 intelliges
1526 2596 1868 2669 corporalem
1911 2606 2060 2655 esse,
2089 2582 2219 2645 eum
2243 2590 2589 2662 corporibus
2624 2600 2849 2648 careant
2913 2595 3212 2660 daamones,
3271 2598 3365 2653 sed
3433 2600 3587 2656 intel.

316 2681 645 2752 lectualiter,
702 2702 829 2743 cum
869 2698 924 2745 et
967 2690 1070 2759 ipsi
1130 2689 1531 2745 intelleCtuales
1594 2690 1706 2746 sint
1754 2686 2103 2744 substantiae.

383 2775 681 2845 Κορυφὴν
714 2778 918 2845 τριχὸς
947 2777 1475 2849 διαπορευομένων
1503 2779 1574 2834 ἐν
1622 2783 1900 2850 πλημμε-

316 2868 506 2936 λεῑαις
529 2868 756 2924 αὐτῶν.
790 2870 915 2924 Τῶν
937 2870 1439 2942 διαπορευομένων,
1493 2873 1674 2926 εῐτουν
1729 2889 1901 2924 κατα-

319 2962 642 3015 πατοῦντων
671 2960 770 3033 τὴν
805 2962 1055 3035 κορυφὴν
1098 2962 1200 3032 τῆς
1230 2963 1406 3033 κόμης
1429 2963 1543 3035 (41)
1577 2963 1688 3017 τῶν
1719 2964 1903 3033 ἁμαρ-

314 3052 446 3106 τιῶν
480 3069 498 3086 ο
552 3053 720 3124 τρίχα
747 3055 857 3124 γὰρ
880 3053 975 3108 νῦν
1002 3053 1104 3125 τὴν
1135 3055 1313 3125 κόμην
1370 3058 1605 3126 νοήσεις.
1637 3055 1906 3108 Καταπα-

316 3140 555 3197 τούντων
587 3142 644 3197 δὲ
682 3144 877 3216 αὐτὴν,
924 3146 984 3198 ὲν
1014 3144 1093 3215 τῷ
1121 3144 1473 3215 πλημμελεῖν
1522 3142 1741 3209 αὐτούς.
1775 3145 1906 3198 Ὅτε

312 3236 420 3305 γὰρ
452 3235 874 3305 ἁμαρτάνουσιν
900 3235 1202 3307 ἄνθρωποι,
1224 3238 1344 3290 τότε
1363 3236 1413 3289 οἱ
1433 3237 1691 3308 δαίμονες
1726 3252 1901 3290 κατα-
1930 3265 1975 3326 C

312 3325 588 3379 πατοῦσιν
655 3328 856 3392 αὐτοὺς
908 3327 1388 3397 ὑποτεταγμένους
1442 3329 1567 3400 ἤδη.
1634 3328 1791 3381 Ἐστι
1845 3328 1903 3381 δὲ

311 3417 402 3470 καὶ
434 3417 623 3481 ἄλλως
651 3419 832 3471 εἰπεῖν
854 3434 872 3451 ο
905 3416 1018 3470 τῶν
1048 3417 1164 3489 (62)
1199 3417 1701 3489 διαπορευομένων,
1734 3416 1763 3471 ὅ
1786 3418 1905 3472 ἐστι

310 3508 764 3580 διερευνωμένων
785 3510 843 3562 ἐν
869 3512 991 3574 ταῖς
1019 3508 1426 3581 πλημμελείαις
1442 3509 1550 3563 τῶν
1576 3510 1902 3579 ἀνθρώπων,

308 3596 473 3667 τρίχα
502 3598 758 3668 κορυφῆς
794 3598 916 3651 κατ’
941 3598 1246 3672 ἐναλλαγήν
1273 3618 1288 3632 ⁸
1319 3598 1592 3665 τουτέστι,
1625 3600 1684 3653 τὸ
1710 3599 1904 3653 λεπτό-

308 3702 471 3741 τατον
500 3689 813 3760 ἁμάρτημα
835 3689 931 3744 τοῦ
953 3690 1268 3764 ἀνθρώπου.
1309 3691 1657 3759 Ἐξετάζουσι
1678 3695 1788 3763 γὰρ
1810 3692 1905 3747 καὶ

306 3779 375 3830 τὰ
401 3779 660 3847 τοιαῦτα,
693 3781 835 3836 κατὰ
864 3781 956 3836 τὸν
1017 3784 1211 3855 καιρὸν
1269 3784 1377 3838 τῶν
1438 3784 1767 3854 λογοοεσεων
1806 3786 1905 3857 τῆς

306 3870 509 3946 Ψυχῆς-

380 4051 537 4110 Εῒπε
565 4057 787 4123 Κύριος
822 4072 837 4088 ·
868 4056 973 4111 Ἕκ
1017 4058 1229 4112 Βασὰν
1281 4059 1647 4129 ἐπιστρέψω.
1690 4060 1757 4114 Ἦ
1800 4062 1904 4115 Βα-

309 4147 433 4212 civ,
467 4150 790 4218 αἰσχύνην
817 4149 1146 4221 ὲρμηνεύει*
1190 4150 1526 4222 ἐπέστρεψεν
1568 4152 1664 4207 οὖν
1694 4155 1821 4218 τοὺς
1842 4154 1904 4223 ἐξ
1936 4170 1949 4183 ί

306 4239 481 4294 ἐθνῶν
510 4241 627 4294 ἀπὸ
649 4240 754 4310 τῆς
783 4240 1052 4311 αἰσχύνης
1065 4240 1175 4294 τῶν
1201 4243 1462 4310 εἰδώλων,
1523 4246 1619 4299 καὶ
1675 4245 1776 4315 τῆς
1822 4247 1906 4299 αξι-

307 4332 519 4403 σχύνης
546 4332 650 4398 τῆς
683 4333 982 4403 ἁμαρτιας.

388 4425 785 4493 Ἐπιστρέψω
810 4424 881 4477 ἐν
910 4425 1131 4493 βυθοῖς
1158 4427 1500 4495 θαλάσσης.
1566 4427 1905 4500 Ἐπέστρεψε

302 4516 604 4582 δὲαῦτοὺς
638 4519 747 4573 ἀπὸ
787 4520 885 4589 τῆς
940 4517 1278 4591 δηλωθείσης
1332 4520 1620 4590 αἰσχύνης,
1669 4521 1760 4574 διὰ
1808 4520 1903 4574 τοῦ

2076 2772 2331 2829 Verticem
2401 2775 2584 2844 capilli
2661 2777 3148 2845 perambulantium
3248 2784 3306 2838 in
3376 2785 3584 2841 delictis

2005 2881 2211 2920 eorum.
2287 2865 2641 2938 Cetifringet,
2712 2870 2915 2940 inquit,
2977 2874 3157 2942 capita
3233 2875 3586 2933 inimicorum

1999 2956 2498 3027 perambulantium
2546 2958 2805 3014 verticem
2835 2962 3041 3031 capilli,
3071 2964 3176 3018 hoc
3210 2975 3316 3031 est,
3350 2970 3584 3023 concul-

2012 3049 2257 3103 cantium
2308 3051 2570 3106 verticem
2624 3068 2818 3120 comae,
2843 3069 3012 3108 comm
3051 3056 3173 3111 dico
3215 3060 3589 3128 quorumlibet

2004 3138 2469 3210 delinquentium.
2498 3140 2771 3211 Capillum
2802 3145 2947 3197 enim
2978 3144 3069 3199 hic
3107 3146 3247 3201 dixit
3273 3163 3375 3217 pro
3404 3164 3586 3204 coma.

2006 3232 2350 3288 Conculcare
2391 3249 2521 3290 vero
2577 3235 3018 3306 delinquentium
3060 3254 3275 3295 comam
3329 3242 3589 3298 dicuntur

2007 3326 2307 3391 daemones,
2333 3342 2399 3383 eo
2430 3328 2576 3397 quod
2619 3340 2943 3398 peccatores
2980 3347 3231 3401 quosque
3259 3332 3425 3388 veluti
3477 3335 3588 3390 sibi

2006 3419 2292 3490 subjectos
2342 3422 2698 3477 conculcant.
2738 3422 3041 3479 Possumus
3082 3426 3586 3491 etiam,imtnutato

2005 3527 2283 3580 sermone,
2338 3514 2499 3569 aliter
2531 3531 2809 3585 exponere
2840 3557 2856 3583 ,
2921 3517 3069 3587 quod
3124 3518 3436 3590 confringet
3480 3519 3588 3575 Do-

2006 3606 2191 3661 minus
2224 3607 2403 3677 capita
2436 3609 2720 3663 hominum
2756 3610 3283 3679 pcrambniantinm,
3337 3614 3440 3668 hoc
3477 3627 3586 3674 est.

2006 3692 2451 3765 investigantium
2478 3695 2531 3748 in
2554 3695 2770 3749 delictis
2790 3697 3041 3751 humanis
3059 3698 3317 3768 capillum
3342 3701 3586 3765 verticis,

2005 3781 2110 3837 hoc
2131 3790 2237 3847 est,
2266 3785 2592 3837 tenuissima
2632 3798 2864 3853 qumque
2888 3785 3169 3839 hominum
3204 3799 3451 3857 peccata.
3480 3791 3586 3844 Ex»

2004 3875 2234 3945 quirunt
2256 3875 2460 3929 etenim
2486 3875 2762 3930 daemones
2779 3876 2940 3931 etiam
2968 3878 3081 3933 haec
3105 3880 3349 3943 minima,
3369 3884 3589 3951 quoties

2004 3969 2245 4023 animam
2282 3968 2525 4022 viderint
2558 3968 2827 4023 rationem
2869 3969 2979 4023 Deo
3006 3986 3125 4024 esse
3161 3973 3524 4027 reddituram.

2069 4058 2344 4116 Vensﬂﬁ.
2368 4059 2512 4114 Dixit
2556 4060 2813 4116 Dominus
2851 4081 2864 4116 :
2912 4062 2995 4114 E1:
3027 4061 3207 4116 Basan
3255 4076 3576 4122 convertam.

2006 4150 2185 4207 Basan
2228 4152 2608 4209 confusionem
2634 4154 2929 4223 significat,
2947 4168 3043 4209 seu
3067 4155 3283 4211 sordes.
3306 4156 3588 4214 Convertit

2006 4245 2173 4313 igitur
2209 4244 2352 4301 Deus
2372 4259 2466 4301 eos
2507 4246 2598 4315 qui
2636 4245 2822 4301 ﬁdeles
2857 4247 3083 4301 fuerunt
3117 4262 3183 4302 ex
3229 4250 3486 4319 gentibus
3513 4254 3587 4306 ab

2007 4338 2278 4393 idolorum
2306 4337 2655 4399 confusione.
2677 4348 2841 4408 atque
2869 4354 2897 4393 a
2922 4337 3181 4394 sordibus
3210 4350 3583 4410 peccatorum.

2079 4428 2389 4485 Convertam
2428 4432 2480 4484 in
2510 4431 2795 4499 profundis
2841 4431 3032 4485 maris.
3068 4430 3356 4489 Convertit
3396 4442 3582 4490 autem

2009 4533 2105 4575 eos
2139 4519 2283 4575 Deus
2321 4536 2350 4574 a
2398 4520 2677 4583 sordibus,
2721 4527 2783 4573 ut
2830 4520 3099 4587 diximus,
3156 4530 3321 4591 atque
3377 4523 3481 4579 hoc
3530 4526 3585 4579 in

304 4611 469 4681 ἁγίου
500 4609 890 4682 βαπτίσματος
919 4629 934 4643 ·
963 4612 1124 4666 τοῦτο
1174 4614 1284 4683 γὰρ
1352 4614 1512 4667 καλεῖ
1562 4613 1757 4684 βυθοὺς
1806 4614 1901 4669 θα-

2006 4626 2165 4667 sacro
2214 4611 2556 4681 baptismatis
2606 4612 2847 4673 lavacro,
2902 4611 3045 4682 quod
3077 4612 3352 4681 profunda
3406 4617 3578 4670 maris

304 4703 548 4774 λάσσης,
582 4702 672 4756 διὰ
694 4702 754 4755 τὸ
791 4702 1033 4772 βυθίζειν
1060 4704 1159 4771 τὴν
1220 4704 1493 4775 ἁλμυρὰν,
1552 4705 1648 4758 καὶ
1699 4706 1905 4774 πικρὰν

2006 4702 2324 4774 appellavit.
2358 4702 2418 4757 ln
2448 4717 2514 4758 eo
2547 4703 2751 4758 etenim
2787 4701 2932 4758 Deus
2964 4718 3215 4757 amarum
3248 4718 3315 4758 ac
3348 4705 3587 4773 salsugi—

302 4793 626 4862 ἁμαρτίαν.
656 4794 930 4863 Φησὶγὰρ
963 4795 1060 4849 καὶ
1123 4795 1408 4865 Μιχαίαςο
1485 4794 1720 4863 Αὐτοὺς
1780 4796 1908 4849 ἐπι-

2008 4810 2205 4850 nosum
2237 4795 2502 4849 demersit
2536 4802 2852 4864 peccatum,
2899 4794 3364 4864 quemadmodum
3400 4807 3455 4850 et
3486 4795 3587 4851 Mi-

304 4885 595 4955 στρέψει,
635 4884 736 4938 καὶ
762 4885 1007 4949 ἐλεήσει
1041 4886 1225 4955 ἡμᾶς,
1264 4887 1366 4941 καὶ
1394 4889 1772 4943 κατακλύσει
1802 4889 1910 4955 τὰς

2006 4888 2187 4943 chaeas
2216 4886 2483 4958 propheta
2511 4887 2767 4955 praedixit
2800 4902 2813 4939 :
2852 4884 2997 4955 Ipso,
3020 4886 3300 4954 inquiens,
3320 4897 3581 4943 convertet

302 4977 613 5047 ἁμαρτίας
637 4976 819 5047 ὴμῶν.
837 4978 946 5030 Καὶ
970 4978 1520 5047 ἀπορῤιφθήσονται
1546 4982 1632 5046 εἰς
1654 4980 1727 5033 τὰ
1743 4979 1907 5048 ,ϐάθη

2006 4995 2123 5042 nos,
2197 4987 2248 5033 et
2305 4976 2641 5031 miserebitur
2698 4978 2887 5041 nostri,
2960 4988 3007 5030 et
3066 4977 3315 5031 dissolvet
3365 4986 3581 5046 peccata

306 5066 420 5135 τῆς
452 5067 807 5136 θαλάσσης.
839 5067 967 5123 Εἶεν
996 5070 1040 5123 δ’
1061 5070 1127 5123 ἂν
1155 5063 1309 5141 βυθοὶ
1365 5070 1666 5141 θαλάσσης,
1706 5074 1803 5125 καὶ
1829 5073 1900 5125 τὰ

2008 5078 2195 5125 nostra
2239 5080 2287 5123 et
2317 5069 2670 5139 projicicntur
2729 5070 2783 5122 in
2833 5068 3101 5138 profunda
3156 5071 3323 5123 maris
3355 5070 3424 5124 ".
3475 5068 3583 5124 Per

310 5161 451 5233 βάθη
492 5161 601 5230 si];
624 5162 922 5231 ἁμαρτίας,
946 5162 1123 5216 εἴτουν
1151 5162 1219 5215 τὰ
1250 5160 1611 5233 χαλεπώτατα
1644 5164 1903 5233 πλημμε-

2011 5160 2283 5235 profunda
2314 5163 2481 5217 etiam
2523 5162 2713 5226 maris,
2737 5171 3083 5231 peccatorum
3120 5162 3577 5230 profunditatem,

307 5253 543 5324 λήματα
565 5271 582 5285 ·
627 5254 721 5323 ἀφ’
746 5250 821 5308 ὧν
853 5253 1187 5326 ἐπέστρεψεν
1213 5256 1414 5319 αὐτοὺς
1438 5258 1468 5309 6
1493 5256 1647 5320 Θεὸς,
1697 5257 1902 5324 ἐξαγα-

2015 5258 2120 5311 hoc
2150 5265 2256 5322 est,
2290 5256 2613 5327 gravissima
2648 5270 2879 5325 qumque
2911 5254 3134 5318 delicta,
3167 5269 3458 5325 possumus
3492 5254 3580 5306 in-

382 5414 428 5445 ⁸¹
464 5414 643 5469 Mich.
674 5429 769 5480 vn,
811 5414 898 5468 i9.

1662 5506 1865 5567 Varize
1894 5504 2232 5567 lectiones.

383 5610 502 5678 (60)
538 5611 836 5677 Συντόμως
865 5616 917 5661 et
947 5606 1157 5686 litlelius
1175 5609 1372 5686 εἰπεῖν,
1397 5605 1721 5686 vertendum
1739 5617 1857 5686 erat
1885 5625 1899 5659 :

2084 5606 2197 5686 (49)
2230 5607 2290 5659 τό
2313 5608 2581 5686 hominum
2630 5608 2775 5676 quod
2812 5610 3083 5686 interpres
3122 5604 3328 5686 addidit
3352 5605 3419 5659 de
3452 5618 3574 5665 suo,

313 5677 638 5747 Conlrmgct
660 5694 856 5740 autem,
883 5690 935 5729 ut
974 5678 1192 5730 breviter
1220 5679 1414 5741 dicant,
1450 5677 1901 5742 iutcllectuuliter,
2013 5680 2149 5730 satis
2172 5678 2432 5735 ostendit.
2468 5695 2590 5731 eum
2620 5680 2862 5732 auctoris
2910 5693 3137 5747 sensum
3163 5677 3387 5729 minime
3423 5690 3575 5729 asse-

312 5746 709 5805 intel’lert’uatiu
750 5751 979 5814 ipsorum
1020 5747 1215 5817 capita.
1418 5815 1426 5817 ξ
1494 5815 1501 5817 Α
2014 5760 2203 5800 cututn
2237 5761 2379 5803 esse.
2408 5748 2599 5817 Neque
2622 5749 2769 5801 enim
2801 5749 2868 5802 de
2915 5746 3223 5800 hominibus
3256 5759 3438 5801 sermo
3467 5752 3570 5807 cst,

390 5824 507 5892 (ιι)
548 5821 762 5873 Mallem
797 5816 1163 5888 ἁμαρτωλῶν,
1204 5828 1263 5872 ut
1291 5815 1457 5873 vertit
1492 5815 1787 5885 interpres.
2008 5835 2193 5874 verum
2228 5817 2294 5875 de
2324 5815 2687 5884 dtemonibus,
2723 5828 2783 5873 ut
2828 5818 3024 5888 legenti
3053 5824 3218 5885 patet.
