4082 6264
481 309 589 373 6ἶ5

1698 313 2086 378 EUTIIYMH
2132 311 2496 372 ZlGABENl

3647 313 3749 378 676

483 424 733 497 telligere
772 439 785 478 τ
823 442 851 481 a
903 430 1106 498 quibus
1151 431 1367 488 delictis
1415 431 1692 486 convertit
1744 446 1845 485 nos
1895 427 2054 492 Deus1

2170 423 2285 492 γὼν
2306 425 2388 488 εἰς
2408 423 2525 492 φῶς
2555 422 2775 495 ἀρετῆς.
2823 422 3088 478 Ἐνταῦθα
3142 423 3199 478 δὲ
3229 424 3293 479 τὸ
3362 425 3467 479 Ἐν
3512 425 3748 494 βυθοῒς,

487 519 555 572 ad
587 519 802 573 virtutis
841 522 1016 577 lucem
1043 525 1346 580 adducens.
1390 524 1453 578 Et
1478 525 1632 594 juxta
1663 525 1808 578 hunc
1837 537 2061 578 sensum

481 607 629 675 quod
665 610 802 664 dicit
835 609 900 664 In
924 615 1225 683 pro/undis,
1257 630 1520 684 expones,
1571 630 1670 684 pro
1710 611 1790 666 Ea:
1841 614 2060 683 profun-

480 701 585 766 dis,
623 712 680 754 ttt
708 703 780 756 sit
809 707 1128 772 prapoaitin
1160 721 1258 774 pro
1293 705 1701 774 pra-positione.

552 793 718 849 Vsus.
754 795 847 849 24.
880 795 947 851 Ut
979 799 1283 867 intingatur
1308 815 1395 864 pes
1430 809 1548 849 tuus
1571 797 1622 850 in
1649 792 2057 866 sanguine.lloc

478 897 662 940 autem
702 884 899 948 facies,
928 904 960 941 ο
995 887 1248 950 Domine,
1285 901 1340 942 ut
1377 904 1550 942 sawos
1577 903 1805 956 prorsus
1829 901 2058 955 superes

476 977 783 1034 tlaamones.
831 975 926 1032 Est
956 981 1104 1034 enim
1139 996 1323 1036 sermo
1356 982 1792 1050 metapltoricus,
1833 990 1886 1032 et
1941 986 2058 1032 tra-

478 1079 606 1124 ctus
637 1083 666 1122 a
728 1079 1082 1126 strenuorum
1137 1074 1373 1127 militum
1422 1075 1750 1138 certamine,
1787 1073 1882 1142 qui
1931 1088 2059 1126 cum

475 1158 683 1216 fuerint
710 1163 972 1230 victores,
1034 1180 1306 1220 caesorum
1345 1164 1589 1220 hostium
1617 1168 1885 1221 cadavera
1921 1181 2058 1221 eon-

473 1253 776 1321 scendunt,
824 1263 879 1309 et
932 1255 985 1308 in
1029 1254 1290 1311 deﬂuenti
1344 1259 1615 1327 sanguine
1665 1257 1834 1327 pedes
1885 1257 2059 1311 intin-

471 1359 626 1415 gnnt.
695 1346 1026 1414 llujusmodi
1083 1350 1450 1404 translatione
1507 1353 1680 1404 utitur
1731 1351 1925 1413 Isaias,
1987 1367 2050 1404 ex

474 1453 716 1508 persona
751 1441 963 1496 Christi
1007 1442 1203 1498 dicens
1238 1461 1253 1497 :
1289 1443 1604 1497 Conculcasi
1643 1460 1728 1497 eos
1763 1445 1819 1496 in
1873 1443 2056 1511 furore

471 1544 607 1595 meo,
641 1545 689 1584 et
747 1533 944 1586 deduxi
1005 1536 1316 1606 sanguinem
1375 1551 1559 1588 eorum
1612 1537 1665 1587 in
1727 1545 1946 1598 terram,
2000 1544 2051 1589 et

2172 517 2293 570 ἀντὶ
2349 515 2444 570 τοῦ
2512 515 2608 570 Ἐκ
2669 515 2849 587 βυθῶν
2895 515 3086 591 λήψῃ’
3144 516 3406 588 πρόθεσιν
3459 519 3582 573 ἀντὶ
3611 536 3748 591 προ-

2166 609 2395 673 θέσεως.

2238 791 2439 858 Ὅπως
2476 789 2553 846 ἂν
2569 789 2745 862 ,Ξαφῇ
2776 795 2809 845 u’
2827 792 2982 859 ποῦς
2999 807 3115 848 σου
3131 791 3200 846 ἐν
3228 793 3449 861 αἵματι.
3479 793 3651 847 Τοῦτο
3670 792 3747 859 δὲ,

2165 876 2210 935 ὧ
2259 884 2458 955 Κύριε,
2517 886 2786 956 ποιήσεις,
2821 884 2971 948 ὅπως
3005 885 3072 936 ἂν
3102 884 3285 938 τέλεον
3321 885 3559 956 νικήσῃς
3624 884 3748 948 τοὺς

2163 975 2428 1048 δαίμονας
2457 994 2471 1008 ’
2509 977 2879 1049 μεταφορικὸς
2917 978 2974 1031 δὲ
2997 981 3025 1030 ὁ
3058 976 3234 1045 λόγος.
3265 979 3327 1030 0i
3358 978 3463 1047 γὰρ
3490 976 3749 1040 νικῶντες

2163 1067 2222 1117 ὲν
2253 1066 2329 1136 τῷ
2360 1068 2678 1137 ἀριστεύειν
2727 1069 3150 1139 ὲπεμΰαίνοντες
3208 1071 3320 1133 τοῖς
3373 1070 3586 1138 σώμασι
3641 1068 3750 1121 τῶν

2161 1159 2527 1230 ἀνῃρημένων
2551 1160 2761 1231 ἐχθρῶν
2793 1161 3092 1230 βάπτονται
3141 1161 3271 1224 τοὺς
3309 1161 3496 1224 πόδας,
3557 1162 3616 1214 ὲν
3669 1158 3748 1229 τῷ

2161 1249 2522 1321 καταρῤἐοντι
2548 1250 2756 1304 τούτων
2786 1254 3003 1321 αἵματι.
3034 1252 3172 1323 Φησὶ
3198 1253 3308 1322 γάρ
3331 1253 3424 1304 καὶ
3441 1251 3666 1316 Ἡσαΐας
3683 1253 3747 1304 ἐκ

2159 1345 2462 1409 προσώπου
2491 1343 2587 1396 τοῦ
2616 1344 2858 1413 Χριστοῦ
2891 1360 2907 1374 ο
2949 1343 3359 1413 rursusith
3392 1345 3619 1410 αὐτοὺς
3677 1345 3748 1399 ἐν

2160 1435 2238 1502 τῷ
2262 1434 2428 1506 dum?)
2458 1455 2605 1507 μου,
2645 1441 2746 1492 καὶ
2773 1438 3121 1510 κατήγαγον
3148 1442 3239 1504 εις
3269 1438 3408 1508 γῆν,
3465 1439 3534 1492 τὸ
3600 1433 3748 1507 allia

2155 1529 2379 1594 αὐτῶν,
2449 1531 2547 1584 καὶ
2606 1534 3082 1602 κατερῤαντίσθη
3167 1530 3250 1598 τῷ
3307 1531 3746 1600 κατανικήματι

472 1639 683 1692 παρεῖσα
718 1633 844 1676 sunt
873 1625 1184 1679 vestimenta
1216 1641 1329 1678 mea
1400 1629 1455 1679 in
1487 1627 1706 1680 victoria
1734 1629 1800 1682 ".
1837 1627 2049 1681 Sensus

2155 1622 2355 1677 αὐτῶν
2380 1622 2456 1678 τὰ
2479 1625 2681 1693 Ιμὰτιά
2697 1643 2840 1694 μου.
2868 1626 3056 1680 Ταῦτα
3104 1626 3220 1699 γὰρ.
3270 1626 3338 1679 τὰ
3391 1625 3533 1697 ῥητά
3587 1625 3748 1679 τοῦτο

479 1711 650 1780 igitur
685 1713 977 1781 praesentis
1009 1714 1268 1769 versiculi
1320 1725 1427 1779 est,
1478 1715 1624 1785 quod
1677 1731 1774 1771 eos
1825 1731 2054 1786 prorsus

2155 1715 2433 1786 βούλονται
2492 1719 2802 1787 σημαίνειν,
2863 1719 2949 1772 ὅτι
2998 1719 3186 1773 τέλεον
3233 1721 3436 1782 αὐτοὺς
3495 1719 3742 1789 ἐνίκησε·

472 1805 776 1872 superabit.
816 1804 908 1860 Vel
951 1806 1134 1870 aliter,
1167 1804 1527 1876 intelligendo
1560 1808 1627 1861 de
1659 1807 1904 1864 Christo.
1960 1823 2054 1879 per

2161 1810 2271 1862 Καὶ
2297 1807 2472 1872 ἄλλως
2496 1809 2552 1862 δὲ
2579 1809 2716 1874 ποῦς
2743 1811 2841 1864 τοῦ
2863 1812 3102 1882 Χριστοῦ
3137 1813 3170 1882 ἡ
3210 1812 3512 1883 Ἐκκλησία
3542 1809 3748 1879 λέγοιτ’

473 1898 678 1952 Clu-isti
717 1898 911 1966 pedem
957 1901 1133 1969 ipsam
1190 1915 1492 1969 possumus
1545 1902 1846 1957 Eeclesiam
1891 1903 2056 1957 intel-

469 1989 663 2058 ligere,
698 2008 822 2059 qua:
881 2006 980 2060 per
1030 1993 1189 2048 ﬁdem
1236 2012 1361 2049 eum
1420 1995 1624 2064 ubique
1688 1995 1812 2051 fert.
1876 1996 2054 2065 Ipsius

468 2083 675 2135 etenim
707 2081 971 2137 Ecclesia:
1004 2093 1173 2153 caput
1205 2094 1290 2138 est
1323 2083 1604 2144 Christus,
1627 2093 1683 2137 et
1711 2086 1826 2154 ipsa
1859 2098 2054 2138 rursus

468 2161 674 2230 Chi-isti
728 2175 926 2244 pedum
960 2177 1135 2230 vicem
1170 2187 1418 2246 prmstat.
1453 2174 1580 2231 llaec
1610 2177 1778 2244 igitur
1805 2175 2052 2234 Ecclesia

469 2265 704 2323 iutinCta
734 2279 824 2323 est
885 2269 940 2322 iu
973 2271 1182 2324 Christi
1217 2270 1508 2341 sanguine,
1558 2283 1626 2324 eo
1661 2269 1924 2322 nimirum
1972 2270 2052 2323 si-

465 2369 632 2428 gnata
707 2367 871 2426 atque
927 2359 1183 2420 intincta,
1221 2368 1279 2411 ut
1313 2356 1778 2426 quemadmodum
1838 2355 2046 2410 ferrum

469 2454 740 2516 tinctura,
787 2454 866 2503 sic
916 2459 971 2504 et
1021 2453 1139 2520 ipsa
1192 2452 1314 2520 ejus
1365 2452 1636 2522 sanguine
1689 2450 2036 2505 consolidata

2148 1900 2237 1967 ἂν,
2269 1900 2619 1971 βαστάζουσα
2643 1903 2836 1957 τοῦτον
2869 1906 2959 1959 διὰ
2984 1905 3226 1969 πίστεως
3256 1923 3270 1937 ο
3329 1905 3455 1957 ἐπεὶ
3483 1905 3579 1957 καὶ
3612 1903 3748 1956 ταὺ-

2149 2007 2250 2060 της
2288 1992 2503 2063 κεφαλὴ
2529 1993 2695 2057 αὐτὸς
2795 1994 3033 2065 Χριστός
3061 2011 3075 2024 ·
3105 1995 3246 2066 αὕτη
3281 1994 3377 2048 οὖν
3431 1997 3614 2066 ἐδάφη
3667 1993 3748 2066 τῷ

2149 2085 2346 2155 αἵματι
2403 2085 2498 2139 τοῦ
2571 2087 2837 2156 Χριστοῦ,
2912 2089 3314 2158 σφραγισθεῖσα
3372 2086 3570 2158 τούτῳ,
3649 2088 3748 2141 καὶ

2148 2178 2512 2248 τειχισθεῖσα,
2578 2181 2676 2233 καὶ
2733 2181 3078 2252 στομωθεῖσα
3163 2179 3416 2252 καθάπερ
3473 2185 3538 2252 τῇ
3598 2179 3748 2251 βαφῇ

2154 2271 2382 2341 σίδηρος
2420 2288 2437 2303 ο
2474 2271 2510 2342 ἢ
2559 2273 2658 2326 καὶ
2693 2272 2773 2347 τῷ
2809 2273 3005 2344 αἵματι
3025 2273 3138 2326 τῶν
3168 2274 3264 2327 τοῦ
3321 2274 3560 2344 Χριστοῦ
3601 2289 3748 2345 μαρο

2153 2364 2338 2434 τύρων
2369 2380 2388 2397 ο
2418 2363 2453 2436 ἢ
2489 2366 2584 2419 καὶ
2617 2367 2727 2423 τῶν
2769 2367 2978 2437 νοητῶν
3032 2367 3225 2439 αἵματι
3282 2367 3393 2421 τῶν
3446 2366 3746 2439 δαιμόνων,

2147 2457 2358 2527 νοητῶς
2390 2461 2714 2529 ἁποσφαττο
2720 2461 2920 2532 μένων.

467 2545 639 2598 fuerit
687 2560 751 2598 ac
783 2547 1068 2608 roborata,
1121 2547 1207 2601 vel
1237 2547 1403 2599 etiam
1431 2553 1732 2615 martyrum
1763 2547 2072 2615 sanguine:
2114 2553 2336 2608 tametsi
2373 2553 2827 2611 inteilectualiter
2869 2557 3184 2612 daunonum
3248 2557 3578 2629 sanguinem
3662 2554 3750 2610 in-

471 2636 854 2690 tellet'tualiter
879 2638 1218 2703 occisorum,
1257 2636 1438 2705 possis
1469 2635 1638 2688 etiam
1674 2635 2003 2702 intelligere.

540 2727 746 2798 Lingua
767 2744 962 2783 canum
995 2739 1208 2782 tuorum
1237 2744 1303 2782 ex
1329 2730 1562 2782 inimicis
1589 2729 1652 2781 ab
1673 2729 1811 2797 ipso.
1834 2729 1877 2780 Α
1898 2743 2053 2780 com-

470 2821 624 2875 muni
659 2829 826 2875 sensu
861 2837 1084 2876 rursum
1119 2822 1453 2876 sumendum
1480 2827 1566 2876 est
1607 2821 1837 2874 verbum
1871 2817 1944 2872 Ut
1972 2820 2058 2871 in-

473 2917 739 2984 tingatur.
779 2913 960 2972 Canes
989 2924 1173 2969 autern
1207 2914 1446 2978 Christi,
1471 2914 1716 2983 episcopi
1750 2923 1906 2977 sunt,
1968 2913 2060 2981 qui

478 3009 846 3063 insidiatores
895 3010 1211 3078 expellunt,
1254 3017 1309 3062 et
1352 3007 1654 3062 rationales
1723 3021 1915 3077 greges
1969 3021 2067 3060 cu-

468 3103 747 3158 stodiunt.
770 3103 975 3157 Horum
1017 3103 1185 3173 igitur
1217 3116 1415 3156 canum
1448 3099 1841 3154 intellectualis
1876 3098 2061 3167 lingua

2239 2727 2306 2782 Ἠ
2345 2731 2600 2799 γλῶσσα
2629 2730 2750 2785 τῶν
2778 2729 2982 2786 κυνῶν
3020 2749 3139 2788 σου
3197 2734 3268 2798 ἐξ
3321 2732 3553 2802 ἐχθρῶν
3605 2720 3749 2799 παρ’

2157 2818 2368 2874 αὐτοῦ.
2429 2822 2562 2874 Ἀπὸ
2587 2821 2770 2875 κοινοῦ
2818 2823 3001 2889 πάλιν,
3057 2825 3119 2876 τὸ
3175 2825 3378 2890 ’Ὅπως
3431 2825 3746 2897 ἂνβαφῇο

2159 2914 2322 2976 κύνες
2355 2912 2412 2966 δὲ
2434 2915 2529 2967 τοῦ
2568 2915 2809 2984 Χριστοῦ
2856 2917 2906 2970 οἱ
2974 2917 3092 2987 (45)
3138 2917 3450 2980 ἀπόστολοι,
3506 2919 3750 2975 καθυλα-

2159 3004 2418 3068 κτοῦντες
2452 3007 2563 3061 τῶν
2593 3008 2805 3078 νοητῶν
2835 3009 3036 3075 λύκων,
3089 3012 3184 3064 καὶ
3235 3013 3366 3076 τοὺς
3421 3013 3746 3079 ἐπιϐούλους

2159 3097 2584 3165 ἀποσοϐοῦντες,
2628 3103 2725 3156 καὶ
2753 3101 2823 3156 τὰ
2847 3101 3045 3172 λογικᾶ
3076 3103 3304 3171 ποίμνια
3332 3104 3699 3172 φυλάττοντες
3727 3123 3743 3138 ο

471 3195 706 3251 intineta
737 3205 844 3260 est,
899 3195 953 3248 in
984 3197 1256 3263 sanguine
1289 3193 1575 3258 nimirum,
1605 3193 1700 3260 qui
1751 3188 2052 3260 perﬂuebat

2165 3188 2264 3241 καὶ
2292 3189 2500 3243 τούτων
2532 3193 2599 3244 ἂν
2630 3195 2663 3263 ἡ
2687 3196 2853 3262 νοητὴ
2883 3193 3108 3263 γλῶσσα
3124 3193 3302 3264 ὲϐάφη
3335 3194 3621 3248 λάπτουσα
3680 3198 3750 3252 ἐκ

415 3315 417 3317 ι
469 3304 536 3342 ex
570 3287 837 3342 inimicis.
899 3286 1356 3342 Subaudiendum
1414 3294 1501 3341 est
1534 3287 1682 3340 enim
1719 3283 1928 3352 aliquid
1986 3300 2050 3338 ex

473 3379 812 3450 prteccdenti
841 3379 1147 3443 versivulo,
1207 3378 1285 3432 ita
1318 3388 1381 3433 ut
1415 3377 1553 3432 ordo
1585 3391 1650 3430 ac
1704 3391 1901 3430 sensus
1928 3390 2052 3446 per-

475 3473 656 3529 fectus
692 3474 762 3527 sit
787 3492 811 3528 τ·
838 3471 904 3526 Ut
940 3472 1270 3542 intingatur,
1304 3471 1505 3540 inquit,
1537 3485 1727 3524 eorum
1773 3470 1957 3539 lingua
1989 3484 2055 3523 ex

470 3566 826 3619 inimicorum
860 3566 1153 3633 sanguine,
1205 3564 1414 3632 abipso
1453 3562 1562 3617 Deo
1593 3561 1754 3616 Patre
1791 3561 2050 3615 nimirum

470 3655 686 3726 adjuta.
725 3653 821 3708 Est
849 3663 1035 3710 autem
1071 3655 1163 3709 bic
1195 3669 1382 3709 sermo
1417 3652 1859 3720 metaphoricus.
1885 3649 2054 3706 Caesis

470 3749 743 3819 siquidem
800 3748 1068 3813 inimicis,
1098 3746 1430 3802 caedentium
1473 3761 1642 3801 canes
1675 3745 1918 3799 lambere
1966 3760 2057 3798 so-

472 3842 584 3896 lent
632 3840 948 3894 occisorum
1002 3839 1357 3908 sanguinem,
1415 3844 1473 3892 et
1509 3836 1734 3890 illorum
1780 3834 2054 3889 cadavera

467 3932 759 3987 dilaniare.

542 4026 708 4083 Vens.
740 4027 838 4082 25.
892 4024 1005 4080 Visi
1035 4035 1158 4080 sunt
1189 4026 1430 4080 incessus
1453 4027 1553 4088 tui,
1587 4024 1751 4079 Deus.
1819 4023 1927 4079 Per
1970 4024 2056 4078 in-

467 4134 668 4176 cessus
700 4119 792 4174 hic
848 4119 1103 4173 actiones
1155 4116 1364 4173 Christi
1422 4120 1478 4172 in
1541 4133 1710 4172 carne
1757 4130 2055 4172 conversa-

468 4213 813 4280 tionemque,
900 4225 964 4264 ac
1047 4209 1216 4264 vitam
1283 4209 1406 4280 ejus
1466 4209 1750 4280 intelligit,
1809 4223 2047 4279 quorum

469 4307 717 4358 omnium
775 4312 1121 4375 spectatores
1196 4305 1482 4374 apostolos
1557 4303 1730 4357 fuisse
1795 4302 2050 4373 legimus,

467 4397 628 4467 juxta
671 4395 816 4465 quod
867 4409 965 4465 per
1027 4393 1198 4449 alium
1258 4392 1589 4464 Prophetam
1649 4391 2050 4447 dieitur.Post

473 4489 586 4540 Ita'c
619 4486 674 4540 in
705 4499 850 4541 terra
876 4489 1021 4540 visus
1064 4500 1169 4552 est,
1223 4498 1276 4542 et
1320 4505 1437 4541 cum
1491 4487 1790 4541 hominibus
1835 4501 2050 4541 conssr-

468 4587 620 4631 satus
654 4588 729 4631 est
768 4579 835 4630 ⁵³.

543 4669 788 4724 lnccssus
827 4671 921 4725 Dei
961 4672 1085 4737 mei,
1126 4670 1287 4742 Regis
1335 4672 1459 4735 mei,
1507 4673 1598 4741 qui
1644 4681 1720 4726 est
1747 4673 1804 4725 in
1839 4681 2044 4727 sancto.

467 4758 605 4816 Vide
635 4777 798 4832 quam
831 4763 1068 4832 ingenue
1098 4763 1291 4820 beatus
1324 4763 1515 4827 David,
1541 4764 1826 4820 Christum
1868 4763 2046 4820 fatea-

469 4865 561 4910 tur
599 4856 766 4909 Deum
799 4872 944 4921 esse,
973 4859 1138 4913 veluti
1187 4857 1283 4927 qui
1319 4856 1687 4913 certissimam
1731 4855 2044 4911 futurorum

473 4947 713 5002 habebat
738 4949 1048 5003 scientiam.
1084 4948 1350 5004 Sanctum
1385 4960 1568 5004 autem
1605 4945 1826 5003 Patrem
1861 4948 2042 5018 ipsum

469 5041 732 5110 appellat,
765 5042 816 5094 in
845 5055 956 5111 quo
987 5039 1160 5094 Filius
1193 5041 1544 5095 ineﬂ‘abiliter
1571 5049 1658 5096 est
1697 5059 1711 5094 :
1743 5038 1857 5109 Ego
1881 5041 2040 5107 enim,

471 5132 674 5200 inquit,
705 5133 756 5184 in
791 5131 972 5194 Patre,
1005 5143 1052 5186 et
1093 5130 1256 5186 Pater
1285 5131 1339 5183 in
1367 5146 1445 5185 me
1483 5141 1561 5185 est
1585 5131 1652 5183 “.

547 5215 715 5271 Vens.
748 5219 839 5270 ‘26.
881 5220 1260 5273 Prwrenerunt
1291 5221 1551 5288 principes
1599 5220 1868 5291 conjuncti
1907 5220 2050 5290 psal-

482 5310 729 5362 lentibus.
763 5312 1061 5377 Apostolus
1095 5313 1375 5382 principes
1410 5314 1670 5381 appellat,
1699 5314 2053 5381 quemadmo-

476 5405 605 5453 dum
637 5412 688 5455 ιιι
722 5404 850 5456 alibi
884 5421 896 5455 :
932 5402 1252 5470 (."oustitues,
1309 5406 1508 5474 inquit,
1541 5421 1626 5458 eos
1658 5405 1918 5473 principes
1959 5420 2051 5458 su-

2073 4579 2121 4643 ο

2156 3283 2267 3336 τῶν
2295 3283 2509 3354 ἐχθρῶν
2547 3301 2562 3314 ·
2596 3285 3098 3356 συνεξανουομένου
3141 3286 3424 3342 κάνταῦθα
3447 3287 3541 3341 τοῦ
3567 3287 3744 3360 αἷμα-

2154 3392 2268 3438 τος.
2298 3376 2451 3448 Βαφῇ
2481 3379 2540 3432 δὲ
2573 3380 2606 3449 ή
2636 3379 2861 3448 γλῶσσα
2888 3382 3092 3445 αὐτῶν,
3123 3383 3188 3433 ἐκ
3226 3382 3319 3436 τοῦ
3373 3383 3603 3454 αἵματος
3631 3381 3750 3438 τῶν

2155 3470 2369 3542 ἐχθρῶν
2396 3471 2530 3543 παρ’
2555 3471 2746 3542 αὐτοῦ,
2797 3475 3071 3540 τουτέστι,
3100 3477 3253 3547 παρὰ
3305 3475 3400 3529 τοῦ
3457 3476 3596 3529 Θεοῦ
3649 3479 3745 3531 καὶ

2159 3564 2372 3634 Πατρὸς
2405 3564 2773 3637 βοηθουμένη.
2835 3568 2947 3622 Καὶ
3005 3567 3165 3621 τοῦτο
3215 3568 3272 3621 δὲ
3344 3571 3741 3642 μεταφορικόν.

2156 3655 2278 3708 Τῶν
2307 3657 2417 3728 γὰρ
2445 3658 2657 3728 ἐχθρῶν
2687 3660 3108 3730 ἀναιρεθέντων,
3165 3660 3261 3714 καὶ
3307 3662 3356 3714 οἱ
3411 3661 3573 3726 κύνες
3631 3663 3746 3718 τῶν

2157 3750 2482 3818 ἀνελόντων,
2499 3752 2764 3807 λάπτουσι
2780 3752 2858 3824 τῷ
2882 3755 3076 3824 αἵματι
3097 3753 3300 3822 αὐτῶν,
3324 3757 3508 3812 καὶτὰ
3526 3742 3744 3811 τοῦτων

2158 3841 2632 3913 διασπαράττουσι
2656 3844 2905 3914 σώματα.

2241 4023 2703 4093 Ἐθεωρήθησαν
2722 4025 2784 4079 al
2811 4023 3052 4093 πορεῖαί
3077 4041 3218 4088 σου,
3245 4029 3277 4080 ὀ
3310 4027 3476 4093 Θεός.
3517 4031 3586 4082 Ai
3629 4030 3745 4084 ὁδοὶ

2155 4119 2250 4174 καὶ
2282 4120 2627 4188 ἀναστροφαὶ
2660 4117 2756 4173 καὶ
2784 4117 3064 4190 διατριϐαὶ
3123 4119 3224 4188 τῆς
3261 4122 3530 4191 ὲνσάρκου
3587 4122 3746 4176 πολι-

2152 4211 2306 4274 τείας
2337 4226 2454 4264 σου.
2479 4210 2760 4264 Δύτόπται
2793 4211 2904 4282 γὰρ
2926 4213 3132 4266 τούτων
3154 4214 3204 4266 oi
3228 4212 3520 4268 ἀπόστολοι
3574 4217 3738 4288 ἔχρη.

2157 4303 2414 4375 μάτισαν.
2441 4303 2607 4356 Μετὰ
2632 4301 2812 4358 τοῦτο
2841 4303 2972 4374 γὰρ,
3005 4306 3194 4373 φησιν,
3226 4305 3324 4358 ἐπὶ
3373 4304 3488 4375 τῆς
3542 4305 3736 4378 ὤφθη,

2153 4393 2253 4447 καὶ
2283 4392 2410 4461 τοῖς
2438 4393 2778 4462 ἀνθρώποις
2807 4395 3326 4468 συναινεστράφη.

2215 4665 2288 4718 At
2318 4662 2559 4731 πορείαι
2594 4662 2706 4717 τοῦ
2728 4661 2877 4717 Θεοῦ
2906 4680 3030 4732 μου
3063 4663 3171 4717 τοῦ
3191 4663 3503 4730 ,ϐασιλέως
3530 4664 3643 4720 τοῦ
3663 4665 3740 4718 ἐν

2145 4754 2226 4823 τῷ
2248 4757 2418 4825 ἁγιῳ.
2455 4756 2601 4827 Ὅρα
2624 4757 2776 4820 ὅπως
2812 4756 2926 4823 (44)
2957 4757 3198 4827 γνησίως
3229 4757 3256 4809 ὁ
3280 4756 3445 4812 Δασὶδ
3469 4758 3564 4812 τὸν
3591 4759 3736 4828 Χρι-

2145 4847 2270 4900 στὸν
2300 4845 2557 4916 ὁμολογεί
2603 4845 2761 4911 Θεὸν,
2817 4845 2894 4909 ὡς
2967 4848 3072 4916 ήδη
3134 4847 3726 4920 πεπληροςορημένος.

2143 4937 2334 5006 ’Λγιον
2355 4937 2412 4990 δὲ
2434 4935 2532 4990 νῦν
2555 4937 2709 5006 λέγει
2739 4938 2833 4991 τὸν
2864 4937 3109 5007 Πατέρα,
3138 4943 3196 4992 ὲν
3240 4934 3285 5006 ᾧ
3323 4935 3392 5010 ἧν
3443 4940 3733 5009 ἀρρήτως.

2145 5031 2297 5103 Ἐκὼ
2323 5033 2449 5103 γὰρ.
2474 5032 2660 5104 φησιν,
2688 5031 2762 5088 ἐν
2785 5031 2866 5098 τῷ
2926 5032 3136 5117 (largi,
3171 5032 3270 5087 xui
3316 5035 3351 5088 ὁ
3399 5031 3606 5100 Πατὴρ
3659 5032 3739 5087 ἐν

2146 5124 2303 5194 ἐμοί.

2221 5216 2622 5284 Προέφθασαν
2658 5216 2975 5286 ἄρχοντες.
3037 5216 3298 5285 ἐχόμενα
3335 5218 3732 5284 ψαλλόντων.

2155 5309 2458 5377 Ἀρχοντας
2505 5309 2663 5361 καλεί
2719 5308 2846 5370 τοὺς
2895 5309 3249 5373 ἀποστόλους.
3313 5308 3732 5374 Καταστήσας

2154 5402 2284 5473 γάρ,
2329 5404 2515 5472 φησὶν,
2572 5400 2797 5466 αὐτοὺς
2841 5401 3142 5470 ἄρχοντας
3202 5401 3302 5456 ἐπι
3357 5397 3567 5460 πᾶσαν
3611 5401 3734 5470 τὴν

541 5585 590 5617 ³⁸
624 5583 725 5638 Isa.
759 5601 889 5640 thtt
945 5587 999 5640 «ί.
1073 5587 1122 5619 ⁸³
1161 5585 1372 5644 Baruclt
1401 5603 1482 5653 Ill,
1504 5589 1592 5645 58.
1667 5590 1713 5622 "
1737 5587 1898 5645 Joan.
1933 5604 2046 5654 xlv,
2077 5587 2157 5644 l0.

1805 5680 2008 5744 Variae
2071 5681 2399 5745 lectiones.

547 5780 659 5845 (45)
690 5773 874 5832 Crzt-Ct‘
910 5781 1154 5846 apostoli.

2235 5779 2344 5852 (ιιι)
2381 5776 2574 5835 Melius
2601 5794 2760 5850 quam
2789 5787 2947 5834 certe.
