4162 6288
589 354 656 414 79
1751 339 2136 402 EUTHYMII
2173 337 2537 399 ZlGABENI

3693 331 3799 393 680

549 467 729 534 lippus
775 475 838 514 ex
887 461 1009 512 vice)
1060 465 1218 513 erant
1276 453 1568 512 Betlisaida
1620 452 2012 512 :Matthmum.
2064 463 2120 504 et

2226 468 2346 515 πος,
2384 453 2477 505 καὶ
2501 450 2781 521 Ἰωάννης,
2819 437 2925 502 aia
2953 449 3348 520 Βηθσαῖδᾶτῆς
3389 444 3580 518 κώμης
3620 442 3793 518 ἦσαν’

544 556 814 611 Jacobum
858 551 1067 623 Alphaai
1095 552 1317 622 degisse
1348 549 1580 616 legimus
1603 547 1656 600 in
1687 544 2071 614 Capbarnaum
2106 560 2119 596 :

548 650 738 703 Simon
786 658 968 702 autem
1001 642 1218 698 Zelotes
1251 641 1595 696 Cltananzens
1637 638 1760 692 fuit.
1799 637 1991 691 Omnia
2027 651 2122 688 auo

548 751 654 794 tem
684 741 797 792 hate
831 739 946 792 loca
981 739 1032 789 in
1077 736 1298 789 Galilaaa
1327 743 1485 788 erant
1516 733 1758 803 regione,
1791 745 1912 799 qua:
1944 727 2122 781 Zabu-

547 835 663 896 Ion,
696 840 750 884 et
780 831 1127 899 Nepbtbalim
1174 830 1428 882 tribubus
1458 827 1508 878 in
1543 834 1748 880 scrtem
1795 823 2118 877 obvenerat.

550 923 821 976 Similiter
853 932 907 976 et
940 923 1029 974 alii
1070 920 1306 989 apostoli
1352 935 1418 971 ex
1458 918 1543 970 his
1572 916 1825 970 tribubus
1851 915 2120 984 originem

546 1016 855 1067 trahebant.
915 1011 979 1066 Et
1017 1015 1292 1081 principes
1328 1027 1423 1064 eos
1456 1010 1770 1079 appellavit,
1821 1023 1927 1061 non
1975 1005 2120 1075 quod

547 1105 881 1159 civitatibus
930 1113 983 1158 et
1025 1105 1158 1157 locis
1206 1104 1311 1156 illis
1353 1102 1798 1163 dominarentur,
1859 1100 1954 1153 sed
1996 1098 2122 1165 quia

550 1197 974 1251 excellentiores
1026 1205 1190 1264 atque
1279 1194 1667 1247 honoratiores
1723 1201 1903 1255 erant,
1954 1189 2122 1244 animi

545 1289 850 1341 nobilitate.
879 1284 968 1338 Vel
990 1284 1669 1354 subiutelligedictionem,
1695 1298 1758 1336 ex
1781 1298 1799 1346 ;
1823 1293 1877 1336 ut
1897 1282 1968 1336 sit
1996 1296 2124 1335 sen-

545 1398 662 1446 sus,
693 1382 837 1446 quod
872 1382 1151 1448 principes
1187 1379 1400 1431 luerunt
1432 1393 1496 1430 ex
1526 1379 1666 1431 tribu
1699 1376 1862 1439 Juda,
1886 1391 1947 1430 ex
1978 1376 2122 1429 tribu

545 1476 814 1538 Zabulon,
851 1495 914 1529 ex
953 1477 1096 1529 tribu
1129 1474 1500 1544 Neplttltalim.

619 1568 782 1623 Vens.
813 1570 902 1631 29,
937 1570 1027 1622 30.
1065 1567 1290 1631 Munda,
1317 1566 1475 1630 Deus,
1519 1565 1702 1619 virtuti
1740 1574 1863 1617 ιιιατ.
1899 1560 2026 1616 llrec
2058 1561 2124 1615 ad

544 1661 758 1715 Patrem
782 1664 921 1715 dicta
951 1670 1101 1724 sunt,
1144 1671 1200 1713 ut
1233 1660 1370 1714 Filio
1404 1662 1622 1712 mandet
1662 1674 1724 1711 ea
1754 1674 1875 1728 quae
1907 1658 1970 1710 ad
1994 1671 2129 1726 pra:—

2227 546 2504 606 Ματοαῑος
2530 546 2624 598 καὶ
2659 544 2938 609 Ἰάκωϐος,
2974 545 3002 596 ὀ
3033 543 3127 595 τοῦ
3157 541 3440 611 Ἁλφαίου,
3466 544 3524 595 ἐν
3582 545 3800 612 Καπερο

2226 640 2403 708 ναοὺμ
2440 639 2651 705 διάγειν
2694 637 3029 707 ἱστοροῦνται
3057 653 3070 669 ·
3116 637 3302 705 Σίμων
3366 635 3422 688 δὲ
3467 637 3494 688 ὁ
3550 635 3798 704 Ζηλωτὴι,

2229 732 2540 801 Κανανῑτης
2574 731 2649 783 ὢν
2677 731 3152 800 ἐτύγχανε.⁷1ἀυτὶ
3179 730 3236 782 δὲ
3272 731 3448 784 πάντα
3483 730 3659 800 χωρία
3704 731 3801 798 τῆς

2226 824 2518 886 Γαλιλαίας
2537 819 2698 896 ἦσαν.
2753 823 2901 876 Ἡδὲ
2938 823 3202 876 Γαλιλαία
3242 823 3320 892 τῷ
3362 822 3648 875 Ζαῦουλὼν
3709 823 3801 875 καὶ

2224 915 2300 984 τῷ
2333 915 2656 986 Νεφθαλεὶμ
2693 915 3122 985 ἐκληροδοτήθη.
3157 914 3267 966 Καὶ
3305 916 3354 967 οἱ
3385 914 3533 967 ἄλλοι
3565 913 3622 967 δέ
3639 913 3800 967 πάλιν

2224 1009 2416 1064 ἐκτῶν
2455 1009 2714 1063 τοιούτων
2786 1008 3064 1078 ὥρμηντο.
3125 1007 3428 1077 ’Λρχοντας
3492 1005 3545 1058 δὲ
3602 1005 3800 1066 αὐτοὺς

2224 1100 2403 1170 εἶπεν,
2439 1104 2537 1172 οὐχ
2576 1104 2652 1166 ὡς
2721 1103 2989 1172 ἄρχοντας
3037 1101 3148 1154 τῶν
3205 1100 3500 1170 πατρίδων,
3547 1096 3667 1151 ἀλλ’
3727 1099 3800 1160 ὡς

2223 1201 2544 1269 ἐξαιρέτους
2571 1199 2666 1252 καὶ
2693 1197 3084 1268 τιμιωτέρους,
3124 1195 3214 1248 διὰ
3236 1194 3336 1266 τὴν
3401 1193 3641 1264 ψυχικὴν
3713 1193 3802 1246 etl-

2224 1294 2548 1365 γένειαν-ἢ
2617 1292 2886 1363 ἄρχοντας
2957 1290 3017 1357 ἐξ
3097 1287 3291 1350 Ἰούδα,
3378 1288 3475 1340 καὶ
3535 1287 3800 1356 ἄρχοντας

2225 1390 2290 1442 ἐκ
2317 1387 2629 1451 Ζαϐουλὼν,
2657 1387 2754 1440 arat
2778 1386 3046 1456 ἄρχοντας
3079 1383 3145 1436 ἐκ
3198 1379 3522 1451 Νιφθαλείμ
3545 1395 3561 1411 ο
3603 1378 3802 1446 ἔξωθεν

2224 1481 2290 1535 λα
2299 1481 2472 1552 μ6ανο
2479 1481 2649 1552 μένης
2697 1479 2795 1549 τῆς
2866 1476 3202 1550 προθέσεως.

2304 1575 2632 1638 Ἐντειλαι,
2659 1574 2692 1627 δ
2725 1569 2893 1636 Θεὸς,
2917 1566 2991 1638 τῇ
3015 1567 3267 1638 δυνάμει
3291 1582 3428 1620 σου.
3463 1563 3638 1619 τοῦτο
3669 1562 3802 1632 πρὸς

2227 1670 2318 1722 τὸν
2376 1668 2620 1739 Πατέρα,
2653 1666 2742 1720 ἵνα
2791 1663 3099 1734 ἑντεῑληται
3135 1663 3216 1732 τῷ
3255 1661 3370 1731 Tn;
3401 1659 3472 1713 τὰ
3533 1659 3660 1729 περὶ
3707 1655 3802 1711 τοῦ

544 1754 878 1807 dicatinnem
977 1755 1274 1822 prrtincnt.
1321 1755 1362 1807 Α
1408 1771 1485 1806 me
1525 1755 1638 1817 ipso
1675 1754 1903 1814 etenim,
1949 1751 2122 1822 inquit

544 1844 800 1869 l‘l.-:..n-.-
910 1845 1040 1869 ..fl.."
1095 1849 1274 1869 Ι-,.-.-..
1339 1845 1425 1869 --.Ι
1465 1861 1777 1869 --._--.._-..-
1835 1845 2042 1869 ...ηιΙέιμλ
2093 1861 2120 1869 ρ

2231 1761 2615 1833 κηρύγματος.
2688 1758 2820 1814 Ἀπ’
2862 1755 3124 1828 ἐμαυτοῦ
3178 1757 3308 1827 γὰρ,
3379 1752 3570 1822 φησὶν,
3625 1750 3806 1805 οὐδὲν

543 1844 826 1905 (ΣΙιιίδιιιε,
908 1845 1040 1896 nihil
1091 1849 1295 1912 loquor,
1336 1845 1425 1897 sed
1458 1861 1777 1914 qumcunque
1828 1845 2043 1897 audiero
2088 1861 2122 1895 α

546 1935 712 1988 l’atre
742 1937 807 1990 ".
844 1934 1000 2001 Quod
1043 1948 1225 1990 autem
1252 1937 1510 1992 Christus
1542 1940 1718 1992 virtus
1752 1939 1841 1992 Dei
1881 1939 2120 2002 dicatur,

541 2025 849 2095 Apostolus
896 2030 1104 2094 docuit,
1144 2029 1337 2084 dicens
1387 2029 1454 2084 de
1485 2045 1570 2092 eo,
1610 2030 1759 2100 quod
1804 2029 1896 2084 Dei
1949 2030 2123 2083 virtus

539 2127 622 2170 est
657 2127 712 2169 et
749 2117 844 2171 Dei
879 2120 1150 2186 sapientia
1183 2119 1252 2172 ⁸⁸.

613 2207 882 2275 Conﬁrma
921 2209 1040 2273 hoc,
1077 2209 1236 2273 Deus,
1267 2211 1406 2278 quod
1436 2222 1688 2279 operatus
1726 2227 1779 2264 es
1816 2212 1868 2263 in
1892 2209 2060 2276 nobis,
2091 2226 2123 2263 a

539 2303 732 2370 templo
755 2304 910 2355 tuoin
936 2301 1256 2358 Jerusalem.
1282 2303 1402 2358 llazc
1425 2305 1488 2358 ad
1515 2303 1866 2358 Filiumdicta
1893 2314 2042 2364 sunt,
2066 2311 2124 2355 ut

543 2395 818 2464 Evangelii
859 2396 1326 2464 praedicationem,
1356 2400 1500 2464 quod
1537 2397 1590 2450 in
1625 2413 1748 2458 nos,
1781 2396 1863 2449 vel
1893 2406 2120 2465 propter

539 2507 645 2544 nos
687 2501 952 2560 operatus
994 2502 1099 2556 est,
1140 2493 1460 2545 validiorem
1498 2506 1561 2546 ac
1595 2492 1962 2560 potentiorem
2000 2490 2123 2544 red-

537 2584 654 2636 dat.
695 2583 788 2637 Vel
821 2587 1086 2638 conlirnta
1130 2585 1274 2654 quod
1306 2596 1567 2653 operatus
1603 2601 1663 2640 es
1709 2599 1739 2638 a
1768 2584 1970 2652 templo
2002 2594 2118 2650 tuo,

544 2679 649 2730 hoc.
685 2688 790 2742 est,
833 2682 980 2750 quod
1033 2681 1310 2749 perl‘ecisti
1353 2697 1446 2747 per
1484 2691 1825 2749 assumptam
1865 2679 2120 2733 humani-

537 2777 734 2834 tatem,
771 2788 890 2841 qua:
923 2776 1188 2842 templum
1223 2775 1450 2838 dicitur,
1483 2790 1548 2828 ac
1589 2773 2006 2828 tabernaculum
2038 2774 2122 2829 di-

535 2863 807 2918 vinitatis.
840 2864 974 2917 Nam
1001 2866 1145 2933 quod
1176 2865 1332 2930 ait,A
1358 2865 1548 2933 templo
1579 2874 1690 2929 tuo,
1715 2865 2117 2934 exponiﬂebet,

2225 1854 2398 1909 λιι.ιῶ
2431 1871 2444 1885 ·
2482 1855 2622 1909 ἀλλ’
2654 1851 2772 1907 ὅσα
2810 1850 2889 1905 ἂν
2914 1850 3162 1906 ἀκούσω
3186 1848 3347 1916 παρὰ
3386 1844 3495 1900 τοῦ
3548 1845 3802 1913 Πατρός.

2227 1947 2462 2019 Χριστὸς
2493 1947 2551 2001 δὲ
2576 1946 2712 2001 Θεοῦ
2737 1945 2968 2017 δύναμις
2997 1944 3094 1998 καὶ
3132 1941 3268 1995 Θεοῦ
3298 1941 3484 2010 σοφία.

2294 2207 2685 2277 Δυνάμωσον,
2731 2209 2765 2262 ό
2825 2205 2989 2272 Θεὸς,
3043 2205 3221 2260 τοῦτο
3249 2203 3281 2258 ὅ
3321 2203 3689 2272 κατειργάσω
3733 2200 3804 2254 ἐν

2224 2302 2390 2370 ἡμῖν,
2428 2302 2547 2356 ἀπὸ
2584 2301 2689 2355 τοῦ
2717 2301 2867 2355 ναοῦ
2895 2315 3014 2354 σου
3046 2299 3145 2352 ἐπὶ
3188 2299 3600 2365 Ἰερουσαλήμ.
3632 2297 3805 2350 Τοῦτο

2224 2394 2362 2463 πρὸς
2403 2393 2494 2445 τὸν
2523 2393 2675 2457 Υἰὸν,
2711 2393 2796 2445 ἵνα
2823 2390 3145 2464 κραταιώτῃ
3182 2393 3244 2444 τὸ
3269 2393 3534 2462 κήρυγμα
3552 2387 3649 2442 τοῦ
3699 2389 3803 2441 Εὐ·-

2225 2487 2486 2555 αγγελίου
2515 2501 2529 2515 °
2573 2487 2600 2538 ὃ
2640 2487 3048 2555 κατειργάσατο
3083 2488 3165 2550 εις
3218 2486 3387 2552 ἡμᾶς,
3425 2484 3458 2554 ἢ
3515 2484 3588 2536 δι’
3631 2483 3800 2554 ἡμᾶς.

2223 2579 2646 2648 Κατειργὰσατο
2677 2578 2752 2642 δὲ,
2792 2576 3073 2629 τουτέστιν
3110 2578 3388 2649 ἀπήρτισε
3456 2574 3639 2638 τοῦτο,
3708 2574 3800 2627 διὰ

2219 2672 2317 2726 τοῦ
2360 2674 2796 2745 προσλήμματος
2817 2670 3004 2724 αὑτοῦ.
3063 2671 3238 2723 Τοῦτο
3291 2669 3402 2740 γὰρ
3463 2664 3646 2732 Haec,
3705 2665 3800 2718 καὶ

2222 2768 2489 2835 σκήνωμα
2525 2765 2624 2834 τῆς
2656 2763 2932 2833 θεότητος.
2970 2760 3118 2815 Ἀπὸ
3156 2760 3264 2814 τοῦ
3311 2758 3466 2813 ναοῦ
3511 2773 3630 2811 σου
3665 2758 3796 2826 γὰρ,

2219 2859 2340 2913 ἀντὶ
2365 2858 2478 2921 τοῦ,
2507 2858 2607 2910 Διὰ
2632 2855 2727 2909 τοῦ
2756 2855 2886 2910 ναοῦ
2930 2873 3047 2920 σου,
3118 2853 3215 2907 τοῦ
3282 2853 3377 2905 ἐπὶ
3441 2851 3800 2921 Ἰερουσαλὴμ

536 2955 640 3009 Per
671 2956 930 3025 templum
966 2966 1118 3010 tuum
1157 2974 1169 3010 :
1205 2957 1349 3026 quod
1379 2957 1662 3025 templum,
1691 2957 1797 3010 hoc
1828 2965 1933 3021 est,
1968 2956 2118 3026 quod

2224 2952 2662 3021 ἀναστραφέντος
2715 2949 2808 3001 καὶ
2857 2949 3195 3018 κηρύξαντος
3222 2961 3236 2976 ’
3281 2944 3417 2999 Ἐπὶ
3463 2943 3620 2998 Σιὼν
3663 2946 3794 3014 γὰρ,

539 3060 943 3117 corpustuum,
976 3049 1242 3102 habitavit
1280 3057 1333 3103 et
1359 3049 1750 3118 praedicavitin
1775 3047 2114 3104 Jerusalem:

2217 3047 2372 3116 φησὶ,
2401 3044 2468 3097 τὸ
2495 3044 2634 3112 ὄρος
2681 3043 2746 3094 τὸ
2808 3041 2982 3111 ἅγιον
3029 3039 3239 3104 αὑτοῦ,
3288 3037 3668 3108 διαγγέλλων
3724 3037 3794 3091 τὸ

537 3142 654 3209 Ego
685 3143 844 3207 enim,
881 3143 1086 3212 inquit,
1124 3144 1444 3197 constitutus
1479 3160 1595 3196 sum
1633 3142 1745 3196 Rea:
1771 3141 1834 3195 ab
1871 3159 1930 3196 eo
1962 3158 2118 3210 super

2224 3137 2575 3206 πρόσταγμα
2595 3133 2840 3202 Κυρίου.

534 3231 664 3286 Sion
708 3241 935 3287 montem
982 3247 1226 3287 sanctum
1283 3236 1420 3301 eius,
1452 3235 1747 3303 prwdicans
1797 3243 2114 3303 praeceptum

535 3326 652 3393 (jus
692 3327 761 3378 ⁸⁸.

607 3418 723 3470 Tibi
758 3418 980 3486 offerent
1043 3436 1190 3488 reges
1247 3435 1490 3474 munera.
1543 3418 1798 3475 Gentium
1842 3423 2106 3475 nimirum

533 3529 712 3583 reges.
767 3513 988 3567 Munera
1046 3525 1252 3575 autem,
1300 3527 1424 3581 quae
1467 3511 1790 3567 obtulerunt
1825 3513 1880 3566 bi
1932 3528 2112 3584 reges,

532 3608 734 3676 templa
776 3615 929 3670 sont,
961 3615 1015 3659 et
1050 3605 1255 3674 praedia
1287 3604 1396 3658 Deo
1436 3604 1645 3670 dicata,
1693 3612 1747 3659 et
1799 3607 1950 3659 varia
1997 3606 2108 3658 alia

535 3701 674 3751 dona
717 3697 785 3750 ab
819 3698 898 3751 cis
934 3696 1122 3748 divino
1152 3696 1326 3748 cultui
1368 3695 1455 3762 pie
1507 3695 1714 3751 oblata.
1768 3695 1892 3750 llaec
1928 3706 2110 3751 autent

536 3805 765 3843 munera
817 3789 1002 3841 statim
1033 3785 1286 3848 oﬂcrent,
1323 3801 1448 3838 eum
1486 3787 1722 3854 primum
1753 3797 1803 3840 te
1827 3790 2112 3840 immorta-

535 3881 638 3934 lem
699 3896 893 3933 eorum
952 3894 1076 3931 esse
1143 3876 1366 3945 Regem,
1409 3886 1462 3930 et
1513 3876 1680 3931 Deum
1729 3881 2110 3949 cognoverint.

535 3975 864 4038 Quanquam
906 3981 959 4024 et
1004 3971 1296 4021 immutato
1329 3970 1732 4024 versiculorum
1766 3972 1982 4036 ordine,
2013 3972 2116 4025 ali-

537 4073 618 4114 ter
648 4063 924 4130 possimus
982 4074 1283 4126 exponere,
1339 4067 1396 4108 ιιι
1455 4073 1654 4113 sensus
1711 4060 1829 4113 sit:
1881 4061 1991 4130 Ab;
2012 4061 2115 4114 hoc

539 4155 790 4206 terrestri
832 4163 928 4206 tuo
976 4151 1204 4220 templo,
1263 4165 1418 4220 reges
1477 4149 1653 4206 ferent
1711 4153 1808 4206 tibi
1859 4154 2022 4218 dona,
2057 4155 2114 4207 in

538 4259 836 4312 supernam
872 4241 1182 4296 Jerusalem
1213 4260 1226 4297 :
1255 4244 1382 4311 quia
1416 4257 1513 4311 per
1537 4246 1880 4298 terrestrium
1916 4247 2113 4300 horum

541 4355 837 4393 munerum
903 4339 1257 4400 oblaliOnem,
1301 4354 1588 4393 accessum
1622 4349 1676 4394 et
1712 4341 1942 4409 gratiam
1972 4343 2114 4411 apud

537 4435 708 4487 Deum
737 4432 789 4485 in
823 4431 964 4486 ccelo
1005 4441 1441 4499 consequentur.

614 4521 774 4576 Vens.
811 4523 901 4574 5|.
937 4520 1158 4588 Increpa
1192 4497 1333 4588 feras
1374 4521 1675 4575 arundinis.
1726 4520 1834 4576 Fac
1861 4524 2118 4579 obtnulc-
2145 4497 2197 4557 υ

539 4632 718 4674 scere,
747 4616 944 4682 inquit,
990 4615 1391 4667 intellectuales
1449 4619 1686 4668 leones:
1743 4615 1981 4670 immites
2041 4614 2127 4668 ni-

539 4708 737 4759 mirum
773 4722 836 4758 ae
869 4721 1047 4760 saevos
1096 4707 1396 4769 «muliones,
1431 4706 1523 4774 qui
1563 4705 1975 4775 velutiquidam
2017 4708 2132 4761 leo-

550 4814 648 4851 nes
683 4798 733 4849 in
799 4796 1162 4850 arundinibus
1198 4796 1390 4860 latent,
1414 4796 1542 4850 dum
1587 4798 1639 4851 in
1679 4797 1898 4853 levitate
1928 4813 1990 4852 ac
2019 4806 2132 4854 ste-

543 4891 746 4942 rililule
791 4888 1128 4941 iustabitium
1156 4896 1319 4955 atque
1351 4888 1785 4945 ineonstantium
1810 4889 1866 4944 in
1898 4889 2000 4946 lidc
2025 4891 2127 4943 bo-

542 4981 776 5042 miuutu,
808 4981 1042 5033 latebras
1077 4995 1140 5032 ac
1170 4980 1328 5032 nidos
1364 4995 1492 5034 suos
1522 4981 1728 5035 faciunt
1767 4982 1956 5050 :juxta
1983 4981 2127 5050 quod

543 5072 608 5122 tle
642 5069 864 5122 diabolo
914 5071 1178 5138 scriptum
1235 5073 1466 5138 legimus
1511 5079 1652 5139 apud
1723 5071 1941 5124 beatum
1996 5071 2121 5135 Job,

543 5159 688 5229 quod
718 5162 811 5211 sub
845 5161 986 5213 omni
1024 5161 1222 5212 dormit
1281 5162 1470 5213 arbore
1520 5166 1658 5227 apud
1694 5162 2029 5226 arundinem,
2081 5169 2130 5214 et

542 5269 821 5320 papyrum,
858 5261 904 5304 et
964 5255 1188 5306 caricem
1221 5253 1286 5306 6°.
1339 5253 1660 5319 llujusmodi
1692 5255 1892 5308 etenim
1924 5269 2129 5308 sermo-

543 5361 610 5400 ne
653 5383 666 5404 ,
727 5347 1072 5412 requiescere
1143 5345 1444 5397 daemonem
1523 5346 1875 5413 intelligimus
1945 5346 1997 5398 in
2059 5345 2125 5397 iis

547 5436 882 5498 ltmuinilms,
924 5438 1013 5504 qui
1041 5437 1375 5504 plantarum,
1419 5452 1555 5505 quas
1584 5452 1751 5506 supra
1792 5453 2128 5491 commento-

548 5539 788 5590 ruvimus
848 5539 1214 5604 praprietates
1266 5546 1488 5591 servant
1527 5555 1538 5588 :
1576 5537 1669 5603 qui
1727 5537 1939 5590 scilicet
1988 5535 2126 5588 aridi
2167 5544 2314 5598 sunt,
2341 5536 2406 5589 ad
2443 5536 2693 5589 ferendas
2722 5535 2975 5603 virtutes,

2278 3417 2378 3471 Σοὶ
2413 3418 2659 3472 οἴσουσι
2681 3417 2966 3484 βασιλεῖς
3024 3417 3204 3486 δῶρα.
3264 3418 3331 3472 Οἱ
3385 3418 3624 3489 βασιλεῖς
3689 3421 3798 3473 τῶν

2218 3509 2536 3578 ἅπανταχοῦ
2556 3507 2747 3562 ἐθνῶν.
2765 3507 2924 3578 Δῶρα
2949 3508 3005 3561 δέ
3030 3510 3080 3562 οί
3123 3509 3265 3575 ναοὶ,
3317 3511 3410 3565 καὶ
3433 3509 3500 3564 τὰ
3531 3510 3797 3584 καθιερω·

2217 3603 2377 3655 Οέντα
2411 3600 2623 3663 τούτοις
2653 3603 2853 3672 χωρία,
2875 3601 2969 3656 καὶ
3000 3602 3066 3654 τὰ
3104 3603 3424 3656 παντοδαπὰ
3444 3606 3796 3674 ἀναθήματα.

2218 3697 2440 3747 Οἶσουσι
2470 3695 2527 3747 δὲ
2571 3695 2768 3760 ταῦτα,
2813 3697 3130 3763 ἐπιγνόντες
3197 3697 3254 3750 al
3309 3696 3534 3766 βασιλέα
3593 3697 3800 3750 ἑαυτῶν

2217 3788 2510 3852 ἀθάνατον,
2572 3789 2648 3850 ὠς
2701 3789 2858 3842 Θεόν.
2917 3789 3140 3842 Νοεῑται
3199 3790 3254 3841 δέ
3313 3793 3405 3842 καὶ
3443 3790 3617 3853 ἄλλως
3674 3790 3798 3844 κατ’

2217 3879 2521 3947 ἐναλλαγὴν
2566 3880 2676 3932 τῶν
2723 3880 2930 3950 ῥητῶν,
2993 3881 3076 3932 ὅτι
3117 3879 3254 3934 Ἀπὸ
3274 3879 3368 3931 τοῦ
3415 3881 3558 3934 κατὰ
3616 3880 3802 3952 χώραν

2220 3969 2348 4024 ναοῦ
2363 3986 2457 4021 σου
2484 3969 2579 4020 ἐπὶ
2609 3968 2710 4038 τὴν
2740 3967 2855 4021 ἄνω
2884 3969 3262 4040 Ἰερουσαλὴμ,
3285 3970 3496 4024 οἴσουσι
3520 3987 3603 4023 σοι.
3627 3972 3800 4041 δῶρα,

2218 4064 2267 4114 οι
2300 4061 2560 4130 βασιλεῖς.
2598 4063 2725 4126 Τοῖς
2749 4062 2859 4132 γὰρ
2884 4064 3037 4125 ναοῖς
3076 4062 3352 4131 αἰσθητῶς
3378 4065 3448 4116 τὰ
3487 4063 3640 4134 δῶρα
3706 4081 3802 4117 κο-

2221 4154 2496 4224 μίζοντες,
2529 4153 2741 4224 νοητῶς
2764 4155 2834 4208 δι’
2850 4155 3032 4209 αὐτῶν
3057 4158 3138 4218 εἰς
3159 4157 3252 4208 τὸν
3274 4156 3504 4226 οὐρανὸν
3536 4158 3804 4226 ἀνάγουσι

2216 4248 2317 4317 τὴν
2355 4247 2746 4318 προσαγωγὴν,
2783 4248 2879 4302 καὶ
2901 4249 3066 4318 χάριν
3109 4248 3219 4301 τῶν
3241 4249 3453 4320 δώρων.

2314 4513 2713 4584 Ἐπιτίμησον
2743 4515 2866 4582 τοῖς
2893 4517 3117 4584 θηρίοις
3146 4517 3252 4572 τοῦ
3289 4519 3588 4586 καλάμου.
3614 4520 3804 4590 Φίμω-

2238 4624 2329 4658 σον
2380 4608 2507 4668 τοὺς
2565 4609 2787 4676 νοητοὺς
2840 4609 3145 4678 δαίμοναςο
3192 4610 3369 4664 εῐτουν
3407 4613 3537 4670 τοὺς
3576 4613 3804 4683 ἀγρίους

2231 4701 2329 4755 καὶ
2358 4702 2587 4769 ἀπηνεῖς
2633 4701 2921 4772 δαίμονας,
2963 4703 3163 4765 οἵτινες
3196 4703 3272 4768 ὡς
3301 4704 3554 4772 αἰσθητοὶ
3581 4705 3804 4771 λέοντες

2230 4790 2486 4859 καλάμῳ,
2555 4789 2728 4853 οὕτως
2800 4793 3182 4860 ἐμφωλεύουσι
3238 4797 3306 4864 τῇ
3361 4796 3658 4865 κουφότητι
3711 4800 3806 4851 καὶ

2235 4883 2491 4952 ἀκαρπίᾳ
2535 4883 2646 4935 τῶν
2704 4884 3056 4954 ἀστηρίκτων
3125 4888 3201 4949 εἰς
3258 4886 3444 4940 πίστιν
3471 4888 3803 4958 ἀνθρώπων.

2227 4975 2363 5041 Φησὶ
2416 4976 2472 5026 δὲ
2513 4976 2606 5027 καὶ
2650 4975 2770 5029 ’1ὼό
2797 4977 2927 5046 περὶ
2973 4978 3067 5032 τοῦ
3111 4979 3360 5032 διαϐόλου
3395 4980 3569 5042 οὕτως
3595 4996 3609 5009 °
3654 4981 3804 5035 ’Υπὸ

2230 5068 2352 5121 πᾶν
2387 5068 2640 5137 δένδρον
2661 5071 2955 5139 κοιμᾶται,
2986 5072 3142 5139 παρὰ
3160 5073 3454 5143 κάλαμον,
3474 5075 3573 5127 καὶ
3604 5077 3732 5128 ad:
3744 5095 3806 5128 v-

2226 5179 2362 5228 ρον,
2411 5163 2508 5214 καὶ
2559 5164 2891 5231 βούτοιιον,
2923 5165 3097 5234 δηλῶν
3130 5167 3212 5218 ὅτι
3247 5167 3662 5220 ἐπαναπαύεται
3691 5169 3805 5228 τοῖς

2236 5255 2420 5323 ἔχουσι
2465 5255 2561 5316 τὰς
2622 5255 2893 5325 ἰδιότητας
2913 5257 3019 5311 τῶν
3050 5258 3362 5328 είρημένων
3408 5260 3612 5326 φυτῶν,
3645 5258 3808 5328 ξηρό-

2232 5364 2372 5413 τητα
2413 5348 2546 5416 πρὸς
2581 5347 2803 5417 ἀρετὴν,
2829 5350 2922 5402 καὶ
2949 5349 3225 5419 ὑγρότητα
3265 5351 3403 5421 πρὸς
3451 5350 3801 5422 φιληδονίαν

2231 5437 2454 5490 τοιαῦτα
2487 5441 2596 5508 γὰρ
2624 5443 2651 5490 ὁ
2677 5439 2927 5507 πάπυρος
2958 5441 3052 5494 καὶ
3093 5443 3153 5495 τὸ
3181 5441 3462 5511 βούτομον.

3062 5548 3115 5592 et
3161 5539 3254 5608 qui
3324 5553 3550 5594 succum
3641 5547 3809 5609 atque

549 5632 829 5683 lttttuoretn
875 5633 1102 5685 Ittttlltttll
1138 5634 1338 5687 habent
1373 5634 1439 5686 ad
1504 5629 1824 5685 nutriendus
1869 5631 2198 5700 voluptates.
2246 5629 2566 5699 llujttsmodi
2631 5633 2832 5688 etenim
2893 5636 3241 5705 proprietatis
3301 5646 3353 5692 et
3404 5644 3612 5692 natura:
3679 5648 3808 5691 sunt

551 5737 785 5792 papyrus
818 5737 870 5775 t't
910 5740 1093 5776 Cttrt‘x.

619 5834 661 5866 ⁵⁷
691 5831 843 5890 Joan.
889 5853 996 5899 xiv,
1036 5839 1120 5892 10.
1201 5841 1245 5871 "
1282 5837 1450 5893 lCor.
1499 5858 1534 5905 I,
1569 5841 1659 5894 ‘Zl.
1738 5844 1780 5876 '9
1811 5841 1955 5896 Γδέιιο
2002 5859 2058 5905 Il.
2093 5845 2146 5898 6ο

2261 5841 2434 5896 ‘°Job
2464 5859 2547 5907 .\L,
2585 5841 2670 5895 l6.
