4082 6264
382 300 486 365 701
1564 305 1961 366 COMMENT.

2075 306 2089 365 l
2128 303 2492 366 PSALMOS.
3565 303 3687 371 702a

383 419 636 492 corporis
667 435 894 475 sensum
926 419 1112 476 omnia
1147 418 1484 492 intelligunt,
1523 419 1881 475 oﬂendantur
1942 418 2043 474 hac
2083 419 2370 490 prophetia
2406 418 2491 489 (et
2537 421 2886 490 perquirant,
2927 421 3207 490 quomodo
3253 421 3366 491 jam
3427 424 3540 477 haec
3615 423 3668 476 in

378 516 600 580 Christo
628 516 922 584 adimplcta
957 516 1103 586 sint)
1139 527 1192 571 et
1241 516 1687 570 scandalizentur
1719 515 2012 571 credentes
2040 516 2154 570 lucc
2197 515 2440 569 nondum
2503 513 2675 570 fuisse
2736 516 3051 586 adimpleta.
3120 517 3215 570 llla
3241 527 3423 572 autem
3483 519 3670 597 verba,

379 609 500 678 ﬁat,
549 608 974 674 obtenebrentur,
1031 617 1085 662 et
1125 609 1255 675 alia,
1307 624 1430 679 qum
1485 617 1815 679 sequuntur,
1868 606 2083 661 tametsi
2138 621 2326 663 vocem
2387 606 2628 662 habeant
2685 608 2995 677 imperativi
3069 610 3239 671 modi,
3313 610 3416 664 hoc
3481 620 3666 664 tamen

379 707 502 760 loco
567 705 736 761 l'uturi
800 706 1260 777 signiﬁcationem
1331 708 1586 771 retinent,
1641 721 1761 776 pro,
1836 704 1945 769 ﬁet,
1981 703 2473 770 obscurabuntur,
2517 713 2574 759 et
2627 713 2846 760 caetera.
2907 703 3218 759 Pradicunt
3277 707 3422 760 enim
3487 708 3665 759 l‘utnra

376 801 538 867 mala,
591 817 714 871 qua
759 801 881 856 illos
914 802 1382 872 comprehensum
1431 811 1612 858 erant.
1650 802 1959 857 Verisimile
2012 808 2097 856 est
2147 801 2313 856 etiam
2379 801 2661 858 Christum
2719 801 2798 856 nti
2891 799 3062 857 Deum
3112 801 3298 857 omnia
3394 804 3667 874 imperare

374 913 496 966 qua:
533 895 717 950 futura
752 906 906 950 sunt.

441 990 950 1057 Σκοτισθήτωσαν
996 992 1054 1044 οἱ
1089 989 1387 1060 ὀφθαλμοὶ
1446 991 1648 1046 αὐτῶν
1711 990 1818 1044 τοῦ
1880 989 1961 1058 μὴ
1992 990 2040 1050 Α

2140 985 2304 1041 Vsus.
2342 983 2434 1038 24.
2479 982 2905 1041 Obtencbrentur
2930 984 3076 1038 oculi
3098 998 3309 1043 eorum,
3347 998 3408 1035 ne
3429 980 3659 1036 videant.

364 1086 646 1150 βλέπειν.
679 1087 742 1138 Oi
771 1087 868 1155 τῆς
897 1085 1078 1156 ψυχῆς
1106 1101 1123 1118 ·
1152 1085 1342 1152 ἐπειδὴ
1376 1085 1476 1138 οὒκ
1504 1084 1778 1155 ἠθέλησαν
1833 1084 1962 1137 ἰδεῖν

2074 1075 2148 1131 De
2184 1078 2381 1131 animae
2411 1077 2588 1131 oculis
2615 1091 2797 1131 sermo
2828 1086 2932 1131 est.
2964 1072 3418 1130 Ohlenehrentur
3448 1071 3660 1137 auiem,

369 1180 431 1229 τὸ
474 1180 616 1246 φῶς,
667 1177 728 1232 τὸ
757 1177 994 1246 φωτίζον
1049 1177 1230 1232 πάντα
1279 1177 1597 1251 ἄνθρωπον,
1658 1179 1779 1232 οὐδὲ
1837 1177 1961 1231 Oscit-

2067 1171 2196 1242 quia
2230 1169 2408 1225 lucem
2443 1170 2593 1223 illam
2625 1171 2811 1225 videre
2856 1171 3153 1225 noluerunt
3215 1186 3337 1239 qua:
3389 1167 3664 1222 illuminat

370 1272 570 1324 σασθαι
601 1273 692 1325 τὸν
723 1271 914 1326 ’Ἥλιον
935 1273 1035 1343 τῆς
1073 1271 1428 1342 δικαιοσύνης
1460 1287 1471 1298 ε
1516 1271 1832 1342 ὀφθαλμοὺς
1852 1270 1961 1340 γὰρ

2067 1280 2286 1320 omnem
2317 1264 2638 1327 hominem;
2694 1274 2750 1317 et
2794 1264 2922 1335 quia
2983 1264 3164 1332 ipsum
3220 1263 3385 1317 etiam
3431 1261 3663 1330 juStitite

368 1365 612 1434 ἔχοντες,
645 1364 746 1419 οὐκ
775 1365 1025 1430 ἔϐλεπον,
1050 1366 1146 1420 καὶ
1181 1359 1297 1419 ὦτα
1334 1365 1570 1436 ἔχοντες,
1600 1367 1701 1420 οὐκ
1733 1368 1958 1438 ἠκουονο

2070 1358 2257 1413 Solem
2295 1359 2496 1413 intueri
2533 1358 2856 1414 noluerunt.
2890 1360 3096 1414 Oculos
3135 1357 3339 1412 etenim
3393 1358 3662 1412 habentes

366 1457 396 1510 ὃ
462 1460 555 1513 καὶ
620 1460 850 1524 Ἦσαῖας
901 1461 1086 1524 αὐτοῖς
1152 1461 1434 1528 ὠνείδισε,
1489 1462 1582 1516 καὶ
1635 1465 1663 1517 ὁ
1719 1462 1958 1534 Χριστὸς

2069 1467 2176 1506 non
2214 1451 2492 1520 viderunt,
2545 1463 2600 1506 ct
2651 1452 2918 1507 habentes
2969 1466 3134 1506 aures
3175 1465 3284 1505 non
3337 1449 3659 1512 audierunt,

367 1550 622 1623 ὕστερον.
2065 1545 2230 1600 sicuti
2261 1553 2314 1601 et
2340 1547 2456 1617 ipse
2509 1545 2706 1612 Isaias,
2762 1555 2817 1602 et
2851 1545 3110 1602 Christus
3141 1545 3312 1599 etiam
3342 1544 3424 1599 eis
3451 1558 3658 1614 expro-

2068 1636 2274 1693 bravii.

438 1733 548 1786 Kal
590 1733 696 1788 τὸν
730 1734 928 1791 νῶτον
965 1736 1067 1790 διὰ
1120 1736 1348 1802 παντὸς
1394 1737 1782 1806 σύγκαμψον.
1826 1734 1958 1788 Ἀπὸ

2138 1732 2208 1788 Et
2251 1731 2473 1788 dorsum
2518 1748 2698 1786 eorum
2757 1748 2963 1801 semper
3007 1731 3244 1785 incurva.
3301 1731 3383 1785 Ab
3414 1745 3482 1785 co
3510 1729 3657 1799 quod

360 1821 458 1875 τοῦ
487 1822 761 1893 ἑπομένου
783 1824 846 1878 τὸ
866 1827 1285 1898 προηγούμενον
1318 1827 1612 1897 ἐδήλωσεν.
1641 1827 1957 1880 Λίνέσσεται

2063 1825 2424 1896 consequitur
2447 1825 2727 1879 denotavit
2744 1824 2795 1879 id
2821 1824 2968 1894 quod
3000 1824 3289 1895 praecedit.
3312 1822 3428 1878 Hoc
3449 1823 3655 1878 etenim

358 1916 420 1968 δὲ
450 1915 479 1968 ὁ
503 1917 663 1986 λόγος
712 1919 814 1989 τὴν
843 1919 1125 1975 δουλείανο
1161 1921 1359 1974 ἕπεται
1407 1920 1515 1991 γὰρ
1559 1922 1673 1984 τοῖς
1731 1919 1954 1973 douiati-

2064 1934 2322 1976 sermone
2354 1919 2677 1974 servitutem
2711 1920 2890 1973 voluit
2925 1919 3086 1974 nobis
3117 1917 3394 1989 Propheta
3443 1918 3657 1987 signiti-

355 2027 514 2063 ουσιν
571 2013 983 2081 ἐπικεκυφότας
1034 2013 1308 2084 βαδίζειν·
1361 2013 1524 2068 τοῦτο
1569 2014 1671 2084 μὲν
1721 2013 1960 2084 ἀχθοφο-

2062 2029 2214 2070 care.
2249 2014 2386 2069 lllud
2432 2021 2618 2068 autem
2661 2029 2758 2069 eos
2791 2029 2985 2070 omnes
3019 2024 3079 2067 ut
3115 2014 3414 2084 plurinmm
3453 2027 3653 2068 conse-

360 2104 632 2173 ροῢντας,
704 2107 868 2162 τοῦτο
911 2108 968 2162 δὲ
1021 2109 1431 2180 βαρυνομένους
1491 2111 1618 2172 ταῖς
1684 2109 1956 2179 θλίψεσιν.

2061 2111 2273 2181 quitur,
2314 2109 2407 2178 qui
2443 2109 2586 2164 servi
2622 2116 2775 2173 sunt,
2830 2116 2891 2160 nt
2949 2124 3118 2163 onere
3149 2117 3244 2162 aut
3291 2110 3403 2163 alio
3451 2108 3655 2163 laboris

357 2198 506 2268 Ὅρα
535 2199 591 2253 δὲ
612 2201 710 2269 τὴν
744 2201 1054 2272 ἀκρίϐειαν.
1089 2202 1191 2255 Διὰ
1219 2203 1423 2267 παντὸς
1457 2203 1567 2272 γὰρ
1632 2199 1810 2268 εἶπεν,
1872 2204 1956 2257 ὄτι

2065 2215 2160 2256 seu
2205 2199 2541 2254 calamitatis
2569 2213 2768 2269 genere
2796 2201 3074 2270 Oppressi,
3121 2201 3333 2254 curvati
3369 2199 3649 2254 incedant.

353 2293 454 2360 οὐχ
479 2291 557 2354 ὡς
586 2293 842 2357 πολλάκις
865 2295 1249 2361 δουλωθέντες,
1283 2292 1402 2349 εἶτα
1444 2296 1953 2365 ἀπαλλαγήσονται,

2061 2291 2368 2348 Considera
2400 2293 2565 2347 etiam
2603 2301 2807 2361 quanta
2839 2307 2970 2346 cura
3007 2309 3319 2347 sermonem
3353 2309 3510 2348 snttm
3548 2295 3649 2347 ad-

356 2380 478 2434 ἀλλ’
512 2383 640 2453 ἄχρι
691 2384 792 2453 τῆς
822 2385 917 2439 τοῦ
968 2387 1176 2456 κόσμου
1231 2388 1545 2453 συντελείας
1600 2387 1950 2442 δουλεύσουσι

2065 2400 2258 2440 versus
2294 2400 2393 2440 eos
2425 2384 2767 2454 perstringat
2798 2383 3095 2454 Propheta,
3127 2383 3257 2438 dum
3282 2387 3392 2438 ait:
3431 2384 3653 2451 Semper

356 2479 497 2529 πᾶσι
521 2480 632 2540 τοῖς
657 2478 897 2534 ἔθνεσιν.

2057 2479 2325 2544 incurva;
2362 2493 2424 2534 ac
2459 2477 2505 2533 si
2562 2476 2771 2532 diceret
2809 2476 2958 2531 :Eos
3003 2477 3242 2548 amplius
3294 2493 3324 2531 a
3384 2479 3651 2533 servitute

356 2571 674 2627 liberandos
703 2589 810 2627 non
847 2589 988 2638 esse,
1029 2577 1251 2630 tametsi
1302 2572 1764 2648 saepenumeroin
1798 2574 2136 2647 praeteritum
2162 2572 2370 2628 fuerint
2401 2571 2646 2639 liberati,
2673 2569 2769 2627 sed
2833 2571 2901 2626 ad
2963 2571 3144 2641 ipsum
3217 2587 3393 2640 usque
3454 2573 3650 2642 mund;

356 2668 543 2728 linem,
599 2667 651 2719 in
689 2683 1014 2738 quacunque
1039 2671 1190 2724 orbis
1223 2679 1376 2740 parte
1411 2674 1637 2740 fuerint,
1673 2673 1794 2727 aliis
1828 2668 2151 2725 nationibus
2185 2668 2513 2724 servituros.

427 2759 686 2825 Ἕκχεον
712 2759 1050 2829 ἐπάὑτοὺς
1091 2763 1207 2830 τὴν
1231 2762 1420 2833 ὀργήν
1441 2780 1580 2826 σου,
1619 2765 1719 2818 καὶ
1766 2767 1798 2817 ό
1845 2769 1948 2819 θυ-

2126 2757 2291 2816 Vsas.
2329 2759 2419 2815 25.
2466 2759 2701 2828 Eﬂ'unde
2730 2778 2893 2829 super
2921 2779 3011 2817 eos
3045 2762 3182 2816 iram
3214 2771 3387 2824 tuam,
3416 2771 3465 2816 et
3492 2764 3647 2831 {uror

352 2858 462 2921 μὸς
493 2854 608 2920 τῆς
623 2853 804 2923 ὀργῆς
831 2871 948 2909 σου
971 2857 1292 2910 καταλάὸοι
1318 2859 1559 2925 αὐτούς.
1582 2859 1656 2911 Τὸ
1681 2858 1812 2913 αὐτὸ
1853 2859 1948 2911 xai.

2053 2851 2151 2905 ira:
2201 2859 2306 2906 tua:
2356 2853 2768 2921 comprehendat
2801 2870 2911 2908 eos.
2950 2853 3130 2908 Unum
3166 2864 3332 2922 atque
3365 2854 3506 2908 idem
3559 2856 3644 2908 di.

352 2947 525 3015 ἄμφω
570 2947 730 3001 ταυτὶ
769 2947 838 3000 τὰ
871 2949 1012 3018 ῥητὰ
1041 2949 1264 3018 δηλοῦσι
1303 2968 1317 2980 ·
1349 2949 1491 3021 πλὴν
1527 2953 1610 3005 ὅτι
1657 2951 1718 3004 τὸ
1766 2951 1948 3004 δεύτε-

2051 2954 2186 3000 cunt
2221 2944 2274 2999 hi
2305 2944 2414 2999 duo
2445 2945 2728 3011 versiculi,
2769 2962 2836 3000 eo
2871 2957 3122 3017 excepto,
3176 2947 3324 3018 quod
3358 2950 3641 3004 secundus

355 3057 448 3109 ρον
481 3040 846 3110 σφοδρότερον
870 3041 966 3095 τοῦ
994 3043 1296 3112 προτέρου.

2050 3036 2449 3092 vehementiori
2492 3037 2667 3092 utitur
2694 3038 2954 3108 loquendi
2991 3039 3177 3094 modo.

425 3133 753 3200 Γενηθήτω
776 3133 814 3200 ἡ
849 3133 1109 3202 ἔπαυλις
1152 3135 1354 3191 αὐτῶν
1377 3137 1738 3207 ἠρημωμένη
1774 3155 1790 3168 '
1846 3139 1945 3194 καὶ

2124 3126 2291 3182 Vsus.
2335 3128 2425 3192 26,
2471 3126 2599 3184 Fiat
2623 3128 2889 3184 habitatio
2914 3147 3100 3185 eorum
3127 3133 3362 3196 deserta,
3390 3134 3441 3184 in
3466 3137 3644 3186 taber-

350 3224 420 3276 i-r
439 3224 572 3292 τοῖς
609 3225 1012 3296 σκηνώμασιν
1042 3227 1344 3298 αὐτῶν·μὴ
1375 3230 1534 3284 ἔστω
1558 3233 1591 3285 ό
1621 3230 1944 3284 κατοικῶν.

2054 3223 2262 3276 naculis
2296 3239 2481 3278 eorum
2537 3240 2642 3278 non
2693 3225 2785 3286 sit,
2834 3226 2926 3293 qui
2963 3226 3245 3280 inhabitet.
3293 3226 3398 3282 Per
3431 3227 3643 3280 habita-

351 3317 628 3371 Ἐπαυλιν
683 3319 782 3386 μὲν
824 3319 1021 3380 κοινῶς
1082 3320 1231 3388 λέγει
1295 3321 1398 3392 τὴν
1439 3322 1596 3374 πόλιν
1673 3324 1948 3393 Ἰερουσα-

2055 3315 2282 3379 tionem,
2318 3317 2632 3371 universam
2670 3319 2910 3388 appellat
2945 3318 3408 3390 Hierosolymam,
3446 3322 3637 3389 inqua

349 3408 484 3476 λὴμ,
521 3411 580 3461 ὲν
626 3403 888 3481 ᾗπάντες
916 3412 967 3462 οἱ
1021 3410 1116 3464 τοῦ
1161 3412 1416 3483 Σωτῆρος
1465 3417 1649 3483 φονεῖς
1695 3415 1944 3481 ηὐζίλον-

2051 3427 2243 3467 omnes
2271 3411 2474 3467 Christi
2513 3412 2792 3467 occisores
2842 3413 3201 3477 habitabant;
3237 3431 3334 3483 per
3386 3415 3641 3468 taberna-

346 3518 432 3562 το,
499 3501 842 3570 σκηνώματα
910 3504 968 3556 δὲ
1029 3503 1176 3567 ἰδίως
1251 3505 1350 3568 τὰς
1409 3498 1940 3570 κατοικίαςάὺτῶν.

2051 3506 2173 3559 eula
2215 3519 2344 3558 vero
2389 3505 2637 3574 privatas
2667 3520 2859 3559 eorum
2887 3505 3080 3562 domos
3111 3507 3385 3576 intelligit.
3421 3505 3479 3560 Et
3509 3524 3640 3560 sane

351 3596 460 3646 Καὶ
493 3594 559 3664 δὴ
587 3594 732 3647 οὕτω
754 3594 928 3649 ταῦτα
977 3597 1223 3665 γέγονεν,
1274 3598 1369 3652 καὶ
1409 3600 1584 3663 οὐδεὶς
1650 3603 1710 3667 eg
1758 3603 1941 3655 αὐτῶν

2052 3597 2126 3651 ita
2156 3597 2411 3652 cﬂ'ectum
2446 3606 2550 3652 est.
2584 3595 2754 3654 Nemo
2777 3601 2919 3653 enim
2959 3601 3013 3653 in
3050 3599 3131 3654 eis
3161 3603 3393 3668 amplius
3432 3601 3641 3655 habita-

349 3687 681 3758 κατῴκησεν
733 3690 792 3741 ἐν
855 3689 1085 3754 ταύταις
1164 3694 1305 3761 μετὰ
1358 3693 1458 3764 τὴν
1527 3697 1590 3748 ὲκ
1649 3696 1943 3766 Ῥωμαίων

516 3778 672 3796 ς...
805 3780 948 3796 ς...
1117 3782 1176 3796 ..
1365 3785 1475 3796 ...-
1580 3787 1931 3796 -.._.

2053 3692 2152 3752 vit,
2187 3701 2310 3760 p05t
2339 3691 2678 3745 eversionem
2734 3691 2881 3746 illam
2913 3708 2942 3747 a
2976 3691 3351 3747 Romanorum
3394 3697 3636 3748 exnt't'iltt

347 3778 743 3848 πανωλεθρῑαν
762 3780 872 3832 τῶν
910 3781 1328 3853 Ἰεροσολύμων.
1365 3785 1551 3839 Ταῦτα
1574 3787 1631 3839 δὲ
1687 3789 1755 3840 τὰ
1806 3791 1946 3858 ῥητὰ

2051 3784 2279 3839 illatam.
2326 3784 2450 3839 Haec
2483 3794 2664 3840 autem
2703 3785 2866 3840 verba
2917 3787 3206 3856 apustolns
3256 3786 3452 3841 Petrus
3496 3801 3638 3868 pro-

347 3870 561 3938 Πέτρος
590 3873 618 3922 ὁ
657 3871 956 3934 ἀπόστολος
987 3874 1068 3935 εἰς
1100 3875 1193 3926 τὸν
1221 3877 1490 3947 προδότην
1526 3880 1729 3933 Ἰούδαν
1758 3881 1943 3946 ἐξέλαο

2050 3878 2215 3932 ditori
2255 3877 2408 3933 Iuda:
2440 3879 2880 3935 accommodavit
2913 3890 3170 3950 tanquam
3205 3881 3296 3934 uni
3347 3897 3410 3935 ex
3449 3881 3513 3935 iis
3545 3883 3637 3951 qui

345 3966 465 4029 ὗεν,
489 3964 566 4026 ὡς
600 3967 694 4017 καὶ
727 3966 894 4020 αὑτὸν
923 3968 1024 4036 τῆς
1067 3969 1288 4040 μερίδος
1332 3971 1461 4025 ὄντα
1489 3975 1597 4026 τῶν
1618 3974 1940 4030 Οεοκτόνων.

1093 3969 1288 4040 ιερέδος
1332 3971 1461 4025 ὄντα
1489 3975 1597 4026 τῶν
1618 3974 1940 4030 Οεοκτόνων.
2048 3971 2328 4026 Christum
2365 3973 2705 4028 occiderunt.

421 4059 548 4109 Ὀτι
579 4057 652 4110 ὃν
677 4058 760 4112 σὺ
809 4061 1138 4128 ἐπάταξας.
1180 4068 1370 4120 αὐτὸν
1421 4069 1812 4134 κατεδίωξαν.
1873 4073 1944 4125 Τὸ

2125 4065 2285 4119 Vsus.
2325 4065 2417 4122 27.
2461 4065 2731 4132 Quoniam
2757 4085 2911 4138 quem
2944 4077 3000 4120 tu
3022 4070 3328 4135 percussisti
3365 4071 3466 4134 ipsi
3507 4085 3639 4136 per-

344 4147 717 4216 Ἐ.τὰταξας,
759 4151 900 4216 ἀντὶ,
929 4155 1254 4224 Καταγῆναι
1280 4159 1624 4230 παρέδωκας.
1658 4161 1812 4214 Οὕτω
1834 4166 1943 4234 γὰρ

2044 4160 2210 4211 secuti
2243 4169 2390 4215 sunt.
2423 4159 2746 4216 Percussisti
2791 4161 2949 4227 dixit,
3002 4177 3123 4232 pro,
3166 4173 3452 4231 percutere
3505 4179 3632 4234 pcr-

343 4241 442 4290 καὶ
493 4242 769 4311 Ζαχαρίας
818 4237 975 4296 εἶπεν
1009 4260 1026 4276 ο
1088 4249 1340 4310 Πατάξω
1386 4250 1495 4303 τὸν
1551 4254 1806 4322 ποιμένα
1843 4255 1943 4308 καὶ

2048 4252 2268 4306 misisti.
2300 4252 2390 4307 Sic
2421 4258 2587 4308 etiam
2623 4252 2923 4308 Zacharias
2957 4254 3097 4307 dixit
3125 4273 3136 4306 :
3179 4253 3488 4309 Percutiam
3537 4275 3638 4327 pa-

342 4329 1016 4402 διασκορπισοήσονται
1044 4340 1114 4394 τὰ
1155 4343 1421 4410 πρόϐατα
1482 4343 1591 4410 τῆς
1637 4347 1939 4414 ποίμνης·

2045 4354 2242 4398 storem
2274 4355 2324 4399 et
2357 4347 2721 4418 dispergentur
2745 4365 2862 4401 oves
2886 4352 3062 4418 gregis
3077 4348 3140 4402 ⁸³.
3171 4347 3235 4399 Et
3269 4349 3439 4406 Isaias
3466 4353 3589 4406 alibi
3618 4372 3631 4406 :

342 4426 442 4474 καὶ
498 4424 727 4489 ἰισαῖας
769 4447 782 4458 ο
809 4431 1027 4498 Κύριος
1067 4433 1412 4501 παρέδωκεν
1437 4437 1626 4490 αὐτὸν
1651 4439 1803 4508 ὑπὲρ
1824 4439 1943 4492 τῶν

2051 4437 2311 4493 Dominus
2373 4442 2597 4495 tradidit
2654 4456 2773 4494 eum
2807 4458 2903 4512 pro
2959 4444 3194 4509 peccatis
3255 4446 3476 4499 nostris.
3535 4440 3632 4500 Esi

341 4516 655 4582 ἁμαρτιῶν
684 4518 879 4586 ἡμῶν.
932 4523 1152 4594 ’ἰδίωμα
1213 4527 1323 4596 γὰρ
1365 4527 1465 4595 τῆς
1541 4527 1825 4597 Ἐὕραῖδος
1879 4533 1942 4584 τὸ

2045 4532 2206 4586 etiam
2240 4543 2292 4586 et
2325 4534 2438 4588 lucc
2493 4531 2776 4589 llebraicze
2835 4536 3034 4605 lingua:
3089 4540 3421 4608 proprietas,
3468 4547 3526 4590 ut
3583 4541 3634 4593 ci

340 4607 444 4676 τὴν
465 4608 869 4683 παραχώρησιν
916 4613 1079 4685 ἔργον
1121 4617 1433 4687 ὀνομάζειν,
1485 4620 1560 4684 ὠς
1612 4622 1709 4675 τοῦ
1765 4641 1943 4694 παρα-

2043 4625 2135 4691 qui
2197 4626 2465 4694 permittit
2507 4625 2714 4682 factum
2766 4629 3030 4694 ascribat,
3065 4644 3132 4683 eo
3159 4607 3304 4700 quod
3343 4631 3632 4699 prohibere

340 4699 660 4770 χωροῦντος
685 4704 988 4774 δυναμένου
1016 4709 1296 4776 κωλῦσαι,
1331 4713 1426 4766 καὶ
1483 4714 1558 4784 μὴ
1614 4715 1937 4781 κωλύοντος.

2044 4719 2245 4787 potuit,
2303 4729 2357 4774 et
2419 4735 2528 4776 non
2605 4720 2910 4790 prohibuit.
2973 4722 3130 4787 Quod
3182 4699 3319 4776 vero
3374 4725 3633 4793 persecuti

341 4791 418 4842 Τὸ
451 4793 510 4843 δὲ
543 4796 935 4864 κατεδίωξαν,
965 4800 1084 4852 ἀντὶ
1109 4799 1226 4866 τοῦ,
1249 4803 1460 4875 Σφόδρα
1488 4807 1902 4878 ἐτιμωρήσαντο
1923 4828 1936 4842 ο

2040 4826 2184 4876 sunt,
2245 4827 2500 4883 expone,
2548 4828 2671 4880 pro,
2717 4815 2981 4884 gravibus
3035 4813 3349 4868 adﬂixerunt
3414 4816 3628 4886 pmnis;

439 4885 552 4977 γέιρ
613 4887 871 4956 πρόθεσις
917 4893 1229 4965 ἑμφαντική
1283 4897 1432 4949 ἐστιν
1485 4898 1834 4964 ἐπιτάσεως’
1871 4904 1926 4973 ἦ,

1733 4919 1792 4964 υς
1819 4918 1834 4933 σ
1871 4904 1926 4973 ἦ,
2041 4906 2148 4968 vel,
2186 4906 2468 4962 Persecuti
2499 4916 2650 4969 sunt.
2690 4923 2983 4977 quousupte
3017 4907 3345 4962 occiderint.

341 4974 712 5044 Κατέδραμον
727 4977 901 5060 ,ᾇχρις
939 4981 1006 5033 ἂν
1027 4984 1348 5052 ἐφόνευσαν.

415 5069 530 5122 Καὶ
555 5070 653 5124 ἐπὶ
689 5071 754 5163 τὸ
780 5073 970 5143 ἄλγος
1016 5076 1132 5130 τῶν
1191 5081 1543 5151 τραυμάτων
1573 5103 1695 5152 μου
1749 5104 1935 5156 προσ-
1969 5095 2010 5150 D

2007 5114 2010 5136 ι
2115 5091 2180 5145 Et
2213 5110 2372 5163 super
2411 5093 2649 5148 dolorem
2689 5093 2964 5148 vulnerum
3001 5110 3234 5148 meorum
3271 5093 3619 5150 addiderunt.

339 5158 596 5226 ἔθηκαν.
635 5162 895 5235 Ηΰξησάν
926 5185 1014 5237 μοι
1043 5171 1104 5222 τὸ
1136 5171 1307 5240 ἄλγος
1340 5175 1448 5228 τῶν
1490 5178 1830 5247 τραυμάτων
1863 5184 1930 5252 τῇ

2039 5186 2328 5240 Auxerunt
2359 5187 2494 5241 mihi
2524 5187 2814 5242 vulnerum
2845 5186 3114 5251 dolorem,
3143 5188 3398 5242 addendo
3423 5203 3623 5258 oppro—

341 5251 635 5325 προσθήκῃ
665 5257 758 5308 τοῦ
788 5258 1118 5330 ὁνειδισμοῦ,
1149 5264 1184 5334 ἢ
1220 5268 1285 5335 τῇ
1325 5270 1690 5342 συκοφαντίᾳ,
1717 5272 1799 5325 ὅτι
1837 5251 1934 5329 τα-

2038 5280 2178 5336 hria.
2239 5278 2355 5345 Vel,
2436 5296 2603 5350 super
2649 5281 2934 5335 vulnerum
2993 5281 3242 5335 dolorem
3297 5280 3623 5334 addiderunt

342 5343 524 5412 951;}
534 5347 767 5419 κλάπην,
787 5349 904 5403 ἀλλ’
925 5353 1023 5406 οὐκ
1053 5355 1311 5429 ἀνέστην.
1813 5356 1816 5359 ’

2034 5369 2391 5434 calumniam,
2426 5371 2696 5434 dicentes,
2726 5371 2870 5440 quod
2921 5371 3194 5441 sepultum
3239 5387 3322 5424 me
3356 5371 3615 5442 discipuli

2036 5456 2185 5511 furto
2220 5460 2646 5525 subtraxissent,
2698 5472 2751 5515 ct
2804 5472 3061 5534 negantes
3113 5478 3199 5516 me
3251 5477 3374 5517 rere
3427 5478 3618 5517 τυπωτ-

2033 5564 2263 5603 ΓΡΧΙΒΞΕ.

412 5611 685 5678 Πρόσθες
736 5613 994 5684 ἀνομίαν
1040 5618 1139 5672 ἐπὶ
1202 5623 1318 5690 τὴν
1378 5628 1642 5696 ἀνομίαν
1700 5633 1924 5690 αὐτῶν.

2119 5639 2277 5697 Vens.
2321 5642 2409 5698 28.
2458 5645 2672 5712 Appone
2718 5645 3054 5713 iniquitatem
3088 5661 3245 5714 super
3277 5647 3612 5715 iniquitate»:

391 5795 441 5824 "
470 5793 701 5854 Zachar.
729 5815 848 5861 xm.
882 5801 954 5861 7:
991 5801 1178 5882 Matth.
1211 5822 1360 5867 τινι.
1391 5807 1477 5865 3|.
