4082 6264
478 296 584 366 723

1709 308 2099 373 EUTHYMII
2130 316 2169 374 Ζ
2184 315 2493 377 IGABENI

3626 316 3734 384 ’124

551 415 618 470 Ut
644 417 848 487 judicet
874 419 1124 487 populum
1155 429 1304 475 tuum
1350 423 1405 476 in
1430 423 1648 493 justitia
1703 439 1752 482 et
1791 445 2037 500 pauperet

2226 434 2467 502 Κρῐνειν
2503 433 2609 489 τὸν
2646 433 2803 489 λαόν
2829 449 2947 491 σου
2985 435 3054 489 ἐν
3085 437 3441 504 δικαιοσύνῃ
3469 433 3733 502 καὶτοὺς

473 513 662 567 ιιιοδὶιι
700 512 918 579 iudicio.
958 512 1082 570 "ac
1134 523 1216 572 cst
1255 531 1422 571 causa
1455 558 1468 582 ,
1519 535 1619 574 cur
1663 529 1812 590 petat
1857 525 2048 580 beatus

473 604 640 659 David
673 603 912 658 Christo
934 602 1099 660 tribui
1126 605 1409 675 judicandi
1443 608 1762 664 facultatem
1803 633 1816 667 :
1849 626 1906 668 ut
1934 617 2048 670 sci-

473 699 854 768 licetjudicet,
891 709 997 756 etc.
1033 701 1135 756 Per
1165 705 1424 773 populum
1453 714 1655 772 autem,
1696 706 1911 762 t'idelem
1953 726 2045 776 po-

470 792 657 858 pulum
697 788 968 861 intelligil;
1007 795 1100 863 qui
1125 793 1254 849 licet
1277 796 1480 851 Christi
1509 797 1649 868 (62),
1673 801 1776 856 hoc
1796 810 1901 868 est,
1921 799 2043 855 Filii

467 883 705 950 pepulus
727 885 1052 959 appelletur,
1079 885 1284 942 dicitur
1311 888 1473 949 etiam
1497 897 1548 942 et
1581 891 1757 949 Patris
1804 889 2041 961 (Omnia,

465 975 657 1042 inquit,
692 993 805 1032 mea
837 987 930 1029 tua
957 987 1080 1032 sunt
1100 982 1178 1048 ‘l;
1219 994 1380 1047 quem
1415 981 1580 1034 etiam
1616 985 1874 1052 populum
1937 984 2044 1038 alio

464 1067 684 1123 nomine
720 1069 994 1139 appellat,
1048 1087 1301 1141 pauperes
1347 1073 1475 1139 Dei,
1505 1079 1629 1144 quia
1671 1077 1855 1130 ﬁdeles
1893 1080 2045 1142 veri,

460 1177 650 1216 omnes
688 1172 908 1231 propter
941 1163 1107 1218 Deum
1148 1181 1418 1234 pauperes
1460 1165 1601 1222 l'aeti-
1628 1178 1776 1224 sunt.
1811 1168 1916 1226 Per
1944 1170 2036 1241 ju-

462 1255 534 1307 si
565 1255 669 1307 iam
714 1256 897 1310 autem
955 1256 1085 1321 Dei,
1121 1258 1367 1314 futurum
1408 1261 1676 1330 judicium
1721 1263 1994 1334 intelliges
2025 1303 2040 1328 ,

465 1353 518 1401 in
553 1354 988 1423 quonuicuique
1010 1356 1282 1428 cendigna
1319 1356 1465 1414 Deus
1512 1374 1609 1429 pro
1659 1360 1871 1414 meritis
1925 1361 2045 1415 red-

459 1445 551 1498 det
589 1464 602 1500 :
638 1448 782 1515 quod
811 1450 973 1524 paulo
1001 1462 1126 1520 post
1161 1453 1335 1523 magis
1379 1453 1623 1509 declarat
1647 1497 1660 1520 ,
1710 1456 1901 1513 dicens
1935 1475 1949 1512 :
1989 1459 2043 1511 in

460 1540 700 1603 iudicio;
731 1552 787 1596 ut
820 1543 1033 1613 iudicet
1061 1552 1242 1598 autem
1281 1561 1378 1601 eos
1401 1589 1415 1612 ,
1449 1563 1570 1602 cum
1625 1548 1845 1604 diabolo
1878 1550 2042 1604 uimi-

461 1649 606 1700 rum,
635 1649 682 1690 et
712 1651 838 1692 cum
877 1636 1102 1703 ludat-is,
1136 1651 1298 1709 atque
1324 1643 1446 1697 aliis
1475 1642 1600 1700 ﬁdei
1641 1645 1901 1702 inimicis.
1935 1645 2041 1699 Alii

460 1742 554 1790 per
588 1729 867 1797 populum,
904 1730 1193 1788 Judaicum
1231 1735 1584 1807 intelligunt,
1629 1738 1725 1808 qui
1772 1738 1901 1791 olim
1948 1737 2042 1792 Dei

2155 524 2431 592 πτωχούς
2459 542 2574 579 σου
2595 526 2665 578 ἐν
2689 528 2906 596 κρίσει.
2939 527 3114 581 Τοῦτο
3169 529 3317 582 αἰτία
3366 529 3481 582 ἐστὶ
3515 527 3615 590 τῆς
3645 530 3730 581 εὖ-

2151 617 2250 686 χῆς
2291 632 2306 648 ⁸
2343 618 2460 672 ἰνα
2522 620 2719 691 κρίνῃ,
2754 620 2888 690 φησέ
2932 640 2942 651 ·
2980 621 3110 674 λαὶν
3159 621 3214 674 δὲ
3244 621 3392 690 λέγει
3437 624 3560 685 τοὺς
3595 623 3729 692 Χρι-

2151 710 2421 775 στιανούς.
2478 713 2534 765 '0
2570 713 2679 783 γὰρ
2733 715 2825 766 τοῦ
2875 714 3003 767 ἰ’ἱοῦ
3060 716 3189 780 λαὸς
3245 717 3339 769 καὶ
3391 717 3483 768 τοῦ
3520 717 3731 785 Πατρός

2148 803 2287 856 ἐστι.
2324 805 2462 866 Τοὺς
2497 806 2692 869 αὐτοὺς
2724 807 2781 858 δὲ
2850 806 3008 860 καλεῖ
3039 810 3133 860 καὶ
3159 810 3408 879 πτωχοὺς
3453 807 3546 860 τοῦ
3570 805 3727 872 Θεοῦ,

2149 900 2224 959 ὡς
2272 897 2362 950 διὰ
2391 897 2523 951 Θεὸν
2558 897 3012 970 πτωχεύοαντας.
3063 900 3427 971 Δικαιοσύνην
3478 899 3536 952 δὲ
3592 900 3728 956 Θεοῦ

2149 991 2366 1061 νοήσεις
2412 992 2513 1061 τὴν
2547 993 2849 1064 μέλλουσαν
2869 995 3070 1063 κρίσιν,
3091 995 3149 1046 ὲν
3230 992 3498 1046 ἀποδώσει
3517 995 3735 1062 ἑκάστῳ.

2148 1085 2215 1137 τὰ
2245 1085 2379 1156 πρὸς
2408 1085 2586 1148 ἀξίαν.
2633 1089 2718 1152 Ὃ,
2750 1089 2846 1140 καὶ
2901 1086 3132 1158 προῖὼν,
3161 1087 3451 1157 ἐδήλωσεν,
3507 1087 3730 1154 ἐπάγων

2148 1177 2231 1242 τὸ,
2257 1178 2325 1231 ἐν
2376 1180 2574 1245 κρίσει
2595 1196 2608 1210 ·
2651 1180 2855 1250 κρίνειν
2889 1181 2950 1234 δὲ
3012 1181 3212 1244 αὐτοὺς
3244 1181 3385 1250 μετά
3405 1196 3464 1232 τε
3489 1177 3584 1231 τοῦ
3611 1179 3731 1230 δια-

2150 1271 2309 1325 ϐόλου
2354 1276 2452 1328 καὶ
2500 1273 2610 1327 τῶν
2654 1275 2951 1340 Ἰουδαίων,
3001 1275 3096 1329 καὶ
3143 1274 3253 1328 τῶν
3283 1274 3461 1328 ἄλλων
3519 1271 3731 1342 ἐχθρῶν

2148 1367 2256 1431 τῆς
2288 1366 2547 1431 πίστεως.
2588 1367 2774 1420 ’Ἄλλοι
2821 1366 2878 1422 δέ
2911 1385 3044 1438 φασι
3077 1367 3206 1422 λαὸν
3242 1365 3344 1436 μὲν
3373 1365 3464 1418 τὸν
3507 1364 3726 1417 Ἰουδαῖ-

2150 1460 2269 1524 κὸν,
2301 1461 2393 1513 τόν
2427 1477 2554 1515 ποτε
2581 1461 2674 1515 τοῦ
2713 1460 2849 1514 Θεοῦ
2888 1462 3018 1515 ὄντα
3041 1479 3053 1492 ·
3089 1461 3307 1532 πτωχὸν
3337 1459 3416 1524 δὲ,
3474 1457 3570 1512 τὸν
3610 1458 3730 1510 νέον

2149 1553 2276 1606 λαὸν
2304 1553 2394 1606 τὸν
2424 1555 2482 1620 ἐξ
2517 1554 2707 1610 ἐθνῶν.
2747 1556 2883 1625 Περὶ
2913 1555 2970 1608 δὲ
2997 1553 3278 1624 πτωχείας
3312 1551 3476 1606 αὑτοῦ
3503 1552 3730 1622 εἰρήκα-

2150 1661 2253 1713 μεν
2285 1647 2342 1702 ἐν
2366 1648 2443 1718 τῷ
2475 1646 2522 1701 θ’
2551 1649 2648 1702 καὶ
2681 1645 2750 1701 ια’
2771 1647 3016 1718 ψαλμῷ.
3043 1647 3269 1718 Κρίνειν
3299 1647 3354 1700 δὲ
3378 1646 3599 1708 αὐτοὺς,
3635 1644 3729 1698 καὶ

2144 1739 2273 1805 τοὺς
2310 1739 2411 1811 μὲν
2441 1740 2666 1805 δικαίως
2701 1739 3103 1804 καταδικάσαι,
3137 1740 3264 1802 τοὺς
3311 1738 3369 1792 δὲ
3411 1736 3725 1790 δικαιῶσαι.

455 1824 688 1890 papulus
723 1824 1045 1892 dicebatur;
1071 1835 1126 1881 et
1155 1845 1250 1897 per
1277 1844 1565 1898 pauperes,
1604 1846 1806 1884 novum
1847 1832 2105 1901 pupulum
2127 1847 2194 1888 ex
2222 1834 2480 1904 gentibus
2554 1843 2971 1906 congregatum,
3039 1833 3108 1888 de
3162 1831 3320 1901 cujus
3380 1836 3724 1901 paupertate,

452 1914 690 1977 diximus
725 1920 777 1972 iu
808 1935 859 1974 ιιι
891 1929 946 1974 et
977 1935 1034 1975 XI
1088 1921 1318 1990 psalmo.
1377 1920 1449 1978 Ut
1523 1923 1732 1992 judicct
1791 1939 1908 1989 eos,
1964 1926 2102 1981 alios
2143 1926 2361 1996 quidem
2392 1926 2544 1996 justo
2575 1927 2783 1997 judicio
2813 1927 3194 1983 condemnans
3217 1966 3234 1991 ,
3277 1924 3414 1979 alios
3439 1931 3623 1977 autent
3659 1922 3725 1975 ad

458 2013 693 2066 salutem
730 2013 1058 2081 justilicans.

525 2103 688 2161 Vens.
723 2107 778 2160 5.
815 2107 1124 2175 Suscipiunt
1149 2116 1350 2164 montes
1372 2125 1555 2178 pacem
1577 2108 1787 2178 populo,
1807 2122 1855 2165 et
1878 2111 2038 2165 colles
2067 2112 2116 2175 B

452 2199 737 2262 iustitiam.
770 2200 827 2255 lu
864 2203 1270 2271 prosopopoeia:
1307 2203 1588 2272 speciem,
1633 2216 1849 2260 montes
1886 2206 2044 2274 jubet

449 2293 730 2361 suscipere
759 2308 945 2362 pacem
999 2309 1130 2364 erga
1161 2293 1367 2349 Christi
1405 2297 1668 2365 populum
1698 2339 1712 2362 ,
1769 2307 1824 2350 et
1871 2299 2042 2354 colles

447 2386 738 2455 justitiam,
771 2397 826 2440 et
875 2395 1090 2442 montes
1139 2387 1359 2455 quidem
1423 2388 1703 2457 paciﬁcam
1755 2390 1835 2444 eis
1875 2391 2040 2444 vitam

453 2493 732 2548 praestare,
771 2481 1017 2551 expulsis
1042 2483 1301 2537 nimirum
1337 2483 1619 2538 seditiosis
1653 2498 1716 2536 ac
1779 2485 2040 2552 malignis

454 2579 765 2629 daemonum
793 2577 1104 2645 spiritibus,
1137 2578 1304 2631 colles
1336 2579 1722 2649 verojnsteeis
1738 2579 2036 2643 deservire,

456 2668 615 2735 quasi
667 2667 946 2722 Creatoris
981 2667 1075 2723 Dei
1128 2669 1325 2724 servis.
1373 2668 1478 2725 Per
1514 2681 1713 2724 montes
1765 2671 1928 2725 etiam
1987 2674 2041 2720 et

449 2760 605 2818 colles
641 2772 899 2830 tanquam
936 2763 1352 2827 eminentiores,
1390 2779 1608 2818 onmem
1648 2775 1846 2819 terram
1882 2781 2039 2820 com»

447 2853 760 2922 prehendit,
823 2854 879 2908 in
919 2869 1025 2923 qua
1073 2857 1368 2910 habitaturi
1437 2869 1593 2911 erant
1649 2859 2035 2924 anachoretaa,

449 2959 611 3016 atque
656 2947 916 3015 eremitze,
944 2957 999 3003 et
1025 2964 1217 3003 otunes
1261 2948 1468 3004 Christi
1520 2950 1742 3006 milites.
1791 2949 1888 3005 Vel
1942 2967 2038 3020 per

451 3049 649 3092 montes
723 3041 943 3108 quidem
1003 3041 1366 3113 archangelos
1418 3043 1716 3114 intelligit,
1774 3052 2034 3114 tanquam

449 3134 841 3189 eminentiores
896 3142 952 3187 et
1019 3137 1331 3204 superiores
1380 3137 1688 3205 potentias;
1733 3152 1828 3205 per
1874 3136 2034 3190 colles

448 3239 600 3286 vero,
643 3223 798 3294 ipsos
830 3227 1056 3295 angelos
1084 3267 1100 3291 ,
1130 3239 1388 3296 tauquam
1423 3228 1527 3280 illis
1573 3226 1872 3295 subjectos.
1907 3227 2031 3281 Ele-

448 3315 560 3368 vati
593 3324 775 3369 tamen
807 3327 938 3369 sunt
971 3318 1190 3384 utrique
1225 3334 1413 3370 eorum
1445 3319 1669 3373 ordines
1695 3335 1723 3370 a
1771 3319 2027 3379 terrenis,

449 3425 554 3461 non
589 3424 746 3463 secus
775 3425 838 3464 ac
887 3419 1103 3468 montes
1132 3420 1187 3464 et
1221 3412 1390 3466 colles
1419 3428 1445 3464 a
1480 3422 1644 3467 terra.
1693 3413 1805 3468 Hos
1862 3416 2030 3483 igitur

447 3502 906 3571 deincepsjubet,
941 3515 998 3557 ut
1029 3505 1257 3574 paciﬁce
1293 3520 1352 3558 se
1387 3505 1625 3559 habeant
1658 3521 1782 3560 cum
1819 3505 2025 3560 Christi

448 3596 670 3664 populo,
715 3602 882 3664 utque
909 3595 1118 3663 justam
1154 3595 1231 3648 illi
1265 3609 1329 3646 ac
1365 3595 1601 3648 debitam
1625 3636 1640 3659 ,
1668 3594 1826 3664 quasi
1852 3595 2030 3664 ipsius

447 3686 660 3740 Domini
706 3686 1055 3753 baercditati,
1103 3702 1261 3752 Opem
1331 3687 1528 3742 lerant.
1587 3687 1744 3741 Prius
1795 3705 2030 3757 namque

449 3779 668 3837 inimice
692 3779 974 3834 nobiscum
1017 3779 1252 3847 agebant
1307 3780 1524 3851 angeli,
1549 3782 1620 3834 ob
1658 3793 1897 3836 veterem
1939 3783 2055 3847 ni-,

447 3872 646 3926 mirum
683 3871 1038 3940 impietatem.
1059 3869 1150 3926 Vel
1183 3889 1277 3941 per
1309 3883 1544 3939 montes,
1582 3890 1735 3943 reges
1767 3891 1830 3928 ac
1861 3874 2029 3931 duces

443 3965 864 4021 excellentiores
910 3982 1162 4037 quosque
1195 3967 1479 4037 intelligo:
1518 3985 1614 4037 per
1652 3969 1818 4025 coiles
1857 3985 1986 4023 vero
2012 4010 2027 4032 ,

445 4059 583 4112 alios
613 4058 887 4127 principes
929 4059 1038 4113 illis
1088 4061 1392 4129 subjectos.
1442 4060 1592 4114 Multi
1645 4063 1789 4117 cnim
1839 4079 2026 4117 eorum

445 4160 712 4204 venerunt
741 4151 808 4206 ad
847 4151 1006 4206 ﬁdem
1034 4194 1046 4216 ,
1086 4154 1314 4223 paciﬁce
1357 4167 1616 4225 agentes,
1681 4166 1845 4224 atque
1901 4171 2028 4225 erga

445 4244 650 4296 Christi
691 4244 950 4312 populmn
984 4243 1378 4314 benignissime
1404 4262 1464 4300 se
1503 4245 1788 4299 habentes.

522 4338 684 4390 Vens.
716 4336 770 4390 4.
803 4336 1079 4397 Iudicabit
1109 4355 1365 4407 pauperes
1393 4341 1575 4408 populi
1603 4377 1617 4401 ,
1644 4350 1692 4392 et
1717 4339 1890 4393 salvos
1941 4339 2029 4408 fa-

446 4429 544 4481 ciet
585 4429 726 4496 [ilics
764 4446 1078 4498 pauperum.
1106 4431 1209 4484 Per
1238 4447 1493 4501 pauperes
1541 4431 1744 4500 populi,
1780 4431 2028 4485 rudiores

443 4519 717 4587 quoslibet
744 4517 1053 4576 Judaeornm
1098 4520 1456 4590 intelligunt:
1506 4521 1598 4589 qui
1646 4521 1925 4574 intellectu
1973 4529 2032 4574 et

445 4609 732 4676 prudentia
769 4620 928 4664 erant
967 4627 1263 4680 pauperes,
1294 4612 1424 4665 dum
1455 4612 1614 4665 nuda:
1641 4611 1775 4682 legis
1832 4612 2029 4666 littera:

445 4705 804 4765 insistentes,
865 4703 936 4758 ad
983 4705 1234 4760 occultas
1279 4705 1456 4758 sancti
1507 4704 1749 4772 Spiritus
1803 4705 2028 4774 divitias

2225 2109 2592 2166 Ἀναλαϐἐτω
2651 2111 2723 2163 τὰ
2761 2109 2870 2178 ὅρη
2919 2110 3174 2179 εἰρήνην
3202 2109 3281 2177 τῷ
3309 2108 3473 2174 ,λαῷο
3536 2109 3631 2162 καὶ
3674 2111 3733 2163 οι

2139 2202 2362 2266 ,βουνοὶ
2398 2203 2819 2270 δικαιοσύνην.
2854 2202 3014 2255 Κατὰ
3053 2202 3212 2270 λόγον
3255 2200 3729 2272 προσωποποιιας,

2143 2295 2496 2364 ἑγκελεύεται
2526 2298 2640 2358 τοῖς
2689 2293 2845 2365 ὄρεσι
2889 2293 2990 2364 μὲν
3035 2294 3445 2362 ἀναλαμϐάνειν
3499 2293 3732 2362 εἰρήνην

2143 2389 2279 2459 πρὸς
2298 2387 2393 2442 τοῦ
2425 2387 2665 2458 Χριστοῦ
2693 2428 2709 2452 ,
2751 2389 2861 2450 τοῖς
2884 2387 2941 2439 δὲ
2982 2386 3193 2457 βουνοῖς
3228 2385 3603 2453 δικαιοσύνηνο
3629 2384 3731 2436 καὶ

2140 2481 2336 2551 τὰμὲν
2361 2482 2644 2553 εἰρηνικὴν
2699 2480 2848 2551 αὐτῷ
2885 2480 3150 2551 παρέχειν
3204 2478 3441 2541 δῖαιτσιν,
3494 2477 3728 2529 ἀπωσά-

2145 2593 2281 2646 μενα
2303 2577 2429 2638 τοὺς
2459 2574 2794 2636 στασιαστὰς
2848 2573 3115 2643 δαίμονας
3147 2613 3163 2637 ,
3216 2573 3342 2634 τοὺς
3386 2571 3441 2622 δὲ
3493 2570 3730 2631 δικαίως

2142 2670 2325 2730 αὐτοῖς
2354 2667 2645 2728 δουλεύειν,
2669 2667 2743 2728 ὡς
2767 2665 2975 2728 δούλοις
2998 2665 3093 2718 τοῦ
3124 2664 3359 2719 Κτίστου
3383 2677 3394 2690 ⁸
3426 2661 3516 2714 διὰ
3535 2662 3593 2713 δὲ
3617 2661 3730 2717 τῶν

2139 2763 2311 2833 ὀρέων
2345 2763 2442 2815 καὶ
2467 2761 2574 2814 τῶν
2608 2760 2813 2829 βουνῷν
2849 2759 2924 2822 ὡς
2959 2757 3338 2828 ὑπερεχόντων
3410 2756 3592 2809 πᾶσαν
3621 2755 3728 2822 τὴν

2137 2858 2245 2924 γῆν
2307 2852 2773 2925 συμπεριέλαὸεν,
2837 2853 2917 2914 εἰς
2951 2853 3016 2920 ἢν
3070 2849 3297 2919 ἔμελλον
3357 2847 3634 2901 κατοικεῖν
3670 2848 3726 2899 οἱ

2138 2948 2514 3018 ἁναχωρηταὶ,
2571 2947 2664 2998 καὶ
2727 2945 2989 3014 ἀσκηταὶ,
3039 2944 3134 2996 καὶ
3195 2942 3533 3012 στρατιῶται
3623 2940 3728 2993 τοῦ

2136 3039 2378 3113 Χριστοῦ
2400 3056 2412 3068 ⁸
2464 3041 2497 3110 ἦ
2545 3038 2647 3108 ὅρη
2695 3038 2796 3106 μὲν
2827 3039 3040 3106 νοήσεις
3070 3036 3196 3095 τοὺς
3229 3034 3610 3105 ἀρχαγγέλους
3640 3032 3726 3094 ὡς

2136 3135 2511 3203 ὑπερέχοντας
2523 3134 2636 3185 τῶν
2656 3132 2931 3200 ἀγγέλων,
2959 3129 3184 3200 βουνοὺς
3214 3128 3272 3182 δὲ
3298 3129 3424 3191 τοὺς
3447 3130 3518 3195 ἀγ
3533 3127 3727 3195 τέλους

2133 3226 2208 3290 ὡς
2235 3226 2656 3293 ὐποὸεϐηκὸτας
2687 3227 2896 3288 αὐτοῖς.
2932 3223 3346 3294 ’Υπερηρμένοι
3391 3223 3446 3274 δέ
3474 3225 3582 3274 εἰσι
3619 3222 3729 3275 καὶ

2136 3314 2285 3374 οὗτοι
2317 3321 2564 3373 κάκεῖνοι
2585 3318 2695 3372 τῶν
2727 3319 2937 3386 γηΐνων
2970 3317 3046 3380 ὡς
3083 3316 3153 3369 τὰ
3184 3316 3286 3384 ὅρη
3319 3316 3415 3367 καὶ
3439 3315 3489 3366 οἱ
3524 3314 3718 3382 βουνοὶ

2135 3413 2236 3479 τῆς
2265 3415 2402 3482 γῆς,
2437 3410 2530 3475 οὓς
2562 3412 2660 3465 καὶ
2705 3410 3082 3479 προτρέπεται
3118 3408 3430 3478 εἰρηνεύειν
3477 3405 3574 3457 τοῦ
3609 3405 3728 3458 λοι-

2136 3505 2241 3559 ποῦ
2301 3505 2440 3575 πρὸς
2478 3504 2572 3556 τὸν
2601 3502 2730 3556 λαὸν
2761 3501 2857 3554 τοῦ
2902 3499 3168 3571 Χριστοῦ,
3200 3499 3298 3552 καὶ
3317 3499 3542 3560 δικαίως
3567 3496 3732 3566 αὐτῷ

2137 3597 2572 3669 προσφέρεσθαι,
2620 3596 2695 3657 ὼς
2727 3593 3065 3665 κληρονομία
3096 3593 3190 3648 τοῦ
3232 3593 3528 3645 Δεσπὸτου.
3576 3592 3734 3661 "pd-

2133 3710 2292 3761 τερον
2316 3691 2430 3760 γὰρ
2459 3687 2600 3760 ἦσαν
2625 3687 3157 3757 ἐκπεπολεμωμένοι
3178 3687 3255 3756 τῷ
3282 3683 3397 3754 λαῷ
3428 3683 3609 3753 τούτῳ
3628 3684 3731 3735 διὰ

2131 3785 2232 3858 τὴν
2255 3783 2614 3837 ἀσέϐειαν.”ί1
2645 3781 2744 3851 ὅρη
2783 3780 2882 3849 μὲν
2932 3781 2982 3831 οι
3024 3777 3263 3848 βασιλεῖς
3295 3779 3390 3830 καὶ
3422 3778 3739 3846 ἡγεμόνεςι

2136 3877 2318 3947 βουνοὶ
2362 3876 2421 3929 δὲ
2467 3877 2516 3928 οἱ
2569 3871 2977 3941 ὑποϐεϐηκότες
3006 3870 3307 3941 ἄρχοντες·
3353 3867 3540 3921 πολλοὶ
3604 3869 3735 3940 γὰρ

2132 3968 2368 4023 τοιοῦτοι
2397 3966 2534 4038 πρὸς
2563 3965 2661 4035 τὴν
2687 3963 2872 4016 πίστιν
2905 3958 3069 4032 ἦλθον
3099 3959 3520 4038 εερηνεύσαντες
3548 4003 3565 4027 ,
3623 3961 3735 4014 καὶ

2134 4062 2357 4126 δικαίως
2387 4059 2466 4130 τῷ
2489 4057 2606 4127 λαῷ
2636 4055 2731 4110 τοῦ
2763 4054 3004 4126 Χριστοῦ
3037 4053 3401 4126 χρησάμενοι.

2203 4332 2406 4403 Κρινεῖ
2429 4329 2572 4395 τοὺς
2595 4326 2867 4395 πτωχοὺς
2889 4324 2994 4378 τοῦ
3024 4321 3203 4386 λαοῦ,
3230 4321 3328 4374 καὶ
3357 4318 3546 4374 σώσει
3565 4319 3733 4385 τοὺς

2129 4426 2300 4492 υἱοὺς
2330 4421 2448 4477 τῶν
2467 4420 2762 4488 πενήτων.
2812 4417 3068 4487 Πτωχοὺς
3097 4414 3190 4467 τοῦ
3220 4414 3352 4466 λαοῦ
3380 4428 3518 4482 φησι
3589 4413 3740 4476 τοὺς

2135 4519 2482 4590 παχυτέρους
2512 4517 2623 4568 τῶν
2672 4512 2962 4575 Ἰουδαίων,
2998 4511 3252 4581 πτωχοὺς
3275 4510 3457 4570 ὄντας,
3485 4509 3571 4572 εἰς
3593 4508 3742 4563 οὗν-

2131 4627 2282 4666 εσιν·
2334 4602 2423 4666 οἷα
2470 4603 2667 4676 γυμνῷ
2687 4603 2766 4672 τῷ
2795 4603 3092 4671 γράμματι
3137 4598 3586 4670 παραμένοντας,
3625 4601 3739 4651 καὶ

2132 4705 2270 4775 πρὸς
2299 4701 2390 4754 τὸν
2454 4695 2908 4767 ἐγκεκρυμμένον
2960 4690 3192 4746 πλοῦτον
3242 4691 3337 4743 τοῦ
3396 4688 3742 4758 Πνεῦματος

445 4796 757 4863 prospicere
790 4810 900 4849 non
967 4797 1254 4863 valebant;
1285 4814 1384 4867 per
1429 4798 1571 4866 ﬁlios
1609 4807 1789 4854 autem
1836 4814 2028 4868 paupe-

2139 4797 2192 4850 οὐ
2215 4795 2554 4862 δυναμένους
2578 4788 2989 4858 παρακύπτειν·
3019 4784 3169 4849 υἱοὺς
3200 4783 3258 4837 δὲ
3291 4781 3400 4834 τῶν
3432 4783 3738 4852 πενήτων,

446 4903 584 4951 rum,
625 4887 812 4942 ﬁdeles
844 4887 896 4940 in
919 4888 1197 4946 Christum
1231 4889 1500 4957 intelligit,
1523 4905 1753 4958 (lllt‘rlllll
1776 4903 2028 4959 parentes

448 4981 647 5046 pietate
676 4994 740 5032 ae
766 4979 1029 5048 religione
1052 4995 1320 5050 pauperes
1355 4981 1526 5046 fuere,
1561 4982 1742 5037 nullas
1768 4982 2032 5037 habentes

445 5077 668 5131 divitias
706 5091 847 5129 vera:
875 5077 1203 5146 cognitionis
1240 5079 1365 5144 Dei,
1403 5082 1484 5134 vel
1517 5081 1666 5150 ipsos
1699 5081 1863 5134 etiam
1898 5095 2030 5150 apo-

448 5170 710 5223 stolorum
752 5170 1081 5239 discipulos.
1116 5171 1429 5226 Piscatores
1458 5175 1658 5227 etenim
1709 5181 1869 5227 erant
1897 5188 2031 5242 apo-

448 5264 599 5326 smii,
641 5273 693 5316 et
721 5273 946 5332 aspectu
998 5265 1152 5320 viles.
1206 5263 1334 5320 Illos
1393 5265 1561 5335 igitur
1596 5310 1612 5331 ,
1665 5274 1724 5319 ut
1779 5265 2027 5333 inﬁdeles

449 5359 853 5420 condemnabit,
887 5359 987 5411 hos
1026 5373 1155 5414 vero
1183 5358 1440 5424 salvabit,
1462 5366 1521 5411 ut
1549 5357 1754 5412 ﬁleles.

583 5627 741 5680 Joau.
769 5645 898 5691 xvn,
940 5629 1024 5681 lO.

2131 4890 2259 4951 τοὺς
2292 4882 2729 4948 πεπιστευκότας
2785 4883 2866 4945 εἰς
2920 4879 3192 4952 Χριστόν
3241 4871 3317 4930 ὧν
3362 4877 3412 4928 οἱ
3459 4876 3729 4945 πατέρες

2131 4981 2366 5052 πένητες
2387 4975 2526 5050 ἦσαν
2559 4978 2638 5040 εις
2661 4974 2970 5037 εὐσέὸειαν,
3002 4972 3093 5026 τὸν
3119 4970 3222 5040 τῆς
3250 4967 3514 5039 ἀληθείας
3537 4967 3737 5021 1:196-

2128 5093 2219 5128 τον
2258 5076 2356 5126 οὐκ
2389 5071 2632 5141 ἔχοντες.
2659 5071 2730 5122 Ἦ
2759 5070 2854 5121 καὶ
2891 5067 3020 5129 τοὺς
3041 5063 3296 5136 μαθητὰς
3324 5061 3434 5114 τῶν
3466 5062 3743 5115 ἀποστό-

2129 5166 2236 5218 λων
2268 5165 2418 5225 υἱοὺς
2444 5164 2696 5231 πενήτων
2727 5159 2941 5228 οἰητέον
2961 5174 2975 5187 ·
3008 5157 3181 5220 ἁλιεῖς
3214 5156 3323 5225 γὰρ
3352 5154 3445 5206 καὶ
3493 5156 3740 5235 ἀτελεῖς

2127 5261 2189 5310 τὸ
2215 5257 2542 5326 φαινόμενον
2567 5251 2709 5324 ἦσαν
2748 5255 2797 5307 οἱ
2828 5249 3121 5304 ἀπόστολοι
3145 5263 3157 5276 ·
3197 5247 3439 5310 ἐκείνους
3476 5246 3590 5316 μὲν
3622 5245 3738 5308 οὖν

2132 5349 2452 5416 κατακρινεῖ
2472 5345 2549 5408 ὡς
2575 5346 2983 5415 ἁπιστήσαντας
3004 5383 3018 5406 ,
3046 5343 3271 5403 τούτους
3312 5339 3369 5394 δὲ
3422 5337 3607 5396 σώσει
3647 5344 3736 5414 ὡς

2132 5441 2548 5499 πιστεύσαντας.

1784 5721 1978 5780 Variae
2014 5720 2338 5780 lectiones.

517 5829 835 5898 ιιῖἑμῖιωυε
873 5832 1196 5901 simpliciter
1234 5848 1247 5884 :

1299 5831 1425 5883 Filii
1455 5831 1589 5885 enim
1617 5829 1838 5898 populus
1894 5841 1970 5880 est
2013 5829 2145 5880 idem
2205 5837 2254 5879 et
2289 5824 2489 5878 Putris.
