4162 6288
466 259 576 333 739

1665 280 2048 346 EUTHYMII
2089 285 2450 347 ZIGABENI

3618 276 3756 340 ⁸140

467 383 533 438 Et
552 385 714 454 juxta
748 388 897 444 hunc
949 402 1174 448 sensan
1211 397 1456 454 abundat
1509 403 1700 466 dictio,
1759 407 1938 476 quasi.
1973 405 2017 460 E'

2139 405 2636 475 στιγωθήσονται,
2699 408 2826 461 ἀντὶ
2884 406 3006 473 τοῦ,
3055 406 3172 461 οὐκ
3224 395 3752 476 ὲμαστιτώθησανο

463 480 610 547 quod
644 480 739 546 ait,
764 483 1078 553 egredietur,
1107 489 1248 543 dixit
1303 508 1403 562 pro
1460 511 1666 565 egressa
1690 507 1787 561 est,
1816 507 2034 567 tempus

2143 503 2337 570 νοῆσαι
2367 499 2669 571 δυνάμεθα.

464 587 677 643 ponens
707 590 804 645 pro
834 587 1100 649 tempore.
1132 582 1197 636 Et
1237 585 1310 638 ita
1358 586 1599 642 reddidit
1661 588 2047 645 Svmmachus.
2093 588 2248 646 Unde
2315 601 2370 646 et
2441 593 2665 649 verbum
2724 594 3133 664 ﬂagellabuntur
3180 602 3580 663 consequenter
3636 601 3754 642 (δι’

464 684 657 738 pones,
684 687 780 739 pro
809 671 1087 742 [llagellati
1112 689 1253 730 sunt.

538 787 888 845 Transierunt
940 794 994 846 in
1041 795 1438 866 dispositionem
1493 803 1690 856 cordis.
1737 804 2041 868 Venerunt,

463 885 666 954 inquit.
702 886 756 939 in
809 887 1056 940 habitum
1111 889 1417 958 iniustitiae.
1485 894 1588 948 Per
1617 897 2038 966 dispositionem

459 979 659 1030 ctenim
688 992 784 1030 seu
816 991 912 1046 per
937 978 1316 1035 habitudinem
1352 984 1841 1055 cordisghahitum
1881 988 2043 1043 intel-

462 1067 584 1142 ligit
609 1067 674 1120 ad
715 1067 943 1122 malum.

459 1207 464 1210 ·
530 1181 694 1237 Vsus.
725 1185 780 1238 8.
821 1182 1198 1253 Cogitavernnt
1223 1197 1273 1240 et
1312 1188 1475 1243 locuti
1502 1201 1626 1245 sunt
1657 1193 1711 1246 in
1744 1196 2034 1262 pravitate.

458 1274 854 1336 Pratmeditati,
892 1279 1091 1343 inquit,
1124 1289 1178 1334 et.
1227 1296 1351 1335 cum
1378 1285 1827 1342 consideratione
1860 1289 2032 1344 locuti

456 1381 586 1425 sunt
617 1387 805 1441 prava.
863 1373 1050 1442 Neque
1107 1375 1256 1428 enim
1294 1376 1632 1443 inconsulto,
1665 1388 1762 1434 aut
1801 1383 2029 1451 raptim,

453 1464 548 1518 sed
585 1479 804 1518 summo
840 1481 966 1518 cum
1003 1467 1191 1520 studio
1226 1471 1414 1524 omnia
1438 1484 1695 1543 egerunt.

524 1576 860 1646 lnjurtz'tiam
894 1581 1246 1635 in‘excclsum
1289 1584 1458 1638 locuti
1490 1598 1632 1641 sunt.
1685 1585 1797 1644 lloc
1828 1598 1911 1644 est
1937 1590 2032 1644 atl-

449 1685 644 1724 versus
677 1670 843 1725 Deum
882 1673 1242 1740 altissimum,
1285 1676 1535 1732 dicentes
1588 1679 1850 1734 nimirum
1901 1698 2027 1736 cum

454 1762 623 1817 Deum
657 1779 763 1817 non
795 1781 938 1819 csse.
971 1766 1309 1831 iniustitiam
1347 1787 1477 1824 vero
1515 1787 1610 1825 eos
1641 1774 1855 1828 locutos
1906 1790 2031 1830 esse

446 1856 604 1920 dicit,
652 1859 783 1927 quia
841 1860 1111 1927 injustitia
1170 1877 1381 1916 srnnma
1438 1871 1544 1930 est,
1591 1868 1810 1935 privare
1860 1866 2028 1922 Deum

444 1951 643 2022 gloria,
681 1963 736 2008 ct
771 1955 973 2008 creatis
1014 1955 1084 2009 ab
1131 1956 1223 2010 illo
1254 1957 1422 2012 rebus
1455 1975 1574 2012 eam
1605 1971 1893 2030 praestare.
1931 1963 2029 2019 llle

2215 803 2558 872 Διήλθοσαν
2608 808 2697 871 είς
2751 804 3022 860 διάθεσιν
3066 804 3336 873 καρδίας.
3389 799 3597 858 Ἦλθον
3648 805 3749 866 εἰς

2142 891 2253 958 ἕξιν
2286 893 2386 962 τῆς
2405 893 2640 956 ἀδικίας.
2664 893 2817 960 Ἐξις
2838 895 2947 964 γὰρ
2987 897 3020 964 η
3065 896 3197 964 περί
3225 913 3281 949 τι
3309 895 3570 963 διάθεσις,
3604 896 3747 967 ἦτοι

2144 984 2332 1056 σχέσις
2361 987 2463 1054 τῆς
2494 989 2748 1058 καρδίας.

2211 1196 2626 1261 Διενοήοησιιν
2679 1195 2773 1250 καί
2835 1196 3152 1263 ἐλάλησαν
3183 1197 3256 1248 ἐν
3292 1193 3573 1262 πονηρίᾳ.
3625 1191 3740 1247 Ἐκ

2140 1290 2375 1360 μελέτης
2401 1291 2494 1343 καὶ
2520 1291 2764 1354 σκέψεως
2793 1291 3065 1360 ἐλάλησαν
3100 1291 3335 1362 πονηρὰ,
3370 1289 3467 1344 καὶ
3491 1289 3552 1344 οὐ
3579 1290 3736 1344 κατὰ

2139 1386 2521 1457 συναρπαγήν.

2220 1588 2476 1640 Ἀδικίαν
2503 1588 2587 1652 εις
2621 1586 2688 1639 τὸ
2714 1586 2870 1655 ὕψος
2901 1581 3418 1653 ἐλὰ.1ησαν.-Εἱς
3447 1587 3514 1640 τὸ
3537 1588 3727 1655 ὕψος.

2133 1678 2254 1730 ἀντὶ
2278 1677 2396 1739 τοῦ,
2443 1680 2587 1732 κατὰ
2632 1679 2724 1732 τοῦ
2759 1681 2986 1750 ὑψίστου
3014 1679 3174 1742 Θεοῦ,
3215 1681 3484 1748 λέγοντες,
3507 1683 3586 1734 ὅτι
3616 1682 3730 1734 οὐκ

2134 1768 2282 1824 ἔστιν
2317 1767 2471 1833 οὗτος
2538 1773 2692 1831 Θεὸς.
2743 1772 2952 1825 Ἀδικία
2983 1772 3090 1841 γὰρ
3133 1772 3196 1825 τὸ
3236 1775 3564 1844 ἀποστερεῖν
3617 1776 3726 1828 αῦ-

2131 1863 2225 1915 τὸν
2245 1864 2345 1930 τῆς
2373 1863 2530 1932 δόξης
2553 1864 2741 1929 αὑτοῦ,
2779 1864 2874 1916 καὶ
2888 1864 3098 1935 ἑτέροις
3117 1866 3324 1934 ταύτην
3349 1866 3720 1934 προσάπτειν.

2145 1956 2389 2010 Ἀδικίαν
2433 1957 2492 2010 δὲ
2567 1955 2646 2014 είς
2695 1957 2757 2010 τὸ
2784 1956 2918 2027 ὕψος
2941 1957 3092 2010 λαλεῖ
3149 1958 3243 2011 καὶ
3274 1959 3383 2020 πᾶς
3415 1957 3444 2010 ὀ
3488 1957 3565 2027 τῷ
3597 1957 3722 2030 Θεῷ

445 2049 628 2093 autem
669 2041 916 2110 loquitur
949 2043 1275 2111 injustitiam
1313 2047 1365 2099 in
1396 2048 1588 2113 altum,
1633 2064 1730 2102 seu
1757 2051 1811 2102 in
1840 2050 2017 2104 excelt

2134 2047 2468 2120 προσάπτων
2495 2047 2693 2114 ἀνάξια
2726 2049 3002 2119 θεότητος.
3033 2049 3209 2119 ’Υψος
3242 2050 3354 2119 γὰρ
3407 2050 3440 2120 ἡ
3488 2049 3720 2120 Θεότηςο

445 2148 590 2198 sum,
636 2135 733 2202 qui
790 2135 996 2204 aliquid
1057 2135 1170 2191 Deo
1221 2139 1498 2203 attribuit,
1537 2141 1685 2210 quod
1737 2141 2023 2200 divinitate

444 2224 729 2293 indignum
760 2228 851 2280 sit.
886 2229 1210 2296 Appellatnr
1239 2231 1404 2284 etiam
1438 2232 1705 2288 divinitas
1762 2234 2019 2298 altitudo,

442 2316 569 2384 quia
601 2317 763 2372 altius
785 2335 847 2373 ea
875 2319 1012 2373 nihil
1043 2332 1148 2384 est,
1187 2331 1281 2376 aut
1305 2324 1624 2381 sublimius.

513 2431 678 2487 VEns.
718 2435 773 2490 9.
814 2435 1116 2493 Posuerunt
1150 2441 1203 2493 in
1232 2442 1418 2494 caelum
1458 2460 1514 2497 os
1546 2461 1724 2510 suum,
1752 2456 1801 2501 et
1837 2447 2021 2520 lingua

437 2541 620 2580 eorum
666 2534 972 2594 pertransiit
1027 2536 1080 2586 in
1134 2544 1355 2592 terram.
1398 2536 1502 2591 Per
1535 2540 1735 2593 cmlum
1789 2542 2017 2610 quidem

439 2619 610 2674 Deum
641 2623 915 2694 intelligit,
947 2628 1039 2696 qui
1075 2629 1127 2681 in
1171 2633 1331 2684 caelis
1381 2633 1594 2687 habitat
1628 2653 1638 2685 :
1678 2652 1774 2704 per
1811 2644 2015 2692 terram

441 2729 594 2773 vero.
630 2715 882 2772 homines
909 2718 963 2772 in
1001 2735 1067 2774 eo
1091 2732 1527 2787 couimorantes.
1563 2741 1629 2781 ac
1662 2729 1710 2782 si
1752 2729 1959 2786 diceret
1997 2750 2012 2785 :

438 2807 515 2862 Os
547 2825 709 2863 suum
745 2810 1198 2881 blasphemanles
1225 2818 1493 2874 adversus
1524 2819 1805 2877 cmlestem
1847 2823 2015 2879 Deum

440 2911 759 2965 moverunt,
793 2912 848 2957 et
875 2905 1057 2976 lingua
1092 2923 1283 2962 eorum
1317 2911 1575 2967 similiter
1597 2913 1868 2971 adversus
1897 2927 2011 2972 ter-

436 3007 602 3047 renos
657 2993 906 3050 homines
958 2999 1225 3053 desmviit.
1264 3002 1304 3053 li
1341 3005 1566 3069 etenim,
1596 3007 1797 3073 quibus
1830 3012 2017 3065 omnia

437 3089 678 3141 secunda
707 3101 886 3155 erant,
926 3099 982 3144 et
1012 3091 1108 3160 qui
1145 3093 1540 3150 incumbebant
1567 3101 1805 3164 deliciis,
1845 3105 2015 3157 multa

437 3179 588 3235 ducti
623 3184 956 3246 temeritate,
1007 3192 1063 3238 et
1095 3184 1263 3241 Deum
1293 3192 1665 3258 contumeliis,
1695 3204 1749 3248 et
1771 3197 2017 3253 homines

436 3271 735 3327 calumniis
782 3276 1224 3333 insectabantur.
1264 3277 1360 3334 Vel
1406 3291 1627 3351 propter
1661 3286 2016 3356 philosophos

435 3364 617 3419 dictus
663 3375 750 3421 est
782 3367 872 3422 hic
903 3383 1107 3435 sermo,
1151 3370 1245 3439 qui
1301 3384 1606 3440 posuerunt
1638 3376 1690 3430 in
1720 3379 1920 3433 emtum
1954 3395 2017 3436 os

433 3471 622 3522 suum,
655 3457 786 3512 dum
817 3460 937 3513 ausi
969 3469 1097 3515 sunt
1126 3462 1194 3516 de
1239 3463 1345 3517 Deo
1391 3477 1444 3519 ct
1504 3465 1573 3521 de
1612 3469 1813 3527 divinis
1850 3474 2013 3528 rebus

433 3550 832 3619 philosophari,
855 3559 910 3606 et
937 3554 1123 3624 lingua
1148 3570 1341 3611 eorum
1367 3563 1688 3628 pertransiit
1706 3565 1761 3618 in
1786 3577 2010 3630 terram,

433 3642 562 3696 dum
599 3652 818 3698 terrena
875 3645 942 3700 de
987 3645 1097 3701 Deo
1144 3660 1503 3718 nugarentur.
1573 3647 1670 3708 Vel
1725 3657 1905 3724 aliter,
1953 3676 2013 3712 ao

443 3737 720 3806 Strologos
745 3740 1066 3809 carpithui
1089 3756 1152 3796 os
1179 3758 1339 3797 suum
1371 3761 1672 3812 posuerunt
1702 3751 1755 3803 in
1790 3753 2009 3822 caelum,

435 3824 565 3878 dum
592 3828 755 3882 nimis
781 3830 1001 3884 curiose
1033 3841 1179 3885 astra
1211 3847 1277 3889 ac
1312 3835 1498 3890 stellas
1540 3843 2007 3911 contemplantur,

431 3934 554 3986 qua:
588 3919 640 3970 in
667 3922 808 3974 caelo
836 3919 967 3975 sunt
1015 3939 1032 3976 :
1078 3933 1132 3977 ct
1171 3925 1355 3995 lingua
1390 3942 1580 3980 eorum
1611 3935 1928 3998 pertransiit
1956 3937 2007 3989 in

431 4020 660 4077 terram,
696 4014 826 4067 dum
864 4013 1126 4070 inanibus
1170 4019 1332 4088 nugis
1367 4021 1698 4076 universum
1731 4029 2008 4096 complent

432 4107 645 4160 orbem.

507 4219 672 4274 Vens.
710 4221 795 4277 l0.
850 4221 982 4277 Ideo
1043 4238 1380 4282 convertatur
1418 4233 1644 4298 populus
1706 4250 1852 4288 meus
1882 4237 2004 4290 huc.

430 4311 554 4367 llaec
590 4318 754 4367 verba
789 4315 939 4369 dicta
977 4329 1108 4372 sunt
1166 4337 1262 4390 per
1292 4320 1628 4392 Prophetam
1666 4341 1728 4379 ex
1771 4343 2005 4396 persona

429 4405 550 4460 Dei.
613 4409 937 4478 Propterea,
1001 4414 1202 4481 inquit,
1262 4418 1365 4467 hoc
1403 4428 1506 4494 est,
1563 4418 1633 4471 ob
1683 4420 2004 4487 prmdictam

428 4515 618 4554 eormn
674 4504 1046 4574 iniquitatem,
1082 4508 1318 4577 populus
1356 4525 1534 4576 meus,
1582 4513 1672 4566 ille
1717 4515 2004 4583 nimirum,

427 4596 521 4664 qui
561 4597 614 4648 iu
669 4598 990 4666 captivitate
1024 4603 1363 4656 constitutus
1394 4612 1502 4665 est.
1560 4615 1916 4660 convertatur
1951 4607 2006 4660 in

427 4687 664 4755 patriam
691 4705 869 4743 suam.
903 4691 978 4743 lta
1009 4695 1152 4746 cnim
1180 4695 1454 4764 signiﬁcat
1481 4697 1623 4764 quod
1671 4699 1769 4760 ait,
1793 4716 2009 4754 conver-

2130 2135 2198 2211 ἧς
2226 2141 2384 2194 οὐδὲν
2406 2141 2640 2224 ’ὑψηλότε
2647 2159 2764 2212 ρον.

2202 2433 2450 2486 Ἕθεντο
2496 2432 2584 2498 εἷς
2623 2433 2886 2499 οὐρανὸν
2938 2434 3003 2487 τὸ
3041 2433 3237 2502 στόμα
3281 2432 3498 2499 αὐτῶν,
3537 2435 3636 2490 καὶ
3675 2435 3714 2503 ἡ

2129 2522 2388 2592 γλῶσσα
2414 2521 2617 2577 αὐτῶν
2643 2509 2894 2591 διῆλθεν
2924 2525 3022 2578 ἐπὶ
3054 2523 3166 2594 τῆς
3194 2525 3330 2594 τῆς.
3362 2527 3459 2580 Διὰ
3491 2527 3592 2596 μὲν
3618 2528 3714 2580 τοῦ

2128 2614 2365 2685 οὐρανοῦ
2427 2616 2520 2668 τὸν
2610 2615 2973 2670 κατοικοῦντα
3025 2618 3118 2670 ἐπὶ
3169 2617 3262 2670 τοῦ
3303 2617 3538 2688 οὐρανοῦ
3580 2620 3717 2672 Θεὸν

2130 2710 2412 2778 σημαίνει,
2461 2708 2552 2761 διὰ
2577 2709 2634 2762 δὲ
2657 2709 2756 2776 τῆς
2787 2711 2912 2780 γῆς,
2941 2711 3068 2774 τοὺς
3088 2711 3184 2764 ἐπὶ
3198 2713 3301 2780 γῆς
3327 2713 3712 2776 κατοικοῦντας

2127 2801 2472 2874 ἀνθρώπους,
2510 2805 2794 2874 μονονουχὶ
2839 2804 3015 2871 λέγων
3046 2806 3127 2858 ὅτι
3161 2805 3421 2878 ἐκίνησαν
3450 2807 3595 2862 κατὰ
3619 2805 3710 2863 τοῦ

2129 2895 2455 2964 ἐπουρανίου
2492 2895 2630 2949 Θεοῦ
2662 2895 2723 2948 τὸ
2779 2897 2955 2966 στόμα
3003 2897 3210 2964 αὐτῶν,
3258 2897 3711 2969 βλασφημοῦντες

2126 2987 2319 3041 αὐτόν’
2358 2989 2520 3059 καὶὴ
2569 2970 2791 3055 γλῶσσα
2836 2989 3016 3045 αὐτῶν
3063 2991 3291 3062 ἐκινήθη
3341 2992 3506 3045 πάλιν
3567 2994 3709 3046 κατὰ

2126 3079 2237 3133 τῶν
2256 3079 2520 3148 ἐπιγείων
2540 3080 2869 3151 ἀνθρώπων.
2895 3081 3279 3146 Εὐπαθοῦντες
3307 3085 3417 3155 γὰρ
3445 3085 3540 3137 καὶ
3569 3102 3708 3139 σπα-

2124 3173 2419 3238 ταλῶντες,
2467 3173 2692 3243 ὕϐριζον
2733 3175 2826 3228 τὸν
2862 3175 2997 3229 Θεόν
3022 3193 3033 3205 ’
3067 3177 3505 3249 κατεκωμῴδουν
3528 3179 3586 3232 δὲ
3613 3179 3707 3234 καὶ

2126 3266 2409 3320 διέϐαλλον
2456 3267 2668 3331 πάντας
2709 3269 2836 3332 τοὺς
2872 3268 3203 3341 ἀνθρώπους
3230 3287 3245 3302 ο
3295 3272 3327 3340 ἢ
3368 3271 3458 3326 διὰ
3495 3274 3622 3334 τοὺς
3650 3276 3708 3327 ὲν

2126 3358 2310 3422 αὐτοῖς
2354 3359 2682 3429 φιλοσόφους
2705 3364 2732 3415 ὁ
2759 3361 2918 3429 λόγος
2948 3377 2962 3392 ⁶
3015 3364 3099 3416 ὅτι
3134 3361 3319 3417 ἔθεντο
3356 3367 3450 3426 εἰς.
3478 3367 3708 3437 οὐρανὸν

2121 3453 2183 3505 τὸ
2207 3453 2383 3522 στόμα
2422 3452 2628 3517 αὐτῶν,
2679 3454 3048 3524 φιλοσοφῆσαι
3093 3458 3223 3528 περὶ
3251 3456 3414 3511 θείων
3484 3461 3578 3511 καὶ
3611 3459 3705 3513 τοῦ

2123 3543 2285 3598 Θείου
2313 3545 2650 3614 βουλόμενοι.
2696 3545 2760 3600 Ἠ
2811 3547 2869 3601 δὲ
2898 3547 3120 3615 γλῶσσα
3153 3548 3336 3604 αὐτῶν
3370 3550 3584 3620 διῆλθεν
3614 3551 3709 3604 ἐπὶ

2120 3640 2217 3708 τῆς
2251 3636 2377 3708 γῆς,
2415 3635 2592 3709 γεώδη
2625 3639 2720 3692 καὶ
2745 3639 3072 3709 ἀνθρώπινα
3109 3644 3239 3712 περὶ
3280 3642 3417 3696 Θεοῦ
3459 3643 3708 3715 φλυαρή-

2122 3750 2259 3786 σασα
2289 3749 2301 3762 ·
2337 3732 2370 3803 ἢ
2414 3735 2508 3786 καὶ
2543 3732 2631 3785 διὰ
2658 3732 2786 3796 τοὺς
2839 3734 2898 3785 ἐν
2948 3733 3184 3798 ἐκείνοις
3231 3735 3593 3804 ἀστρολόγους
3646 3739 3708 3787 τὸ

2121 3829 2323 3898 ρητόνο
2356 3830 2437 3881 ὅτι
2474 3828 2663 3880 ἔθεντο
2716 3829 2794 3889 εἰς
2844 3825 3078 3896 οὐρανὸν
3144 3828 3204 3878 τὸ
3261 3829 3437 3892 στόμα
3496 3829 3700 3892 αὗτῶν,

2123 3923 2252 3991 περὶ
2287 3922 2398 3974 τῶν
2440 3922 2498 3973 ἐν
2527 3920 2780 3990 οὐρανοῖς
2837 3920 3088 3988 ἀστέρων
3143 3922 3701 3991 μετεωῳλογοῦντες.

2118 4017 2214 4068 καὶ
2242 4018 2274 4083 ή
2313 4015 2534 4084 γλῶσσι
2580 4013 2763 4066 αὐτῶν
2810 4013 3031 4081 διῆλθεν
3061 4015 3155 4065 ἐπὶ
3210 4015 3308 4083 τῆς
3337 4016 3464 4082 γῆς,
3491 4018 3672 4085 ὲμπιμ
3692 4048 3702 4055 -

2120 4109 2310 4162 πλώσα
2346 4113 2527 4162 πᾶσαν
2567 4109 2664 4177 τῆς
2709 4107 2980 4177 ληρωδίας
3008 4106 3212 4163 αὐτῶν.

2195 4222 2300 4275 Διὰ
2350 4222 2527 4276 τοῦτο
2584 4224 2937 4292 ἐπιστρέψει
2984 4226 3016 4276 ὀ
3067 4222 3218 4288 λαός
3265 4239 3382 4288 μου
3422 4222 3702 4278 ἐνταῦθα.

2125 4316 2289 4368 Τουτὶ
2321 4317 2382 4368 τὸ
2411 4319 2576 4386 ῥητὸν
2607 4317 2682 4378 ὡς
2719 4318 2827 4369 ἀπὸ
2855 4316 3151 4387 προσώπου
3205 4314 3298 4367 τοῦ
3328 4312 3466 4367 θεοῦ
3526 4314 3698 4366 τέθει-

2119 4427 2212 4460 κεν
2263 4411 2289 4461 ὁ
2349 4410 2642 4479 Προφήτης
2678 4426 2690 4436 ·
2730 4410 2812 4461 ὃτι
2863 4409 2950 4463 διὰ
3003 4406 3186 4474 τοῦτο,
3242 4409 3422 4461 εἴτουν
3467 4408 3555 4462 διὰ
3607 4410 3704 4479 τὴν

2120 4501 2381 4572 ῥηθεῖσαν
2399 4502 2599 4554 κακίαν
2625 4500 2732 4554 τῶν
2763 4500 2979 4571 ἐχθρῶν
3006 4501 3330 4571 ἐπιστρέψει
3363 4501 3393 4553 ὁ
3419 4503 3478 4553 ἐν
3502 4502 3703 4571 αἰχμα-

2121 4594 2295 4665 λωσίᾳ
2335 4594 2461 4656 λαός
2498 4612 2599 4662 μου
2625 4597 2718 4647 ἐπὶ
2769 4595 2869 4662 τὴν
2919 4593 3114 4648 ἑαυτοῦ
3145 4594 3380 4663 πατρίδι
3427 4593 3526 4662 τὴν
3569 4595 3702 4646 Ἰου-

2115 4689 2290 4741 δαίαν.
2345 4688 2565 4756 Ταύτην
2619 4688 2730 4758 γὰρ
2767 4688 2917 4756 δηλοῖ
2974 4688 3033 4740 τὸ
3059 4726 3072 4750 ,
3102 4687 3359 4742 ἐνταῦθα
3388 4704 3402 4718 ο
3435 4689 3493 4738 ἐν
3528 4687 3702 4759 ταύτῃ

430 4790 568 4832 tetur
593 4783 715 4835 huc.
751 4783 826 4837 Ibi
852 4785 999 4838 enim
1026 4799 1140 4840 erat
1174 4789 1370 4843 beatus
1388 4790 1558 4843 David
1579 4805 1704 4844 cum
1734 4793 2006 4862 psalmum

2125 4785 2230 4853 γὰρ
2254 4781 2331 4834 ὢν
2360 4783 2387 4834 ὁ
2410 4782 2600 4846 Δαῦὶδ,
2641 4781 2848 4850 ἔγραψε
2878 4780 2968 4833 τὸν
3001 4779 3238 4850 ψαλμὸν.

428 4869 572 4923 hunc
605 4883 958 4941 componeret
989 4891 1004 4928 :
1041 4878 1094 4928 in
1125 4873 1433 4932 Jerusalem
1472 4881 1709 4934 scilicet.

506 4982 573 5036 Et
616 4987 725 5040 dies
780 4988 924 5055 pleni
960 4990 1292 5045 invenientur
1339 4995 1392 5046 in
1433 4994 1532 5048 eis.
1566 4994 1742 5062 Pleni,
1774 4997 1876 5052 huc
1903 5006 2012 5062 est,

430 5076 663 5146 impleti,
718 5082 782 5133 ad
840 5084 962 5136 vita:
1012 5083 1268 5138 nimirum
1324 5103 1639 5142 mensuram
1678 5129 1692 5152 ,
1750 5091 1831 5145 vel
1873 5092 2013 5160 pleni

430 5170 690 5236 cperibns
723 5174 1008 5228 virtutum.
1053 5175 1115 5227 Et
1158 5192 1358 5232 sensus
1394 5189 1500 5244 est,
1537 5187 1682 5249 quod
1745 5198 2011 5240 consene-

431 5274 608 5320 scent.
631 5266 712 5318 vel
744 5269 887 5332 quod
936 5269 1232 5336 placebunt
1267 5271 1394 5325 lico.
1430 5273 1660 5341 lntelligi
1688 5275 1852 5328 etiam
1896 5292 2018 5345 pos-

429 5365 562 5410 sunt
599 5359 706 5410 lucc
752 5363 939 5419 verba.
992 5370 1048 5413 ut
1081 5363 1348 5415 adversus
1404 5365 1659 5418 inimicos
1689 5367 1839 5420 dicta
1877 5368 2009 5428 sint.

432 5450 577 5517 quod
601 5449 717 5503 dies
751 5466 941 5505 eorum
970 5454 1022 5506 in
1051 5455 1130 5508 eis
1167 5457 1520 5510 invenientur
1559 5458 1699 5525 pleni
1736 5459 1787 5511 in
1829 5461 2012 5520 malis.

431 5541 506 5595 ita
540 5549 600 5592 ut
625 5542 689 5593 ad
716 5558 907 5595 eorum
940 5547 1266 5613 pravitatem
1300 5547 1435 5598 nihil
1473 5547 1635 5600 desit.

504 5676 666 5732 Vens.
733 5682 814 5733 ll.
879 5682 945 5736 Ισῖι
988 5686 1276 5739 dixerunt:
1307 5687 1581 5750 Quomodo
1618 5690 1759 5739 novit
1833 5688 2017 5743 Deus?

431 5769 710 5840 Ωυοιιιιιοι
744 5773 795 5827 in
847 5777 1048 5846 μοιιυίο
1075 5789 1231 5836 erant
1271 5781 1462 5848 magis'
1482 5779 1888 5848 pusillanimes,
1921 5789 2015 5832 aut

2187 4987 2293 5041 Kal
2351 4985 2564 5054 ἡμέραι
2609 4985 2860 5054 πλήρεις
2893 4985 3330 5052 εὑρεθήσονται
3373 4985 3443 5038 ἐν
3472 4983 3680 5048 αὐτοῖς

2119 5080 2566 5151 Πεπληρωμέναι
2610 5079 2737 5131 ὅσον
2776 5082 2854 5141 εἰς
2895 5082 3093 5148 μέτρον
3133 5076 3301 5148 ζωῆς,
3365 5079 3398 5149 ἢ
3449 5077 3575 5129 ὅσον
3607 5078 3688 5137 είς

2119 5175 2345 5244 ἀρετήν.
2377 5171 2610 5238 Λέγειδὲ
2635 5172 2719 5224 ὅτι
2737 5172 3140 5240 γηρὰσουσιν,ῆ
3164 5171 3246 5224 ὅτι
3276 5169 3703 5238 εὐαρεστὴσουσι

2111 5265 2191 5335 τῷ
2243 5265 2382 5333 Θεῷ.
2448 5265 2667 5316 Νοείτλι
2705 5263 2759 5314 δὲ
2817 5263 2913 5315 καὶ
3000 5265 3140 5316 κατὰ
3193 5263 3302 5315 τῶν
3353 5261 3586 5332 ἐχθρῶν,
3644 5262 3704 5313 τὸ

2116 5361 2300 5430 ῥητὸν,
2335 5360 2416 5413 ὅτι
2449 5357 2840 5428 εὑρεθήσονται
2868 5357 2925 5407 ἐν
2958 5357 3140 5418 αὐτοῖς
3172 5357 3229 5407 αἱ
3273 5352 3701 5426 ἡμέραιαῦτῶν,

2117 5456 2347 5524 πλήρεις
2402 5454 2480 5516 είς
2530 5452 2729 5504 κακίαν
2758 5492 2772 5513 ,
2813 5450 2885 5513 ώς
2953 5449 3121 5519 μηδὲν
3166 5451 3246 5513 εἰς
3293 5448 3559 5519 πονηρῐαν
3615 5449 3700 5500 ἐν-

2115 5548 2249 5599 δεῖν.

2195 5687 2299 5740 Καὶ
2332 5683 2503 5738 εἷπον
2529 5701 2541 5713 ⁸
2578 5685 2704 5750 Ῑῖῶς
2756 5686 2909 5754 ἔγνω
2954 5689 2984 5738 ό
3040 5685 3226 5749 Θ.ε(τς;
3263 5683 3420 5736 Ὅσοι
3451 5679 3545 5734 τοῦ
3575 5678 3653 5729 λα’
3675 5699 3703 5728 υ

2127 5779 2609 5851 ιλικρθὲλυκάτεροι,
2656 5782 2748 5832 κκὶ
2805 5779 3202 5849 ἀσυνετώτεροι
3236 5777 3549 5847 βλέποντες,
3583 5771 3706 5823 ἕλε·
