4162 6288
395 377 503 440 ’145

482 488 639 541 Ὠσεὶ
669 487 957 543 ἐνύπνιον
1005 483 1476 556 ἑξεγειρομένου.
1513 483 1592 535 Τὰ
1621 484 1744 535 κατ’
1777 484 1975 544 αὐτοὺς

395 580 660 653 δηλονότι.
696 580 963 650 Καθάπερ
995 543 1387 649 γάρ’ἐνιῖπῖιιὸν
1414 594 1496 640 τις
1526 575 1648 628 ἰδὼν
1686 577 1972 646 ἐράσμιον,
2007 543 2047 594 Λ

396 674 808 744 ἐξεγειρόμενος
837 674 1058 744 ἀθυμεῖ,
1074 673 1149 733 ὡς
1172 672 1423 741 διακενῆς
1462 669 1796 730 ἀπολαύσας,
1832 666 1978 721 οὕτω

395 767 490 818 καὶ
516 764 852 818 Βαϐυλώνιοι
905 763 1378 835 παραδραμούσης
1401 764 1501 833 τῆς
1535 761 1843 832 εὐημερίας
1877 758 1976 813 αὗ·-

394 855 528 923 τῶν,
565 856 745 928 μάτην
770 857 1122 928 εὑπραγῆσαι
1151 856 1386 924 δόξουσι.
1413 855 1651 925 Τοιαύτη
1679 855 1789 923 γὰρ
1820 853 1856 923 ἡ
1879 853 1974 906 ἁν-

394 947 644 1018 Θρωπίνη
661 948 842 1019 τρυφὴ
867 948 1098 1019 ὀνείροις
1119 947 1354 1008 ἐοικυῖα.
1381 946 1468 1000 διὰ
1517 947 1576 1000 τὸ
1603 944 1857 1000 ἀϐέϐαιον
1884 947 1977 996 καὶ

391 1039 492 1110 τὴν
519 1043 741 1112 ταχεῖαν
771 1041 1099 1112 μεταϐολήν.

1559 371 1942 433 COMMENT.
1991 371 2072 432 ΙΝ
2116 372 2473 434 PSALMOS.

3551 378 3660 441 746

2157 483 2322 537 Vens.
2360 484 2451 538 ‘20.
2493 483 2662 548 Quasi
2707 485 2970 538 somnium
3026 485 3382 555 exsurgenlis.
3436 486 3657 558 Aliquid

2085 577 2607 648 subintelligendum
2642 585 2750 643 est,
2785 577 2938 633 verbi
2971 577 3148 647 gratia
3178 618 3194 641 ,
3237 577 3659 648 Babyloniorum

2084 669 2339 738 felicitas.
2392 666 2471 722 Ac
2522 667 2569 724 si
2621 667 2853 730 diceret,
2901 667 3047 736 quod
3085 667 3552 737 quemadmodum
3615 670 3663 725 is

2084 760 2176 832 qui
2208 774 2306 832 per
2336 773 2591 813 somnum
2623 765 2839 829 gratum
2864 758 2992 828 quid
3024 758 3188 820 videt,
3222 771 3286 811 ac
3314 758 3660 821 delectabile,

2083 853 2273 910 statim
2308 850 2698 913 contristatur,
2731 866 2856 905 cum
2886 867 2914 902 a
2949 864 3144 905 somno
3189 853 3455 922 exsurgit,
3502 853 3663 922 quasi

2085 939 2236 1013 inani
2266 939 2638 994 delectatione
2666 938 2922 994 detentus
2956 940 3048 1006 sit,
3094 941 3165 993 ita
3194 942 3356 994 etiam
3382 941 3662 1013 Babylonii

2083 1035 2316 1088 decursa
2372 1046 2562 1087 eorum
2621 1031 2906 1100 felicitate,
2959 1035 3178 1088 inanem
3238 1036 3534 1103 plorabant
3606 1052 3666 1091 se

399 1130 655 1187 habuisse
687 1131 988 1186 fortunam.
1028 1130 1417 1200 Huiuscemodi
1446 1132 1590 1185 enim
1623 1139 1751 1184 sunt
1780 1128 2035 1182 humanae
2054 1140 2247 1180 omnes
2274 1121 2691 1186 delectationes,
2762 1125 2996 1179 somniis
3051 1127 3281 1190 similes,
3347 1130 3415 1182 ob
3473 1145 3661 1184 earum

395 1224 656 1280 nimirum
692 1223 1130 1288 instabilitatem,
1184 1235 1238 1279 et
1269 1223 1750 1294 frequentissimas
1788 1221 2142 1275 mutationes.

462 1323 662 1390 Κύριε,
691 1322 762 1376 ἐν
792 1321 864 1391 τῇ
894 1323 1066 1375 πόλει
1088 1339 1205 1377 σου
1234 1318 1350 1388 τὴν
1369 1320 1576 1376 εἰκόνα
1591 1319 1790 1375 αὐτῶν
1809 1319 1981 1384 ἐξου-

394 1415 701 1483 δενώσεις.
764 1417 864 1469 Διὰ
924 1416 1022 1486 τὴν
1088 1415 1244 1468 πόλιν
1301 1433 1395 1468 σου
1433 1413 1836 1486 Ἰερουσαλὴμ,
1882 1413 1980 1483 τὴν

393 1505 696 1577 εὐημερίαν
752 1507 1064 1577 ἀτιμάσεις.
1112 1508 1313 1561 Εἰκόνα
1375 1506 1486 1578 γὰρ
1535 1505 1636 1576 τὴν
1670 1505 1980 1575 εὐημερίαν

393 1597 574 1652 αὐτῶν
600 1597 849 1664 ἐκάλεσε,
872 1599 960 1654 διὰ
986 1599 1047 1652 τὸ
1079 1600 1156 1671 μὴ
1187 1601 1396 1671 κυρίως
1437 1595 1578 1654 εἶναι
1603 1598 1632 1653 ὃ
1654 1600 1822 1664 δοκεῖ,
1845 1597 1980 1652 ἀλλὰ

398 1691 685 1761 μιμεῖσθαι
721 1693 913 1760 μόνον·
944 1694 1069 1746 ἐπεὶ
1093 1695 1190 1747 καὶ
1217 1692 1385 1747 εἰκὼν
1417 1693 1570 1764 παρὰ
1623 1692 1685 1745 τὸ
1718 1692 1976 1746 ἐοικέναι.

396 1781 499 1851 Eii}
531 1780 575 1835 δ’
628 1783 695 1835 ἂν
727 1782 882 1846 πόλις
928 1783 1024 1836 καὶ
1124 1783 1373 1837 πολιτεία
1403 1783 1497 1835 τοῦ
1533 1781 1666 1836 λαοῦ
1691 1800 1703 1812 ·
1756 1785 1788 1851 ἢ
1825 1783 1918 1835 καὶ
1943 1785 1977 1849 ἠ

394 1874 509 1928 ἄνω
557 1873 623 1927 Ίε
635 1892 726 1946 ρου
736 1876 868 1946 σαλή
879 1894 938 1945 μ.

469 2057 591 2111 Ὅτι
623 2055 920 2127 ἐξεκαύθη
969 2061 1005 2127 ἡ
1037 2060 1253 2130 καρδία
1280 2078 1422 2129 μου.
1464 2060 1554 2131 Τῷ
1588 2061 1719 2131 πυρὶ
1761 2063 1855 2113 τοῦ
1889 2060 1980 2112 θυ-

400 2149 528 2219 μοῦ,
580 2151 760 2206 εῐτουν
796 2151 876 2222 τῷ
908 2153 1090 2224 ζήλῳ·
1143 2153 1250 2226 ἔφη
1300 2156 1410 2225 γὰρ
1465 2157 1524 2206 ὲν
1577 2152 1856 2224 προοιμίῳ
1884 2152 1978 2204 τοῦ

397 2245 666 2315 παρόντος
690 2245 932 2317 ψαλμοῦ,
959 2249 1080 2302 Ὅτι
1116 2247 1390 2318 ἐζῆλωσα
1417 2249 1514 2303 ἐπὶ
1550 2249 1676 2313 τοῖς
1707 2249 1976 2318 ἀνόμοις,

400 2336 652 2407 εἰρήνην·
685 2336 1052 2408 ἁμαρτωλῶν
1083 2340 1338 2411 θεωρῶν.
1404 2342 1618 2396 Ἐκεῖνα
1649 2340 1779 2409 γοῦν
1823 2339 1979 2402 αὖθις

395 2431 643 2483 ξπαναλα
653 2431 872 2501 μϐάνει.

467 2520 578 2576 Καὶ
610 2524 664 2576 οἱ
711 2526 920 2593 νεφροί
967 2543 1087 2594 μου
1121 2525 1568 2594 ἠλλοιώθησαν.
1629 2526 1740 2596 Τὴν
1791 2526 1982 2580 ἐπιθυ-

400 2611 532 2682 μίαν
580 2614 667 2666 διὰ
694 2615 804 2668 τῶν
835 2618 1052 2685 νεφρῶν
1080 2619 1381 2672 αἰνίττεται
1402 2635 1416 2647 ·
1458 2617 1640 2682 καθὼς
1677 2618 1982 2688 προλαϐόν-

395 2719 489 2766 τες
524 2704 826 2774 είρήκαμεν
861 2707 919 2758 ὲν
956 2707 1162 2773 ἄλλοις.
1207 2710 1485 2780 Πρότερον
1525 2709 1632 2778 γὰρ
1669 2709 1982 2780 ἐπιθυμιῶν

395 2796 504 2849 τῶν
531 2795 697 2861 ὄντως
731 2799 976 2867 ἀγαθῶν,
1012 2801 1240 2872 ὕστερον
1266 2805 1360 2857 καὶ
1390 2803 1501 2856 τῶν
1525 2802 1826 2856 δοκούντων
1857 2806 1983 2856 ἐπε-

398 2885 644 2957 θύμησα,
685 2891 842 2962 (mal,
866 2889 1119 2962 ζηλώσας
1152 2897 1279 2959 τοὺς
1311 2895 1564 2966 ἐχθρούς.

471 3065 640 3137 Κάγὼ
661 3068 1162 3139 ἐξουδενώμενος,
1191 3072 1288 3125 καὶ
1333 3076 1443 3126 οὐκ
1477 3072 1685 3143 ἔγνων,
1729 3074 1890 3125 Τουτὶ
1922 3075 1980 3127 τὸ

2158 1313 2402 1378 Domine,
2431 1314 2487 1366 in
2521 1315 2737 1369 ciuitate
2783 1324 2874 1368 tua
2914 1317 3192 1384 imaginem
3218 1334 3401 1370 eorum
3430 1320 3498 1371 ad
3521 1319 3664 1372 nihi-

2087 1411 2196 1463 lum
2255 1406 2480 1477 rediget.
2537 1406 2770 1477 Propter
2823 1408 3100 1463 civitatem
3153 1417 3299 1462 tuam
3363 1408 3664 1466 Jerusalem

2086 1515 2280 1556 eorum
2318 1498 2640 1554 felicitatem
2674 1499 3001 1569 reprobabis
3034 1519 3047 1553 :
3105 1515 3272 1570 quam
3309 1502 3431 1556 ideo
3468 1503 3664 1569 imagi—

2087 1608 2209 1649 nem
2246 1592 2568 1664 appellavit,
2601 1593 2728 1662 quia
2767 1594 3009 1648 liumana
3042 1593 3298 1660 felicitas,
3331 1609 3462 1650 vera
3495 1595 3667 1651 felici-

2084 1693 2172 1740 tas
2202 1700 2311 1741 non
2348 1691 2455 1751 est,
2492 1685 2713 1738 tametsi
2754 1698 2878 1740 esse
2909 1683 3202 1742 videatur:
3239 1686 3336 1740 sed
3373 1697 3429 1740 ut
3463 1688 3668 1756 imago,

2087 1788 2182 1834 aut
2211 1779 2428 1842 umbra,
2456 1778 2708 1833 imitatur
2738 1785 2948 1830 tantum
2979 1773 3325 1832 felicitatem.
3379 1777 3484 1833 Per
3528 1779 3669 1832 civi-

2089 1879 2256 1926 tatem
2309 1882 2490 1925 autem
2521 1870 2628 1924 hoc
2659 1870 2713 1922 in
2749 1869 2890 1934 loco,
2939 1870 3244 1940 intelligere
3279 1883 3435 1942 potes
3482 1872 3670 1942 populi

2089 1963 2391 2029 civitatem,
2426 1961 2512 2017 vel
2546 1963 2722 2033 ipsam
2759 1978 3061 2031 supernam
3094 1963 3424 2020 Jerusalem.

2156 2053 2323 2110 Vsus.
2364 2055 2455 2108 2|.
2501 2054 2643 2121 Quia
2676 2055 3070 2123 inﬂammatum
3109 2068 3186 2111 est
3207 2074 3298 2110 cor
3327 2073 3518 2110 meum.
3567 2059 3672 2112 Ar-

2089 2146 2240 2221 denti
2277 2147 2490 2202 scilicet
2535 2147 2770 2215 quodam
2807 2147 2966 2201 zelo:
3010 2148 3157 2214 quod
3195 2148 3358 2203 etiam
3405 2151 3458 2202 in
3509 2150 3670 2205 initio

2089 2238 2281 2310 psalmi
2309 2238 2446 2292 dixit
2474 2257 2489 2292 :
2526 2238 2668 2305 Quia
2699 2240 2869 2294 zelat'i
2899 2255 3054 2307 super
3076 2241 3312 2310 iniquos,
3339 2257 3519 2308 pacem
3552 2260 3672 2311 pec-

2087 2341 2328 2386 catorum
2358 2331 2559 2385 uidens.
2596 2330 2859 2386 Eamdem
2893 2335 3038 2386 enim
3074 2332 3162 2385 hic
3197 2335 3393 2402 repetit
3439 2342 3669 2390 senten-

2089 2426 2242 2480 tiam.

2164 2517 2231 2572 Et
2280 2535 2426 2573 renes
2478 2519 2578 2572 mei
2613 2521 2928 2572 commutati
2957 2529 3104 2572 sunt.
3151 2517 3254 2574 Per
3281 2534 3439 2576 renes
3467 2535 3670 2576 concu.

2091 2610 2418 2681 piscentiam
2471 2609 2746 2679 intelligit,
2784 2610 3039 2664 utetiam
3075 2609 3208 2664 alibi
3245 2610 3512 2665 diximus.
3560 2614 3672 2665 An-

2091 2713 2202 2773 tea,
2235 2705 2434 2774 inquit,
2464 2718 2527 2760 ea
2562 2704 2856 2773 concupivi
2893 2718 3014 2774 qua:
3039 2716 3199 2758 erant
3227 2704 3392 2769 bona,
3428 2714 3673 2774 postmo-

2091 2799 2221 2854 dum
2268 2813 2402 2853 vero
2456 2813 2563 2852 non
2618 2800 2807 2852 eadem
2859 2798 3116 2866 amplius,
3167 2814 3290 2867 qua:
3322 2798 3465 2853 bona
3511 2813 3673 2854 erant

2091 2889 2293 2956 Optavi,
2347 2887 2445 2943 sed
2496 2903 2618 2956 quae
2669 2903 2794 2942 esse
2843 2887 3172 2941 videbantur
3213 2889 3397 2943 bona:
3447 2889 3671 2959 quando

2091 2979 2299 3035 scilicet
2330 2981 2675 3034 inimicorum
2713 2993 2899 3049 pacem
2934 2977 3128 3032 zelavi.

2165 3070 2233 3123 Et
2271 3088 2364 3141 ego
2394 3071 2655 3141 neglectus
2673 3087 2812 3134 sum,
2833 3081 2879 3125 et
2906 3087 3008 3123 non
3033 3073 3265 3142 cognovi.
3297 3069 3397 3125 llic
3423 3074 3672 3128 versicu-

401 3161 566 3230 ῥητὸν
593 3162 689 3214 καὶ
719 3163 786 3215 τὰ
811 3161 938 3233 seu;
973 3164 1114 3234 μετὰ
1162 3166 1260 3234 τὴν
1311 3166 1573 3219 ἐπάνοδον
1623 3165 1979 3236 ἁρμόζουσιν.

2094 3165 2201 3224 lus.
2232 3171 2287 3218 et
2321 3164 2554 3233 reliqua,
2590 3179 2712 3233 qua:
2748 3173 3077 3234 sequuntur,
3115 3175 3333 3233 tempus
3364 3167 3670 3235 respiciunt

411 3251 880 3325 Ἐξουδενωμένος
904 3257 1075 3327 ήμην,
1112 3259 1300 3328 φησὶν,
1345 3258 1522 3310 εἴτουν
1569 3258 1983 3328 ὰπερῤιμμένος

399 3347 507 3398 ἀπὸ
536 3347 630 3401 σοῦ
659 3349 782 3401 τότε
812 3348 900 3400 διὰ
938 3350 1040 3412 τὰς
1067 3350 1344 3420 ἁμαρτίας
1374 3368 1479 3420 μου
1500 3366 1514 3379 ’
1553 3351 1647 3403 καὶ
1693 3350 1781 3403 διὰ
1827 3348 1986 3402 τοῦτο

397 3436 499 3489 οὐκ
527 3436 698 3506 ἔγνων
722 3439 784 3491 τὸ
811 3439 1187 3511 ἁπορούμενόν
1217 3459 1326 3509 μοι,
1360 3441 1435 3511 μὴ
1462 3441 1601 3508 ἔχων
1627 3442 1717 3494 τὸν
1747 3441 1856 3494 ἀπὸ
1887 3440 1981 3492 σοῦ

398 3531 698 3598 φωτισμόν.
743 3533 800 3583 Ὀ
829 3532 888 3584 δὲ
919 3532 1217 3603 Σύμμαχος
1247 3534 1366 3585 ἀντὶ
1402 3534 1494 3585 τοῦ
1539 3531 1982 3601 Ἐξουὸενωμέ-

400 3638 530 3688 νος,
556 3622 1011 3694 Ἀνεπιστήμων
1047 3626 1228 3695 ἤμην,
1265 3623 1441 3680 εἶπεν.

471 3714 795 3783 Κτηνῖὓδης
854 3718 1151 3787 ἐγενήθην
1192 3721 1353 3788 παρὰ
1407 3720 1529 3772 σοί.
1565 3720 1787 3783 Λοιπὸν,
1811 3719 1978 3788 ἀνόη-

399 3821 492 3869 τος
558 3808 829 3878 ἐγενόμην
891 3828 994 3875 σοι,
1026 3811 1325 3877 τουτέστιν,
1379 3813 1481 3864 οὐκ
1542 3812 1620 3864 ἔτι
1683 3813 1980 3882 περιεργά-

403 3916 568 3971 σομαι
597 3902 665 3953 τὰ
698 3904 945 3972 κρίματά
981 3921 1074 3956 σου
1101 3920 1115 3932 ·
1153 3903 1291 3957 ἀλλὰ
1324 3903 1483 3975 δίκην
1518 3905 1749 3973 κτήνους
1780 3904 1984 3959 ἀπολυ-

401 3993 737 4062 πραγμὸνως
799 3993 1001 4063 ἕψομαι
1053 3997 1166 4058 τοῖς
1222 3998 1332 4059 σοῖς
1385 3997 1712 4066 βουλήμασι.
1746 3997 1982 4062 Διὲγνων

403 4084 512 4153 γὰρ
535 4086 617 4138 ὅτι
643 4090 821 4140 πάντα
872 4089 1012 4155 μετὰ
1047 4088 1283 4157 κρίσεως
1311 4090 1642 4156 οίκονομεῖς.
1689 4088 1982 4160 Ἐπαινετὴ

401 4179 435 4240 ή
462 4179 614 4249 παρὰ
641 4178 718 4248 τῷ
750 4180 867 4250 Θεῷ
921 4180 1061 4250 αὕτη
1091 4182 1360 4250 κτηνωδία
1380 4198 1394 4211 ·
1430 4181 1835 4251 διαϐεϐλημένη
1863 4180 1920 4232 δὲ
1953 4182 1985 4249 ἡ

403 4268 554 4338 παρὰ
609 4268 702 4320 τοῦ
752 4269 1024 4338 δαίμονος,
1073 4271 1147 4334 ὼς
1183 4272 1265 4333 τὸ,
1299 4269 1814 4340 "amour-86.112011
1859 4270 1986 4334 τοῖς

403 4354 653 4424 κτήνεσι
692 4358 816 4422 τοῖς
848 4357 1150 4425 ἀνοήτοις,
1177 4360 1276 4413 καὶ
1304 4359 1570 4428 ὡμοιώθη
1611 4361 1838 4426 αὐτοῖς.

2088 3265 2212 3327 post
2236 3256 2473 3311 reditum
2501 3271 2531 3309 e
2560 3256 2899 3325 captivitate.
2933 3256 3226 3324 Neglectus
3257 3258 3428 3319 enim,
3470 3259 3670 3326 inquit,

2091 3350 2374 3420 proiectus
2402 3365 2526 3404 sum
2564 3365 2592 3401 a
2626 3361 2678 3403 te
2709 3364 2858 3403 nunc
2892 3359 3117 3418 propter
3152 3361 3376 3418 peccata
3411 3367 3553 3417 mea,
3587 3363 3674 3405 at-

2089 3457 2195 3514 que
2227 3443 2350 3496 ideo
2385 3441 2789 3494 illuminatione
2841 3450 2932 3494 tua
2984 3443 3254 3510 privatus.
3309 3442 3362 3496 id
3413 3459 3522 3498 non
3571 3460 3668 3498 cn-

2086 3532 2273 3603 gnovi,
2308 3531 2376 3587 de
2409 3548 2520 3601 quo
2562 3532 2969 3586 dubitaveram.
3004 3532 3369 3600 Symmachus
3398 3548 3518 3602 pro,
3553 3533 3670 3586 Nc-

2087 3625 2312 3692 glectus,
2341 3623 2494 3686 dixit,
2532 3621 2788 3676 Indoctus
2820 3639 2989 3675 eram.

2162 3713 2322 3768 Vens.
2365 3713 2457 3769 22.
2524 3713 2591 3768 Ut
2624 3712 2928 3781 jumentum
2981 3716 3153 3784 factus
3212 3732 3329 3767 sum
3388 3717 3533 3784 apud
3596 3727 3668 3771 te.

2089 3808 2221 3878 Ego,
2277 3808 2474 3876 inquit,
2532 3809 2583 3860 in
2639 3807 2979 3877 praeteritum
3035 3807 3300 3874 insipiens
3333 3815 3514 3863 tecum
3566 3807 3664 3872 fui,

2100 3919 2288 3959 verum
2325 3903 2588 3972 deinceps
2617 3904 2824 3972 judicia
2852 3912 2942 3958 tua
2999 3903 3114 3972 (70)
3177 3906 3394 3961 curiose
3431 3907 3667 3976 amplius

2089 4013 2198 4054 non
2256 3999 2621 4068 investigabo,
2652 4001 2746 4053 sed
2792 3999 3024 4066 jumeuti
3059 4001 3256 4058 instar,
3285 4001 3486 4055 omissa
3515 4006 3663 4055 omni

2088 4092 2430 4154 curiositate,
2452 4099 2602 4144 tuam
2623 4104 2823 4160 sequar
2844 4083 3203 4152 voluntatem,
3219 4094 3663 4164 cognovietenim

2087 4181 2232 4251 quod
2266 4195 2484 4235 summa
2527 4182 2659 4236 eum
2707 4180 2918 4235 ratione
2952 4196 3016 4234 ac
3057 4181 3291 4249 judicio,
3339 4185 3523 4238 omnia
3570 4183 3668 4239 ad-

2088 4275 2391 4328 ministras.
2423 4271 2721 4328 Laudabile
2746 4281 2830 4327 est
2874 4283 3080 4339 autem,
3113 4284 3173 4327 ut
3203 4275 3345 4343 apud
3371 4276 3537 4331 Deum
3566 4294 3665 4331 nos

2089 4366 2239 4435 ipsos
2294 4363 2700 4430 existimemus,
2755 4374 2815 4419 ut
2859 4365 3133 4433 iumenta,
3180 4369 3397 4421 tametsi
3447 4382 3664 4433 contra,

403 4448 764 4504 criminosum
812 4453 905 4516 sit,
946 4460 1008 4505 ut
1048 4453 1358 4521 jumentum
1417 4454 1631 4518 haberi,
1691 4455 1833 4524 apud
1870 4455 2197 4526 datmonem,
2247 4469 2307 4515 ut
2380 4460 2510 4515 alibi
2541 4460 2782 4514 vidimus
2853 4461 2946 4528 (in
3017 4462 3226 4529 psalmo
3289 4479 3476 4526 vanI,
3521 4466 3592 4521 ibi
3648 4485 3668 4523 :

406 4541 582 4595 Homo
611 4558 729 4594 cum
774 4545 825 4595 in
871 4543 1065 4599 honore
1095 4547 1264 4617 esset)
1299 4559 1638 4614 comparatus
1671 4549 2022 4618 estjumeutis
2058 4553 2461 4622 insipientibus,
2493 4563 2542 4605 et
2570 4552 2760 4606 similis
2794 4553 2970 4619 factus
3011 4562 3087 4606 est
3115 4554 3226 4607 illis
3261 4556 3323 4607 ".

475 4633 647 4700 Κάγὼ
686 4634 783 4688 διὰ
814 4637 1040 4702 παντὸς
1065 4642 1215 4706 μετὰ
1262 4641 1400 4694 σοῦ.
1429 4639 1861 4705 Συνεξακούεται
1900 4641 1978 4705 τὸ,

2163 4646 2229 4698 Ει
2284 4663 2376 4715 ego
2418 4661 2623 4712 semper
2677 4655 2864 4698 tecum.
2916 4643 3376 4713 Subintelligitur,
3415 4649 3663 4711 verbum,

408 4725 761 4794 Ἔσομαι,σὲ
788 4726 983 4780 ἐννοῶν
1013 4729 1122 4793 ἀεὶ,
1152 4729 1248 4781 καὶ
1281 4731 1350 4783 τὰ
1383 4730 1451 4783 σὰ
1476 4729 1673 4795 λαλῶν,
1713 4730 1806 4783 καὶ
1835 4729 1976 4782 οὐδέ-

406 4834 539 4871 ποτε
563 4820 660 4888 τῆς
684 4819 782 4891 σῆς
811 4821 1034 4892 μνήμης
1056 4821 1448 4892 ἀφιστάμενος.

490 4996 864 5064 Ἔκράτησας
892 4995 1005 5067 τῆς
1047 4999 1243 5068 χειρὸς
1286 4999 1396 5069 τῆς
1427 5001 1631 5069 δεξιᾶς
1674 5021 1816 5072 μου.
1858 5006 1984 5058 Χει-

413 5089 664 5159 ραγωγοῦ
691 5088 872 5158 δίκην,
905 5089 1172 5146 ὲπελάϐου
1202 5092 1299 5162 τῆς
1342 5093 1525 5164 χειρός
1573 5110 1699 5165 μου,
1731 5097 1828 5149 καὶ
1857 5096 1982 5168 ἐξή-

410 5182 582 5248 γαγές
613 5198 680 5251 με
702 5181 800 5250 τῆς
829 5180 931 5251 γῆς
960 5182 1068 5236 τῶν
1099 5182 1456 5239 Βαϐυλωνίων
1499 5189 1591 5240 καὶ
1616 5192 1713 5259 τῆς
1740 5189 1985 5253 δουλείας

412 5272 612 5326 αὐτῶν.
642 5273 712 5326 Ἢ
742 5275 837 5326 καὶ
857 5274 954 5342 τῆς
983 5273 1162 5340 δεξιᾶς
1191 5277 1394 5348 χειρὸς,
1425 5278 1523 5350 τὴν
1551 5279 1732 5345 δεξιὰν
1785 5281 1986 5351 πρᾶξιν

413 5363 798 5434 ὑποσημαίνει,
819 5366 900 5418 ὅτι
922 5365 1124 5435 ταύτης
1156 5367 1455 5435 λαϐόμενος
1485 5370 1753 5441 ἐξήγαγες
1785 5390 1876 5441 με.

2097 4738 2235 4801 Ero;
2259 4747 2310 4792 te
2343 4738 2601 4791 nimirum
2633 4751 2848 4804 semper
2874 4736 3140 4804 cogitans,
3169 4746 3222 4789 et
3259 4736 3511 4804 loquens,
3543 4757 3666 4805 qua:

2095 4838 2186 4882 tua
2239 4836 2402 4891 sunt,
2435 4835 2597 4894 atque
2637 4843 2664 4876 ιι
2723 4823 2804 4877 ιιιί
2841 4826 3105 4878 memoria
3171 4841 3456 4896 nunquam
3513 4846 3665 4887 recc—

2097 4921 2251 4974 dens.

2166 5010 2331 5063 Vsus.
2369 5009 2459 5062 9.5.
2501 5007 2736 5061 Tenuisti
2774 5024 2989 5061 manum
3020 5011 3294 5064 dexteram
3325 5029 3514 5068 meam.
3557 5016 3667 5077 Tu,

2097 5103 2297 5169 inquit,
2334 5100 2526 5168 optimi
2579 5100 2830 5154 ductoris
2880 5101 3074 5166 instar,
3113 5119 3334 5157 manum
3370 5121 3541 5160 meam
3572 5125 3673 5174 ann

2095 5191 2529 5262 prehendisti,et
2551 5191 2619 5244 de
2651 5199 2817 5254 terra,
2849 5203 2912 5244 ac
2946 5192 3211 5248 servitute
3241 5194 3667 5265 Babyloniorum

2095 5299 2183 5338 me
2209 5282 2480 5346 eduxisti;
2512 5282 2594 5336 vel
2613 5296 2703 5350 per
2730 5281 3011 5336 dexteram
3037 5299 3292 5350 manum,
3322 5289 3573 5344 meliores
3603 5307 3667 5344 ac

2096 5375 2485 5430 laudabiliorcs
2515 5375 2760 5428 actiones
2791 5373 3088 5442 significat,
3119 5379 3321 5446 quibus
3352 5389 3430 5444 tu,
3465 5381 3667 5451 inquit,

412 5456 648 5513 eduxisti
699 5475 810 5528 me,
859 5462 1093 5533 benigno
1141 5464 1398 5520 nimirum
1433 5467 1615 5521 animo
1647 5479 1742 5522 eas
1795 5467 2128 5536 suscipiens.

521 5603 566 5635 ¹⁷
599 5602 747 5657 Psal.
786 5618 977 5667 xum,
1023 5604 1111 5658 21.

1767 5673 1962 5735 Variae
1986 5674 2318 5735 lectiones.

486 5776 600 5847 (70)
633 5780 737 5832 Aut
763 5792 872 5847 non
910 5777 1048 5832 satis
1094 5789 1382 5833 assecutus
1432 5789 1538 5839 est,
1594 5789 1686 5833 aut
1720 5794 1823 5832 non
1852 5783 1987 5833 Salis

417 5846 646 5905 ﬁdeliter
679 5846 911 5904 reddidit
941 5849 1182 5903 auctoris
1209 5862 1451 5902 sensmn.
1477 5849 1664 5906 Grates
1703 5853 1781 5906 sic
1823 5869 1833 5900 :
1875 5850 1980 5918 ligo

750 5946 1030 6008 ΡΑτιιοι..
1072 5945 1192 6007 Gn.
1239 5945 1575 6007 CXXVIII.

2097 5781 2339 5859 deinceps
2370 5781 2624 5848 insipiens
2666 5783 2747 5850 fui
2789 5784 2911 5855 (pro
2955 5785 3066 5857 ero)
3099 5794 3265 5842 tecum
3302 5805 3320 5839 :
3351 5789 3444 5842 hoc
3484 5789 3671 5859 estju-

2090 5853 2231 5903 ditia
2258 5860 2370 5918 tua,
2399 5861 2487 5905 etc

3248 5954 3327 6013 2's
