4162 6288
375 409 481 474 πο

1517 409 1666 469 COM
1678 411 1728 468 Μ
1741 408 1908 470 ΕΝΤ.
1956 407 2034 467 IN
2074 409 2204 468 PSA
2216 408 2433 468 LMOS.

3535 406 3642 473 750

363 502 500 559 Θεοῦ
553 500 907 572 ὀνομάζεται,
940 498 1268 570 συνημμένη
1319 498 1492 570 τούτῳ
1544 501 1632 553 διὰ
1689 501 1948 561 πίστεως.

2063 498 2290 568 lignum,
2313 507 2367 552 et
2393 496 2650 568 lapidem.
2680 498 2921 554 Ecclesia
2957 500 3160 553 ctenim
3200 513 3398 567 sponsa
3433 498 3644 555 Christi

363 597 459 648 καὶ
482 595 581 664 τῆς
612 592 726 646 τῶν
753 591 985 645 έντολῶν
1016 590 1183 644 αὐτοῦ
1211 590 1484 661 φυλακῆς.

453 774 598 843 Εμοι
627 773 696 826 δὲ
727 774 793 828 τὸ
849 770 1353 841 ,προσκολλᾶσθαι
1413 771 1494 836 τῷ
1549 768 1671 836 θεῷ
1726 771 1953 838 ἀγαθόν

364 867 522 926 ἐστι.
553 870 628 922 Τὸ
661 867 1038 922 συνάπτεσθαι
1066 870 1290 936 νύμφης
1327 865 1509 933 δίκην,
1538 868 1634 920 καὶ⁵
1673 867 1952 937 μηδέποτε

362 959 526 1014 αὐτοῦ
562 959 921 1031 χωρίζεσθαι.

438 1054 711 1112 Τίθεσθαι
735 1052 803 1105 ἐν
820 1051 901 1117 τῷ
917 1053 1112 1120 Κυρίῳ
1134 1051 1248 1118 τὴν
1261 1049 1482 1108 ἐλπίδα
1494 1052 1768 1121 μου.Ἒτι
1780 1051 1836 1105 δὲ
1862 1041 1959 1106 διαὶ

361 1143 444 1207 τὺ,
473 1143 744 1199 τίθεσθαι
767 1144 866 1198 ἐπὶ
897 1144 1120 1212 Κύριον
1141 1143 1257 1211 τὴν
1276 1143 1499 1196 ἐλπίδα
1523 1160 1640 1212 μου
1665 1142 1800 1212 (7i),
1823 1141 1959 1196 Ἰδοὺ

374 1238 486 1308 γὰρ
502 1236 728 1298 ἐλπίσας
754 1239 844 1290 ἐπ’
861 1237 1049 1302 αὑτὸν,
1064 1237 1167 1290 οὐκ
1201 1237 1499 1305 ἀπέτυχον.
1519 1237 1611 1289 Διὸ
1643 1236 1735 1288 καὶ
1751 1235 1960 1304 ἀγαθόν

368 1345 460 1398 μοι
514 1327 574 1382 τὸ
616 1329 880 1394 τοιοῦτον,
926 1330 1102 1383 εἷτουν
1157 1328 1435 1398 ὠφέλιμον
1484 1327 1580 1382 καὶ
1613 1329 1904 1398 χρήσιμον.

441 1420 553 1478 Τοῦ
572 1421 918 1492 ἐξατγεῖλαί
941 1439 1022 1493 με
1079 1421 1282 1488 πάσας
1309 1425 1416 1487 τὰς
1445 1420 1709 1485 αἰνέσεις
1747 1436 1864 1475 σου
1891 1419 1961 1474 ἐν

365 1514 496 1582 ταῖς
549 1516 772 1583 πύλαις
806 1518 918 1585 τῆς
978 1516 1275 1587 θυγατρὸς
1341 1513 1513 1569 Σιών.
1548 1514 1716 1567 Ὥστε
1745 1530 1958 1566 σκεπα-

367 1610 564 1663 σθέντα
597 1625 666 1676 με
722 1608 1092 1680 διηγήσασθαι
1121 1608 1220 1671 τὰς
1245 1607 1482 1667 αίνέσεις
1528 1623 1648 1669 σου,
1678 1604 1856 1659 εἴτουν
1889 1606 1959 1657 τὰ

367 1701 647 1768 θαυμάσιά
679 1718 798 1765 σου,
825 1702 893 1756 τὰ
923 1701 1299 1768 ἁξιεπαίνετα.
1342 1701 1413 1754 Ἥ
1440 1700 1534 1753 καὶ
1559 1698 1758 1762 ἄλλως.
1793 1697 1959 1751 Ὥστε

362 1792 626 1847 έκθέσθαι
654 1796 841 1864 γραφῇ
894 1794 993 1857 τὰς
1025 1791 1386 1863 ὀφειλομένας
1417 1808 1500 1844 σοι
1521 1790 1758 1854 αίνέσεις
1787 1806 1801 1819 ·
1843 1789 1959 1845 xti-

363 1900 484 1952 σας
511 1885 569 1940 δὲ
601 1880 721 1939 εἷπε
751 1885 890 1939 διότι
917 1885 1180 1940 τοσαῦταί
1226 1887 1388 1948 εἰσιν,
1414 1886 1538 1938 ὅσαι
1583 1884 1683 1937 καὶ
1705 1884 1762 1937 αἱ
1797 1881 1954 1936 δυνά·

366 1992 493 2046 μιις
515 1975 610 2029 τοῦ
641 1977 779 2029 Θεοῦ
818 1992 832 2007 ·
859 1974 1226 2046 ἐξαιγγεῖλαι
1247 1974 1305 2027 δὲ
1332 1972 1536 2035 ταύτας
1581 1971 1652 2024 ἐν
1677 1969 1810 2036 ταῖς
1846 1969 1961 2022 πύ-

2063 591 2289 653 dicitur,
2320 591 2480 661 eique
2511 606 2604 660 per
2632 590 2789 646 fulem
2825 602 2875 646 et
2913 608 3004 646 uer
3039 595 3418 645 mandatorum
3451 594 3645 647 obser-

2064 686 2345 738 vationem
2381 690 2466 737 est
2507 682 2826 751 conjuncta.

2144 774 2307 828 Vens.
2351 773 2444 829 27.
2486 773 2621 828 Mihi
2668 786 2843 829 autem
2885 776 3157 831 adltwrcre
3191 776 3298 829 Dco
3325 776 3515 829 bonum
3543 789 3641 829 est.

2067 868 2124 922 In
2158 881 2376 939 sponsae
2401 869 2666 922 nimirum
2707 885 2914 924 morem
2944 868 3054 924 Deo
3083 868 3370 938 conjungi,
3408 878 3464 922 et
3503 885 3613 921 nun

2064 974 2231 1028 quam
2261 960 2331 1014 ab
2364 975 2431 1013 eo
2461 961 2733 1030 separari.

2140 1051 2344 1109 Ponere
2394 1055 2450 1108 in
2500 1052 2727 1109 Domino
2755 1070 2896 1123 spem
2940 1071 3131 1109 meam.
3172 1056 3460 1124 Nunquam
3495 1055 3644 1109 enim

2065 1156 2332 1219 concepta
2355 1161 2452 1218 spe
2480 1147 2782 1205 frustratus
2813 1163 2958 1212 sum,
2989 1149 3210 1220 quoties
3231 1149 3286 1202 in
3309 1162 3378 1202 eo
3407 1148 3642 1216 speravi.

2066 1240 2278 1296 Bonum
2307 1241 2476 1312 igitur
2501 1248 2664 1310 atque
2697 1242 2831 1297 utile
2868 1249 2974 1305 est,
3011 1243 3088 1296 ita
3121 1242 3320 1297 facere.

2139 1418 2303 1474 Vens.
2335 1419 2428 1476 28.
2464 1420 2535 1476 Ut
2577 1426 2886 1477 annuntiem
2919 1440 3094 1477 omnes
3138 1423 3468 1477 laudationes
3524 1433 3643 1477 tuas

2063 1514 2118 1566 in
2171 1515 2342 1581 portis
2374 1515 2505 1584 ﬁlia:
2539 1513 2696 1572 Sion.
2736 1515 2806 1571 Ut
2853 1525 2944 1570 tua
3000 1531 3231 1572 securus
3275 1519 3644 1586 protecticne.

2065 1619 2284 1660 narrem
2315 1605 2584 1661 mirabilia
2619 1609 2801 1662 omnia
2828 1649 2843 1673 ,
2881 1623 3003 1676 qum
3045 1608 3220 1663 fecisti
3266 1609 3424 1664 laude
3461 1611 3643 1677 digna.

2064 1697 2158 1751 Vel
2199 1696 2336 1755 alias
2371 1715 2383 1751 :
2417 1697 2484 1755 Ut
2517 1698 2743 1772 scriptis
2791 1701 2928 1756 meis
2981 1703 3168 1757 laudes
3233 1718 3330 1756 cas
3377 1716 3645 1773 exponas,

2061 1807 2185 1860 qua:
2208 1791 2308 1845 tibi
2340 1791 2630 1848 debentur.
2678 1791 2876 1848 Omnes
2922 1803 3104 1849 autem
3139 1794 3284 1856 ideo,
3325 1795 3485 1855 dixit,
3510 1809 3646 1863 quo-

2064 1886 2211 1939 niam
2267 1886 2358 1939 Dei
2399 1885 2588 1942 laudes
2621 1893 2702 1940 tot
2725 1893 2877 1948 sunt,
2907 1893 3043 1955 quot
3075 1885 3196 1955 ejus
3236 1886 3493 1956 potentia:
3532 1902 3547 1948 ;
3589 1895 3646 1936 ut

2060 1981 2367 2035 σιηιιιηιίεηι
2427 1988 2606 2032 autem
2662 1993 2757 2033 eas
2796 1980 2851 2030 in
2896 1979 3065 2045 portis
3127 1977 3279 2044 Sion,
3340 1979 3394 2033 id
3441 1988 3527 2032 est
3592 1980 3645 2030 in

360 2072 500 2136 λαις
518 2070 629 2140 τῆς
653 2069 827 2135 Σιὼν,
849 2070 969 2140 ἦτοι
994 2069 1094 2138 τῆς
1129 2066 1514 2138 Ἰερουσαλήμ.
1541 2064 1822 2133 Διώνυμος
1848 2062 1956 2132 γὰρ

2068 2073 2244 2140 portis
2277 2070 2603 2126 Jerusalem.
2649 2069 2858 2137 Duplici
2898 2071 3044 2124 enim
3104 2073 3328 2127 nomine
3371 2072 3646 2140 appellata

359 2163 398 2223 ἡ
423 2164 578 2225 πόλις
603 2162 766 2227 αὕτη,
796 2163 856 2214 οὐ
899 2162 1058 2233 μόνον
1091 2157 1474 2230 Ἰερουσαλὴμ,
1513 2155 1650 2210 ἀλλὰ
1696 2154 1792 2207 καὶ
1822 2151 1962 2206 Σιὼν

363 2257 475 2310 ἀπὸ
498 2255 590 2308 τοῦ
615 2257 1009 2325 γειτνιάςοντος
1032 2255 1192 2326 δρους
1213 2250 1759 2324 προσονομαζομένη.
1789 2245 1962 2315 Θυγά-

359 2364 469 2418 τηρ
499 2349 556 2401 δὲ
574 2349 713 2403 Σιὼν
729 2349 917 2421 αὖτηή
948 2347 1088 2402 Σιὼν
1113 2348 1350 2415 λέγεται,
1385 2347 1459 2408 ὡς
1488 2345 1613 2407 Υιὸς
1662 2340 1954 2411 ἀνθρώπου

361 2441 721 2511 ὁᾶνθρωπος,
748 2441 871 2496 καθ’
905 2441 1197 2512 Ἐϐραῖκδν
1224 2441 1441 2508 ἰδίωμα.
1467 2434 1703 2489 Εἰώθασι
1728 2434 1783 2488 δὲ
1801 2434 1956 2501 παρὰ

362 2539 485 2598 ταῖς
518 2535 718 2598 πύλαις
746 2536 845 2605 τῆς
877 2535 1088 2596 πόλεως
1119 2533 1212 2586 καὶ
1267 2531 1361 2585 τοῦ
1409 2528 1541 2584 ναοῦ
1599 2524 1951 2595 συνεδριάξε-

365 2626 495 2682 σθαι
532 2630 629 2681 καὶ
664 2628 998 2698 διηγεῖσθαι.
1045 2626 1439 2696 Ἀναγωγικῶς
1489 2625 1544 2676 δὲ
1594 2622 1763 2675 πύλαι
1809 2618 1950 2673 Σιὼν

359 2721 418 2773 αι
448 2723 592 2774 κατὰ
631 2721 798 2774 τόπον
841 2720 1165 2790 Ἐκκλησίαι
1197 2735 1209 2749 ·
1245 2719 1314 2771 δι’
1356 2717 1540 2772 αὐτῶν
1585 2715 1696 2783 γὰρ
1754 2712 1952 2767 εῐσεισί

359 2831 447 2878 τις
473 2817 553 2878 είς
586 2815 686 2886 τὴν
709 2814 822 2869 ἀνω
859 2815 1249 2887 Ἰερουσαλήμ.

2066 2173 2152 2220 est
2212 2178 2275 2217 ea
2335 2162 2531 2216 civitas
2566 2200 2580 2222 ,
2615 2161 2924 2215 Jerusalem
2984 2162 3265 2222 nimirum.
3311 2174 3366 2217 et
3417 2161 3572 2224 Sion,
3614 2179 3644 2215 a

2065 2257 2248 2311 vicino
2301 2267 2506 2312 monte.
2573 2256 2674 2308 Per
2731 2253 2897 2308 ﬁliam
2940 2265 3120 2309 autem
3163 2255 3319 2319 Sion,
3353 2257 3472 2325 ipsa
3514 2258 3642 2311 Sion

2065 2348 2410 2419 intelligitur,
2431 2348 2889 2418 quemadmodum
2920 2362 3017 2415 per
3048 2347 3245 2400 Filium
3272 2348 3509 2404 hominis
3528 2350 3646 2417 ipso

2063 2440 2253 2504 homo,
2285 2439 2441 2509 juxta
2492 2438 2820 2494 llebraicum
2874 2439 3095 2493 idioma.
3154 2438 3414 2494 Solebant
3457 2451 3642 2495 autcnt

2065 2532 2280 2602 antiqui
2331 2532 2487 2598 jutta
2519 2531 2761 2585 civitatis
2802 2541 2891 2584 aut
2923 2532 3110 2600 templi
3155 2544 3361 2600 portas,
3409 2536 3642 2589 concilia

2060 2641 2124 2682 ac
2153 2635 2332 2682 cretus
2366 2628 2647 2681 hominum
2683 2642 3034 2695 congregare,
3073 2638 3126 2680 et
3164 2628 3272 2681 illis
3301 2645 3645 2701 quaminiqua

2062 2733 2202 2773 nova
2258 2720 2646 2789 contingebant
2711 2733 2958 2772 narrare.
3017 2717 3180 2771 Juxta
3216 2735 3489 2791 anagngen
3546 2739 3641 2792 per

2059 2823 2246 2879 portas
2302 2809 2462 2874 Sion,
2515 2810 2879 2874 particulares
2937 2809 3210 2867 Ecclesias
3267 2813 3639 2884 intelligimus,

359 2923 485 2980 qua
508 2911 562 2964 in
581 2909 744 2964 rariis
776 2920 904 2964 sunt
933 2910 1082 2964 orbis
1102 2907 1366 2979 partibus.
1385 2906 1488 2962 Per
1515 2921 1609 2962 eas
1625 2904 1826 2962 etenim
1847 2914 1902 2957 ut
1926 2917 2021 2972 per
2053 2914 2238 2974 portas
2259 2906 2524 2974 quasdam
2559 2905 2896 2975 ingredimur
2916 2906 2968 2958 in
2988 2920 3283 2974 supernam
3309 2905 3637 2966 Jerusalem-

805 3004 1124 3071 Συνέσεως
1153 3001 1232 3068 τῷ
1265 3002 1486 3072 Ἀσάφ.

2441 2997 2818 3067 Intelligentiw
2880 2999 2983 3066 ipsi
3051 3000 3255 3068 Asapli.

923 3100 1220 3156 ΨΑΛΜΟΣ
1263 3099 1383 3153 Ol".

2552 3088 2878 3145 PSALMUS
2943 3089 3175 3147 LXXIII.

435 3191 574 3264 Περῖ
599 3191 696 3261 μὲν
721 3190 816 3245 τοῦ
856 3190 1032 3260 Ἀσὰφ
1071 3190 1312 3260 εἴρηται.
1361 3189 1674 3254 Συνέσεως
1723 3189 1801 3253 δὲ,
1868 3188 1954 3240 ὅτι

2130 3186 2206 3241 De
2252 3185 2435 3256 Asaph
2482 3185 2610 3238 alibi
2641 3184 2850 3239 dietum
2890 3192 2996 3238 est.
3056 3183 3429 3256 Intelligentia:
3457 3201 3636 3246 autem

361 3283 443 3337 δει
480 3283 749 3346 συνέσεως
777 3285 891 3347 τοῖς
943 3281 1360 3352 ἐντυγχάνουσι.
1407 3283 1546 3351 Περὶ
1595 3282 1705 3351 γὰρ
1745 3281 1845 3349 τῆς
1887 3280 1951 3331 ὲκ

2063 3279 2186 3334 ideo
2216 3278 2380 3338 dixit,
2407 3276 2539 3347 quia
2565 3275 2740 3330 multa
2768 3275 2961 3331 lectori
2997 3289 3135 3345 Opus
3155 3287 3238 3333 est
3259 3280 3638 3351 intelligentia.

370 3373 668 3441 Ῥωμαίων
694 3373 1013 3434 τελευταίας
1048 3371 1306 3433 ἁλώσεως
1355 3370 1467 3423 τῶν
1530 3368 1948 3440 Ἰεροσολύμων,

2063 3373 2132 3426 Ea
2165 3373 2311 3425 enim
2346 3371 2401 3424 in
2431 3370 2533 3422 hoc
2564 3367 2772 3437 psalmo
2795 3375 3123 3432 tractantur,
3155 3386 3274 3439 quae
3295 3373 3363 3426 ad
3389 3375 3636 3431 ultimam

359 3465 641 3529 διέξεισιν.
675 3465 736 3518 Εἰ
771 3465 882 3535 γὰρ
906 3465 1002 3517 καὶ
1032 3465 1139 3533 πρὸ
1172 3462 1281 3515 τῶν
1336 3461 1632 3530 Ῥωμαίων
1673 3461 1953 3532 διαφόρως

2063 3465 2370 3520 Ittda'orutn
2407 3461 2813 3531 captivitatem,
2851 3469 3016 3530 atque
3049 3462 3114 3515 ad
3149 3463 3296 3517 illam
3333 3464 3636 3523 Jerusalem

360 3558 639 3622 ἑάλωσαν,
665 3556 785 3611 ἀλλ’
818 3556 974 3609 οὐδὲν
997 3555 1214 3610 τοιοῦτο
1250 3555 1390 3618 τέως
1427 3552 1789 3617 πεπόνθασιν,
1838 3547 1953 3606 οἷον

2063 3553 2490 3610 destructionem
2531 3551 2832 3621 pertinent,
2855 3565 2976 3620 quze
3013 3565 3044 3604 a
3075 3552 3334 3610 Romanis
3366 3555 3508 3611 facta
3529 3569 3635 3615 est.

359 3650 638 3721 ἀποϐολὴν
684 3650 931 3720 διηνεκῆ,
969 3649 1302 3720 ἐμπρησμὸν
1329 3647 1428 3702 τοῦ
1457 3647 1610 3710 ναοῦ,
1640 3649 1739 3701 καὶ
1785 3647 1954 3700 κατά-

2063 3649 2191 3703 Nam
2223 3649 2325 3702 etsi
2367 3655 2524 3701 antea
2558 3661 2587 3698 a
2615 3643 3024 3701 variis'l'uerint
3051 3661 3426 3717 saepenumero
3455 3658 3634 3723 capti-

357 3742 516 3795 λυσιν
545 3742 758 3808 οἰκιῶν,
795 3745 890 3796 καὶ
910 3742 1152 3812 παντελῆ
1186 3741 1476 3812 πόρθησιν.
1511 3739 1623 3794 Καὶ
1672 3739 1732 3792 τὸ
1787 3756 1954 3807 φανε-

2063 3743 2165 3799 vati
2195 3738 2534 3801 nationibus,
2555 3752 2837 3805 nunquam
2865 3745 3220 3793 tamentanta
3257 3740 3360 3804 eis,
3396 3751 3455 3795 ut
3480 3753 3632 3805 tunc,

360 3835 502 3904 ρώτε
513 3852 628 3904 ρον,
654 3835 775 3887 οὐδὲ
804 3834 1090 3905 προφήτης
1118 3835 1177 3887 ὲν
1217 3834 1402 3896 αὐτοῖς
1423 3834 1502 3896 είς
1520 3832 1581 3884 τὸ
1596 3833 1724 3901 ἐξῆς
1744 3832 1951 3884 ἐπέλειο

2063 3831 2261 3886 accidit
2315 3828 2622 3882 calamitas.
2676 3825 2812 3883 Nam
2867 3839 2920 3882 et
2969 3830 3023 3884 in
3065 3840 3383 3900 perpetuum
3436 3833 3634 3902 abjecti

353 3928 481 3998 ψεν.
503 3928 887 3997 ’Λπαγγέλλων
902 3928 959 3980 δὲ
975 3929 1001 3981 6
1017 3925 1233 3998 ψαλμδς
1255 3927 1353 3990 τὰς
1365 3928 1476 3980 τῶν
1513 3925 1784 3981 Ἰουδαίων
1808 3944 1873 3978 συ
1881 3944 1949 3995 μς-

2063 3932 2212 3986 sunt,
2240 3930 2296 3977 et
2327 3920 2614 3974 incensum
2643 3927 2728 3971 cst
2759 3918 3044 3987 templum,
3097 3929 3152 3973 et
3189 3920 3486 3976 destructae
3541 3924 3635 3978 do-

367 4022 547 4092 φορὰς
579 4020 997 4090 εὐαγγελίζεται
1023 4021 1120 4073 καὶ
1158 4005 1258 4090 τὴν
1303 4019 1580 4090 ἡμετέραν
1640 4017 1944 4090 σωτηρίαν.

2063 4032 2203 4082 unus,
2269 4025 2324 4069 et
2365 4010 2549 4067 omnia
2613 4009 2986 4079 depopulata,
3053 4011 3310 4082 quodque
3363 4016 3632 4070 malorum

364 4119 616 4173 muniunt
643 4118 790 4173 illius
823 4117 1000 4188 gentis
1021 4117 1328 4173 evidentius
1360 4119 1577 4188 signum
1606 4125 1712 4182 est,
1747 4119 1933 4176 nullus
1968 4113 2394 4186 deincepsinter
2420 4123 2516 4164 eos
2559 4106 2830 4178 Propheta
2848 4106 3077 4162 exstitit.
3121 4107 3256 4163 Illud
3291 4118 3469 4164 autem
3508 4113 3630 4165 ani-

365 4207 816 4264 madvertendum
836 4215 939 4273 est,
968 4208 1113 4278 quod
1141 4210 1268 4262 dum
1291 4208 1379 4265 hic
1399 4209 1644 4280 psalmus
1660 4208 1974 4268 Judaeorum
1999 4206 2289 4265 annuntiat
2317 4202 2679 4262 calamitates,
2699 4198 2938 4252 ﬁdelium
2961 4214 3064 4253 una
3097 4200 3342 4268 praedicit
3366 4203 3626 4259 salutem.

437 4304 568 4356 Ἵνα
601 4301 675 4362 τί.
726 4303 759 4355 ὀ
814 4299 981 4364 Θεὸς,
1030 4297 1252 4354 ἀπώσω
1273 4302 1362 4365 εἰς
1406 4301 1616 4367 τέλοςς
1650 4302 1812 4355 Ὥστε
1847 4318 1938 4369 γε-

2116 4297 2282 4350 Vens.
2319 4294 2369 4346 I.
2405 4290 2624 4361 thuid,
2663 4289 2827 4356 Deus,
2863 4291 3102 4357 reputari
3150 4293 3203 4344 in
3245 4293 3401 4361 ﬁnem
3431 4299 3454 4348 ?
3498 4295 3628 4350 Pro-

357 4392 640 4462 γενημὲνα
675 4391 774 4460 μὲν
810 4388 1066 4459 προλέγει
1096 4389 1166 4441 τὰ
1201 4389 1465 4455 μέλλοντα
1514 4393 1666 4460 νόμῳ
1723 4408 1942 4460 προφη-

2063 4394 2330 4446 tltctarttm
2366 4398 2542 4446 more,
2578 4391 2788 4446 narrat,
2819 4393 2878 4437 ut
2915 4383 3027 4452 jam
3056 4383 3218 4447 facta,
3266 4401 3386 4452 qua:
3437 4387 3624 4443 futura

356 4485 534 4548 τείας.
598 4480 780 4545 Ἄξιον
833 4480 890 4533 δὲ
966 4479 1246 4548 θαυμάσαι
1310 4479 1411 4547 τὴν
1466 4481 1782 4550 ἀγαθότητα
1843 4481 1940 4533 τοῦ

2063 4493 2220 4535 Tant.
2264 4480 2499 4549 Dignum
2535 4488 2620 4529 eSt
2653 4482 2834 4528 autem
2870 4485 2928 4527 ut
2959 4474 3296 4529 admiremur
3319 4477 3620 4533 bonitatem

358 4574 521 4641 Θεοῦ,
550 4575 658 4640 ὅτι,
694 4573 957 4644 προειδὼς
982 4573 1082 4642 τὴν
1117 4572 1390 4625 Ἰουδαίων
1431 4572 1738 4638 ἀπείθειαν,
1791 4574 1939 4642 ὅμως

2063 4580 2159 4636 )ei,
2196 4579 2287 4644 qui
2318 4572 2691 4627 calamitatum
2713 4567 3062 4636 przedictione
3094 4583 3123 4621 a
3153 4580 3298 4622 tanta
3330 4571 3452 4628 illos
3482 4572 3625 4626 nito-

354 4673 426 4740 τῇ
462 4670 766 4740 προρρήσει
798 4666 905 4718 τῶν
937 4665 1214 4735 ἐσομένων
1241 4665 1540 4735 συμφορῶν
1605 4667 1938 4734 ἀποτρέπειν

2063 4682 2203 4721 latttl'
2237 4665 2447 4720 smvitia
2480 4673 2647 4730 atque
2670 4661 2953 4728 impietate
2983 4669 3250 4725 avertere,
3282 4678 3388 4732 qua
3429 4664 3628 4719 adver-

356 4763 556 4823 αὐτοὺς
592 4761 849 4829 πειρᾶται
893 4757 994 4828 τῆς
1027 4756 1306 4824 ἀσεόείας,
1358 4759 1455 4810 καὶ
1493 4758 1590 4828 τῆς
1643 4759 1784 4811 κατὰ
1839 4757 1935 4809 τοῦ

2063 4776 2140 4816 ius
2189 4759 2530 4815 Snlvatorcm
2592 4764 2740 4817 usuri
2767 4770 2945 4823 erant,
3005 4763 3218 4816 tametsi
3279 4763 3350 4817 ob
3407 4763 3623 4819 arbitrii

356 4821 609 4924 Σωτῆρος
647 4821 964 4922 μιαιφονίας
988 4867 1001 4881 ο
1034 4851 1083 4902 εί
1121 4850 1216 4903 καὶ
1245 4821 1337 4902 aia.
1365 4849 1426 4902 τὸ
1456 4821 1807 4914 αὐτεξούσιον
1835 4849 1934 4914 τῆς

2065 4851 2371 4914 ibet-tatem,
2401 4866 2562 4920 quam
2589 4852 2792 4906 homini
2811 4851 2954 4907 Dens
2983 4850 3246 4914 dedit,illi
3281 4854 3332 4906 in
3359 4857 3623 4922 pravitate

361 4947 585 5017 γνώμης
639 4942 1031 5013 ἀνεπίστροφοι
1099 4943 1469 5012 μεμενήκασι.
1516 4941 1824 5011 Φθέγγεται
1876 4944 1934 4995 δὲ

2063 4960 2146 4999 sua
2181 4945 2556 5000 immutabiles
2581 4945 2942 5012 perstiterint.
2978 4943 3088 4998 llos
3126 4945 3293 4999 etiam
3342 4962 3624 5002 sermones

357 5045 484 5104 τοὺς
553 5038 744 5106 λόγους
798 5038 828 5090 ὀ
884 5036 1190 5104 προφήτης,
1252 5035 1580 5105 ὑπεραλγῶν
1639 5034 1733 5088 τοῦ
1781 5033 1934 5101 λαοῦ,

2063 5051 2264 5090 nummo
2321 5051 2445 5090 cunt
2516 5037 2705 5090 dolore
2759 5036 3028 5106 l’rOpheta
3101 5038 3370 5100 enuntiat,
3438 5039 3623 5108 populi

357 5133 604 5185 οἴκτιστα
651 5133 744 5182 καὶ
774 5127 1110 5181 ἐλεεινότατα
1165 5126 1514 5190 πεπονθότος.
1551 5127 1620 5179 “Il
1653 5128 1748 5180 καὶ
1771 5143 1937 5196 προσ-

2063 5130 2216 5182 ἡσοιιι
2242 5130 2487 5198 plorans,
2520 5129 2612 5197 qui
2647 5130 2968 5195 gravissima
3004 5132 3253 5197 qna-dam
3300 5147 3362 5184 ac
3398 5131 3622 5187 misera-

356 5222 492 5291 ὠπῳ
555 5220 663 5272 τῶν
711 5218 1094 5288 συνετωτέρων
1149 5216 1320 5268 ταῦτα
1392 5217 1578 5284 φησίν.
1649 5217 1764 5269 Οὐκ
1813 5215 1936 5270 εἶπε

2063 5221 2176 5275 )ilia
2215 5236 2412 5288 passus
2467 5229 2606 5275 erat.
2638 5220 2942 5275 Possumus
2977 5221 3133 5274 aliter
3168 5221 3470 5290 intelligere
3511 5222 3625 5277 lucc.

354 5315 412 5366 δὲ
452 5312 695 5366 Ἀπώσω
721 5311 904 5379 μόνον,
931 5309 1068 5364 ἀλλὰ.
1101 5309 1196 5361 καὶ
1221 5310 1326 5372 Είς
1352 5308 1527 5373 τέλος
1553 5325 1567 5336 ⁸
1611 5309 1639 5360 ὃ
1663 5311 1764 5378 τὴν
1799 5327 1934 5362 παν-

2067 5315 2219 5378 orba,
2252 5323 2312 5368 ut
2341 5331 2402 5368 ex
2432 5315 2845 5383 prudentiorum
2870 5311 3184 5365 Judzmrntn
3222 5329 3452 5379 persona
3471 5311 3619 5366 dicta

355 5405 485 5475 τελῆ
517 5405 722 5456 τούτων
761 5401 1145 5472 ἐγκαταλείψω
1177 5402 1349 5472 δηλοί’
1394 5404 1659 5470 πρότερον
1693 5404 1794 5470 μὲν
1823 5407 1932 5471 γὰρ

2066 5408 2144 5459 int
2193 5428 2206 5461 :
2246 5423 2345 5460 nec
2385 5414 2596 5459 tantum
2653 5404 2932 5475 Rvpulisti.
2975 5406 3131 5468 dicit,
3168 5405 3258 5458 scd
3330 5405 3393 5455 In
3462 5408 3612 5457 ﬁnem

358 5497 634 5550 ἁπωθεῐτο
662 5498 881 5559 αὐτοὺς,
912 5497 1010 5548 οὐκ
1050 5495 1132 5557 είς
1171 5495 1322 5556 τέλος
1379 5494 1460 5553 δὲ,
1507 5495 1643 5546 ἀλλὰ
1687 5495 1776 5548 διὰ
1827 5495 1934 5546 τῶν

2065 5500 2302 5568 cpulisli,
2338 5498 2482 5566 quod
2514 5497 2885 5549 onmitnodam
2924 5512 3150 5566 prorsus
3182 5497 3614 5549 destructionem

360 5591 655 5661 προφητῶν
686 5590 877 5659 χρόνον
904 5587 1066 5658 ῥητὸν
1099 5587 1298 5660 ὥριζεν
1333 5588 1538 5658 ἑκάστῃ
1572 5587 1778 5640 τούτων
1807 5590 1932 5660 αίχο

2070 5594 2330 5663 ignilii-at.
2359 5590 2494 5645 Nam
2529 5591 2632 5646 etsi
2683 5592 2836 5658 prius
2877 5605 2973 5645 eos
3008 5605 3148 5659 saepe
3172 5591 3469 5659 repulerat,
3506 5606 3614 5645 non

366 5682 635 5754 μαλωσίςι.
686 5683 761 5735 Τὸ
805 5683 872 5746 δ’,
906 5682 1031 5735 Ἵνα
1064 5681 1139 5745 τί,
1172 5682 1319 5734 δοκεῖ
1372 5679 1470 5748 μὲν
1518 5681 1810 5733 πεπτικὸν
1859 5678 1936 5732 εἴ.

2063 5699 2220 5736 anmn
2255 5689 2310 5736 in
2338 5684 2518 5738 linem.
2550 5679 2857 5748 Unicuique
2886 5681 3030 5734 enim
3060 5681 3363 5749 captivitati
3400 5694 3611 5736 certum

1686 5776 1883 5836 Varia)
1922 5775 2248 5838 lectiones.

434 5879 548 5948 (71)
578 5877 782 5948 Repete
809 5877 1012 5940 ἀγαθόν
1046 5877 1186 5932 ἐστι.
