4082 6264
401 271 509 334 759

1642 267 2033 328 lﬂUTilYMll
2077 267 2443 326 ZlGAlSENI

3557 259 3672 324 760

474 378 739 433 zEstatem
772 386 820 430 et
869 393 954 429 ver
1007 385 1058 428 tu
1102 375 1385 443 plasmasti
1440 391 1522 427 ea.
1586 375 1790 428 Harum
1833 373 1976 427 enim

2157 376 2335 445 Θέρος
2369 376 2467 428 καὶ
2498 375 2605 443 ἔαρ
2673 373 2753 427 σὺ
2798 371 3078 437 ἔπλασας
3108 371 3279 424 αὐτά.
3322 368 3541 425 Τούτων
3566 372 3673 440 γὰρ

404 475 622 541 frugum
652 471 768 525 alia:
787 486 911 525 vere
935 480 1264 531 nascuntur,
1289 468 1408 523 alia:
1434 476 1641 532 aestate,
1665 468 1784 521 alia)
1815 467 1979 520 etiam

402 562 528 630 ipsa
586 570 774 615 testate
826 559 1205 629 perﬁciuntur.
1266 558 1472 612 llarum
1511 566 1694 612 autem
1744 558 1983 611 duarum

404 652 534 706 anni
565 654 802 722 partium
837 661 1049 706 tantum
1078 652 1351 715 meminit,
1381 651 1541 719 quasi
1572 665 1697 703 cum
1741 649 1829 703 his
1861 648 1984 702 alia;

404 744 568 798 simul
592 744 1149 815 comprehendantur.
1179 742 1355 800 Dietio
1384 752 1588 808 autem,
1614 758 1697 806 ea,
1720 740 1984 796 abundat.

406 838 503 891 Vel
554 839 635 893 sic
692 840 791 907 legi
844 847 1073 909 potest:
1112 836 1192 890 Tu
1252 836 1545 907 plasmasti
1590 851 1679 899 ea,
1737 840 1983 887 aestatem

405 932 701 995 nimirum,
766 940 820 987 et
880 947 996 984 ver.
1058 930 1440 985 [indifferenter
1490 928 1657 983 etiam
1715 933 1984 989 aestatem,

406 1024 729 1093 priusquam
764 1039 857 1077 ver
896 1024 1367 1078 commemoravit.

486 1112 645 1167 Vens.
686 1114 771 1167 18.
806 1113 1003 1167 Memor
1030 1125 1140 1168 esto
1173 1114 1351 1181 hujus.
1387 1115 1444 1167 lu
1486 1114 1761 1183 principio
1786 1116 1984 1186 psalmi

407 1205 545 1260 dixit
574 1226 587 1260 :
624 1205 883 1259 Memento
910 1208 1325 1275 congregationis
1361 1218 1377 1257 t
1420 1223 1483 1268 ω,
1509 1224 1668 1271 quam
1702 1207 1987 1275 possedisti

410 1299 475 1351 ab
518 1300 713 1360 initio;
750 1297 887 1352 ide-n
924 1299 1090 1368 igitur
1128 1314 1271 1350 nunc
1305 1298 1526 1365 repetit.

480 1387 738 1443 Inimicus
771 1388 1107 1456 exprobravit
1160 1388 1463 1441 Dominum.
1505 1386 1663 1443 Titus
1701 1388 1984 1454 nimirum,

408 1482 495 1537 vel
527 1481 906 1536 Romanorum
936 1482 1232 1534 exercitus.

479 1573 549 1629 Et
588 1577 813 1643 populus
868 1576 1117 1641 insipiens
1167 1574 1393 1627 irritavit
1448 1592 1633 1630 nomen
1686 1586 1859 1632 luunt.
1916 1579 1989 1635 De

412 1668 621 1726 eisdem
690 1684 887 1723 rursus
950 1667 1215 1735 loquitur,
1274 1666 1366 1736 qui
1426 1681 1536 1720 non
1598 1679 1745 1724 recte
1778 1671 1843 1724 de
1878 1669 1989 1726 Deo

2088 468 2195 521 τῶν
2247 466 2468 535 ὡραίων
2523 465 2583 518 τὸ
2638 468 2737 536 μὲν
2786 465 2885 535 ἔαρ
2934 463 3275 533 γεννητικὸν,
3310 464 3371 516 τὸ
3402 464 3462 518 δὲ
3514 462 3675 535 θέρος

2086 558 2452 612 τελειωτικόν.
2485 559 2575 610 Διὸ
2605 558 2699 610 καὶ
2740 558 2850 610 τῶν
2878 554 2971 609 δύο
3022 556 3186 626 μόνον
3235 556 3393 625 ὡρῶν
3446 555 3541 607 τοῦ
3596 556 3674 609 ἐν·

2091 650 2277 704 ιαυτοῢ
2327 650 2727 721 ἐμνημόνευσε,
2774 648 2886 701 τῶν
2919 648 3097 703 ἄλλων
3142 648 3238 702 δύο
3286 648 3676 719 συμπεριλαμ-

2088 743 2406 813 6ανομένων
2435 746 2667 807 τούτοις,
2701 743 2777 804 ὡς
2808 741 2992 815 μερῶν
3016 742 3184 796 αὑτοῦ
3216 742 3309 795 καὶ
3354 741 3558 795 αὐτῶν.
3603 742 3676 795 Τὸ

2087 842 2144 894 δὲ
2173 838 2341 903 Aura,
2368 838 2643 905 παρέλκον
2674 854 2686 867 ·
2710 837 2793 908 εἴη
2816 837 2863 890 δ’
2884 837 2949 890 ἂν
2991 837 3024 907 ἡ
3051 834 3303 902 σύνταξις
3337 835 3431 889 καὶ
3465 834 3638 898 οὕτως
3660 851 3672 863 ο

2088 935 2160 986 Σὺ
2196 932 2440 995 ἔπλασας
2468 932 2629 996 αὐτὰ,
2663 931 2723 983 τὺ
2750 930 2909 1000 θέρος
2937 929 3033 982 καὶ
3070 928 3131 981 τὸ
3183 927 3305 999 ἔαρ.
3334 928 3679 997 Ἀδιαφορως

2089 1026 2144 1079 δὲ
2172 1027 2390 1097 πρῶτον
2416 1025 2576 1090 ἔταξε
2611 1025 2671 1077 τὸ
2696 1024 2878 1093 θέρος.

2162 1118 2480 1186 Μνήσθητι
2526 1116 2772 1184 ταύτης.
2807 1113 2901 1168 Ἐν
2944 1114 3259 1186 προοιμίοις
3313 1112 3408 1167 τοῦ
3460 1112 3679 1183 ψαλμοῦ

2092 1210 2265 1261 εἰπὶιν
2302 1227 2313 1239 ·
2347 1210 2660 1278 Μνήσθητι
2702 1206 2811 1276 τῆς
2835 1204 3201 1277 συναγωγῆς
3226 1222 3345 1260 σου
3374 1200 3449 1275 ἧς
3508 1205 3681 1271 ἐκτή-

2092 1320 2180 1355 σω
2218 1301 2319 1355 ἀπ’
2346 1300 2562 1369 ἀρχῆς,
2589 1300 2649 1351 τὸ
2675 1297 2809 1353 αὐτὸ
2840 1299 2933 1352 καὶ
2961 1299 3057 1351 νῦν
3088 1296 3448 1351 ὲπανέλαῦεν.

2174 1398 2422 1465 Ἐχθρὸς
2476 1394 2751 1449 ὠνείδισε
2796 1396 2903 1447 τὸν
2971 1393 3216 1460 Κύριον.
3255 1389 3316 1445 'O
3366 1390 3546 1453 Τίτος,
3586 1388 3679 1459 ἢὸ

2109 1489 2399 1558 Ῥωμαίων
2429 1488 2681 1558 στρατός.

2166 1582 2275 1636 Καὶ
2308 1582 2462 1647 λαὸς
2485 1580 2693 1651 ἄφρων
2718 1578 3037 1650 παρώξυνε
3057 1576 3124 1630 τὸ
3148 1576 3337 1646 ὄνομά
3365 1592 3504 1629 σου.
3543 1574 3683 1638 Τοίρς

2096 1673 2295 1734 αὐτοὺς
2354 1673 2519 1726 πάλιν
2553 1672 2705 1740 λέγει
2758 1670 2833 1741 μὴ
2874 1667 3209 1741 φρονοῦντας
3262 1668 3390 1736 περὶ
3428 1666 3564 1719 Θεοῦ
3597 1666 3685 1736 ὀρ-

406 1762 740 1817 sentiebant.
781 1760 856 1812 De
905 1758 1111 1824 verbo,
1176 1755 1413 1810 lrritavit
1447 1799 1463 1823 ,
1528 1759 1767 1813 diximus
1830 1761 1989 1830 paulo

2098 1763 2225 1825 θῶς.
2255 1766 2393 1835 Περὶ
2428 1764 2484 1818 δὲ
2515 1763 2610 1816 τοῦ
2631 1736 2972 1833 ⁷Ποιρὡξξυνιε
3016 1759 3216 1831 μικρὸν
3254 1758 3515 1828 ἀνωτέρω
3544 1773 3683 1827 προ-

407 1865 689 1922 superius.

482 1944 649 1999 Vens.
686 1943 772 1997 19.
809 1943 891 1997 Ne
924 1944 1107 1998 tradas
1164 1944 1292 2013 [eris
1350 1946 1587 1997 animam
1656 1948 1989 2016 confitentem

410 2034 529 2090 tibi.
559 2034 873 2088 Prtevidens
918 2033 1185 2104 Pr0pheta
1225 2050 1287 2089 ea
1322 2050 1443 2103 quae
1473 2032 1679 2091 Judreis
1715 2046 1983 2093 eventura

406 2137 587 2189 erant,
631 2124 809 2179 fundit
836 2142 1027 2195 preces
1059 2125 1124 2178 ad
1151 2125 1343 2189 Deum,
1374 2141 1440 2180 ne
1469 2123 1787 2181 Iudaeorum
1822 2145 1991 2198 popu-

406 2217 519 2270 lum
568 2217 621 2271 in
677 2216 1051 2272 Romanorum
1093 2228 1418 2287 potestatem
1476 2221 1678 2281 tradat,
1734 2236 1872 2290 quos
1922 2225 1993 2278 ob

406 2324 677 2362 summam
704 2310 967 2363 saevitiam
997 2309 1140 2364 feras
1172 2311 1433 2379 appellat.
1462 2309 1564 2364 Per
1596 2313 1835 2365 ani-.nam
1863 2327 1993 2367 vero

406 2399 693 2453 hominem
747 2400 1018 2469 intelligit,
1056 2405 1224 2455 veluti
1254 2411 1429 2455 totum
1467 2417 1495 2455 a
1535 2413 1713 2471 parte,
1768 2415 1827 2458 ut
1863 2407 1991 2460 alibi

406 2492 669 2545 diximus.
702 2492 1049 2559 Conﬁtentem
1088 2498 1295 2558 autem‘,
1328 2496 1429 2548 hoc
1452 2503 1557 2559 est,
1587 2497 1795 2564 gratias
1822 2513 1988 2567 agen-

404 2593 537 2637 tem.

477 2673 549 2728 Et
580 2678 789 2731 animas
820 2693 1111 2747 pauperum
1167 2690 1378 2732 tuorum
1437 2696 1497 2733 ne
1555 2680 1885 2735 obliviscaris
1937 2685 1993 2734 in

406 2769 583 2837 ﬁnem.
614 2769 992 2826 Iudiﬂ‘ereuter
1016 2771 1289 2841 Propheta
1320 2783 1581 2842 quartum
1610 2783 1773 2844 atque
1793 2790 1995 2829 secun-

404 2864 537 2913 dum
580 2876 777 2916 casum
847 2864 1075 2932 apponit
1133 2864 1298 2918 verbo
1358 2863 1714 2919 Oblivisceris
1752 2883 1770 2919 :
1809 2874 1864 2921 et
1898 2882 1994 2937 per

406 2954 622 3007 animas
657 2967 961 3022 pauperum
999 2955 1504 3024 circumloquendo
1537 2957 1686 3024 ipsos
1716 2972 1992 3026 pauperes

2097 1857 2145 1909 εί
2154 1872 2340 1926 ρηται.

2168 1949 2265 2016 Μὴ
2294 1946 2578 2017 παραδῷς
2602 1946 2726 2013 τοῖς
2770 1948 2995 2015 θηρίοις
3044 1942 3260 2013 ψυχὴν
3281 1942 3683 2011 ἐξομολογου-

2093 2040 2288 2110 μένην
2350 2055 2446 2094 σε.
2486 2039 2869 2111 Προεωρακὼς
2896 2040 2964 2091 τὰ
2998 2037 3139 2091 κατά
3183 2034 3291 2089 τῶν
3344 2033 3618 2087 Ἰουδαίων
3656 2033 3688 2083 ὁ

2100 2135 2418 2205 Προφήτης,
2482 2131 2718 2186 ἱκετεύει
2779 2129 2855 2201 μὴ
2901 2127 3277 2200 παραδοθῆναι
3325 2125 3525 2188 αὐτοὺς
3572 2123 3687 2186 τοῖς

2109 2224 2439 2294 Ῥωμαίοις·
2492 2222 2588 2287 οὓς
2647 2222 2815 2292 θηρία
2865 2220 3024 2273 καλεῖ
3080 2219 3172 2272 διὰ
3217 2218 3319 2288 τὴν
3385 2215 3689 2283 ἀγριότητα

2098 2319 2195 2372 καὶ
2232 2317 2657 2387 ἀπανθρωπίαν.
2703 2314 2840 2368 Ἀπὸ
2859 2315 2955 2382 τῆς
2988 2312 3169 2382 ψυχῆς
3193 2310 3251 2363 δὲ
3280 2309 3372 2362 τὸν
3402 2308 3690 2377 ἄνθρωπον

2098 2414 2395 2485 ἐδήλωσεν,
2433 2412 2507 2474 ὡς
2528 2410 2639 2463 ἀπὸ
2672 2409 2873 2479 μέρους
2894 2407 2954 2460 τὸ
2978 2407 3109 2469 πᾶν,
3142 2403 3327 2466 καθὼς
3355 2402 3692 2471 προειρήκα-

2100 2523 2222 2575 μεν.
2251 2501 2855 2574 Ἐιῖομολοτουμένην
2876 2500 2954 2561 δὲ,
2978 2496 3101 2549 ἀντὶ
3117 2495 3234 2562 τοῦ,
3256 2491 3689 2565 εὐχαριστοῦσάν

2098 2615 2207 2653 σοι.

2173 2695 2285 2755 Τὰς
2335 2687 2542 2757 Ψυχὰς
2588 2684 2709 2739 τῶν
2736 2683 3017 2750 πενήτων
3048 2697 3164 2735 σου
3190 2678 3275 2747 μὴ
3312 2674 3571 2741 ἐπιλάϐῃ
3604 2675 3691 2739 εὶς

2098 2785 2295 2849 τέλος.
2343 2781 2665 2848 Ἀδιάφορον
2707 2776 2768 2827 τὸ
2799 2774 2889 2844 Μὴ
2928 2772 3188 2842 ἐπιλάϐῃ.
3242 2768 3359 2835 Τὰς
3395 2769 3451 2821 δὲ
3487 2764 3691 2836 ψυχὰς

2097 2876 2218 2931 τῶν
2240 2872 2540 2939 πενήτων,
2594 2870 2715 2923 ἀντὶ
2747 2866 2868 2930 τοῦ,
2899 2865 3041 2927 Τοὺς
3078 2862 3319 2930 πένητας
3373 2877 3490 2927 σου,
3528 2874 3688 2927 περι-

2100 2962 2494 3037 φραστικῶς,ἢ
2520 2961 2614 3013 καὶ
2652 2956 3112 3023 ὲλεεινολογικῶς.
3135 2954 3377 3023 Πένητας
3414 2951 3469 3005 δὲ
3494 2951 3693 3011 αὐτοὺς

405 3045 681 3115 intelligit.
716 3046 1021 3117 Pauper-um
1052 3063 1181 3101 vero
1239 3048 1453 3103 animas
1487 3050 1645 3114 dixit,
1707 3061 1767 3104 ut
1804 3052 1989 3120 hujus-

2103 3060 2268 3113 πάλιν
2293 3056 2451 3110 καλεῖ
2474 3055 2604 3115 τοὺς
2637 3050 2948 3111 Ἰουδαίους.
2973 3047 3048 3111 ὼς
3069 3046 3369 3116 τηνικαῦτα
3404 3043 3485 3106 είς
3512 3043 3693 3095 πᾶσαν

406 3138 554 3191 modi
609 3154 865 3194 sermone
905 3139 970 3193 ad
1016 3142 1278 3209 majorem
1340 3141 1508 3196 Deum
1558 3143 1991 3199 misericordiam

405 3229 689 3282 excitaret.
722 3228 952 3284 Eosdem
985 3234 1150 3284 etiam
1171 3229 1397 3287 Judteos
1425 3248 1700 3301 pauperes
1731 3235 1991 3303 appellat,

404 3336 473 3373 eo
530 3323 675 3389 quod
720 3325 791 3375 ob
834 3320 1214 3377 Romanorum
1270 3324 1612 3381 obsidionem
1665 3328 1719 3381 in
1777 3344 1994 3382 summa

405 3426 564 3467 (δι-λιιι
606 3430 786 3468 rerum
824 3416 1069 3469 omnium
1108 3418 1436 3471 necessitate
1463 3416 1775 3474 οτηιδιὶιιιιὶ.

479 3504 626 3562 Vens
675 3508 765 3562 20.
816 3508 1032 3576 Respice
1065 3509 1116 3560 in
1154 3518 1534 3562 testamentum
1588 3521 1758 3563 tuum.
1791 3508 1994 3581 (Dietio

407 3596 595 3651 Graeca
623 3601 856 3669 διαθήκη
883 3609 935 3654 et
959 3609 1337 3653 testamentum
1372 3600 1652 3669 significat
1688 3611 1742 3656 et
1772 3611 1991 3669 pactum

406 3706 504 3743 seu
540 3691 759 3760 κατίοι.)
800 3692 875 3745 De
906 3703 1068 3762 pacto
1116 3692 1286 3760 igitur
1310 3691 1579 3758 loquitur,
1609 3694 1753 3760 quod
1787 3696 1994 3764 pepigit

412 3786 557 3836 Deus
584 3800 707 3836 cum
746 3786 1047 3845 Abraham,
1083 3793 1139 3836 et
1173 3798 1297 3835 cum
1341 3782 1468 3836 aliis
1526 3784 1992 3853 progenitoribus,

412 3877 880 3944 quemadmodum
945 3878 1001 3930 in
1060 3874 1391 3945 praecedenti
1460 3878 1673 3943 psalmo
1726 3868 1991 3945 diximus,

2106 3153 2315 3206 ἔνδειαν
2349 3149 2454 3201 ὑπὸ
2488 3148 2589 3215 τῆς
2619 3143 2820 3209 ἔξωθεν
2860 3140 3183 3211 πολιορκίας
3224 3138 3333 3191 τῶν
3364 3132 3689 3205 παρακαθη-

2110 3247 2291 3317 μένων
2314 3240 2525 3314 ἐχθρῶν
2550 3236 3090 3306 καταστησομένους.

2178 3510 2544 3576 Ἐπίϐλεψον
2589 3507 2679 3570 εις
2717 3501 2836 3571 τὴν
2864 3498 3168 3568 διαθήκην
3203 3512 3344 3551 σου.
3378 3495 3482 3547 Ἢν
3511 3492 3692 3545 διέθου

2106 3603 2185 3674 τῷ
2224 3600 2485 3670 Ἀϐραὰμ
2518 3597 2751 3657 καὶτοῖς
2773 3592 3061 3666 προγόνοις
3097 3590 3253 3659 ἡμῶν
3279 3605 3293 3617 ·
3326 3586 3402 3648 ὡς
3432 3583 3575 3674 κατά
3602 3584 3693 3674 τὸν

2107 3672 2451 3763 προλαϐόντα
2494 3688 2709 3758 ψαλμὸν
2769 3686 2827 3738 ὲν
2880 3682 2992 3752 τῷ,
3042 3679 3192 3735 Ἰδοὺ
3257 3676 3330 3744 τῇ
3375 3672 3553 3745 γενεᾷ
3576 3672 3692 3726 τῶν

2105 3784 2252 3840 υὶῶν
2286 3798 2403 3837 σου
2451 3779 2491 3833 ἁ
2515 3775 2921 3845 συντέθηκας,
2964 3769 3397 3844 προδιελάσομεν
3427 3784 3440 3797 ’
3474 3764 3570 3819 καὶ
3617 3764 3692 3833 μὴ

2103 3878 2343 3948 παρίδῃς
2379 3874 2610 3942 ταύτην.

411 3971 530 4025 ibi:
574 3973 706 4025 Ecce
731 3972 1057 4039 generationi
1098 3970 1328 4035 ﬁliorum
1371 3981 1581 4023 tuorum
1605 3972 1804 4040 fwdera
1835 3975 2055 4043 rnpisti.
2092 3971 2214 4029 Noli
2249 3972 2418 4043 igitur
2455 3978 2639 4040 pacta,
2704 3979 2827 4036 quae
2898 3962 3186 4017 nobiscum
3258 3957 3449 4019 habes,
3511 3950 3688 4018 despi-

406 4081 553 4121 cere.

482 4155 745 4219 Quoniam
808 4156 1077 4208 obs-curati
1122 4166 1297 4219 ter-rte,
1360 4156 1547 4225 repleti
1590 4167 1709 4210 sunt
1745 4156 1993 4211 domibus

2180 4157 2310 4209 Ὀτι
2352 4149 2797 4218 ἐπληρώθησαν
2856 4147 2910 4197 οι
2958 4138 3380 4207 ἐσκοτωμένοι.
3419 4134 3531 4200 τῆς
3582 4131 3691 4202 τῆς

412 4249 777 4317 iniquitatum.
812 4247 1079 4314 Quoniam
1116 4250 1318 4304 terreni
1354 4251 1602 4302 homines
1631 4249 1827 4313 Judaei,
1857 4264 1989 4317 quos

2104 4247 2292 4302 οῑκων
2362 4238 2653 4311 ἀνομιῶν.
2729 4238 2853 4290 Ὀτι
2900 4235 2969 4287 τὰ
3012 4232 3377 4299 ἐσκοτισμένα
3434 4228 3691 4296 κτήματα

417 4337 725 4391 obscuratos
762 4349 916 4392 (ενι-ω
946 4340 1266 4407 appellavit,
1299 4338 1464 4391 veluti
1505 4341 1746 4408 prppriis
1777 4340 1989 4409 passio-

2103 4340 2198 4407 τῆς
2228 4338 2545 4406 γῆς,εῖτουν
2560 4334 2611 4386 οἱ
2647 4330 2886 4384 Ἰουδαῖοι
2917 4328 3260 4395 ὲκοτισμένοι
3294 4324 3407 4384 τοῖς
3439 4320 3689 4381 πάθεσιν,

409 4429 578 4484 nibus
613 4440 776 4501 atque
811 4432 1101 4486 all‘eetibus
1137 4432 1548 4493 oblenebratos,
1602 4432 1811 4501 impleti
1862 4442 1989 4487 sunt

2098 4428 2496 4501 ὲπληρώθησαν
2572 4424 2737 4477 οἴκων
2781 4420 3064 4490 ἀνομιῶν·
3114 4416 3383 4476 τουτέστι,
3450 4411 3689 4482 πλήθους

411 4524 664 4578 domibus
686 4522 1057 4593 iniquitatium,
1086 4530 1188 4578 hoe
1218 4534 1325 4585 est,
1356 4500 1701 4577 multitudine
1742 4538 1804 4576 ac
1838 4525 1989 4593 copia

2098 4520 2355 4590 ἀνομιῶν.
2403 4517 2476 4569 Τὸ
2527 4515 2635 4585 γὰρ
2683 4513 2885 4575 οἴκων,
2940 4512 3063 4563 ἀντὶ
3093 4508 3189 4561 τοῦ
3216 4506 3455 4575 πλήθους
3474 4500 3684 4593 ἔλασεν,

409 4613 762 4669 delictorum.
821 4615 1172 4683 luit/uitatum
1235 4616 1379 4669 enim
1441 4616 1625 4666 domos
1694 4615 1782 4667 hic
1833 4614 1989 4675 dixit,

2098 4614 2171 4675 ὡς
2232 4612 2453 4682 μέτρον·
2509 4607 2763 4676 καθάπερ
2823 4606 2911 4659 ὅτε
2973 4601 3211 4671 δηλῶσαι
3271 4596 3475 4665 πλῆθος
3539 4592 3685 4644 σίτου

410 4709 568 4775 quasi
600 4709 834 4779 amplam
876 4710 1167 4779 quamdam
1198 4725 1513 4763 mensuram
1549 4728 1561 4762 :
1598 4709 1664 4761 ad
1700 4725 1972 4763 summam

2098 4709 2333 4772 ié).ovrs¢
2364 4707 2593 4775 λέγομεν
2616 4721 2628 4733 ·
2679 4703 2737 4756 '0
2767 4702 2919 4754 δεῖνα
2952 4698 3064 4768 ἔχει
3092 4697 3277 4757 οἴκους
3310 4698 3481 4746 σίτου.

410 4803 667 4859 videlicet
698 4805 912 4871 c0piam
941 4803 1331 4857 denotandam.
1379 4802 1557 4856 Simili
1625 4805 1770 4856 enim
1838 4804 2089 4873 loquendi
2130 4804 2289 4857 modo
2337 4802 2413 4857 uti
2470 4802 2732 4861 solemus,
2768 4798 2987 4866 quando
3029 4795 3264 4862 aliquem
3329 4790 3546 4853 frugum
3596 4793 3688 4840 ant

410 4898 642 4955 alterius
686 4900 801 4969 rei,
839 4899 1053 4967 copiam
1114 4899 1316 4954 habere
1370 4899 1704 4963 indit-anius,
1766 4898 1916 4953 verbi
1965 4901 2140 4969 gratia
2180 4917 2193 4951 :
2230 4901 2328 4952 Ille
2362 4899 2558 4951 domos
2592 4894 2854 4948 frumenti
2918 4890 3075 4944 habet
3110 4891 3242 4959 (aut
3286 4887 3484 4941 domos
3523 4884 3684 4952 olei).

487 4995 653 5053 Vens.
685 4967 939 5049 ‘21..Non
967 5004 1310 5048 convertatur
1365 4996 1684 5049 humiliatus
1713 4995 1991 5062 confusus.

412 5090 587 5153 Tuus,
624 5089 818 5158 inquit,
859 5089 1117 5159 pepulus,
1152 5089 1245 5156 qui
1276 5089 1329 5142 in
1368 5092 1468 5143 hoc
1503 5089 1815 5143 obsidionis
1852 5099 1992 5142 tem-

412 5198 546 5253 pore
572 5179 676 5234 tibi
710 5180 1149 5248 supplicationes
1204 5181 1458 5249 porrigit,
1521 5197 1629 5235 non
1689 5190 1992 5245 avertatur,

414 5291 619 5344 quaso,
657 5275 759 5327 ate
797 5274 1147 5336 humiliatus,
1178 5275 1230 5345 et
1257 5273 1550 5336 confusus,
1585 5274 1715 5325 dum
1750 5288 1858 5325 non
1898 5287 1994 5326 ex—

416 5366 655 5421 auduur.

499 5457 654 5526 Inops
694 5468 742 5510 et
766 5476 963 5525 pauper
998 5459 1295 5511 laudabunt
1328 5474 1516 5510 nomen
1549 5468 1719 5509 tuum.
1757 5454 1997 5524 Populus

417 5552 482 5600 de
519 5564 628 5616 quo
673 5565 837 5618 supra
889 5548 1152 5611 diximus,
1185 5549 1256 5601 ibi
1297 5569 1305 5600 ;
1351 5548 1419 5601 Et
1452 5547 1662 5599 animus
1700 5562 1997 5613 pauperum

421 5655 628 5692 tuorum
671 5658 734 5693 ne
767 5641 1100 5693 obliviscaris
1169 5645 1223 5693 in
1285 5641 1466 5706 ﬁnem.
1529 5638 1725 5701 Judagi,
1790 5639 1995 5707 inquit,

424 5742 688 5802 perpetuo
720 5734 1020 5788 laudabunt
1052 5744 1106 5785 te
1162 5734 1210 5787 si
1259 5747 1352 5788 eos
1393 5732 1717 5797 salraveris,
1750 5746 1861 5785 non
1910 5732 1989 5787 sic

424 5832 604 5881 autem
648 5826 880 5880 inimici.

2174 4994 2269 5061 Μὴ
2301 4992 2749 5061 ἀποστραρήτω
2791 4982 3298 5050 τεταπεινωμένος
3333 4994 3689 5048 κατῃσχυμ-

2101 5087 2305 5153 μένος.
2347 5087 2406 5137 Ὀ
2439 5084 2583 5138 κατᾶ
2607 5084 2698 5135 τὸν
2728 5078 2921 5149 καιρὸν
2945 5078 3045 5145 τῆς
3079 5073 3399 5145 πολιορκίας
3426 5088 3688 5141 «apart:-

2106 5180 2212 5231 λῶν
2248 5196 2305 5230 σε
2329 5178 2457 5239 λαός
2479 5195 2491 5205 '
2520 5172 2994 5241 τεταπεινωμένος
3017 5169 3071 5219 δὲ
3105 5168 3197 5219 καὶ
3224 5164 3689 5236 κατῃσχυμμένος

2109 5274 2164 5324 ὲν
2191 5273 2264 5342 μὴ
2292 5268 2695 5323 εἰσακούεσθαι.

2178 5455 2420 5522 Πτωχὸς
2473 5453 2573 5505 καὶ
2616 5449 2806 5514 πένης
2851 5446 3166 5501 αίνέσουσι
3208 5439 3508 5507 τό,ὄνομά
3542 5456 3679 5494 σου.

2120 5548 2177 5599 Ὀ
2205 5545 2465 5611 δηλωηεὶς
2494 5546 2522 5596 ὁ
2555 5543 2683 5603 λαός
2717 5557 2836 5604 σου,
2864 5538 2940 5601 ὡς
2973 5535 3235 5605 ἀνωτέρω
3267 5531 3465 5602 μικρὸν
3493 5533 3554 5583 ὲν
3584 5530 3684 5597 τῷ,

2113 5644 2221 5705 Τὰς
2238 5640 2442 5707 ψυχὰς
2458 5636 2572 5690 τῶν
2585 5633 2861 5699 πενήτων
2877 5650 3013 5695 σου,
3031 5628 3331 5698 προείρηκα
3342 5641 3460 5686 μεν.
3479 5624 3545 5678 Οἱ
3559 5623 3689 5678 Ἰου-

2097 5734 2256 5800 δαῖοι,
2280 5732 2471 5802 φησιν,
2500 5730 2775 5783 αἱνέσουσι
2795 5724 3081 5786 σωθέντες,
3105 5723 3199 5778 καὶ
3219 5723 3317 5793 οὐχ
3338 5722 3386 5777 οἱ
3409 5718 3685 5789 πολέμιοι.
