4162 6288
373 274 472 340 761

1565 279 1960 338 COMMENT.
2005 277 2077 336 ΙΝ
2128 281 2496 339 ΡΞᾹΗῙΠΞ.

3531 274 3642 335 762

436 398 717 465 Ἀνάστα,
750 399 784 452 ὸ
808 397 976 465 Θεὸς,
997 397 1256 452 δίκασον
1284 397 1395 464 τὴν
1426 397 1602 465 δίκην
1632 415 1770 452 σου.
1817 397 1950 466 Δίκη

2130 400 2294 454 ὶέιιε.
2336 399 2426 451 9‘2.
2460 399 2724 467 [ἔχεαι-θα,
2768 399 2923 460 Πιῖιίε,
2975 399 3157 466 itit/ica
3195 413 3413 450 (ausum
3466 408 3632 448 ιυιιηι,

375 491 485 562 γὰρ
521 491 753 562 συνέστη
819 491 985 561 μέσον
1029 491 1124 543 σοῦ
1175 491 1409 545 καὶτῶν
1460 492 1692 562 ἐχθρῶν,
1739 492 1771 561 ἡ
1823 493 1951 559 περὶ

376 588 610 656 ὕϐρεως.
665 588 779 640 Οὐκ
828 587 988 656 ἤρκει
1034 585 1144 656 γὰρ
1197 585 1384 647 αὐτοῖς
1425 588 1455 654 ἡ
1503 583 1646 638 κατὰ
1687 585 1780 636 τοῦ
1820 582 1950 636 λαοῦ

378 682 566 750 μανία,
605 679 740 734 ἀλλὰ
769 681 995 750 προσέτι
1043 682 1138 732 καὶ
1177 679 1236 731 σὲ
1261 679 1563 745 διέϐαλλον,
1617 679 1692 740 ὡς
1722 675 1947 744 ἀσθενῆ.

373 776 445 829 Ἦ
476 776 569 830 καὶ
602 775 779 838 ἄλλως
802 787 814 801 ·
863 773 931 826 'll
954 774 1047 827 τοῦ
1084 773 1215 827 λαοῦ
1243 791 1336 826 σου
1376 773 1501 842 δίκη
1534 773 1600 842 σή
1634 771 1805 825 ἔστιν.

444 1041 759 1111 Μνήσθητι
806 1043 914 1098 τοῦ
965 1041 1310 1111 ὀνειδισμοῦ
1366 1058 1484 1099 σου
1529 1044 1635 1098 τοῦ
1686 1043 1949 1112 ἄφρονος

372 1136 526 1202 ὅλην
562 1137 678 1204 τὴν
707 1137 960 1206 ἡμέραν.
1027 1137 1273 1206 Ἀφρονα
1339 1138 1432 1190 τὸν
1458 1136 1620 1190 Τίτον
1643 1135 1741 1188 καὶ
1771 1136 1951 1188 πάντα

373 1232 718 1299 στρατιώτην
764 1229 931 1283 αὐτοῦ
986 1232 1161 1284 καλεῖ.
1194 1232 1306 1284 Καὶ
1329 1231 1590 1299 ἀνωτέρω
1614 1229 1670 1281 δὲ
1703 1230 1949 1297 εἴρηκεν,

368 1321 452 1374 ὅτι
482 1322 590 1375 Καὶ
625 1322 776 1387 λαὸς
806 1321 1014 1391 ἄφρων
1053 1322 1369 1390 παρώξυνε
1401 1323 1470 1375 τὸ
1494 1319 1684 1390 ὄνομά
1705 1337 1843 1374 σου.
1881 1349 1951 1358 --

377 1415 488 1469 Τοῦ
539 1416 890 1484 όνειδισμοῦ
943 1417 999 1470 δὲ
1043 1415 1138 1469 τοῦ
1197 1415 1352 1482 ὅλην
1385 1414 1500 1484 τὴν
1543 1414 1792 1483 ἡμέραν,
1828 1413 1951 1466 ἀντὶ

369 1509 463 1561 τοῦ
497 1510 608 1562 ’Δεὶ
639 1511 956 1580 γινομένου.

441 1599 539 1668 Μὴ
575 1601 836 1672 ἐπιλάϐῃ
863 1599 974 1668 τῆς
1002 1599 1208 1670 φωνῆς
1235 1600 1354 1654 τῶν
1375 1599 1624 1654 οἰκετῶν
1647 1615 1787 1654 σου.
1827 1597 1952 1652 Τῶν

369 1693 724 1747 ἱκετευόντων
765 1713 824 1746 σε
875 1695 1016 1748 κατὰ
1043 1695 1134 1748 τὸν
1183 1695 1375 1763 καιρὸν
1408 1696 1641 1753 ἐκεῖνον,
1680 1692 1757 1756 ὼς
1805 1692 1941 1763 ἔφη·

371 1805 491 1858 μεν.
514 1789 648 1841 Τινᾶ
704 1789 762 1842 δὲ
814 1789 922 1842 τῶν
973 1790 1350 1859 ἀντιγράφων,
1370 1786 1488 1842 τῶν
1537 1785 1754 1842 ἱκετῶν
1800 1802 1948 1852 σου,

368 1881 700 1949 γράφουσιν.

452 2152 516 2206 Ἡ
550 2153 930 2218 ὑπερηφανία
977 2148 1099 2206 τῶν
1141 2153 1488 2220 μισούντων
1529 2171 1604 2209 σε
1644 2155 1827 2221 ἀνέϐη
1857 2154 1957 2211 διὰ

373 2244 940 2310 ﬂando—Mrem],
975 2244 1262 2299 τουτέστιν
1287 2244 1499 2314 ὑψώθη,
1538 2245 1864 2318 ἐκορυφώθη
1884 2246 1954 2316 ’ἢ

371 2337 544 2406 ἀνέϐη
603 2338 838 2390 ἐνώπιόν
895 2356 1010 2393 σου.
1077 2340 1281 2392 Σκόπει
1317 2341 1374 2393 δὲ
1429 2341 1576 2403 ὅπως
1605 2341 1833 2409 οὐδεμία
1871 2357 1958 2403 τις

371 2431 597 2498 ἀγαθῶν
621 2431 928 2498 ἐπαγγελία
961 2432 1074 2493 τοῖς
1099 2433 1286 2501 ῥητοῖς
1317 2431 1528 2491 τούτοις
1560 2432 1954 2500 ὲπισυνῆπται,

373 2523 632 2592 καθάπερ
684 2524 769 2590 ἐφ’
798 2525 1008 2593 ἐτέρων
1044 2522 1299 2592 ψαλμῶν.
1341 2522 1487 2576 Ἀλλ’
1517 2524 1661 2576 οὕτω
1685 2524 1783 2592 μὲν
1811 2522 1956 2576 κατὰ

371 2614 474 2685 τὴν
539 2613 808 2685 Ἑϐραίων
873 2615 1124 2689 ἐκδοχὴν.
1183 2613 1577 2684 ’Δληθέστερον
1625 2615 1682 2667 δὲ
1727 2614 1794 2668 τὰ
1846 2615 1956 2668 ἀπὸ

372 2707 468 2760 τοῦ
496 2708 681 2776 στίχου
723 2706 815 2758 τοῦ
848 2705 1100 2772 λέγοντος
1121 2722 1134 2734 ·
1162 2705 1502 2776 Είργάσατο
1546 2706 1850 2774 σωτηρΙαν
1887 2706 1959 2760 ἐν

368 2801 540 2868 μέσῳ
566 2797 674 2864 τῆς
708 2795 839 2867 τῆς,
871 2798 968 2850 καὶ
1006 2798 1074 2850 τὰ
1124 2798 1273 2866 ἑξῆς,
1303 2800 1383 2860 είς
1434 2801 1524 2851 τὸν
1549 2799 1783 2868 Χριστὸν
1821 2798 1958 2850 ἀνά-

370 2908 583 2959 γονται.
609 2892 819 2952 Ὄντως
845 2893 954 2958 γὰρ
972 2891 1266 2961 εἰργάσατο
1281 2893 1577 2962 σωτηρίαν,
1604 2891 1958 2962 ὲνανθρωπή⁹

373 2998 495 3043 σας,
527 2979 624 3032 καὶ
678 2978 779 3046 τῆς
813 2978 1024 3050 πλάνης
1059 2980 1437 3051 ἐλευθερώσας
1473 2984 1647 3051 ἡμᾶς,
1697 2983 1790 3035 καὶ
1824 2983 1957 3035 ὕπο⁹

2059 494 2239 547 Causa
2274 503 2453 545 autem
2486 506 2606 560 qua:
2649 491 2964 544 vertebatur
3001 491 3145 544 inter
3208 490 3316 542 Dcu
3345 510 3400 550 n,
3434 498 3488 542 et
3527 491 3631 541 ini-

2061 590 2233 643 micos
2271 587 2569 648 Romanos,
2596 586 2662 639 de
2693 585 3024 639 contumelia
3049 595 3164 638 erat
3191 585 3240 636 in
3270 585 3435 636 Deum
3463 583 3635 636 illata.

2061 679 2247 749 Neque
2277 681 2422 734 enim
2459 678 2566 733 illis
2599 679 2734 733 satis
2763 678 2942 732 fuerat
2975 678 3159 731 furere
3209 676 3500 730 adversum
3537 691 3634 742 po-

2060 773 2272 841 pulum,
2304 771 2398 826 sed
2447 771 2618 825 Deum
2658 770 2883 839 insuper
2915 769 3219 831 inﬁrmum,
3262 776 3427 834 atque
3463 766 3636 818 imbe-

2062 866 2242 922 cillem
2295 863 2775 935 improperabant.
2811 862 2906 917 Vel
2940 863 3098 915 aliter
3139 879 3153 914 :
3184 865 3417 915 tiausam
3454 859 3636 928 p0puli

2062 962 2138 1012 lui
2166 961 2350 1014 dicere
2375 973 2664 1028 possumus
2681 972 2900 1010 causam
2937 965 3106 1008 tuam.

2126 1051 2334 1106 Memor
2370 1063 2490 1106 esto
2534 1050 2800 1120 opprobrii
2855 1049 2953 1111 tui,
2995 1049 3134 1116 quod
3175 1046 3241 1101 ab
3274 1047 3550 1109 insipiente
3576 1045 3636 1112 ﬁt

2062 1156 2172 1199 tota
2241 1146 2349 1199 die.
2417 1145 2522 1198 Per
2576 1142 2950 1214 insipientem,
3003 1140 3187 1194 Titum
3248 1138 3529 1206 intelligit,
3583 1147 3639 1191 et

2059 1237 2362 1304 quemlibet
2390 1250 2453 1289 ex
2494 1234 2758 1290 Romanis
2785 1234 3053 1287 militibus
3078 1274 3092 1296 ,
3116 1232 3278 1287 sieuti
3303 1239 3354 1282 et
3388 1230 3639 1298 superius

2059 1329 2196 1382 dixit
2234 1345 2248 1381 :
2286 1327 2348 1380 Et
2389 1328 2615 1396 populus
2652 1326 2906 1394 insipiens
2960 1325 3195 1378 irritavit
3247 1340 3430 1375 nomen
3465 1334 3634 1373 tuam.

2061 1420 2345 1489 Opprobrii
2379 1429 2558 1475 autem
2592 1421 2672 1472 tui
2723 1428 2830 1470 tota
2857 1418 2962 1482 die,
2990 1417 3089 1470 hoc
3115 1427 3215 1474 est,
3242 1419 3383 1468 uuod
3417 1414 3639 1469 assidue

2058 1514 2116 1567 ﬁt
2154 1514 2220 1566 ad
2233 1529 2420 1569 versus
2456 1520 2527 1565 te.

2127 1605 2295 1660 Vens.
2325 1606 2415 1659 93.
2461 1602 2544 1657 Ne
2584 1603 2909 1657 obliviscaris
2937 1619 3082 1656 voces
3111 1617 3377 1656 servorum
3405 1611 3637 1653 tuorum.

2055 1698 2160 1766 Qui
2196 1699 2290 1754 illo
2318 1706 2563 1767 tempore
2595 1697 2694 1750 tibi
2719 1712 2908 1765 preces
2944 1696 3245 1764 porrigent,
3281 1703 3337 1746 ut
3374 1693 3636 1747 diximus.

2057 1791 2314 1858 Quaedam
2345 1799 2527 1844 autem
2565 1789 2904 1858 exemplaria
2964 1804 3070 1842 non
3110 1801 3377 1840 seri-orum
3412 1783 3640 1844 habent,

2057 1883 2153 1941 sed
2182 1882 2500 1952 supplicium
2558 1880 2699 1950 (orta
2759 1879 3020 1934 nimirum
3070 1879 3326 1934 lectionis
3382 1877 3642 1930 varietate

2057 1975 2129 2031 ob
2161 1972 2476 2029 Graecarum
2503 1970 2803 2025 dictionum
2842 1969 3206 2034 vicinitatem,
3249 1983 3413 2038 quam
3441 1977 3554 2018 tum
3585 1967 3638 2018 in

2057 2065 2364 2134 prolatione
2401 2061 2622 2124 habent,
2653 2069 2766 2114 tum
2805 2061 2859 2112 in
2893 2059 3243 2127 Scriptura.)

2127 2156 2387 2216 Superbia
2425 2173 2629 2218 eorum,
2659 2156 2748 2223 qui
2787 2153 3010 2206 oderunt
3045 2166 3112 2217 te,
3140 2153 3376 2207 ascendit
3415 2167 3640 2216 semper.

2056 2282 2127 2291 —
2157 2250 2412 2305 Ascendit
2449 2263 2546 2317 pro
2567 2247 2816 2301 Exaltata
2849 2256 2953 2307 t-st,
2985 2253 3039 2298 at
3064 2262 3147 2311 ,ue
3181 2247 3232 2297 in
3262 2245 3497 2297 sublime
3527 2244 3640 2296 ele-

2059 2338 2204 2396 vaia.
2240 2341 2334 2397 Vel
2381 2341 2630 2397 ascendit
2657 2354 2876 2407 semper
2937 2354 3124 2393 coram
3161 2349 3232 2390 te.
3275 2336 3408 2390 Illud
3457 2345 3639 2389 autem

2059 2435 2374 2500 considera,
2411 2432 2688 2503 quomodo
2720 2433 2806 2486 his
2836 2433 3004 2486 dictis
3042 2431 3188 2483 nulla
3226 2429 3523 2498 pl‘OIIIiSSiO
3549 2434 3642 2479 aut

2059 2541 2184 2596 spes
2234 2526 2505 2580 bonorum
2567 2524 2866 2592 conjuncta
2924 2531 3030 2584 est,
3088 2531 3140 2575 et
3198 2520 3346 2575 nulla
3399 2518 3642 2573 meli0ris

2060 2617 2297 2672 fortuna:
2330 2631 2457 2686 spes
2477 2615 2556 2669 eis
2582 2615 2734 2678 data,
2757 2613 3218 2680 quemadmodum
3253 2612 3391 2665 alias
3427 2625 3643 2680 semper

2060 2707 2115 2760 lit
2151 2708 2204 2760 in
2227 2706 2353 2760 aliis
2387 2706 2637 2774 psalmis.
2679 2704 2741 2757 Et
2787 2705 2903 2758 haec
2942 2703 3166 2772 quidem
3198 2702 3471 2770 expositio
3507 2701 3579 2752 ita
3610 2714 3640 2752 a

2059 2800 2222 2855 nobis
2257 2800 2436 2854 relata
2497 2807 2600 2860 est,
2635 2807 2798 2867 prout
2836 2798 2904 2852 ab
2937 2798 3076 2866 ipsis
3125 2796 3363 2849 traditur
3413 2793 3640 2847 Judacis.

2062 2889 2255 2945 Verior
2288 2900 2467 2944 tamen
2495 2889 2764 2956 expositio
2795 2897 2899 2950 est,
2945 2899 3002 2940 ut
3034 2887 3103 2940 ab
3156 2886 3250 2938 illo
3311 2884 3584 2938 versiculo
3626 2901 3640 2936 ε

2062 2980 2326 3051 Operatus
2371 2990 2447 3033 est
2476 2979 2707 3033 salutem
2732 2981 2786 3031 in
2840 2979 3010 3033 medio
3043 2988 3219 3031 terra}.
3271 2974 3492 3041 Omnia,
3524 2990 3644 3043 quae

367 3070 547 3135 δείξας
571 3071 669 3141 τὴν
693 3073 794 3134 τῆς
830 3071 1106 3142 σωτηρίας
1133 3073 1270 3124 ὁδόν.
1317 3073 1391 3124 Τὸ
1420 3073 1478 3125 δὲ
1527 3075 1623 3125 Ἐν
1655 3072 1824 3142 μέσῳ
1847 3072 1951 3141 τῆς

2061 3084 2396 3146 sequuntur,
2459 3074 2770 3129 referamus
2812 3074 2880 3128 ad
2909 3073 3210 3137 Christum,
3252 3071 3347 3141 qui
3382 3071 3643 3124 incarna-

369 3162 502 3232 γῆς.
538 3164 660 3216 ἀντὶ
693 3160 790 3216 τοῦ
835 3162 922 3216 Ἐν
949 3165 1098 3234 πάσῃ
1129 3165 1194 3232 τῇ
1223 3168 1315 3231 γῇ.
1358 3163 1516 3226 Τινὲς
1542 3164 1598 3216 δὲ
1631 3165 1724 3217 καὶ
1750 3165 1818 3217 τὰ
1857 3165 1953 3218 ἰε-

374 3258 654 3328 ροσόλυμα
704 3256 868 3324 μέσον
918 3257 1019 3325 τῆς
1074 3255 1178 3324 γῆς
1225 3272 1363 3321 φασι
1393 3256 1723 3309 διακεῖσθαι.
1756 3257 1955 3326 Ἐκραο

368 3351 573 3403 ταὶωσε
639 3350 698 3402 δὲ
729 3349 824 3402 καὶ
855 3348 956 3418 τὴν
992 3347 1298 3408 θάλασσαν,
1329 3351 1355 3400 ὅ
1383 3349 1500 3400 ἐστι
1520 3351 1785 3418 κραταιὸν
1812 3350 1955 3403 κατὰ

371 3443 480 3496 τῶν
508 3442 784 3509 δαιμόνων
823 3442 1052 3510 ἐποίησε
1077 3441 1137 3492 τὸ
1168 3439 1312 3510 ὕδωρ
1334 3440 1427 3493 τοῦ
1453 3442 1610 3508 ἁγίου
1643 3441 1954 3511 βαπτίσμα-

369 3546 484 3592 τος.
549 3529 838 3583 Θάλασσαν
871 3527 1168 3598 γάρτοῦτο
1215 3528 1310 3582 καί
1367 3532 1613 3600 Μιχαίας
1673 3533 1954 3598 ἐκάλεσεν,

370 3625 544 3678 εἰπὼν
574 3624 711 3691 πρὸς
742 3622 902 3674 Θεόν·
942 3621 1316 3689 Καταδύσεις
1332 3623 1439 3688 τὰς
1470 3626 1761 3692 ἁμαρτίας
1788 3627 1957 3694 ἡμῶν

367 3719 456 3785 είς
481 3719 552 3770 τὰ
576 3717 740 3783 ,βάθη
773 3715 885 3783 τῆς
905 3713 1246 3782 θαλάσσης.
1275 3717 1564 3769 Θάλασσαν
1584 3718 1638 3770 δὲ
1662 3719 1737 3781 ὡς
1761 3720 1956 3771 ὑποδε-

369 3816 598 3882 χόμενον
627 3811 755 3872 τοὺς
791 3809 1000 3878 ῥύπους
1031 3810 1128 3878 τῆς
1158 3810 1340 3879 ψυχῆς
1368 3811 1477 3863 τῶν
1509 3811 1951 3878 βαπτιζομένων,

368 3907 466 3959 καὶ
523 3907 598 3967 ὡς
653 3903 1062 3972 ἀποκαθαῖρον·
1133 3905 1230 3956 καὶ
1292 3903 1369 3964 ὠς
1434 3904 1692 3972 μέγιστον
1740 3904 1828 3956 διὰ
1855 3905 1954 3975 τὴν

366 3997 549 4067 χάριν,
582 3993 765 4057 καθὼς
791 3995 823 4063 ἡ
851 3993 1101 4046 Θάλασσα
1130 3992 1220 4045 διὰ
1255 3992 1316 4044 τὸ
1344 3993 1551 4063 πλῆθος
1579 3994 1686 4046 τῶν
1720 3994 1951 4050 ὑδάτων.

365 4091 480 4143 Καὶ
499 4088 794 4158 δράκοντες
838 4088 937 4155 μὲν
989 4086 1055 4138 ἂν
1085 4080 1196 4138 εἷεν
1233 4086 1283 4136 oi
1304 4085 1564 4155 δαίμονες
1592 4104 1605 4117 ο
1646 4087 1867 4156 δράκων
1895 4087 1953 4139 δὲ

367 4185 396 4234 ὁ
423 4181 608 4250 ἄρχων
647 4178 829 4231 αὐτῶν
852 4177 1120 4240 διάϐολος,
1148 4171 1224 4230 ὧν
1244 4178 1344 4239 τὰς
1369 4179 1614 4245 κεφαλὰς
1638 4178 1951 4247 συνέτριψε,

367 4273 465 4326 καὶ
485 4271 814 4324 συνέίιλασεν
840 4273 899 4322 ὲν
924 4269 1002 4338 τῷ
1025 4269 1178 4323 ὕδατι
1200 4268 1298 4321 τοῦ
1319 4269 1722 4341 βαπτίσματος.
1761 4271 1952 4339 Κεφα-

366 4364 459 4416 λαὶ
487 4362 543 4414 δὲ
594 4361 806 4414 τούτων
845 4360 985 4412 εἰσὶν
1024 4361 1079 4412 αἱ
1110 4360 1415 4428 ἁμαρτίαν
1475 4363 1534 4413 ὲν
1558 4361 1785 4424 ταύταις
1842 4362 1951 4432 γὰρ

366 4455 460 4507 τὸν
484 4453 815 4522 φθοροποιὸν
855 4452 931 4504 ίὸν
972 4453 1657 4523 ὲναποτεθησαυρισμένον
1703 4454 1946 4524 ἔχουσιν.

366 4539 469 4597 Ὧν
524 4541 933 4611 διαφθαρεισῶν
986 4542 1092 4595 ὑπὸ
1147 4541 1241 4594 τοῦ
1291 4541 1696 4613 βαπτίσματος,
1735 4546 1836 4598 οὐκ
1866 4544 1950 4598 ἔτι

365 4635 536 4701 ζῶσιν
571 4637 627 4687 ὲν
657 4637 791 4705 ἡμῖν
829 4635 878 4684 οί
907 4635 1146 4687 τοιοῦτοι
1168 4634 1487 4704 δράκοντες.
1524 4637 1658 4690 Δαοὶ
1683 4636 1739 4688 δὲ
1764 4635 1949 4688 Αεθιό-

366 4746 487 4782 πων
538 4729 587 4780 οἱ
641 4727 1100 4795 μεμελανωμένοι
1143 4728 1273 4795 πρὶν
1320 4727 1420 4789 τὰς
1449 4727 1626 4796 ψυχὰς
1677 4727 1756 4797 τῷ
1792 4729 1950 4796 ῥύπῳ

364 4823 463 4874 καὶ
490 4818 568 4890 τῷ
621 4817 817 4887 καπνῷ
874 4819 976 4886 τῆς
1014 4818 1293 4887 ἁμαρτίας
1317 4836 1329 4848 ο
1367 4814 1450 4882 οἷς
1510 4819 1730 4889 βρῶμα,
1769 4821 1951 4873 εἴτουν

364 4911 775 4982 παρανάλωμα,
798 4910 1046 4977 γίνεσθαι
1076 4911 1278 4965 δέδωκε
1309 4911 1401 4962 τὸν
1429 4911 1624 4979 νοητὸν
1651 4913 1948 4980 δράκοντα,

367 5005 509 5073 μετὰ
543 5003 606 5056 τὸ
639 5002 928 5073 βάπτισμα
956 5003 1204 5072 δηλονότι
1224 5021 1237 5033 ⁸
1259 5003 1540 5071 διέρῤηξε
1560 5004 1640 5068 δὲ,
1673 5006 1791 5073 ἦτοι
1818 5005 1951 5058 ἀνέ-

363 5097 504 5150 δωκε
533 5094 715 5163 πηγὰς
743 5097 839 5147 καὶ
873 5096 1211 5166 χειμάρρους
1258 5097 1609 5160 διδασκαλίας
1653 5115 1953 5168 πνευματι-

363 5191 468 5257 κῆς
502 5190 558 5240 ὲν
593 5190 660 5257 τῇ
697 5187 830 5258 πρὶν
869 5188 1063 5258 ἐρήμῳ
1117 5189 1417 5259 οἰκουμένῃ
1448 5190 1558 5242 τῶν
1609 5189 1779 5243 ἐθνῶν
1808 5208 1821 5221 ·
1846 5207 1954 5260 πη-

364 5281 469 5349 γὰς
501 5281 599 5350 μὲν
640 5281 734 5339 διὰ
758 5280 820 5333 τὸ
849 5283 1097 5342 ἁένναον,
1126 5285 1219 5334 καὶ
1255 5281 1518 5351 καθαρὸν,
1557 5284 1650 5335 καὶ
1685 5283 1902 5352 ἥδιστον
1927 5325 1941 5349 ,

364 5374 705 5445 χειμάρρους
756 5374 834 5436 δὲ,
865 5373 939 5435 ὡς
990 5375 1048 5425 ἐν
1096 5374 1174 5443 τῷ
1224 5375 1296 5427 λε’
1348 5375 1551 5444 ψαλμῷ
1581 5376 1942 5445 προείρηται·

364 5466 605 5535 ποταμοὶ
648 5465 704 5518 δὲ
757 5465 941 5530 Ἦθὰμ
994 5467 1048 5518 αἱ
1083 5467 1141 5517 ὲν
1193 5467 1471 5530 Ἰουδαίοις
1514 5472 1843 5538 προφητεῖαι
1880 5472 1935 5522 αί

367 5559 627 5629 ἀρχαῖαι,
672 5558 797 5610 ὅσον
837 5557 971 5626 πρὸς
1010 5559 1108 5620 τὰς
1138 5560 1196 5612 ὲν
1239 5561 1593 5630 Χριστιανοῖς
1630 5562 1753 5624 νέας
1779 5577 1790 5590 ·
1820 5560 1946 5632 ἐξη-

442 5737 490 5772 ³¹
521 5737 688 5795 Micb.
711 5753 806 5804 vn,
851 5735 936 5795 l9.

2061 3169 2210 3222 tione
2246 3182 2342 3222 sua
2377 3167 2610 3221 salutem
2657 3165 2819 3220 nobis
2872 3180 2998 3220 vere
3033 3174 3294 3234 operatus
3323 3174 3432 3227 est,
3469 3179 3498 3215 a
3526 3162 3640 3231 pri-

2059 3261 2208 3314 stino
2243 3273 2344 3312 nos
2373 3271 2564 3312 errore
2615 3257 2883 3320 liberans,
2931 3265 2984 3310 et
3039 3255 3234 3309 salutis
3277 3255 3417 3307 viam
3446 3263 3641 3308 osten-

2059 3350 2218 3404 dens.
2250 3348 2318 3402 1η
2349 3349 2522 3402 medio
2551 3357 2731 3402 autem
2765 3356 2943 3412 terrm,
2969 3347 3019 3400 id
3040 3356 3145 3412 est,
3172 3349 3225 3400 in
3255 3349 3407 3402 onmi
3450 3357 3595 3401 terra
3626 3367 3640 3402 :

2060 3439 2276 3494 tametsi
2333 3438 2504 3508 aliqui
2535 3439 2589 3491 in
2623 3438 2739 3506 ipsa
2780 3437 3092 3508 intelligant
3144 3438 3251 3493 dici
3311 3438 3640 3504 Jerusalem,

2059 3549 2222 3603 quam
2256 3534 2310 3588 in
2342 3535 2520 3588 medio
2555 3541 2717 3586 terra:
2748 3533 2912 3587 sitam
2946 3547 3071 3587 esse
3118 3542 3399 3586 asserunt.
3454 3531 3640 3586 Robo-

2060 3627 2201 3680 ravit
2234 3637 2417 3680 autem
2466 3624 2728 3678 Christus
2761 3639 2932 3688 mare,
2969 3624 3062 3693 qui
3095 3623 3238 3677 sacri
3292 3624 3640 3690 baptismatis

2060 3735 2254 3788 aquam
2296 3718 2553 3780 validam,
2576 3727 2738 3787 atque
2763 3715 3041 3769 elﬁcacem
3076 3715 3342 3778 reddidit,
3372 3716 3643 3772 adversus

2058 3824 2250 3864 Omnes
2302 3809 2609 3862 dmmonum
2667 3816 2924 3860 conatus.
2961 3803 3097 3859 Nam
3139 3816 3194 3860 et
3231 3807 3484 3862 Michmas
3513 3824 3641 3876 pro-

2059 3900 2246 3968 pheta,
2277 3915 2428 3953 mare
2463 3898 2598 3953 illud
2625 3899 2945 3967 appellavit,
2971 3897 3037 3953 ad
3075 3898 3243 3952 Deum
3281 3901 3469 3954 dicens
3501 3919 3512 3953 :
3561 3898 3640 3954 Tu

2056 4003 2272 4061 peccata
2299 4002 2481 4046 nostra
2513 3993 2565 4045 in
2597 3991 2864 4058 profunda
2895 3995 3057 4044 maris
3091 3994 3355 4061 demerges
3391 3995 3454 4044 ".
3492 3993 3641 4047 Marc

2059 4093 2245 4138 autem
2307 4085 2580 4153 baptisma
2631 4082 2966 4151 appellatur,
3029 4097 3093 4136 eo
3147 4084 3292 4149 quod
3325 4084 3634 4138 animarum

2057 4179 2270 4242 s'irdcs,
2295 4193 2413 4246 quae
2437 4177 2547 4230 illic
2589 4175 2962 4244 baptizantur,
3015 4176 3233 4244 recipit,
3261 4186 3316 4229 et
3355 4178 3480 4246 quia
3513 4195 3638 4245 pur-

2058 4277 2171 4340 gat,
2208 4280 2262 4324 et
2287 4269 2415 4338 quia
2452 4284 2557 4322 non
2609 4282 2774 4323 secus
2799 4268 3102 4336 gratiarum
3137 4283 3204 4322 ac
3245 4269 3637 4324 charismatum

2057 4363 2211 4432 copia
2238 4361 2505 4424 abundat,
2541 4377 2703 4429 quam
2736 4375 2886 4414 mare
2918 4361 3190 4415 undarum
3257 4376 3319 4413 ac
3373 4361 3635 4415 ﬂuctuum

2057 4455 2438 4509 multitudine.
2501 4453 2568 4507 Et
2624 4455 2894 4508 dracones
2955 4453 3175 4522 quidem
3236 4453 3342 4506 dici
3407 4463 3638 4521 possunt

2055 4547 2352 4602 darmoncs.
2385 4546 2561 4599 Draco
2591 4557 2796 4609 autem,
2838 4561 3028 4598 eorum
3060 4546 3318 4613 princeps
3345 4545 3632 4600 diabolus.

2055 4655 2290 4709 quorum
2329 4637 2532 4706 capita,
2565 4638 2667 4691 hoc
2700 4649 2803 4699 est,
2840 4653 3073 4706 quorum
3109 4623 3339 4705 peccata
3371 4639 3639 4693 Dmninus

2056 4731 2344 4792 contrivit,
2378 4739 2432 4784 et
2464 4729 2736 4800 confregit
2773 4731 2824 4783 in
2856 4745 2999 4799 aqua
3032 4729 3406 4798 baptismatis.
3440 4730 3498 4784 ln
3553 4731 3639 4785 his

2057 4824 2263 4879 ctenim
2302 4822 2579 4892 capitibus
2613 4821 2959 4876 mortiferum
2991 4837 3158 4876 omne
3204 4825 3504 4891 repositum
3553 4833 3639 4880 est

2057 4931 2354 4969 venenum.
2385 4913 2480 4970 liis
2505 4915 2674 4984 igitur
2702 4915 3002 4984 capitibus,
3041 4915 3142 4968 hoc
3177 4926 3284 4980 est,
3329 4916 3416 4971 his
3444 4932 3638 4985 pecca-

2053 5010 2124 5061 tis
2167 5021 2262 5074 per
2306 5006 2655 5074 baptismatis
2712 5020 2906 5074 aquam
2973 5007 3203 5074 perditis
3232 5047 3246 5068 ,
3307 5021 3370 5060 ac
3418 5008 3636 5074 deletis,

2053 5097 2188 5152 nulli
2215 5097 2455 5166 amplius
2483 5097 2535 5150 in
2565 5096 2726 5150 nobis
2751 5098 2933 5150 vivent
2956 5096 3246 5152 dracones.
3287 5098 3476 5167 Populi
3507 5115 3641 5154 vero

2053 5191 2373 5262 Ethiopum
2411 5190 2446 5243 ii
2475 5198 2628 5254 sunt,
2651 5191 2742 5258 qui
2777 5190 3010 5259 caligine
3037 5205 3099 5242 ac
3131 5191 3391 5245 sordibus
3427 5193 3636 5260 peccati

2055 5285 2267 5338 animas
2317 5282 2444 5337 olim
2509 5282 2789 5349 nigrantes
2853 5280 3124 5335 habebant
3159 5299 3172 5334 :
3208 5282 3340 5350 ipsae
3373 5284 3632 5338 nimirum

2055 5385 2265 5445 gentes,
2294 5375 2493 5444 quibus
2521 5375 2816 5429 draconem
2845 5373 2997 5427 illum
3035 5371 3175 5426 Deus
3207 5383 3330 5442 post
3363 5375 3633 5444 baptisma

2055 5471 2109 5526 in
2152 5470 2359 5532 cibum,
2395 5470 2496 5523 hoc
2543 5475 2647 5531 est,
2696 5468 2748 5520 in
2781 5467 3262 5536 consumptionem
3298 5467 3449 5521 dedit
3483 5485 3497 5534 ;
3537 5467 3635 5522 Di.

2057 5565 2199 5633 rupit
2229 5561 2418 5628 etiam,
2447 5562 2551 5617 hoc
2590 5570 2694 5623 cst,
2749 5559 2982 5628 prrebuit
3011 5558 3156 5614 Deus
3197 5557 3400 5627 fontes,
3430 5568 3482 5616 et
3512 5567 3631 5618 tor-
