4162 6288
496 269 604 333 ἹϐῚ

1721 291 2106 351 EUTHYMII
2134 293 2499 358 ZIGABENI

3657 302 3765 366 ’168

570 383 733 441 Vens.
763 389 816 442 6.
852 388 1030 446 Nolite
1063 397 1313 451 extollere
1343 399 1395 454 in
1434 407 1601 455 altam
1635 421 1798 460 cornu
1830 418 2079 462 vestrum.

2258 414 2353 482 Μὴ
2382 414 2658 483 ἐπαίρετε
2694 418 2783 483 εις
2811 418 2971 488 ὕψος
3000 417 3068 474 τὸ
3096 420 3271 488 κέρας
3305 419 3489 487 ὑμῶν.
3522 423 3595 476 Τὸ
3629 423 3762 478 αὐτὸ

497 477 644 530 ldum
677 479 871 534 iterum
907 486 1120 554 repetit,
1155 489 1220 541 ad
1249 497 1670 550 contestationis
1718 514 1830 554 sua:
1875 502 2079 555 contir-

499 570 823 627 mationem.

568 660 638 714 Et
674 663 832 718 nolite
869 665 1010 736 loqui
1041 671 1293 727 adversus
1326 674 1491 730 Deum
1525 679 1871 746 iujustitiam.
1906 679 2080 737 Verba

498 753 612 806 haec
653 755 794 809 idem
825 774 981 824 atque
1009 762 1345 832 signiﬁcant,
1380 769 1526 836 quod
1563 771 1651 822 illa
1695 789 1707 825 :
1748 772 2080 834 lniustitiam

496 846 554 896 in
601 846 824 901 sublime
867 851 1034 906 locuti
1081 864 1204 908 sunt
1250 857 1336 922 ⁸⁶;
1398 860 1462 914 de
1520 861 1717 929 quibus
1756 862 1993 921 diximus
2027 868 2080 921 itt

496 935 708 1003 psalmo
739 954 906 994 Lxxu.

580 1030 748 1088 Vens.
805 1034 857 1088 7.
891 1036 1153 1102 Quoniam
1187 1057 1347 1112 neque
1375 1044 1441 1096 ab
1464 1061 1674 1114 egressu
1699 1065 1860 1119 neque
1887 1050 1952 1104 ab
1989 1068 2081 1106 oc-

495 1122 698 1178 cidente
723 1165 738 1188 ,
771 1143 934 1196 neque
967 1147 998 1181 a
1029 1129 1251 1186 desertis
1284 1136 1571 1192 montibus.
1617 1138 1799 1194 Gloria
1828 1181 1843 1204 ,
1883 1141 2080 1212 inquit,

496 1223 553 1269 et
575 1216 799 1285 divitiae,
841 1219 968 1274 item
997 1223 1169 1290 gloria
1200 1270 1213 1288 ,
1239 1235 1292 1278 et
1330 1240 1645 1297 paupertas,
1684 1248 1789 1286 non
1814 1242 1896 1290 est
1930 1235 2087 1292 nobis

498 1309 568 1362 ab
591 1319 863 1365 astrorum
895 1326 1046 1378 ortu,
1085 1333 1260 1386 neque
1297 1321 1364 1372 ab
1389 1336 1577 1375 eorum
1609 1338 1807 1379 occasu
1841 1365 1858 1389 ,
1898 1337 1955 1380 ut
1998 1344 2088 1385 as-

497 1409 685 1454 serunt
716 1405 972 1474 astrologi
1012 1422 1027 1462 :
1068 1409 1219 1476 quini
1247 1425 1313 1463 uo
1371 1427 1471 1466 nec
1517 1428 1544 1466 a
1595 1416 1934 1473 daemonibus
1983 1420 2085 1474 ista

498 1492 820 1548 hominibus
849 1497 1169 1553 adveniunt.
1217 1499 1318 1554 Per
1365 1503 1638 1562 desertos.
1679 1509 1824 1564 enim
1874 1520 2087 1569 montes

499 1584 651 1653 ipsos
669 1586 943 1644 daemones
969 1589 1240 1662 intelligit,
1258 1594 1385 1661 quia
1410 1598 1559 1651 omni
1585 1599 1850 1654 virtutum
1879 1618 2086 1671 genere

2185 502 2335 572 λέγει
2366 505 2531 561 πάλιν
2561 509 2643 571 εἰς
2671 507 2922 563 ἐπίτασιν
2955 508 3044 562 διὰ
3078 510 3408 582 μαρτυρίας.

2256 681 2364 735 Kal
2385 681 2470 750 μὴ
2514 682 2760 738 λαλεῖτε
2780 685 2932 740 κατὰ
2966 685 3076 740 τοῦ
3108 687 3258 742 Θεοῦ
3293 685 3556 742 ἀδικίαν.
3595 689 3765 744 Τοῦτο

2185 769 2381 824 ταύτὸν
2400 769 2718 843 δύναταιτῷ
2747 772 3012 829 Ἀδικίαν
3037 776 3123 841 είς
3150 775 3220 829 τὸ
3241 775 3398 845 ὕψος
3421 777 3761 849 ἐλάλησαν,

2184 862 2213 916 ὃ
2252 863 2433 916 κεῖται
2461 866 2522 918 ἑν
2550 863 2628 936 τῷ
2657 863 2733 936 οβ’
2761 866 2986 938 ψαλμῷ.

2258 1042 2388 1095 Ὀτι
2419 1043 2558 1097 οὒτε
2596 1043 2716 1099 ἀπὸ
2740 1044 2994 1111 ἐξόδων,
3018 1047 3159 1102 οὔτε
3184 1048 3304 1103 ἀπὸ
3325 1048 3602 1117 δυσμῶν,
3632 1055 3769 1109 οὔτε

2192 1134 2313 1187 ἀπὸ
2367 1135 2608 1205 ἐρήμων
2644 1137 2848 1205 ὀρέων.
2886 1137 3027 1193 Οὔτε
3077 1142 3140 1194 ἑκ
3170 1141 3280 1196 τῶν
3339 1145 3620 1198 ἀνατολῶν
3659 1149 3767 1200 τῶν

2189 1228 2461 1294 ἀστέρων,
2524 1227 2649 1280 οὔτε
2690 1229 2756 1282 ὲκ
2795 1230 2906 1283 τῶν
2955 1232 3162 1287 δύσεων
3207 1234 3389 1289 αὐτῶν
3435 1237 3575 1290 κατὰ
3641 1239 3766 1302 τοὺς

2189 1319 2578 1388 ἀστρολόγους,
2630 1320 2743 1373 οὔτ’
2793 1319 2948 1384 αὖθις
3004 1325 3070 1378 ἑκ
3117 1326 3227 1379 τῶν
3283 1326 3598 1398 δαιμόνων,
3655 1330 3762 1383 τῶν

2187 1410 2411 1478 ἐρήμων
2456 1410 2554 1480 μὲν
2597 1411 2762 1465 καλοῦ
2810 1415 3036 1479 παντὸς,
3059 1415 3231 1487 ὀρέων
3259 1417 3316 1472 δὲ
3343 1419 3652 1487 λεγομένων
3678 1422 3766 1475 διὰ

2187 1502 2287 1571 τὴν
2331 1500 2562 1570 ἔπαρσιν
2589 1503 2685 1556 καὶ
2712 1503 3029 1569 ἀλαζονέαν·
3055 1507 3088 1577 ἢ
3117 1508 3368 1578 πλοῦτος,
3392 1511 3423 1583 ἢ
3447 1513 3574 1579 δόξα
3601 1530 3768 1585 χορη-

2189 1595 2388 1660 γεῑται,
2428 1595 2460 1665 ἢ
2495 1595 2677 1660 πενία,
2714 1597 2747 1667 ἦ
2779 1598 2967 1666 ἀδοξία
3001 1606 3378 1671 προσγίνεται,
3420 1607 3558 1660 ἀλλὰ
3589 1609 3770 1678 κρίσει

499 1676 697 1732 deserti
722 1694 783 1732 ac
806 1681 1022 1736 steriles
1056 1694 1204 1746 sunt,
1231 1695 1284 1738 et
1320 1690 1586 1742 montium
1621 1691 1796 1746 instar
1827 1696 2083 1763 superbia

2202 1684 2330 1738 Θεοῦ
2370 1686 2581 1757 δικαίᾳ.
2619 1687 2864 1754 Ἐξόδους
2896 1690 3007 1762 γὰρ
3040 1694 3198 1748 καλεῖ
3228 1697 3327 1766 μὲν
3357 1695 3456 1767 τὴν
3484 1699 3580 1752 τοῦ
3613 1676 3767 1768 ἡλίου

499 1769 952 1838 elati.Sedjusto
1008 1774 1101 1830 Dei
1161 1776 1367 1842 judicio
1412 1781 1597 1834 omnia
1651 1782 2072 1852 dispensentur.

2202 1777 2480 1849 ὶνατολήνο
2553 1781 2671 1836 Ἀπ’
2717 1781 2909 1851 ἄκρου
2943 1784 3076 1856 γὰρ,
3109 1763 3263 1857 φησι,
3294 1763 3424 1845 τοῦ⁷
3447 1763 3708 1861 οὐρανοῦ
3734 1794 3774 1861 ὴ

502 1856 603 1912 Per
633 1875 915 1926 egressum
947 1875 1147 1931 autem,
1183 1868 1315 1922 solis
1349 1879 1529 1924 ortum
1566 1873 1820 1944 intelligit
1844 1916 1857 1937 ,
1893 1891 2086 1946 quem-

504 1947 792 2002 admodum
832 1963 889 2004 et
925 1955 1054 2007 alibi
1085 1973 1208 2009 cum
1243 1958 1317 2010 ait
1353 1978 1364 2010 :
1400 1960 1441 2010 Λ
1468 1977 1672 2014 summo
1701 1965 1826 2017 etelo
1855 1968 2084 2034 egressio

504 2039 612 2107 ejus
652 2043 717 2098 ⁸⁷.
752 2042 854 2096 Per
891 2060 1148 2100 occasum
1194 2064 1326 2103 vero
1357 2051 1698 2107 occidentem
1727 2071 1743 2118 ;
1772 2061 1826 2108 et
1854 2071 1947 2124 per
1990 2056 2086 2112 de-

503 2142 680 2189 sertos
723 2145 933 2192 montes
962 2181 976 2202 ,
1010 2144 1401 2208 septentrionis
1456 2156 1507 2199 et
1562 2147 1808 2201 meridiei
1838 2149 2083 2210 climata,

504 2242 622 2293 qure
656 2227 725 2281 ob
756 2231 979 2282 nimium
1014 2231 1186 2301 frigus
1208 2274 1222 2295 ,
1276 2246 1371 2289 aut
1430 2237 1670 2291 calorem
1703 2278 1718 2302 ,
1774 2239 2086 2297 hominibus

504 2317 715 2373 deserta
750 2332 899 2379 sunt.
934 2324 1027 2378 Est
1055 2336 1234 2380 autem
1266 2329 1352 2380 hic
1377 2343 1557 2384 sermo
1579 2329 1883 2388 defectivus
1905 2350 1920 2398 ;
1946 2332 2091 2389 unde

503 2411 706 2479 aliquid
741 2414 1260 2486 subintelligt-ndum
1307 2430 1429 2485 est,
1473 2424 1623 2477 verbi
1676 2425 1891 2494 gratia:
1936 2424 2092 2480 Nihil

507 2501 657 2558 latet.
687 2503 853 2566 Nihil,
897 2508 1108 2576 inquit,
1153 2514 1204 2563 in
1243 2510 1410 2565 futuri
1455 2514 1640 2579 iudicii
1673 2524 1916 2586 tempore
1942 2523 2094 2585 pote-

507 2593 576 2644 rit
607 2594 772 2648 Deum
828 2599 1014 2655 latere.
1064 2601 1261 2655 Omnia
1313 2605 1514 2658 etenim
1566 2607 1612 2660 ei
1667 2606 1979 2676 patebunt,
2036 2607 2090 2660 in

2193 1869 2406 1936 ἔξοδος
2438 1871 2626 1925 αὐτοῦ
2652 1891 2664 1906 ·
2696 1871 2905 1944 δυσμὰς
2933 1875 2990 1928 δὲ
3020 1875 3116 1947 τὴν
3150 1878 3302 1932 δύσιν
3322 1895 3340 1910 ο
3380 1880 3562 1952 ἔρημα
3591 1881 3647 1936 δὲ
3671 1884 3772 1953 ὅρη

2186 1961 2261 2032 ,τὰ
2297 1962 2486 2032 βόρεια
2538 1964 2632 2018 καὶ
2685 1967 2837 2019 νότια
2893 1968 3160 2037 κλίματα,
3213 1971 3358 2025 κατὰ
3425 1974 3776 2045 μεσημϐρίαν

2194 2053 2289 2107 καὶ
2330 2052 2563 2125 ἄρκτον·
2601 2054 2777 2110 ταῦτα
2810 2059 2920 2129 γὰρ
2951 2060 3136 2133 ἐρημά
3184 2063 3325 2116 εἰσιν
3350 2063 3679 2134 ἀνθρώπων,
3713 2067 3776 2118 τὸ

2198 2148 2295 2218 μὲν
2325 2147 2394 2225 ᾷι⁹
2429 2148 2740 2219 ὑπερϐολὴν
2766 2149 2994 2222 ψύχους,
3019 2153 3080 2206 τδ
3111 2153 3166 2206 δὲ
3197 2153 3428 2226 θέρμης.
3473 2155 3776 2209 unum-

2197 2238 2291 2290 κὸν
2323 2238 2378 2292 δὲ
2402 2237 2463 2292 τὸ
2496 2239 2687 2310 σχῆμα
2707 2255 2722 2269 °
2754 2241 2934 2295 λείπει
2959 2242 3069 2312 γὰρ
3096 2245 3158 2297 τὸ
3208 2246 3441 2313 Λέληθέ
3470 2262 3544 2300 τι.
3572 2247 3646 2300 οὐ
3686 2247 3775 2300 λι-

2201 2328 2331 2400 me
2378 2347 2454 2396 τι,
2488 2333 2677 2402 φησιν,
2723 2332 2816 2385 ἀπ’
2846 2333 3060 2398 οὐδενὸς
3105 2335 3372 2406 κλίματος
3407 2336 3509 2405 τῆς
3567 2341 3664 2406 γῆς
3711 2341 3769 2390 ἐν

2201 2424 2277 2493 τῷ
2300 2423 2476 2495 καιρῷ
2503 2427 2602 2495 τῆς
2632 2423 2936 2496 μελλούσης
2961 2426 3197 2498 κρίσεως
3218 2443 3230 2456 ·
3260 2427 3341 2480 διὸ
3376 2428 3542 2497 μηδὲν
3570 2427 3776 2499 φαῦλον

2202 2514 2428 2582 ποιῆτε·
2480 2510 2764 2577 ποιοῦντες
2814 2513 2892 2581 δὲ,
2928 2513 3003 2586 μὴ
3052 2515 3230 2570 οἴεσθε
3310 2515 3615 2572 λανθάνειν.
3649 2513 3780 2573 Εἶτα

2202 2604 2385 2671 τίθησι
2411 2603 2506 2657 καὶ
2531 2604 2631 2675 τὴν
2659 2603 2841 2659 αἰτίαν
2867 2605 2961 2659 τοῦ
2997 2606 3164 2676 μηδὲν
3197 2605 3508 2663 λανθάνειν.

505 2705 832 2761 quacunque
892 2711 953 2749 ea
994 2695 1196 2752 iuerint
1250 2702 1510 2772 regione;
1574 2711 1740 2771 atque
1797 2704 1919 2758 ideo
1968 2703 2136 2757 nolite
2211 2716 2442 2771 pravum
2485 2700 2707 2772 aliquod
2754 2701 2935 2757 scelus
2984 2703 3348 2758 committere.
3395 2702 3584 2773 Neque
3629 2703 3775 2759 enim

506 2789 674 2845 latere
703 2808 825 2847 eum
860 2795 981 2862 quis
1015 2798 1254 2865 poterit,
1298 2799 1343 2853 si
1390 2801 1440 2852 in
1479 2815 1604 2854 cum
1651 2801 1967 2871 deliquerit.
2020 2799 2084 2852 Et
2124 2798 2324 2854 deinde
2357 2812 2583 2854 causam
2615 2799 2790 2867 ponit,
2819 2813 2920 2881 cur
2943 2798 3079 2853 nihil
3109 2798 3276 2854 Deum
3305 2800 3497 2856 lateat.

580 2880 843 2944 Quoniam
878 2883 1015 2937 Deus
1052 2887 1219 2954 judea:
1276 2899 1376 2943 est.
1422 2890 1693 2956 Quoniam
1746 2893 1890 2948 Deus
1952 2903 2039 2948 est
2067 2932 2080 2952 ο

509 2973 842 3041 qui'judicat
873 2977 1078 3045 quique
1101 2979 1286 3034 omnia
1318 2982 1520 3050 optime
1565 2983 1713 3036 novit
1737 3023 1752 3046 ,
1799 2984 1960 3038 etiam
1995 3000 2096 3038 an-

511 3075 764 3137 teaquam
807 3073 1020 3126 lierent.

585 3159 749 3215 Vens.
794 3163 851 3216 8.
891 3162 1043 3218 Hunc
1083 3166 1326 3222 humiliat
1357 3208 1372 3234 ,
1400 3181 1446 3223 et
1493 3169 1627 3223 hunc
1656 3172 1885 3227 exultat.
1939 3172 2097 3228 Hune
2126 3196 2168 3253 ρ

510 3251 728 3319 quidem
762 3253 1014 3320 honorat,
1047 3265 1102 3310 et
1136 3257 1302 3310 alium
1340 3260 1617 3327 reprobat,
1645 3261 1800 3330 juxta
1828 3263 2100 3317 uniuscu-

507 3341 709 3410 jusque
733 3343 922 3410 vitam,
950 3345 1179 3415 acjuxta
1203 3346 1543 3415 justissimas
1568 3351 1830 3419 quasdam
1859 3353 2101 3410 rationes

509 3433 680 3488 divini
707 3435 925 3502 judicii.

591 3524 856 3588 Quoniam
890 3528 1033 3580 calix
1058 3530 1110 3582 in
1141 3548 1301 3584 manu
1344 3532 1559 3586 Domini
1600 3536 1704 3589 sini
1743 3537 1873 3588 meri
1915 3534 2098 3604 plenus

512 3616 779 3670 mislione.
815 3617 987 3674 Totus
1021 3635 1204 3676 sermo
1256 3624 1667 3692 metaphoricus
1720 3634 1828 3682 est.
1885 3625 1949 3678 Et
1993 3631 2102 3695 per

513 3721 734 3760 manum
775 3710 998 3777 quidem
1044 3711 1256 3767 Domini
1296 3715 1441 3770 illius
1475 3717 1770 3784 potentiam
1822 3716 2097 3788 intelligit,

513 3814 610 3866 per
637 3801 870 3854 calicem
905 3813 1085 3858 autem
1113 3806 1224 3858 vini
1248 3850 1261 3871 ,
1315 3823 1605 3862 mensuras
1647 3824 1711 3864 ac
1742 3811 1931 3864 modos
1983 3825 2100 3881 pm-

513 3907 728 3945 narum.
765 3893 864 3948 Per
898 3896 1085 3950 vinum
1113 3900 1257 3952 enim
1288 3901 1391 3954 hoc
1423 3902 1474 3954 in
1522 3901 1641 3956 loco
1697 3903 1969 3971 supplicia
2002 3906 2091 3958 in-

511 3985 857 4054 telliguntur,
886 3999 1050 4057 atque
1074 3991 1441 4058 calamitates,
1465 4009 1584 4060 quae
1606 4009 1781 4063 mque,
1809 4009 1872 4049 ac
1889 3997 2100 4060 vinum,

514 4088 570 4129 et
600 4078 744 4134 vires
773 4079 1050 4136 hominum
1105 4085 1345 4148 tollunt,
1388 4096 1444 4140 et
1500 4089 1704 4142 mentis
1756 4087 2102 4142 harmoniam

513 4169 850 4237 dissolvunt,
882 4182 937 4228 et
972 4175 1231 4230 aberrare
1267 4192 1366 4231 nos
1403 4178 1614 4231 iaciunt
1667 4194 1695 4231 a
1747 4181 1856 4232 via.
1898 4179 2101 4234 Merum

513 4275 644 4315 vero
675 4278 795 4317 esse
824 4263 1027 4318 dicitur
1059 4267 1162 4322 hoc
1200 4268 1408 4331 vinum,
1434 4269 1590 4336 quasi
1624 4279 1903 4324 austerum
1938 4279 2104 4339 atque

514 4352 706 4406 cl'licax
762 4355 813 4408 vi
847 4370 969 4420 sua,
1005 4363 1061 4411 et
1112 4359 1264 4411 nulla
1311 4360 1532 4412 mistum
1581 4359 1982 4415 misericordia.
2035 4359 2103 4412 Et

517 4446 608 4499 hic
652 4447 873 4514 quidem
916 4449 1056 4503 calix
1089 4459 1173 4506 est
1212 4451 1322 4506 vini
1370 4453 1529 4506 meri.
1576 4451 1780 4507 Verum
1826 4455 1879 4506 in
1936 4468 2101 4508 manu

2271 2890 2402 2944 Ὀτι
2442 2891 2475 2944 ὁ
2533 2889 2681 2958 Θεὸς
2725 2889 2933 2958 κριτής
2981 2890 3177 2944 ἐστιν.
3217 2889 3282 2946 '0
3320 2889 3456 2954 Θεὸς
3505 2891 3706 2962 κρίνει,
3755 2894 3783 2946 6

2198 2983 2378 3036 πάντα
2409 2982 2503 3036 καὶ
2541 2981 2665 3036 ἰδὼν
2698 2984 2794 3036 καὶ
2832 2981 2993 3047 εἰδὼς
3024 2980 3131 3054 πρὸ
3151 2983 3436 3051 ,γενέσεως
3469 2983 3672 3040 αὐτῶν.

2280 3154 2499 3210 Τοῦτον
2554 3155 2864 3220 ταπεινοῖ,
2934 3158 3034 3211 καὶ
3078 3155 3295 3212 τοῦτον
3322 3157 3490 3226 ὑψοῖ.
3527 3157 3634 3212 Τὸν
3687 3159 3784 3227 μὲν

2202 3243 2483 3313 ἀτιμάζει,
2522 3247 2616 3299 τὸν
2655 3246 2712 3300 δὲ
2757 3248 2915 3318 τιμᾷ,
2965 3247 3108 3301 κατὰ
3157 3247 3258 3318 τὴν
3306 3249 3625 3321 οἰκονομίαν
3679 3250 3784 3303 τῶν

2205 3335 2550 3406 βεϐιωμένων
2602 3335 2838 3406 ἑκάστῳ,
2895 3338 2992 3391 καὶ
3047 3339 3138 3391 τὸν
3196 3337 3354 3406 λόγον
3406 3339 3508 3410 τῆς
3556 3339 3781 3403 δικαίας

2203 3427 2371 3481 αὐτοῦ
2407 3427 2667 3499 κρίσεως.

2273 3522 2402 3574 Ὀτι
2438 3523 2731 3591 ποτήριον
2756 3523 2826 3579 ἐν
2855 3525 3004 3594 χειρὶ
3040 3525 3262 3593 Κυρίου
3304 3525 3478 3580 οίνου
3523 3523 3786 3594 ἀκράτου

2205 3613 2435 3682 πλῆρες
2473 3615 2872 3685 κεράσματος.
2918 3619 3308 3690 Μεταφορικδς
3357 3617 3481 3681 ὅλος
3515 3619 3545 3670 ὁ
3594 3617 3787 3686 λόγος·

2209 3707 2301 3759 καὶ
2356 3709 2516 3777 χεῖρα
2569 3707 2670 3778 μὲν
2721 3707 2925 3780 Κυρίου
2985 3709 3141 3764 καλεῖ
3183 3709 3282 3779 τὴν
3329 3709 3563 3778 δύναμιν
3616 3708 3785 3763 αὐτοῦ

2206 3800 2467 3870 ποτήριον
2499 3799 2557 3853 δὲ
2599 3798 2769 3864 οἶνον,
2817 3801 2879 3854 τὸ
2932 3801 3131 3872 μέτρον
3163 3805 3265 3872 τῆς
3298 3802 3566 3872 τιμωρίας
3587 3819 3602 3835 ·
3633 3797 3782 3864 οἶνος

2205 3892 2314 3958 γὰρ
2348 3890 2445 3945 νῦν
2476 3893 2510 3961 ἡ
2555 3894 2820 3963 τιμωρία.
2863 3893 3010 3947 Διότι
3075 3893 3483 3964 παραπλησίως
3531 3892 3612 3963 τῷ
3656 3894 3790 3962 οῐνῳ

2205 3983 2530 4050 ἁφαιρεῐται
2582 3981 2681 4052 τὴν
2718 3981 2814 4036 τοῦ
2848 3981 3139 4052 ἀνθρώπου
3171 3983 3428 4052 δύναμιν,
3471 3982 3566 4036 καὶ
3603 3982 3790 4036 ἐκλύει

2204 4076 2307 4136 τὰς
2353 4073 2644 4144 ἁρμονίας,
2684 4073 2781 4126 καὶ
2825 4077 2971 4128 ποιεῖ
3015 4074 3376 4142 σφάλλεσθαι.
3422 4075 3702 4144 Ἄκρατος
3733 4074 3792 4127 δὲ

2207 4163 2362 4231 οὗτος
2413 4170 2442 4222 ὁ
2484 4164 2651 4232 οἶνος,
2699 4167 2777 4232 ὡς
2827 4168 3138 4238 αὐστηρὸς,
3189 4168 3285 4222 καὶ
3337 4166 3639 4238 ἀπότομος,
3696 4167 3793 4220 καὶ

2206 4262 2417 4332 ἀμιγὴς
2451 4261 2887 4331 φιλανθρωπίας.
2927 4261 3089 4314 Ἀλλὰ
3120 4261 3279 4313 τοῦτο
3309 4261 3408 4330 μὲν
3443 4260 3505 4314 τὸ
3531 4261 3794 4329 ποτήριον

2207 4351 2354 4404 οἴνου
2387 4353 2537 4406 ἐστὶν
2565 4352 2811 4422 ἀκράτου
2848 4368 2864 4385 ο
2897 4352 3018 4406 ἐστὶ
3054 4351 3112 4405 δὲ
3137 4352 3196 4404 ἐν
3221 4352 3288 4420 τῇ
3322 4350 3467 4420 χειρὶ
3497 4349 3666 4403 αὐτοῦ
3699 4350 3796 4403 καὶ

2211 4445 2397 4514 ἕτερον
2431 4446 2718 4514 ποτήριον,
2750 4445 2957 4516 πλῆρες
2987 4445 3358 4513 κεράσματος,
3386 4441 3567 4494 εῖτουν
3599 4441 3792 4509 φιλαν-

520 4536 737 4591 Domini
767 4539 908 4594 alius
941 4541 1105 4595 etiam
1143 4551 1228 4596 est
1256 4543 1420 4608 calix,
1451 4544 1644 4610 plenus
1677 4545 1956 4612 mistione,
1999 4546 2096 4599 hoc

2214 4536 2482 4606 Θρωπίας.
2512 4538 2785 4606 Κέρασμα
2817 4535 2928 4606 γὰρ
2959 4535 3106 4588 οἴνου
3138 4535 3235 4602 μὲν
3276 4532 3453 4603 ὕδωρ,
3488 4533 3789 4602 αὐστηρίας

516 4637 620 4691 est,
659 4631 1060 4687 misericordia.
1103 4634 1287 4688 Missio
1317 4635 1460 4687 enim
1484 4635 1618 4698 vini,
1652 4650 1813 4703 aqua,
1846 4635 2105 4689 etmistio

519 4721 882 4785 austeritatis,
901 4723 1300 4778 misericordia.
1323 4723 1594 4780 Debemus
1627 4735 1810 4779 autem
1836 4739 1897 4778 ea
1920 4724 2106 4787 verba,

517 4810 701 4878 plenus
734 4814 1001 4876 mixtione,
1024 4829 1132 4867 non
1159 4817 1408 4884 sequenti
1442 4816 1716 4870 versiculo
1749 4816 2106 4885 conjungere,

517 4903 612 4960 sed
649 4920 742 4973 per
775 4921 832 4959 se
859 4906 1038 4960 soluta
1069 4906 1249 4976 legere
1277 4949 1291 4973 ,
1343 4909 1807 4980 subintelligeudo
1865 4910 2070 4978 conjun

517 4998 792 5063 ctionetn,
847 5008 900 5052 ct
959 5001 1228 5054 sumendo
1276 5015 1302 5052 a
1348 5005 1626 5056 communi
1687 5018 1853 5058 sensu
1887 5001 2052 5056 verba
2092 5017 2106 5055 :

519 5085 679 5142 Calix
708 5089 760 5141 in
788 5107 947 5143 manu
971 5090 1202 5157 Domini,
1231 5101 1287 5144 ut
1324 5094 1395 5145 sit
1426 5109 1621 5148 sensus
1656 5135 1669 5158 ,
1694 5095 1911 5163 quodin
1939 5109 2103 5148 manu

523 5178 732 5234 Domini
776 5192 854 5235 est
887 5182 1027 5237 calix
1058 5184 1168 5237 vini
1215 5186 1372 5249 meri,
1400 5195 1446 5238 et
1483 5186 1536 5239 in
1572 5189 1760 5241 eadem
1823 5203 1987 5242 manu
2026 5195 2109 5242 est

2210 4631 2268 4682 δὲ
2301 4628 2713 4699 φιλανθρωπία.
2744 4629 2865 4698 Χρὴ
2898 4627 3006 4697 γὰρ
3037 4626 3114 4696 τῷ
3145 4624 3381 4695 Πλῆρες
3417 4624 3790 4692 κεράσματος

2222 4727 2298 4796 μὴ
2348 4725 2645 4778 συνάπτειν
2684 4722 2744 4775 τὸ
2790 4721 3017 4774 ὄπισθεν
3050 4721 3243 4792 ῥητόν·
3295 4719 3430 4772 ἀλλὰ
3476 4717 3598 4771 καθ’
3633 4717 3795 4770 tauro

2215 4815 2527 4878 ἀσυνδέτως
2565 4814 2985 4882 ἀναγινώσκειν,
3017 4811 3112 4864 τοῦ
3155 4810 3255 4865 καὶ
3283 4809 3582 4877 συνδέσμου
3617 4807 3792 4861 ἐλλεί-

2217 4923 2411 4969 ποντος
2459 4905 2581 4974 μὲν,
2611 4902 3115 4971 συνεξακουομένου
3145 4899 3202 4953 δέ
3230 4917 3244 4932 ·
3286 4899 3549 4961 ἕλκοντας
3581 4897 3674 4950 καὶ
3705 4896 3798 4949 ἐπὶ

2214 4998 2391 5068 τούτῳ
2429 4998 2489 5050 τὸ
2551 4996 2839 5064 ποτήριον
2861 4994 2931 5046 ἐν
2959 4991 3113 5063 χειρὶ
3142 4991 3396 5060 Kvplov'
3438 4990 3557 5052 πῶς
3590 4988 3701 5059 γὰρ
3731 4989 3797 5043 ἂν

2219 5092 2304 5162 εἴη
2342 5092 2401 5144 τὸ
2435 5091 2568 5144 αὐτὸ
2597 5089 2657 5141 τὸ
2685 5087 2927 5159 ἄκρατον
2960 5085 3082 5156 ἔχον
3126 5085 3220 5138 καὶ
3251 5083 3540 5154 κέρασμα;
3578 5082 3700 5134 Ὀτι
3741 5081 3797 5134 δὲ

2215 5185 2311 5238 δύο
2335 5183 2531 5246 ταῦτα,
2559 5179 2792 5250 δηλώσει
2816 5180 2876 5233 τὸ
2905 5178 3272 5247 ἐπαγόμενον.

519 5270 658 5323 calix
712 5271 902 5340 plenus
930 5272 1199 5328 mistione.
1225 5273 1358 5326 Nam
1380 5275 1605 5345 alioqui,
1630 5276 1906 5345 quomodo
1928 5291 2092 5342 unus,
2137 5283 2301 5344 atque
2338 5273 2481 5328 idem
2508 5271 2647 5326 calix
2683 5270 2886 5340 poterit
2913 5278 2966 5320 et
3002 5280 3236 5334 merum,
3261 5274 3315 5322 et
3377 5265 3598 5320 mistum
3658 5276 3796 5317 con-

521 5365 732 5417 tinere?
761 5367 819 5416 lit
845 5366 988 5433 quod
1021 5367 1127 5420 duo
1158 5369 1267 5422 sint
1292 5370 1511 5431 calices.
1540 5379 1684 5438 patet
1705 5371 1870 5423 etiam
1895 5372 2100 5427 clarius
2139 5387 2203 5426 ex
2236 5368 2619 5436 sequentibus.

599 5455 760 5508 Vens.
797 5455 849 5510 9.
881 5458 946 5509 Et
968 5459 1240 5513 inclinavit
1268 5475 1332 5513 ex
1359 5462 1452 5513 hoc
1482 5462 1532 5514 in
1570 5463 1688 5515 hoc.
1738 5463 1803 5516 Et
1855 5463 1923 5519 dc
1968 5480 2114 5519 men-

532 5560 665 5597 sura
688 5547 819 5601 meri
855 5548 1141 5616 supplicii,
1193 5549 1392 5604 elludit
1428 5549 1478 5603 in
1520 5565 1835 5605 mensuram
1891 5552 2110 5607 miscri-

582 5719 792 5776 “Psal.
847 5723 1096 5780 uxn.8.
1196 5725 1240 5756 "
1274 5723 1420 5782 Psal.
1473 5739 1630 5794 xvnt.
1668 5727 1719 5780 'l.

2297 5461 2404 5513 Kal
2450 5458 2695 5512 ἔκλινεν
2737 5456 2808 5509 ἐκ
2879 5455 3095 5507 τούτου
3169 5455 3256 5516 είς
3307 5447 3504 5502 τοῦτο.
3555 5445 3798 5516 Ἑνέχεεν

2223 5553 2287 5604 ἐκ
2317 5549 2410 5604 τοῦ
2443 5549 2645 5620 μέτρου
2675 5549 2774 5618 τῆς
2804 5548 3048 5616 ἀκράτου
3085 5542 3355 5614 τιμωρίας
3385 5539 3480 5595 ἐπὶ
3507 5538 3568 5593 τὸ
3597 5537 3800 5607 μέτρον
