4188 6290
391 346 497 411 769
1567 332 1953 395 COMMENT.
2001 331 2083 391 IN
2123 331 2483 392 PSALMOS.
3547 335 3656 399 770

394 468 491 536 τῆς
531 460 971 533 φιλανθρωπίας,
1006 457 1144 513 ὥστε
1194 456 1418 526 ποιῆσαι
1461 453 1785 523 κρᾶσιν,καὶ
1816 452 1969 505 ποτί-
2000 463 2017 516 ι

2119 451 2292 513 mlite,
2326 461 2386 503 ut
2421 449 2706 504 misturam
2743 448 2970 511 faceret,
3007 457 3175 518 ntqne
3213 465 3333 504 cam
3373 450 3424 504 in
3461 462 3651 518 potum

397 578 483 612 σαι
537 557 743 628 ταύτην
804 556 930 621 τοὺς
973 554 1196 608 ἔλαττον
1243 550 1660 624 ἁμαρτάνοντας
1715 547 1977 610 καὶτοὺς

2126 543 2192 596 lis
2227 542 2516 612 prazberet,
2549 539 2640 610 qui
2675 549 2728 595 et
2758 540 2932 596 levius
2960 541 3316 610 deliquissent
3343 581 3356 605 ,
3390 551 3443 596 ct
3474 542 3656 596 adhuc

400 650 676 720 ίασίμουςρ

2119 641 2266 687 ssent
2299 631 2672 687 medicabiles.

466 743 641 812 Πλὴν
667 746 698 798 ό
725 744 972 813 τρυγίας
997 739 1185 796 αὑτοῦ
1212 739 1326 792 οὐκ
1353 735 1704 803 ἐξεκενώθη.
1735 731 1978 801 Τρυγίαν

2158 723 2316 778 \‘ens.
2343 724 2428 777 10.
2467 722 2834 778 Verumtamen
2871 723 2956 792 [ex
2985 725 3098 791 ejus
3128 740 3227 776 non
3257 737 3327 777 est
3358 725 3658 778 exinanita.

399 836 651 906 ὠνόμασε
725 835 786 890 τὸ
846 812 1021 905 πάχος
1071 832 1173 902 τῆς
1227 830 1473 903 ἀκράτου
1529 825 1822 898 τιμωρίας,
1865 824 1981 894 -τὴν

2119 820 2183 865 *er
2213 813 2372 882 {eccm
2423 815 2626 879 colicis,
2656 814 3099 879 eraSsitudincm,
3139 825 3194 868 nt
3218 817 3287 868 ita
3325 816 3501 869 dicam
3534 857 3549 880 ,
3580 815 3663 868 in-

400 927 634 997 ἐσχάτην
683 926 932 992 κόλασιν,
963 925 1085 995 ἥτις
1131 921 1440 992 ὑπελείφθη
1469 922 1582 982 τοῖς
1625 917 1695 973 τὰ
1750 917 1980 987 μέγιστα

2119 907 2432 975 alligitmeri
2474 907 2754 976 supplicii,
2784 907 2886 961 hoc
2919 918 3045 972 est,
3100 919 3373 963 extremas
3417 910 3662 962 omnium

405 1017 814 1090 πλημμελοῦσι,
888 1017 982 1072 καὶ
1027 1017 1140 1079 τοῖς
1191 1015 1268 1086 μὴ
1322 1009 1824 1084 μεταϐαλλομένοις
1874 1009 1985 1062 ἀπὸ

2119 1013 2297 1056 canas.
2330 1015 2450 1065 qua:
2476 999 2543 1053 iis
2581 1008 2950 1064 reservantur,
2979 1000 3072 1068 qui
3105 1011 3199 1054 aut
3245 1001 3482 1055 maxime
3523 1001 3664 1055 deli-

405 1089 625 1175 νωθείας,
2086 1099 2344 1158 querunt,
2375 1100 2466 1142 aut
2497 1105 2525 1141 a
2560 1090 2710 1144 vitiis
2742 1089 3022 1144 immutari
3054 1091 3367 1144 noluerunt.

479 1205 721 1257 ﬂlortat
753 1201 977 1268 πάντες
1004 1203 1058 1256 οί
1085 1197 1422 1269 ἁμαρτωλοί
1446 1194 1562 1264 τῆς
1596 1191 1728 1263 γῆς.
1762 1190 1986 1245 Πίονται

408 1295 500 1346 τὸν
527 1295 779 1364 τρυγίαν.
819 1293 1208 1365 Ἀμαρτωλοὺς
1240 1291 1296 1344 δὲ
1321 1289 1472 1358 λέγει
1513 1288 1638 1349 τοὺς
1666 1285 1990 1353 ἀνεπιστρό-

411 1403 524 1454 φῶς
553 1388 993 1456 ἁμαρτάνοντας.

481 1478 628 1548 Ἐγὼ
660 1477 730 1532 δὲ
777 1477 1224 1547 ἀγαλλιὰσομιιι
1265 1477 1355 1540 εἰς
1393 1473 1499 1527 τὸν
1535 1471 1744 1527 αἰῶνα.
1801 1471 1984 1526 Ψαλῶ

409 1569 491 1635 τῷ
526 1569 647 1636 Θεῷ
704 1570 940 1625 Ἰακώϐ.
989 1567 1415 1639 Ἐλευθερωθεὶς
1449 1567 1550 1635 τῆς
1581 1564 1827 1629 δουλείας
1879 1565 1988 1618 τῶν

410 1661 639 1731 ἐχθρῶν,
665 1661 759 1715 καὶ
783 1661 1184 1731 ἀγαλλιάσομαι
1216 1661 1312 1730 μὲν
1339 1660 1432 1712 ἐπὶ
1459 1661 1524 1729 τῇ
1558 1656 1851 1728 ἀπαλλαγῇ
1878 1656 1987 1710 τῶν

411 1752 656 1822 ἀνιαρῶν
681 1792 696 1816 ,
726 1753 880 1822 ψαλῶ
919 1753 974 1805 δὲ
1011 1751 1430 1822 εὐχαριστήρια.

2158 1181 2341 1237 Bibent
2363 1200 2538 1237 omnes
2559 1195 2854 1251 peccatores
2889 1194 3063 1237 τεῖναι,
3095 1183 3289 1238 Bilaent
3335 1184 3530 1238 lucem.
3566 1184 3667 1237 Per

2090 1286 2402 1344 peceatores
2439 1285 2619 1330 autem
2646 1291 2740 1331 eos
2773 1291 2918 1331 nunc
2946 1276 3336 1346 intelligit,qui
3370 1293 3399 1330 a
3434 1280 3672 1347 peccatis

2091 1381 2367 1435 nunquam
2402 1375 2820 1420 convertuntur.

2161 1458 2274 1530 Ego
2302 1469 2475 1512 autem
2515 1458 2763 1514 exaltabo
2785 1459 2838 1512 in
2861 1459 3136 1525 circulum,
3164 1460 3397 1528 psallam
3429 1458 3534 1514 Dea
3565 1457 3667 1511 Ja-

2090 1551 2204 1605 cob.
2238 1551 2319 1604 Ab
2353 1550 2698 1605 inimicorum
2739 1551 2998 1605 nimirum
3043 1552 3310 1605 servitute
3364 1550 3628 1605 liberatus
3655 1589 3670 1613 .

2090 1644 2377 1699 cxsultabo
2399 1643 2619 1712 quidem
2653 1645 2796 1712 quod
2825 1644 3172 1698 calamitates
3223 1644 3584 1709 cessaverint,
3619 1651 3676 1697 tt

2091 1738 2320 1805 psallam
2348 1737 2400 1790 in
2430 1740 2729 1803 gratiarum
2761 1735 3057 1791 actionem.

491 1845 597 1898 Kal
636 1845 833 1899 πάντα
883 1845 956 1898 τὰ
1003 1847 1225 1911 κέρατα
1279 1841 1398 1895 τῶν
1436 1840 1805 1912 ἁμαρτωλῶν
1841 1858 1992 1895 συν-

2167 1827 2334 1883 Vsns.
2403 1830 2489 1883 ll.
2558 1828 2624 1881 Et
2665 1830 2844 1882 omnia
2897 1845 3096 1882 cornua
3159 1837 3495 1897 peccatorum
3557 1847 3679 1885 cou-

417 1933 640 1988 0..ldmo.
673 1933 794 1986 Τῶν
832 1932 989 1996 αὖθις
1024 1932 1456 2002 πολεμησάντων
1487 1949 1578 2001 μοι
1609 1931 1914 2002 δυσμενῶν.

489 2110 598 2164 Kal
640 2110 1028 2180 ὑψωθήσεται
1067 2111 1134 2165 τό
1170 2109 1350 2180 κέρας
1380 2112 1488 2166 τοῦ
1520 2112 1776 2168 δικαίου.
1819 2114 1995 2185 Νική-

421 2217 636 2262 σαντος.
675 2202 741 2255 Οἵ
779 2220 838 2255 τε
877 2204 989 2273 γάρ
1034 2202 1364 2274 Ἰσραηλῖται
1407 2205 1546 2273 μετά
1589 2204 1688 2274 τῆς
1722 2206 1780 2258 ὲν
1827 2205 2000 2259 Βαϐυ-

419 2291 551 2345 λῶνι
581 2292 833 2355 δουλείας
860 2294 1145 2357 ἐπάνοδον,
1179 2293 1630 2364 προσϐαλλόντων
1677 2295 1864 2358 αὐτοῖς
1892 2296 2001 2348 τῶν

422 2384 834 2451 γειτονούντων,
888 2385 1175 2456 ἐνίκησαν,
1230 2386 1284 2438 οἴ
1328 2403 1386 2439 τε
1441 2388 1755 2457 Χριστιανοὶ
1807 2391 1872 2441 ὲκ
1904 2389 2002 2458 τῆς

423 2472 669 2536 δουλείας
702 2474 811 2528 τῶν
850 2474 1106 2542 εἰδώλων,
1127 2476 1511 2540 ἐπανελθόντες
1547 2477 1626 2539 είς
1667 2477 2002 2548 ἐλευθερίαν,

425 2564 691 2617 συνθλῶσι
724 2565 822 2628 τὰς
855 2565 1112 2636 δυνάμεις
1139 2566 1249 2619 τῶν
1277 2567 1439 2636 πέριξ
1471 2567 1848 2637 διαιτωμένων
1882 2571 2003 2623 δαι-

429 2659 608 2728 μόνων
633 2659 1029 2728 ἐπιτιθεμένων
1073 2661 1278 2724 αὑτοῖς.
1314 2661 1532 2713 Δίκαιον
1561 2661 1618 2713 δὲ
1651 2661 1808 2714 καλεῖ
1829 2662 2005 2714 πάντα

426 2750 649 2822 εὐσεϐῆ.
702 2750 799 2821 Εῐη
829 2751 875 2802 δ’
901 2750 967 2804 ἂν
996 2751 1091 2805 καὶ
1116 2753 1144 2804 6
1172 2751 1504 2824 Ζοροϐάϐελ,
1533 2753 1560 2804 ὁ
1586 2752 1678 2805 τὸν
1703 2752 1832 2806 λαὸν
1854 2771 2004 2822 τηνι-

428 2843 609 2895 καῦτα
643 2843 1033 2913 ἐπαναγαγὼν,
1091 2845 1228 2898 ἀλλὰ
1262 2845 1354 2898 καὶ
1404 2845 1433 2897 6
1467 2845 1702 2916 Χριστὸς
1736 2847 1764 2898 6
1805 2846 2009 2915 κυρίως

427 2934 660 2997 δίκαιος,
696 2935 770 2998 ὡς
821 2935 1229 3008 ἀναμάρτητος,
1279 2930 1343 2992 οὗ
1398 2938 1565 3000 τύπος
1600 2939 1630 2991 6
1664 2937 2005 3008 Ζοροϐάϐελ·

427 3025 542 3078 τῶν
602 3027 712 3097 γὰρ
784 3029 842 3079 ὲν
909 3027 1121 3098 σώματι
1146 3028 1272 3090 τοὺς
1332 3029 1660 3098 ἀσωμάτους
1717 3028 2013 3098 πολεμίους

429 3118 710 3172 νικώντων
767 3119 999 3187 ὑψοῦται
1047 3121 1082 3190 ὴ
1132 3119 1382 3189 δύναμις,
1429 3121 1525 3174 καὶ
1574 3122 1602 3173 6
1657 3121 1875 3183 ἔπαινος
1920 3121 2012 3176 τοῦ

432 3214 696 3281 Χριστοῦ,
725 3213 819 3266 τοῦ
849 3212 1213 3282 δυναμοῦντος
1250 3215 1472 3277 αὐτούς.

2097 1921 2373 1992 stringam.
2403 1920 2757 1975 lnimicorum
2792 1921 3005 1976 scilicet
3031 1938 3224 1976 rursus
3245 1938 3331 1977 me
3355 1936 3681 1993 Oppugnan-

2101 2021 2257 2064 ltum.

2172 2101 2238 2155 Et
2262 2103 2586 2157 exaltabitur
2615 2119 2780 2157 cornu
2820 2102 2980 2173 justi.
3012 2102 3186 2158 Simul
3225 2119 3291 2158 ac
3334 2104 3545 2162 vicerit.
3584 2103 3676 2160 Ju-

2100 2195 2340 2250 dasorum
2382 2197 2526 2250 enim
2563 2195 2798 2266 populus
2827 2205 2949 2266 post
2983 2197 3222 2252 reditum
3270 2213 3301 2251 e
3340 2198 3678 2265 captivitate,

2103 2292 2452 2360 insurgentes
2478 2291 2531 2344 in
2558 2306 2617 2345 se
2641 2290 2851 2345 vicinas
2895 2300 3085 2359 gentes
3135 2290 3356 2344 devicit.
3420 2289 3482 2343 Et
3523 2291 3683 2345 Chri-

2106 2384 2268 2438 stiani
2297 2383 2461 2436 simili
2502 2383 2663 2436 modo
2688 2398 2752 2438 ex
2783 2381 3052 2435 idolorum
3087 2384 3347 2437 servitute
3373 2423 3388 2446 ,
3426 2384 3480 2436 in
3517 2385 3682 2437 liber—

2108 2484 2274 2528 tatem
2309 2475 2571 2540 restituti,
2617 2474 2925 2527 daemonum
2981 2473 3225 2527 omnium
3257 2476 3400 2528 vires
3438 2474 3687 2527 confrin-

2108 2575 2262 2638 gunt,
2295 2568 2385 2635 qui
2416 2567 2632 2620 interim
2663 2565 2715 2618 in
2745 2566 2981 2618 circuitu
3014 2565 3164 2619 orbis
3195 2575 3343 2629 sunt,
3377 2575 3688 2634 qrimrentes

2108 2675 2268 2729 quem
2295 2658 2578 2722 devorent,
2602 2665 2656 2711 ct
2682 2658 2848 2712 variis
2903 2671 3001 2710 nos
3061 2658 3463 2710 tentationilms
3513 2657 3687 2724 impe-

2111 2759 2306 2806 tcntes.
2335 2751 2435 2804 Per
2465 2750 2672 2818 justum
2711 2759 2914 2814 autem,
2945 2749 3092 2819 pium
3127 2751 3426 2818 quemlibet
3476 2765 3540 2806 ac
3592 2767 3681 2805 re-

2113 2844 2364 2914 ligiosum
2397 2843 2575 2896 virum
2628 2841 2916 2911 intelligit,
2973 2841 3054 2895 vel
3102 2842 3286 2910 ipsum
3348 2842 3691 2904 Zorobahel,

2114 2935 2206 3005 qui
2241 2937 2498 3004 populum
2528 2950 2556 2989 e
2588 2934 2903 3003 captivitate
2939 2935 2992 2988 in
3050 2937 3278 3002 patriam
3321 2936 3557 2990 reduxit.
3597 2933 3696 2990 Ve-

2119 3045 2236 3083 rum
2271 3030 2444 3097 magis
2473 3030 2692 3099 proprie
2728 3031 2843 3097 ipse
2875 3029 3199 3099 intelligitur
3217 3027 3499 3092 Christus,
3525 3028 3694 3081 veluti

2119 3124 2212 3192 qui
2238 3124 2382 3175 onmi
2419 3124 2600 3176 caruit
2627 3134 2888 3192 peceato;
2921 3125 3080 3188 cuius
3113 3124 3339 3191 ﬁguram
3384 3122 3699 3177 tenuil‘Zo-

2043 3209 2085 3264 C
2119 3214 2364 3267 rohahel.
2393 3213 2619 3278 Quoties
2656 3231 2784 3269 vero
2829 3215 3005 3270 ﬁdelis
3050 3217 3319 3285 quispiam
3347 3225 3438 3269 aut
3473 3225 3703 3301 martyr,

433 3309 792 3376 incorporeas
817 3306 1122 3361 dtemonum
1172 3307 1444 3375 potentias
1493 3307 1599 3362 sibi
1648 3308 2022 3372 adversantes,
2051 3315 2214 3376 atque
2240 3308 2596 3377 {insultantes
2643 3309 2969 3374 devicerit},
2999 3308 3199 3363 Christi
3252 3309 3493 3378 potentia
3529 3309 3708 3377 magis

431 3398 710 3450 exaltatur
769 3404 826 3448 et
862 3394 1083 3449 Chrism
1133 3396 1308 3466 major
1356 3397 1474 3452 laus
1539 3398 1816 3463 tribuitur,
1875 3400 1969 3467 qui
1999 3406 2180 3454 tantas
2211 3397 2258 3451 ei
2289 3398 2432 3452 vires
2461 3400 2711 3468 praestitit
2738 3412 2789 3454 et
2821 3400 3006 3453 robur.

435 3496 544 3558 Είς
569 3492 634 3546 τὸ
665 3491 839 3557 τέλος
878 3490 1124 3560 Ψαλμός
1171 3491 1251 3557 τῷ
1283 3494 1500 3562 Ἀσάφ.
1536 3493 1675 3564 ’ῼδὴ
1706 3494 1856 3562 πρὸς
1912 3497 2019 3548 τὸν

1095 3584 1432 3651 Ἀσσύριον.

1003 3676 1298 3730 ΨΑΛΜΟΣ
1353 3677 1472 3731 ΟΕ¹.

514 3771 897 3841 Εἴρηταιήμῖν
933 3770 1236 3840 καταρχὰς,
1270 3771 1354 3822 ὅτι
1386 3772 1446 3821 ὲν
1500 3772 1631 3831 ταῖς
1687 3772 2023 3841 ἐπιγραφαῖς

432 3864 551 3917 τῶν
581 3863 811 3933 ψαλμῶν
862 3864 922 3916 τὸ
947 3864 1049 3928 Είς
1085 3863 1152 3916 τὸ
1191 3863 1369 3928 τέλος
1424 3863 1760 3931 προφητείαν
1815 3863 1966 3932 δηλοῖ
2008 3880 2020 3893 ο

437 3956 780 4024 παρεγγυῶν
816 3955 1151 4007 ἀποϐλέπειν
1180 3956 1259 4014 εἰς
1285 3954 1346 4006 τὸ
1399 3955 1548 4014 τέλος
1591 3955 1792 4009 αὐτῶν.
1827 3955 2027 4006 Λοιπὸν

436 4045 543 4102 οὖν
580 4046 862 4102 κάνταῦθα
886 4047 1226 4117 προφητείαν
1271 4047 1382 4116 (77)
1418 4046 1559 4098 κατᾶ
1594 4048 1692 4114 μὲν
1732 4046 2027 4116 Ἐϐραίους

439 4147 548 4210 τῆς
583 4131 878 4212 συντριϐἧς
901 4140 1011 4192 τῶν
1045 4140 1189 4208 ἀμφὶ
1219 4139 1312 4190 τὸν
1345 4140 1695 4209 Σεναχηρεὶμ
1717 4179 1732 4204 ,
1785 4139 1928 4193 κατὰ
1972 4141 2028 4192 δὲ

438 4233 809 4304 Χριστιανοὺς
837 4232 944 4284 τῶν
971 4232 1115 4300 ἀμφὶ
1156 4230 1346 4300 νοητὸν
1379 4231 1750 4300 Σεναχηρεὶμ,
1787 4231 1908 4299 ἦτοι
1938 4231 2028 4283 τδν

441 4327 699 4381 διάϐολον
725 4342 738 4355 °
772 4326 868 4377 καὶ
900 4325 1076 4385 ἄλλως
1103 4324 1158 4376 δὲ
1188 4327 1290 4388 Εἰς
1319 4323 1384 4376 τὸ
1412 4323 1610 4388 τέλος,
1643 4324 1726 4376 ὅτι
1771 4325 1900 4393 περὶ
1933 4324 2025 4375 τοῦ

439 4420 642 4480 τέλους
671 4417 765 4470 τοῦ
800 4418 1010 4486 κόσμου
1039 4415 1422 4484 διαλαμϐάνει,
1451 4416 1629 4469 είτουν
1661 4416 1760 4483 τῆς
1806 4415 2031 4484 μελλούο

443 4529 552 4582 σης
583 4510 818 4581 κρίσεως
851 4528 867 4540 ι
903 4509 967 4561 ἐν
1001 4508 1214 4575 ὕμνοις
1235 4507 1314 4571 δὲ,
1342 4508 1422 4559 ὅτι
1451 4508 1867 4579 εὐχαριστήριός
1884 4509 2032 4559 ἐστιν

2123 3493 2188 3547 In
2216 3493 2373 3562 ﬁnem
2415 3496 2469 3548 in
2499 3497 2705 3564 hymnis
2744 3494 2996 3549 Psalmus
3041 3496 3144 3563 ipsi
3185 3497 3380 3564 Amph.
3425 3495 3704 3553 Canticum

2709 3590 2778 3640 ad
2814 3588 3115 3656 Assyrium.

2617 3678 2940 3735 PSALMUS
2978 3679 3190 3738 LXXV.

2199 3773 2446 3828 Diximus
2499 3773 2552 3825 in
2607 3776 2871 3841 prommio
2919 3774 3125 3842 operis,
3185 3773 3331 3843 quod
3372 3774 3486 3827 haec
3540 3774 3710 3829 verba

2130 3865 2195 3918 In
2276 3868 2456 3934 ﬁnem,
2528 3880 2649 3932 qum
2722 3863 2774 3917 in
2840 3865 3180 3932 psalmorum
3249 3865 3715 3935 inscriptionibus

2127 3959 2420 4021 habentur,
2458 3956 2705 4010 indicant
2753 3955 2865 4010 illic
2917 3957 3264 4026 pr0phetiam
3300 3955 3570 4012 contineri
3611 3977 3624 4012 :
3658 3972 3714 4013 et

2125 4049 2382 4103 lectorem
2414 4049 2613 4117 jnbent
2663 4049 2717 4102 in
2769 4049 2918 4103 illius
2962 4050 3121 4103 linem
3180 4050 3448 4118 aspicere.
3503 4053 3560 4104 In
3609 4051 3713 4105 hoc

2127 4143 2293 4210 igitur
2331 4143 2546 4210 psalmo
2595 4143 2729 4195 latet
2764 4143 3074 4211 prophetia,
3109 4158 3230 4211 quae
3263 4144 3418 4212 juxta
3459 4143 3716 4199 llehrtcos

2126 4232 2516 4285 destruendam
2573 4248 2696 4286 esse
2749 4234 3084 4302 praedicebat
3141 4241 3468 4301 potestatem
3503 4232 3717 4287 Senna-

2134 4326 2323 4379 cherib
2357 4356 2370 4378 .-
2417 4336 2469 4380 et
2542 4327 2698 4395 juxta
2754 4325 3103 4381 Christianos
3166 4326 3559 4397 proﬂigandum
3613 4341 3716 4379 an-

2137 4421 2354 4470 nuntiat
2385 4416 2897 4487 da:monem,quem
2955 4435 3055 4473 nos
3101 4417 3526 4472 intellectualem
3579 4417 3719 4470 Sen-

2140 4510 2400 4564 naeherib
2438 4526 2562 4566 vere
2605 4526 2901 4580 possumus
2935 4512 3229 4581 appellare.
3271 4511 3365 4564 Vel
3405 4510 3606 4563 aliter:
3650 4507 3719 4562 In

439 4609 474 4658 ὁ
514 4602 727 4672 ψαλμὸς
753 4601 849 4653 ἐπὶ
879 4603 944 4672 τῇ
970 4601 1078 4652 τῶν
1119 4600 1260 4652 κατὰ
1301 4601 1580 4668 πολεμίων
1639 4601 1784 4672 νίκῃ.
1823 4599 1955 4667 Περὶ
1978 4601 2017 4651 εξ

2136 4601 2292 4668 ﬁnem
2331 4603 2452 4656 ideo
2490 4602 2816 4657 inscribitur
2847 4603 3111 4672 psalmus,
3149 4603 3276 4672 quia
3311 4603 3401 4656 hic
3446 4609 3718 4655 tractatur

439 4694 550 4747 τοῦ
603 4693 802 4760 Ἀσάφ,
839 4693 918 4743 ἔτι
946 4691 1002 4743 δὲ
1044 4690 1251 4760 καὶτῆς
1281 4691 2036 4760 ᾠδῆς,προπαραδεδώκαμεν

442 4791 515 4839 ὲν
545 4783 622 4853 τῷ
655 4783 933 4853 Προοιμίῳ
963 4785 1059 4852 τῆς
1094 4782 1277 4851 βίϐλου
1309 4783 1418 4834 τῶν
1455 4782 1721 4850 Ψαλμῶν.
1753 4782 1910 4849 Πρὸς
1931 4782 2037 4834 τὸν

461 4876 792 4942 Ἀσσύριον
822 4875 901 4940 δὲ,
933 4875 1077 4935 ἀντὶ,
1109 4875 1250 4943 Πρὸς
1275 4875 1340 4926 τὰ
1398 4875 1537 4926 κατὰ
1595 4873 1684 4926 τὸν
1751 4873 2038 4944 Ἀσσύριον

445 4967 831 5037 Σεναχηρείμ.
865 4965 1012 5033 Ὅρα
1051 4966 1109 5018 δὲ
1134 4967 1218 5018 ὅτι
1247 4967 1306 5018 τὸ
1346 4965 1490 5018 θεῖον
1519 4966 1743 5035 Πνεῦμα
1773 4969 1840 5037 τῇ
1902 4969 2037 5020 ’1ου-

442 5059 619 5126 δαῖκῇ
689 5057 901 5126 ἱστορίᾳ
968 5057 1331 5128 Χριστιανικά
1365 5057 1616 5126 δόγματα
1673 5057 2040 5123 συνέπλεξενν

449 5153 540 5210 ὡς
574 5150 930 5219 ψυχαγωγεῖν
952 5153 1050 5220 μὲν
1077 5152 1171 5203 καὶ
1210 5151 1301 5203 τὸν
1342 5151 1594 5221 Ἐϐραῖον
1634 5151 1908 5213 ταπεινῶς
1947 5152 2043 5204 ἐκο

443 5243 751 5312 δεχόμενον
783 5244 850 5296 τά
887 5244 1051 5312 ῥητὰ,
1084 5244 1399 5312 εὐφραίνειν
1430 5243 1485 5296 δὲ
1520 5243 1721 5313 μᾶλλον
1763 5245 1854 5294 τὸν
1916 5243 2045 5310 Χρι-

447 5334 702 5397 στιανὸν,
731 5333 951 5403 ὑψηλῶς
982 5332 1160 5385 ταῦτα
1190 5333 1442 5390 νοοῦντα.

2144 4691 2210 4744 de
2237 4693 2420 4743 nntmii
2467 4706 2529 4746 ac
2576 4693 2745 4746 futuri
2795 4692 2986 4762 judicii
3029 4693 3154 4746 line.
3204 4691 3268 4745 In
3323 4692 3528 4761 hymnis
3567 4706 3716 4755 vero,

2147 4784 2270 4851 quia
2318 4785 2618 4852 gratiarum
2687 4787 2934 4840 actiones
2997 4787 3272 4846 continet,
3333 4800 3431 4852 pro
3494 4785 3719 4837 obtenta

2151 4876 2399 4928 victoria.
2435 4877 2505 4929 De
2542 4877 2726 4945 Asaph
2761 4886 2815 4931 et
2845 4877 3064 4931 cantico
3097 4878 3340 4931 diximus
3368 4879 3420 4930 in
3447 4875 3720 4929 Prommio

2146 4969 2348 5035 operis.
2410 4967 2491 5020 Ad
2543 4969 2824 5037 Assyrium
2880 4983 3010 5023 vero
3046 5011 3060 5034 ,
3128 4969 3257 5038 quia
3340 4965 3724 5021 Sennaeherib

2145 5059 2402 5128 Assyrius
2435 5069 2571 5116 erat.
2599 5059 2678 5114 Ad
2714 5061 2865 5114 illum
2893 5061 3036 5114 enim
3073 5061 3240 5113 multa
3271 5060 3564 5128 pertinent,
3595 5072 3722 5125 qth

2145 5151 2198 5203 in
2239 5153 2491 5220 praesenti
2529 5153 2736 5221 pSahno
2772 5154 3069 5204 habentur.
3102 5150 3181 5204 Tu
3223 5165 3347 5205 vero
3408 5148 3543 5202 illud
3589 5163 3724 5200 con-

2146 5244 2349 5306 sidera,
2407 5260 2517 5312 quo
2571 5254 2731 5312 pacto
2792 5254 3017 5298 sanctus
3088 5243 3326 5312 Spiritus
3386 5242 3547 5294 simul
3594 5254 3723 5292 cum

2146 5331 2376 5388 Judaica
2411 5335 2642 5390 historia
2674 5335 2986 5391 Christiana
3013 5335 3267 5403 dogmata
3292 5331 3723 5399 complicavcrit,

446 5435 526 5479 ιιι
555 5435 608 5479 et
635 5423 837 5478 Iudaeis
863 5428 1106 5479 solamen
1141 5434 1385 5495 praestet,
1422 5426 1515 5495 qui
1591 5426 1829 5480 humiles
1895 5435 2105 5480 tantum
2150 5441 2352 5481 sensus
2408 5438 2741 5497 sequuntur.
2797 5436 2850 5483 et
2910 5428 3282 5483 Christianum
3330 5425 3496 5484 etiam
3549 5423 3725 5492 magis

443 5518 716 5582 Iactiﬂcct,
747 5518 813 5572 ad
845 5517 1193 5572 sublimiores
1225 5519 1541 5574 tendentem
1567 5534 1630 5572 ac
1657 5529 2032 5587 penetrantem
2075 5523 2597 5591 contemplationes.

1761 5684 1956 5745 Varias
1996 5685 2322 5749 lectiones.

535 5807 649 5880 (Π)
681 5807 836 5862 Deest
875 5806 1126 5870 verbum,
1171 5817 1299 5878 puta
1333 5807 1440 5860 νόει
1481 5821 1572 5862 aut
1614 5809 1813 5863 simile.
