4188 6290
550 355 658 417 7'75

1709 349 2094 409 EUTHYMII
2143 345 2510 408 ZlGABENI

3702 341 3802 406 ’ΠΟ

551 474 678 528 alibi
721 473 870 526 viros
914 471 1269 542 sanguiuutn,
1330 487 1427 541 pro
1482 470 1932 540 sanguinolentos.
1988 468 2127 522 Dicit

2233 467 2482 520 πλούσιοι
2517 482 2528 494 ·
2563 465 2635 526 ὡς
2666 465 2748 527 τὸ,
2783 463 3024 532 Ἄνδρες
3051 463 3332 533 αἱμάτων,
3366 464 3413 516 οἰ
3463 464 3800 533 αἱμοχαρεῖς.

547 567 714 635 igitur
741 564 881 633 quod
919 564 1128 634 Assyrii
1169 572 1427 632 putarant
1460 577 1585 616 esse
1633 576 1693 615 se
1746 559 1997 628 sequenti
2042 560 2130 612 die

548 663 838 717 habituros
888 661 942 714 in
979 659 1235 713 manibus
1268 674 1460 712 omnes
1511 654 1731 710 Judtcos
1778 655 1999 710 divites.
2032 651 2132 706 Vel

546 756 704 807 aliter
743 752 989 807 :Omnes
1024 751 1125 804 viri
1183 750 1542 820 Assyriorum
1580 749 1773 803 divites
1816 746 2131 800 Iudaeorum

547 846 802 898 manibus
856 843 1002 914 capti
1054 853 1205 907 sunt,
1240 843 1334 912 qui
1371 841 1585 897 obsessi
1632 850 1789 894 erant
1819 839 1872 892 in
1905 837 2132 893 Jerusa-

545 937 675 988 lem.
707 933 840 986 Nam
879 949 1003 987 cum
1045 936 1416 1006 interemptos
1449 933 1806 997 invenissent,
1842 931 2134 1000 capiebant

545 1045 641 1083 eos
671 1038 729 1081 ut
765 1030 1088 1098 spoliarent.

621 1119 783 1176 Vens.
812 1120 859 1174 7.
879 1121 953 1173 Ab
971 1121 1323 1188 increpatione
1352 1127 1462 1182 tua,
1485 1117 1626 1172 Deus
1649 1115 1837 1187 Iacob,
1865 1117 2130 1170 dormita-

545 1228 727 1271 rernnt
778 1220 871 1286 qui
919 1216 1265 1270 ascenderunt
1309 1231 1488 1283 equos.
1542 1216 1646 1269 Per
1693 1213 2128 1282 increpatioaeni

544 1312 664 1374 Dei,
725 1313 1050 1365 sententiam
1111 1310 1367 1381 iuteliigit
1423 1309 1686 1363 adversus
1738 1306 2013 1369 inimicos,
2076 1311 2131 1358 et

544 1419 641 1473 per
692 1404 1156 1469 dormitationcm,
1209 1404 1404 1458 virium
1462 1402 1866 1457 remissionem.
1920 1399 2129 1455 Dissol—

543 1509 672 1548 vere
701 1495 848 1547 enim
887 1495 1031 1549 vires
1061 1509 1292 1548 somnus
1327 1494 1464 1548 solet
1495 1511 1508 1547 :
1550 1508 1647 1563 per
1678 1506 1946 1562 equorum
2003 1504 2130 1545 vero

546 1601 896 1652 ascensores,
926 1587 1177 1642 inimicos
1214 1593 1363 1658 ipsos
1398 1588 1674 1658 intelligit,
1706 1587 1800 1655 qui
1841 1586 1896 1638 in
1949 1601 2123 1655 equo-

543 1695 666 1732 rum
709 1679 1086 1743 multitudine,
1120 1681 1321 1749 quibus
1374 1680 1428 1732 in
1482 1679 1627 1734 bello
1677 1679 1955 1748 prtecipne
2006 1684 2128 1734 ulc.

540 1772 766 1837 bantur,
799 1774 964 1828 nimis
1003 1774 1369 1828 conﬁdebant.
1409 1772 1533 1827 ideo
1592 1773 1722 1827 alibi
1757 1789 1772 1826 :
1807 1770 1879 1825 .Hi
1905 1771 1958 1825 in
1991 1787 2123 1825 cur—

543 1869 712 1937 ribus,
741 1867 942 1937 inquit,
978 1877 1026 1920 et
1059 1868 1117 1918 hi
1146 1869 1196 1919 in
1224 1868 1368 1936 equis
1397 1867 1461 1920 ³³.

615 1956 782 2011 Vens.
824 1956 877 2010 8.
931 1955 1010 2009 Tu
1064 1957 1312 2010 terribilis
1346 1973 1421 2010 es.
1465 1956 1534 2009 Et
1568 1958 1686 2026 quis
1741 1958 1944 2010 resistet
1986 1957 2128 2010 tibi?

540 2050 670 2105 Haec
702 2051 865 2105 verba
901 2065 996 2119 per
1028 2066 1086 2105 se
1108 2054 1243 2104 satis
1270 2051 1416 2103 clara
1453 2058 1605 2104 sunt.

612 2144 696 2195 Er.
727 2150 851 2195 tunc
902 2142 987 2194 ira
1035 2151 1151 2194 tua.
1202 2141 1314 2196 Hoc
1358 2153 1461 2204 εει,
1513 2157 1579 2194 ex
1633 2156 1696 2195 eo
1732 2150 1974 2210 tempore
2019 2155 2128 2209 quo

540 2235 832 2289 adversum
862 2244 913 2288 te
943 2233 1199 2288 dixerunt
1240 2234 1553 2302 blasphema
1589 2233 1751 2287 verba
1787 2252 1801 2286 :
1854 2242 1909 2286 tu
1945 2241 2125 2286 tamen

539 2327 738 2381 dedisti
791 2325 874 2381 eis
928 2327 1265 2396 paenitentia:
1319 2327 1519 2390 locum,
1561 2325 1715 2393 juxta
1769 2324 2126 2393 benignitatis

539 2419 869 2489 tuaelcgem.
909 2416 1024 2482 Vel,
1057 2431 1122 2472 ea:
1172 2429 1322 2483 tunc,
1363 2417 1633 2488 intelligo,
1680 2432 1778 2486 pro
1825 2418 1973 2480 olim,
2028 2432 2126 2471 seu

534 2511 768 2581 jamdiu.

611 2604 775 2658 Vsus.
814 2604 868 2667 9,
901 2603 989 2658 10.
1048 2603 1125 2658 De
1178 2604 1306 2658 cazlo
1358 2603 1600 2657 auditum
1643 2604 2124 2674 fecistt'judicium.

539 2697 735 2752 Audiri
774 2699 919 2750 enim
968 2697 1145 2753 fecisti
1181 2697 1250 2752 de
1304 2698 1444 2752 cmlo
1485 2699 1599 2766 jam
1649 2699 1848 2753 dictam
1905 2705 2130 2753 senten-

539 2791 693 2844 tiam.
748 2789 878 2844 Eam
935 2791 1137 2845 etenim
1195 2791 1251 2844 in
1303 2807 1390 2844 me
1434 2792 1594 2861 quasi
1635 2791 1688 2844 in
1740 2792 2122 2860 propheticum

539 2882 815 2951 quoddam
879 2897 1144 2951 organum
1219 2883 1532 2938 insonuisti.
1605 2882 1908 2939 Possumus
1956 2885 2122 2939 etiam

543 2975 658 3028 [nec
684 2974 849 3028 verba
885 2974 953 3028 de
980 2972 1164 3028 futuro
1195 2974 1494 3028 universali
1533 2975 1742 3044 judicio
1794 2975 2120 3046 intelligere.

537 3066 798 3119 Auditum
829 3067 972 3120 enim
1007 3065 1140 3119 illud
1177 3065 1305 3121 fecit
1338 3066 1484 3121 Deus
1533 3068 1768 3122 humano
1801 3072 2013 3137 generi,
2059 3083 2123 3122 ex

2241 563 2405 631 Λέγει
2429 561 2482 614 δὲ
2507 561 2588 614 ὅτι
2609 560 2819 621 πάντας
2844 560 2970 621 τοὺς
3033 558 3323 620 πλουσίους
3361 557 3703 627 Ἰσραηλίτας
3758 559 3804 608 οἱ

2236 657 2518 722 Ἀσσύριοι
2590 655 2875 725 μονονουχὶ
2964 655 3085 717 ταῖς
3165 654 3352 723 χερσὶν
3444 650 3588 721 ἔχειν
3642 649 3807 720 ῷιιντο

2238 749 2358 819 μεθ’
2376 751 2593 819 ἡμέραν
2617 764 2632 778 ·
2672 748 2703 819 ἢ
2757 748 2852 801 καὶ
2883 747 3217 809 τούναντίον,
3244 746 3447 807 Πάντες
3474 745 3523 798 oi
3565 743 3808 797 πλούσιοι

2235 841 2343 895 τῶν
2404 841 2709 912 ’Ᾱσσυρὲων
2768 841 2886 902 ταῖς
2953 839 3110 909 χερσὶ
3153 839 3262 891 τῶν
3333 835 3808 908 πολιορκουμένων

2235 937 2500 1002 ἑάλωσαν,
2532 940 2712 1006 νεκροὶ
2744 935 3086 1004 εύρεθέντες,
3124 934 3218 988 καὶ
3250 931 3681 986 ὲσκυλεύθιισαν.

2304 1123 2449 1177 Ἀπὸ
2468 1119 2865 1191 ἐπιτιμήσεώς
2889 1135 3026 1183 σου,
3051 1123 3083 1174 ό
3109 1119 3252 1183 Θεὸς
3282 1117 3502 1179 Ἰακὼϐ,
3558 1115 3812 1169 ἐνύστα-

2234 1215 2350 1281 ξαν
2378 1218 2432 1269 οἱ
2460 1213 2879 1278 ἐπιῦεϐηκότες
2903 1211 3027 1278 τοῖς
3062 1211 3290 1276 ἵπποις.
3329 1209 3678 1278 Ἐπιτίμησιν
3709 1208 3810 1278 μὲν

2233 1305 2383 1375 λέγει
2421 1304 2520 1377 τὴν
2543 1303 2683 1357 κατὰ
2712 1304 2820 1357 τῶν
2850 1301 3129 1373 πολεμίων
3168 1301 3463 1369 ἀπόφασιν,
3499 1297 3808 1368 νυσταγμδι

2232 1401 2289 1454 δὲ
2319 1399 2418 1469 τὴν
2447 1397 2688 1467 πάρεσιν
2722 1396 2822 1464 τῆς
2847 1396 3152 1464 δυνάμεως.
3168 1392 3384 1447 Ἐκλύει
3407 1391 3516 1462 γὰρ
3537 1392 3628 1444 τὸν
3657 1391 3811 1445 τόνον

2230 1494 2259 1545 ὁ
2323 1490 2659 1560 νυσταγμὸς.
2711 1487 3146 1556 Ἐπιῦεὸηκὸτας
3201 1487 3260 1540 δὲ
3307 1488 3418 1549 τοῖς
3460 1484 3652 1546 ἵπποις
3691 1481 3814 1536 εἶπε

2230 1584 2359 1647 τοὺς
2390 1584 2634 1653 ἐχθρούς
2672 1597 2685 1611 ·
2713 1580 2790 1644 ὡς
2851 1580 2946 1632 ἐπὶ
2977 1581 3056 1648 τῷ
3119 1578 3427 1649 πολεμικῶς
3477 1575 3814 1640 ἱππάζεσθαι

2231 1675 2666 1747 τεθαρρηκότας.
2707 1668 2885 1729 Οὗτοι
2911 1673 3044 1743 γὰρ,
3084 1673 3271 1742 φησιν,
3306 1671 3374 1724 ἐν
3411 1668 3657 1740 ἅρμασι.
3715 1666 3815 1722 καὶ

2231 1766 2400 1829 οὗτοι
2425 1772 2494 1824 ἐν
2520 1772 2752 1836 ἵπποις.

2302 1957 2386 2011 Σὺ
2427 1955 2680 2026 φοϐερὸς
2730 1951 2804 2013 εἴ.
2860 1925 2966 2006 καί
3031 1952 3120 2016 τίς
3178 1945 3606 2016 ἀντιστήσεται
3670 1959 3772 2000 σοι
3799 1957 3814 1972 ⁸

2233 2051 2404 2105 Τοῦτο
2437 2050 2625 2117 σαφές.

2302 2141 2449 2196 Ἀπὸ
2490 2145 2621 2196 τότε
2647 2142 2685 2210 ἡ
2711 2140 2856 2208 ὀργή
2893 2152 3034 2193 σου.
3071 2139 3170 2190 Ἐκ
3196 2137 3319 2189 τότε
3350 2127 3524 2202 ἀφόῧ
3552 2130 3698 2186 κατὰ
3718 2128 3814 2183 σού

2229 2233 2672 2302 ἐβλασφήμησαν
2699 2247 2714 2263 ·
2753 2231 2959 2293 ἐδίδους
2992 2229 3047 2282 δὲ
3071 2232 3257 2291 αὐτοῖς
3307 2227 3488 2298 χώραν
3521 2223 3818 2296 μετανοίας

2232 2327 2374 2380 κατὰ
2396 2327 2487 2380 τὸν
2518 2327 2687 2394 νόμον
2719 2325 2817 2394 τῆς
2851 2321 3222 2395 χρηστότητος
3258 2339 3352 2375 σου
3387 2340 3400 2352 ο
3470 2321 3504 2388 ἢ
3573 2318 3670 2371 καὶ
3731 2315 3815 2380 τὺ,

2230 2420 2366 2475 Ἀπὸ
2391 2419 2541 2482 τότε,
2572 2417 2758 2481 ἁπλῶς
2785 2418 2907 2470 ἀντὶ
2929 2414 3045 2481 τοῦ,
3083 2415 3274 2482 πάλαι,
3293 2413 3399 2485 πρὸ
3430 2411 3652 2465 πολλοῦ.

2305 2604 2406 2657 Ἐκ
2447 2600 2554 2654 τοῦ
2595 2598 2855 2668 οὐρανοῦ
2905 2599 3239 2665 ἡκούτισας
3294 2597 3518 2664 κρίσιν.
3560 2593 3678 2658 Τὴν
3720 2593 3818 2662 δη-

2230 2696 2496 2750 λωθεῖσαν
2544 2693 2821 2762 ἀπόφασιν
2870 2692 2938 2744 ἐκ
2978 2690 3072 2744 τοῦ
3113 2689 3345 2762 ούρανοῦ
3387 2688 3664 2757 ἀκουστήν
3722 2704 3816 2756 μοι

2230 2789 2497 2857 ἐποίησας
2530 2785 2805 2857 ὲνήχησάς
2849 2801 2940 2855 μοι
2975 2785 3169 2854 αὐτὴν,
3211 2784 3286 2846 ὡς
3315 2783 3592 2852 προφήτῃ.
3623 2781 3728 2850 Eia
3768 2780 3814 2834 δ’

2229 2881 2296 2937 ἂν
2338 2882 2430 2934 καὶ
2458 2880 2586 2949 περὶ
2613 2879 2714 2948 τῆς
2744 2877 3054 2946 μελλούσης
3086 2875 3323 2947 κρίσεως
3378 2875 3582 2926 ἐννοεῖν
3611 2873 3676 2926 τὸ
3712 2875 3815 2943 ρη-

2229 2976 2340 3037 τὸν,
2365 2975 2444 3026 ὅτι
2479 2971 2782 3040 Ἀκουστὴν
2804 2969 3068 3039 ἐποίησας
3091 2967 3261 3038 αὐτὴν
3285 2967 3452 3020 πᾶσιν
3479 2966 3792 3038 ἀνθρώποις

2230 3067 2317 3120 διὰ
2349 3066 2455 3118 τῶν
2483 3064 2861 3118 θεοπνεύστων
2891 3063 3132 3133 Γραφῶν
3156 3079 3251 3114 σου
3273 3077 3288 3092 ο
3314 3060 3388 3123 ὡς
3423 3056 3564 3114 εἷναι
3593 3060 3694 3115 καὶ
3745 3059 3816 3114 τὰ

538 3157 837 3226 Scripturis
881 3158 1088 3211 sanctis
1123 3176 1135 3210 :
1171 3166 1336 3227 atque
1369 3159 1472 3213 hoc
1513 3169 1689 3229 pacto,
1722 3175 1843 3228 quae
1875 3175 2113 3229 sequun-

2230 3161 2346 3229 ἑξῆς
2396 3157 2688 3212 ἀκόλουθα.

542 3261 651 3310 tur,
693 3250 1230 3319 consequentissime
1256 3253 1400 3304 dicta
1435 3267 1557 3305 esse
1586 3252 1863 3306 videntur.

612 3341 775 3394 Terra
804 3342 1039 3405 tremuit,
1069 3350 1117 3395 et
1143 3341 1357 3410 quievit,
1382 3342 1508 3394 dum
1553 3354 1855 3412 exsurgeret
1881 3346 1934 3397 in
1960 3345 2113 3414 judi-

541 3434 620 3485 cio
674 3432 833 3496 Deus,
877 3443 932 3485 ut
975 3432 1147 3486 salvos
1199 3431 1388 3499 faceret
1440 3448 1738 3489 mansuetos
1790 3448 1964 3492 terrte.
2012 3437 2116 3492 Per

542 3533 764 3585 terram,
821 3523 1112 3576 humanam
1176 3523 1426 3593 intelligit
1471 3534 1763 3592 naturam,
1819 3525 1886 3579 ad
1948 3541 2110 3596 quam

539 3614 669 3669 alibi
727 3614 932 3668 dictum
982 3623 1110 3667 est:
1176 3613 1338 3666 Terra
1380 3631 1456 3676 es,
1504 3623 1551 3666 et
1596 3615 1648 3667 in
1705 3625 1900 3669 terram
1949 3632 2115 3670 rever»

542 3706 668 3758 teris
725 3705 789 3758 ³⁸⁵.
842 3703 1123 3772 Praecipue
1176 3715 1356 3758 tamen
1413 3720 1507 3759 eos
1550 3705 1704 3768 dicit,
1756 3708 1847 3776 qui
1901 3715 2118 3761 terrena

542 3797 780 3864 sapiunt.
807 3795 944 3849 Cum
979 3805 1296 3865 exsurgeret
1329 3796 1497 3864 igitur
1533 3795 1676 3851 Deus
1713 3799 1766 3851 in
1811 3799 2120 3852 universale

535 3888 839 3957 judicium,
910 3888 1238 3957 quieverunt
1310 3903 1505 3941 omnes
1576 3888 1872 3953 homines,
1927 3888 2122 3946 deletis

540 3989 709 4048 atque
754 3979 1042 4034 exstinctis
1089 3979 1143 4032 in
1185 3990 1465 4048 posterum
1527 3981 1947 4051 quibuscunque
2005 3983 2126 4037 aliis

541 4073 821 4141 operibus.
877 4069 1013 4125 Cum
1062 4081 1386 4141 exsurgeret
1423 4081 1603 4127 autem
1653 4073 2020 4140 injudicium,
2070 4082 2129 4127 ut

539 4147 724 4218 iustos
753 4162 1000 4215 homines
1040 4161 1300 4226 salvaret,
1339 4179 1479 4232 quos
1529 4167 1686 4220 mites
1731 4167 1990 4235 appellat,
2033 4181 2125 4221 seu

544 4263 895 4322 mansuetos,
947 4259 1076 4327 quia
1151 4255 1467 4324 proprium,
1533 4271 1596 4311 ac
1671 4258 1950 4326 peculiare
2034 4265 2119 4311 est
2157 4259 2542 4328 cujuscunque
2627 4259 2729 4312 viri
2783 4259 2951 4330 justi,
3014 4271 3070 4314 ut
3141 4262 3288 4316 mitis
3356 4265 3426 4318 sit
3489 4281 3553 4318 ac

541 4357 752 4402 suetus.

619 4444 761 4501 Vens
797 4447 880 4500 ll.
915 4446 1177 4513 Quoniam
1221 4448 1496 4517 cogitatio.
1529 4447 1755 4500 hominis
1785 4449 2122 4517 conﬁtebitur
2155 4453 2199 4508 ο

544 4536 658 4589 tibi.
691 4535 802 4591 Hoc
826 4539 1027 4591 dictum
1056 4548 1138 4592 cst
1175 4538 1240 4591 ad
1277 4540 1525 4593 timorem
1561 4541 1612 4592 in
1649 4540 1717 4593 iis
1748 4541 2121 4603 excitandum,

544 4629 637 4697 qui
671 4629 984 4684 indolentia:
1015 4631 1144 4683 vitio
1173 4631 1447 4685 laborant.
1475 4629 1630 4686 Tunc
1669 4633 1892 4693 etenim,
1928 4634 2122 4702 inquit,

544 4721 804 4786 cogitatio
839 4723 1018 4775 omnis
1051 4722 1313 4777 humana.
1365 4723 1635 4793 judicanti
1681 4724 1792 4777 Deo
1839 4741 1898 4780 sc
1948 4726 2121 4794 ipsam

548 4813 859 4868 revelabit:
914 4812 1346 4883 ﬂagitationibus
1403 4817 1580 4881 enim,
1645 4817 1821 4886 inquit
1884 4815 2121 4882 Paulus,

548 4904 684 4957 inter
707 4922 762 4960 se
789 4917 968 4960 mutuo
999 4907 1388 4974 accusantibus,
1425 4919 1470 4965 et
1495 4909 1906 4982 defendentibus,
1935 4911 1986 4968 in
2015 4913 2118 4982 die,

547 5013 650 5064 qua
672 4998 934 5068 judiciibit
968 5002 1218 5056 Dominus
1249 5007 1450 5056 occulta
1473 5006 1738 5058 ltommum
1773 5008 1838 5060 ³³.

638 5178 703 5233 Et
734 5183 968 5251 reliquia'
1003 5186 1359 5254 cogitationis,
1413 5187 1544 5238 diem
1575 5189 1766 5254 festum
1809 5202 1961 5259 agent
2005 5194 2118 5245 tibi.

548 5273 686 5343 Ipsm
715 5273 876 5326 etiam
920 5275 1156 5328 minima:
1208 5277 1584 5346 cujusrunque
1614 5282 1961 5348 cogitationis
2003 5300 2127 5350 por-

556 5365 832 5426 tiunculae,
871 5365 1017 5418 diem
1055 5365 1250 5419 festum
1285 5368 1379 5422 tibi
1417 5376 1598 5438 agent,
1626 5370 1730 5425 boc
1758 5381 1860 5430 est,
1889 5387 1946 5426 se
1979 5375 2124 5441 ipsas

556 5457 654 5509 tibi
708 5453 1158 5509 maniiestabunt.
1216 5457 1509 5513 Festivitas
1565 5463 1710 5515 enim
1771 5466 1907 5516 nihil
1976 5466 2124 5520 aliud

556 5554 662 5609 est,
692 5560 852 5612 quam
888 5546 1186 5600 declaratio
1222 5563 1285 5602 ac
1336 5549 1702 5606 manifestatio
1732 5553 1878 5607 illius
1929 5557 2128 5608 Sulcm-

555 5637 766 5699 uitatis,
792 5638 948 5707 cujus
989 5637 1184 5692 festum
1228 5645 1556 5699 celebratur.
1591 5647 1762 5713 Agunt
1793 5646 1952 5714 igitur
1980 5649 2122 5700 diem

615 5815 816 5872 "Psal.
863 5836 974 5886 tu,
1002 5820 1052 5876 8.
1132 5824 1174 5856 “
1203 5824 1340 5880 Gen.
1380 5841 1460 5890 ιιι,
1509 5827 1592 5880 l9.
1663 5827 1701 5857 ³⁸
1737 5824 1893 5880 Rom.
1934 5843 1989 5894 ιι,
2029 5826 2110 5881 lfi.

2297 3336 2388 3406 Γῆ
2431 3335 2718 3405 ἐφοϐήθη.
2752 3336 2850 3388 καί
2884 3335 3206 3402 ἡσύχασεν
3233 3336 3302 3388 ἐν
3335 3332 3415 3400 τῷ
3469 3334 3815 3404 ἀναστῆναι

2222 3434 2307 3495 εὶς
2337 3432 2443 3482 τὸν
2470 3429 2639 3490 Θεὸν,
2681 3425 2787 3480 τοῦ
2813 3425 3011 3480 σῶσαι
3045 3425 3278 3492 πάντας
3310 3426 3676 3495 τοὺςπραεῖς
3699 3426 3814 3496 τῆς

2227 3526 2359 3596 γῆς.
2396 3525 2504 3593 Γῆν
2534 3524 2692 3576 καλεῖ
2734 3524 2912 3576 πάντα
2964 3522 3253 3594 ἄνθρωπον
3318 3526 3453 3596 πρὶς
3477 3526 3535 3578 ὃν
3565 3527 3811 3598 εἴρηται,

2224 3618 2307 3669 ὅτι
2333 3614 2425 3682 Γῆ
2447 3611 2520 3677 εἴ,
2563 3614 2660 3667 καὶ
2687 3616 2775 3679 εΙς
2834 3613 2951 3682 rﬁr
2979 3614 3295 3684 ἀπελεύσῃ
3325 3634 3338 3648 ·
3369 3617 3602 3687 μάλιστα
3629 3618 3688 3671 δὲ
3719 3619 3817 3672 τὸν

2227 3708 2530 3778 φρονοῦντα
2560 3709 2726 3777 γήϊνα
2762 3725 2777 3738 ·
2805 3710 2863 3758 ὲν
2896 3708 2973 3776 τῷ
2990 3709 3294 3778 ἀναστῆναι
3327 3711 3456 3778 γὰρ,
3516 3713 3708 3781 φησὶν,
3731 3715 3814 3778 είς

2229 3802 2329 3870 τὴν
2365 3800 2630 3870 ῥηθεῖσαν
2667 3800 2955 3869 πάνδημον
2990 3800 3177 3871 κρίσιν
3209 3803 3300 3854 τὸν
3329 3803 3484 3867 Θεὸν,
3514 3805 3565 3856 οί
3589 3805 3811 3877 ἄνθρω-

2229 3908 2323 3943 ποι
2354 3891 2557 3953 πάντες
2575 3889 2883 3960 ἡσύχασαν,
2911 3909 3048 3944 κατα
3062 3893 3359 3962 ργηθέντος
3387 3894 3572 3949 λοιπὸν
3604 3899 3814 3960 παντὸς

2226 3979 2390 4049 ἔργον
2418 3997 2432 4010 ⁶
2465 3980 2769 4050 ἀναστῆναι
2806 3981 2860 4032 δὲ
2880 3982 2958 4043 εἰς
2997 3983 3200 4053 κρίσιν,
3233 3985 3326 4036 ἐπὶ
3357 3986 3430 4054 τῷ
3463 3989 3634 4040 σῶσαι
3673 3991 3812 4043 πάν-

2226 4091 2324 4135 τας
2376 4075 2504 4136 τοὺς
2555 4074 2837 4136 δικαίους·
2896 4075 3028 4126 ἴδιον
3082 4078 3190 4145 γὰρ
3242 4076 3454 4131 δικαίου
3511 4082 3714 4147 παντὸς
3776 4086 3810 4153 ἡ

2228 4165 2493 4234 πραότης.

3653 4284 3809 4322 man-

2300 4447 2429 4497 ’Ὁτι
2460 4445 2749 4513 ἐνθύμιον
2775 4444 3092 4511 ἀνθρώπου
3114 4445 3625 4515 ἐξομολογήσεταί
3677 4468 3801 4505 σοι.

2229 4537 2403 4589 Τοῦτο
2428 4538 2568 4604 πρὸς
2603 4536 2768 4601 φόὸον
2795 4541 2974 4588 κεῖται
3007 4536 3115 4587 τῶν
3146 4538 3491 4608 ἀναλγήτων.
3530 4543 3634 4595 Καὶ
3691 4546 3804 4612 γὰρ

2225 4629 2365 4692 τότε,
2403 4633 2558 4697 φησι,
2587 4630 2693 4680 πᾶν
2724 4628 3066 4696 ἀνθρώπινον
3098 4629 3356 4701 ἐνθύμιον
3407 4633 3570 4686 ἑαυτὸ
3598 4635 3804 4686 ἀνακα-

2227 4721 2387 4789 λύψει
2417 4739 2500 4773 σοι
2530 4721 2830 4782 δικάζοντι.
2883 4722 3080 4774 Ἀκουε
3131 4722 3226 4774 τοῦ
3295 4725 3536 4792 μεγάλου
3590 4726 3807 4779 Παύλου

2227 4815 2357 4882 περὶ
2384 4813 2580 4867 τούτου
2612 4813 2866 4886 λέγοντος
2887 4837 2900 4848 ·
2927 4815 3164 4884 Μεταξὺ
3186 4816 3482 4890 ἀλλήλων
3538 4817 3658 4874 τῶν
3704 4823 3811 4875 λο-

2234 4904 2465 4980 γισμῶν
2523 4913 3038 4980 κατηγορούντων,
3089 4913 3121 4979 ἢ
3173 4912 3270 4965 καί
3301 4911 3812 4980 ἀπολογουμένων

2232 5008 2300 5058 ἐν
2323 5004 2532 5072 ἡμέρᾳ,
2565 5005 2662 5058 ὅτε
2691 5002 2882 5072 κρινεῖ
2914 5006 2946 5057 ὀ
2979 5005 3122 5069 Θεὸς
3150 5005 3224 5056 τὰ
3258 5004 3495 5072 κρυπτὰ
3548 5002 3669 5057 τῶν
3701 5004 3814 5058 ἁν-

2232 5097 2497 5164 θρώπων.

2305 5190 2412 5243 Καὶ
2477 5187 2919 5256 ἐγκατάλειμμα
2988 5187 3274 5255 ἐνθυμιόυ
3347 5187 3618 5255 ἑορτάσει
3683 5205 3809 5243 σοι.

2234 5280 2690 5349 Ἐγκατάλειμμα
2733 5283 2937 5332 νοεῖται
2993 5279 3052 5332 τὸ
3099 5280 3380 5348 λείψανονο
3437 5281 3686 5350 βούλεται
3753 5283 3812 5334 δὲ

2235 5374 2410 5424 εἰπεῖν
2443 5373 2525 5424 ὅτι
2558 5372 2652 5423 καὶ
2681 5371 2812 5423 αὐτὸ
2834 5372 2894 5423 τὸ
2923 5372 3260 5442 βραχύτατον
3287 5373 3474 5443 μόριον
3527 5374 3621 5426 τοῦ
3650 5374 3814 5427 ἐνου-

2239 5466 2491 5535 μὴματος
2558 5465 2812 5529 ἑορτάσει
2892 5482 3014 5528 σοι,
3061 5467 3361 5529 τουτέστιν,
3408 5465 3664 5532 ἐπιδείξει
3729 5485 3814 5520 σοι

2235 5557 2396 5608 ἑαυτό
2420 5574 2431 5585 ι
2464 5558 2624 5625 ἑορτὴ
2664 5556 2773 5626 γὰρ
2809 5556 3064 5622 ἐπίδειξίς
3099 5559 3215 5609 ἐστι
3266 5558 3360 5611 τοῦ
3410 5558 3815 5626 ἑορταζομένου

2237 5648 2584 5715 πράγματος.
2617 5649 2778 5700 Ὅοεν
2797 5650 2885 5700 καὶ
2911 5648 3204 5716 ἑορτάσει,
3222 5651 3341 5703 ἀντί
3365 5648 3456 5703 τοῦ
3480 5649 3813 5720 Θεατρήσει.
