4188 6290
425 267 535 332 839
1647 257 2043 320 EUTIIYMII

2148 252 2447 314 LGAliENl
3597 233 3704 298 840

502 380 567 434 Et
603 395 759 447 super
792 378 962 448 ﬁlium
1008 375 1259 439 hominis,
1298 390 1450 446 quem
1495 373 1761 426 roborusti
1809 374 1920 425 tibi.
1980 372 2018 424 Λ

2197 369 2306 424 Καὶ
2364 367 2463 420 ἐπὶ
2523 364 2658 418 υἱὸν
2689 359 3004 430 ἀνθρώπου
3040 353 3450 424 ἑκραταίωσας
3491 347 3707 414 ἐαυτῷ.

427 473 712 529 communi
742 488 907 526 sensu
949 470 1280 524 sumendum
1309 479 1395 524 est
1447 468 1673 522 verbum
1702 507 1717 531 ,
1771 465 2012 534 Respira.

2148 462 2272 514 iam
2308 459 2490 512 κοινοῦ
2527 457 2583 510 δὲ
2608 453 2868 518 ἐνταῦθα,
2907 451 2967 504 τὸ
2993 449 3366 515 Ἐπίϐλεψον
3407 445 3517 512 (94)
3546 461 3557 474 ·
3595 444 3712 495 olim

433 565 537 620 Per
568 561 769 618 Filium
801 572 984 616 autem
1012 561 1240 616 hominis
1272 603 1286 626 ,
1329 559 1502 615 Judaei
1555 558 1779 628 quidem
1836 573 2017 626 regem

2148 557 2181 608 ῖὲ
2243 553 2534 622 ἀνθρώπου
2600 546 2837 603 ἐνταῦθα
2878 544 3125 598 Ἰουδαῖοι
3196 541 3292 612 μὲν
3349 539 3568 607 λέγουσι
3621 536 3714 588 τὸν

435 658 751 726 intelligunt
784 654 1125 716 Zorobabel,
1157 653 1246 707 cui
1299 654 1468 708 robur
1514 625 1816 723 priestitum
1863 625 1946 704 est
1993 663 2022 701 a

2148 644 2444 717 509560165).
2474 660 2488 674 ·
2531 642 2588 706 ὃς
2619 636 2970 710 ἐκραταιώθη
3008 635 3111 688 ὑπὸ
3138 633 3299 697 Θεοῦ,
3331 633 3427 686 καὶ
3459 628 3609 700 παρὰ
3637 625 3716 696 τῷ

433 754 565 821 Deo,
595 723 802 822 q_uique
828 751 973 819 apud
1002 765 1180 820 regem
1220 749 1439 803 Darium
1467 747 1607 800 duos
1667 746 1788 799 illos
1843 745 2027 797 allole‘

2148 737 2353 807 βασιλεῖ
2399 734 2614 804 Δαρείῳ
2695 731 2980 800 νενίκηκεν
3032 729 3158 788 τοὺς
3210 727 3305 780 δύο
3357 723 3716 781 νεανίσκους·

432 856 651 902 licentes
674 845 991 912 superavit,
1033 844 1238 898 docens
1281 841 1428 912 quod
1484 839 1744 892 mulieres
1793 836 1922 890 vino
1972 844 2028 890 ct

2148 831 2426 897 λποδείξας
2454 831 2568 903 (95)
2602 828 2686 881 ὅτι
2720 826 2940 879 πάντων
2977 819 3276 892 κρατοῦσιν
3329 817 3385 870 al.
3433 817 3715 884 γυναῖκες,

438 954 562 1007 rege
595 939 855 993 fortiores
884 944 1093 998 essent,
1121 944 1176 989 et
1203 943 1386 988 tamen
1418 932 1563 1003 quod
1599 930 1800 985 veritas
1827 945 1916 982 om
1933 930 2024 982 nia

2148 922 2232 976 ml.
2292 922 2327 992 ἡ
2389 920 2659 991 ἀλήθεια’
2715 916 2810 971 καὶ
2861 910 3283 983 θαυμαστωθεὶς
3338 907 3575 976 ἀνῆλθε·
3621 903 3721 958 καὶ

436 1033 677 1086 vinceret
705 1047 719 1095 ;
750 1029 894 1083 unde
921 1029 1178 1082 omnibus
1209 1025 1559 1079 admirationi
1586 1024 1705 1087 fuit,
1727 1033 1781 1076 et
1801 1037 2031 1076 conces-

2149 1012 2488 1084 ξηιοδὸμησεν
2513 1010 2605 1063 τὸν
2636 1005 3019 1078 ὲμπρισθέντα
3063 1000 3191 1055 ναὸν
3247 1001 3342 1052 καί
3373 998 3476 1068 τὴν
3524 993 3682 1048 πόλιν
3704 1007 3719 1022 °

438 1139 558 1180 sum
581 1125 628 1177 ei
647 1133 730 1178 est
751 1135 806 1178 ut
823 1121 1143 1176 ascenderet
1163 1121 1216 1172 in
1231 1117 1560 1181 Jerusalem,
1579 1125 1745 1185 utque
1768 1122 2025 1169 exustum

2148 1106 2300 1177 ἡμεῖς
2335 1105 2392 1158 δὲ
2445 1101 2627 1173 φαμὲν
2683 1102 2800 1154 υἱὸν
2849 1095 3143 1168 ἀνθρώπου
3169 1093 3262 1146 τὸν
3296 1087 3721 1160 προσληφθέντα

441 1216 702 1288 templum
730 1224 845 1290 ,.et
893 1215 1136 1269 dirutam
1189 1210 1466 1266 civitatem
1508 1211 1864 1264 instauraret.
1913 1203 2024 1261 Nos

2148 1198 2450 1269 ἱνθρωπον.
2494 1195 2552 1248 '0
2584 1195 2692 1265 γὰρ
2730 1191 2862 1255 Θεὸς
2897 1190 3071 1257 Λόγος
3114 1185 3492 1257 ὲκραταίωσεν
3520 1178 3726 1252 ἐαυτῷ,

444 1316 624 1362 autem
657 1279 986 1376 per‘Filium
1017 1301 1244 1356 hominis
1277 1340 1293 1364 ,
1322 1308 1668 1367 assumptum
1717 1312 1746 1349 a
1779 1293 1889 1347 Deo
1921 1293 2023 1347 ho-

2148 1292 2444 1355 τουτέστιν,
2497 1287 2585 1355 ἐφ’
2638 1285 2838 1351 αὑτοῦ,
2890 1285 3004 1339 ἀπὸ
3056 1283 3158 1353 τῆς
3209 1278 3377 1333 αὑτοῦ
3438 1275 3730 1345 δυνάμεως

443 1402 644 1454 minem
679 1397 1062 1468 intelligimus,
1086 1392 1366 1449 Christum
1400 1392 1660 1444 nimirum
1697 1387 1863 1458 :quia
1885 1385 2028 1438 Deus

2148 1385 2414 1456 μεταδοὺς
2446 1381 2618 1455 αὐτῷ,
2655 1381 2749 1435 λαὶ
2775 1377 3104 1449 δυναμὼσας
3140 1373 3284 1428 κατὰ
3306 1372 3403 1425 τοῦ
3434 1370 3724 1440 πολεμίου.

443 1489 681 1547 Verbum
702 1530 720 1558 ,
760 1489 864 1545 sibi
895 1488 997 1558 ipsi
1026 1527 1042 1553 ,
1073 1489 1176 1541 hoc
1204 1492 1326 1550 est,
1359 1485 1413 1538 in
1450 1498 1509 1539 se
1533 1482 1652 1552 ipso
1686 1488 2030 1547 assumptum

2148 1477 2290 1549 Πρὸς
2318 1479 2412 1529 τὸν
2445 1473 2826 1545 προσλαϐόντα
2852 1469 2964 1541 γὰρ
2999 1469 3096 1547 νῦν
3125 1467 3261 1538 εὐχὴ
3288 1465 3417 1534 περὶ
3435 1461 3530 1517 τοῦ
3553 1476 3727 1534 προσ-

445 1584 724 1642 hotninem
759 1582 1079 1645 roboravit,
1116 1580 1346 1634 tradens
1391 1587 1556 1645 atque
1612 1572 1937 1643 impertiens
1982 1569 2034 1624 ei

2148 1569 2467 1642 ληφθέντος,
2501 1568 2590 1624 ἵνα
2624 1567 2821 1622 θᾶττον
2845 1565 3011 1618 αὑτὸν
3039 1560 3352 1633 προσλάὸῃ.

444 1690 665 1732 omnem
693 1675 949 1731 virtutem
981 1688 1140 1730 suam
1170 1715 1186 1739 ,
1209 1681 1264 1728 et
1291 1679 1566 1739 potentem
1607 1683 1731 1722 eum
1787 1664 2031 1720 elliciens
2069 1663 2336 1718 adversus
2375 1663 2685 1718 inimicum.
2712 1659 2839 1715 Haec
2873 1665 3054 1714 autem
3087 1657 3253 1710 verba
3314 1653 3382 1707 ad
3440 1663 3733 1706 assumeno

447 1779 554 1824 tem
581 1768 923 1824 divinitatem
965 1765 1032 1821 de
1069 1775 1354 1834 assumpta
1407 1762 1747 1817 humanitate
1804 1774 1836 1814 a
1883 1757 2152 1827 Propheta
2183 1756 2328 1812 dicta
2350 1765 2502 1820 sunt,
2533 1756 2679 1809 utad
2699 1752 2966 1818 futuram.
3025 1760 3195 1823 atque
3262 1763 3295 1803 s
3359 1761 3421 1802 so
3485 1750 3730 1815 optatam

446 1862 539 1917 Dei
570 1861 1002 1917 incarnationem
1034 1875 1157 1915 eum
1193 1860 1367 1930 magis
1397 1858 1674 1912 incitaret.

519 1953 687 2010 Vens.
719 1955 806 2009 l7.
848 1950 1072 2008 Incensa
1106 1953 1218 2021 igni
1239 1927 1568 2019 crsu/fossa.
1594 1945 2038 2018 Subintelligitur

2214 1938 2742 2012 Ἔμπεπυρισμένη
2765 1934 2909 2006 πυρί
2937 1936 3037 1990 καὶ
3065 1928 3520 2001 ἀνεσκαμμένη.
3538 1927 3740 2021 Aci-ttat

449 2049 700 2112 verbum,
739 2056 858 2112 est,
896 2046 980 2100 vel
1006 2047 1106 2114 fuit
1161 2043 1264 2113 (ut
1291 2043 1364 2097 sit
1405 2055 1603 2097 sensus
1638 2056 1653 2093 :
1709 2040 1879 2095 Vinea
1929 2040 2047 2095 haec

451 2154 544 2200 tua
572 2141 684 2214 igni
723 2141 829 2196 iuit
864 2141 1108 2204 incensa,
1135 2149 1188 2192 et
1213 2138 1450 2206 amplius
1476 2137 1640 2190 etiam
1664 2132 1919 2197 suffossa,
1942 2135 2046 2189 hoc

451 2241 556 2297 est,
591 2232 660 2287 ah
687 2231 820 2302 ipsis
851 2229 1131 2285 radicibus
1159 2229 1394 2296 eversa)
1428 2242 1441 2292 ;
1475 2241 1569 2297 per
1600 2226 1816 2280 vineam
1850 2233 2040 2280 autem

453 2325 604 2380 illius
644 2325 814 2379 vinea:
849 2337 1040 2395 agrum
1069 2362 1084 2384 ,
1113 2320 1197 2375 vel
1225 2320 1399 2390 ipsam
1451 2319 1732 2373 civitatem
1788 2317 2044 2387 intelligit

451 2415 784 2480 Jerusalem.
816 2431 982 2486 quam
1016 2429 1129 2470 non
1181 2421 1394 2468 tantum
1451 2412 1564 2484 igni
1625 2411 1994 2468 incenderunt
2023 2449 2041 2476 ,

2145 2036 2231 2103 τὸ,
2263 2036 2460 2090 ἐστίν.
2516 2033 2829 2086 Αίνίττεται
2863 2029 2920 2082 δὲ
2953 2026 3044 2081 διὰ
3076 2024 3176 2096 τῆς
3212 2020 3461 2093 ἀμπέλου
3492 2017 3591 2091 τὴν
3630 2015 3741 2085 γῆν

2143 2130 2340 2198 αὐτῆς,
2382 2127 2564 2181 είτουν
2594 2127 2695 2198 τὴν
2726 2124 2885 2178 πόλιν
2910 2120 3024 2176 τῶν
3071 2114 3495 2191 Ἰεροσολύμωνο
3542 2111 3604 2167 οὑ
3639 2110 3740 2182 9.6-

2143 2241 2235 2277 vov
2289 2224 2400 2293 γὰρ
2430 2220 2601 2292 αὐτὴν
2633 2217 2996 2290 ἐνεπύρισαν,
3053 2213 3192 2268 ἀλλὰ
3246 2211 3344 2267 καὶ
3373 2205 3696 2276 ἅνέσκαψαν
3720 2219 3740 2238 ·

2141 2319 2317 2373 ταῦτα
2347 2317 2403 2370 δὲ
2435 2318 2485 2370 οἱ
2521 2312 2859 2368 Βαϐυλώνιοι
2899 2307 3298 2378 πεποιήκασιν,
3328 2302 3406 2367 ὡς
3435 2301 3469 2375 ἡ
3500 2299 3740 2372 τετάρτη

2138 2409 2251 2464 τῶν
2287 2406 2592 2464 Βασιλειῶν
2632 2405 2817 2477 βίϐλος
2849 2403 3080 2472 ἱστορεῖ.

454 2510 550 2567 sed
580 2511 744 2566 etiam
776 2507 1148 2574 sun‘oderunt,
1179 2514 1398 2577 atquea
1447 2505 1826 2562 fundamentis
1875 2511 2214 2562 everterunt.
2247 2503 2375 2562 Hac
2413 2513 2597 2559 autent
2620 2500 2806 2557 omnia
2871 2512 2906 2554 a
2970 2492 3293 2565 Babyloniis
3350 2498 3504 2562 gesta
3587 2494 3738 2552 sunt,

453 2597 915 2674 quemadmodum
937 2597 993 2652 in
1029 2595 1237 2669 Regum
1266 2595 1421 2653 libris
1449 2596 1710 2652 traditur.

537 2691 609 2749 Ab
648 2691 1006 2761 increpatione
1035 2690 1209 2744 uultus
1248 2691 1326 2742 tui
1353 2687 1622 2759 peribunt.
1645 2685 1751 2744 Per
1800 2688 2047 2760 increpa-

455 2787 657 2840 tionetn
693 2786 794 2837 hoc
824 2786 946 2837 loco
973 2780 1214 2836 divinam
1269 2779 1410 2834 iram
1455 2778 1732 2850 intelligit.
1782 2777 1868 2835 Ira
1914 2790 2009 2834 tua
2033 2819 2050 2848 ,

458 2878 661 2947 inquit.
699 2871 959 2929 Hebraeos
988 2873 1202 2942 perdet,
1233 2881 1284 2928 te
1313 2871 1522 2928 scilicet
1545 2872 1919 2942 permittente,
1944 2870 2052 2928 Ba-

458 2970 708 3038 bylonios
738 2971 817 3022 sit:
846 2965 1051 3021 facere.
1083 2962 1272 3035 Neque
1304 2965 1450 3018 enim
1481 2962 1710 3019 Judaeos
1761 2962 2047 3037 Babylonii

459 3068 814 3130 superassent
843 3099 858 3125 ,
899 3056 1006 3113 nisi
1038 3066 1093 3111 tu
1125 3057 1298 3111 vineae
1328 3070 1512 3128 sepem
1552 3055 1959 3125 destruxisses,
1991 3065 2053 3113 ut

459 3154 719 3207 diximus.

518 3244 686 3299 Vens.
716 3243 801 3298 18.
830 3241 954 3298 Fiat
981 3259 1168 3298 manus
1188 3252 1282 3298 tua
1302 3257 1458 3309 super
1473 3243 1643 3298 virum
1662 3241 1896 3298 dextere
1914 3251 2037 3298 tum.

459 3344 635 3412 Αιιιιιο
671 3344 781 3396 hoc
825 3342 993 3396 simili
1035 3340 1198 3396 modo
1249 3341 1399 3395 dicta
1442 3354 1569 3396 esse
1621 3340 1935 3410 intelligunt
1973 3338 2043 3394 de

461 3433 783 3489 Zorobabel.
828 3431 1044 3500 Veniat,
1071 3432 1327 3502 inquiunt
1354 3470 1372 3496 ,
1401 3430 1455 3484 in
1484 3446 1610 3486 eum
1644 3433 1885 3502 potentia
1921 3439 2036 3486 tua.

465 3525 649 3580 Vtrum
687 3537 868 3580 autem
905 3524 1146 3580 dexterae
1177 3523 1459 3594 Scriptura
1489 3540 1615 3578 eum
1647 3522 1920 3595 appellare
1959 3538 2049 3578 so-

464 3619 556 3682 let.
601 3621 688 3675 cui
725 3620 948 3674 dextera
983 3618 1270 3672 familiaris
1322 3627 1428 3673 est.
1487 3615 1597 3672 Nos
1645 3631 1777 3672 vero
1833 3618 1938 3672 hoc
1989 3618 2044 3671 in

463 3713 586 3766 loco
610 3723 955 3781 assumptum
983 3711 1261 3765 hominem
1299 3709 1681 3780 intelligimus,
1710 3709 1869 3777 quasi
1896 3715 2050 3779 optet

463 3805 760 3875 PrOpltela,
790 3817 847 3857 ut
880 3805 1037 3873 signa
1074 3811 1131 3858 et
1163 3800 1451 3866 miracula,
1478 3817 1598 3870 qua:
1625 3816 1820 3854 manus
1872 3801 1962 3855 Dei
1991 3809 2048 3855 et

468 3899 558 3953 Dei
587 3898 793 3968 digitus
826 3897 1106 3962 dicuntur,
1141 3895 1277 3950 fiant
1329 3910 1496 3965 super
1547 3894 1720 3948 virum
1769 3895 2004 3948 dextera:
2027 3933 2045 3958 ,

466 3993 568 4044 hoc
600 4001 707 4065 est,
740 4003 908 4059 super
932 3988 1083 4042 illum
1115 3989 1328 4052 Virum,
1357 3989 1444 4041 cui
1490 3988 1714 4042 dextera
1757 3987 1932 4042 Patris
1969 3989 2048 4041 fa-

466 4081 696 4134 miliaris
724 4089 828 4134 est.
860 4077 1091 4132 Dextera
1125 4088 1307 4132 autem
1332 4076 1511 4133 Patris
1543 4086 1628 4132 est
1660 4074 1856 4144 Filius,
1878 4076 2049 4133 veluti

465 4185 649 4225 rerum
691 4170 938 4223 omnium
971 4176 1207 4234 creator,
1237 4177 1293 4223 et
1324 4167 1537 4236 Opifex.

543 4261 613 4316 Et
650 4277 809 4330 super
839 4258 1044 4314 Filium
1070 4259 1322 4324 hominis,
1344 4275 1494 4329 quem
1523 4258 1792 4314 roborasli
1825 4260 1940 4314 tibi.
1974 4259 2050 4316 De

465 4353 657 4410 eodem
704 4352 924 4407 Christo
988 4351 1248 4420 loquitur,
1301 4351 1556 4408 eumdem
1622 4362 1874 4422 repetens
1931 4368 2050 4408 ser-

467 4463 708 4502 monem.
762 4443 962 4498 Filium
1010 4452 1195 4499 autem
1240 4441 1480 4498 hominis
1532 4444 1768 4514 seipsum
1794 4445 2047 4501 Christus

465 4538 686 4592 assidue
718 4534 1031 4606 appellabat
1091 4543 1315 4604 propter
1358 4546 1582 4587 carnem
1635 4543 1970 4601 assumptam
2017 4548 2048 4588 e

470 4629 710 4699 Virgine.

539 4719 707 4775 Vens.
740 4719 824 4774 19.
867 4716 934 4771 Et
975 4733 1077 4771 non
1117 4716 1450 4772 discedamus
1502 4731 1535 4768 a
1584 4724 1652 4768 te.
1689 4711 1901 4770 Hebraei
1932 4715 2053 4784 qui-

2221 2683 2372 2741 Ἀπὸ
2410 2677 2817 2751 ἐπιτιμήσεως
2870 2674 2980 2730 τοῦ
3041 2669 3370 2742 προσώπου
3426 2682 3545 2724 σου
3589 2664 3742 2722 ἀπο-

2146 2779 2426 2839 λοῦνται.
2467 2774 2826 2845 Ἐπιτίμησις
2860 2768 2959 2823 νῦν
2990 2769 3023 2837 ἡ
3053 2767 3217 2838 ὀργή.
3269 2761 3438 2832 Λέγει
3464 2759 3524 2814 δὲ
3556 2760 3640 2814 ὅτι
3677 2758 3739 2814 Ἡ

2148 2872 2290 2946 ὀργή
2322 2887 2416 2924 σου
2448 2865 2710 2923 ἀπολέσει
2739 2864 2868 2929 τοὺς
2902 2860 3196 2934 Ἐὄραίους
3226 2899 3245 2924 ,
3281 2852 3740 2928 παραχωροῦντος

2146 2969 2262 3032 τοῖς
2298 2961 2705 3025 Βαϐυλωνίοις·
2754 2958 2816 3012 οὐ
2868 2956 2980 3028 γὰρ
3011 2954 3080 3010 ἂν
3107 2951 3292 3008 αὐτῶν
3339 2949 3738 3021 ὕπερίσχυσαν,

2144 3062 2195 3116 ει
2233 3059 2310 3133 μὴ
2343 3060 2409 3113 σὺ
2439 3055 2693 3118 meum
2719 3051 2810 3108 τὸν
2837 3050 3120 3124 φραγμὸν,
3147 3048 3223 3113 ὡς
3253 3046 3500 3119 εἴρηται.

2221 3234 2543 3306 Γενηθήτω
2580 3232 2620 3302 ἠ
2656 3231 2786 3303 χείρ
2813 3244 2932 3283 σου
2973 3225 3069 3280 ἐπ’
3121 3222 3318 3294 ἄνδρα
3361 3218 3570 3286 δεξιᾶς
3596 3230 3744 3272 σου.

2151 3332 2262 3387 Καὶ
2284 3329 2444 3384 τοῦτο
2472 3327 2604 3398 περὶ
2631 3324 2725 3379 τοῦ
2750 3319 3061 3394 Ζοροῦἁϐελ
3090 3316 3330 3372 νοοῦσιν.
3361 3311 3742 3369 ὀτιἙλθιτω

2149 3427 2184 3498 ἡ
2213 3422 2444 3493 δύναμίς
2484 3438 2580 3474 σου
2633 3418 2729 3472 ἐπὶ
2772 3416 2974 3486 τούτῳ.
2998 3413 3205 3482 Ἀνδρα
3234 3409 3290 3464 δὲ
3318 3409 3499 3476 δεξιᾶς
3543 3407 3636 3460 τὸν
3664 3405 3748 3459 ol-

2150 3497 2300 3572 stsiov
2327 3520 2393 3588 τῇ
2431 3513 2589 3583 δεξιᾷ
2619 3526 2790 3580 φησιν
2815 3511 2850 3580 ἡ
2876 3507 3096 3579 Γραφή.
3135 3504 3332 3574 Ἡμεῖς
3371 3502 3431 3556 δὲ
3458 3501 3553 3553 καὶ
3579 3497 3742 3553 τοῦτο

2151 3620 2285 3683 περὶ
2313 3609 2408 3663 τοῦ
2449 3604 2904 3680 προσληφθέντος
2935 3600 3050 3673 (96)
3089 3599 3295 3682 φαμένς
3327 3593 3421 3650 τοῦ
3444 3593 3741 3665 Προφήτου

2152 3676 2604 3777 παρακαλοῦντος
2669 3698 2848 3752 ἐλθεῖν
2876 3695 2947 3750 τὰ
2979 3695 3202 3764 σημεῖα,
3252 3676 3290 3744 ἃ
3333 3689 3582 3756 λέγονται
3615 3685 3740 3756 χεὶρ

2150 3798 2311 3864 Θεοῦ,
2345 3798 2438 3849 καὶ
2464 3791 2726 3854 δάκτυλος
2758 3787 2920 3852 Θεοῦ,
2956 3788 3049 3842 ἐπὶ
3075 3785 3166 3838 τὸν
3198 3782 3370 3853 ἄνδρα
3402 3780 3507 3850 τῆς
3551 3778 3738 3845 δεξιᾶς

2149 3893 2245 3948 τοῦ
2288 3889 2500 3959 Πατρός
2529 3903 2542 3918 ·
2575 3883 2733 3952 δεξιὰ
2762 3881 2820 3938 δὲ
2843 3882 2938 3936 τοῦ
2969 3878 3181 3952 [ἰατρὸς
3226 3876 3377 3941 Υἱὸς,
3411 3873 3487 3938 ὡς
3517 3874 3741 3928 πάντων

2149 3982 2508 4058 δημιουργός.

2219 4250 2334 4306 Καί
2380 4247 2482 4303 ἐπὶ
2530 4247 2666 4301 υἱὸν
2686 4241 3032 4311 ἀνθρώπου,
3086 4238 3162 4293 ὃν
3188 4237 3606 4306 ἐκραταίωσας
3633 4250 3740 4290 σε·

2151 4343 2337 4406 αυτῷ.
2383 4343 2487 4396 Τὸν
2533 4338 2699 4392 αὑτὸν
2741 4337 2880 4407 φησὶ
2909 4331 3276 4401 παλιλλογῶν,
3313 4331 3409 4383 καὶ
3446 4333 3473 4383 ὁ
3504 4330 3739 4399 Χριστὸς

2156 4438 2215 4492 δὲ
2290 4437 2418 4490 Υίδν
2489 4430 2782 4502 ἀνθρώπου
2845 4427 3128 4498 ὠνόμαζεν
3197 4423 3416 4485 ἑαυτὸν,
3478 4421 3569 4475 διὰ
3637 4420 3735 4488 τὴν

2154 4530 2491 4600 φαινομένην
2549 4526 2752 4594 σάρκα,
2815 4523 2883 4592 ἣν
2942 4522 3007 4574 ὲκ
3062 4517 3164 4586 τῆς
3222 4514 3502 4584 Παρθένου
3558 4527 3730 4583 προσ-

2071 4632 2124 4694 Ῐ)
2153 4623 2368 4677 ἐλαϐεν.

2221 4715 2335 4769 Kal
2378 4712 2452 4768 οὐ
2480 4711 2562 4778 μὴ
2588 4704 3102 4777 ἀποστῶμενόπὸ
3149 4701 3288 4756 σοῦ.
3334 4697 3576 4770 Ἑϐραῖοι
3633 4697 3757 4769 μιν·

464 4813 588 4866 dem
617 4827 646 4865 a
691 4811 835 4866 duce
885 4809 1211 4872 Zorobabel,
1282 4823 1384 4862 nos
1425 4815 1608 4861 autem
1640 4825 1670 4860 ιι
1703 4807 1949 4872 Christo,
1983 4821 2046 4860 ex

2150 4807 2511 4877 ὁδηγούμενοι
2541 4803 2699 4874 παρὰ
2723 4801 2824 4853 τοῦ
2883 4795 3220 4868 Ζοροδὰσελ,
3286 4795 3447 4864 ἡμεῖς
3471 4791 3530 4845 δὲ
3579 4793 3736 4862 παρὰ

466 4915 655 4960 nostra
680 4906 825 4958 enim
847 4916 1080 4969 persona
1110 4901 1444 4956 versiculum
1463 4901 1608 4956 hunc
1632 4898 1902 4969 Propheta
1921 4914 2046 4954 con-

2150 4900 2247 4955 τοῦ
2269 4898 2529 4970 Χριστοῦ.
2568 4895 2854 4964 Προσώπῳ
2882 4891 2992 4960 γὰρ
3024 4888 3184 4960 ἡμῶν
3205 4887 3267 4941 τὸ
3303 4885 3467 4958 ῥητὸν
3505 4885 3537 4938 ὁ
3589 4884 3736 4952 H90-

469 4997 716 5067 scripsit.

2153 4995 2330 5063 φήτης
2364 4991 2628 5045 τέθεικεν.

548 5087 846 5156 Vivi/icabis
890 5104 982 5142 nos
1011 5093 1060 5141 et
1106 5101 1292 5138 nomen
1331 5094 1479 5136 tuum
1525 5082 1905 5136 invocabimus.
1942 5080 2041 5135 Ju-

2223 5086 2271 5136 Ζ
2272 5081 2493 5145 ωώσεις
2509 5078 2668 5150 ἡμᾶς
2681 5078 2778 5132 καὶ
2798 5079 2864 5131 τὸ
2883 5075 3075 5143 ὄνομά
3093 5091 3212 5129 σου
3225 5067 3732 5136 ἐπικαλεσάμεθα.

466 5183 614 5238 dicos
648 5182 948 5236 vivificabis
981 5179 1294 5235 renovando
1331 5193 1521 5231 eorum
1565 5178 1840 5230 civitatem
1873 5193 1889 5241 ;
1941 5189 2043 5230 nos

2152 5175 2404 5235 luminat;
2432 5172 2722 5232 Ἰουδαίους
2761 5170 2863 5239 μὲν
2891 5172 2955 5237 τῇ
2979 5165 3286 5220 ἀνανεώσει
3323 5164 3423 5232 τῆς
3478 5161 3692 5222 πόλεως
3715 5177 3728 5192 ’

468 5287 648 5329 autem
702 5273 911 5339 ﬁdeles,
969 5271 1280 5327 renovando
1337 5271 1643 5322 animarum
1719 5269 2040 5338 dignitatem

2153 5268 2299 5337 ἡμᾶς
2331 5265 2388 5318 δὲ
2415 5268 2478 5337 τῇ
2514 5262 2812 5320 ἀνανεώσει
2843 5260 2937 5314 τοῦ
2959 5261 3272 5330 ἀξιώματος
3299 5257 3397 5324 τῆς
3425 5254 3602 5326 ψυχῆς
3643 5251 3733 5306 διὰ

469 5381 566 5438 per
602 5366 842 5420 salutare
872 5365 1217 5434 baptismatis
1250 5363 1550 5416 lavacrum.
1578 5358 1673 5417 liis
1695 5361 1841 5416 enim
1875 5359 2044 5414 antis-

2149 5358 2242 5412 τοῦ
2291 5356 2691 5427 βαπτίσματος.
2723 5351 3175 5425 ,Ἐνεκρὼθημεν
3239 5350 3351 5421 γὰρ
3375 5350 3444 5419 τῇ
3483 5344 3734 5417 ἀπωλείᾳ

1822 5539 2021 5604 Varie:
2054 5539 2381 5603 lectiones.

2141 5675 2223 5718 tas
2255 5662 2435 5716 omnia
2467 5660 2748 5712 vincerent.

543 5668 597 5739 (9
613 5668 654 5738 ἱ)
688 5666 891 5739 Supplc
929 5668 1181 5738 ληπτέον.

2213 5735 2324 5799 (915)
2360 5731 2518 5787 Deest
2546 5729 2857 5784 ἁνθοώπου.

541 5736 651 5810 (95)
685 5736 1016 5797 Att—verbum
1050 5736 1368 5810 simpliciter
1393 5737 1531 5797 quod
1555 5737 1796 5793 t-tuliem
1823 5754 1865 5791 et
1896 5737 2028 5792 veri-
