4194 6302
494 363 601 425 863

1727 359 2109 422 EUTHYMII
2152 357 2515 418 ZIGABENI

3656 352 3766 414 864

495 484 719 530 cuntur.
779 489 812 526 n
851 472 946 527 illo
969 473 1113 527 enim
1145 475 1368 537 srcrulo,
1418 476 1568 544 pravi
1631 490 1826 528 omnes
1872 475 2064 528 erubeo

2179 470 2367 542 V‘qpol,
2418 467 2900 539 δημοσιευομένων
2959 467 3142 530 αὐτοῖς
3203 468 3313 522 τῶν
3373 467 3590 537 ἔργων·
3665 468 3763 522 καὶ

498 576 684 630 tinent,
719 576 773 620 et
829 567 1265 631 confunduntur,
1325 567 1641 634 publicatis,
1681 581 1743 620 ac
1781 567 2076 636 tlivulgatis

498 675 692 714 eorum
748 659 1013 729 operibus
1079 679 1092 712 :
1146 667 1201 712 et
1252 658 1651 721 turbabuntur,
1723 658 1816 711 ubi
1872 657 2078 726 judieis

499 752 896 816 constantiam,
962 765 1026 806 ac
1082 752 1430 805 severitatem
1494 749 1752 813 viderint,
1793 761 1845 804 et
1878 748 2078 804 deinde

497 844 661 900 etiam
697 846 1019 912 punientur.

572 935 735 991 Vens.
776 936 859 991 I9.
896 935 963 988 Et
996 934 1334 1006 cognoscant,
1366 934 1505 1004 quod
1537 950 1719 989 nomen
1760 935 1856 987 tibi
1898 933 2080 988 Domi-

499 1045 618 1086 nus.
653 1029 812 1082 Inviti
849 1028 1015 1100 igitur
1043 1027 1094 1081 id
1134 1040 1498 1097 cognoscant.
1524 1036 1644 1096 post
1677 1042 1840 1095 quam
1878 1039 2077 1097 sponte

499 1121 814 1173 noluerunt.

571 1210 649 1263 Tu
683 1213 828 1265 solus
852 1210 1148 1265 altissimus
1173 1213 1226 1264 in
1249 1228 1455 1264 omnem
1482 1221 1700 1264 terram.
1729 1213 1768 1264 Δ
1795 1210 2077 1265 communi

496 1320 662 1360 sensu
693 1306 1021 1359 sumendum
1073 1315 1160 1360 est
1207 1306 1457 1366 verbum,
1525 1305 1876 1374 Cognoscant.
1907 1305 2079 1359 Addi-

495 1397 676 1462 scaul,
712 1398 916 1465 inquit,
945 1398 1091 1466 quod
1126 1407 1181 1450 ιιι
1227 1397 1377 1451 solus
1413 1395 1559 1451 Deus
1593 1412 1652 1450 es
1685 1397 1856 1450 totius
1889 1407 2074 1450 terrm.

494 1490 838 1546 Altissimum
871 1499 1054 1544 autem
1101 1490 1268 1544 Deum
1305 1493 1540 1552 vocavit,
1595 1490 1758 1545 veluti
1791 1506 2078 1558 supercoe-

499 1584 716 1636 iestem.
791 1581 980 1638 Potest
1043 1584 1209 1637 etiam
1269 1582 1358 1635 hic
1407 1583 1652 1652 psalmus
1698 1582 1763 1636 iis
1820 1584 2076 1639 omnibus

497 1675 922 1740 accommodari,
957 1675 1054 1747 qui
1083 1690 1182 1744 pro
1211 1675 1439 1730 Christo
1511 1676 1949 1744 persecutionem
1983 1692 2075 1731 su-

495 1766 727 1825 stinent.

565 1859 628 1912 In
655 1860 815 1928 ﬁnem
843 1876 938 1930 pro
976 1860 1335 1914 torcularibus
1370 1859 1496 1927 [iliis
1546 1858 1699 1927 Core,
1739 1862 2000 1930 psalmus.

957 1951 1280 2007 PSAIJIUS
1324 1951 1608 2008 LXXXIII.

565 2041 950 2114 Oetogesimus
1005 2046 1172 2100 etiam
1225 2047 1473 2114 psalmus
1531 2049 1842 2118 hujusmodi
1878 2051 2076 2106 inscri-

495 2136 731 2205 ptionem
773 2142 1003 2194 sortitus
1039 2149 1148 2194 est.
1229 2141 1309 2194 lbi
1367 2143 1488 2196 vide
1542 2145 1963 2212 expositionem.
2004 2145 2077 2200 De

493 2229 707 2284 eisdem
744 2231 890 2285 enim
957 2232 1335 2287 torcularibus
1389 2234 1659 2304 Propheta
1696 2245 1878 2292 noster
1932 2253 2074 2292 nunc

494 2321 760 2390 loquitur.

574 2416 733 2482 Vens,
772 2419 826 2472 2.
857 2418 1028 2484 Quam
1073 2419 1268 2475 dilecta
1296 2421 1641 2475 tabernacula
1701 2432 1816 2489 tua,
1856 2425 2076 2477 Domine

498 2509 748 2561 virtutum
773 2510 793 2562 .’
821 2509 1014 2576 Dictio,
1046 2529 1224 2580 quam,
1251 2514 1354 2568 hoc
1387 2515 1439 2568 in
1482 2515 1599 2568 loco
1627 2517 1766 2568 idem
1805 2517 2075 2586 signiﬁcat

493 2605 641 2670 quod
681 2604 805 2658 alibi
848 2606 1117 2667 diximus,
1159 2607 1211 2658 in
1251 2609 1460 2674 psalmo
1496 2624 1668 2669 Lxxrt,
1713 2609 1783 2662 ihi
1823 2626 1841 2662 :
1898 2610 2072 2674 Quam

496 2697 662 2752 bonus
712 2696 849 2751 Dens
901 2698 1003 2766 ipsi
1056 2697 1265 2752 Israel!
1317 2700 1422 2754 Per
1483 2702 1833 2755 tabernacula
1888 2713 2067 2756 autem

495 2789 757 2842 ecclesias
793 2791 1072 2861 intelligit,
1103 2808 1223 2861 quae
1259 2794 1427 2848 variis
1465 2795 1516 2846 in
1568 2793 1703 2848 locis
1741 2803 2074 2848 constructae

497 2890 647 2939 sunt.
689 2893 743 2935 et
797 2885 850 2936 in
901 2885 1104 2953 quibus
1163 2885 1348 2940 divina
1405 2887 1659 2940 habitant
1720 2888 2070 2941 charismata.

500 2972 610 3027 Has
664 2978 866 3030 etenim
933 2979 1231 3041 ecclesias.
1294 2981 1494 3034 mentis
1554 2981 1714 3035 oculo
1769 2982 2073 3050 praevidens

498 3066 768 3135 Propheta
822 3079 1032 3135 noster,
1086 3070 1280 3126 dilexit
1328 3088 1443 3126 eas.
1501 3072 1574 3126 De
1607 3073 1689 3127 his
1724 3083 1907 3127 autem
1949 3091 2072 3128 ver-

499 3159 583 3214 bis
609 3177 623 3213 :
663 3161 880 3215 Domine
909 3163 1183 3228 uirtutum,
1203 3164 1410 3218 dictum
1441 3173 1544 3224 est.
1575 3165 1627 3217 in
1652 3167 1861 3232 psalmo
1877 3182 2066 3222 LXXIX.
2097 3190 2141 3249 α

569 3249 925 3320 Concupiscit,
964 3266 1009 3307 et
1039 3253 1216 3323 deﬁcit
1271 3257 1453 3309 animo
1502 3274 1617 3309 mea
1655 3259 1708 3310 in
1741 3258 1894 3310 aulas
1970 3257 2076 3312 Da—

500 3348 649 3401 mini.
707 3348 903 3402 Anima
951 3364 1068 3403 tuea
1106 3349 1316 3412 deficit,
1351 3353 1581 3420 cupiens
1639 3353 1703 3406 ad
1760 3352 2075 3420 ltujusmotli

498 3439 763 3495 ecclesias
797 3443 1086 3511 pervenire
1122 3461 1134 3495 :
1167 3459 1306 3512 quas
1338 3445 1493 3498 aulas
1544 3444 1638 3498 Dei
1679 3447 1843 3498 etiam
1893 3445 2078 3513 appel-

500 3533 654 3598 lavit,
688 3535 816 3603 quia
849 3536 904 3590 in
942 3537 1021 3591 eis
1058 3546 1331 3601 moratur,
1388 3553 1452 3592 ac
1513 3549 1873 3592 conversatur
1916 3538 2070 3591 Chri-

499 3635 640 3681 stus.
688 3627 803 3693 Vel,
837 3628 1046 3693 deﬁcit,
1092 3631 1194 3685 hoe
1229 3642 1333 3695 est,
1363 3630 1690 3684 dissnlvitur
1721 3646 1785 3684 ac
1813 3630 2077 3684 debilita-

502 3726 617 3778 tur.
672 3719 845 3771 nimio
904 3720 1116 3774 scilicet
1189 3721 1411 3790 fatigata
1477 3723 1772 3776 desiderio.
1812 3723 2079 3776 Dicuntur

497 3807 642 3861 enim
688 3810 946 3865 ardentes
1004 3823 1278 3866 amatores
1331 3811 1594 3874 deiicere,
1642 3811 1734 3880 qui
1767 3819 1961 3864 amatm
1999 3812 2077 3865 rei

497 3899 922 3968 disiunctionem
960 3902 1104 3957 ferre
1134 3912 1441 3970 nequeunt.
1479 3903 1740 3972 Quisquis
1768 3905 1929 3957 etiam
1963 3918 2078 3958 ca:-

499 3992 689 4046 lestem
727 3994 935 4062 appetit
961 3993 1189 4063 Regem,
1229 3997 1412 4050 dicere
1437 4005 1636 4064 potest,
1670 4013 1834 4065 quam
1863 3997 2077 4051 amabi-

499 4083 567 4135 lia
601 4093 728 4137 sunt
757 4087 1112 4140 tabernacula
1153 4087 1242 4140 illa
1281 4096 1372 4140 tua
1423 4088 1838 4150 intellectualia,
1878 4105 2000 4156 qua:
2025 4088 2077 4142 in

499 4177 656 4230 caelis
707 4187 837 4231 sunt
867 4179 879 4232 l
943 4179 1066 4244 illrr,
1109 4179 1356 4247 inquam,
1390 4183 1526 4235 aula:
1553 4183 1829 4238 cmlestes.
1859 4180 2079 4236 Concu—

498 4267 712 4336 piscere
750 4277 928 4322 autem
961 4270 1167 4336 posuit,
1199 4287 1297 4338 pro
1325 4270 1651 4326 Festinare.

571 4360 675 4414 Cor
703 4377 872 4412 meum
907 4369 956 4413 et
983 4377 1134 4427 caro,
1163 4379 1278 4416 mea
1303 4363 1702 4417 exsultaverunl
1729 4365 1779 4416 in
1812 4363 1978 4417 Deum
2007 4365 2082 4416 vi-

499 4470 640 4508 vum.
675 4451 796 4506 Non
826 4453 932 4507 hoc
971 4461 1209 4514 tantum,
1250 4455 1448 4521 inquit,
1486 4456 1688 4510 accidit
1709 4457 1906 4510 animm.
1925 4472 2078 4518 metu.

2182 562 2546 632 ταράσσονται
2579 559 2869 629 βλέποντες
2895 559 2989 613 τοῦ
3015 559 3275 614 δικαστοῦ
3303 561 3400 631 τὴν
3419 562 3726 630 ἀποτομίαν
3745 579 3760 592 ο

2182 649 2300 708 εἶτα
2334 653 2681 716 κολάζονται.

2253 949 2362 1004 Καὶ
2390 948 2711 1020 γνώτωσαν
2737 949 2822 1003 ὅτι
2857 948 3046 1020 ὄνομα
3071 966 3171 1005 σοι
3203 953 3436 1020 Κύριος.
3459 953 3766 1010 Γνὼτωσαν

2179 1042 2237 1109 ἐξ
2271 1044 2539 1115 ἀνάγκης,
2579 1044 2816 1114 ἐπείπερ
2867 1045 2932 1097 ὲκ
2985 1045 3365 1114 προαιρέσεως
3414 1048 3517 1100 οὐκ
3557 1048 3764 1120 ἠθέλη-

2179 1153 2302 1192 σαν.

2250 1227 2336 1282 Σὺ
2367 1228 2558 1296 μόνος
2602 1228 2865 1297 ὕψιστος
2888 1230 2987 1283 ἐπ.
3028 1229 3237 1286 πᾶσαν
3282 1232 3400 1301 τὴν
3448 1233 3586 1303 γῆν.
3619 1234 3768 1290 ’Λπδ

2181 1317 2359 1370 κοινοῦ
2402 1319 2464 1370 τὸ
2491 1320 2580 1371 καὶ
2606 1320 2969 1389 Γνώτωσαν,
2989 1325 3071 1377 ὅτι
3105 1325 3169 1378 σὺ
3199 1326 3360 1395 μόνος
3383 1330 3411 1380 ό
3428 1326 3559 1390 θεὸς
3576 1329 3764 1397 πάσης

2178 1412 2277 1480 τῆς
2306 1413 2433 1479 γῆς.
2464 1413 2729 1483 Ὕψιστον
2774 1416 2884 1486 γὰρ
2916 1417 3008 1470 τὸν
3033 1418 3166 1472 Θεὸν
3195 1419 3447 1484 ἐκάλουν,
3479 1421 3554 1483 ὡς
3596 1423 3762 1474 ἐπου-

2181 1501 2362 1571 ράνιον
2421 1500 2679 1572 ’Δρμόζει
2732 1505 2791 1558 δὲ
2822 1508 2852 1560 ὁ
2875 1505 3090 1575 ψαλμδς
3121 1509 3217 1562 καὶ
3248 1513 3364 1573 τοῖς
3398 1511 3762 1580 διωκομένοις

2179 1594 2319 1664 ὑπὲρ
2351 1595 2610 1666 Χριστοῦ.

2105 1836 2148 1893 Β
2215 1868 2322 1932 Είς
2355 1866 2422 1920 τὸ
2455 1866 2630 1934 τέλος
2659 1866 2810 1936 ὑπὲρ
2836 1866 2953 1921 τῶν
2983 1866 3190 1935 ληνῶν
3213 1867 3338 1935 τοῖς
3359 1868 3514 1934 υἱοῖς
3551 1870 3718 1937 Κορέ.

2776 1958 3072 2012 ΨΔΔΜΟΣ
3102 1956 3226 2013 III”.

2249 2052 2361 2105 Kal
2405 2053 2433 2106 ὁ
2486 2051 2844 2123 ὀγδοηκοστὸς
2887 2053 3105 2123 ψαλμὸς
3147 2053 3406 2123 τοιαύτην
3457 2053 3617 2123 ἔλαχε
3657 2052 3763 2124 τὴν

2178 2144 2527 2216 ἐπιγραφήν·
2564 2145 2661 2199 καὶ
2695 2147 2850 2216 ζήτει
2902 2147 3056 2200 ὲκεῖο
3086 2147 3220 2219 περὶ
3267 2147 3479 2202 τούτων
3528 2147 3622 2202 οὖν
3651 2147 3762 2202 τῶν

2176 2238 2352 2308 ληνῶν
2377 2239 2405 2290 ὁ
2436 2239 2603 2292 Δαεὶδ
2630 2238 2726 2294 νῦν
2749 2239 3026 2305 διέξεισιν.

2259 2423 2354 2488 Ὠς
2389 2422 2666 2493 ἀγαπητὰ
2701 2423 2772 2478 τὰ
2824 2422 3192 2493 σκηνώματά
3241 2437 3381 2490 σου,
3430 2427 3606 2493 Κύριε
3643 2421 3764 2481 τῶν

2176 2515 2529 2584 δυνάμεωνῖ
2567 2515 2640 2569 Τὸ
2682 2517 2775 2582 Ὠς
2798 2515 3034 2570 ἐνταῦθα
3061 2516 3308 2571 τοιοῦτόν
3336 2519 3505 2581 ἐστιν,
3527 2514 3638 2573 οἷον
3665 2521 3761 2575 καὶ

2175 2607 2256 2670 τὸ,
2298 2607 2393 2671 Ὠς
2412 2606 2634 2672 ἀγαθός
2661 2609 2695 2660 ὀ
2727 2607 2871 2672 Θεὸς
2895 2605 2974 2671 τῷ
2995 2607 3282 2676 Ἰσραήλ]
3304 2609 3411 2661 Kal
3443 2611 3596 2680 ζήτει
3621 2611 3762 2682 ψαλο

2179 2697 2279 2766 μὸν
2312 2697 2410 2766 οβ’.
2454 2697 2794 2766 Σκηνώματα
2824 2697 2880 2750 δὲ
2918 2697 3065 2766 λέγει
3130 2699 3230 2763 τὰς
3265 2703 3407 2754 κατὰ
3435 2702 3599 2755 τόπον
3641 2704 3764 2758 Ἐκ·

2174 2789 2424 2856 κλησίας.
2443 2789 2501 2843 ὲν
2540 2782 2628 2852 αἷς
2651 2792 2685 2859 ἡ
2707 2789 2825 2842 θεία
2867 2793 3112 2845 κατοικεῖ
3140 2791 3300 2862 χάρις
3323 2807 3335 2821 ’
3371 2792 3438 2858 ἃς
3468 2812 3758 2865 προεωρα-

2175 2881 2287 2946 κὼς
2313 2882 2341 2933 ὁ
2389 2884 2683 2952 Προφήτης
2715 2884 2992 2953 ἠγάπησε.
3035 2883 3173 2954 Περὶ
3207 2885 3262 2939 δὲ
3292 2885 3410 2940 τοῦ.
3441 2888 3617 2957 Κύριε
3639 2888 3762 2944 τῶν

2175 2975 2508 3046 δυνάμεων,
2544 2978 2758 3048 εἴρηται
2784 2977 2842 3030 ὲν
2880 2976 2957 3047 τῷ
2990 2977 3068 3030 σθ’
3097 2976 3321 3047 ψαλμῷ.

2249 3249 2563 3306 Ἐπιποθεῖ
2590 3250 2687 3303 καί
2710 3247 2975 3304 ἐκλείετει
2996 3250 3033 3315 ἠ
3067 3247 3238 3318 ψυχή
3261 3265 3383 3317 μου
3403 3252 3491 3315 εἷς
3528 3250 3636 3317 τὰς
3656 3249 3766 3306 αὐ-

2175 3345 2292 3411 λὸς
2312 3344 2418 3398 τοῦ
2441 3344 2686 3409 Κυρίου.
2726 3341 3021 3402 Ἐκλείπει,
3053 3341 3409 3411 ἀποδημῆσαι
3435 3342 3768 3416 γλισχομένῃ

2179 3436 2317 3506 πρὸς
2348 3435 2551 3497 ταύτας
2574 3450 2590 3464 ⁸
2642 3435 2709 3494 ἃς
2738 3437 2831 3487 καὶ
2887 3434 3060 3498 αὐλὰς
3106 3435 3313 3503 ὁμοίως
3343 3434 3652 3505 ὠνόμασεν,
3690 3435 3769 3499 ὡς

2179 3529 2572 3598 ὲνδιαιτήματα
2603 3526 2694 3579 τοῦ
2728 3526 2988 3580 Χριστοῦ.
3025 3529 3093 3581 Ἢ
3125 3527 3446 3590 Ἐκλείπει,
3489 3526 3613 3580 ἀντὶ
3642 3525 3764 3592 τοῦ,

2191 3619 2495 3682 Ἐκλύεται,
2546 3621 2729 3672 ἀτονεῖ
2756 3621 2834 3689 τῷ
2864 3618 3107 3689 περιττῷ
3135 3619 3284 3687 πόθῳ
3312 3618 3770 3688 ταλαιπωρουμέ-

2179 3730 2267 3778 νη.
2317 3713 2551 3781 Λέγεται
2600 3713 2658 3765 δὲ
2697 3713 2758 3765 τὸ
2799 3713 3072 3767 ἐκλείπειν
3126 3711 3354 3765 ἐπὶτῶν
3384 3711 3607 3782 Θερμῶν
3638 3714 3773 3782 ἐρασ-

2181 3803 2344 3865 στῶν,
2400 3803 2474 3872 μὴ
2535 3801 2851 3871 δυναμένων
2912 3802 3208 3869 ὑπομεῖναι
3244 3800 3324 3869 τῷ
3358 3801 3627 3872 χωρισμῷ
3656 3802 3770 3855 τῶν

2182 3897 2556 3966 ποΟουμὲνων.
2608 3895 2718 3950 Kal
2754 3895 2862 3957 πᾶς
2890 3895 2948 3946 δὲ
2980 3896 3006 3946 ὁ
3035 3894 3131 3963 τῆς·
3172 3893 3428 3961 οὐρανίου
3480 3893 3769 3946 stara-reati-

2183 4009 2322 4053 σεως
2369 3990 2698 4060 ὀρεγόμενος
2734 3987 2880 4042 εἴποι
2923 3988 2990 4039 ἂν
3023 3986 3284 4056 ἀγαπητὰ
3318 3987 3658 4056 σκηνώματα
3695 3986 3767 4038 τὰ

2181 4086 2370 4154 νοητὰ,
2411 4085 2480 4138 τὰ
2509 4086 2566 4136 ὲν
2603 4083 2875 4152 οὐρανοῖς.
2906 4081 2987 4134 Τὰ
3012 4081 3068 4134 δὲ
3091 4080 3233 4133 αὐτὰ
3264 4080 3359 4134 καὶ
3386 4079 3578 4143 αὐλάς.
3605 4078 3773 4134 Ἐπι-

2182 4177 2354 4232 ποθεῐ
2376 4177 2455 4240 δὲ,
2495 4176 2615 4228 ἀντὶ
2647 4173 2766 4238 τοῦ,
2791 4173 3133 4241 Ἐπείγεται.

2268 4352 2340 4407 Ἦ
2361 4350 2572 4419 καρδιά
2589 4367 2709 4418 μου
2744 4347 2845 4402 καὶ
2889 4349 2926 4416 ἠ
2973 4345 3131 4415 σάρξ
3168 4363 3289 4415 μου
3317 4343 3774 4413 ἠγαλλιάσαηο

2183 4445 2282 4500 ἐπὶ
2334 4445 2484 4501 Θεὸν
2517 4442 2722 4504 ζῶντα.
2760 4441 2870 4496 Kal
2895 4443 2993 4511 οὐχ
3024 4441 3058 4510 ἡ
3099 4440 3246 4510 ψυχή
3302 4457 3404 4509 μου
3441 4438 3579 4507 μόνη
3611 4438 3771 4491 τοῦτο

501 4547 595 4604 sed
627 4557 681 4602 et
706 4564 911 4617 corpus
938 4564 1116 4604 metuo
1154 4549 1207 4603 in
1233 4549 1453 4604 Christo
1484 4550 1723 4603 lactatum
1751 4559 1854 4604 est.
1881 4549 2074 4604 Vivum

2185 4535 2476 4598 πέπονθεν,
2508 4533 2648 4587 ἀλλὰ
2674 4537 2767 4587 καὶ
2793 4535 2854 4586 τὸ
2894 4531 3055 4602 σῶμα
3078 4532 3255 4602 ἐχάρη
3290 4532 3384 4585 ἐπὶ
3419 4530 3496 4602 τῷ
3523 4531 3768 4600 Χριστῷ.

505 4652 684 4694 autem
718 4642 860 4707 (seu,
886 4651 947 4694 ut
983 4642 1034 4694 in
1068 4641 1257 4696 Grmco
1285 4642 1538 4705 habetur,
1571 4642 1868 4712 viventem)
1911 4644 2076 4695 Deum

505 4734 821 4803 appellavit,
858 4743 1082 4802 propter
1117 4734 1262 4788 idola
1296 4749 1418 4803 qua}
1464 4741 1678 4787 mortua
1711 4749 1837 4788 esse
1881 4734 2080 4789 dicun-

506 4837 595 4879 tur
638 4842 654 4878 :
704 4826 785 4880 vel
850 4826 978 4895 quia
1044 4841 1074 4881 a
1139 4828 1376 4880 mortuis
1438 4825 1701 4880 Christus
1761 4827 2084 4880 resurrexit.

507 4917 693 4970 Primo
725 4925 908 4970 autem
941 4932 1036 4970 cor
1067 4919 1245 4986 ipsum
1296 4919 1481 4972 laetitia
1510 4917 1764 4980 allicitur,
1803 4928 1856 4971 et
1887 4918 2083 4972 deinde

506 5005 766 5076 gaudium
796 5008 848 5061 in
882 5008 1198 5065 universum
1234 5025 1439 5080 corpus
1471 5009 1814 5063 dilfuntlitur.

579 5098 744 5154 Vsus.
777 5102 831 5158 4.
889 5100 1100 5155 Etenim
1141 5119 1322 5170 passer
1380 5105 1570 5156 invenit
1606 5104 1707 5155 sibi
1763 5103 1996 5164 domum,
2039 5113 2088 5158 et

508 5196 682 5245 turtur
705 5194 886 5247 nidum
903 5194 1023 5261 sibi,
1067 5196 1155 5248 ubi
1185 5206 1344 5262 ponat
1376 5197 1552 5265 pullos
1576 5213 1720 5258 suos,
1749 5197 1946 5250 altaria
1975 5206 2086 5264 tua,

511 5281 732 5338 Domine
784 5286 1059 5338 virtutum.
1097 5284 1384 5341 Passerem
1421 5288 1660 5340 animam
1695 5290 1954 5355 appellat,
2000 5303 2090 5341 ve-

509 5375 605 5428 luti
642 5391 762 5444 quae
794 5378 863 5431 ab
915 5377 1272 5432 intellectuali
1338 5394 1571 5449 aucupe,
1637 5379 1873 5448 laqueis,
1928 5387 2090 5450 atque

511 5467 636 5520 aliis
671 5468 1067 5537 multiplicibus
1104 5470 1319 5525 insidiis
1349 5472 1650 5538 impetitur.
1694 5471 1886 5524 Anima
1917 5471 2088 5534 enim,

517 5560 718 5628 inquit,
746 5578 859 5614 mea
893 5564 1028 5614 sicut
1057 5579 1241 5632 passer
1271 5574 1449 5629 erepta
1473 5573 1547 5616 est
1583 5563 1645 5617 de
1672 5563 1855 5632 laqueo
1895 5580 2090 5616 venan-

513 5657 642 5708 linm
676 5656 717 5707 ’³.
763 5655 863 5709 Per
893 5665 1168 5716 turturem
1211 5659 1374 5712 simili
1409 5659 1569 5712 modo
1620 5668 1828 5710 castam
1867 5672 2086 5709 omnem

587 5836 606 5868 ’
637 5836 779 5892 l‘sal.
837 5853 1028 5891 cum.
1058 5837 1112 5890 'I.

2204 4630 2524 4699 ’Λδιάφορος
2573 4628 2628 4681 δὲ
2676 4627 2709 4696 ἡ
2753 4625 3024 4690 σύνταξις.
3063 4627 3250 4678 Ζῶντα
3303 4623 3360 4678 δὲ
3407 4623 3570 4676 αὐτὸν
3624 4618 3768 4677 εἶπεν

2184 4723 2274 4776 διὰ
2302 4723 2367 4775 τὰ
2421 4721 2591 4789 νεκρὰ
2620 4719 2814 4772 εἴδωλα
2840 4735 2852 4748 ’
2890 4719 2922 4791 ἢ
2964 4717 3057 4771 καὶ
3089 4717 3165 4780 ὡς
3213 4716 3524 4770 ἀναστάντα
3582 4718 3648 4770 ἑκ
3687 4735 3774 4771 vs-

2189 4813 2358 4885 κρῶν.
2414 4812 2616 4882 Πρώτη
2648 4811 2705 4863 δὲ
2759 4811 2791 4876 ὴ
2848 4808 3047 4878 καρδία
3077 4806 3261 4878 χαίρει
3288 4823 3302 4837 ·
3340 4801 3461 4862 εἶτα
3499 4805 3775 4877 διαχεῖται

2188 4909 2222 4977 ἡ
2266 4905 2411 4976 χαρὰ
2434 4906 2529 4958 καὶ
2554 4904 2648 4956 ἐπὶ
2677 4903 2737 4955 τὺ
2769 4902 2898 4957 ἄλλο
2932 4900 3116 4969 σῶμα.

2259 5089 2369 5143 Καὶ
2431 5089 2540 5157 γὰρ
2583 5085 2910 5153 στρουθίον
2951 5077 3130 5150 εὗρεν
3174 5080 3366 5146 ἑαυτῷ
3399 5081 3616 5149 οὶκίαν,
3678 5080 3776 5134 καί

2185 5183 2420 5253 τρυγὼν
2443 5181 2705 5235 ’νοσσιὰν
2728 5175 2934 5245 ἑαυτῇ,
2971 5173 3042 5231 οὗ
3077 5174 3252 5242 θήσει
3286 5175 3356 5229 τὰ
3381 5178 3605 5230 νοσσία
3635 5177 3774 5230 ἐσμ·

2187 5274 2320 5341 τῆς,
2349 5273 2421 5326 τὰ
2446 5269 2847 5337 θυσιαστήριά
2892 5282 3029 5328 σου,
3062 5267 3236 5334 Κύριε
3263 5266 3382 5320 τῶν
3437 5265 3775 5335 δυνάμεων.

2196 5365 2484 5437 Στρουθίαν
2535 5363 2691 5416 καλεῖ
2726 5362 2822 5431 τὴν
2873 5358 3363 5429 ἐπιϐουλευομένην
3410 5360 3592 5429 ψυχὴν
3654 5359 3776 5411 ’ὑπὸ

2197 5460 2306 5511 τῶν
2342 5457 2551 5527 νοητῶν
2580 5453 2858 5524 Θηρευτῶν
2888 5470 2903 5486 ⁸
2924 5457 2990 5506 Ἡ
3012 5451 3182 5522 ψυχὴ
3219 5454 3347 5520 γὰρ.
3385 5450 3776 5520 φησὶν,ήμῶν,

2199 5554 2278 5617 ὠς
2301 5551 2618 5614 στρουθίον
2636 5549 2898 5617 ἑρῤύσθη
2929 5546 2992 5599 ἐκ
3022 5543 3128 5612 τῆς
3157 5543 3406 5612 παγίδος
3423 5542 3541 5596 τῶν
3566 5545 3772 5608 θηρευ-

2201 5645 2318 5701 ubi“
2345 5663 2354 5675 '
2382 5645 2631 5714 Τρυγόνα
2664 5643 2739 5707 δὲ,
2763 5644 2860 5710 τὴν
2902 5639 3153 5711 σώφρονα
3180 5635 3375 5708 ψυχὴν,
3423 5638 3516 5689 καὶ
3549 5635 3771 5706 φιλήσω.
