4188 6290
434 300 545 368 865

1602 320 2001 385 COMMENT.
2048 323 2129 382 ΙΝ
2177 323 2543 384 PSALMOS.

3598 322 3706 387 866

433 431 547 485 χον,
579 420 673 472 καὶ
725 424 926 495 γοεράν
952 442 965 455 ·
999 419 1066 495 ἧς
1116 428 1328 495 νοσσία,
1370 428 1652 483 τουτέστιν
1693 430 1917 499 ἔκγονα,
1959 433 2010 485 αἱ

2118 435 2358 489 animam
2396 434 2679 505 intelligit,
2718 449 2839 504 qua:
2887 441 2939 488 ct
2982 440 3174 490 moesta
3208 434 3300 502 sit,
3350 443 3405 491 et
3457 437 3708 508 quietem

433 511 644 585 ἀρεταί.
680 508 769 569 Ἔν
798 520 917 581 ταῖς
953 518 1315 593 Ἐκκλησιαις
1373 523 1482 595 γὰρ
1523 524 1707 594 ἔχουσι
1740 525 1840 597 τὴν
1896 524 2023 578 σκέ-

440 627 548 679 πην
602 611 660 664 αξ
706 612 955 667 τοιαῦται
1008 614 1202 685 ψυχαί.
1258 612 1340 672 Οὖ
1389 617 1446 670 δὲ
1487 617 1681 685 θήσει,
1727 619 1849 670 ἀντὶ
1903 618 2023 681 τοῦ,

440 703 612 757 Ὅπου
634 703 883 775 διαθήσει
917 707 1010 760 καὶ
1039 708 1351 779 ἐνεργήσει.
1382 708 1487 762 Καὶ
1517 708 1691 774 ἄλλως
1720 709 1800 775 δὲ,
1825 725 2022 781 στρου-

437 795 549 847 θίον
580 795 681 866 μὲν
734 800 762 851 ὁ
792 799 1178 869 Χριστιανικὸς
1206 800 1354 867 λαὸς,
1389 802 1878 872 ἐπιϐουλευόμενος
1915 802 2023 856 ὕπὸ

431 905 491 940 τε
521 888 630 941 τῶν
668 890 945 961 αἰσθητῶν
997 895 1091 947 καὶ
1125 895 1335 965 νοητῶν
1365 895 1669 965 θηρευτῶν,
1724 895 2018 964 δαιμόνων,

2132 537 2377 582 sectetur
2420 544 2433 580 :
2478 527 2638 597 cujus
2673 528 2830 598 pulli,
2868 527 2968 581 hoc
2996 538 3101 591 est,
3129 529 3289 597 cujus
3320 528 3439 590 lilii,
3478 530 3713 585 virtutes

2133 626 2281 670 sunt.
2321 614 2533 671 [labent
2564 629 2743 672 autem
2776 617 3097 685 liujusmodi
3129 618 3324 671 auium:
3344 618 3397 673 in
3429 618 3712 683 Ecclesiis,

2132 710 2289 779 quasi
2328 709 2379 761 in
2409 710 2735 778 quibusdam
2765 710 3058 765 tutissimis
3092 711 3257 774 nidis,
3292 712 3708 780 protectionem,

2133 809 2300 872 atque
2334 801 2629 873 refugium.
2667 802 2766 857 Ubi
2797 816 2973 872 ponet,
3009 817 3190 860 autem
3230 805 3389 869 dixit,
3444 820 3568 873 pro,
3609 802 3711 859 Uni

2126 898 2408 965 disponet,
2453 906 2616 966 atque
2648 898 2740 952 ubi
2778 901 3119 969 nperabitur,
3154 898 3469 968 liujusmoili
3499 897 3715 951 sciliret

432 981 597 1049 φημὶ,
642 982 737 1036 καὶ
761 983 1072 1052 ἀνθρώπων
1098 987 1312 1040 ἀσεϐῶν
1343 1002 1356 1021 ·
1388 986 1606 1060 τρυγὼν
1640 988 1697 1041 δὲ
1753 990 1860 1051 πᾶς
1898 988 2010 1041 ἑπι-

2121 990 2377 1046 virtutes.
2409 991 2473 1045 Et
2496 990 2655 1044 aliter
2692 1008 2705 1044 :
2738 1007 2927 1061 passer
2957 1002 3041 1046 est
3074 991 3308 1061 populus
3336 989 3709 1053 Christianus,

432 1089 633 1138 σκοπός
686 1077 784 1130 καὶ
813 1077 1134 1143 διδάσκαλος
1166 1079 1488 1145 εὐσεϐείαςο
1543 1080 1595 1135 οἳ
1634 1084 1689 1134 ὲν
1731 1082 1854 1146 ταῖς
1898 1081 2023 1133 Ἐκ-

429 1167 687 1238 κλησίαις
751 1170 998 1225 τιθέασιν
1059 1171 1154 1236 οὓς
1210 1172 1552 1243 ἀναγεννῶσι
1606 1174 2019 1246 πνευματικῶς.

431 1251 573 1327 Εὗρε
622 1261 752 1331 γὰρ,
775 1263 931 1331 φησὶ,
964 1263 1026 1315 τὸ
1059 1265 1159 1331 μὲν
1193 1266 1395 1328 οὶκίαν,
1420 1267 1452 1336 ή
1481 1265 1540 1320 δὲ
1583 1269 1805 1320 νοσσιὰν
1834 1266 1903 1319 τὰ
1931 1265 2024 1319 θυ-

431 1354 727 1422 σιαστήριά
806 1370 901 1407 σου
926 1397 939 1421 ,
989 1355 1170 1410 εῖτουν
1210 1356 1306 1421 τὰς
1352 1358 1648 1428 ἐκκλησίας
1696 1375 1815 1427 σου,
1848 1358 1907 1411 ὲν
1937 1353 2024 1422 αἷς

431 1441 778 1516 καθεκάστην
807 1444 996 1501 θύεται
1022 1449 1051 1501 ὁ
1079 1450 1455 1521 πνευματικὸς
1502 1451 1719 1521 Ἀμνός.

2122 1082 2215 1138 cui
2241 1091 2350 1136 tam
2383 1083 2804 1149 intellectuales,
2840 1099 3002 1153 quam
3034 1084 3225 1137 mundi
3267 1083 3435 1149 hujus
3482 1092 3714 1136 venato—

2124 1191 2236 1240 res,
2267 1178 2555 1234 daemones
2595 1179 2857 1233 nimirum
2886 1190 3049 1250 atque
3079 1180 3233 1251 impii
3268 1178 3539 1241 homines,
3571 1176 3711 1230 insi-

2128 1269 2374 1323 diantur.
2410 1269 2617 1323 Turtur
2652 1282 2835 1326 autem
2875 1282 2958 1327 est
2996 1272 3290 1341 οῃίεεοίιιιε
3324 1270 3576 1339 quilibet,
3620 1277 3715 1321 aut

2128 1360 2324 1417 doctor
2366 1362 2695 1417 Christiana:
2734 1364 3037 1433 religionis,
3073 1364 3165 1432 qui
3191 1365 3246 1417 in
3282 1361 3543 1416 Eeelesiis
3571 1359 3712 1414 lilios

2126 1455 2307 1523 ponit,
2336 1469 2475 1524 quos
2510 1471 2606 1523 per
2642 1456 2906 1525 Spiritum
2943 1463 3253 1527 regenerat.
3302 1456 3523 1509 invenit
3561 1455 3706 1510 enim

437 1536 641 1608 inquit,
676 1557 873 1612 passer
922 1543 1171 1612 domum,
1207 1554 1262 1602 et
1315 1557 1499 1601 turtur
1547 1549 1762 1615 nidum,
1822 1549 2016 1602 altaria
2058 1549 2321 1605 nimirum
2356 1559 2470 1615 tua,
2510 1550 2612 1606 hoc
2662 1560 2768 1616 est,
2833 1552 3101 1606 ecclesias
3154 1559 3300 1615 tuas,
3376 1551 3430 1603 in
3507 1549 3709 1618 quibus

430 1638 662 1709 singulis
682 1640 875 1699 diebus
908 1644 1212 1713 spiritualis
1241 1645 1431 1715 Agnus
1457 1647 1800 1703 immolatur.

515 1736 576 1789 ὀ
602 1738 908 1807 βασιλεύς
935 1757 1056 1810 μου
1098 1741 1199 1796 καὶ
1238 1744 1274 1796 ὁ
1328 1744 1628 1815 Θεόςμου.
1663 1738 1831 1808 Οὗτος
1856 1743 1884 1795 ὁ
1910 1743 2023 1795 cti-

430 1846 524 1900 χος
547 1833 726 1885 κεῖται
750 1834 843 1885 καὶ
871 1836 930 1887 ἐν
960 1834 1039 1905 τῷ
1078 1832 1120 1887 ε’
1151 1834 1378 1906 ψαλμῷ.

501 1924 789 1993 Μακάριοι
830 1930 885 1982 οἱ
934 1928 1365 1997 κατοικοῦντες
1419 1929 1491 1983 ἐν
1530 1927 1611 1995 τῷ
1662 1929 1811 1995 οτκῳ
1872 1944 2013 1981 σου.

2195 1738 2307 1791 Rex
2331 1754 2475 1790 meus
2507 1746 2554 1790 et
2585 1735 2723 1791 Deus
2765 1751 2935 1790 meus.
2984 1733 3309 1791 Versiculus
3342 1733 3445 1789 iste
3477 1732 3712 1786 habetur

2118 1831 2285 1883 etiam
2322 1828 2373 1881 in
2406 1828 2598 1896 quinto
2627 1828 2863 1896 psalmo.

2190 1919 2357 1975 Vens.
2398 1919 2450 1972 5.
2498 1918 2673 1984 Beati,
2712 1920 3071 1989 quilrabitant
3100 1918 3159 1973 in
3200 1917 3362 1972 domo
3395 1926 3511 1973 tua.
3560 1916 3707 1972 Con—

440 2014 595 2069 Ἐπεὶ
642 2019 755 2088 γὰρ
785 2018 952 2083 αὐτὸς
981 2020 1009 2072 ὁ
1046 2019 1214 2073 Δαϐὶδ
1266 2018 1587 2089 ἐπεθύμησε
1645 2020 1745 2089 μὲν
1797 2018 1877 2081 εἰς
1918 2018 2010 2082 τὰς

2121 2013 2327 2079 cupivit
2361 2009 2584 2080 quidem
2621 2013 2818 2066 beatus
2849 2011 3015 2066 David
3071 2011 3306 2066 introire
3332 2011 3385 2064 iu
3420 2012 3577 2063 aulas
3602 2008 3709 2062 Do—

424 2107 764 2178 δηλωθεὶσας
813 2111 985 2176 αὐλὰς
1040 2111 1327 2175 εἰσελθεῖν,
1374 2111 1565 2182 neego
1610 2110 1665 2164 δὲ
1699 2105 1788 2181 ἦν,
1824 2109 2015 2163 λοιπὸν

2122 2104 2284 2164 mini,
2321 2118 2458 2171 quas
2497 2102 2759 2167 diximus,
2795 2111 2848 2157 et
2876 2115 3061 2158 tamen
3104 2104 3298 2174 procul
3336 2103 3407 2157 ab
3457 2102 3541 2156 eis
3574 2116 3710 2155 con-

430 2203 728 2274 μακαρίζει
748 2205 875 2268 τοὺς
914 2205 1307 2269 κατοικοῦντας
1354 2205 1413 2259 ὲν
1438 2205 1655 2263 αὑταῖς.
1688 2200 1851 2257 Οῐκον
1907 2200 2010 2268 γὰρ

2115 2196 2248 2252 stitit
2273 2196 2494 2266 (mentis
2532 2195 2709 2251 oculis
2742 2206 2950 2252 tantum
2971 2195 3411 2267 cernens),qnod
3436 2196 3707 2263 reliquum

426 2295 522 2349 τοῦ
552 2296 793 2366 Χριστοῦ
858 2298 1063 2362 ταύτας
1103 2297 1444 2367 ὑποληπτέον
1465 2314 1477 2327 ⁸
1514 2295 1821 2365 ἀδιαφόρως
1853 2295 1907 2347 δὲ
1942 2289 2010 2347 οἴ-

2115 2299 2200 2343 est
2237 2288 2402 2359 igitur
2434 2289 2558 2345 illos
2586 2290 2828 2360 appellat
2854 2290 3047 2345 beatos
3100 2290 3194 2360 qui
3250 2290 3363 2344 illic
3407 2290 3706 2343 habitaturi

426 2402 522 2440 κον
558 2390 650 2441 καὶ
710 2389 893 2454 οἴκους
933 2390 1128 2460 εἴρηκε
1154 2406 1167 2419 ·
1204 2390 1325 2454 ταῖς
1364 2389 1463 2459 μὲν
1486 2388 1606 2459 γὰρ
1641 2388 1900 2449 τοπικαῖς
1932 2385 2010 2438 θέ-

2115 2389 2294 2437 erant.
2323 2380 2428 2435 Per
2446 2382 2667 2438 domum
2686 2384 2833 2437 enim
2862 2382 2978 2449 Dei,
3005 2383 3105 2439 has
3127 2385 3272 2453 ipsas
3296 2384 3475 2445 aulas,
3499 2382 3706 2438 Christi

428 2492 547 2529 σεσι
610 2478 798 2532 πολλοι
842 2482 979 2532 εἰσιν
1005 2476 1143 2533 οἴκοι
1188 2482 1256 2551 τῇ
1291 2479 1545 2551 εὐσεϐείᾳ
1583 2479 1657 2540 ,δὲ
1706 2479 1802 2539 καὶ
1828 2494 2010 2531 κοινωι

2122 2476 2383 2530 nimirum
2413 2477 2686 2532 ecclesias
2721 2476 3042 2548 intelligere
3075 2476 3362 2534 debemus.
3389 2475 3712 2532 lndilleren-

425 2569 517 2639 νεα
546 2569 645 2634 τῆς
672 2575 910 2637 πεστεως
935 2565 1015 2635 εἷς
1049 2574 1097 2625 οἱ
1122 2570 1414 2642 ἅπανταχῆ
1440 2572 1821 2642 τυγχάνουσιν.

2124 2579 2209 2624 ter
2250 2578 2435 2623 autem
2468 2570 2734 2639 singulari
2767 2585 3021 2635 numero,
3067 2579 3122 2625 et
3157 2570 3356 2639 plurali
3409 2584 3544 2625 usus
3576 2578 3661 2626 est
3691 2584 3708 2633 ;

425 2664 682 2733 animiam
708 2664 752 2719 si
777 2664 892 2719 loca
914 2665 1203 2733 respicias,
1256 2665 1507 2720 ecclesiae
1562 2679 1799 2718 numero
1861 2662 2047 2733 plures
2086 2669 2268 2716 sunt:
2339 2662 2387 2715 si
2441 2663 2761 2732 religionem
2814 2672 2867 2717 et
2932 2664 3057 2718 fidei
3108 2665 3703 2732 communicationem,

426 2756 606 2810 omnia
646 2770 766 2821 qua:
813 2756 1018 2827 ubique
1068 2756 1317 2811 locorum
1368 2766 1498 2812 sunt
1543 2756 1768 2827 templa,
1829 2770 1993 2808 unam
2034 2755 2380 2809 constituunt
2411 2754 2650 2808 litlellum
2684 2754 3013 2810 Ecelesiam.

488 2853 590 2918 Εἰς
644 2851 786 2919 τοὺς
824 2853 1045 2920 αἰῶνας
1079 2856 1201 2909 τῶν
1248 2852 1480 2909 αἰώνων
1509 2852 1850 2907 αὶνέσουσι.
1910 2850 2010 2903 Διὰ

425 2943 627 3008 παντὸς
664 2943 1094 2999 ἀκατάπαυστον
1119 2944 1302 3009 ἕξουσι
1334 2942 1431 3014 τὴν
1460 2943 1560 3013 σὴν
1590 2943 1886 3013 ὑμνῳδίαν.

495 3035 804 3104 Μακάριος
844 3038 1003 3106 ἀνὴρ
1023 3031 1073 3105 ᾧ
1111 3040 1282 3092 ἐστιν
1309 3037 1640 3111 ἀντίληψις
1670 3036 1832 3101 αὐτῷ
1854 3037 2015 3104 παρὰ

422 3129 560 3184 σοῦ.
595 3128 876 3200 Μακάριος
933 3132 1162 3198 ἐκεῖνος,
1219 3123 1373 3199 ᾧτινι
1411 3129 1562 3199 αὑτῷ
1612 3131 1730 3183 ἐστι
1787 3128 2013 3199 βοήθεια

422 3228 533 3280 ἀπὸ
577 3227 700 3282 σοῦ.
732 3229 868 3300 Περὶ
916 3229 974 3282 δὲ
999 3228 1095 3281 τοῦ
1137 3228 1418 3298 σχήματος
1455 3226 1647 3278 τούτου
1695 3223 1912 3295 εἴρηται
1949 3226 2008 3277 ὲν

424 3318 500 3389 τῷ
518 3318 720 3390 ψαλμῷ
738 3321 807 3383 θ’,
837 3322 918 3384 el;
932 3322 1013 3374 τό·
1038 3316 1121 3376 Οὗ
1144 3319 1295 3388 ἀρᾶς
1310 3320 1377 3372 τὸ
1398 3318 1595 3387 στόμα
1613 3318 1801 3371 αὑτοῦ
1821 3316 2005 3385 γέμει.

492 3414 747 3479 Ἀναϐὰς
777 3414 848 3468 ἐν
876 3411 952 3481 τῇ
981 3412 1197 3481 καρδίᾳ
1218 3411 1407 3465 αὑτοῦ
1447 3409 1695 3466 διέθετο.
1744 3410 1800 3463 '0
1831 3408 2008 3461 τοιοῦ-

2196 2848 2261 2901 In
2281 2851 2478 2903 sarcula
2503 2852 2817 2905 saeculorum
2839 2852 3131 2905 laudabunt
3156 2862 3225 2907 te.
3249 2852 3478 2922 Semper
3503 2865 3568 2906 ac
3586 2867 3711 2924 per-

2120 2950 2290 3009 petuo
2320 2942 2511 2997 laudes
2547 2953 2668 2999 tuas
2700 2945 2753 2997 in
2786 2960 2882 2998 ore
2919 2944 3222 2999 habebunt.

2192 3032 2356 3086 Vens.
2386 3033 2439 3088 6.
2478 3031 2673 3087 Beatus
2700 3036 2799 3101 vir,
2835 3036 2923 3089 cui
2956 3046 3033 3100 est
3057 3036 3323 3091 auxilium
3345 3038 3395 3090 ei
3422 3036 3514 3091 abs
3545 3046 3614 3092 te.
3642 3035 3703 3091 In

2120 3120 2225 3176 hoc
2252 3124 2530 3179 versiculo
2558 3125 2763 3180 idioma
2814 3126 3091 3194 quoddam
3130 3125 3462 3182 llebraicum
3492 3137 3599 3192 est,
3626 3128 3702 3182 illi

2114 3215 2315 3279 simile,
2352 3216 2498 3285 quod
2527 3216 2767 3271 vidimus
2797 3218 2848 3270 in
2892 3220 3100 3287 psalmo
3135 3235 3210 3282 ix,
3242 3219 3315 3275 ibi
3348 3218 3554 3289 :Cujus
3587 3238 3705 3274 ma-

2112 3308 2394 3362 ledictioue
2417 3325 2473 3361 os
2498 3310 2610 3378 ejus
2632 3309 2843 3377 plenum
2877 3322 2994 3372 est;
3027 3310 3116 3365 ubi
3150 3311 3293 3366 vide.

2182 3401 2526 3455 Aacensiones
2555 3405 2610 3456 in
2631 3404 2787 3456 corde
2817 3420 2913 3456 suo
2946 3404 3229 3472 disposuit.
3264 3404 3699 3477 Talis,inquain.

424 3523 514 3569 τος
544 3477 834 3577 ἄνθρωπος
884 3477 1185 3568 ἀναϐάσεις
1237 3503 1347 3557 ἀπὸ
1384 3503 1495 3557 τῶν
1548 3503 1761 3573 γηΐνων
1795 3503 1888 3556 ἐπὶ
1940 3501 2009 3554 τὰ

2116 3494 2281 3547 Immo
2321 3496 2655 3564 excogitavit
2701 3496 2847 3549 intra
2880 3511 2939 3551 se
2977 3496 3205 3567 gradus,
3236 3507 3403 3564 atqm:
3435 3514 3713 3557 ascensus

425 3595 671 3663 οὐράνια,
697 3595 791 3648 καὶ
822 3594 932 3648 ἀπὸ
959 3595 1070 3657 τῶν
1101 3593 1379 3664 αἰσθητῶν
1432 3594 1530 3647 ἐπὶ
1588 3594 1659 3646 τὰ
1686 3593 1877 3661 νοητὰ,
1915 3592 2010 3646 καὶ

423 3688 529 3742 ἀπὸ
558 3689 664 3743 τῶν
698 3689 958 3758 χειρόνων
1006 3689 1100 3741 ἐπὶ
1138 3687 1206 3741 τὰ
1239 3686 1549 3758 κρείττονα,
1579 3686 1638 3739 ἐν
1672 3686 1854 3756 ἑαυτῷ
1895 3686 2008 3738 διες

425 3782 799 3855 μηχανήσατο,
840 3780 1177 3850 διενοήσατο,
1230 3778 1659 3833 κατεσκεύασεν.
1703 3773 1826 3831 Εἶεν
1852 3778 1897 3831 δ’
1942 3778 2008 3831 ἂν

422 3874 563 3928 αὐτὰ
619 3875 668 3927 oi
701 3872 900 3941 ἀγαθοὶ
941 3874 1215 3942 λογισμοὶ,
1247 3873 1315 3925 δι’
1347 3867 1422 3925 ὦν
1457 3871 1634 3928 ἄνεισί
1658 3888 1764 3934 τις,
1808 3871 1882 3933 ὡς
1919 3870 2008 3923 διὰ

420 3963 709 4033 κλιμακος,
768 3966 859 4019 ἐπὶ
894 3966 960 4018 τὲ
1013 3964 1196 4035 ὑψηλὰ
1226 3966 1318 4018 καὶ
1352 3964 1493 4018 θεῖα.
1557 3965 1868 4034 Μακάριος,
1898 3980 2007 4033 φη-

422 4056 529 4119 σίν,
561 4058 589 4109 ὀ
611 4062 710 4129 τὴν
739 4058 836 4128 σὴν
867 4058 1006 4128 ἔχων
1031 4056 1343 4128 ἀντίληψιν.
1369 4058 1526 4126 Ἔχει
1556 4056 1613 4110 δὲ
1664 4057 1871 4127 ταύτην
1895 4057 2005 4119 πᾶς

419 4151 447 4201 ὁ
469 4148 763 4213 ἀναϐάσεις
792 4153 850 4204 ὲν
880 4152 944 4221 τῇ
974 4147 1175 4221 καρδίᾳ
1214 4148 1611 4220 διατιθέμενος.

491 4328 596 4392 Εἰς
654 4325 771 4393 τὴν
826 4324 1081 4381 κοιλάδα
1139 4325 1245 4380 τοῦ
1298 4310 1715 4396 κλαυθμῶν-ος.
1783 4324 2004 4379 Διέθετο

418 4418 625 4483 ταύτας
652 4421 710 4473 ἐν
735 4418 915 4490 ἑαυτῷ
943 4420 1040 4482 τὰς
1062 4420 1383 4484 ἀναϐάσεις,
1408 4417 1483 4473 ὣν
1513 4420 1574 4471 ὲν
1603 4420 1680 4485 τῷ
1713 4420 1866 4490 τόπῳ
1907 4420 2000 4471 τοῦ

417 4508 772 4579 κλαυθμῶνος
813 4526 827 4539 ⁸
861 4510 1079 4582 εἴρηται
1139 4510 1195 4563 δὲ
1246 4510 1432 4573 κοιλὰς
1481 4508 1836 4579 κλαυθμῶνος
1895 4512 2003 4563 ἀπὸ

421 4603 735 4673 μεταφορᾶς
761 4601 852 4654 τοῦ
882 4602 1074 4669 τόπου,
1102 4606 1160 4656 ἑν
1282 4602 1452 4655 πάλαι
1500 4601 1601 4672 τὴν
1654 4604 2002 4673 παρανομίαν

417 4692 529 4746 τῶν
581 4692 849 4761 Ἐϐραίων
894 4692 1121 4759 ἐλέγξας
1175 4694 1204 4745 ὁ
1250 4692 1403 4756 Θεὸς,
1464 4694 1542 4755 εἰς
1590 4692 1870 4763 κλαυθμὸν
1907 4695 2000 4747 τὶν

416 4784 547 4838 λαὸν
586 4785 809 4857 ἐκίνησε
843 4800 857 4814 ’
882 4784 965 4837 διὸ
993 4783 1086 4837 καὶ
1122 4784 1341 4850 Κοιλὰς
1382 4782 1777 4855 κλαυθμῶνος
1825 4787 1854 4839 ὁ
1900 4787 1990 4841 τό-

417 4892 518 4940 πος
539 4878 743 4938 ἐκεῖνος
775 4875 1004 4946 ἐκλήθη.
1038 4875 1237 4938 nona;
1267 4875 1326 4929 δὲ
1385 4874 1447 4928 τὸ
1473 4876 1654 4929 κοῖλον
1686 4878 1779 4929 καὶ
1804 4893 1997 4930 ταπει-

417 4970 554 5025 νόν*
620 4972 678 5023 ὲν
738 4972 1072 5024 ταπεινώσει
1120 4969 1178 5024 δὲ
1237 4970 1449 5037 γίνεται
1507 4970 1542 5039 ή
1599 4970 1882 5039 μετάνοια,
1935 4971 2001 5042 ἢν

416 5064 782 5133 ἀναγωγικῶς
838 5064 1006 5134 δηλοῖ.
1065 5064 1175 5118 Καὶ
1230 5063 1339 5134 γὰρ
1383 5064 1545 5127 τόπος
1601 5062 2001 5133 κλαυθμῶνοῖ,

416 5155 782 5224 ἀναγωγικῶς
812 5157 844 5227 ή
873 5156 1181 5225 μετάνοια..

2113 3588 2385 3656 quosdam
2438 3605 2466 3641 a
2509 3590 2865 3644 sensibilibus
2907 3590 2973 3644 ad
3022 3590 3435 3658 intellectualia,
3473 3605 3503 3646 a
3547 3592 3700 3662 pejo-

2113 3680 2269 3736 ribns
2302 3682 2367 3735 ad
2420 3683 2671 3738 meliora.
2733 3680 2874 3738 Sunt
2911 3692 3094 3739 autem
3138 3685 3259 3739 ista:
3315 3687 3695 3748 escensiones.

2110 3772 2546 3844 bonzequazdam
2586 3778 2972 3847 cogitationes,
3024 3792 3120 3846 per
3178 3793 3316 3847 quas
3380 3778 3548 3833 veluti
3601 3795 3700 3849 per

2108 3870 2313 3925 scalam
2343 3869 2616 3939 gradatim
2644 3871 2711 3924 ad
2747 3870 2855 3924 alta
2886 3878 2939 3925 et
2977 3870 3159 3925 divina
3193 3873 3338 3926 dona
3369 3876 3696 3929 conscendi-

2110 3979 2255 4018 mus.
2294 3962 2492 4017 Beatus
2520 3964 2727 4034 itaque,
2757 3964 2953 4033 inquit,
2986 3964 3078 4019 ille
3108 3972 3213 4029 est,
3242 3965 3335 4035 qui
3363 3966 3571 4020 auxilio
3601 3976 3698 4022 tuo

2108 4073 2169 4112 se
2198 4058 2616 4127 potestjuvare.
2668 4056 2745 4110 llli
2789 4066 2975 4112 autem
3031 4059 3298 4113 auxilium
3349 4068 3501 4114 tuum
3552 4076 3695 4131 prm-

2109 4160 2196 4204 sm
2249 4148 2434 4213 luerit,
2487 4149 2581 4219 qui
2619 4150 2976 4205 escensiones
3006 4149 3140 4207 istas
3167 4151 3223 4204 in
3255 4166 3355 4205 suo
3380 4150 3544 4208 corde
3569 4153 3685 4208 dis-

2108 4241 2376 4310 posuerit.

2178 4331 2241 4385 ln
2274 4332 2407 4387 valle
2432 4332 2814 4403 lacrymarum.
2850 4332 3134 4404 Disposuit
3184 4344 3366 4391 autem
3418 4337 3471 4392 in
3508 4338 3697 4408 seipso

2107 4424 2419 4494 lmjusmodi
2469 4426 2846 4491 ascensiOnes,
2900 4426 3180 4483 exsistcns
3236 4429 3292 4482 in
3345 4430 3464 4483 loco
3515 4430 3693 4500 lacry-

2105 4531 2338 4569 marum.
2372 4513 2540 4571 Vallis
2564 4526 2745 4571 autem
2777 4518 3174 4586 lacrymarum,
3205 4534 3301 4574 seu
3333 4520 3488 4574 vallis
3508 4518 3699 4587 ﬂetus,

2105 4608 2477 4676 ruetaphorice
2525 4606 2674 4662 dicta
2714 4618 2802 4663 est
2833 4610 2902 4663 ab
2942 4609 3036 4663 illo
3069 4609 3215 4675 loco,
3252 4610 3344 4665 ubi
3376 4612 3507 4665 olim
3548 4612 3703 4668 Deus

2105 4699 2457 4754 Hebr-morum
2491 4699 2811 4769 iniquitates
2852 4702 3215 4771 red-arguens,
3239 4705 3500 4773 populum
3534 4720 3687 4759 com-

2106 4794 2273 4846 movit
2304 4794 2369 4845 ad
2405 4792 2592 4848 lli-tum
2633 4811 2647 4848 :
2686 4794 2829 4849 unde
2868 4794 3039 4849 Vallis
3070 4797 3226 4865 [lctus
3274 4798 3583 4867 appellatus
3607 4806 3695 4852 cst-

2104 4887 2257 4941 locus
2295 4888 2405 4940 ille.
2446 4887 2512 4941 Et
2548 4889 2677 4957 quia
2730 4888 3110 4957 cujuscunque
3146 4890 3301 4944 vallis
3339 4890 3479 4945 situs
3510 4890 3691 4944 humi-

2106 4980 2313 5034 litatem
2352 4995 2461 5049 prae
2492 4996 2549 5035 se
2575 4981 2701 5047 fert,
2737 4981 2999 5037 docemur
3028 4982 3171 5051 quod
3200 5001 3327 5037 cum
3382 4984 3690 5039 humilitate

2110 5074 2315 5142 agenda
2359 5085 2449 5127 est
2512 5074 2695 5128 omnis
2749 5076 3093 5144 poenitentia.
3168 5075 3241 5130 De
3298 5077 3687 5143 pmnitentilins

2109 5164 2253 5216 enim
2306 5164 2548 5233 loquitur
2602 5164 2873 5235 Propheta
2947 5183 3043 5222 eos
3098 5167 3419 5222 beatilicans
3476 5168 3567 5236 qui
3630 5168 3684 5220 in

393 5250 558 5306 ‘vaile
621 5252 986 5320 lacryniarnm
1064 5253 1416 5308 ascensiones
1476 5250 1848 5319 disposuerint
1919 5251 1970 5303 in
2011 5255 2547 5330 cnrdc.Namjuxta
2617 5274 2895 5332 anagogcn
2975 5261 3114 5315 idem
3185 5260 3346 5314 nobis
3392 5261 3683 5330 signiﬁcat.

417 5341 576 5396 villis
606 5340 788 5404 ﬂetus,
817 5341 961 5412 quod
1000 5342 1336 5410 poenitentia:
1361 5341 1533 5395 locus.

484 5437 591 5503 Εἰς
640 5436 848 5500 τόπον,
903 5436 975 5488 ὃν
1025 5436 1215 5491 ἔθετο.
1271 5437 1364 5489 Ὢν
1432 5439 1490 5489 ὲν
1551 5438 1616 5507 τῇ
1653 5437 1861 5492 κοιλάδι
1905 5439 1999 5491 τοῦ

415 5527 774 5598 κλιυῧμῶνος
801 5544 813 5559 ⁵
843 5527 1045 5600 δηλαδὴ
1075 5532 1131 5583 ὲν
1160 5529 1333 5601 τόπῳ,
1366 5527 1425 5582 ὃν
1461 5527 1616 5581 ἔθετο
1649 5529 1849 5602 ἑαυτῷ,
1884 5532 1915 5601 ἣ
1942 5532 2001 5584 ὃν

414 5621 612 5675 εἵλετο.

487 5713 593 5768 Καὶ
624 5711 733 5783 γὰρ
770 5715 1053 5782 εὐλογίας
1083 5714 1261 5769 δώσει
1310 5718 1343 5770 ό
1387 5718 1743 5786 νομοθετῶν.
1806 5718 1999 5771 Μακὰ-

2174 5439 2238 5494 ln
2276 5441 2409 5508 loco,
2460 5460 2612 5513 quem
2656 5444 2857 5512 posuit.
2891 5444 3175 5500 lesistr-ns
3222 5445 3274 5497 iu
3315 5445 3452 5499 valle
3497 5444 3682 5500 ﬂetus.

2101 5542 2265 5603 atque
2313 5535 2365 5587 in
2422 5537 2544 5589 loco
2580 5552 2741 5606 quem
2775 5538 2881 5592 sibi
2926 5538 3026 5605 ipsi
3083 5540 3285 5607 posuit,
3338 5539 3438 5593 hoc
3486 5550 3587 5605 est,
3626 5542 3681 5592 in

2102 5627 2219 5679 lucu
2253 5644 2414 5695 quem
2449 5630 2630 5693 elegit.

2173 5716 2336 5771 Vrns.
2372 5718 2423 5771 8.
2486 5718 2693 5772 Etenim
2747 5723 3129 5776 reuertit-tiones
3184 5725 3331 5777 dubi!
3377 5726 3673 5799 lcgislator.

415 5823 543 5876 μοι,
579 5805 765 5877 φησιν,
800 5806 849 5859 οἱ
882 5806 1140 5877 ῥηθέντες
1167 5822 1181 5837 ο
1217 5807 1312 5862 καὶ
1342 5808 1449 5879 γὰρ
1476 5810 1567 5864 καὶ
1620 5813 1646 5862 ὁ
1693 5810 1927 5880 Χριστὸς
1971 5813 1997 5864 ὁ

2115 5810 2244 5863 3eati
2283 5812 2377 5885 illi,
2407 5814 2601 5882 inquit,
2639 5825 2765 5869 sunt
2818 5832 2954 5886 quos
2999 5818 3377 5888 przcdiximus.
3439 5820 3568 5873 Nam
3622 5829 3674 5875 et
