4194 6302
496 264 609 333 373
1665 255 2056 318 COMMENT.
2095 253 2176 315 IN
2218 252 2575 315 PSALuos.
3669 257 3771 321 874

506 379 600 449 ,ιον
639 375 696 429 δὲ
746 377 891 446 ἡμᾶς
916 376 1025 428 ἀπὸ
1053 377 1147 444 τῆς
1203 372 1578 445 αἰχμαλωσίας
1610 370 1745 440 πρὸς
1773 372 1870 441 τὴν
1907 369 2092 442 προτέ-

2210 381 2345 427 :tum
2379 378 2462 426 est
2499 369 2551 423 in
2591 367 2804 438 psalmo
2853 384 3020 423 mu.
3061 367 3339 426 Converte
3371 378 3554 425 autem
3586 384 3686 428 nos
3743 387 3770 423 a

495 487 604 538 pav
636 470 937 538 εὐγένειαν.

2210 462 2524 532 :aptivitate
2564 461 2618 514 in
2661 459 2954 530 pristinam
2990 460 3344 532 dignitatem.

577 562 671 630 Μὴ
703 565 793 629 εἰς
814 562 959 628 τοὺς
1009 559 1232 626 αἰῶνας
1269 558 1560 630 ὀργισθῇς
1586 556 1750 625 ἡμῖν.
1829 555 2092 609 Ἐνταῦθα

2267 553 2434 609 Vens.
2492 553 2544 607 6.
2599 551 2872 621 Numquid
2925 552 2979 606 in
3028 553 3228 608 swcula
3279 555 3673 610 irasceris?—
3711 555 3773 610 In

501 657 584 719 τὸ,
645 657 750 720 Εἰς
801 655 944 719 τοὺς
995 652 1242 718 αἰῶνας,
1277 652 1400 705 ἀντὶ
1453 651 1568 716 τοῦ,
1612 651 1702 719 Μὴ
1741 648 1957 716 αἰώνια,
2016 649 2091 718 μὴ

2210 648 2390 701 mula
2432 645 2520 701 hic
2575 646 2782 716 posuit,
2834 660 2933 715 pro
2981 644 3278 715 Perpetuo,
3314 662 3410 703 seu
3443 663 3578 717 pro:
3606 645 3778 702 Num-

512 747 721 818 μακρά.
781 747 939 808 Τινὲς
971 746 1028 797 δὲ
1057 746 1118 798 οὐ
1149 745 1270 797 κατ’
1314 744 1584 813 ἐρώτησιν
1617 741 1788 795 ταῦτα
1823 741 2093 807 ἀναγινώο

2210 740 2327 812 ιυὶιι
2385 739 2479 795 diu
2535 738 2839 795 irasceris?
2879 737 3110 804 Quidam
3169 748 3352 796 autem
3421 755 3532 794 non
3564 756 3663 811 per
3692 742 3776 794 in-

505 857 748 906 σκουσιν,
782 839 896 893 ἀλλ’
930 837 1140 908 ἠθικῶς
1164 855 1175 866 ·
1207 836 1292 906 Μὴ
1333 839 1412 901 εἰς
1451 837 1576 900 τοὺς
1607 835 1809 898 αἰῶνας
1829 833 2090 904 ὀργισθῇς

2210 834 2630 905 .errogationem
2683 835 2787 889 hoc
2846 833 3056 889 dictum
3124 847 3249 890 esse
3301 833 3643 904 intelligunt,
3722 847 3775 890 et

510 935 662 1003 ἡμῖν.
2199 931 2494 986 dictionem
2564 931 2660 1002 μή,
2704 945 2828 1003 qua:
2872 929 3106 986 habetur
3150 932 3206 985 in
3274 930 3464 986 Graeca
3535 932 3776 987 lectione

511 1039 824 1101 exponunt,
879 1035 940 1084 ut
971 1036 1120 1084 recte
1162 1026 1329 1081 etiam
1365 1025 1566 1096 exponi
1611 1030 1812 1095 potest,
1875 1038 1974 1092 pro
2006 1037 2097 1090 ne,
2141 1034 2201 1080 ut
2256 1026 2331 1081 sit
2393 1040 2636 1082 sensus:
2694 1025 2771 1082 Ne
2837 1026 2892 1079 in
2938 1035 3264 1096 perpetuum
3325 1026 3486 1082 nobis
3569 1028 3782 1082 irasca-

496 1125 605 1181 ris.

579 1220 648 1273 Ἦ
675 1216 966 1283 ὃιατενεῖς
1005 1215 1120 1284 τὴν
1182 1216 1371 1285 ὀργήν
1409 1228 1527 1269 σου
1571 1214 1690 1269 ἀπὸ
1739 1214 1952 1285 γενεᾶς
2011 1218 2097 1280 εἰς

504 1310 754 1380 τενεάν;
793 1311 867 1363 Τὸ
919 1310 1052 1364 αὐτὸ
1087 1308 1246 1364 πάλιν
1274 1310 1466 1379 φησίν.
1503 1309 1609 1374 Εἰς
1634 1310 1849 1377 γενεὰν
1870 1309 1947 1374 δὲ,
1977 1307 2099 1361 ἀντὶ

503 1404 624 1468 τοῦ,
670 1404 816 1464 Ἕως
875 1404 1068 1470 γενεᾶς
1114 1402 1302 1471 ἄλλης.
1356 1402 1588 1472 Εἴρηται
1633 1401 1689 1453 δὲ
1730 1402 1859 1471 περὶ
1905 1400 2098 1454 τούτου

508 1515 569 1550 rv
591 1496 667 1566 τῷ
693 1495 736 1548 ϐ’
766 1481 990 1566 ψαλμῷ.
1049 1495 1350 1561 Διατενεῖς
1378 1493 1456 1556 δὲ,
1509 1493 1630 1546 ἀντὶ
1675 1494 1792 1560 τοῦ,
1844 1495 2098 1564 Παρατε-

2275 1213 2380 1267 Aut
2439 1209 2685 1264 extendes
2736 1210 2873 1263 iram
2907 1217 3051 1262 tuam
3090 1226 3120 1262 α
3157 1210 3495 1278 generatione
3543 1210 3598 1263 in
3627 1227 3782 1280 gene-

2206 1305 2519 1359 rationem?
2581 1301 2729 1356 Idem
2782 1316 2975 1356 rursus
3006 1301 3222 1371 repelit.
3282 1299 3347 1354 In
3387 1302 3780 1372 generationem

2208 1409 2394 1454 autem
2432 1397 2592 1462 dixit,
2649 1410 2748 1465 pro
2796 1409 2972 1464 usque
3001 1394 3065 1447 ad
3122 1394 3281 1448 altam
3319 1395 3728 1464 generationem
3763 1416 3780 1460 ι

2207 1493 2274 1548 de
2316 1509 2424 1563 quo
2463 1492 2518 1546 in
2557 1507 2610 1546 ιι
2649 1490 2861 1561 psalmo
2891 1490 3100 1544 dictum
3129 1495 3233 1554 est,
3268 1497 3321 1543 et
3357 1486 3647 1554 Extendes,
3676 1502 3777 1559 pro

518 1607 643 1646 θεις.

593 1681 650 1732 Ὀ
684 1683 850 1747 Θεὸς,
897 1680 976 1733 σὺ
1015 1678 1390 1749 ἐπιστρέψας
1433 1677 1683 1744 ζωώσεις
1718 1675 1898 1747 ἡμᾶς.
1939 1676 2094 1730 Ἐπι-

2205 1586 2530 1643 Protendes.

2280 1680 2446 1737 Vens.
2482 1682 2532 1734 7.
2566 1677 2733 1745 Deus,
2770 1686 2826 1731 tu
2853 1684 3156 1731 convertens
3182 1674 3465 1744 viviﬁcabis
3497 1690 3609 1727 nos.
3641 1673 3785 1729 Con-

514 1773 750 1841 στρέψας
778 1774 927 1844 ἡμᾶς
959 1773 1021 1824 οὑ
1057 1773 1217 1842 μόνον
1278 1772 1386 1824 ἀπὸ
1410 1771 1509 1840 τῆς
1550 1769 1930 1840 αἰχμαλωσίας
1957 1762 2095 1821 ἀλλᾶ

2210 1780 2428 1828 vertens
2463 1786 2564 1826 nos
2601 1769 2861 1824 nimirum
2897 1783 2927 1820 a
2959 1765 3287 1836 captivitate
3341 1765 3405 1817 ad
3449 1763 3782 1823 libertatem,

513 1870 608 1922 καὶ
635 1868 742 1922 ἀπὸ
800 1869 908 1921 τῶν
964 1866 1402 1938 ἁμαρτημάτων.
1438 1866 1509 1918 Ἢ
1555 1864 1671 1928 καὶ,
1726 1860 2095 1932 Ἐπιστρέψας

515 1967 581 2018 σὺ
619 1962 756 2032 πρὸς
791 1963 961 2033 ἡμᾶς,
989 1959 1082 2021 οὓς
1115 1959 1498 2028 ἀπεστράφης.
1549 1955 1820 2021 Ζωὼσεις
1858 1955 1935 2018 δὲ,
1976 1951 2098 2007 ἀντὶ

517 2053 636 2118 τοῦ,
675 2053 936 2117 Ζωώσαις
958 2052 1093 2123 πρὸς
1123 2050 1348 2123 ἀρετὴν,
1367 2048 1810 2120 νενεκρωμένους
1826 2047 1928 2118 ήδη
1958 2045 2096 2116 πρὸς

520 2145 783 2216 ἐργασίαν
805 2146 998 2215 αὐτῆς.

524 2252 649 2293 eras
708 2253 737 2291 a
768 2237 951 2293 nobis.
997 2235 1324 2307 Viviﬁcabis,
1371 2235 1477 2291 hoc
1505 2243 1612 2300 est,
1669 2235 1822 2292 vivos
1889 2249 1992 2290 nos
2039 2231 2237 2289 reddes
2283 2234 2349 2288 ad
2393 2247 2559 2304 opera
2620 2232 2904 2286 virtutum.

523 2329 725 2384 mortui
776 2343 1012 2383 eramus.

591 2421 700 2474 Καὶ
727 2422 759 2473 ό
787 2420 938 2486 λαός
961 2436 1078 2488 μου
1108 2417 1591 2489 εὐφρανθήσεται
1616 2418 1714 2472 ἐπὶ
1753 2420 1878 2473 σοί.
1907 2415 2100 2488 Τυχὼν

526 2513 861 2583 ἐπιστροφῆς
885 2513 1164 2584 τοιαύτης.

594 2605 802 2668 Δεῖξον
843 2604 1009 2672 ἡμῖν.
1045 2606 1243 2675 Κύριε,
1273 2605 1341 2659 τὸ
1386 2604 1561 2671 ἔλεός
1596 2619 1736 2668 σου,
1770 2602 1870 2655 καὶ
1900 2599 1963 2655 τὸ
1985 2616 2104 2656 σω-

524 2696 734 2766 τήριόν
773 2715 890 2751 σου
946 2696 1106 2764 δῷης
1148 2698 1315 2768 ἡμῖν.
1399 2700 1480 2752 Τὰ
1531 2695 1782 2751 ἐντεῦθεν
1842 2695 1971 2767 περὶ
2012 2692 2106 2748 τοῦ

524 2792 761 2862 Χριστοῦ
797 2791 1245 2862 διαλαμϐάνουσι.
1284 2791 1604 2862 Παρακαλεῖ
1637 2791 1788 2860 γάρὸ
1817 2789 2108 2859 Προφήτης

526 2887 617 2938 τὸν
642 2885 864 2956 Πατέρα
919 2882 1203 2955 προσώπῳ
1245 2883 1339 2938 τοῦ
1381 2881 1538 2948 λαοῦ,
1563 2881 1657 2937 τοῦ
1698 2882 1986 2953 μέλλοντος
2019 2898 2112 2934 m-

531 2977 769 3040 στεῦσαι,
811 2977 1043 3046 φανῆναι
1102 2975 1194 3030 τὸν
1250 2975 1515 3047 Χριστόν·
1560 2973 1744 3027 τοῦτον
1795 2971 1903 3044 γὰρ
1954 2970 2111 3027 καλεῖ

530 3073 676 3135 ἕλεος
716 3071 871 3136 Θεοῦ,
905 3071 997 3124 καλ⁵
1034 3073 1301 3142 σωτήριον
1334 3071 1469 3124 Θεοῦ
1493 3087 1509 3102 ο
1537 3070 1641 3136 ὅτι,
1675 3068 1905 3139 ἐλεήσας
1936 3067 2107 3137 ἡμᾶς,

2205 1874 2372 1937 atque
2421 1877 2449 1916 a
2479 1862 2630 1918 vitiis
2665 1863 2732 1917 ad
2767 1861 3034 1926 virtutes;
3066 1859 3150 1913 vel
3188 1861 3204 1930 (
3235 1857 3361 1928 quia
3393 1855 3585 1912 Graeca
3613 1853 3784 1909 dictio

2206 1953 2552 2027 ἐπιστρέψας
2597 1955 2654 2009 in
2725 1961 2961 2022 utroque
3023 1957 3206 2021 potest
3262 1965 3428 2006 sensu
3475 1947 3674 2018 accipi.
3730 1957 3785 2001 et

2206 2047 2312 2118 legi
2361 2047 2524 2102 etiam
2574 2052 2797 2116 potest:
2853 2044 2988 2098 Deus
3030 2052 3086 2096 tu
3146 2041 3450 2111 conversus)
3514 2041 3786 2103 dicamus,

2211 2141 2356 2195 Deus
2385 2148 2443 2194 tu
2484 2153 2789 2194 conversus
2848 2136 2916 2191 ad
2956 2151 3063 2191 nos
3094 2152 3109 2202 ;
3146 2146 3306 2190 antea
3358 2135 3504 2191 enim
3562 2148 3790 2189 aversus

2989 2228 3123 2283 Nam
3195 2237 3356 2284 antea
3411 2227 3571 2283 adea
3649 2241 3788 2297 pene

2283 2410 2351 2466 Et
2385 2411 2610 2481 populus
2644 2417 2764 2463 tuus
2787 2408 3059 2464 twtabitur
3081 2408 3137 2462 in
3167 2415 3236 2464 te.
3268 2407 3594 2479 Huiusmodi
3629 2409 3753 2465 sciti
3775 2439 3789 2449 -

2210 2515 2298 2564 cet
2325 2505 2743 2560 conversionem
2787 2511 3141 2558 consecutus.

2285 2594 2448 2652 Vsus.
2481 2595 2534 2650 8.
2565 2581 2819 2650 'Ostende
2865 2593 3039 2656 nobis,
3097 2591 3338 2659 Domine,
3371 2593 3789 2649 misericordiane

2214 2699 2384 2754 tuam,
2415 2699 2467 2742 et
2506 2687 2743 2741 salutare
2789 2697 2936 2739 tuum
2975 2686 3046 2739 da
3079 2687 3250 2740 nobis.
3291 2685 3420 2742 Ηαξο
3468 2696 3523 2742 et
3552 2702 3672 2758 quae
3703 2703 3790 2743 se-

2219 2789 2470 2852 quuntur
2511 2781 2578 2833 de
2612 2779 2835 2834 Christo
2860 2777 3222 2848 intelligenda
3252 2786 3406 2834 sunt.
3436 2777 3612 2851 Rogat
3638 2779 3787 2836 enim

2215 2873 2491 2943 Propheta
2529 2871 2696 2926 Deum
2733 2871 2946 2926 Patrem
3003 2888 3068 2927 ex
3108 2871 3284 2928 ﬁdelis
3317 2873 3501 2942 p0puli
3529 2887 3788 2942 persona,

2213 2973 2277 3019 ut
2327 2951 2608 3028 Christus,
2676 2978 2835 3032 quem
2869 2972 2924 3018 et
2979 2964 3421 3019 misericordiam
3459 2962 3578 3028 Dei,
3603 2971 3658 3018 et
3691 2962 3788 3018 Dei

2215 3058 2459 3115 salutare
2507 3055 2767 3126 appellat,
2807 3054 2913 3110 sibi
2970 3055 3318 3111 ostendatur.
3344 3055 3786 3111 Misericordiam

529 3159 969 3230 ὲνηνθρώπησεν,
1007 3159 1096 3214 ἵνα
1147 3160 1294 3231 σώσῃ
1350 3162 1520 3231 ἡμᾶς,
1576 3159 1671 3213 καί¹
1732 3160 1814 3212 ὃτι
1862 3158 2105 3228 ἐλεήμων

2214 3163 2397 3209 autem
2448 3161 2504 3208 et
2545 3153 2792 3234 salutare
2845 3151 2968 3207 ideo
3002 3167 3125 3207 eum
3179 3153 3500 3222 appellavit,
3529 3154 3655 3223 quia
3682 3153 3788 3208 mi-

533 3254 669 3317 ἐστὶ,
704 3254 798 3304 καὶ
831 3254 1021 3324 Σωτήρ
1050 3270 1062 3281 ·
1106 3253 1252 3316 ἔλεος
1289 3254 1345 3306 δέ
1375 3271 1467 3306 σου
1525 3252 1620 3306 καί⁵
1672 3250 1941 3321 σωτήριόν
1973 3265 2099 3302 σουο

534 3341 646 3397 οἷον
667 3347 748 3398 ὅτι
774 3345 832 3399 τὸ
863 3346 1011 3409 ἔλεος
1042 3348 1102 3400 τὸ
1133 3347 1283 3417 παρὰ
1346 3346 1439 3400 σοῦ
1460 3361 1474 3378 ⁶
1529 3347 1624 3400 καὶ
1652 3345 1711 3398 τὸ
1746 3345 2014 3414 σωτήριον
2041 3342 2102 3395 τὸ

538 3437 690 3506 παρὰ
725 3437 816 3490 σοῦ
848 3437 941 3490 τοῦ
979 3438 1212 3508 Πατρός.
1253 3437 1456 3500 Δώσεις
1479 3438 1535 3491 δὲ
1566 3433 2102 3508 ήμῖν,ὅτιΠαιδίον,

537 3531 722 3598 φησὶν,
762 3529 1054 3598 ἐγεννήθη
1083 3529 1248 3598 ἡμῖν,
1273 3528 1372 3583 καί
1399 3529 1529 3595 υίὸς
1548 3529 1730 3596 ἐδόθη
1767 3526 1932 3596 ἡμῖν.

2210 3246 2515 3304 scricordia
2583 3252 2770 3300 motus
2824 3254 2930 3309 est,
2982 3254 3040 3299 ut
3091 3261 3310 3300 carnem
3346 3257 3671 3312 assumeret,
3732 3257 3789 3303 et

2215 3356 2318 3397 nos
2379 3340 2639 3394 salvaret.
2699 3338 2857 3394 Unde
2913 3347 2966 3392 et
3015 3338 3360 3407 misericors,
3435 3349 3489 3394 et
3538 3339 3788 3395 Salvator

2214 3434 2411 3488 merito
2429 3433 2756 3503 appellatur,
2791 3431 3230 3488 Misericordiam
3264 3447 3396 3489 vero
3426 3441 3600 3498 tuam,
3623 3433 3788 3504 Deus,

2212 3534 2267 3582 ct.
2307 3528 2548 3582 salutare
2584 3535 2738 3582 tuum
2779 3527 2928 3580 hunc
2982 3525 3239 3590 dicimus,
3292 3527 3422 3596 quia
3474 3525 3788 3583 misericor-

537 3619 681 3674 diam
736 3619 907 3687 illam,
939 3632 991 3675 et
1033 3621 1277 3676 salutare
1312 3620 1443 3674 illud
1478 3621 1737 3690 petimus,
1794 3618 1942 3689 quod
1971 3633 1998 3672 a
2035 3626 2088 3671 te
2125 3625 2230 3674 est.
2289 3619 2370 3673 Ad
2402 3619 2618 3674 Patrem
2672 3619 2816 3674 enim
2855 3620 3096 3688 loquitur
3165 3619 3460 3689 Propheta.
3519 3618 3601 3674 Tu
3660 3634 3788 3675 vero

535 3710 671 3766 illud
731 3713 890 3767 nobis
917 3711 1096 3779 dabis,
1119 3712 1264 3782 quod
1312 3714 1573 3782 petimus,
1605 3714 1679 3766 ita
1714 3721 1773 3767 ut
1805 3709 2106 3781 aliquando
2147 3724 2346 3766 canere
2378 3711 2657 3780 possimus
2684 3726 2809 3768 cum
2839 3709 3112 3782 Pr0phe:a
3141 3730 3152 3764 :
3186 3710 3327 3766 Puer
3382 3723 3539 3766 natus
3580 3723 3657 3767 est
3695 3729 3783 3766 no.

533 3804 635 3870 bis,
663 3813 711 3858 et
735 3805 881 3873 ﬁlius
919 3805 1078 3858 datus
1095 3814 1172 3860 est
1206 3805 1354 3861 nobis
1412 3805 1475 3861 ¹³.

618 3921 978 3989 Ἀκούσομαι
998 3921 1056 3973 τι
1086 3919 1350 3987 λαλήσει
1377 3921 1445 3974 ἐν
1473 3920 1602 3991 ἐμοὶ
1635 3921 1852 3986 Κύριος
1872 3921 1905 3973 ό
1940 3919 2104 3983 Θεός.

534 4012 866 4081 Αἰσθόμενος
926 4015 1216 4076 ἐπιπνοίας
1271 4013 1418 4077 Θείας
1463 4015 1491 4065 ὁ
1555 4014 1868 4084 Προφήτης,
1928 4028 2112 4083 παρα-

537 4103 792 4166 σκευάζει
841 4105 1032 4158 ἑαυτὸν
1072 4106 1153 4168 εἰς
1179 4105 1240 4158 τὸ
1284 4105 1539 4159 ἀκοῦσαι.
1582 4107 1685 4158 Ἔν
1714 4105 1847 4174 ἐμοὶ
1871 4104 1926 4157 δὲ
1962 4100 2108 4170 εἷπε,

534 4197 752 4260 δεικνὺς
780 4199 862 4250 ὅτι
886 4197 986 4251 οὐκ
1007 4197 1114 4264 ἔξω
1139 4197 1389 4269 λαλήσει,
1419 4198 1531 4252 ἀλλ’
1565 4199 1734 4264 ἔνδον,
1788 4199 1867 4262 εἰς
1894 4197 1960 4252 τὰ
1995 4191 2112 4252 ὦτα

539 4289 638 4359 τῆς
676 4289 875 4360 ψυχῆς·

609 4567 740 4619 Ὅτι
769 4563 1032 4631 λαλήσει
1066 4559 1314 4630 εἰρήνην
1366 4559 1465 4614 ἐπὶ
1534 4559 1642 4613 τὸν
1701 4559 1857 4614 λαὸν
1899 4558 2112 4624 αὐτοῦ,

2285 3914 2450 3970 Vens.
2483 3915 2538 3968 9.
2580 3915 2810 3966 Audiam
2857 3913 2986 3980 quid
3034 3913 3286 3982 loquatur
3329 3914 3386 3967 in
3421 3930 3499 3968 me
3534 3914 3786 3970 Dominus

2214 4011 2372 4066 Deus.
2437 4008 2685 4061 Divinam
2721 4005 2990 4076 Propheta
3057 4006 3418 4076 spirationem
3467 4016 3633 4078 atque
3690 4025 3781 4066 au-

2215 4118 2331 4156 ram
2391 4103 2444 4155 in
2482 4117 2540 4154 se
2566 4100 2986 4154 adventaturam
3029 4099 3295 4163 sentiens,
3341 4100 3410 4154 ad
3453 4102 3786 4158 audiendum

2220 4203 2583 4265 praeparatur.
2637 4192 2789 4258 Quod
2820 4193 2894 4245 ait
2929 4210 2941 4245 :
2994 4190 3136 4255 Quid
3169 4191 3420 4260 loquatur
3472 4197 3524 4248 in
3553 4212 3632 4248 me
3656 4239 3671 4266 ,
3704 4196 3786 4251 tli-

2221 4295 2366 4341 ctum
2398 4297 2480 4339 est
2525 4293 2584 4338 ut
2618 4285 2952 4343 ostenderet.
2999 4283 3148 4354 quod
3211 4284 3353 4339 Deus
3389 4302 3497 4341 non
3530 4287 3580 4340 in
3632 4297 3786 4344 exte-

2222 4381 2396 4435 riotes
2431 4378 2698 4448 corporis,
2736 4377 2832 4431 sed
2861 4376 2913 4430 in
2952 4377 3247 4432 interiores
3281 4380 3476 4435 anima:
3509 4396 3674 4438 aures
3703 4384 3784 4439 lo-

2221 4480 2456 4525 CUlUl'US
2488 4479 2627 4524 CN“.

2299 4563 2563 4627 Quoniam
2605 4563 2844 4630 loquetur
2895 4577 3076 4630 pacem
3128 4578 3283 4631 super
3324 4563 3569 4632 populum
3602 4583 3782 4628 suum,

2145 4625 2189 4680 D

2222 4662 2270 4706 et
2321 4668 2474 4721 super
2521 4664 2730 4707 sanctos
2776 4669 2920 4717 suos,
2975 4663 3024 4705 et
3080 4653 3132 4705 in
3163 4668 3277 4717 eos,
3333 4656 3422 4723 qui
3476 4667 3781 4711 convertunt

2222 4747 2385 4800 corda
2425 4760 2521 4798 sua
2561 4743 2628 4798 ad
2651 4760 2790 4798 eum.
2821 4743 3069 4807 Audiam,
3103 4744 3297 4811 inquit,
3333 4743 3462 4812 quid
3501 4745 3778 4814 loquetur.

2219 4837 2456 4893 Omnino
2509 4838 2653 4890 enim
2715 4837 2967 4905 loquetur
3016 4830 3182 4898 Deus,
3226 4843 3390 4906 atque
3438 4838 3780 4908 evangeliu-

535 4662 632 4716 καὶ
660 4660 760 4713 ἐπὶ
823 4657 965 4724 τοὺς
1020 4657 1234 4720 ὁσίους
1283 4653 1492 4718 αὑτοῦ,
1535 4653 1633 4707 καί
1678 4653 1779 4707 ἐπὶ
1810 4652 1952 4719 τοὺς
1986 4654 2112 4704 ἐπι-

535 4756 908 4821 στρέφοντας
973 4748 1228 4818 καρδίαν
1267 4746 1360 4801 ἐπ’
1403 4748 1614 4802 αὐτόν.
1679 4746 2010 4816 ’Ᾱκούσομαι
2039 4744 2115 4806 δὲ,

489 4901 493 4904 ,
539 4846 706 4914 φησὶν
731 4885 743 4907 ,
777 4847 804 4899 ὃ
834 4863 884 4897 τι
926 4841 1174 4912 λαλήσει.
1230 4841 1373 4894 Διότι
1425 4841 1649 4909 λαλήσει
1681 4841 1898 4904 πάντως
1939 4839 2114 4892 είτουν

539 4935 948 5002 εἰαγγελίσεται
1006 4934 1231 5003 εἰρήνην
1268 4932 1358 4984 ἐπὶ
1384 4933 1476 4984 τὸν
1504 4930 1630 4984 λαὸν
1661 4930 1826 4983 αὑτοῦ
1847 4969 1862 4995 ,
1892 4929 1983 4982 καὶ
2022 4929 2105 4981 ὅν-⁴

2216 4931 2296 4985 bit
2343 4945 2528 5000 pacem
2569 4929 2769 5000 populo
2804 4942 2923 4983 suo.
2976 4926 3037 4981 Et
3073 4942 3202 4982 vere
3239 4925 3459 4996 quidem
3526 4931 3767 4998 populus

537 5042 644 5090 τως
668 5028 695 5078 ὁ
728 5027 853 5089 λαὸς
883 5024 1047 5078 αὑτοῦ
1077 5026 1298 5094 εἰρήνην
1343 5024 1457 5094 ἔχει
1493 5023 1722 5077 πάντοτε
1762 5023 1898 5091 πρός
1929 5037 1989 5074 τε
2020 5022 2105 5074 τὸν

2219 5020 2311 5078 Dei
2360 5031 2414 5077 et
2443 5038 2625 5077 secum
2688 5025 2822 5091 ipse,
2877 5031 3085 5077 etcum
3139 5021 3250 5078 Deo
3315 5037 3532 5092 semper
3581 5039 3768 5092 pacem

534 5119 666 5171 Θεδν
704 5113 959 5187 καὶπρὸς
1003 5118 1192 5170 ἑαυτὸν
1224 5158 1239 5182 ,
1297 5117 1484 5186 ὥσπερ
1544 5111 1698 5177 αὖθις
1755 5114 1935 5184 μάχην
1977 5113 2105 5183 πρὸς

2213 5115 2397 5180 habet,
2455 5116 2615 5171 sicuti
2664 5125 2879 5180 contra,
2923 5113 3065 5169 idem
3126 5115 3362 5185 populus
3395 5131 3615 5186 semper
3668 5131 3771 5186 pu-

535 5211 659 5273 τοὺς
684 5211 908 5279 ἐχθροὺς
941 5210 1035 5262 τοῦ
1063 5209 1220 5273 Θεοῦ,
1250 5209 1340 5261 τόν
1372 5225 1430 5261 τε
1461 5207 1691 5276 δαίμονα
1721 5208 1817 5260 καὶ
1851 5209 1974 5270 τοὺς
2012 5205 2105 5259 τοῦ

2210 5226 2371 5282 gnam
2433 5225 2493 5263 ac
2571 5209 2775 5264 bellum
2829 5208 2996 5262 habet
3047 5222 3169 5262 cum
3216 5208 3483 5274 daemone,
3534 5217 3588 5262 et
3640 5225 3767 5264 cum

529 5303 801 5371 δαίμονος.
836 5304 972 5364 Τοὺς
1019 5303 1218 5365 αὐτοὺς
1260 5303 1315 5354 δὲ
1343 5300 1569 5355 ἐκάλεσε
1627 5301 1754 5353 λαὸν
1816 5300 1974 5364 θεοῦ,
2012 5303 2105 5354 καὶ

2210 5304 2482 5358 universis
2535 5302 2623 5372 qni
2680 5302 2939 5356 daemonis
2991 5301 3175 5365 amici,
3242 5313 3332 5355 aut
3389 5301 3497 5356 Deo
3558 5302 3768 5356 inimici

530 5394 732 5457 ὁσίους,
768 5395 1066 5457 τουτέστιν,
1101 5392 1526 5462 ἀφωπιωμένους
1548 5391 1698 5462 αὐτῷ
1731 5391 1825 5444 καὶ
1846 5391 2101 5460 ἐπιστρέ-

2210 5404 2350 5450 sunt.
2423 5393 2655 5450 Eosdem
2739 5403 2918 5447 autem
2984 5391 3171 5448 ﬁdeles
3253 5401 3306 5446 et
3359 5392 3610 5462 populum
3673 5393 3766 5447 Dei

531 5501 727 5554 φοντας
752 5486 837 5538 ἐπ’
869 5485 1029 5539 αὑτὸν
1085 5487 1184 5554 τὴν
1225 5485 1435 5539 ἑαυτῶν
1484 5485 1734 5554 καρδίαν,
1801 5486 1970 5556 ἤγουν
1999 5486 2098 5556 τὴν

2210 5488 2518 5557 appellavit,
2563 5499 2619 5544 et
2671 5494 2914 5552 sanctos,
2979 5486 3082 5539 hoc
3132 5494 3236 5549 cst,
3271 5487 3666 5550 sanctilicatos,
3699 5499 3761 5540 ac

635 5737 677 5768 "
708 5736 811 5790 lsa.
855 5750 927 5798 Ix,
964 5730 1015 5786 6.

843 5829 1070 5887 Parno'
1181 5839 1268 5880 wn
1343 5821 1598 5880 “\KV'Il

3285 5820 3359 5884 28
