4188 6290
437 438 545 507 887

1651 452 2036 514 EUTHYMII
2078 454 2437 515 ZIGABENI

3586 460 3693 525 888

437 560 649 628 psalmo
681 576 902 630 Lxxxu;
936 564 1019 620 ha:
1052 574 1235 621 autem
1269 578 1480 637 gentes,
1529 583 1651 639 qua:
1684 569 1772 625 hic
1798 586 2007 626 connu-

2117 574 2211 627 καὶ
2239 576 2303 628 τὰ
2353 575 2501 643 ἑξῆς.
2536 576 2671 646 Περὶ
2708 575 2803 644 μὲν
2837 576 2928 628 οῦν
2962 577 3069 629 τῶν
3122 575 3437 643 ἀλλοιξύὶων
3491 578 3703 646 εἴρηται

439 665 741 721 morantur,
769 665 1090 712 caeterarum
1127 660 1372 715 omnium
1407 700 1420 723 ,
1457 670 1516 715 ut
1564 663 1803 718 diximus
1834 704 1849 727 ,
1916 665 2015 719 im-

434 751 694 817 piissima':
720 763 897 809 erant.
935 752 989 806 Si
1024 754 1192 823 igitur
1224 763 1331 807 tam
1366 756 1547 823 impiae
1576 767 1765 828 gentes
1793 759 2014 813 Christo

432 840 724 896 creditura:
753 855 881 898 sunt
908 886 920 909 ,
947 853 1156 914 quanto
1189 847 1360 918 magis
1420 863 1610 904 omnes
1663 850 1781 905 alia:
1829 851 2013 906 minus

433 935 610 1000 impia!
641 938 803 989 etiam
836 939 884 991 ei
914 940 1144 992 credent
1173 940 1196 992 ?

504 1026 665 1082 Vens.
703 1028 755 1082 5.
806 1028 979 1083 Mater
1025 1030 1173 1094 Sion,
1211 1032 1347 1086 dicet
1383 1033 1560 1088 homo.
1611 1035 1897 1092 Manifesta
1945 1052 2010 1092 ac

433 1121 611 1189 palam
661 1124 925 1190 praedicit,
959 1126 1102 1194 quod
1171 1140 1237 1180 es
1286 1143 1618 1199 quacunque
1666 1141 1830 1200 gente
1886 1132 2011 1201 quis

432 1212 710 1282 iugresaus
744 1216 907 1272 fuerit
942 1219 995 1272 in
1022 1218 1151 1273 Sion
1174 1261 1188 1283 .
1222 1221 1366 1276 dicet
1391 1261 1406 1284 ,
1453 1225 1598 1292 quod
1659 1225 1790 1279 Sion
1832 1235 2010 1281 mater

427 1317 534 1362 est.
560 1307 904 1378 Subintelligi
930 1313 1074 1365 enim
1109 1311 1271 1368 debet
1300 1314 1467 1369 dictio
1493 1326 1591 1369 est.
1627 1316 1796 1371 Mater
1823 1326 2005 1372 autem

430 1395 553 1450 ideo
583 1399 887 1466 appellatur
938 1397 1095 1465 Sion,
1121 1402 1248 1472 quia
1280 1415 1587 1473 regenerat,
1632 1413 1692 1459 ut
1716 1405 1957 1462 diximus
1990 1425 2002 1461 :

425 1489 509 1542 vel
542 1490 666 1557 quia
695 1489 1135 1548 Christianorum
1165 1510 1228 1549 ac
1262 1497 1636 1565 sp’ritualium
1686 1499 2006 1569 dogmatum

428 1580 552 1634 cibo
582 1581 766 1638 ﬁdeles
795 1599 985 1641 omnes
1024 1587 1186 1642 veluti
1227 1588 1312 1657 pia
1356 1598 1529 1644 mater
1556 1591 1672 1646 alit.
1712 1590 1805 1646 Vel
1832 1604 2008 1647 mater

429 1672 777 1741 appellatur,
837 1684 1099 1747 tanquam
1151 1680 1426 1737 amabilis.
1482 1682 1557 1736 Ea
1611 1684 1815 1738 etenim
1868 1684 2004 1740 nihil

430 1767 653 1820 suavius
683 1807 697 1829 ,
728 1776 823 1821 aut
853 1771 1146 1826 amabilius
1180 1782 1281 1829 est.
1320 1771 1460 1828 Vere
1502 1775 1706 1846 quippe
1752 1777 2006 1833 amabilis

429 1867 513 1911 est
545 1856 782 1913 Ecclesia
817 1861 882 1916 iis
915 1864 1006 1929 qui
1056 1864 1109 1917 in
1138 1880 1258 1920 eam
1292 1866 1699 1938 ingrediuntur,
1748 1885 1815 1923 eo
1858 1870 2003 1940 quod

428 1946 500 2001 ibi
527 1960 889 2009 conversatus
919 1962 1003 2009 est
1026 1956 1327 2011 secundum
1361 1974 1583 2014 carnem
1610 1958 1867 2017 Christus
1904 1960 2009 2016 llo-
2047 1948 2086 2001 Β

429 2042 635 2105 minus,
667 2047 760 2114 qui
794 2046 975 2100 locum
1004 2050 1445 2106 conversationis
1469 2066 1583 2105 suae
1614 2052 2008 2107 sanetiticavit.

502 2141 572 2195 Et
602 2144 753 2198 homo
786 2155 943 2200 natus
972 2156 1047 2200 est
1078 2148 1131 2200 in
1164 2165 1244 2201 ea.
1280 2146 1394 2202 Hoc
1422 2149 1485 2201 ad
1519 2148 1724 2204 Christi
1770 2165 2009 2216 genera-

428 2233 630 2289 tionem
662 2237 960 2306 pertinent,
991 2239 1081 2309 qui
1115 2240 1255 2294 intra
1289 2239 1546 2295 Ecclesiae
1566 2241 1832 2296 terminos
1850 2251 2012 2296 natus

427 2334 510 2381 est
546 2342 559 2379 :
589 2326 863 2397 Christus,
904 2331 1151 2400 inquam,
1179 2331 1272 2400 qui
1299 2347 1457 2386 verus
1488 2333 1649 2387 homo
1679 2333 1801 2398 fuit,
1843 2341 1899 2389 et
1918 2335 2010 2402 qui

429 2420 695 2493 integram
731 2422 1086 2480 lunnanitatis
1114 2425 1434 2495 dignitatem
1474 2426 1713 2480 servavit
1750 2444 1762 2481 :
1816 2441 2008 2481 verum

432 2527 499 2566 ne
528 2512 737 2567 nudum
773 2514 1047 2569 hominem
1075 2525 1323 2584 putares,
1352 2515 1447 2571 sed
1485 2514 1654 2571 Deum
1698 2514 1904 2586 pariter
1957 2527 2012 2573 et

430 2604 707 2660 hominem
737 2620 1114 2676 cognosceres,
1146 2605 1351 2661 addidit
1387 2623 1400 2659 :

502 2696 568 2750 Et
595 2698 703 2765 ipse
729 2698 969 2767 [undavit
998 2716 1111 2754 eam
1148 2702 1473 2756 Altissimus.
1509 2700 1574 2755 Et
1619 2703 1706 2757 ille
1729 2744 1744 2768 ,
1784 2704 1959 2774 inquit
1991 2744 2008 2769 ,

425 2791 518 2861 qui
554 2793 605 2845 in
632 2806 693 2847 ea
727 2802 892 2847 natus
924 2802 1027 2856 est,
1074 2802 1133 2847 ut
1163 2794 1349 2857 immo,
1403 2795 1545 2849 idem
1600 2796 1692 2851 ille
1725 2798 1793 2852 ab
1846 2797 2006 2853 initio

426 2870 547 2939 eam
581 2884 851 2951 fundavit,
890 2887 1051 2941 veluti
1088 2895 1246 2941 teme
1274 2903 1335 2943 ac
1363 2889 1488 2944 coeli
1518 2899 1758 2953 creator,
1807 2891 1899 2960 qui
1932 2891 2010 2943 al-

427 2978 677 3035 tissimus
706 2987 811 3043 est,
840 2987 1100 3049 tanquam
1124 2979 1292 3036 Deus.

500 3068 663 3127 Vens.
681 3072 737 3126 6.
764 3072 1020 3127 Dominus
1040 3076 1279 3127 narrabit
1304 3076 1354 3128 iu
1381 3077 1646 3146 scriptura
1665 3079 2003 3148 populorum,

422 3172 471 3217 et
505 3165 800 3232 principum
829 3164 1036 3232 horum,
1066 3167 1155 3235 qui
1181 3169 1416 3236 generati
1450 3176 1573 3222 sunt
1610 3170 1663 3222 in
1692 3185 1774 3223 ea.
1806 3169 1848 3222 A
1879 3184 2006 3239 pro-

2124 670 2180 719 ἐν
2212 668 2287 735 τῷ
2310 666 2397 736 πβ¹
2426 668 2647 738 ψαλμῷ.
2684 668 2868 721 Πάντα
2895 669 2948 721 δὲ
2979 669 3043 721 τὰ
3068 669 3527 740 ἀπαριθμηθὲντα
3578 670 3702 739 ἔθνη

2123 759 2465 829 ἀσεϐέστεροι
2520 762 2613 813 καὶ
2658 760 3098 831 παρανομώτερα
3156 761 3264 814 τῶν
3319 761 3494 814 ἄλλων
3541 757 3702 829 ἦσαν.

2122 851 2185 904 Εἰ
2209 852 2264 905 δὲ
2294 852 2362 905 τὰ
2386 852 2611 906 τοιαῦτα
2666 853 2797 925 ἔθνη
2842 855 3252 917 πιστεύσουσιν,
3290 854 3467 925 πολλῴ
3504 855 3703 924 μᾶλλον

2121 941 2331 996 filia.

2196 1035 2404 1105 Μήτηρ
2453 1037 2625 1103 Σιὼν,
2671 1037 2795 1105 ἐρεῖ
2823 1039 3157 1105 ἄνθρωπος.
3216 1039 3556 1110 “parm-reda;
3602 1057 3699 1092 σα-

2119 1132 2256 1198 φῶς,
2289 1131 2370 1184 ὅτι
2420 1131 2709 1202 ἄνθρωπος
2738 1133 2802 1184 ἐκ
2843 1132 3039 1191 παντὸς
3086 1132 3297 1197 ἔθνους,
3336 1134 3414 1195 εἰς
3435 1133 3535 1203 τίνει·
3568 1132 3703 1184 Σιὼν

2119 1223 2312 1285 ἐλθὼν,
2356 1226 2491 1295 ὲρεῖ,
2549 1226 2632 1278 ὅτι
2666 1227 2852 1296 μήτηρ
2888 1227 3037 1279 ἐστὶν
3074 1228 3106 1297 ἡ
3160 1228 3324 1281 Σιών.
3356 1228 3545 1280 Λείπει
3597 1229 3703 1299 γὰρ

2117 1316 2178 1369 τὸ
2223 1316 2424 1370 Ἐστί’
2457 1319 2641 1388 μήτηρ
2690 1318 2746 1371 δέ
2791 1320 2964 1394 ἐστιν.
3008 1318 3083 1379 ὡς
3115 1320 3485 1386 ἀναγεννῶσα,
3522 1319 3706 1382 καθὼς

2118 1408 2376 1476 ἀνωτέρω
2408 1409 2752 1478 διελάϐομεν,
2784 1411 2879 1463 καὶ
2912 1411 2987 1475 ὼς
3024 1413 3364 1481 ἐκτρέφουσα
3408 1415 3520 1475 τοῖς
3574 1415 3703 1479 περὶ

2116 1501 2357 1572 Χριστοῦ
2409 1501 2706 1572 δόγμασιν·
2769 1504 2801 1575 ἢ
2862 1506 3047 1576 μήτηρ
3096 1505 3282 1567 πάλιν,
3327 1507 3401 1569 ὡς
3438 1505 3698 1576 ποθεινὴ·

2120 1596 2329 1665 μητρὸς
2368 1595 2477 1665 γὰρ
2527 1594 2683 1649 οὐδὲν
2740 1595 3148 1666 ποθεινότερον
3190 1596 3412 1666 ποθεινὴ
3455 1596 3563 1665 γὰρ
3618 1597 3702 1649 ὅν-

2115 1706 2224 1752 τως
2252 1692 2365 1752 τοῖς
2392 1691 2472 1751 είς
2496 1688 2665 1760 αὐτὴν
2699 1690 3016 1759 ἐρχομένοις
3062 1690 3200 1754 ἐστὶ,
3242 1689 3330 1743 διὰ
3368 1690 3429 1743 τὸ
3470 1691 3525 1744 ὲν
3564 1690 3699 1760 αὐτῇ

2117 1781 2496 1850 πολιτευθῆναι
2558 1781 2696 1834 κατὰ
2744 1782 2921 1852 σάρκα
2972 1782 3063 1834 τὸν
3114 1782 3390 1853 Δεσπότην
3442 1782 3700 1851 Χριστὸν,

2117 1876 2208 1929 καί⁸
2244 1874 2470 1943 ἁγιάσαι
2498 1874 2619 1937 τοὺς
2653 1874 2849 1938 τόπους
2882 1874 2979 1945 τῆς
3007 1876 3352 1945 ἀναστροφῆς
3390 1875 3575 1929 αὑτοῦ.

2190 2142 2298 2196 Kal
2338 2141 2653 2209 ἅνθρωπος
2707 2142 3005 2214 ἐγεννήθη
3055 2142 3125 2196 ἐν
3153 2141 3332 2211 αὐτῇ.
3358 2142 3532 2197 Τοῦτο
3573 2144 3702 2212 περὶ

2119 2235 2216 2305 τῆς
2248 2235 2340 2288 τοῦ
2373 2233 2615 2304 Χριστοῦ
2647 2236 2977 2305 γεννήσεως,
3014 2234 3095 2290 ὅτι
3120 2236 3305 2298 ἐντοῖς
3332 2236 3502 2307 ὁρίοις
3532 2236 3701 2306 αὐτῆς

2117 2327 2382 2396 ἐγεννήθη
2411 2326 2700 2396 ἄνθρωπος
2744 2327 2937 2391 ὅντως.
2975 2328 3049 2392 ὡς
3102 2327 3344 2397 φυλάξας
3379 2329 3441 2381 τὸ
3480 2328 3700 2398 ἀξίωμα

2114 2418 2215 2487 τῆς
2251 2418 2695 2489 ἀνθρωπότητος.
2736 2418 2855 2473 Ἵνα
2894 2418 2951 2472 δὲ
3007 2419 3155 2492 δείξῃ
3187 2422 3272 2474 ὅτι
3318 2422 3418 2473 οὐκ
3447 2417 3514 2491 ἦν
3544 2421 3701 2489 ψιλὸς

2113 2510 2422 2583 ἄνθρωπος,
2465 2512 2583 2566 ἀλλ’
2621 2513 2911 2583 ἄνθρωπος
2940 2513 3077 2584 ὁμοῦ
3113 2515 3204 2568 καὶ
3235 2513 3387 2581 Θεὸς,
3425 2517 3696 2585 ἐπήγαγε·

2182 2695 2295 2748 Καὶ
2338 2694 2522 2761 αὐτὸς
2571 2694 2969 2763 ἐθεμελίωσεν
3033 2696 3231 2762 αὐτὴν
3271 2700 3303 2751 ὀ
3373 2696 3695 2767 “niuosae.

2113 2780 2224 2836 Καὶ
2252 2781 2416 2844 αὐτὸς
2444 2782 2473 2834 ὁ
2497 2784 2556 2837 ὲν
2578 2783 2715 2853 αὐτῇ
2751 2785 3032 2856 γεννηθεὶς
3053 2785 3126 2850 ὡς
3162 2786 3470 2858 ἄνθρωπος,
3507 2790 3695 2853 αὐτὸς,

2111 2874 2299 2943 φησὶν,
2337 2873 2700 2944 ὲθεμελίωσεν
2730 2876 2902 2947 αὐτὴν
2960 2878 3081 2931 κατ’
3122 2880 3319 2949 ἀρχὰς,
3355 2881 3429 2944 ὡς
3470 2884 3697 2954 ποιητὴς

2111 2964 2345 3033 οὐρανοῦ
2382 2968 2476 3020 καὶ
2505 2967 2630 3038 γῆς,
2664 2968 2693 3019 ὁ
2725 2967 2804 3021 ὣν
2835 2968 3081 3039 ὕψιστος,
3121 2970 3196 3035 ὡς
3222 2971 3381 3034 Θεός.

2180 3060 2392 3128 Κύριος
2414 3060 2764 3129 διηγήσεται
2789 3063 2859 3116 ἐν
2876 3061 3074 3132 τραφῇ
3088 3062 3256 3117 λαῶν
3276 3066 3369 3119 καί
3390 3064 3698 3134 ἀρχόντων

2109 3154 2565 3226 γεγεννημένων
2615 3156 2686 3210 ἐν
2732 3157 2909 3226 αὐτῇ.
2977 3158 3038 3211 '(J
3097 3159 3334 3229 Χριστὸς
3378 3158 3582 3228 διδάξει
3620 3162 3697 3235 ,τὰ

422 3258 710 3327 phetarum
742 3256 1048 3329 Scripturis
1078 3235 1333 3313 Christus
1375 3260 1559 3314 omnia
1593 3260 1853 3325 docebit,
1880 3235 2009 3331 quae

2116 3248 2247 3318 περὶ
2306 3248 2529 3313 ἑαυτοῦ,
2566 3247 2674 3302 ἀπὸ
2704 3250 2804 3320 τῆς
2837 3251 3082 3321 Γραφῆς,
3116 3250 3318 3322 δηλαδὴ
3354 3252 3451 3322 τῆς
3483 3270 3697 3323 προφη-

422 3348 490 3402 ad
523 3364 581 3403 se
611 3350 866 3418 pertinet.
900 3351 987 3404 Ait
1020 3351 1164 3407 enim
1194 3349 1369 3405 Lucas
1399 3366 1412 3403 :
1451 3348 1517 3404 Et
1558 3352 1791 3406 traditus
1836 3362 1911 3406 est
1955 3353 2013 3406 ei

424 3440 553 3495 liber
585 3440 747 3495 Isairc
777 3442 1045 3511 prophetae
1066 3482 1080 3506 ,
1122 3451 1171 3496 et
1217 3443 1477 3513 explicato
1504 3442 1637 3497 libro
1660 3486 1673 3509 ,
1707 3445 1901 3500 invenit
1931 3444 2008 3498 lo-

421 3546 565 3596 cum,
602 3532 690 3585 ubi
721 3533 976 3600 scriptum
1002 3542 1115 3586 erat
1148 3546 1168 3587 :
1202 3531 1434 3602 Spiritus
1468 3534 1683 3589 Domini
1722 3550 1881 3605 super
1907 3552 2007 3603 mc,

424 3622 577 3691 cujus
601 3625 776 3693 gratia
795 3624 948 3678 unxit
987 3633 1086 3689 me,
1118 3614 1481 3697 euangelizarc
1506 3628 1825 3697 pauperibus
1862 3629 2008 3681 misit

2113 3340 2293 3410 τικῆς.
2348 3340 2490 3410 Φησὶ
2533 3341 2640 3411 γὰρ
2667 3342 2884 3405 Λουκᾶς
2923 3343 2951 3395 ὁ
2978 3343 3369 3413 εὐαγγελιστής
3394 3358 3407 3373 °
3440 3345 3543 3399 Kal
3566 3345 3696 3397 ἐπε-

2113 3433 2259 3499 δόθη
2295 3432 2454 3497 αὐτῷ
2496 3435 2745 3499 ,βιϐλίον
2783 3436 3031 3489 Ἡσαΐου
3079 3435 3187 3490 τοῦ
3227 3436 3562 3506 προφήτου,
3596 3437 3696 3489 καί

2111 3526 2465 3593 ἀναπτύξας
2488 3528 2755 3592 βιϐλίον,
2797 3524 2938 3595 εὗρε
2998 3529 3188 3583 τόπον
3223 3525 3295 3585 οὗ
3338 3526 3418 3600 ἦν
3443 3546 3696 3600 γεγραμ-

2106 3619 2315 3688 μένονο
2351 3621 2592 3690 Πνεῦμα
2629 3622 2847 3689 Κυρίου
2870 3622 2965 3675 ἐπ’
2988 3620 3116 3690 ἐμὲ,
3146 3618 3218 3678 οὗ
3246 3622 3456 3677 ἕνεκεν
3489 3624 3697 3693 ἔχρισε

423 3732 505 3771 me
532 3717 598 3781 “,
636 3726 688 3771 et
731 3732 855 3787 qua:
908 3727 1239 3788 sequuntur.
1289 3718 1623 3789 liujusmodi
1683 3722 1845 3792 igitur
1882 3737 2010 3791 pro-

2116 3730 2181 3780 με
2201 3729 2214 3742 ο
2264 3715 2771 3783 εὐαγγελίσασθαι
2807 3714 3065 3782 πτωχοῖς
3090 3714 3438 3770 ἀπέσταλκε
3461 3733 3556 3783 με,
3594 3715 3693 3767 καὶ

426 3810 713 3877 phetarum
754 3811 1110 3881 scripturam,
1148 3814 1476 3882 populorum
1528 3814 1857 3884 scripturam
1908 3830 2008 3884 ap—

428 3900 613 3969 pellat,
645 3909 698 3955 et
729 3903 1059 3971 scripturam
1096 3904 1652 3976 principumzeorum,
1682 3906 1848 3961 veluti
1886 3922 2007 3975 qua:

427 4003 477 4047 et
515 3991 827 4048 Iudaeorum
865 3996 1081 4066 populis
1137 4006 1192 4051 et
1242 4012 1433 4053 eorum
1486 3999 1829 4070 principibus
1880 4000 2008 4053 data

426 4093 567 4151 erat,
608 4094 660 4139 et
698 4086 915 4141 illorum
968 4090 1190 4159 propria
1232 4098 1351 4145 erat
1383 4091 1665 4159 possessio
1690 4132 1704 4153 ,
1732 4091 1823 4162 qui
1854 4094 1909 4145 iu
1944 4104 2007 4144 ea

427 4178 674 4247 generati
709 4188 861 4242 sunt,
894 4181 999 4235 hoc
1026 4190 1135 4249 cst,
1168 4183 1261 4253 qui
1308 4184 1422 4237 nati
1454 4194 1581 4241 sunt
1620 4186 1674 4238 in
1710 4183 1864 4240 Sion.

500 4270 662 4326 Vens.
694 4273 749 4325 7.
783 4272 955 4339 Quam
991 4275 1292 4329 lwtantium
1334 4278 1573 4331 omnium
1622 4278 1891 4335 habitatio
1929 4290 2009 4335 est

425 4364 481 4415 in
516 4372 583 4418 te.
622 4364 796 4419 Dictio
824 4382 981 4435 quam
1022 4366 1075 4420 in
1107 4370 1326 4422 modum
1359 4368 1737 4425 confirmantis
1790 4382 1871 4426 est
1906 4387 2005 4441 po-

428 4458 553 4511 sita.
593 4454 750 4521 Vere,
787 4459 1031 4527 inquit,o
1057 4460 1285 4526 Sion,in
1308 4451 1371 4517 te
1387 4473 1469 4517 est
1493 4462 1758 4518 habitatio
1778 4465 2010 4519 omnium

2119 3806 2187 3859 τὰ
2216 3805 2363 3875 ἑξῆς.
2393 3807 2507 3874 Τὴν
2558 3806 2613 3859 δὲ
2652 3806 2910 3877 τοιαύτην
2940 3807 3285 3880 προφητικὴν
3317 3807 3536 3879 γραφὴν
3566 3807 3698 3861 ἐκά-

2112 3896 2238 3951 λεσε
2290 3898 2508 3970 γραφὴν
2552 3897 2661 3952 τῶν
2703 3897 2848 3952 λαῶν
2881 3900 2973 3952 καὶ
3025 3900 3132 3953 τῶν
3169 3900 3449 3971 ἀρχόντων
3490 3899 3692 3965 αὐτῶν,

2110 3990 2189 4055 ὡς
2244 3993 2357 4054 τοῖς
2413 3989 2565 4055 λαοῖς
2611 3986 2719 4044 τῶν
2785 3992 3056 4047 Ἰουδαίων
3112 3992 3205 4045 καὶ
3264 3994 3378 4055 τοῖς
3433 3991 3697 4062 ἄρχουσιν

2112 4083 2293 4137 αὐτῶν
2326 4083 2644 4154 δεδομένην,
2682 4086 2779 4136 καὶ
2829 4084 3013 4153 κτῆμα
3051 4083 3256 4136 τούτων
3335 4084 3694 4154 ὑπαρχούσης

2110 4176 2221 4227 τῶν
2270 4177 2709 4245 γεγεννημένων,
2772 4175 2948 4229 εἷτουν
2970 4175 3079 4229 τῶν
3114 4175 3416 4247 τεχθέντων
3445 4177 3501 4228 ὲν
3533 4176 3691 4229 Σιών.

2192 4270 2292 4332 Ὠς
2316 4268 2803 4339 εὐφραινομένων
2833 4269 3078 4322 πάντων
3102 4270 3140 4335 ἡ
3172 4268 3445 4321 κατοικία
3466 4268 3536 4321 ἐν
3565 4269 3692 4321 σοί.

2112 4362 2187 4416 Τὸ
2237 4362 2341 4429 ὡς,
2384 4362 2764 4430 βεϐαιωτικὸν.
2802 4359 3036 4426 Ὄντως,
3070 4354 3114 4415 ὧ
3142 4360 3301 4425 Σιὼν,
3328 4358 3385 4413 ἐν
3417 4360 3501 4413 σοὶ
3538 4359 3694 4413 ἔσται

2113 4456 2148 4525 ὴ
2172 4454 2428 4509 κατοικία
2476 4452 2718 4509 πάντων
2756 4454 2866 4507 τῶν
2900 4454 3343 4523 εὐφραινομένων
3386 4469 3694 4523 πνευματι-

428 4548 791 4615 Spiritualiter
857 4551 1180 4607 lmtantium.
1242 4553 1419 4608 Dictio
1488 4562 1668 4609 autem
1733 4556 2010 4619 omnium,

2120 4542 2233 4609 κῶς
2263 4561 2278 4577 ο
2321 4545 2380 4599 σὲ
2404 4546 2815 4615 κατοικήσουσι.
2845 4544 2918 4597 Τὸ
2938 4545 3017 4611 δὲ,
3047 4544 3316 4608 Πάντων,
3340 4544 3387 4595 εί
3414 4542 3508 4596 καὶ
3532 4541 3697 4596 καθο-

430 4641 648 4693 tametsi
681 4641 1047 4695 uuivtrsalom
1094 4658 1403 4699 sermonem
1454 4646 1652 4707 reddit.
1718 4645 1861 4717 apud
1910 4644 2011 4703 Hc-

431 4734 611 4786 brmos
641 4740 822 4788 tamen
865 4733 1314 4804 frequentissime
1360 4738 1433 4792 ita
1480 4750 1753 4808 ponitur,
1792 4748 1853 4796 ut
1900 4755 2009 4797 non

430 4834 540 4877 tam
575 4826 861 4880 universos
892 4842 1054 4896 quam
1097 4828 1299 4884 multos
1327 4828 1620 4901 signiticet.

429 4912 709 4969 Canticum
739 4916 934 4984 psalmi
963 4919 1091 4985 ﬁliis
1127 4917 1259 4974 Core
1285 4960 1299 4984 ,
1337 4920 1391 4973 in
1424 4921 1581 4989 ﬁnem
1618 4937 1713 4991 pro
1749 4919 2004 4985 Maelcth,

501 5005 571 5058 ad
603 5007 1044 5073 respondendum,
1076 5008 1433 5080 intelligentia
1464 5012 1568 5081 ipsi
1596 5009 1799 5065 Eman
1829 5009 2009 5067 Israc-

498 5098 634 5154 ιὶίιε.

892 5188 1212 5251 PSALMUS
1243 5194 1552 5255 LXXXVI].
1650 5238 1653 5239 ν

500 5279 641 5347 Quid
678 5282 751 5337 sit
781 5284 1057 5338 canticum
1089 5287 1311 5355 psalmi,
1340 5298 1394 5344 et
1426 5290 1491 5344 de
1533 5289 1639 5346 ﬁlis
1670 5290 1810 5346 Core
1859 5290 2010 5346 dixi-

432 5388 551 5428 mus
583 5376 637 5429 iu
671 5374 942 5430 Prommio
990 5380 1195 5447 operis.
1228 5379 1291 5435 In
1312 5382 1469 5451 ﬁnem
1505 5399 1632 5438 vero
1664 5384 1784 5441 ideo
1814 5383 2020 5439 inscri-,

434 5480 585 5533 putm
618 5474 726 5531 est,
758 5468 886 5535 quia
914 5468 977 5521 ad
1020 5470 1181 5525 linem
1206 5475 1465 5528 tendebat
1522 5476 1805 5544 prophetia
1838 5517 1852 5541 ,
1885 5491 2011 5546 qua

434 5560 522 5612 hic
555 5560 885 5614 continetur.
920 5560 985 5613 Et
1027 5563 1271 5630 psalmus
1317 5566 1535 5635 quidem
1582 5571 1825 5636 proxime
1869 5584 2009 5638 prte-

432 5652 634 5705 cedcns
657 5648 860 5705 Christi
884 5650 1221 5709 nativitatem
1243 5656 1518 5725 praedixit,
1543 5659 1635 5714 hic
1658 5669 1835 5713 autem
1856 5659 2017 5714 Chri-

439 5740 506 5793 sti
534 5750 788 5798 mortem.
825 5742 980 5809 Quod
1007 5757 1185 5801 autem
1216 5747 1537 5805 inscribitur
1588 5766 1683 5819 pro
1732 5750 1959 5806 Macleth
1992 5794 2007 5817 ,

516 5930 559 5960 “
596 5925 726 5983 Luc.
761 5942 835 5997 tv,
869 5927 958 5995 i6,
994 5926 1071 5982 17.

2114 4636 2269 4692 λικδν
2300 4637 2629 4708 σχηματίζει
2687 4636 2881 4701 τύπον,
2915 4635 3031 4690 ἀλλ’
3056 4632 3150 4691 οὖν
3181 4634 3379 4705 ἰδίωμα
3412 4634 3508 4688 καὶ
3530 4633 3693 4689 τοῦτὸ

2117 4731 2289 4798 ἐστιν,
2322 4733 2587 4802 ἐμφαῖνον
2624 4730 2829 4802 πλῆθός
2857 4746 3040 4785 τινων.

2129 4913 2271 4985 ᾮδὴ
2297 4914 2545 4983 ψαλμοῦ
2582 4913 2707 4978 τοῖς
2734 4910 2884 4978 υιοῒς
2912 4908 3084 4979 Κορὲ,
3114 4913 3202 4978 είς
3230 4909 3299 4966 τὸ
3333 4909 3518 4976 τέλος(
3539 4908 3703 4977 ὑπὲρ

2186 5005 2446 5069 Μαελὲθ,
2503 5005 2610 5060 τοῦ
2671 5003 3090 5074 ἀποκριθῆναι,
3142 5001 3456 5070 συνέσεως
3502 5002 3696 5072 Αιμὰν

2189 5095 2271 5161 τῷ
2307 5097 2663 5166 ’1σραηλὶτῃ.

2686 5188 2982 5242 ΨΑΛΜΟΣ
3005 5186 3129 5243 ΠΖ’.

2187 5288 2252 5340 Τί
2288 5284 2387 5356 μέν
2417 5286 2562 5337 ἔστιν
2606 5280 2745 5351 ’ῼὸὴ
2772 5279 3037 5349 ψαλμοῦ,
3085 5281 3179 5333 καὶ
3228 5278 3359 5348 περὶ
3407 5279 3518 5333 τῶν
3560 5279 3695 5333 υίῶν

2120 5380 2285 5448 Κορὲ,
2333 5375 2651 5444 διιλάὅομεν
2681 5374 2737 5425 ιν
2769 5372 2847 5441 τῷ
2895 5372 3168 5442 προοιμίῳ
3206 5371 3303 5441 τῆς
3337 5369 3542 5441 βίϐλου.
3592 5373 3695 5436 Εἰς

2119 5472 2291 5535 τέλος
2319 5470 2399 5533 δὲ,
2454 5467 2542 5520 διὰ
2574 5466 2635 5517 τὸ
2667 5463 2884 5533 βλέπειν
2926 5464 3007 5525 είς
3032 5462 3092 5514 τὸ
3115 5463 3266 5526 τέλος
3298 5462 3394 5532 τὴν
3425 5464 3483 5515 ὲν
3517 5463 3695 5532 τούτῳ

2120 5563 2474 5635 προφητείαν.
2528 5559 2586 5612 '0
2633 5557 2732 5627 μὲν
2787 5555 2895 5626 γὰρ
2953 5553 3243 5623 προλαϐὼν
3302 5552 3517 5623 ψαλμδς
3568 5555 3695 5623 περὶ

2119 5655 2213 5708 τοῦ
2241 5651 2477 5723 Χριστοῦ
2503 5649 2812 5719 γεννήσεως
2838 5647 3263 5716 προεφήτευσεν,
3296 5640 3449 5711 οὗτος
3478 5648 3535 5700 δὲ
3567 5650 3695 5718 περὶ

2121 5746 2212 5801 τοῦ
2244 5746 2476 5801 θανάτου
2506 5739 2690 5797 αὐτοῦ.
2714 5739 2819 5793 Τοῦ
2855 5738 2933 5803 δὲ,
2974 5738 3141 5807 Ὑπὲρ
3176 5738 3431 5805 Μαελὲο,
3458 5740 3575 5793 ἀντὶ
3597 5737 3693 5793 τοῦ
