4194 6302
336 457 457 528 989
1533 465 1918 527 COMMENT.
1966 464 2047 525 IN
2088 465 2448 528 PSALMOS.
3533 468 3638 533 890

336 574 440 630 διὰ
490 577 835 648 χορεύσεως.
887 572 1055 651 ’ᾘδον
1100 577 1208 646 γὰρ
1238 576 1333 629 καὶ
1372 574 1486 645 ἅμα
1512 576 1788 646 ἐχόρευον.
1829 575 1939 631 Τοῦ

2053 578 2362 647 exponitur,
2395 578 2499 634 hoc
2534 586 2637 646 est,
2671 597 2765 648 pro
2797 582 3006 637 chorea.
3040 582 3250 639 Canere
3292 582 3441 637 enim
3492 582 3641 637 sole-

338 665 798 741 ²Αποκριθῆναι
871 671 949 737 δὲ,
982 670 1103 724 ἀντὶ
1133 668 1249 725 τοῦ.
1288 666 1375 719 Ἐν
1424 666 1499 737 τῷ
1542 668 1944 737 ἀποκριθῆναι·

2056 674 2189 728 bant
2220 716 2233 738 ,
2268 682 2431 744 atque
2475 692 2584 730 una
2634 678 2866 732 choreas
2924 679 3129 735 ducere
3159 720 3174 738 .
3223 678 3446 749 quando
3495 679 3639 730 hunc

334 758 621 832 ιχόρευον
656 764 762 837 γάρ
792 765 848 816 ἐν
875 763 954 833 τῷ
983 760 1347 832 ἀποκριθῆναι
1379 761 1509 829 πρὸς
1528 777 1629 829 την
1655 760 1722 812 δι’
1776 760 1945 829 ὁργά-

2053 767 2326 835 psalmum
2362 768 2691 824 recitabant.
2728 771 2805 823 Ad
2829 772 3245 837 respondendum
3280 780 3459 825 autem
3489 809 3504 833 ,
3538 771 3642 821 hue

262 926 269 931 _
332 867 439 907 vr)
497 857 797 926 μουσικήν.
852 854 1165 918 Συνέσεως·
1210 851 1288 914 δὲ,
1344 852 1428 905 ὅτι
1474 852 1635 923 χρεία
1679 852 1945 916 συνέσεως

2054 871 2157 923 est.
2192 876 2313 916 cum
2347 862 2763 930 responderent.
2793 860 3196 931 Triputliabant
3225 864 3372 916 enim
3404 862 3533 915 dum
3568 862 3633 912 :ul

331 948 459 1008 τοῖς
522 948 1027 1015 ἀναγινώσκουσιν.
1086 947 1177 1000 διά
1243 942 1304 997 τὸ
1354 944 1810 1016 ἐγκεκρυμμένον
1870 945 1945 1016 τῷ

2055 967 2385 1022 erganorum
2450 951 2694 1007 musicen
2775 955 3191 1023 responderent.
3270 952 3641 1022 Intelligentim

329 1038 560 1110 ψαλμῷ
625 1039 893 1112 περὶτοῦ
963 1042 1296 1096 Δεσποτικοῦ
1351 1040 1583 1095 θανάτου
1626 1040 1943 1109 μυστήριον.

2055 1060 2206 1111 Vero,
2244 1045 2371 1116 quia
2410 1045 2767 1116 intelligentia
2812 1046 3002 1101 lectori
3048 1060 3185 1113 opus
3215 1055 3319 1110 est,
3357 1044 3430 1099 ob
3455 1045 3641 1096 θοι-ιδί-

323 1133 539 1201 Αἰμὰν
575 1134 635 1188 δὲ
678 1134 759 1200 τῷ
818 1135 1183 1204 Ἰσραηλίτῃ,
1215 1136 1349 1188 διότι
1379 1133 1440 1187 οὐ
1476 1136 1637 1204 μόνον
1666 1134 1778 1196 τοῖς
1810 1133 1945 1195 υἱοῖς

2055 1147 2169 1193 tum
2217 1154 2280 1193 ac
2320 1140 2711 1208 pratsiguatum
2753 1140 2841 1194 hic
2870 1140 2936 1194 de
2964 1138 3167 1193 Christi
3196 1146 3371 1192 morte
3435 1144 3642 1205 myste-

332 1225 521 1295 Κορὲ,
574 1227 714 1281 ἀλλὰ
776 1229 870 1282 καὶ
911 1228 1093 1299 Αἰμάν
1132 1227 1209 1296 τῷ
1235 1226 1471 1298 αρχῳδῴ
1519 1225 1884 1297 παραδέδοται
1917 1225 1945 1276 ὁ

2054 1230 2218 1285 rium.
2278 1228 2393 1300 Ipsi
2424 1246 2541 1285 vero
2584 1231 2787 1286 JEman
2838 1229 3143 1295 Israelita,
3183 1230 3311 1297 quia
3356 1242 3465 1283 non
3507 1226 3638 1281 solis

323 1318 575 1389 ψαλμὸς
604 1319 710 1375 ὑπὸ
745 1320 909 1373 Δαϐίδ
936 1336 947 1348 ⁸
983 1321 1077 1373 καὶ
1103 1320 1195 1374 ὑπ’
1227 1320 1554 1390 ἀμφοτέρων
1604 1316 1710 1371 τῶν
1766 1315 1945 1386 χορῶν

2053 1321 2190 1377 Core
2223 1320 2369 1380 ﬁliis.
2401 1324 2493 1377 sed
2514 1324 2678 1376 etiam
2710 1322 2907 1378 Ᾱέιηπη
2934 1321 3163 1391 principi
3215 1322 3444 1375 alterius
3479 1320 3638 1375 chori

333 1414 492 1485 ᾔσοη
532 1415 904 1487 συνᾳδόντων,
932 1416 965 1486 ἢ
998 1416 1092 1470 καὶ
1130 1416 1234 1470 ἀνὰ
1266 1415 1436 1486 μέρος
1491 1414 1751 1485 ᾀδόντων,
1808 1410 1943 1463 Τινά

2053 1414 2286 1469 traditus
2328 1412 2428 1467 fuit
2481 1415 2568 1467 hic
2624 1414 2867 1483 psalmus
2907 1429 2935 1466 a
2984 1413 3142 1468 beato
3195 1413 3359 1465 David
3392 1451 3407 1473 ,
3456 1421 3511 1466 et
3568 1413 3638 1465 ab

333 1506 442 1575 μὲν
477 1503 590 1562 οὖν
632 1508 740 1561 τῶν
776 1508 1129 1578 ἀντιγράφων
1167 1506 1347 1577 Αίμάν
1392 1506 1687 1577 γράφουσι,
1725 1503 1843 1557 τινά
1885 1501 1942 1554 δὲ

2053 1514 2285 1573 utroque
2322 1504 2489 1560 choro
2520 1522 2625 1559 una
2666 1505 2807 1571 fuit,
2860 1513 2956 1560 aut
3014 1504 3264 1560 fortasse
3312 1502 3636 1558 alternatim

326 1598 534 1670 Αίθάμ
578 1616 592 1630 ⁸
626 1601 849 1671 ἄμεινον
911 1600 967 1655 δὲ
997 1603 1053 1653 ἐν
1084 1598 1161 1671 τῷ
1202 1600 1433 1671 παρόντι
1471 1598 1651 1668 Αίμᾰν
1684 1596 1939 1666 γράφειν,

328 1693 393 1745 ὲν
451 1692 514 1747 δέ
584 1693 663 1763 τῷ
721 1694 858 1764 μετὰ
894 1691 1104 1755 τοῦτον,
1138 1693 1343 1759 Αἰοάμ.
1397 1692 1487 1746 Ἐν
1520 1692 1630 1758 γὰρ
1660 1692 1724 1758 τῇ
1750 1686 1943 1758 πρώτῃ

332 1779 452 1835 τῶν
484 1780 991 1853 Πα-ραλειπομένων
1020 1782 1114 1836 καὶ
1167 1780 1348 1853 Αἰμὰν
1374 1782 1471 1836 καὶ
1491 1779 1674 1849 Αἰθᾶμ
1702 1776 1939 1846 ἀναγράο

2051 1596 2397 1653 decantatus.
2430 1598 2689 1664 Quasdam
2740 1598 3077 1666 exemplaria
3135 1610 3241 1649 non
3286 1594 3484 1649 :‘Eman
3540 1594 3638 1647 ha-

2051 1687 2200 1756 bent,
2222 1689 2316 1744 sed
2332 1687 2560 1753 Ethan,
2586 1700 2771 1743 rerum
2794 1688 2967 1757 placet
2993 1694 3048 1739 ut
3076 1686 3126 1739 in
3156 1686 3404 1755 praesenti
3430 1683 3639 1751 psalmo

2051 1778 2297 1850 legamus
2329 1778 2529 1835 Eman
2562 1820 2575 1845 ,
2626 1788 2679 1836 et
2719 1780 2772 1834 in
2827 1777 3080 1847 sequenti
3118 1777 3341 1830 Aithan.
3395 1773 3528 1829 Nam
3579 1775 3634 1828 in

335 1891 555 1942 φονται
603 1874 897 1945 χοράρχαι.
940 1873 1024 1939 Τῷ
1065 1874 1413 1943 Ἶσραηλίτῃ
1463 1873 1546 1937 δὲ,
1580 1872 1678 1941 οὐχ
1713 1870 1788 1932 ὡς
1834 1868 1940 1921 τῶν

2051 1869 2505 1941 Paralipomenon
2562 1873 2703 1926 libro
2765 1880 2997 1941 uterque
3046 1884 3236 1925 eorum
3293 1869 3444 1923 chori
3492 1867 3633 1937 prin-

337 1966 536 2021 ἄλλων
576 1968 650 2039 μὴ
708 1967 881 2022 ὄντων
925 1966 1301 2039 Ἰσραηλιτῶν,
1342 1964 1458 2020 ἀλλ’
1504 1965 1580 2027 ὡς
1622 1964 1713 2017 καὶ
1762 1961 1939 2016 ἄλλων

2053 1979 2174 2034 ceps
2204 1964 2375 2019 fuisse
2398 1964 2653 2019 traditur.
2684 1962 2948 2019 Israelita:
2976 1962 3136 2017 etiam
3172 1960 3327 2023 dixit,
3356 1976 3462 2015 non
3488 1958 3633 2039 quod

338 2060 529 2115 ὄντων
560 2060 738 2132 Δίμάν
755 2060 847 2114 καὶ
876 2059 1083 2130 Αίθάμ,
1104 2058 1444 2129 ἀλλοφύλων,
1471 2050 1549 2113 ὧν
1569 2056 1705 2129 πρὸς
1729 2055 1943 2110 διαστο-

340 2151 451 2222 λὴν
485 2152 521 2223 ὴ
561 2150 653 2206 τοῦ
694 2151 1030 2223 Ἰσραηλίτου
1071 2151 1416 2231 προσηγορία
1453 2150 1554 2224 (3}.

2050 2054 2141 2108 alii
2181 2062 2438 2111 cantores
2464 2070 2570 2110 non
2637 2061 2824 2110 essent
2875 2051 3136 2107 lsraelita:
3164 2091 3178 2114 ,
3213 2049 3306 2105 sed
3361 2049 3489 2118 quia
3543 2030 3637 2101 alii

2049 2144 2306 2203 fortassis
2345 2158 2499 2203 erant
2532 2146 2781 2202 homines
2814 2143 3126 2216 hujusmodi
3160 2142 3383 2197 nomine
3413 2139 3638 2209 Aiman,

342 2259 405 2304 et
429 2246 664 2314 Ethan,
695 2249 787 2319 qui
814 2254 972 2303 erant
1002 2235 1343 2318 alienigena,
1374 2245 1440 2301 ad
1463 2258 1699 2317 quorum
1733 2238 2141 2298 distinctionem
2180 2241 2260 2297 sic
2288 2241 2493 2298 dictum
2529 2249 2650 2308 est;
2686 2240 2771 2295 vel
2816 2238 2956 2294 forte
3013 2239 3141 2307 quia
3174 2235 3281 2291 tale
3346 2235 3457 2288 illis
3517 2239 3639 2285 erat

346 2356 693 2413 cognomen.

424 2440 609 2507 Κύριε
647 2440 680 2492 ό
732 2435 878 2503 Θεὸς
916 2434 1023 2505 τῆς
1053 2435 1355 2504 σωτηρίας
1385 2451 1527 2506 μου,
1553 2432 1779 2504 ἡμέρας
1808 2429 1940 2487 ἐκέ-

347 2531 557 2600 κρίιξα
581 2530 681 2587 καὶ
721 2528 985 2585 ἐννυκτί
1019 2528 1300 2584 ἐναντίον
1335 2543 1475 2584 σου.
1517 2526 1659 2599 Περὶ
1696 2525 1796 2597 μὲν
1821 2523 1941 2590 τοῦ,

364 2625 436 2679 '0
500 2624 645 2691 Θεὸς
700 2624 806 2692 τῆς
848 2624 1149 2692 σωτηρίας
1186 2640 1328 2692 μου,
1395 2622 1615 2692 εἴρηται
1671 2621 1728 2675 ἐν
1755 2619 1834 2690 τῷ
1867 2618 1943 2684 ξζο

344 2713 566 2785 ψαλμῷ
589 2733 601 2745 ·
634 2713 842 2783 Κύριον
876 2713 932 2767 δὲ
966 2714 1061 2766 καὶ
1110 2712 1242 2767 Θεὸν
1272 2712 1300 2765 ὁ
1334 2712 1567 2781 Χριστὸς
1598 2710 1690 2763 τὸν
1720 2709 1945 2781 Πατέρα

346 2807 556 2871 καλεῖ,
587 2806 661 2870 ὡς
708 2805 1039 2877 ἄνθρωπος·
1105 2804 1280 2858 πολλὰ
1324 2803 1434 2875 γὰρ
1482 2803 1707 2858 τοιαῦτα
1756 2801 1854 2856 καὶ
1886 2802 1948 2855 ὲν

344 2900 433 2971 τῷ
477 2896 560 2954 κα¹
589 2898 809 2970 ψαλμῷ.
849 2898 1093 2969 Ἡμέρας
1116 2899 1184 2953 δὲ
1212 2900 1308 2953 καὶ
1338 2898 1409 2953 ἐν
1450 2897 1648 2962 νυκτί,
1678 2897 1797 2951 ἀντὶ
1832 2893 1950 2961 τοῦ,

350 2994 465 3049 Διὰ
495 2994 720 3056 παντός.
794 2992 1163 3064 Ἐμφαντικὸν
1209 2992 1265 3046 δὲ
1301 2990 1460 3046 τοῦτο
1495 2994 1595 3061 τῆς
1638 2990 1774 3062 πρὸς
1816 2989 1952 3043 Θεὸν

352 3085 604 3149 πίστεως
630 3100 643 3116 '
677 3084 738 3150 ὃς
782 3084 893 3154 γὰρ
928 3083 1243 3154 εἰλικρινῶς
1271 3085 1364 3139 τὸν
1415 3084 1552 3138 Θεὸν
1593 3084 1808 3155 ἀγαπᾷ,
1853 3081 1951 3153 βοᾷ

357 3177 600 3231 ἐνώπιον
620 3176 786 3230 αὐτοῦ
811 3176 970 3231 τοῦτο
1010 3178 1110 3248 μὲν
1140 3177 1400 3248 στόματι,
1428 3178 1588 3232 τοῦτο
1616 3178 1675 3232 δὲ
1725 3175 1948 3248 καρδίᾳ*

2122 2420 2286 2479 Vens.
2310 2421 2363 2477 2.
2382 2421 2604 2476 Domine
2626 2421 2761 2475 Deus
2788 2418 2980 2474 salutis
3013 2433 3163 2478 metr.
3208 2415 3260 2468 in
3281 2412 3365 2466 die
3390 2410 3633 2466 (laniari:

2051 2517 2173 2573 etin
2196 2525 2345 2571 nocte
2372 2530 2548 2570 coram
2577 2524 2649 2569 te.
2675 2515 2747 2568 De
2769 2514 2851 2568 his
2874 2509 3094 2566 verbis:
3118 2508 3256 2562 Deus
3279 2504 3467 2560 salutis
3488 2518 3639 2565 mea,

2052 2613 2259 2668 dictum
2295 2617 2380 2664 est.
2437 2609 2491 2662 in
2546 2610 2758 2678 psalmo
2803 2621 2969 2659 vau.
3016 2602 3305 2657 Dominum
3336 2604 3536 2661 autem
3585 2601 3642 2646 ct

2055 2705 2223 2758 Deum
2276 2700 2530 2756 Christus
2581 2697 2799 2751 Patrem
2855 2692 3135 2763 appellat,
3202 2699 3261 2745 ut.
3313 2687 3525 2751 homo;
3582 2692 3638 2739 et

2056 2794 2228 2848 multa
2263 2789 2644 2861 huiuscemodi
2670 2788 2814 2842 dicta
2852 2784 3093 2855 reperies
3147 2782 3199 2835 in
3248 2780 3464 2851 psalmo
3518 2793 3635 2830 xxt.

2056 2886 2152 2941 Die
2182 2891 2434 2954 autemet
2469 2896 2618 2937 noete
2663 2880 2803 2935 dixit
2851 2893 2947 2949 pro
3005 2875 3295 2945 Perpetuo.
3350 2870 3633 2924 Summam

2056 2979 2201 3034 enim
2234 2977 2348 3031 haec
2384 2974 2551 3028 verba
2586 2972 2637 3027 in
2682 2971 2850 3025 Deum
2884 2969 3040 3023 fidem
3102 2968 3470 3024 attestantur;
3501 2957 3635 3027 quia

2054 3073 2148 3143 qui
2183 3070 2399 3125 sincera
2432 3076 2611 3121 mente
2639 3063 2811 3119 Deum
2840 3067 3011 3125 amat,
3040 3057 3262 3114 assidue
3290 3063 3385 3109 aut
3420 3066 3515 3107 ore
3542 3057 3639 3105 aut

2055 3162 2225 3221 corde
2252 3174 2438 3216 coram
2465 3174 2530 3214 eo
2566 3157 2785 3222 clamat,
2821 3154 3079 3226 quoniam
3135 3159 3190 3205 et
3225 3146 3447 3203 assidue
3478 3144 3635 3199 illius

359 3269 453 3322 ἀει
482 3268 593 3339 γάρ
617 3268 814 3340 χρῄζει
838 3268 939 3334 τῆς
978 3236 1133 3341 τέοιρά
1156 3236 1292 3324 Θεέῡ
1334 3236 1678 3341 ἀντιλήψεως
1708 3270 1779 3342 οῆ
1803 3236 1945 3341 ἔιμὲ-

2053 3271 2154 3327 ope
2182 3251 2534 3326 indigetJVel
2563 3251 2708 3307 diem
2746 3258 2802 3305 et
2833 3258 3046 3302 noctem
3077 3238 3446 3313 particulatim
3483 3236 3633 3292 illam

366 3378 473 3429 ραν
500 3362 594 3414 καὶ
620 3360 795 3415 νύκτα
823 3360 977 3431 λέγει
1000 3364 1100 3434 τὴν
1129 3363 1228 3434 τῆς
1255 3362 1572 3437 προδοσίας.

434 3449 769 3506 Εἰσελθέτω
808 3450 1068 3507 ἐνώπιόν
1093 3469 1209 3508 σου
1233 3454 1271 3523 ἡ
1299 3453 1607 3523 προσευχὴ
1632 3470 1753 3525 μου
1780 3453 1945 3509 ’κλῖ-

363 3558 478 3596 νον
502 3541 569 3596 τὸ
622 3538 737 3609 οὖς
768 3558 887 3598 σου
926 3547 1015 3612 είς
1060 3544 1173 3613 τὴν
1199 3545 1417 3614 δέησίν
1450 3564 1593 3617 μου.
1625 3547 1944 3619 Προσευχὴν

366 3638 460 3689 καὶ
494 3636 679 3707 δέησιν
701 3635 938 3692 ἐνταῦθα
966 3640 1187 3711 νοήσεις
1210 3640 1245 3712 ἢ
1267 3640 1368 3711 τὴν
1397 3642 1528 3712 περὶ
1552 3641 1661 3698 τῶν
1686 3641 1946 3713 μαθητῶν

364 3727 557 3796 αὑτοῦ,
608 3729 641 3800 ἢ
706 3730 804 3802 τὴν
852 3733 983 3798 περὶ
1031 3732 1125 3787 τοῦ
1171 3734 1463 3805 παρελθεῖν
1488 3734 1551 3789 τὸ
1586 3733 1684 3789 τοῦ
1712 3734 1943 3791 Θανάτου

361 3824 652 3897 ποτήριον,
703 3825 778 3890 ὡς
824 3826 882 3882 ἑν
940 3829 1055 3893 τοῖς
1114 3828 1468 3899 Εὐαγγελίοις
1528 3830 1805 3902 εὑρήσεις.
1854 3828 1944 3893 Ὠς

357 3917 657 3988 ἄνθρωπος
685 3919 742 3974 δὲ
765 3919 838 3975 τά
870 3922 1104 3976 ταπεινά
1120 3927 1282 3977 ταυτὶ
1320 3923 1648 3993 φθέγγεται,
1672 3920 1860 3986 καθὼς
1883 3922 1946 3976 ὲν

356 4008 442 4080 τῷ
475 4017 561 4065 κα¹
579 4010 779 4083 ψαλμῷ
801 4013 1146 4086 προείρηται.
1174 4016 1309 4086 Περὶ
1329 4016 1385 4070 δὲ
1414 4016 1515 4086 τῆς
1544 4015 1777 4080 κλίσεως
1847 4013 1943 4069 τοῦ

357 4104 512 4158 Θείου
553 4104 692 4168 ὠτὸς
724 4106 784 4159 ὲν
840 4105 917 4177 τῷ
950 4114 1032 4172 ις’
1078 4107 1281 4179 ψαλμῷ
1313 4107 1803 4179 παραδεδώκαμεν.

437 4198 567 4251 Ὀτι
596 4198 877 4266 ἐπλήσθη
930 4199 1133 4279 κακῶν
1176 4201 1212 4268 ἡ
1254 4201 1422 4270 ψυχή
1450 4218 1591 4269 μου,
1626 4202 1721 4256 καί
1754 4202 1793 4269 ἠ
1830 4199 1942 4269 ζωή

356 4307 480 4362 μου
508 4289 589 4356 τῷ
616 4289 733 4359 ᾄδη
754 4290 1026 4360 ἤγγισεν.
1051 4322 1120 4332 -
1142 4291 1377 4358 Κακῶν,
1401 4293 1525 4347 ἀντὶ
1540 4292 1659 4359 τοῦ,
1676 4293 1942 4362 Θλίψεων.

364 4381 710 4451 Περίλυπος
736 4382 867 4454 γὰρ,
898 4382 1086 4453 φησὶν,
1114 4382 1152 4449 ἠ
1184 4384 1355 4453 ψυχή
1385 4400 1507 4453 μου
1527 4384 1639 4452 ἕως
1658 4384 1941 4442 θανάτου.

364 4472 538 4546 ’ᾼδην
566 4471 675 4545 γάρ
697 4473 794 4528 νῦν
821 4474 915 4530 τὸν
937 4473 1171 4531 θάνατον
1200 4474 1563 4548 ὑποληπτέον.

425 4742 933 4813 Προσελογίσθην
964 4738 1118 4810 μετὰ
1176 4738 1293 4795 τῶν
1321 4741 1807 4798 καταϐαινόντων
1853 4744 1942 4809 εις

366 4832 1209 4903 λάκκον.-Προσελοτίσθην,
1250 4832 1370 4886 ἀντὶ
1407 4830 1526 4900 τοῦ,
1592 4832 1945 4906 Συνηριϐμήο

372 4925 495 4996 οην,
519 4929 824 4997 συνετάγην
875 4927 1017 5000 μετά
1048 4925 1157 4983 τῶν
1186 4928 1567 4999 θαπτομένων*
1596 4928 1818 4995 τούτους
1833 4928 1953 5005 γάρ,

373 5018 525 5087 λέγει
585 5018 1021 5083 καταϐαίνοντας
1076 5020 1157 5083 είς
1181 5018 1408 5075 λάκκον.
1452 5018 1687 5091 Εἴρηται
1717 5021 1825 5093 γάρ
1859 5022 1947 5077 ὅτι

370 5114 577 5177 λάκκος
626 5113 844 5182 λέγεται
904 5114 999 5170 καὶ
1038 5114 1068 5167 ὁ
1094 5114 1285 5184 τάφος.
1320 5112 1403 5168 Τὰ
1433 5111 1532 5185 μὲν
1562 5116 1673 5187 γὰρ
1699 5114 1793 5171 οὖν
1839 5117 1949 5187 πρὸ

371 5204 469 5260 τοῦ
514 5204 785 5276 παρόντος
842 5204 1143 5275 omnium?)
1198 5206 1305 5278 πρὸ
1352 5209 1450 5263 τοῦ
1509 5208 1742 5265 θανάτου
1773 5209 1951 5280 καιρῷ

378 5299 681 5371 ἁρμόζουσι
704 5337 721 5365 ,
750 5296 911 5354 τοῦτο
933 5298 992 5353 δὲ
1020 5299 1099 5371 τῷ
1126 5301 1265 5370 μετά
1285 5300 1385 5373 τὴν
1414 5303 1620 5375 ταφήν.

448 5477 780 5550 Ἐτενήθην
832 5477 977 5533 ὡσεί
1035 5478 1348 5549 ἄνθρωπος
1417 5480 1773 5550 ἀϐοήθητος.
1833 5481 1947 5552 Οὐχ

380 5570 512 5625 ὡσεὶ
574 5569 861 5641 ἄνθρωπος
918 5570 1103 5641 μόνον⁸
1147 5566 1217 5643 ἦν
1245 5570 1353 5641 γὰρ
1382 5572 1587 5635 τέλειος
1620 5570 1940 5643 ἄνθρωπος·

1983 4618 2030 4675 D

2049 3347 2328 3419 intelligit,
2362 3360 2468 3416 qua
2504 3343 2755 3413 proditus
2786 3349 2869 3396 est
2899 3339 3188 3394 Dominus.

2119 3438 2289 3495 Vsus.
2323 3437 2379 3494 5.
2418 3435 2591 3491 Intret
2621 3436 2675 3488 in
2707 3441 2985 3502 conspectu
3012 3440 3102 3509 tuo
3136 3430 3308 3484 oratio
3351 3442 3468 3481 mea
3494 3466 3509 3490 ,
3553 3424 3635 3477 in-

2047 3534 2189 3588 clina
2230 3547 2410 3585 aurem
2458 3537 2603 3582 tuam
2654 3525 2722 3580 ad
2766 3540 2941 3595 preces
2989 3539 3150 3577 meas.
3210 3521 3529 3575 Orationem
3579 3522 3634 3569 et.

2046 3640 2261 3698 preces,
2288 3623 2374 3678 vel
2402 3637 2495 3677 eas
2524 3620 2785 3689 intellige,
2815 3632 2951 3686 quas
2976 3615 3165 3669 habuit
3191 3628 3290 3684 pro
3319 3609 3631 3679 discipulis.

2048 3720 2132 3776 vel
2163 3733 2257 3775 eas
2284 3730 2424 3789 quas
2452 3713 2698 3785 protulit,
2748 3710 2971 3781 quando
3003 3708 3159 3781 potiit
3206 3706 3443 3761 transire
3493 3719 3526 3758 a
3573 3717 3634 3758 se

2047 3812 2273 3870 calicem
2311 3808 2523 3865 mortis.
2573 3804 2810 3861 Humilia
2863 3812 3044 3858 autem
3100 3798 3416 3870 huiusmodi
3468 3795 3632 3851 verba

2048 3903 2292 3975 proferre
2319 3898 2715 3962 introducitur,
2742 3906 2800 3952 ut
2830 3896 3015 3961 homo,
3051 3889 3514 3963 quemadmodum
3549 3887 3635 3942 di-

2045 4002 2232 4057 ximus
2275 4000 2329 4054 in
2386 3998 2597 4069 psalmo
2631 4009 2745 4049 xxt.
2783 3992 2922 4059 Quid
2959 3998 3139 4046 autem
3181 3989 3236 4042 in
3271 3986 3381 4042 Deo
3430 3986 3501 4041 sit
3550 3983 3633 4038 in-

2046 4094 2253 4151 clinare
2272 4106 2487 4153 aurem,
2518 4088 2760 4144 diximus
2786 4086 2838 4140 in
2868 4085 3077 4155 psnlmo
3115 4096 3226 4135 xw.

2120 4185 2281 4241 Vens.
2322 4185 2378 4239 4.
2423 4182 2565 4249 Quia
2600 4179 2800 4248 repleta
2840 4153 2919 4232 est
2967 4176 3126 4229 malis
3177 4173 3357 4227 animo
3406 4187 3543 4235 mea,
3580 4175 3633 4224 et
3708 4153 3711 4155 ’

2045 4281 2153 4335 vita
2190 4294 2307 4331 mea
2352 4274 2561 4345 inferno
2612 4268 3080 4341 appropinquavit.
3135 4264 3317 4326 Malis.
3369 4262 3474 4316 hoc
3520 4271 3629 4324 est,

2044 4369 2450 4429 calamitatibus
2471 4374 2526 4422 et
2559 4362 2965 4419 affectionibus.
3010 4358 3199 4413 Tristis
3237 4356 3404 4418 enim,
3432 4352 3630 4421 inquit,

2045 4472 2127 4518 est
2190 4460 2377 4516 anima
2437 4472 2555 4511 mea
2608 4469 2771 4525 usque
2805 4450 2874 4506 ad
2926 4458 3166 4505 mortem.
3218 4445 3319 4500 Per
3357 4443 3631 4497 infernum

2054 4556 2221 4612 etiam
2278 4551 2383 4606 hoc
2432 4549 2556 4605 loco
2613 4557 2847 4604 mortem
2894 4544 3072 4615 ipsam
3121 4538 3430 4609 intelligere
3463 4534 3634 4591 debe-

2060 4663 2202 4705 mus.

2131 4737 2300 4795 Vens.
2343 4735 2399 4794 5.
2439 4733 2730 4804 Reputatus
2782 4746 2903 4785 sum
2952 4744 3068 4783 cum
3103 4720 3536 4780 descendentibus
3579 4720 3633 4772 in

2060 4834 2259 4889 locum.
2299 4861 2372 4874 —
2411 4827 2703 4897 Reputatus
2742 4840 2860 4879 sum
2911 4836 3009 4893 pro
3047 4818 3465 4875 Commmcratus
3493 4828 3631 4866 sum.

2058 4926 2379 4983 Collocutus
2411 4936 2557 4982 sum.
2592 4917 2791 4988 inquit,
2826 4930 2951 4970 cum
2984 4911 3244 4981 sepultis,
3292 4922 3427 4977 quos
3465 4905 3519 4958 in
3550 4904 3633 4957 la-

2063 5031 2190 5073 cum
2222 5011 2622 5070 descendentes
2659 5006 2974 5079 appellavit.
3024 5002 3271 5056 Diximus
3319 5000 3465 5053 enim
3500 4996 3631 5052 alibi

2052 5106 2199 5179 quod
2250 5105 2533 5176 sepultura
2589 5102 2755 5158 etiam
2815 5099 2971 5154 lacus
3020 5094 3246 5149 dicitur.
3300 5089 3431 5157 Quae
3465 5089 3631 5160 igitur

2055 5200 2311 5270 superius
2335 5199 2483 5255 dicta
2514 5204 2667 5260 sunt,
2710 5192 2945 5263 tempori
2977 5195 3289 5259 congruunt
3328 5192 3453 5239 ante
3485 5197 3631 5236 mor-

2058 5302 2205 5354 tem;
2239 5292 2355 5345 haec
2387 5295 2598 5353 autem,
2630 5296 2685 5343 et
2715 5301 2839 5357 qua:
2876 5291 3207 5354 sequuntur,
3242 5275 3471 5346 tempori
3502 5283 3631 5345 post

2057 5383 2414 5452 sepulturam.

2128 5472 2235 5526 Fui
2288 5472 2424 5527 sicut
2455 5470 2606 5524 homo
2642 5468 2754 5522 sine
2783 5465 3075 5534 adiutorio.
3107 5459 3227 5515 Non
3264 5458 3399 5515 dixit
3432 5476 3446 5512 :
3479 5455 3631 5512 Sicut

2052 5569 2206 5621 homo
2239 5564 2588 5637 simpliciter,
2623 5560 2755 5618 sed:
2785 5558 2938 5615 Sicut
2973 5560 3135 5613 homo
3176 5555 3295 5611 sine
3327 5552 3626 5622 adjutorio.

1742 5749 1941 5811 Variae
1975 5748 2301 5811 lectiones.

449 5874 526 5941 (5)
562 5871 1134 5941 Perperamtnterpres
1154 5876 1370 5931 unicam
1389 5876 1790 5933 sentcntiamin
1808 5876 1941 5931 duas
1980 5875 2161 5933 solvit.
2198 5871 2531 5929 Vertendum
2572 5888 2585 5926 :
2630 5870 2710 5924 Ad
2759 5883 2981 5938 quorum
3068 5865 3455 5918 dis'iuctioncm
3539 5859 3625 5915 Is-

381 5944 585 6001 raelita:
615 5960 894 6016 cognomm
916 5946 1152 6001 additum
1185 5961 1282 6003 εει.
