4188 6290
508 385 613 449 895

1709 382 2093 448 EUTIIYMII
2122 380 2488 441 ZIGABENI

3647 373 3754 439 896

585 501 750 558 Vens.
773 500 862 557 {2.
890 499 1416 570 Nuntquidgnarrabit
1435 499 1627 570 aliquis
1660 501 1712 553 in
1735 504 1976 569 sepulcro
2003 501 2102 553 mi-

2291 490 2386 558 Μὴ
2427 489 2786 559 διηγήσεταί
2815 504 2903 556 τις
2940 491 3010 544 ἐν
3046 491 3209 560 τάφῳ
3237 488 3302 543 τὸ
3337 488 3505 552 ἔλεός
3536 503 3652 541 σου
3684 489 3779 541 καὶ

510 596 852 649 sericordiam
875 596 1062 650 tuam?
1093 607 1184 649 aut
1215 596 1479 648 veritatem
1507 603 1649 647 tuam
1679 595 1733 647 in
1764 593 2104 662 perditione?

516 689 594 740 Ad
635 688 881 742 eamdem
927 690 1041 741 lnec
1072 689 1237 742 verba
1291 687 1620 742 sententiam
1690 687 1986 755 pertinent.
2037 684 2104 740 Et

513 794 612 848 per
649 780 1038 848 perditionem,
1079 795 1274 833 rursus
1314 780 1634 846 sepulcrum
1662 777 1945 848 intelligit,
1984 779 2104 832 vei-

519 874 596 927 uti
649 874 791 941 quod
823 873 1092 926 cadavera
1119 873 1227 925 illic
1251 872 1483 940 jacentia
1511 873 1818 942 corrumpit
1887 887 1947 925 ac
1981 887 2103 942 pero

515 965 612 1018 dit.
655 967 898 1020 Diximtts
943 973 1126 1019 autem
1176 966 1306 1018 alibi
1353 965 1497 1034 quod
1536 968 1782 1019 eamdem
1829 964 2101 1033 Propheta

519 1064 853 1112 sententiam
914 1072 1298 1126 smpenumcro
1346 1058 1512 1110 variis
1543 1057 1743 1126 repetit
1791 1057 1994 1119 modis,
2024 1064 2105 1109 at-

519 1166 627 1217 que
657 1150 760 1201 hoc
789 1150 1061 1217 pratcipue
1088 1150 1303 1218 quoties
1350 1149 1604 1203 allectum
1663 1147 1954 1216 quemdam
1990 1149 2107 1202 ani-

518 1246 589 1297 mi
640 1244 755 1298 vult
796 1244 1092 1311 explicare.
1141 1243 1255 1296 Non
1295 1252 1546 1298 mortuus
1576 1242 1872 1311 quispiam,
1906 1241 2103 1312 inquit,

519 1334 615 1388 scd
668 1336 860 1390 vivens
897 1336 1019 1403 quis
1078 1343 1224 1388 tuam
1297 1336 1496 1389 sentiet
1549 1334 2010 1398 misericordiam,
2055 1341 2109 1388 et

520 1427 832 1480 hominibus
916 1443 1033 1481 eam
1110 1428 1480 1482 annuntiuhit.
1557 1426 1631 1482 De
1660 1426 1887 1483 veritate
1926 1434 2106 1483 autem

521 1520 637 1582 Dei.
677 1521 882 1574 dictum
914 1532 994 1576 est
1025 1522 1078 1575 in
1112 1523 1325 1591 psalmo
1360 1538 1509 1577 nix.

592 1610 756 1666 Vens.
781 1614 870 1666 15.
900 1611 1171 1679 Numquid
1201 1623 1578 1682 cognoscentur
1601 1615 1653 1667 in
1687 1613 1914 1669 tenebris
1943 1613 2110 1668 mira-

524 1704 653 1758 bilia
690 1715 781 1758 tua
807 1746 820 1771 ,
854 1714 904 1760 et
932 1707 1146 1774 justitia
1183 1716 1274 1760 tua
1316 1708 1368 1760 in
1403 1716 1544 1760 terra
1585 1707 1790 1762 oblita?
1823 1707 1926 1762 Per
1958 1716 2113 1763 tene-

537 1798 733 1852 ncbras
804 1799 1144 1868 sepulturam
1206 1800 1435 1870 intelligi
1507 1801 1781 1865 diximus,
1862 1801 2110 1855 eamdem

545 1891 708 1944 etiam
772 1897 976 1943 terram
1029 1890 1254 1944 oblitam
1290 1893 1622 1961 ,appcllavit.
1683 1894 1762 1947 Ab
1796 1894 2112 1950 hominibus

534 1983 753 2051 quidem
787 1984 953 2038 oblita
987 1984 1221 2049 videtur,
1255 1984 1324 2038 ob
1360 1987 1789 2053 corruptionem,
1826 1996 1878 2042 et
1919 2003 1948 2042 a
1979 1987 2110 2054 Deo,

526 2075 653 2146 quia
696 2077 930 2146 amplius
961 2091 1070 2130 non
1116 2078 1329 2142 vivunt,
1387 2077 1478 2146 qui
1515 2078 1625 2132 illic
1673 2078 1884 2148 iacent.
1914 2079 2114 2136 Vivere

422 2222 432 2234 ,
526 2168 676 2221 enim
712 2167 787 2221 illi
824 2169 1100 2232 dicuntur,
1135 2184 1366 2236 quorum
1399 2169 1536 2224 Deus
1559 2172 1956 2233 reminiscitur.
1980 2172 2114 2228 Om-

526 2260 617 2312 nia
670 2266 851 2312 autetn
892 2259 1006 2312 haec
1059 2259 1227 2313 verba
1259 2259 1502 2327 ejusdem
1538 2265 1826 2318 sentcntiae
1861 2271 2014 2328 sunt,
2061 2268 2116 2319 et

526 2365 623 2419 per
646 2350 1126 2419 interrogationem
1160 2360 1213 2405 et
1241 2366 1364 2404 rum
1394 2351 1594 2404 affectu
1631 2352 1856 2421 legenda
1920 2361 2070 2407 sunt.

598 2441 763 2500 Vnus.
799 2443 886 2498 Μ.
931 2443 998 2496 Et
1036 2460 1127 2514 ego
1159 2444 1227 2497 ad
1267 2454 1334 2508 te,
1377 2443 1619 2508 Domine,
1651 2445 1893 2501 clamavi.
1927 2447 1992 2501 Et
2017 2461 2118 2518 ego

528 2539 692 2593 simul
739 2554 863 2593 cum
900 2539 1023 2594 aliis
1054 2539 1390 2603 hominibus,
1419 2540 1581 2596 veluti
1622 2543 1716 2613 qui
1761 2558 1923 2598 verus
1951 2543 2117 2598 etiam

530 2644 650 2684 sum
684 2628 873 2682 homo.

603 2717 670 2773 Et
710 2737 859 2774 mane
892 2722 1065 2774 oratio
1098 2738 1209 2776 mea
1249 2724 1523 2791 prteveniet
1557 2733 1621 2776 te.
1664 2722 1821 2781 Mane
1848 2724 1984 2780 dixit
2020 2739 2119 2795 pro

530 2813 656 2866 cito.
708 2811 828 2865 Cito
852 2814 1023 2880 enim,
1079 2813 1277 2882 inquit,
1327 2816 1500 2868 oratio
1547 2831 1665 2868 mea
1706 2816 1770 2870 ad
1828 2826 1881 2871 te.
1918 2818 2120 2871 veniet.

533 2905 785 2959 Abundat
826 2917 1007 2960 autem
1065 2908 1378 2976 praepositio
1423 2924 1554 2976 prar.
1596 2908 1728 2964 Ideo
1777 2916 1956 2963 autem
2010 2910 2122 2964 cito

536 2999 772 3052 wnitad
819 3006 871 3053 te
917 3014 1037 3053 mea
1080 3001 1276 3066 oratio,
1330 3000 1459 3070 quia
1493 3001 1886 3071 impedimento
1918 3001 1966 3056 ei
1998 3017 2122 3057 esse

533 3105 640 3144 non
676 3098 902 3159 possunt
936 3098 1182 3160 peccata.

597 3180 763 3237 Vens.
829 3183 914 3236 15.
995 3181 1208 3250 ιλίᾳιιὶίι,
1285 3184 1530 3249 Domine,
1593 3187 1800 3255 repellis
1884 3187 2194 3271 anintamc

536 3277 748 3330 meam?
802 3278 989 3332 avertis
1051 3277 1238 3345 faciem
1292 3287 1437 3334 tuam
1494 3297 1525 3333 a
1580 3281 1698 3335 me?
1749 3280 1957 3336 Similia
2009 3280 2126 3336 haec

535 3377 663 3425 sunt
704 3370 769 3424 iis
794 3386 914 3438 quae
941 3373 1213 3428 habentur
1242 3373 1296 3427 in
1326 3375 1535 3444 psalmo
1562 3392 1671 3440 xxi,
1694 3376 1767 3429 ibi
1797 3391 1811 3429 :
1843 3378 2020 3441 Quare
2039 3376 2127 3431 de-

536 3462 795 3532 reliquirti
826 3465 950 3518 me?
980 3464 1112 3521 Item
1137 3482 1152 3520 :
1183 3463 1438 3521 Clamabo
1459 3483 1550 3537 per
1573 3469 1798 3534 diem,et
1837 3489 1936 3526 non
1968 3486 2124 3523 exau-

541 3556 674 3610 dies.
724 3555 849 3612 Haec
904 3569 1087 3612 autem
1134 3574 1198 3614 ex
1233 3575 1470 3628 persona
1517 3569 1728 3628 nostra,
1763 3563 2017 3620 Christus
2052 3565 2127 3619 ad

544 3647 760 3704 Patrem
809 3652 1103 3722 loquitur:
1141 3667 1238 3721 pro
1280 3653 1462 3718 nobis,
1517 3654 1762 3724 inquam,
1821 3657 1909 3726 qui
1965 3667 2128 3712 antea

540 3745 752 3812 expulsi
779 3760 1018 3800 eramus.
1048 3743 1493 3815 Uniuscujusque
1508 3747 1650 3800 enim
1671 3747 1843 3802 ﬁdelis
1867 3748 2126 3815 animam,

542 3838 818 3904 propriam
858 3836 1098 3890 animam
1145 3836 1407 3906 appellat,
1444 3837 1500 3891 in
1551 3853 1650 3893 sua
1684 3840 1858 3908 ipsius
1890 3855 2129 3911 persona

545 3943 996 4000 unumquemque
1039 3939 1287 3983 nostrum
1314 3930 1638 3999 subjicicns.
1674 3931 1878 3997 Quare,
1924 3932 2128 4002 inquit,

543 4022 721 4075 adhuc
755 4022 975 4091 repellis
1005 4021 1138 4078 eos?
1162 4021 1272 4092 Ego
1293 4022 1438 4077 enim
1470 4021 1729 4093 deinceps
1755 4040 1853 4093 pro
1876 4025 2131 4080 omnibus

548 4129 739 4183 poenas
771 4115 944 4170 solvo.
1822 4124 1824 4127 '

622 4205 767 4262 Vens
817 4208 905 4260 16.
944 4207 1104 4277 Inops
1134 4224 1252 4262 sum
1297 4223 1413 4278 ego,
1462 4215 1618 4268 atque
1661 4209 1716 4261 in
1757 4207 2022 4262 laboribus
2067 4208 2132 4261 ab

550 4299 905 4353 adolescentia
939 4318 1074 4357 mea.
1111 4301 1186 4356 De
1219 4300 1320 4356 hac
1359 4299 1563 4354 Christi
1613 4301 1792 4370 inopia
1837 4301 2133 4370 Gregorius

550 4391 859 4462 Theologus
892 4394 1140 4464 loquens,
1195 4397 1365 4451 dixit:
1403 4397 1507 4464 Qui
1549 4397 1690 4451 dives
1719 4405 1856 4462 erat,
1917 4397 2133 4466 eﬁ'ectus

550 4496 627 4539 est
654 4488 819 4554 inops,
863 4490 1030 4557 inops,
1067 4491 1306 4560 inquam,
1341 4489 1403 4544 ob
1447 4507 1656 4545 carnem
1684 4507 1874 4556 meam,
1907 4501 1963 4544 ut
1986 4489 2133 4545 illius

2206 582 2319 650 τὴν
2344 581 2636 647 ἀλήθειάν
2657 597 2774 636 σου
2797 582 2866 634 ἐν
2889 580 2962 650 τῇ
2984 581 3250 649 ἀπωλείᾳ
3273 598 3288 645 ;
3317 582 3426 649 Τῆς
3445 580 3615 648 αὐτῆς
3638 579 3786 631 ἐστιν

2208 675 2418 737 ἐννοίας
2448 674 2762 729 καὶταῦτα.
2815 674 3121 729 Ἀπώλειαν
3169 673 3225 726 δὲ
3267 673 3360 726 τὸν
3403 674 3576 740 τάφον
3621 670 3784 724 πάλιν

2206 765 2516 835 ὠνόμασεν,
2551 765 2627 830 ὡς
2660 765 3047 838 διαφθεῖροντα
3094 767 3186 819 τὸν
3215 764 3537 835 ἐγκείμενον
3569 764 3785 833 νεκρόν.

2206 858 2524 929 Είρήκαμεν
2549 857 2629 925 δὲ,
2679 859 2760 912 ὅτι
2802 859 2869 912 τὰ
2898 858 3037 911 αὐτὰ
3063 858 3131 911 δι’
3164 858 3370 928 ἑτέρων
3411 854 3674 917 πολλάκις
3700 853 3788 905 λέ-

2207 949 2344 1015 ξεων
2380 951 2409 1003 ὁ
2446 950 2740 1021 Προφήτης
2764 951 2918 1018 λέγει
2947 988 2962 1017 ,
3020 951 3115 1004 καὶ
3150 949 3350 1020 μᾶλλον
3373 951 3430 1002 ὲν
3455 951 3570 1009 τοῖς
3605 945 3785 1014 παθη-

2206 1043 2402 1105 τικοῖς.
2437 1042 2549 1112 Οὐχ
2581 1044 2608 1095 δ
2643 1043 2860 1114 νεκρὸς,
2887 1041 3004 1096 ἀλλ’
3035 1043 3061 1096 δ
3089 1039 3217 1106 ζῶν,
3249 1041 3434 1110 φησὶν,
3465 1037 3786 1093 αἰσθάνεται

2208 1131 2302 1183 τοῦ
2348 1130 2533 1194 ἐλέους
2593 1148 2708 1196 σου,
2778 1133 2874 1186 καὶ
2932 1131 3270 1200 ἀπαγγέλλει
3331 1128 3490 1184 τοῦτο
3532 1130 3644 1190 τοῖς
3693 1129 3791 1180 ἁν-

2211 1221 2475 1294 θρώποις.
2558 1224 2695 1296 Περὶ
2745 1224 2801 1278 δὲ
2851 1224 2950 1295 τῆς
3009 1223 3268 1295 ἀληθείας
3322 1223 3539 1294 εἴρηται
3600 1223 3659 1274 ὲν
3712 1218 3789 1288 τῷ

2213 1313 2294 1368 κθ¹
2333 1314 2556 1387 ψαλμῷ.
3164 1331 3168 1334 ·

2285 1604 2380 1673 Μὴ
2419 1604 2840 1675 γνωσθήσεται
2878 1603 2948 1659 ἐν
2992 1601 3071 1670 τῷ
3107 1603 3316 1660 σκότει
3375 1602 3446 1658 τὰ
3489 1604 3792 1673 θαυμάσιά
3867 1660 3870 1661 ν

2214 1711 2359 1761 σου;
2387 1697 2484 1751 καί
2520 1697 2558 1767 ἠ
2590 1696 2951 1765 δικαιοσύνη
2979 1710 3096 1751 σου
3129 1696 3202 1750 ἐν
3221 1693 3297 1764 τῇ
3317 1693 3794 1764 exclamauerit;

2221 1791 2420 1856 Σκότος
2462 1791 2611 1858 λέγει
2647 1789 2738 1844 τὸν
2765 1790 2823 1843 ὲν
2849 1790 2926 1857 τῷ
2956 1788 3114 1860 τάφῳ
3149 1788 3313 1843 πάλιν
3337 1788 3519 1851 τόπον,
3568 1787 3664 1840 τὸν
3697 1787 3797 1840 ait-

2151 1859 2189 1913 Β
2220 1885 2310 1938 τὸν
2364 1884 2420 1938 δὲ
2473 1883 2568 1938 καὶ
2616 1883 2724 1952 γῆν
2774 1859 3245 1954 ὲπιλελησμένην·
3303 1881 3435 1950 παρ’
3487 1878 3796 1950 ἀνθρώποις

2225 1977 2324 2048 μὲν
2377 1976 2454 2041 ὼς
2499 1974 2797 2048 διαφθορᾶς
2830 1975 3126 2048 ἔμπλεων,
3161 1973 3315 2044 παρὰ
3355 1972 3475 2045 Θεῷ
3517 1975 3571 2026 δὲ
3604 1972 3679 2035 ὼς
3720 1970 3796 2041 μὴ

2221 2068 2424 2133 ζῶντος
2471 2067 2566 2123 τοῦ
2625 2068 2973 2141 ἐγκειμένου.
3012 2067 3154 2122 Ζῶσι
3203 2066 3314 2137 γὰρ
3357 2059 3432 2121 ὧν
3469 2063 3796 2137 μνημονεύει

2220 2163 2356 2226 Θεός
2382 2178 2394 2192 ·
2435 2162 2614 2216 πάντα
2651 2162 2708 2215 δὲ
2737 2161 2805 2216 τὰ
2841 2160 3078 2233 ρηθέντα
3103 2159 3199 2230 τῆς
3234 2159 3356 2228 ἴσης
3403 2156 3640 2220 διανοίας
3669 2156 3798 2209 ὄντα

2219 2257 2342 2311 κατ’
2372 2253 2647 2328 ἐρώτησιν
2671 2253 2881 2326 ὴθικῶς
2909 2252 3308 2323 ἀναγνωστέον.

2292 2431 2466 2501 Κάγὼ
2497 2431 2658 2501 πρὸς
2692 2431 2790 2498 σὲ,
2845 2432 3044 2500 Κύριε,
3079 2428 3400 2499 ἐκέκραξα.
3452 2427 3625 2495 Κάγὼ
3663 2427 3800 2499 μετᾶ

2219 2518 2333 2574 τῶν
2355 2520 2532 2576 ἄλλων
2564 2521 2895 2593 ἀνθρώπων,
2933 2522 3006 2585 ὡς
3036 2522 3128 2575 καὶ
3165 2520 3327 2584 αὐτὸς
3352 2518 3664 2588 ἄνθρωπος.

2298 2703 2368 2756 Τὸ
2419 2702 2571 2771 πρωῒ
2606 2704 2643 2773 ἡ
2690 2700 3000 2772 προσευχή
3053 2719 3172 2772 μου
3208 2699 3541 2772 προφθὰσει
3584 2715 3678 2754 σε.
3729 2699 3798 2753 Τὸ

2222 2796 2393 2864 πρωῒ,
2447 2795 2570 2848 ἀντί
2614 2795 2707 2848 τοῦ
2754 2796 2986 2866 ταχέως.
3016 2795 3214 2863 φθάσει
3255 2795 3336 2858 εἰς
3365 2795 3484 2865 σὲὴ
3521 2791 3798 2863 προσευχὴ

2226 2906 2351 2961 μου.
2373 2888 2695 2959 Περιττεύει
2721 2888 2777 2942 δὲ
2805 2890 2836 2960 ὴ
2862 2885 3234 2961 πρόθεσις.οὒ
3267 2886 3374 2957 γὰρ
3410 2885 3802 2957 ὲμποδίσουσιν

2223 2985 2362 3056 αὐτῇ
2400 2982 2692 3057 ἁμαρτίαι.

2301 3188 2427 3242 Ἵνα
2459 3186 2532 3254 tl,
2567 3187 2768 3255 Κύριε,
2798 3183 3054 3251 ἀπωθεῖς
3085 3182 3200 3250 τὴν
3236 3179 3449 3251 ψυχήν
3476 3195 3629 3250 post;
3658 3178 3809 3231 ἀετο-

2231 3279 2510 3350 στρέφεις
2562 3279 2629 3333 τὸ
2687 3277 3015 3346 πρόσωπόν
3055 3291 3172 3330 σου
3214 3274 3314 3329 ἀπ’
3374 3272 3560 3344 ἐμοῦ;
3600 3271 3807 3341 Ὅμοια

2229 3376 2387 3429 ταυτὶ
2420 3375 2535 3436 τοῖς
2566 3375 2750 3444 ῥητοῖς
2777 3370 2873 3425 τοῦ
2912 3376 2998 3423 κα⁹
3028 3368 3268 3439 ψαλμοῦ,
3305 3365 3403 3437 τῷ,
3455 3362 3595 3418 “Ira
3629 3363 3683 3416 tl
3710 3363 3808 3430 ἐγ-

2231 3467 2549 3532 κατέλιπές
2567 3483 2687 3536 με;
2741 3467 2856 3532 καὶ,
2890 3463 2967 3534 τῷ
3000 3459 3373 3531 Κεκράξομαι
3427 3457 3674 3527 ἡμέρας,
3705 3455 3807 3508 και

2231 3563 2343 3616 οὐκ
2391 3560 2730 3627 εἱσακούσῃ
2759 3574 2773 3589 ·
2809 3557 2959 3628 λέγει
2993 3555 3050 3609 δὲ
3094 3553 3267 3608 ταῦτα
3321 3553 3414 3606 καὶ
3461 3550 3602 3620 ὑπὲρ
3646 3547 3804 3616 ἡμῶν

2230 3653 2338 3707 τῶν
2374 3653 2504 3726 πρὶν
2536 3651 2905 3720 ἀπωσμένων,
2954 3646 3137 3717 ψυχὴν
3192 3642 3391 3698 ἑαυτοῦ
3439 3642 3538 3715 τὴν
3571 3643 3805 3696 ἑκάστου

2230 3744 2409 3816 ψυχὴν
2437 3744 2738 3814 ὀνομάζων,
2777 3740 2874 3796 καὶ
2903 3740 3097 3792 ἑαυτὸν
3125 3736 3302 3792 καλῶν
3347 3736 3581 3790 ἕκαστον
3622 3734 3804 3814 ἡμών.

2232 3839 2332 3891 Διὰ
2364 3837 2416 3889 τί
2446 3836 2708 3901 ἁπωθεῖς,
2743 3835 2932 3904 φησιν,
2981 3831 3100 3898 Est;
3162 3829 3274 3886 Kal.
3309 3827 3420 3900 γὰρ
3447 3825 3560 3900 ὲγὼ
3619 3824 3808 3880 λοιπὸν

2236 3928 2374 3998 ὑπὲρ
2408 3928 2626 3982 πάντων
2654 3923 2785 3980 τίνω
2818 3923 2994 3987 δίκας.

2308 4204 2547 4274 Πτωχός
2590 4203 2709 4272 εἰμί
2751 4200 2884 4271 ἐγὼ,
2917 4198 3016 4254 καὶ
3055 4198 3124 4252 ἐν
3163 4199 3375 4261 κόποις
3423 4193 3492 4249 ἐκ
3524 4189 3812 4259 νεότητός

2235 4315 2371 4368 μου.
2391 4297 2558 4367 Φησὶν
2580 4296 2608 4348 δ
2633 4293 2884 4362 θεολόγος
2906 4292 3208 4363 Γρηγὸριος
3224 4307 3238 4322 ο
3267 4292 3377 4343 Καὶ
3413 4290 3444 4341 ό
3480 4281 3814 4344 πλουτίζων

2238 4390 2558 4459 πτωχεύειο
2621 4386 2913 4457 πτωχεύει
2975 4385 3094 4454 γὰρ
3117 4380 3233 4450 τὴν
3267 4379 3426 4450 ἐμὴν
3477 4378 3696 4446 σάρκα,
3729 4375 3813 4430 ἵν’

2238 4484 2352 4554 ἐγὼ
2392 4479 2719 4547 πλουτήσω
2778 4477 2892 4545 τὴν
2937 4476 3125 4531 αὑτοῦ
3165 4475 3435 4540 θεότητα.
3491 4470 3695 4540 Εἴρηκε
3751 4469 3815 4524 δὲ

554 4594 645 4649 ego
670 4581 943 4636 divinitate
972 4581 1115 4636 dives
1152 4583 1412 4651 efﬁcerer.
1447 4584 1522 4639 De
1551 4599 1610 4638 se
1631 4583 1748 4653 ipso
1783 4583 1946 4637 etiam
1977 4583 2123 4637 Chri-

2242 4577 2335 4630 καὶ
2369 4575 2530 4637 αὐτὸς
2585 4577 2613 4627 δ
2666 4571 2904 4642 Χριστὸς
2932 4567 3064 4637 περὶ
3101 4565 3299 4620 ἑαυτοῦ
3336 4565 3472 4634 πρὸς
3499 4564 3590 4618 τὸν
3630 4579 3816 4635 γραμ-

557 4680 675 4727 stus
720 4674 784 4727 ad
827 4675 1061 4728 scribam
1098 4676 1248 4729 illum
1276 4676 1518 4731 diccbat:
1553 4675 1743 4744 Vulpes
1772 4677 2002 4729 latebras
2044 4676 2139 4729 ha-

561 4767 698 4829 bent,
727 4777 774 4820 et
809 4767 1037 4822 volucres
1062 4771 1175 4822 caeli
1195 4770 1365 4835 nidos,
1389 4768 1560 4822 Filius
1577 4779 1750 4823 autem
1778 4771 2006 4822 hominis
2037 4785 2138 4822 non

560 4858 709 4910 habet
737 4859 825 4910 ubi
856 4859 1068 4913 reclinet
1101 4870 1260 4926 caput
1293 4878 1444 4914 suum
1470 4863 1535 4915 ³⁸.
1577 4861 1639 4914 In
1665 4862 1932 4914 laboribus
1958 4871 2136 4915 autem

565 4959 730 5017 atque
762 4952 824 5002 ab
858 4951 1235 5015 adolescentia,
1269 4954 1470 5007 dictum
1506 4962 1611 5017 est,
1636 4953 1760 5022 quia
1804 4954 1871 5007 ab
1895 4953 2029 5022 ipsis
2057 4951 2140 5006 in-

565 5043 858 5097 eunabulis
896 5043 1110 5098 insidiae
1165 5045 1433 5101 adversus
1487 5061 1611 5100 eum
1654 5047 2040 5110 tendebantur,
2087 5053 2142 5099 et

570 5136 694 5204 quia
750 5136 926 5192 iulans
982 5139 1394 5207 persecutiones
1447 5137 1750 5193 sustinuit:
1797 5137 1863 5191 ab
1928 5135 2142 5191 Herode

569 5229 780 5284 scilicet
834 5241 1000 5300 atque
1033 5246 1060 5284 a
1104 5229 1328 5295 Judwis,
1357 5247 1450 5301 per
1481 5231 1696 5285 labores
1737 5241 1918 5285 autem
1949 5245 2146 5283 rerumo-

573 5336 673 5374 nas
708 5321 981 5390 intelligit.

647 5414 928 5469 Etaltatus
974 5424 1148 5468 autem
1184 5415 1494 5467 humiliatus
1546 5430 1682 5466 sum.
1726 5411 2006 5466 Exaltatus
2039 5411 2142 5465 tui—

571 5508 796 5572 raculis,
823 5517 875 5560 et
910 5507 1202 5576 depressus
1235 5502 1843 5571 conviciisJudéeorum
1881 5504 2140 5557 nimirum

573 5601 847 5668 opinione.
884 5599 976 5654 Vel
1004 5600 1267 5655 exsltatus
1298 5591 1357 5655 in'
1387 5615 1570 5657 cruce.
1603 5597 1920 5656 humiliatus
1965 5598 2017 5651 in
2061 5611 2145 5654 se-

575 5691 788 5757 pulcro.

657 5877 703 5906 '~‘
749 5871 935 5925 Matth.
972 5888 1086 5936 \‘lll,
1121 5869 1207 5924 20.

2246 4669 2420 4741 ματέα
2447 4683 2460 4695 ·
2484 4670 2552 4720 Al
2584 4663 2891 4727 ἀλώπεκες
2920 4659 3194 4731 φωλεοὺς
3218 4659 3432 4726 ἔχουσι
3451 4696 3465 4722 ,
3491 4654 3592 4709 καὶ
3619 4655 3691 4710 τὰ
3713 4670 3819 4708 πε-

2241 4761 2406 4817 τεινὰ
2458 4759 2564 4813 τοῦ
2611 4753 2872 4823 οὐρανοῦ
2903 4749 3419 4817 κατασκηνώσεις.
3466 4746 3522 4801 '0
3573 4745 3642 4799 δὲ
3677 4745 3816 4810 Υἱὸς

2240 4855 2346 4910 τοῦ
2373 4849 2691 4920 ἀνθρώπου
2718 4849 2829 4902 οὐκ
2853 4845 2978 4914 ἔχει
3010 4843 3130 4898 ποῦ
3154 4840 3270 4909 τὴν
3290 4837 3566 4910 κεφαλὴν
3584 4841 3659 4891 κλ
3670 4835 3813 4890 ἳναι’

2241 4950 2300 5000 ὲν
2333 4947 2524 5007 κόποις
2555 4943 2612 4996 δὲ
2644 4943 2708 4994 ὲκ
2735 4939 3011 5009 νεότητος,
3035 4936 3171 4989 διότι
3203 4933 3261 4999 ἐξ
3281 4931 3462 4985 αὐτῶν
3484 4929 3815 4999 σπαργάνων

2241 5034 2651 5098 ἐπεϐουλεύετο,
2715 5033 2808 5085 καὶ
2854 5028 3110 5083 ἐδιώκετο
3156 5025 3263 5080 ὑπό
3314 5041 3376 5077 τε
3425 5020 3668 5095 Ἡρώδου
3719 5019 3816 5073 καὶ

2239 5134 2350 5186 τῶν
2415 5127 2687 5185 Ἰουδαίων
2724 5142 2740 5157 ο
2797 5124 3005 5185 κόπους
3067 5119 3178 5190 γὰρ
3243 5117 3397 5188 λέγει
3462 5114 3564 5179 τὰς
3627 5110 3817 5168 ταλαιο

2243 5225 2474 5296 πωρίας.

2329 5399 2617 5471 ’Υψωθεὶς
2643 5396 2711 5450 δὲ
2757 5389 3190 5458 ὲταπεινώθην.
3241 5387 3510 5458 ’Υψωθεὶς
3554 5386 3666 5448 τοῖς
3724 5401 3823 5453 ση-

2254 5498 2448 5569 μείοις,
2485 5488 2863 5558 ὲταπεινώθην
2898 5486 3012 5548 τοῖς
3046 5481 3526 5555 προπηλακισμοῖς
3547 5519 3561 5543 ,
3589 5479 3665 5541 ὡς
3702 5479 3818 5540 τοῖς

2264 5590 2537 5650 Ἰουδαίοις
2568 5583 2746 5650 ἔδοξεν
2769 5597 2785 5614 ο
2815 5581 2848 5650 ἢ
2881 5577 3118 5650 ὑψωθεὶς
3155 5576 3248 5629 ἐπὶ
3282 5570 3519 5644 σταυροῦ
3546 5613 3561 5637 ,
3596 5573 3817 5624 ἐταπει-

2255 5684 2430 5752 νώθην
2464 5681 2542 5743 είς
2574 5679 2662 5732 τὸν
2693 5676 2881 5745 τάφον.
