4188 6290
473 357 580 422 897

473 564 636 634 ὶήψει
687 563 798 615 τῶν
851 561 1146 631 Ἐϐραίων.
1214 561 1402 626 Ἔδοξε
1451 564 1563 632 γὰρ
1614 562 1800 625 αὐτοῖς
1849 563 2053 628 ἄπορος

481 655 733 726 βοηθείας
755 671 768 684 ·
799 655 880 708 διδ
909 657 1005 709 καὶ
1030 653 1218 724 ελεγον
1235 653 1504 726 ’Ἵδωμεν
1523 657 1575 709 εὶ
1602 655 1841 725 ἔρχεται
1858 656 2055 718 Ἠλίας

478 745 698 801 σώσων
725 748 932 802 αὐτόν.

550 840 673 890 Ἐπ’
695 839 802 907 ἐμὲ
833 836 1089 902 διῆλθον
1133 841 1193 893 αι
1225 841 1397 909 ὀργαί
1429 855 1546 895 σου
1570 854 1583 867 ·
1619 843 1671 893 oi
1707 837 2056 910 φοϐερισμοί

477 942 597 983 σου
656 928 1028 996 ἐξετᾰραξάν
1078 947 1178 999 με.
1221 930 1423 1000 Ὀργάς
1469 928 1606 981 Θεοῦ
1639 932 1738 992 τὰς
1779 929 1918 982 κατὰ
1950 928 2059 981 τῶν

481 1020 910 1090 ἁμαρτανόντων
946 1021 1244 1091 γινομένας
1269 1061 1282 1084 ,
1338 1019 1535 1089 φησίν·
1572 1020 1772 1089 ὁμοίως
1824 1019 1917 1071 καὶ
1962 1035 2058 1086 φο-

479 1111 800 1180 6ερισμοὺς.
851 1110 963 1164 Καὶ
1004 1111 1102 1175 τὰς
1159 1110 1258 1182 μὲν
1298 1111 1469 1184 ὀργὰς
1516 1110 1744 1164 διελθεῖν
1797 1113 1892 1164 καὶ
1941 1113 2056 1163 εἰσ⁴

478 1203 633 1256 δῦναι
685 1205 768 1266 εἰς
817 1203 982 1257 αὑτὸν
1020 1203 1198 1271 λέγει,
1248 1204 1375 1268 τοὺς
1417 1203 1473 1257 δὲ
1525 1203 1892 1274 φοϐερισμοὺς
1934 1219 2058 1255 ουν·

481 1295 772 1365 ταράττειν
829 1296 927 1348 καὶ
981 1295 1340 1349 ἀναστέλλειν
1371 1295 1479 1349 ἀπὸ
1511 1296 1730 1358 κακίας.
1773 1294 2058 1365 Ὠριγένης

481 1387 537 1439 δὲ
566 1386 739 1454 ὀργὰς
780 1387 920 1439 Θεοῦ
953 1389 1048 1440 καὶ
1083 1387 1462 1458 φοϐερισμοὺς
1508 1387 1634 1451 τοὺς
1663 1388 1923 1457 δαίμονάς
1951 1406 2057 1460 φη-

485 1494 602 1530 σιν·
639 1478 810 1549 όργὰς
845 1480 945 1547 μὲν
967 1518 982 1544 ,
1024 1479 1100 1543 ὡς
1132 1478 1527 1550 ὀργιζομένους
1561 1478 1650 1532 ἀεὶ
1691 1482 1804 1542 τοῖς
1845 1480 2060 1549 ἀνθρώ-

485 1586 638 1634 ποις·
693 1571 828 1624 θεοῦ
859 1572 947 1634 δὲ,
989 1572 1064 1635 ὡς
1108 1573 1249 1626 κατὰ
1283 1572 1677 1644 παραχώρησιν
1723 1572 1857 1627 θεοῦ
1903 1572 2060 1626 τοῦτο

483 1664 798 1727 ποιοῦντες·
831 1664 1198 1736 φοϐερισμοῦς
1222 1665 1316 1732 δὲ,
1368 1666 1446 1731 ὡς
1486 1665 1653 1737 φόϐον
1696 1667 2059 1731 ἐπισείοντος.

484 1759 648 1825 Λέγει
696 1758 900 1823 τοίνυν,
953 1759 1034 1813 ὅτι
1089 1758 1233 1813 κατά
1291 1759 1383 1812 τὸν
1430 1759 1626 1831 καιρὸν
1688 1759 1783 1814 τοῦ
1853 1761 2061 1824 πάθους

488 1849 723 1920 ἐπῆλθον
755 1850 928 1921 αὐτῷ,
962 1852 1056 1905 καὶ
1079 1849 1418 1922 ὲξιτὰραξαν
1453 1850 1528 1913 ὡς
1563 1851 1875 1922 ἄνθρωπον.

553 1941 954 1998 Ἐκύκλωσιὶν
974 1960 1053 2013 με
1086 1943 1233 1998 ὡσεὶ
1257 1943 1432 2013 ὕδωρ.
1472 1945 1537 1998 01.
1580 1943 1844 1999 Ἰουδαῖοι.
1863 1945 1956 1998 ἐν
1983 1945 2061 2016 τῷ

483 2032 571 2087 κα⁹
627 2034 832 2107 ψαλμῷ
883 2039 1073 2107 εἴρηκε
1104 2052 1119 2065 ·
1169 2037 1672 2107 Περιεκύκλωσάγ
1717 2055 1796 2108 με
1839 2042 2062 2108 μόσχοι

485 2129 705 2180 πολ.ῖοί
727 2143 742 2160 ·
774 2128 977 2198 ταῦροι
1006 2129 1219 2196 πίονες
1244 2128 1572 2200 περιέσχον
1599 2147 1698 2199 με.
1735 2129 1882 2184 Ὠοεὶ
1919 2131 2063 2203 ὕδωρ

485 2219 542 2272 δὲ
576 2216 719 2286 εἷπε,
741 2221 878 2276 διότι
909 2222 970 2276 τὸ
1006 2222 1150 2294 ὕδωρ
1183 2223 1525 2295 πανταχόθεν
1556 2223 1945 2295 περικυκλίζει
1970 2225 2060 2278 τὸν

486 2313 787 2387 ἀναπειλημ
796 2316 983 2386 μένον.

558 2498 746 2566 Ὅλην
770 2499 886 2566 τὴν
917 2497 1148 2570 ἡμέραν
1182 2499 1513 2571 περιέσχον
1533 2521 1610 2573 με
1638 2504 1780 2574 ἅμα.
1819 2505 2064 2577 Ἢμέραν

485 2592 584 2663 τὴν
625 2591 722 2645 τοῦ
780 2592 992 2658 πάθους
1036 2593 1245 2666 φησίν·
1281 2594 1439 2664 Ἀμα
1481 2595 1541 2651 δὶ
1596 2597 1720 2652 ἀντὶ
1779 2598 1874 2652 τοῦ
1926 2601 2063 2672 ὁμοῦ

486 2687 706 2749 πάντες.

570 2777 953 2848 Ἐμάκρυνας
980 2779 1085 2835 ἀπ’
1116 2780 1266 2851 ἐμοῦ
1305 2781 1488 2850 φίλον
1518 2781 1619 2837 και
1649 2785 1920 2853 πλησίον
1967 2785 2066 2840 καί

485 2871 630 2936 τοὺς
661 2873 976 2941 τνωστούς
1024 2890 1146 2944 μου
1194 2873 1315 2930 ἀπὸ
1353 2875 1781 2943 ταλαιπωρίας.
1833 2876 1931 2930 Διά
1966 2877 2067 2949 τὴν

484 2965 867 3034 ταλαιπωρίαν
932 2982 1035 3036 μου
1091 2966 1196 3037 τὴν
1256 2966 1366 3021 ἀπὸ
1412 2968 1524 3021 τῶν
1587 2967 2065 3039 προπηλακισμῶν

485 3059 800 3128 ἑμάκρυνας
830 3059 924 3112 ἀπ’
969 3058 1106 3124 ἐμοῦ
1138 3055 1265 3122 τοὺς
1290 3057 1539 3130 μαθητάς
1583 3076 1706 3129 μου.
1742 3058 1970 3131 Εἴρηται
2008 3061 2065 3114 δὲ

1631 360 1781 418 COM
1797 360 1842 417 Μ
1858 358 2024 416 ΕΝΤ.
2074 357 2148 414 1Ν
2187 356 2546 416 l‘SALMOS.

549 473 654 526 Καὶ
691 469 1099 539 ἐξηπορήθην.
1139 473 1249 526 Καὶ
1295 470 1492 534 τοῦτο,
1526 473 1651 525 ὅσον
1685 474 1777 523 ἐπὶ
1812 474 1875 541 τῇ
1915 472 2047 522 ὐπο-
2081 478 2118 527 Α

3642 365 3745 426 898

2227 467 2291 519 Et
2359 469 2641 521 destitutus
2695 485 2832 521 sum.
2899 469 2960 522 Et
3019 472 3118 526 hoc
3165 475 3328 528 etiam
3379 487 3646 544 quantum
3677 480 3743 529 ait

2158 558 2475 613 Jnilaeorum
2532 560 2871 629 Opinionem.
2913 563 3076 619 Visus
3126 577 3210 620 est
3240 569 3386 622 enim
3424 570 3528 622 illis
3577 571 3745 623 veluti

2161 651 2460 705 destitutus
2501 666 2645 717 esse,
2670 662 2718 707 et
2751 654 2996 722 indigere
3029 658 3267 723 auxilio;
3303 668 3466 729 atque
3513 663 3635 714 ἰιιυο
3668 663 3750 714 di-

2160 741 2361 795 cebant
2405 757 2417 793 :
2458 741 2735 796 i’idemnus
2780 746 2824 797 si
2858 748 2992 798 venit
3029 746 3176 801 Elius
3205 750 3507 804 saltaturus
3536 765 3651 804 eum
3677 752 3744 809 ".

2237 832 2400 889 Vens.
2445 837 2530 888 17.
2582 834 2641 889 In
2685 854 2765 890 me
2795 843 3214 906 pertransierunt
3257 844 3351 896 ira:
3409 855 3532 908 tute,
3573 856 3619 898 et
3643 857 3748 899 ter-

2160 941 2305 979 νον-ινδ
2341 928 2416 979 tui
2451 929 2894 982 conturbauerunt
2934 949 3034 988 me.
3069 934 3184 988 lras
3220 933 3312 987 Dei
3348 951 3439 991 cas
3472 939 3562 990 int.
3587 937 3600 990 l
3629 938 3747 1001 icit,

2161 1031 2299 1084 quas
2332 1014 2477 1071 Deus
2503 1019 2770 1074 adversus
2811 1031 3128 1090 peccatores
3152 1037 3516 1094 conceperat;
3551 1028 3750 1082 simili-

2162 1117 2245 1162 ter
2277 1117 2329 1162 et
2355 1117 2613 1164 terrores.
2653 1109 2711 1163 Et
2749 1113 2859 1166 iras
2913 1115 3133 1182 quizienr
3171 1118 3538 1185 pertransisse
3588 1118 3748 1182 dicit,

2162 1209 2215 1252 et
2253 1198 2305 1252 in
2337 1216 2395 1255 se
2430 1201 2707 1270 ingressas
2742 1204 2932 1270 luisse,
2968 1216 3210 1262 terrores
3231 1224 3357 1261 vero
3387 1211 3746 1266 conturbasse

2163 1298 2216 1345 et
2249 1291 2558 1347 refrenasse
2591 1310 2619 1344 a
2650 1295 2818 1350 vitiis.
2857 1294 3055 1350 Verum
3088 1298 3351 1368 Origenes
3393 1317 3484 1371 per
3521 1303 3650 1366 iras.
3694 1313 3750 1358 rt

2167 1392 2403 1440 terrores
2430 1385 2544 1448 Dei,
2568 1387 2843 1443 daemones
2879 1389 3026 1458 ipsos
3059 1391 3314 1462 intelligit
3333 1413 3347 1449 :
3368 1396 3480 1451 iras
3503 1396 3745 1465 fluida-ni,

2164 1480 2293 1548 quia
2338 1479 2655 1538 licininibus
2701 1497 2914 1552 semper
2959 1487 3083 1540 irati
3115 1497 3266 1551 sunt,
3317 1490 3406 1544 Dei
3442 1507 3574 1545 vero
3611 1494 3744 1558 iras,

2164 1571 2293 1640 quia
2332 1573 2695 1641 permissione
2719 1576 2981 1630 divinaid
3029 1578 3271 1634 faciunt:
3309 1590 3548 1637 terrores
3588 1583 3744 1650 item,

2166 1666 2293 1734 quia
2321 1675 2580 1720 terrorem
2613 1667 2904 1724 incutiunt.
2951 1671 3040 1724 Ait
3084 1674 3252 1741 igitur
3287 1675 3563 1740 Christus,
3601 1679 3748 1744 quod

2167 1758 2440 1826 passionis
2483 1769 2723 1828 tempore
2779 1764 3098 1817 invaserunt
3150 1782 3275 1820 cum
3331 1766 3634 1831 daemones,
3691 1781 3746 1826 ct

2164 1853 2308 1921 quod
2347 1861 2404 1903 ut
2435 1852 2710 1907 hominem
2741 1870 2865 1906 cum
2895 1859 3390 1914 conturbaverunt.

2229 1939 2396 1997 Vens.
2436 1942 2517 1997 18.
2567 1943 3043 2000 Circnmdedernnt
3079 1965 3159 2002 me
3204 1950 3339 2004 sicut
3368 1969 3526 2020 aqua.
3563 1952 3737 2007 Jnda'i

2164 2037 2418 2103 scilicet;
2478 2039 2531 2092 in
2571 2041 2785 2114 psalmo
2829 2056 3007 2097 autem
3040 2061 3131 2098 ιιι
3178 2044 3316 2100 dixit
3345 2066 3358 2100 ι
3385 2047 3753 2103 Circum/ede-

2163 2140 2286 2183 runt
2317 2150 2395 2184 me
2430 2134 2579 2186 vituli
2603 2133 2774 2200 multi,
2801 2137 2945 2189 tauri
2967 2140 3179 2208 pingues
3224 2142 3520 2195 circuibant
3550 2161 3650 2196 me.
3684 2144 3750 2200 Et

2164 2223 2651 2278 cireumtlederunt
2693 2227 2838 2280 sicut
2873 2246 3039 2298 aqua,
3088 2232 3215 2300 quia
3247 2247 3386 2301 aqua
3426 2235 3663 2303 undique
3695 2248 3748 2291 et

2164 2329 2272 2368 non
2300 2332 2362 2369 ex
2399 2334 2501 2371 una
2530 2326 2738 2373 tantum
2769 2333 2922 2390 parte
2948 2337 3043 2377 eos
3075 2324 3403 2393 circumdat,
3435 2344 3573 2398 quos
3601 2345 3752 2385 com-

2166 2407 2474 2477 prehendit.

2238 2500 2371 2554 Totn
2398 2504 2481 2557 die
2529 2504 2931 2560 circumdabant
2964 2525 3043 2562 me
3079 2509 3257 2565 simul.
3291 2512 3439 2566 Diem
3470 2515 3745 2584 passionis

2167 2592 2440 2664 intelligit.
2503 2595 2566 2649 Et
2621 2599 2766 2667 quod
2805 2600 2900 2664 ait,
2956 2601 3152 2669 Simul,
3202 2621 3413 2674 expone
3471 2620 3588 2676 pro.
3631 2607 3747 2662 Una

2166 2701 2378 2743 omnes.

2243 2778 2405 2835 Vens.
2441 2782 2528 2837 19.
2557 2783 2834 2856 Elongasti
2861 2805 2891 2841 η
2927 2805 3008 2842 me
3070 2791 3297 2844 amicum
3352 2802 3401 2845 ει
3447 2798 3746 2861 proximum

2166 2881 2215 2926 et
2245 2883 2396 2928 notos
2432 2891 2572 2930 meo:
2631 2894 2662 2930 a
2718 2880 2952 2932 miseria.
2989 2882 3066 2936 Ob
3099 2883 3377 2938 miseriam
3428 2901 3624 2951 meam,
3663 2887 3749 2939 in-

2167 2965 2310 3032 quit,
2352 2974 2519 3036 atque
2543 2968 2611 3023 ob
2655 2972 2972 3040 opprobria,
3025 2989 3145 3042 quae
3179 2975 3309 3027 mihi
3350 2975 3747 3041 inferebantur,

2168 3059 2435 3128 elongain
2469 3075 2498 3114 a
2548 3077 2630 3116 me
2681 3063 2987 3132 discipulos
3044 3080 3214 3132 meos,
3263 3067 3329 3121 de
3407 3067 3602 3136 quibus
3662 3085 3757 3122 sn-

485 3152 583 3205 καὶ
640 3151 942 3222 ἀνωτέρω·
986 3150 1364 3220 Ἐμάκρυνας
1413 3150 1555 3218 τοὺς
1607 3157 1917 3220 γνωστούς
1943 3171 2061 3222 μου

2169 3152 2354 3220 perius
2394 3153 2673 3210 diximus:
2711 3154 2991 3226 Etangasti
3025 3175 3058 3211 a
3085 3175 3164 3210 me
3190 3169 3340 3213 notos
3387 3176 3547 3214 meos.
3598 3163 3752 3214 Ami-

483 3244 586 3298 dsz‘
621 3243 789 3313 ἐμοῦ.
813 3243 970 3295 Φίλον
995 3245 1102 3315 γὰρ
1131 3243 1226 3297 καὶ
1259 3243 1488 3314 πλησίον
1517 3245 1611 3297 καὶ
1639 3246 1915 3314 γνωστοὺς
1935 3248 2063 3312 τοὺς

487 3336 685 3399 αὐτοὺς
740 3335 929 3389 καλεῖ·
982 3335 1137 3404 φίλον
1176 3333 1297 3405 μὲν,
1349 3335 1492 3388 κατά
1528 3335 1608 3400 τὸ,
1650 3335 1848 3405 Ὑμεῖς
1896 3338 2063 3406 φίλοι

486 3428 605 3497 μού
633 3428 773 3480 ἐστε
793 3445 806 3458 ·
841 3428 1070 3499 πλησίον
1113 3427 1191 3491 δὲ,
1245 3428 1318 3490 ὡς
1355 3426 1843 3499 συνδιαιτωμένους
1872 3431 2023 3502 αὑτῴ
2044 3449 2059 3464 ·

492 3520 765 3587 γνωστοὺς
797 3520 875 3583 δὲ,
917 3521 992 3584 ὡς
1034 3518 1428 3588 γινώσκοντας,
1469 3520 1562 3573 καὶ
1594 3520 1684 3576 διά
1712 3521 1870 3576 τοῦτο
1899 3542 2062 3592 γινω⁴

494 3613 810 3684 σκομέθους.
844 3614 967 3668 AD?
1013 3613 1156 3668 οὕτω
1205 3614 1303 3685 μὲν
1342 3616 1372 3668 ό
1425 3614 1639 3685 ψαλμδς
1691 3617 1774 3681 εις
1825 3615 2064 3687 Χριστόν

489 3705 740 3776 ἀνήχθη·
793 3705 1023 3777 ἁρμόζει
1070 3705 1126 3758 δὲ
1176 3706 1273 3759 καὶ
1331 3707 1442 3769 τοῖς
1487 3706 1737 3760 εὐσεϐέσι
1788 3711 1955 3762 πᾶσιν
2008 3714 2064 3766 ἐν

489 3799 667 3869 καιρῷ
693 3798 925 3868 θλίψεως
951 3839 966 3863 ,
999 3798 1174 3861 οὕτως
1197 3813 1213 3830 ⁸
1243 3798 1413 3868 Κύριε
1439 3801 1467 3852 ὁ
1497 3799 1631 3865 Θεὸς
1657 3802 1757 3872 τῆς
1789 3805 2064 3873 σωτηρίας

490 3911 616 3964 μου,
646 3893 734 3948 διὰ
762 3895 967 3957 παντδς
997 3892 1236 3948 ἐνώπιόν
1292 3909 1387 3946 σου
1423 3893 1723 3962 ἐκέκραξα.
1759 3895 2065 3949 ἐπικαλούο

492 3985 653 4054 μενός
681 4002 741 4038 σε
778 3986 856 4047 εἰς
887 3985 1158 4055 βοήθειαν.
1189 3984 1272 4039 Τά
1319 3983 1375 4039 δὲ
1421 3985 1549 4054 ἑξῆς
1603 3986 1759 4057 δῆλα,
1803 3988 1882 4041 ὅτι
1935 3989 2062 4041 θλί-

490 4077 638 4142 ψεων
674 4077 924 4146 ἐπλήσθη
963 4078 1060 4130 καὶ
1093 4079 1274 4132 πόνων
1305 4079 1339 4148 ἠ
1364 4078 1510 4148 ψυχή
1550 4095 1677 4147 μου,
1707 4079 1804 4133 καὶ
1836 4079 2064 4151 πλησίον

489 4169 607 4237 εἰμὶ
663 4167 759 4222 τοῦ
791 4167 1049 4232 θανάτου,
1105 4169 1206 4240 ἠδη
1242 4170 1591 4241 ἀποκαμών·
1645 4171 2064 4244 συνηριθμήθην

490 4264 602 4325 τοῖς
629 4265 865 4332 νεκροῖς,
916 4263 1042 4316 ὅσον
1070 4263 1162 4316 ἐπὶ
1189 4267 1256 4335 τῇ
1290 4263 1498 4337 σπουδῇ
1536 4265 1645 4318 τῶν
1673 4260 2064 4336 ἀνθρωποκτό-

489 4371 596 4406 νων
621 4354 896 4420 δαιμόνων
923 4370 936 4384 ·
970 4356 1240 4428 ἐγενήθην
1272 4357 1624 4428 εὐχείρωτος,
1659 4357 1792 4411 ὡσεὶ
1823 4360 2064 4432 ἀϐοήθη-

488 4461 603 4508 τος,
660 4446 756 4499 καὶ
821 4447 881 4497 ὲν
930 4448 1166 4516 νεκροῖς,
1216 4448 1344 4502 ὅσον
1390 4448 1452 4501 τὸ
1505 4447 1593 4502 ἔπ’
1632 4449 1836 4514 αὐτοῖς.
1883 4451 2063 4505 καίτοι

2169 3258 2294 3298 cum
2350 3255 2533 3299 autem
2583 3258 2634 3300 et
2660 3251 2995 3317 proximum,
3028 3259 3080 3302 et
3115 3257 3296 3312 notos,
3331 3250 3552 3305 eosdem
3589 3253 3756 3306 intel-

2172 3335 2312 3406 ligit.
2365 3335 2430 3388 Et
2466 3337 2702 3390 amicum
2741 3337 2875 3392 dicit
2923 3338 3078 3407 juxta
3111 3339 3243 3393 illud
3274 3358 3286 3394 :
3323 3337 3422 3393 Vos
3457 3343 3614 3394 amici
3654 3346 3754 3396 mei

2168 3429 2295 3483 estis
2318 3428 2385 3483 '“.
2416 3427 2730 3482 Proximum
2764 3446 2915 3493 vero,
2942 3433 3070 3499 quia
3114 3447 3220 3486 una
3255 3448 3436 3487 secum
3467 3435 3747 3500 vivebant,

2170 3523 2224 3568 et
2255 3524 2440 3581 notos,
2478 3518 2604 3586 quia
2637 3526 2691 3572 et
2723 3520 3129 3588 cognoscebant
3154 3530 3209 3575 et
3254 3523 3750 3592 cognoscebantur.

2173 3606 2236 3661 Et
2289 3608 2391 3662 hoc
2433 3618 2591 3678 pacto
2621 3610 2841 3680 quidem
2876 3620 3024 3667 totus
3056 3612 3146 3667 hic
3195 3616 3443 3682 psalmus
3493 3615 3547 3669 in
3594 3617 3755 3670 Chri-

2171 3709 2315 3756 stum
2363 3702 2569 3757 relatus
2622 3711 2727 3759 est.
2760 3703 3027 3773 Congruit
3067 3714 3254 3759 tamen
3303 3707 3536 3762 cuilibet
3579 3709 3750 3762 etiam

2173 3794 2316 3849 ﬁdeli
2348 3799 2400 3848 in
2430 3797 2700 3867 angustiis
2735 3799 3078 3852 constituto:
3115 3797 3343 3852 Domine
3383 3798 3524 3854 Dens
3556 3800 3752 3854 salutis

2172 3904 2326 3954 meae,
2361 3889 2582 3944 assidue
2607 3890 2836 3943 clamavi
2869 3896 2922 3944 in
2961 3901 3259 3958 conspecto
3291 3899 3408 3954 tuo,
3444 3890 3752 3958 adiutorem

2174 3991 2225 4036 te
2275 3982 2406 4036 milii
2442 3996 2701 4038 avocans.
2736 3982 2866 4047 Quae
2897 3995 3203 4053 sequuntur
3228 3984 3375 4039 clara
3420 3994 3585 4038 sunt:
3612 3983 3752 4048 Quia

2171 4075 2353 4128 anima
2384 4091 2506 4130 mea
2533 4077 2792 4131 aerumnis
2819 4078 3038 4147 impleta
3090 4085 3198 4140 est,
3227 4077 3426 4146 quibus
3463 4075 3597 4130 adeo
3628 4077 3754 4129 l'ati-

2172 4177 2334 4241 gatus
2365 4184 2508 4231 sum,
2538 4177 2597 4222 ut
2625 4169 3086 4239 mortiproximus
3107 4170 3324 4224 fuerim.
3347 4171 3754 4226 Annumeratns

2173 4269 2353 4315 autem
2386 4275 2507 4314 sum
2547 4276 2673 4314 cum
2727 4263 2977 4321 mortuis.
3017 4269 3280 4330 quantum
3320 4261 3386 4314 ad
3424 4261 3754 4314 saevissimo-

2174 4372 2294 4410 rum
2345 4354 2660 4409 diemonum
2729 4366 2915 4408 votum
2977 4368 3040 4408 ac
3093 4356 3332 4410 studium
3398 4355 3756 4423 pcrtinctmt

2177 4451 2352 4506 iactus
2408 4464 2529 4504 sum
2582 4450 2730 4502 velut
2798 4449 2961 4501 homo
3036 4449 3156 4503 sine
3209 4448 3435 4511 auxilio,
3493 4447 3562 4498 ita
3596 4446 3750 4501 ntde

488 4538 774 4611 ἐλεύθερος
802 4541 878 4595 ὢν
902 4541 981 4596 ἔτι
1014 4542 1362 4613 νεκρώσεως,
1391 4543 1467 4606 ὡς
1494 4546 1694 4614 μηκέτι
1731 4549 1796 4616 τῇ
1835 4546 2061 4620 ἀληθείᾳ

2177 4542 2324 4599 facili
2350 4542 2469 4612 capi
2503 4556 2742 4611 possem.
2778 4539 2876 4594 Fui
2911 4541 3152 4595 etiamin
3190 4541 3441 4604 mortuis,
3487 4553 3750 4609 quantum

490 4633 695 4687 θανὼν·
729 4635 997 4706 ἐγενήθην
1029 4635 1162 4688 ὡσεὶ
1195 4637 1534 4706 τετρωμένοι
1554 4676 1573 4704 ,
1598 4637 1845 4708 κείμενοι
1876 4641 1934 4694 ἐν
1966 4643 2065 4694 τά-

490 4748 635 4798 φοις,
699 4731 926 4798 τρωθεὶς
956 4729 1035 4800 τῷ
1069 4729 1212 4797 βέλει
1242 4731 1342 4801 τῆς
1374 4731 1672 4802 ἁμαρτίας,
1716 4734 1749 4804 ἢ
1803 4735 1900 4804 τῆς
1931 4737 2067 4789 ἁθυο

492 4825 618 4890 μίας
637 4838 650 4853 ο
673 4823 769 4876 καὶ
799 4823 868 4876 τὰ
891 4823 1017 4892 ὲξῆς
1047 4823 1349 4890 ἀναλόγως.
1383 4824 1608 4878 Ἐθεντό
1643 4843 1711 4895 με
1739 4828 1788 4879 oi
1810 4826 2062 4897 δαίμονες

493 4913 646 4983 βαθεῖ
673 4914 852 4986 βόθρῳ
880 4915 983 4984 τῆς
1012 4915 1288 4986 ἁμαρτίας
1315 4955 1332 4978 ,
1370 4918 1428 4969 ἐν
1478 4917 1661 4969 σκότει
1714 4915 1946 4987 θλίψεως
1978 4933 1991 4948 ⁸
2029 4921 2062 4986 ἢ

493 5004 621 5059 σκιά
675 5007 771 5060 καὶ
815 5005 1075 5075 ὁμοίωσις
1107 5007 1225 5060 ἐστι
1257 5007 1490 5061 θανάτου
1542 5007 1630 5061 διὰ
1659 5007 1759 5076 τὴν
1797 5011 2028 5076 πικρίαν
2053 5028 2064 5039 ·

489 5097 577 5150 ἐπ’
605 5097 706 5165 ἐμὲ
739 5097 1090 5167 ὲπε6ἀρησεν
1119 5097 1146 5149 ό
1179 5097 1350 5168 θυμός
1385 5114 1480 5152 σου
1501 5116 1514 5128 ·
1541 5101 1591 5152 εἰ
1619 5101 1728 5171 γὰρ
1765 5101 1842 5171 μὴ
1869 5101 1931 5153 σύ
1961 5121 2064 5174 μου

489 5189 777 5262 ὀργισθῇς,
807 5191 906 5244 οὐκ
935 5190 1002 5246 ἀν
1035 5209 1138 5260 μου
1170 5191 1557 5261 περιεγένοντο
1578 5209 1593 5224 ·
1627 5192 1724 5246 καὶ
1751 5195 1930 5257 πάσας
1969 5196 2065 5259 τὰς

490 5285 893 5349 ἐπαναστάσεις
920 5284 1031 5338 τῶν
1057 5283 1313 5354 θλίψεων,
1341 5286 1485 5341 κο.τὰ
1523 5286 1918 5356 παραχώρησίν
1944 5305 2062 5351 σου,

487 5376 768 5446 ἐπήγαγες
817 5377 903 5432 ἐπ’
937 5377 1038 5447 ἐμέ
1061 5391 1076 5406 ⁸
1110 5379 1428 5448 έμάκρυνας
1458 5377 1584 5439 τοὺς
1623 5379 1899 5444 γνωττούς
1935 5396 2062 5446 μου,

486 5467 666 5521 εῖτουν
706 5471 836 5532 τοὺς
882 5469 1074 5536 ἁγίους
1103 5469 1392 5537 ἀγγέλους,
1439 5469 1567 5532 τοὺς
1609 5469 1717 5538 πρὸ
1749 5471 1845 5538 τῆς
1881 5472 2062 5538 ἀμαρ-

487 5562 609 5624 τίας
642 5562 878 5633 γνησίως
905 5561 1038 5632 πρός
1071 5579 1137 5629 με
1161 5561 1542 5629 διακειμένους
1572 5561 1667 5614 καὶ
1691 5563 2059 5632 γνωρίζοντας

491 5670 580 5722 με,
619 5655 668 5707 οἳ
703 5655 793 5707 καὶ
834 5653 1187 5721 ἐϐδελύξαντό
1220 5671 1286 5726 με
1318 5655 1406 5708 διὰ
1436 5655 1534 5724 τὴν
1579 5654 1856 5725 ἁμαρτίαν
1883 5672 1896 5686 ·
1953 5675 2057 5711 πα-

556 5835 596 5866 "
641 5833 828 5889 Matth.
875 5849 1022 5901 ἀνι,
1063 5833 1151 5888 49.
1231 5833 1273 5865 ³³
1318 5831 1476 5889 Joan.
1525 5848 1613 5898 XV,
1653 5832 1743 5887 Uo

2173 4637 2243 4694 ad
2301 4639 2543 4702 illorum,
2582 4649 2640 4692 ut
2672 4638 2930 4702 diximus,
2967 4637 3206 4691 studium
3239 4637 3497 4706 pertinet,
3533 4637 3750 4690 tametsi

2171 4746 2272 4800 ego
2306 4731 2483 4784 adhuc
2507 4731 2641 4784 liber
2658 4729 2759 4784 sim
2785 4745 2812 4781 a
2836 4739 3031 4792 morte,
3068 4729 3232 4783 veluti
3267 4729 3358 4796 qui
3397 4743 3584 4781 revera
3620 4743 3753 4780 nec-

2172 4823 2306 4876 dum
2337 4829 2588 4876 mortuus
2623 4818 3001 4874 sum.'Factus
3025 4835 3145 4874 sum
3185 4820 3326 4872 sicut
3369 4817 3635 4871 vulnerati
3666 4820 3752 4888 ja-

2171 4923 2360 4968 centes
2394 4913 2445 4968 in
2478 4915 2772 4984 sepulcris,
2811 4912 3128 4966 vulneratus
3174 4919 3227 4966 et
3261 4911 3376 4980 ipse
3408 4910 3594 4978 jaculo
3626 4926 3754 4978 prc-

2172 5009 2302 5070 cati,
2354 5008 2438 5062 vel
2471 5008 2657 5075 jaculo
2701 5006 2993 5061 mcestitiae.
3029 5006 3159 5070 Qum.
3208 5011 3517 5074 sequuntur
3560 5002 3751 5056 cadem

2172 5101 2385 5153 ratione
2422 5115 2693 5169 expones:
2732 5099 3037 5153 Posuernnt
3081 5112 3167 5151 me
3211 5083 3488 5149 dannones
3543 5095 3596 5147 in
3631 5110 3750 5164 pro-

2171 5193 2340 5246 fundo
2361 5201 2524 5262 atque
2557 5193 2609 5245 in
2649 5190 2800 5245 fovea
2837 5192 3069 5260 peccati,
3111 5189 3164 5240 in
3200 5188 3555 5242 aiﬂictionnm
3599 5197 3753 5242 tene-

2171 5285 2288 5338 bris
2324 5299 2467 5353 quae,
2523 5284 2594 5338 ob
2634 5297 2904 5337 summam
2960 5280 3407 5342 amaritudinem,
3441 5278 3632 5331 umbra
3687 5292 3750 5332 ac

2170 5379 2476 5431 similitudo
2518 5376 2764 5444 qundam
2821 5391 2944 5430 esse
2995 5375 3188 5427 mortis
3231 5373 3506 5427 videntur.
3556 5369 3611 5423 In
3665 5383 3750 5424 me

2171 5480 2429 5540 gravatus
2457 5480 2540 5525 cst
2579 5468 2728 5523 furor
2758 5481 2919 5532 tuus;
2956 5482 3078 5521 naln
3106 5468 3150 5520 si
3188 5475 3242 5519 tu
3277 5465 3406 5518 milii
3440 5465 3611 5516 iratus
3643 5479 3749 5515 non

2171 5565 2388 5630 l’uisses,
2417 5581 2500 5618 me
2526 5564 2600 5616 illi
2637 5574 2786 5617 certe
2820 5578 2924 5616 non
2961 5570 3566 5630 superassentzomnes
3584 5554 3748 5609 etiam

2167 5658 2455 5722 elationes,
2495 5665 2545 5712 ct
2592 5657 2976 5718 afﬂictionnin,
3030 5661 3087 5708 ut
3138 5652 3212 5707 ita
3262 5651 3463 5717 dicam,
3507 5649 3754 5703 insurre-
