4194 6302
642 302 750 365 903

631 432 852 485 regnum
905 431 920 468 :

629 506 711 562 illi
738 525 755 561 .'
784 523 999 577 regnum
1034 506 1202 571 illius,
1231 523 1446 576 regnum
1475 515 1750 569 wternutn,
1785 515 1832 558 el
1864 507 2098 573 potentia
2129 507 2211 558 in-

627 610 882 667 corrupta
906 602 969 662 η,
1003 614 1124 667 qua:
1177 601 1340 652 verba
1376 599 1658 653 Solomoni
1718 613 1827 652 non
1874 609 2209 668 congruunt.

705 692 870 748 Vens.
896 694 947 747 5.
979 692 1042 745 Ει
1076 692 1354 761 wdiﬁcabo
1388 692 1441 744 in
1471 692 1862 762 generationem
1913 702 1958 745 et
1993 708 2213 760 genera-

632 789 824 840 tionem
888 789 1135 840 thronum
1197 795 1368 839 tuum.
1430 786 1766 852 Aidilicare,
1803 787 1908 841 hoc
1955 787 2008 841 in
2068 789 2212 851 loco,

630 881 786 948 ponit
831 895 928 948 pro
962 894 1185 948 augere,
1250 886 1304 933 et
1362 879 1646 948 perlicere,
1690 887 1743 932 et
1797 879 2055 932 thronum
2116 893 2214 948 pro

631 987 819 1041 regno.
855 972 994 1026 Illud
1031 972 1345 1032 considera,
1379 971 1658 1040 quomodo
1683 970 1952 1041 Propheta
1986 987 2213 1042 regnum

631 1062 833 1116 Christi
867 1064 1165 1133 appellavit
1197 1078 1424 1133 regnum
1457 1063 1651 1128 David,
1677 1066 1804 1132 quia
1839 1064 2092 1120 Christus
2125 1081 2216 1122 se-

633 1156 874 1208 cundum
941 1160 1163 1209 carnem
1218 1159 1285 1212 ab
1340 1159 1434 1213 illo
1511 1158 1899 1213 descendebat.
1962 1158 2215 1214 Solemus

632 1249 835 1302 etenim
905 1249 998 1301 lilii
1052 1265 1280 1319 regnum
1330 1250 1498 1320 patris
1538 1250 1759 1304 nomine
1814 1251 2111 1320 appellare,
2143 1250 2215 1306 ob

635 1341 1022 1411 cognationem
1085 1341 1298 1398 scilicet
1328 1354 1378 1399 ct
1431 1352 1540 1397 tam
1580 1352 1788 1398 art-tam
1848 1343 2217 1400 necessitudi-

632 1451 780 1490 nem.

706 1530 876 1586 Vens.
904 1531 956 1585 6.
999 1531 1401 1600 Conﬁteountur
1456 1532 1573 1586 ειείὶ
1623 1532 1895 1585 mirabilia
1938 1542 2052 1598 tua,
2103 1534 2214 1589 Da-

636 1626 794 1680 mitte.
830 1626 928 1679 Per
951 1627 1144 1687 caelos,
1165 1625 1427 1679 caelestes
1459 1625 1714 1694 intelligit
1739 1627 2031 1693 potentias.
2057 1626 2213 1697 Ipsm,

636 1718 834 1786 inquit,
865 1719 1122 1773 caelestes
1157 1717 1388 1772 virtutes
1429 1720 1635 1785 gratias
1675 1721 1771 1774 tibi
1812 1731 1968 1790 agent
2007 1720 2075 1776 de
2105 1729 2213 1775 tam

1881 295 2261 354 EUTIIYMll
2293 293 2654 354 ZIGABENI

982 432 1160 469 omnes
1217 417 1418 483 populi,
1468 415 1672 478 tribus,
1726 414 1939 483 linguw,
1993 415 2217 467 servient

2329 414 2603 483 γλῶσσαι
2637 414 3089 466 δουλεύσουσιν
3120 413 3281 479 αὐτῷ
3303 431 3314 445 ’
3353 415 3389 482 ἡ
3410 416 3697 478 ,βασιλεία
3716 418 3910 471 αὑτοῦ

3800 297 3912 361 904

2317 505 2610 566 ,βασιλεία
2636 502 2876 568 (ιῐώνιος
2899 517 2910 531 ·
2934 502 3030 555 καὶ
3054 504 3089 570 ἡ
3117 501 3530 572 ἐξουσία,ἦτις
3558 508 3628 558 οὺ
3658 505 3910 573 διαφθα-

2317 597 2594 664 ρήσεται.
2649 596 2834 650 Ταῦτα
2870 596 2927 649 δὲ
2951 597 3052 650 οὐκ
3085 598 3150 650 ἂν
3175 597 3413 667 ἀρμόσοι
3446 598 3526 668 τῷ
3570 598 3906 666 Σολομῶντι.

2398 689 2786 759 Οἱκοδομήσω
2819 693 2905 755 εἰς
2929 690 3143 758 τενείιν
3175 690 3274 742 καὶ
3309 691 3524 758 γενεὰν
3551 691 3655 745 τὸν
3686 693 3910 761 θρόνον

2322 796 2463 836 σου.
2493 780 2800 850 Οίκοδομὴν
2832 781 2930 851 μὲν
2961 781 3194 835 ἐνταῦθα
3245 781 3392 850 λέγει
3420 782 3518 852 τὴν
3554 783 3777 853 αῠξησιν
3807 801 3883 836 κα

2322 873 2640 943 ἀπάρτισιν,
2699 873 2889 944 θρόνον
2917 874 2973 926 δὲ
3008 874 3106 945 τὴν
3131 875 3430 944 βασιλείαν.
3465 877 3661 930 Σκόπει
3695 879 3752 932 δὲ
3783 880 3874 933 πῶ

2322 966 2719 1037 τὴνβασιλείαν
2759 966 2853 1022 τοῦ
2888 967 3128 1036 Χριστοῦ
3176 969 3455 1038 βασιλείαν
3482 970 3647 1024 Δαϐὶδ
3676 972 3908 1026 ἐκάλεσε

2322 1060 2410 1114 διὰ
2439 1062 2499 1131 τὸ
2523 1061 2580 1128 ἐξ
2603 1061 2768 1115 αὐτοῦ
2789 1060 3129 1131 κατάγεσθαι
3160 1063 3500 1134 τδνΧριστδν
3532 1066 3670 1119 κατὰ
3699 1067 3906 1137 σάρκα.

2323 1154 2611 1224 Εἰώθαμεν
2647 1153 2759 1223 γὰρ
2801 1156 2901 1226 τὴν
2947 1154 3223 1226 βασιλείαν
3268 1157 3363 1210 τοῦ
3399 1158 3516 1211 υίοῦ
3568 1157 3663 1212 τοῦ
3698 1160 3908 1230 πατρὸς

2324 1246 2508 1317 λέγειν
2539 1248 2624 1302 διὰ
2657 1248 2756 1319 τὴν
2783 1249 3079 1303 οίκείωσιν.

2410 1518 2998 1590 Ἐξομολογήσονταί
3021 1535 3121 1573 σοι
3149 1522 3202 1573 ol
3224 1519 3470 1586 οὐρανοί
3509 1519 3581 1572 τὰ
3603 1520 3913 1590 θαυμάσια

2325 1628 2465 1678 σου,
2496 1613 2695 1680 Κύριε.
2738 1611 3017 1683 Οὑρανοὺς
3071 1611 3223 1680 λέγει
3266 1611 3363 1674 τὰς
3401 1610 3688 1681 οῦναρίους
3742 1611 3916 1665 δυνά-

2329 1725 2472 1777 μεις.
2518 1705 2714 1772 Αῦται,
2758 1707 2952 1776 φησὶν,
2988 1706 3045 1760 αί
3089 1705 3338 1776 οὐράνιαι
3375 1705 3635 1772 δυνάμεις
3686 1705 3914 1775 εὐχαριο

634 1811 972 1865 admirandis
1004 1811 1286 1880 operibus.
1325 1809 1422 1865 Vel
1476 1828 1570 1880 per
1617 1813 1785 1868 cwlos
1826 1828 1920 1867 eos
1960 1813 2213 1869 homines

2326 1803 2585 1872 στήσουσι
2611 1804 2727 1863 τοῖς
2757 1801 3082 1873 Θαυμασίοις
3114 1802 3296 1870 ῑἔργοις
3328 1818 3420 1853 σου
3452 1800 3685 1865 τούτοις.
3727 1801 3918 1854 Ἀδια-

635 1901 910 1967 intelligit,
936 1904 1028 1968 qui
1060 1902 1283 1970 sapiunt
1308 1901 1580 1964 cmlcstia,
1619 1903 1828 1972 quique
1850 1906 1958 1957 vita
1985 1918 2047 1958 ac
2073 1918 2212 1958 con-

633 1997 944 2051 versatione
975 2010 1071 2050 sua
1101 1996 1314 2050 caeteris
1339 1996 1692 2052 sublimiores
1721 2007 1871 2055 sunt.

713 2176 923 2231 Etenim
971 2179 1247 2232 veritatem
1285 2189 1431 2233 tuam
1479 2180 1533 2233 in
1588 2178 1829 2233 Ecclesia
1881 2192 2213 2238 sanctorum.

633 2269 890 2323 Abundat
927 2270 1094 2322 dietio
1132 2270 1307 2325 Enim.
1346 2271 1780 2326 Conﬁtebunlur
1832 2273 1952 2334 tibi,
2012 2274 2211 2343 inquit,

639 2362 913 2414 mirabilia
951 2373 1066 2422 tua,
1121 2364 1266 2431 quod
1307 2364 1522 2418 scilicet
1571 2362 1899 2418 admiranda
1948 2366 2213 2435 operat-is,

633 2462 688 2508 et
724 2454 1007 2506 veritatem
1042 2463 1213 2517 tuam,
1251 2455 1353 2509 hoc
1392 2462 1496 2519 est,
1529 2455 1676 2524 quod
1704 2471 1864 2512 veras
1898 2471 2021 2511 esse
2049 2457 2215 2512 facies

633 2544 1033 2612 promissiones
1061 2553 1206 2600 tuas.
1247 2547 1425 2614 Atque
1457 2547 1570 2600 haec
1604 2547 1762 2602 laetus
1809 2548 2107 2601 admodum
2150 2562 2214 2603 ac

633 2634 878 2702 gaudens
909 2636 1063 2700 dicit,
1098 2637 1168 2691 ob
1197 2637 1575 2692 admirandam
1603 2638 1869 2693 nimirum
1894 2639 2216 2708 promissio-

637 2740 783 2780 nem.
817 2725 1058 2792 Gratias,
1088 2729 1289 2798 inquit,
1321 2731 1418 2785 tibi
1453 2739 1617 2801 agent
1659 2731 1916 2789 caelestes
1965 2733 2070 2787 illa:
2100 2733 2215 2786 vir-

637 2828 806 2880 tutes.
842 2821 896 2874 in
932 2831 1250 2875 sanctorum
1298 2823 1514 2878 illorum
1548 2823 1815 2890 Ecclesia,
1845 2825 1937 2894 qui
1969 2825 2022 2878 in
2059 2825 2216 2881 coelis

635 2921 785 2966 sntit.
820 2910 1029 2981 Ilujusa
1057 2915 1143 2968 oli
1178 2927 1359 2968 autem
1400 2914 1698 2970 Ecclesiam
1732 2914 1955 2982 Paulus,
1997 2918 2214 2970 Primo-

632 3005 929 3072 gmitorum
967 3005 1257 3061 Ecclesium
1296 3009 1537 3077 appellat
1570 3010 1953 3076 descriptorunt
2008 3011 2064 3063 in
2112 3027 2215 3064 cae-

644 3095 714 3147 lis
738 3097 804 3149 ⁸⁸.
836 3095 990 3162 Quod
1016 3098 1059 3151 si
1087 3098 1241 3166 juxta
1271 3099 1432 3152 aliam
1459 3101 1876 3168 expositionem,
1907 3117 2001 3170 per
2023 3103 2216 3165 caelos,

2324 1896 2504 1966 φόρως
2528 1896 2583 1950 δὲ
2617 1897 2792 1949 κεῖται
2831 1898 2862 1965 ἡ
2905 1894 3000 1947 τοῦ
3053 1893 3607 1964 ἐξομολογήσονται
3633 1894 3914 1958 σύνταξις.

2329 1988 2398 2040 Ἣ
2440 1986 2703 2056 οὐρανοὺς
2741 1985 2850 2038 νόει
2899 2001 2991 2054 μοι
3031 1985 3154 2046 τοὺς
3203 1983 3272 2036 τὰ
3320 1983 3549 2054 οὐράνια
3581 1982 3916 2055 φρονοῦντας

2326 2078 2676 2150 ἀνθρώπους,
2705 2078 2798 2131 καὶ
2818 2077 3055 2146 ὑψηλοὺς
3079 2076 3168 2130 τὸν
3211 2075 3344 2145 βίον.

2397 2171 2508 2227 Καὶ
2531 2172 2640 2241 γὰρ
2667 2167 2783 2237 τὴν
2817 2167 3111 2236 ἀλήθειάν
3139 2183 3256 2220 σου
3282 2166 3352 2220 ἐν
3395 2168 3730 2235 Ἐκκλησία
3743 2168 3912 2236 ἁγίᾳ.

2325 2264 2643 2334 Περιττεύει
2695 2262 2756 2314 τὸ
2815 2261 2967 2330 Γὰρ.
3019 2261 3559 2331 Ἐξομολογήσονται,
3609 2261 3781 2328 φασὶ,
3840 2261 3916 2312 τὰ

2327 2355 2611 2426 θαυμάσιά
2663 2373 2778 2418 σου,
2822 2355 2903 2407 ὅτι
2937 2355 3227 2422 θαυμαστὰ
3269 2356 3463 2419 ποιεῖς,
3511 2353 3605 2406 καὶ
3643 2352 3740 2423 τὴν
3774 2351 3922 2421 ἁλή-

2327 2449 2479 2502 θειὰν
2538 2465 2655 2513 σου,
2709 2448 2792 2500 ὅτι
2850 2445 3140 2512 ἁληθεύεις
3189 2446 3224 2500 ἃ
3272 2445 3606 2515 ἐπαγγέλλῃ.
3654 2444 3815 2510 Λέγει
3854 2444 3917 2495 δὲ

2327 2541 2526 2606 ταῦτα,
2547 2539 2896 2610 ὑπερχαίρων
2926 2543 2990 2609 τῇ
3017 2538 3242 2610 ῥηθείσῃ
3261 2537 3540 2607 θαυμασία
3561 2536 3871 2606 ἐπαγγελίᾳ
3899 2553 3910 2563 ·

2328 2635 2788 2703 εὐχαριστήσουσι
2818 2633 2875 2686 δὲ
2900 2635 2954 2686 αἱ
2989 2633 3085 2703 μὲν
3123 2633 3370 2702 οὐράνιαι
3398 2629 3655 2700 δυνάμεις
3687 2630 3744 2680 ὲν
3786 2628 3915 2680 Ἐκ-

2329 2724 2531 2798 κλησίᾳ
2583 2725 2778 2793 ἁγίων,
2823 2724 2930 2777 τῶν
2984 2726 3041 2776 ὲν
3097 2724 3369 2793 οὐρανοῖς,
3410 2722 3540 2792 περὶ
3592 2718 3658 2792 ἧς
3715 2722 3914 2789 εἴρηκε

2329 2818 2542 2882 Παῦλος
2564 2835 2578 2849 ’
2619 2819 2730 2874 Kal
2759 2819 3093 2886 Ἐκκλησία
3121 2817 3508 2885 πρωτοτόκων
3535 2815 3916 2880 ἀπογεγραμ-

2323 2911 2522 2982 μένων
2568 2911 2645 2980 (4)
2693 2911 2763 2964 ἐν
2807 2909 3104 2978 οὐρανοῖς.
3158 2911 3218 2963 οἱ
3268 2909 3323 2961 δὲ
3369 2907 3763 2978 οὖρανὸιρρονες
3812 2905 3914 2958 ἇν-

2330 3007 2538 3076 ορωποι
2596 3007 2654 3057 ἐν
2725 3004 3027 3074 Ἐκκλησία
3091 3004 3285 3072 ἁγίων,
3339 3002 3447 3054 τῶν
3503 3002 3595 3054 ἐπὶ
3655 3000 3761 3069 γῆς
3825 3002 3917 3053 ἔτι

2329 3098 2569 3163 ζώντων.

635 3199 734 3237 eos
763 3185 1013 3242 homines
1046 3187 1343 3257 intelligas,
1383 3189 1478 3258 qui
1548 3191 1794 3245 caelestia
1842 3191 2087 3262 sapiunt,
2153 3199 2473 3247 sanctorum
2544 3188 2846 3245 Ecclesium
2903 3189 3120 3243 illorum
3176 3200 3297 3241 esse
3365 3184 3666 3240 Ecclesiam
3727 3184 3894 3239 dices

636 3281 730 3348 qui
765 3281 817 3333 in
851 3289 995 3334 terra
1030 3282 1300 3346 viventes,
1350 3282 1655 3336 cmlestium
1677 3283 1997 3352 angelorum
2021 3286 2208 3350 vitam,
2251 3301 2314 3339 ac
2342 3283 2814 3338 conversationem
2843 3283 3148 3335 imitantur.

711 3375 877 3432 Vnus.
907 3380 960 3432 7.
1013 3375 1279 3441 Quoniam
1347 3379 1465 3448 quis
1532 3381 1584 3432 in
1649 3379 1874 3434 nubibus
1930 3379 2301 3449 a’quabilurc

535 3475 543 3483 '
641 3468 922 3523 Domino?
985 3469 1178 3523 similis
1218 3470 1316 3523 erit
1349 3470 1574 3524 Domino
1617 3472 1670 3524 in
1711 3471 1836 3540 ﬁliis
1870 3469 2012 3525 Dei?
2063 3470 2221 3536 Quod

641 3564 729 3615 hic
768 3562 1001 3630 legimus
1038 3564 1101 3616 In
1135 3563 1386 3626 nubibus,
1447 3563 1673 3632 quidatn
1732 3563 2089 3631 interpretes,
2156 3561 2222 3615 In

639 3655 777 3718 alto,
807 3651 1210 3717 reddiderunt;
1239 3654 1352 3719 alii,
1384 3651 1451 3706 In
1485 3654 1612 3706 locis
1646 3653 1967 3708 caelestibus.
2001 3652 2224 3708 Manent

635 3754 822 3799 autem
862 3746 919 3797 in
962 3747 1074 3798 alto
1112 3754 1280 3813 atque
1337 3747 1392 3798 in
1447 3745 1583 3799 locis
1645 3745 1963 3800 caelestibus
2015 3746 2217 3814 angeli.

637 3839 798 3902 Quis,
834 3838 1037 3906 inquit,
1062 3840 1289 3908 angelus
1318 3839 1628 3907 :cq'tabitur
1665 3838 1938 3893 Domino?
1973 3838 2067 3893 Vel
2096 3838 2222 3908 quis

640 3931 786 3982 inter
819 3938 1042 3984 sanctos
1078 3945 1292 3995 omnes,
1327 3931 1378 3984 ei
1435 3933 1640 4002 poterit
1701 3931 2058 4000 comparari?
2118 3930 2224 3986 Per

639 4024 738 4077 Dei
772 4025 917 4077 enim
953 4024 1118 4090 filios,
1154 4037 1378 4080 sanctos
1425 4026 1574 4080 viros
1627 4025 2013 4094 intelligimus,
2065 4027 2222 4096 juxta

638 4117 809 4171 illud:
841 4115 949 4186 Ego
975 4119 1127 4170 dixi:
1158 4117 1241 4169 Dii
1271 4120 1415 4182 estis,
1446 4128 1492 4172 et
1525 4119 1627 4188 ﬁlii
1653 4119 1914 4172 Altissimi
1947 4135 2126 4173 omnes
2153 4118 2221 4173 ⁸⁷.

639 4210 717 4262 Ac
741 4211 784 4263 si
831 4210 1041 4263 diceret
1071 4228 1084 4260 ε
1111 4208 1303 4264 Nullus
1325 4210 1573 4279 profecto
1595 4211 1644 4265 ei
1672 4213 1872 4280 poterit
1891 4211 2218 4280 comparari.

642 4301 724 4356 Tn
793 4304 937 4354 enim
989 4303 1189 4368 factor,
1228 4304 1304 4356 illi
1359 4313 1540 4358 autem
1588 4303 1823 4358 factura.
1869 4304 2065 4357 Verum
2111 4304 2223 4358 haec

641 4390 914 4460 Propheta
951 4409 1056 4445 non
1095 4391 1228 4446 dicit
1258 4401 1317 4446 ut
1353 4403 1640 4462 comparet
1676 4391 1788 4448 Deo
1823 4393 2095 4455 homines,
2125 4391 2220 4446 sed

641 4484 845 4536 idioma
870 4483 1199 4539 llebraicum
1225 4492 1479 4549 secutus,
1508 4499 1569 4539 ex
1606 4485 1708 4538 hac
1768 4485 2224 4540 dissimilitudine

639 4574 737 4628 Dei
771 4577 1155 4630 excellentiam
1199 4575 1560 4641 demonstrat,
1590 4590 1827 4643 eumque
1862 4573 2071 4638 laudat,
2109 4574 2224 4626 vel-

642 4669 719 4720 uti
770 4671 859 4736 qui
893 4684 1090 4738 magna
1120 4669 1368 4738 quazdam
1405 4685 1468 4722 ac
1524 4671 1790 4724 salutaria
1828 4671 2105 4739 pollicitus
2130 4672 2219 4724 sit.

2406 3381 2536 3433 ’Ὁτι
2583 3381 2676 3446 τίς
2712 3380 2783 3433 ἐν
2827 3382 3110 3446 νεφέλαις
3167 3373 3530 3440 ίσωθήσεται
3570 3373 3648 3438 τῷ
3675 3374 3918 3439 Κυριῳ;

2337 3472 2803 3544 Ὅμοιωθήσεται
2863 3469 2942 3535 τῷ
2971 3469 3168 3537 Κυρίῳ
3191 3469 3260 3521 ἐν
3286 3467 3438 3532 υἱοῖς
3469 3466 3616 3522 Θεοῦ
3642 3482 3661 3530 ;
3693 3465 3766 3520 Τὸ
3805 3468 3918 3522 Ἐν

2327 3569 2636 3638 νεφέλαις,
2683 3567 2786 3618 Ἐν
2830 3564 2972 3633 ὕψει
3006 3563 3148 3622 τινὲς
3183 3561 3488 3628 ἐξέδωκαν·
3525 3559 3674 3613 ἄλλοι
3707 3558 3760 3612 δὲ
3803 3560 3917 3612 ‘Er

2326 3657 2632 3728 οὐρανίοις
2668 3659 2874 3719 τόποις
2900 3673 2912 3686 ·
2944 3656 3001 3708 ἐν
3045 3654 3168 3723 ὕψει
3201 3654 3255 3707 δὲ
3299 3653 3395 3707 καὶ
3429 3656 3486 3706 ἐν
3514 3654 3785 3724 οὐρανίοις
3817 3655 3915 3705 τό.

2328 3772 2451 3816 ποις
2483 3754 2620 3806 εἰσὶν
2644 3752 2693 3804 oi
2727 3750 2970 3819 ἄγγελοι.
3002 3749 3167 3816 Λέγει
3199 3748 3379 3801 τοίνυν
3407 3765 3421 3779 ο
3451 3750 3534 3803 ὃτι
3564 3748 3656 3811 Τίς
3676 3747 3915 3816 ἄγγελος

2333 3845 2663 3914 ἰσωθήσεται
2694 3842 2770 3910 τῷ
2800 3841 2991 3911 Κυρίῳ
3018 3883 3032 3906 ,
3060 3841 3091 3911 ἧ
3120 3841 3202 3903 τίς
3231 3841 3288 3893 ὲν
3307 3839 3481 3909 ἁγίοις
3506 3840 3913 3909 ὁμοιωθήσεται

2327 3933 2516 4005 alarii);
2547 3933 2706 3995 Υίοῦς
2737 3930 2846 3999 γὰρ
2874 3929 3006 3982 Θεοῦ
3041 3928 3166 3992 τοὺς
3199 3928 3475 3992 τοιούτους
3535 3929 3912 3997 ὑποληπτέον,

2329 4028 2471 4082 κατὰ
2509 4026 2590 4092 τὸ,
2648 4023 2797 4093 Ἐγὼ
2830 4021 3006 4077 εἶπαο
3029 4021 3157 4078 Θεοί
3190 4023 3362 4076 ἐστε·
3397 4021 3566 4086 ὅντως
3613 4021 3810 4088 οὐδεὶς,
3841 4026 3910 4078 σὺ

2333 4124 2433 4191 μὲν
2455 4121 2563 4189 γὰρ
2599 4119 2829 4188 ποιητής
2858 4134 2868 4146 ⁸
2904 4109 3049 4170 οὗτοι
3087 4117 3142 4169 δὲ
3189 4120 3492 4185 ποιήματα.
3528 4116 3642 4185 Οὐχ
3663 4117 3740 4178 ὡς
3773 4132 3910 4183 συγ-

2329 4211 2532 4280 κρίνων
2561 4209 2617 4261 δὲ
2648 4209 2808 4262 τοῦτό
2839 4227 3022 4279 φησιν,
3073 4206 3192 4259 ἀλλ’
3227 4207 3423 4278 ἰδίωμα
3482 4209 3572 4261 καὶ
3602 4206 3764 4260 τοῦτο
3802 4209 3903 4276 τῆς

2340 4300 2641 4371 Ἐὄραῖδος,
2673 4300 2780 4353 ἀπὸ
2823 4300 2920 4370 τῆς
2950 4293 3354 4370 ἆνομοιότητος,
3392 4299 3664 4368 ὑπεροχὴν
3699 4302 3901 4370 προσά-

2328 4409 2446 4460 γειν
2467 4390 2606 4460 Θεῷ.
2646 4391 2776 4444 ’Υπε
2788 4393 2980 4461 ρυμνεῖ
2996 4391 3050 4445 δὲ
3074 4391 3260 4455 αὐτὸν,
3282 4391 3355 4453 ὡς
3379 4392 3591 4459 μεγάλα
3611 4394 3705 4444 καὶ
3731 4395 3898 4459 σωτήο

2331 4501 2420 4554 ρια
2469 4484 2963 4553 ἐπαγγειλάμενον.
3009 4483 3194 4537 Ἐςικε
3237 4482 3293 4537 δὲ
3343 4484 3421 4554 τῷ
3465 4484 3612 4555 λόγῳ
3657 4487 3739 4536 καὶ
3781 4486 3837 4534 τό
3867 4500 3886 4519 ο

2331 4578 2479 4630 Οὔτε
2500 4577 2772 4646 ἅγγελος,
2789 4579 2898 4631 οὐκ
2913 4577 3245 4646 ἅνθρωπος,
3266 4578 3402 4632 ἀλλ’
3423 4581 3607 4646 αὐτὸς
3635 4584 3661 4633 ὁ
3680 4579 3879 4645 Κύριος

2329 4668 2570 4720 ἔσωσεν
2594 4667 2774 4737 ἡμᾶς.

640 4768 742 4820 llis
799 4777 977 4820 autem
1043 4769 1231 4822 verbis
1289 4770 1377 4822 illa
1416 4769 1661 4836 Apostoli
1693 4769 1850 4824 valde
1887 4769 2085 4822 similia
2120 4777 2271 4830 sunt,
2314 4764 2463 4837 quod
2507 4782 2667 4835 neque
2708 4768 2944 4834 angelus,
3008 4783 3166 4836 neque
3207 4766 3383 4831 ltomo,
3441 4768 3531 4820 sed
3579 4768 3690 4838 ipse
3769 4764 3902 4820 Deus

640 4863 861 4918 calcavit
884 4881 976 4916 nos
1000 4863 1066 4916 ".

716 4955 882 5010 Vnus.
919 4957 972 5010 8.
1015 4957 1157 5010 Deus
1185 4957 1273 5026 qui
1301 4957 1636 5026 gloriﬁcatur
1671 4960 1725 5012 in
1755 4960 1978 5012 consilio
2005 4968 2216 5012 sancto-
2250 4964 2296 5018 ο

642 5065 784 5113 rum,
826 5065 1050 5119 magnus
1078 5061 1122 5102 et
1159 5051 1412 5104 terribilis
1471 5063 1545 5105 est
1579 5069 1736 5119 super
1781 5069 1976 5116 omnes,
2029 5052 2117 5121 qui
2168 5054 2222 5105 in

641 5143 869 5196 circuitu
899 5142 1012 5210 ejus
1036 5152 1180 5195 sunt.
1215 5141 1320 5195 Per
1364 5143 1662 5196 consilium
1705 5144 1809 5197 hoc
1845 5145 1900 5197 in
1943 5145 2063 5197 loco
2088 5158 2223 5197 con—

643 5235 1024 5304 gregationem
1081 5242 1135 5289 et
1173 5236 1468 5289 concilium
1510 5237 1790 5306 intelligit,
1828 5245 1885 5289 ut
1939 5238 1992 5290 in
2045 5236 2223 5305 primo

642 5329 811 5380 etiam
868 5327 1111 5382 diximus
1166 5329 1400 5397 psalmo.
1474 5329 1532 5382 ln
1591 5330 2018 5400 congregatione
2077 5329 2222 5381 enim

715 5509 761 5542 "
795 5508 932 5562 Dan.
961 5525 1058 5574 νιι,
1099 5509 1181 5564 14.

1262 5511 1307 5541 ⁸⁸
1344 5509 1511 5566 llebr.
1574 5525 1668 5574 κη,
1729 5509 1818 5563 25.
1897 5508 1939 5539 ‘7
1980 5507 2124 5562 Psal.
2167 5522 2350 5571 mm,
2385 5505 2440 5560 6.

2408 4954 2471 5009 '0
2513 4955 2654 5018 Θεὸς
2678 4951 3141 5020 ἐνδοξαζόμενος
3169 4949 3239 5004 ἐν
3257 4948 3461 5018 ,βουλῇ
3487 4949 3690 5017 ἁγίων,
3719 4951 3910 5017 μέγας

2324 5050 2422 5104 καὶ
2459 5046 2712 5117 φοϐερός
2744 5046 2916 5098 ἐστιν
2938 5043 3035 5097 ἐπὶ
3076 5043 3312 5106 πάντας
3340 5041 3483 5107 τοὺς
3519 5042 3655 5108 περὶ
3700 5043 3908 5105 κύκλῳ

2326 5141 2534 5198 αὑτοῦ.
2569 5140 2774 5208 Βουλὴν
2806 5138 3043 5192 ἐνταῦθα
3091 5138 3180 5191 τὸν
3222 5136 3501 5205 σύλλογον,
3533 5137 3593 5190 τὸ
3625 5137 3910 5204 συνέδριον

2325 5236 2434 5288 τῶν
2482 5235 2650 5299 ἁγίων
2685 5233 2988 5301 ὠνόμασεν,
3048 5233 3123 5293 ὡς
3161 5231 3253 5284 καὶ
3287 5233 3342 5284 ἐν
3377 5229 3453 5300 τῷ
3480 5229 3681 5301 πρώτῳ
3703 5229 3907 5298 ψαλμῷ

2330 5327 2704 5397 παραδίδοται.
2749 5327 2833 5377 Ἐν
2865 5329 2930 5394 τῇ
2965 5328 3256 5394 συναγωγῇ
3291 5325 3396 5394 γὰρ
3423 5325 3527 5378 τῶν
3556 5322 3725 5390 ἁγίων
3750 5322 3907 5387 δοξα-

2517 5506 2559 5535 ‘”
2593 5504 2758 5560 llebr.
2815 5521 2872 5570 tt,
2911 5505 2993 5559 l6.

2039 5633 2239 5692 Varia:
2283 5631 2616 5694 lectiones.

714 5730 789 5797 (4)
813 5731 1036 5785 Videtur
1069 5733 1309 5786 nonnihil
1343 5733 1600 5788 aberrare
1643 5733 1706 5785 ab
1733 5735 1978 5787 auctoris
2009 5745 2195 5786 sensu.

639 5800 826 5856 Cra:cc
862 5802 1178 5872 simpliciter
1214 5823 1224 5855 :
1269 5803 1519 5857 Hotuines
1554 5821 1674 5858 ιρι-ο
1730 5806 1819 5873 qui
1848 5806 2075 5858 caﬂcstiu
2117 5822 2203 5858 sa-

2314 5733 2460 5801 piqu
2496 5732 2724 5800 (gratias
2761 5740 2914 5798 agent
2953 5735 3082 5801 Deo)
3118 5732 3166 5782 in
3195 5728 3431 5784 Ecclesia
3466 5748 3770 5786 sanctorum
3805 5737 3900 5801 qu'

2315 5807 2484 5856 rulime
2517 5805 2569 5856 in
2610 5815 2749 5856 terra
2781 5815 2977 5857 vtvunt.
