4194 6302
419 410 539 475 905

1591 412 1975 471 COMMENT.
2016 412 2096 470 IN
2140 410 2497 471 PSALMOS.

3582 408 3686 471 906

431 527 590 588 ζεται
636 524 728 577 καί
767 524 1020 594 ὑμνεῖται
1062 525 1092 578 ὁ
1120 524 1274 588 Θεός.
1309 525 1447 593 Φησὶ
1474 525 1673 592 τοίνυν,
1717 526 1800 578 ὅτι
1830 526 2011 589 ὁθεὸς

2118 534 2437 579 sanctorum
2485 523 2825 593 glorii‘ii-atur
2868 530 2919 575 ιιι
2953 522 3209 575 laudatur
3246 520 3408 573 Deus.
3462 520 3545 571 Ait
3588 519 3702 586 igi—

437 617 853 687 ὲνδοξαζὸμενος
918 619 1058 689 αὐτῇ
1113 619 1288 688 μέγας
1356 618 1449 671 καὶ
1484 617 1716 688 φοϐερός
1751 620 1866 671 ἐστι
1898 618 2012 679 τοῖς

438 714 655 782 ἁγίοις·
697 709 841 769 οὗτοι
900 714 1013 785 γὰρ
1067 715 1228 783 πέριξ
1294 714 1461 768 αὑτοῦ
1506 714 1910 785 πλησιάσαντες
1944 712 2012 765 δι’

434 805 763 871 οἱκειὼσεως
794 807 1026 875 ἀρετῶν·
1060 807 1237 876 μέγας
1264 806 1320 860 δὲ
1348 807 1685 876 καὶςοϐερὸς
1706 807 1906 868 αὐτοῖς,
1938 806 2014 868 ὡς

438 900 685 971 ἀκριϐῶς
713 901 1103 971 ἐπισταμένοις
1134 900 1232 970 τὴν
1267 901 1545 973 ὑπεροχὴν
1570 901 1759 956 αὐτοῦ.
1797 901 2015 969 ’Δγίους

433 990 492 1044 δὲ
536 990 764 1060 λέγομεν
822 995 917 1044 καὶ
972 991 1071 1055 τὰς
1120 993 1409 1063 οὐρανίους
1450 994 1731 1062 δυνάμεις,
1781 994 1838 1047 αἳ
1884 994 2015 1064 περὶ

433 1084 567 1138 Θεὸν
590 1085 790 1156 ὁμοίως
839 1085 1002 1140 εἰσίν.

440 1350 653 1423 Ἑτέρα
704 1352 990 1424 ἑρμηνεία
1028 1357 1114 1421 είς
1145 1357 1214 1409 τό
1242 1373 1255 1385 ·
1285 1356 1496 1421 Πάντας
1526 1357 1652 1420 τοὺς
1675 1355 1805 1426 περὶ
1834 1356 2019 1423 κύκλῳ

1134 1448 1327 1502 αὐτοῦ.

517 1539 576 1592 ‘0
611 1540 987 1611 κυκλούμενος
1019 1542 1250 1595 ἐνώπιον
1282 1542 1374 1596 καὶ
1406 1542 1584 1596 ὀπίσω
1614 1542 1709 1594 καὶ
1765 1544 1823 1594 ὲν
1869 1541 2020 1612 δεξιᾷ

428 1636 533 1687 καὶ
564 1636 622 1687 ὲν
655 1637 924 1707 ἀριστερᾷ
980 1637 1096 1707 ἔχει
1126 1636 1253 1700 τοὺς
1292 1635 1629 1700 κυκλοῦντας
1658 1637 1821 1689 αὐτόν
1850 1655 1860 1666 ·
1897 1638 2019 1687 ἐπεὶ

427 1728 615 1781 τοίνυν
643 1731 735 1780 καὶ
758 1730 786 1781 ὁ
807 1727 941 1791 Θεὸς
966 1728 1079 1798 ἔχει
1106 1730 1232 1791 sou;
1255 1727 1585 1789 κυκλοῦντας
1621 1728 1785 1780 αὑτὸν
1803 1725 2017 1796 ἀνθρὼ-

430 1839 598 1887 πους,
652 1820 829 1875 ὀπίσω
868 1822 967 1890 μὲν
1012 1821 1405 1893 ὑποληψόμεθα
1446 1821 1573 1884 τοὺς
1616 1821 1704 1874 διὰ
1756 1822 1855 1890 τῆς
1881 1837 2020 1888 πρα-

2122 632 2231 683 tur,
2277 620 2421 688 quod
2462 616 2602 670 Deus
2629 616 2681 669 in
2716 616 2806 668 illa
2834 616 3282 684 congregatione,
3326 622 3377 667 ct
3409 612 3687 680 gloriﬁca-

2118 719 2231 774 tus.
2259 718 2314 765 et
2352 725 2584 779 magnus
2614 719 2717 771 est,
2748 717 2801 761 et
2829 708 3109 769 terribilis,
3144 708 3245 760 hoc
3272 719 3378 767 est,
3415 706 3692 759 timendus

2117 802 2286 857 abiis
2343 803 2578 863 sanctis,
2629 801 2723 869 qui
2787 800 3222 868 circumquaque
3276 813 3369 867 per
3428 800 3690 850 virtutum

2102 898 2474 967 adeptionem
2508 896 2557 950 ei
2595 895 3024 965 propinquiores
3054 894 3210 946 fiunt.
3241 891 3470 961 Magnus
3513 904 3692 943 autem

2117 999 2172 1045 ct
2206 990 2484 1043 timendus
2516 998 2601 1042 est
2630 986 2776 1043 Deus
2810 989 2898 1042 his
2946 986 3178 1046 sanctis.
3214 987 3339 1054 quia
3376 985 3523 1038 illius
3555 987 3693 1037 cini-

2118 1082 2361 1135 nentiam
2396 1095 2459 1134 ac
2494 1080 2792 1149 potentiam
2824 1080 3032 1147 Optime
3057 1088 3416 1150 cognoscunt.
3444 1077 3544 1132 Per
3569 1094 3697 1131 san-

2119 1183 2241 1227 ctos
2277 1174 2443 1226 etiam
2504 1172 2757 1231 cmlestes
2807 1171 3040 1241 intelligi
3102 1179 3338 1240 possunt
3395 1177 3700 1239 potestates

2120 1281 2242 1334 qua:
2273 1279 2491 1333 semper
2507 1265 2653 1316 circa
2679 1278 2801 1317 eum
2834 1271 2983 1317 sunt.

2120 1358 2239 1412 Atia
2261 1358 2627 1425 interpretatio
2648 1357 2699 1409 in
2730 1373 2791 1409 ea
2824 1360 3003 1409 verba:
3032 1353 3237 1412 Omnes
3260 1358 3352 1427 qui
3384 1359 3435 1410 in
3454 1356 3694 1411 circuitu

2756 1450 2878 1518 ejus
2907 1459 3058 1506 Sunt.

2190 1541 2484 1615 [Legimus
2514 1543 2679 1596 etiam
2717 1544 2859 1612 apud
2893 1551 3152 1598 sanctum
3199 1542 3519 1615 niaximum]
3548 1544 3693 1613 quod

2122 1637 2211 1691 ille
2243 1636 2444 1689 dicitur
2472 1637 2873 1703 circumdatus,
2907 1637 2998 1706 qui
3028 1652 3238 1700 coram,
3274 1648 3441 1700 retro,
3468 1638 3533 1690 ad
3560 1638 3694 1691 dex-

2121 1736 2321 1788 teram,
2358 1736 2527 1795 atque
2566 1727 2631 1782 ad
2668 1728 2978 1789 sinistram.
3031 1729 3250 1797 aliquos
3289 1729 3449 1797 quasi
3502 1729 3557 1781 in
3590 1730 3697 1783 cir-

2121 1821 2250 1876 culo
2278 1820 2462 1875 habet.
2490 1819 2763 1885 Quoniam
2818 1821 2986 1891 igitur
3016 1821 3158 1877 Deus
3203 1821 3256 1875 in
3305 1820 3540 1875 circuitu
3592 1836 3696 1876 suo

428 1915 632 1984 κτικῆς
675 1913 881 1984 ἀρετῆς
925 1913 1357 1977 ἀκολουθοῦντας
1401 1913 1581 1983 αὐτῷ,
1664 1914 1723 1964 ὲν
1752 1912 2014 1982 ἀριστερᾷ

2123 1910 2326 1963 habere
2367 1911 2569 1964 multos
2597 1912 2802 1964 dicitur
2843 1912 2934 1981 qui
2968 1928 3094 1967 eum
3126 1913 3472 1967 circumdant
3505 1930 3520 1967 :
3549 1923 3697 1967 retro

428 2006 495 2058 δὲ
536 2007 663 2070 τοὺς
706 2004 806 2075 τὴν
840 2006 1081 2076 φυσικὴν
1107 2005 1341 2076 Θεωρίαν
1378 2006 1766 2076 πνευματικῶς
1806 2020 2007 2071 κατορο

430 2100 662 2163 θοῦντας
685 2115 700 2131 ’
729 2102 864 2171 φησὶ
898 2105 1007 2173 γὰρ
1044 2103 1173 2171 περὶ
1211 2101 1313 2170 τῆς
1350 2101 1542 2170 σοφίας
1595 2101 1628 2167 ἠ
1665 2099 1774 2152 τῶν
1812 2100 2014 2167 Παροι-

435 2192 581 2263 μιῶν
611 2191 791 2262 βίϐλος
814 2209 827 2223 ·
864 2192 968 2246 Ἐν
997 2192 1066 2247 δὲ
1095 2192 1171 2260 τῇ
1203 2192 1488 2261 ἀριστερᾷ
1516 2191 1707 2258 αὐτῆς
1757 2191 2018 2256 πλοῦτος

433 2282 538 2336 καί
566 2282 735 2348 δόξα.
780 2287 868 2339 Ἑν
895 2286 953 2339 δὲ
984 2288 1049 2356 τῇ
1078 2285 1230 2356 δεξιᾷ
1265 2285 1360 2339 τοῦ
1403 2283 1536 2338 Θεοῦ
1581 2284 1823 2353 νοηθεῖεν
1857 2282 1923 2336 ἂν
1966 2282 2015 2333 οἱ

433 2375 689 2445 καθαρὰν
739 2377 1005 2448 αἰσθητῆς
1048 2379 1352 2448 φαντασίας
1384 2378 1671 2448 δεχόμενοι
1720 2377 1819 2446 τὴν
1852 2375 2014 2429 ἆῦλον

430 2464 640 2532 γνῶσιν
712 2471 809 2520 καὶ⁵
865 2469 1098 2539 θεωρίαν
1161 2470 1266 2524 τῶν
1317 2469 1521 2540 νοητῶν
1558 2487 1573 2504 ·
1648 2470 1752 2523 Ἑν
1780 2468 1888 2538 γὰρ
1940 2466 2014 2534 τῇ

428 2555 630 2623 δεξιᾷ,
671 2560 863 2625 φησὶν,
888 2558 1077 2627 αὐτῆς
1111 2562 1215 2627 ἐτη
1242 2560 1391 2628 ζωῆς
1413 2578 1425 2592 ο
1461 2560 1693 2613 ἐνώπιον
1743 2559 1799 2612 δὲ
1844 2561 1892 2611 oi
1926 2556 2013 2610 διὰ

433 2647 668 2719 σφοδρὸν
713 2648 892 2718 ἔρωτα
947 2650 1041 2703 τοῦ
1095 2651 1242 2705 θείου
1293 2652 1527 2715 κάλλους
1571 2649 1884 2720 ἀξιούμενοι
1914 2647 2014 2716 τῆς

433 2743 732 2812 πρόσωπον
782 2744 918 2816 πρὸς
966 2748 1263 2816 πρόσωπον
1300 2746 1675 2812 ἀπολαύσεως,
1725 2746 1818 2798 καὶ
1861 2741 2013 2797 θεού-

436 2850 613 2901 μενοι.

2123 2003 2340 2071 ιιιιίιιοιη
2371 2018 2471 2058 eos
2501 2018 2627 2058 esse
2684 2004 3070 2074 intelligimus,
3133 2007 3226 2075 qui
3286 2023 3384 2077 per
3430 2010 3693 2063 virtutem

2124 2094 2273 2147 illam
2304 2110 2429 2148 eum
2469 2106 2799 2165 sequuntur,
2845 2113 2967 2166 qme
3015 2101 3082 2152 ad
3122 2101 3372 2156 actiones
3409 2101 3645 2171 pertinet
3680 2123 3692 2157 :

2124 2188 2189 2241 ad
2225 2189 2511 2243 sinistram
2553 2205 2682 2244 vero
2736 2191 2882 2256 illos,
2935 2193 3028 2260 qui
3083 2194 3393 2246 naturalem
3456 2195 3698 2261 philoso-

2126 2282 2313 2347 phiam
2344 2281 2588 2351 ilirigunt
2621 2283 2686 2335 ad
2735 2283 3044 2351 spiritualia
3078 2300 3094 2341 :
3134 2286 3203 2339 de
3248 2287 3516 2355 sapientia
3547 2289 3693 2342 enim

2118 2376 2174 2427 in
2206 2374 2633 2430 Proverhiorum
2665 2376 2805 2431 libro
2837 2377 3041 2431 dicitur
3070 2398 3082 2433 :
3116 2377 3180 2432 In
3204 2380 3426 2434 sinistra
3458 2381 3573 2450 ejus
3608 2383 3678 2434 di—

2119 2467 2261 2521 vitiae
2290 2476 2343 2521 et
2373 2466 2550 2536 gloria
2575 2467 2640 2522 δ’.
2673 2468 2752 2521 Ad
2796 2468 3073 2523 dexteram
3110 2470 3278 2524 etiam
3333 2470 3427 2525 Dei
3459 2486 3583 2526 esse
3616 2474 3691 2525 illi

2121 2560 2463 2631 intelligendi
2498 2568 2657 2624 sunt,
2690 2562 2785 2631 qui
2817 2562 3263 2615 immaterialium
3306 2572 3469 2633 atque
3496 2565 3659 2617 invisi
3690 2597 3694 2601 ς

2119 2650 2313 2705 bilium
2356 2666 2539 2705 rerum
2578 2651 2951 2722 cognitionem
2986 2653 3054 2705 ab
3078 2653 3227 2706 omni
3257 2654 3502 2708 sensit-.ili
3530 2663 3695 2723 atque

2119 2741 2334 2796 carnali
2370 2742 2758 2810 phantasmate
2792 2759 2989 2814 puram
3035 2760 3098 2797 ac
3150 2748 3405 2799 mundam
3442 2762 3696 2816 θυεερ-ριξ-

2119 2841 2248 2888 ι·υηῑ
2287 2851 2299 2887 :
2338 2828 2404 2886 In
2435 2833 2651 2885 dextera
2682 2832 2855 2897 enim,
2897 2835 3096 2902 inquit,
3138 2836 3254 2903 ejus
3298 2840 3423 2890 anui
3456 2839 3573 2892 vim:
3606 2839 3692 2892 '°:

432 2940 623 2979 coram
655 2927 767 2983 Deo
827 2930 994 2985 etiam
1063 2929 1189 2985 illos
1266 2944 1392 2985 esse
1447 2929 1719 2990 dicemus,
1779 2923 1868 2994 qui
1952 2922 2024 2976 ob
2090 2921 2421 2975 immensum
2498 2921 2701 2975 divina:
2760 2924 3189 2992 pulchritudinis
3252 2942 3491 2983 amorem
3547 2930 3693 2998 digni

431 3016 612 3074 cheCti
644 3030 793 3087 sunt,
842 3034 897 3076 ut
930 3032 1193 3093 perpetuo
1226 3024 1316 3078 Dei
1351 3020 1607 3078 fruantur
1661 3024 1987 3088 conspectu,
2027 3010 2167 3069 facie
2193 3013 2261 3069 ad
2296 3012 2493 3068 faciem
2572 3014 2727 3068 illum
2803 3014 3102 3082 intuentes,
3183 3025 3237 3071 et
3290 3019 3698 3090 quodammodo

439 3110 544 3181 ipsi
578 3112 782 3179 pariter
822 3114 1002 3171 eﬂ'ecti
1035 3117 1129 3171 dii.

510 3174 688 3273 dels
726 3209 758 3260 ὁ
782 3208 923 3273 Θεὸς
946 3205 1065 3260 τῶν
1095 3188 1430 3280 δυνάμεωιθ.
1465 3209 1695 3279 Εἴρηται
1722 3210 1781 3260 ἐν
1812 3205 1891 3276 τῷ
1921 3174 2029 3272 τιγ⁹⁷

438 3297 663 3368 ψαλμῷ.

2194 3197 2361 3251 Vens.
2390 3196 2443 3252 9.
2471 3194 2695 3251 Domine
2727 3195 2868 3251 Deus
2884 3196 3159 3251 rirtutum.
3185 3196 3503 3270 Huiusmodi
3531 3210 3694 3263 verba

2123 3285 2556 3358 exposuimusin
2592 3288 2801 3356 psalmo
2836 3296 3061 3341 nsunt.

513 3388 614 3456 Τίς
645 3389 847 3459 ὅμοιός
887 3404 987 3445 σοι
1013 3408 1033 3456 ;
1068 3423 1137 3433 -—
1172 3395 1266 3460 Τίς
1295 3395 1494 3463 ὅμοιος
1530 3409 1664 3458 σοι,
1699 3393 2014 3462 συνεχέστε-

2198 3376 2326 3442 Quia
2359 3376 2553 3433 similis
2585 3377 2727 3429 tibi?
2759 3376 3114 3446 (ilujusmodi
3162 3380 3327 3434 etiam
3369 3386 3692 3441 sententiam

444 3498 537 3551 ρον
568 3483 809 3551 ἐπιλέγει
855 3485 955 3537 οὐκ
986 3485 1231 3552 ἐρωτῶν,
1278 3487 1395 3539 ἀλλ’
1424 3487 1890 3557 ἐκπληττόμενος,
1923 3484 2017 3537 καὶ

442 3576 503 3627 τὸ
532 3577 929 3649 ἀπαθάϐλητον
956 3577 1125 3631 αὐτοῦ
1154 3579 1426 3633 διδάσκων
1451 3580 1623 3649 ἡμᾶς.

511 3843 777 3911 ιὐνατὸς
845 3839 920 3909 εἴ,
983 3844 1181 3912 Κύριε.
1243 3842 1479 3906 Δυιατὸς
1511 3842 1812 3913 ποιῆσαι,ἂ
1844 3844 2016 3909 ἐπαγ-

438 3935 605 4008 γέλλῃ
624 3950 638 3966 ⁸
665 3939 762 3990 καὶ
794 3935 1030 3990 πιστεύω
1052 3934 1260 4002 λοιπὸν,
1286 3935 1369 3988 ὅτι
1394 3936 1733 4006 γενήσονται.

513 4121 621 4171 Ka.
679 4118 717 4185 ἠ
759 4116 1013 4186 ἀλήθειά
1047 4131 1165 4170 σου
1218 4117 1432 4183 κύκλῳ
1460 4132 1599 4170 σου.
1648 4116 1723 4169 Οὐ
1777 4116 1939 4185 μόνον
1968 4110 2019 4169 εῐ

436 4210 686 4274 δυνατὸς,
710 4210 846 4263 άλλά
881 4209 973 4262 καὶ
1001 4208 1212 4278 ἀληθής
1235 4223 1253 4241 ο
1285 4210 1381 4263 καὶ
1417 4208 1573 4278 δίκην
1616 4208 1835 4276 ἱματίου
1862 4224 1924 4258 πε
1937 4209 2015 4276 ρί-

438 4298 706 4369 σέὸλησαι
738 4299 837 4369 τὴν
866 4299 1148 4370 ἀλήθειαν,
1200 4300 1296 4352 καὶ
1326 4298 1510 4366 κύκλῳ
1547 4316 1639 4351 σου
1670 4294 1825 4362 οὖσα,
1864 4298 2015 4351 οὐδέ-

438 4392 572 4445 ποτέ
634 4407 729 4445 σου
768 4391 1069 4461 ἀφίσταται
1102 4405 1117 4421 ·
1164 4390 1421 4460 ἐμφαίνει
1466 4390 1525 4444 δὲ
1578 4388 1755 4450 τοῦτο.
1796 4391 1880 4444 ὅτι
1929 4389 2015 4441 ἀεὶ

438 4484 606 4553 άληθε
617 4482 750 4549 ὐεις.

506 4576 592 4631 Σὺ
622 4575 934 4641 δεσπόζεις
965 4575 1070 4630 τοῦ
1096 4577 1354 4644 κράτους
1386 4576 1498 4643 τῆς
1530 4575 1873 4643 θαλάσσης,
1906 4577 2015 4630 τὸν

433 4668 503 4723 δὲ
537 4668 734 4723 σάλον
758 4667 877 4721 τῶν
902 4668 1178 4737 κυμάτων
1213 4670 1404 4733 αὐτῆς
1431 4668 1514 4723 σὺ
1553 4670 2008 4737 καταπραΰνεις.

2125 3470 2320 3523 crebro
2355 3469 2603 3523 invenies
2644 3468 2787 3534 apud
2829 3468 3049 3523 beatum
3082 3470 3298 3535 David.)
3327 3471 3476 3528 Dicta
3509 3490 3693 3533 autem

2122 3574 2255 3616 sunt
2313 3578 2422 3615 non
2480 3569 2540 3615 ut
2598 3563 2988 3632 interregarct,
3051 3566 3146 3619 svd
3203 3568 3372 3623 veluti
3436 3568 3695 3640 obstupe-

2120 3668 2305 3718 sccns,
2344 3663 2404 3707 ut
2429 3668 2529 3708 nos
2564 3654 2668 3709 lzoc
2711 3664 2875 3724 pacto
2911 3655 3058 3710 illius
3096 3658 3692 3727 incomparabilitatem

2118 3745 2363 3802 doceret.

2198 3838 2389 3892 Potens
2416 3854 2500 3903 es,
2529 3836 2772 3892 Domine.
2808 3836 2879 3893 Ut
2910 3837 3107 3902 facias,
3139 3857 3258 3909 qum
3284 3844 3566 3916 pollicitus
3612 3861 3695 3914 es,

2123 3931 2267 3984 unde
2312 3929 2481 3985 etiam
2539 3937 2708 3986 credo
2760 3939 2814 3985 te
2860 3932 3046 3987 omnia
3102 3933 3362 4005 deinceps
3418 3939 3696 4007 perfectu-

2122 4037 2263 4076 rum.

2196 4113 2265 4167 Et
2296 4116 2485 4169 ueritas
2508 4124 2600 4168 tua
2641 4116 2695 4168 in
2724 4115 2953 4168 circuitu
2996 4125 3106 4172 tuo.
3137 4118 3262 4171 Non
3282 4120 3457 4173 solum
3495 4133 3692 4192 potens

2119 4225 2201 4273 es,
2241 4209 2335 4263 sed
2377 4224 2544 4263 verax
2590 4209 2779 4264 etiam.
2817 4209 3112 4265 Veritatem
3178 4213 3325 4266 enim
3383 4213 3606 4272 indutus
3632 4234 3694 4272 es

2122 4301 2298 4355 instar
2326 4301 2545 4362 vestis,
2591 4314 2714 4367 qua:
2760 4300 3196 4370 circumquaque
3232 4316 3299 4356 ex
3339 4304 3489 4357 omni
3542 4318 3694 4375 parte

2122 4393 2396 4463 hominem
2428 4393 2611 4461 operit
2645 4407 2659 4443 :
2690 4407 2812 4462 qua:
2847 4392 3013 4447 verba
3053 4392 3187 4447 illud
3241 4394 3499 4451 videntur
3543 4397 3693 4452 indi-

2121 4501 2268 4548 care,
2303 4483 2446 4553 quod
2476 4486 2619 4538 Deus
2644 4500 2861 4551 semper
2900 4500 3061 4539 verax
3094 4494 3201 4540 est.

2212 4574 2378 4630 Vens.
2416 4575 2503 4629 10.
2536 4575 2609 4629 Tu
2641 4575 2941 4631 dominaris
2972 4579 3222 4643 potestati
3252 4594 3437 4643 maris,
3492 4593 3691 4637 motum

2120 4679 2296 4722 autem
2332 4670 2593 4738 ﬂuctuum
2618 4670 2734 4738 ejus
2767 4679 2825 4723 tu
2878 4670 3115 4739 mitigas.
3143 4669 3474 4725 Potestatem
3522 4674 3691 4728 maris

442 4762 658 4829 Κράτος
692 4759 971 4830 θαλάσσης
1019 4762 1051 4829 ἡ
1094 4760 1184 4830 βία
1232 4761 1339 4814 τῶν
1388 4763 1649 4831 κυμάτων
1697 4760 1888 4830 αὐτῆς.
1936 4761 2009 4813 Σὺ

2123 4762 2393 4815 undarum
2420 4761 2739 4815 violentiam
2786 4761 3048 4830 appellat.
3103 4760 3183 4814 Tu
3218 4772 3272 4817 et
3299 4765 3687 4831 procellarum,

437 4853 739 4919 δεσπόζεις,
775 4854 927 4924 φησὶ,
975 4856 1068 4906 καὶ
1107 4854 1208 4923 τῆς
1246 4856 1494 4924 ταραχῆς
1535 4853 1724 4923 αὐτῆς,
1772 4853 1863 4907 καὶ
1913 4854 2011 4922 τῆς

438 4946 703 5016 γαλήνης,
738 4946 834 4999 καὶ
862 4946 927 4998 σὺ
968 4946 1127 4999 τοῦτο
1153 4948 1374 5000 κάκεῖνο
1406 4948 1598 5009 ποιεῖς.
1632 4946 1841 5015 Ὥσπερ
1865 4944 1922 4998 δὲ
1954 4944 2011 4997 ὲν

440 5037 517 5107 τῷ
546 5035 629 5105 στ’
654 5036 855 5108 ψαλμῷ
884 5039 1161 5109 ἀνύμνησε
1186 5038 1279 5091 τὸν
1302 5038 1433 5091 Θεὸν
1450 5038 1558 5091 άπὸ
1585 5038 1693 5090 τῶν
1715 5036 2015 5108 μεγαλουρ-

442 5129 709 5199 γημάτων
744 5129 928 5193 αὐτοῦ,
957 5126 1127 5181 εἰπών
1151 5144 1164 5157 ·
1183 5129 1255 5181 Σὺ
1289 5129 1552 5198 ἐποίησας
1576 5127 1699 5180 τάδε
1721 5127 1818 5180 καὶ
1847 5126 1975 5182 τάδε
1994 5141 2010 5157 ·

441 5219 587 5275 οὕτω
625 5219 722 5274 καὶ
746 5220 839 5274 ἐπὶ
867 5219 960 5273 τοῦ
991 5220 1275 5292 παρόντος.

515 5314 600 5369 Σὺ
629 5312 1042 5371 ἐταπείνωσας
1068 5314 1147 5378 ὡς
1189 5312 1556 5382 τραυματίαν
1597 5324 2004 5382 υπερηφανον.

442 5405 726 5478 Δίσθητῶς
766 5405 867 5475 μὲν
910 5405 1085 5459 πάντα
1124 5405 1472 5474 ὑπερήφανον
1520 5403 1804 5475 ἄνθρωπον
1831 5419 1844 5433 ·
1888 5405 2005 5457 Κύ-

433 5517 564 5567 ριος
597 5500 724 5569 γάρ,
759 5502 945 5567 φησιν.
976 5496 1383 5565 ὑπερηφάνοις
1396 5496 1819 5551 ἀντιτάσσεται
1841 5514 1855 5528 ⁸
1884 5515 2013 5565 νοη-

443 5591 551 5655 τῶς
588 5591 646 5644 δὲ
687 5591 779 5644 τὸν
822 5589 1089 5654 διάϐολον,
1140 5588 1734 5659 ὑπερηφανευεάμενον
1759 5627 1774 5652 ,
1810 5588 1902 5641 καὶ
1927 5588 2017 5641 διὰ

442 5681 602 5737 τοῦτο
646 5681 1061 5753 καταϐληθέντα
1087 5701 1102 5715 ·
1158 5681 1233 5746 ὡς
1274 5681 1621 5751 τραυματίαν
1660 5680 1736 5740 δὲ,
1785 5680 1919 5732 διότι
1967 5681 2016 5732 οἱ

517 5865 562 5897 δ’
597 5864 761 5921 Prov.
826 5879 909 5926 In,
972 5863 1057 5917 16.
1132 5862 1179 5895 ⁸⁹
1221 5862 1356 5917 ibid.

766 5961 1038 6024 ΡΑτιιοι..
1070 5961 1187 6023 Gn.
1224 5958 1558 6022 CXXVIII.

1436 5862 1477 5894 "
1500 5864 1660 5919 Prov.
1694 5878 1776 5930 Ill,
1813 5861 1919 5927 '54;
1954 5858 2070 5915 Jac.

2119 4853 2318 4923 inquit,
2360 4861 2416 4907 et
2445 4852 2870 4921 tranquillitatis
2898 4854 3190 4921 imperium
3227 4856 3280 4907 in
3314 4857 3449 4908 mari
3494 4859 3683 4911 habes.

2122 4943 2185 4998 Et
2236 4944 2699 5014 quemadmodum
2758 4944 2811 4997 in
2872 4944 3081 5012 psalmo
3132 4959 3322 5006 uxrit.
3384 4946 3551 5001 Deum
3620 4951 3687 5000 ah

2118 5036 2458 5091 admirandis
2514 5037 2637 5105 ejus
2705 5037 2970 5103 operibus
3024 5037 3267 5091 laudavit
3318 5039 3563 5093 dicens:
3605 5038 3684 5093 Tu

2122 5127 2237 5181 haec
2294 5135 2461 5197 atque
2514 5127 2607 5181 illa
2644 5125 2870 5190 fecisti,
2928 5128 3001 5181 ita
3055 5130 3218 5183 etiam
3274 5131 3384 5199 agit
3439 5130 3493 5183 in
3552 5147 3690 5201 pra:-

2117 5219 2279 5272 sentL

2191 5310 2353 5364 Vens.
2393 5310 2476 5363 il.
2514 5309 2591 5363 Tu
2623 5309 2923 5363 Immiliasti
2951 5311 3086 5364 sicut
3118 5312 3466 5375 t‘ulucratum,
3506 5331 3691 5383 supcr-

2121 5403 2263 5454 bum.
2295 5400 2463 5455 Juxta
2496 5403 2740 5456 historiae
2772 5418 3018 5463 sensum.
3054 5419 3270 5458 onlnem
3297 5406 3592 5473 superbum
3623 5423 3688 5458 ac.

2122 5498 2471 5551 temerarium
2507 5497 2785 5552 hominem
2818 5499 3080 5564 intellige.
3120 5499 3378 5554 Dominus
3410 5503 3582 5560 enim,
3608 5503 3691 5555 in-

2116 5590 2261 5657 quit,
2314 5587 2513 5641 resistit
2577 5588 2810 5655 superbis
2851 5589 2921 5642 ".
2956 5588 3155 5643 Verum
3214 5590 3379 5646 altius
3432 5592 3688 5646 conside-

2119 5679 2315 5743 rando,
2346 5695 2443 5750 per
2491 5680 2820 5751 superbum,
2854 5683 3032 5752 ipsum
3064 5681 3366 5738 daunouem
3423 5683 3682 5753 intelligo,

2115 5875 2188 5925 iv,
2219 5860 2276 5914 6.

3286 5957 3363 6018 29
