  <div class='ocr_page' id='page_1' title='image "/cluster/home/n/w/nwhite01/storage/ocr_20150623/128/mdp.39015078384263/462.png"; bbox 0 0 4194 6302; ppageno 0'>
   <div class='ocr_carea' id='block_1_1' title="bbox 374 403 488 467">
    <p class='ocr_par' dir='ltr' id='par_1_1' title="bbox 374 403 488 467">
     <span class='ocr_line' id='line_1_1' title="bbox 374 403 488 467; baseline -0.018 0"><span class='ocrx_word' id='word_1_1' title='bbox 374 403 488 467; x_wconf 81' lang='lat'><strong>909</strong></span> 
     </span>
    </p>
   </div>
   <div class='ocr_carea' id='block_1_2' title="bbox 1539 406 2455 474">
    <p class='ocr_par' dir='ltr' id='par_1_2' title="bbox 1539 406 2455 474">
     <span class='ocr_line' id='line_1_2' title="bbox 1539 406 2455 474; baseline 0.007 -6"><span class='ocrx_word' id='word_1_2' title='bbox 1539 406 1934 469; x_wconf 84' lang='lat' dir='ltr'><strong>COMMENT.</strong></span> <span class='ocrx_word' id='word_1_3' title='bbox 1981 406 2064 468; x_wconf 83' lang='lat' dir='ltr'><strong>IN</strong></span> <span class='ocrx_word' id='word_1_4' title='bbox 2092 406 2455 474; x_wconf 76' lang='lat' dir='ltr'><strong>PSAI.MOS.</strong></span> 
     </span>
    </p>
   </div>
   <div class='ocr_carea' id='block_1_3' title="bbox 3528 404 3634 470">
    <p class='ocr_par' dir='ltr' id='par_1_3' title="bbox 3528 404 3634 470">
     <span class='ocr_line' id='line_1_3' title="bbox 3528 404 3634 470; baseline -0.019 0"><span class='ocrx_word' id='word_1_5' title='bbox 3528 404 3634 470; x_wconf 86' lang='lat' dir='ltr'><strong>9l0</strong></span> 
     </span>
    </p>
   </div>
   <div class='ocr_carea' id='block_1_4' title="bbox 458 510 1976 590">
    <p class='ocr_par' dir='ltr' id='par_1_4' title="bbox 458 510 1962 586">
     <span class='ocr_line' id='line_1_4' title="bbox 458 510 1962 586; baseline 0.001 -18"><span class='ocrx_word' id='word_1_6' title='bbox 458 510 781 585; x_wconf 71' lang='grc' dir='ltr'>Ὑψωθήτω</span> <span class='ocrx_word' id='word_1_7' title='bbox 831 515 869 581; x_wconf 71' lang='grc' dir='ltr'><strong><em>ἡ</em></strong></span> <span class='ocrx_word' id='word_1_8' title='bbox 914 513 1083 581; x_wconf 76' lang='grc' dir='ltr'>δεξιά</span> <span class='ocrx_word' id='word_1_9' title='bbox 1152 530 1291 571; x_wconf 90' lang='grc' dir='ltr'>σου.</span> <span class='ocrx_word' id='word_1_10' title='bbox 1360 516 1456 579; x_wconf 86' lang='grc' dir='ltr'>Είς</span> <span class='ocrx_word' id='word_1_11' title='bbox 1515 516 1730 586; x_wconf 77' lang='grc' dir='ltr'>σκέπην</span> <span class='ocrx_word' id='word_1_12' title='bbox 1781 517 1962 585; x_wconf 72' lang='grc' dir='ltr'>ἡμῶν.</span> 
     </span>
    </p>
   </div>
   <div class='ocr_carea' id='block_1_5' title="bbox 2079 510 3637 590">
    <p class='ocr_par' dir='ltr' id='par_1_5' title="bbox 2141 519 3637 590">
     <span class='ocr_line' id='line_1_5' title="bbox 2141 519 3637 590; baseline 0 -17"><span class='ocrx_word' id='word_1_13' title='bbox 2141 519 2427 577; x_wconf 71' lang='lat' dir='ltr'><strong>Exaltetur</strong></span> <span class='ocrx_word' id='word_1_14' title='bbox 2460 523 2680 578; x_wconf 78' lang='lat' dir='ltr'><strong>dextera</strong></span> <span class='ocrx_word' id='word_1_15' title='bbox 2713 532 2828 577; x_wconf 81' lang='lat' dir='ltr'><strong>tua.</strong></span> <span class='ocrx_word' id='word_1_16' title='bbox 2874 521 2954 576; x_wconf 76' lang='lat' dir='ltr'><strong>Ad</strong></span> <span class='ocrx_word' id='word_1_17' title='bbox 2985 521 3386 590; x_wconf 88' lang='lat' dir='ltr'><strong>protectionetn</strong></span> <span class='ocrx_word' id='word_1_18' title='bbox 3421 520 3637 576; x_wconf 68' lang='lat' dir='ltr'><strong>scilicet</strong></span> 
     </span>
    </p>
   </div>
   <div class='ocr_carea' id='block_1_6' title="bbox 373 607 1965 682">
    <p class='ocr_par' dir='ltr' id='par_1_6' title="bbox 373 607 1965 682">
     <span class='ocr_line' id='line_1_6' title="bbox 373 607 1965 682; baseline -0.001 -20"><span class='ocrx_word' id='word_1_19' title='bbox 373 607 555 680; x_wconf 73' lang='grc' dir='ltr'>Χεῖρα</span> <span class='ocrx_word' id='word_1_20' title='bbox 580 608 641 663; x_wconf 70' lang='grc' dir='ltr'><strong>δὲ</strong></span> <span class='ocrx_word' id='word_1_21' title='bbox 675 609 770 664; x_wconf 77' lang='grc' dir='ltr'>καὶ</span> <span class='ocrx_word' id='word_1_22' title='bbox 812 607 997 674; x_wconf 74' lang='grc' dir='ltr'>δεξιάν</span> <span class='ocrx_word' id='word_1_23' title='bbox 1032 610 1134 678; x_wconf 81' lang='grc' dir='ltr'>τὴν</span> <span class='ocrx_word' id='word_1_24' title='bbox 1170 608 1404 682; x_wconf 81' lang='grc' dir='ltr'>δύναμιν</span> <span class='ocrx_word' id='word_1_25' title='bbox 1436 610 1716 681; x_wconf 80' lang='grc' dir='ltr'>ὀνομάζει.</span> <span class='ocrx_word' id='word_1_26' title='bbox 1756 609 1965 680; x_wconf 79' lang='grc' dir='ltr'>Διπλῆν</span> 
     </span>
    </p>
   </div>
   <div class='ocr_carea' id='block_1_7' title="bbox 370 698 1965 772">
    <p class='ocr_par' dir='ltr' id='par_1_7' title="bbox 370 698 1965 772">
     <span class='ocr_line' id='line_1_7' title="bbox 370 698 1965 772; baseline 0.001 -19"><span class='ocrx_word' id='word_1_27' title='bbox 370 698 435 753; x_wconf 74' lang='grc' dir='ltr'><strong>δὲ</strong></span> <span class='ocrx_word' id='word_1_28' title='bbox 478 701 657 771; x_wconf 80' lang='grc' dir='ltr'>αὐτῆς</span> <span class='ocrx_word' id='word_1_29' title='bbox 694 702 967 771; x_wconf 77' lang='grc' dir='ltr'>ζητεῖτὴν</span> <span class='ocrx_word' id='word_1_30' title='bbox 992 701 1304 772; x_wconf 75' lang='grc' dir='ltr'>ἐνέργειανο</span> <span class='ocrx_word' id='word_1_31' title='bbox 1359 702 1671 772; x_wconf 76' lang='grc' dir='ltr'>ἀμύνασθαι</span> <span class='ocrx_word' id='word_1_32' title='bbox 1715 702 1815 771; x_wconf 77' lang='grc' dir='ltr'><strong>μὲν</strong></span> <span class='ocrx_word' id='word_1_33' title='bbox 1838 702 1965 765; x_wconf 77' lang='grc' dir='ltr'>τοὺς</span> 
     </span>
    </p>
   </div>
   <div class='ocr_carea' id='block_1_8' title="bbox 373 792 1967 868">
    <p class='ocr_par' dir='ltr' id='par_1_8' title="bbox 373 792 1967 868">
     <span class='ocr_line' id='line_1_8' title="bbox 373 792 1967 868; baseline 0 -20"><span class='ocrx_word' id='word_1_34' title='bbox 373 793 729 867; x_wconf 83' lang='grc' dir='ltr'>ἀλλοτρίους,</span> <span class='ocrx_word' id='word_1_35' title='bbox 758 795 980 850; x_wconf 81' lang='grc' dir='ltr'><strong>σκέπειν</strong></span> <span class='ocrx_word' id='word_1_36' title='bbox 1005 796 1062 850; x_wconf 75' lang='grc' dir='ltr'><strong>δὲ</strong></span> <span class='ocrx_word' id='word_1_37' title='bbox 1086 799 1215 861; x_wconf 76' lang='grc' dir='ltr'>τοὺς</span> <span class='ocrx_word' id='word_1_38' title='bbox 1240 797 1494 860; x_wconf 77' lang='grc' dir='ltr'>οἰκείους.</span> <span class='ocrx_word' id='word_1_39' title='bbox 1528 796 1759 868; x_wconf 78' lang='grc' dir='ltr'><strong>Εἴρηται</strong></span> <span class='ocrx_word' id='word_1_40' title='bbox 1793 798 1851 850; x_wconf 84' lang='grc' dir='ltr'>ἐν</span> <span class='ocrx_word' id='word_1_41' title='bbox 1886 792 1967 849; x_wconf 87' lang='grc' dir='ltr'><strong>τῶ</strong></span> 
     </span>
    </p>
   </div>
   <div class='ocr_carea' id='block_1_9' title="bbox 374 884 1718 960">
    <p class='ocr_par' dir='ltr' id='par_1_9' title="bbox 374 884 1718 960">
     <span class='ocr_line' id='line_1_9' title="bbox 374 884 1718 960; baseline 0.004 -22"><span class='ocrx_word' id='word_1_42' title='bbox 374 884 424 938; x_wconf 79' lang='grc' dir='ltr'><strong>θ’</strong></span> <span class='ocrx_word' id='word_1_43' title='bbox 446 884 659 959; x_wconf 76' lang='grc' dir='ltr'>ψαλμῷ</span> <span class='ocrx_word' id='word_1_44' title='bbox 682 890 812 960; x_wconf 78' lang='grc' dir='ltr'>περὶ</span> <span class='ocrx_word' id='word_1_45' title='bbox 843 887 961 955; x_wconf 81' lang='grc' dir='ltr'>τοῦ,</span> <span class='ocrx_word' id='word_1_46' title='bbox 1003 887 1331 959; x_wconf 66' lang='grc' dir='ltr'><strong>’Υψωοήτω</strong></span> <span class='ocrx_word' id='word_1_47' title='bbox 1358 890 1396 957; x_wconf 70' lang='grc' dir='ltr'><strong>ἡ</strong></span> <span class='ocrx_word' id='word_1_48' title='bbox 1431 890 1561 959; x_wconf 78' lang='grc' dir='ltr'>χείρ</span> <span class='ocrx_word' id='word_1_49' title='bbox 1583 904 1718 943; x_wconf 85' lang='grc' dir='ltr'>σου.</span> 
     </span>
    </p>
   </div>
   <div class='ocr_carea' id='block_1_10' title="bbox 446 1168 1966 1241">
    <p class='ocr_par' dir='ltr' id='par_1_10' title="bbox 446 1168 1966 1241">
     <span class='ocr_line' id='line_1_10' title="bbox 446 1168 1966 1241; baseline 0.003 -18"><span class='ocrx_word' id='word_1_50' title='bbox 446 1170 822 1237; x_wconf 77' lang='grc' dir='ltr'><strong>Δικαιοσύνη</strong></span> <span class='ocrx_word' id='word_1_51' title='bbox 871 1170 972 1224; x_wconf 76' lang='grc' dir='ltr'>καὶ</span> <span class='ocrx_word' id='word_1_52' title='bbox 1021 1170 1201 1239; x_wconf 82' lang='grc' dir='ltr'>κρῖμα</span> <span class='ocrx_word' id='word_1_53' title='bbox 1241 1170 1556 1240; x_wconf 75' lang='grc' dir='ltr'>ἐεοιμασία</span> <span class='ocrx_word' id='word_1_54' title='bbox 1585 1168 1693 1224; x_wconf 86' lang='grc' dir='ltr'>τοῦ</span> <span class='ocrx_word' id='word_1_55' title='bbox 1746 1173 1966 1241; x_wconf 73' lang='grc' dir='ltr'><strong>Θρόνου</strong></span> 
     </span>
    </p>
   </div>
   <div class='ocr_carea' id='block_1_11' title="bbox 369 1262 1965 1333">
    <p class='ocr_par' dir='ltr' id='par_1_11' title="bbox 369 1262 1965 1333">
     <span class='ocr_line' id='line_1_11' title="bbox 369 1262 1965 1333; baseline 0.001 -17"><span class='ocrx_word' id='word_1_56' title='bbox 369 1276 519 1317; x_wconf 86' lang='grc' dir='ltr'>σου.</span> <span class='ocrx_word' id='word_1_57' title='bbox 569 1263 635 1319; x_wconf 83' lang='lat'><strong>&#39;0</strong></span> <span class='ocrx_word' id='word_1_58' title='bbox 687 1265 788 1333; x_wconf 81' lang='grc' dir='ltr'><strong>μὲν</strong></span> <span class='ocrx_word' id='word_1_59' title='bbox 854 1264 1088 1327; x_wconf 73' lang='grc' dir='ltr'>’Δκύλας</span> <span class='ocrx_word' id='word_1_60' title='bbox 1136 1262 1396 1329; x_wconf 68' lang='grc' dir='ltr'>ἐξέδωκε,</span> <span class='ocrx_word' id='word_1_61' title='bbox 1449 1264 1815 1332; x_wconf 74' lang='grc' dir='ltr'><strong>Δικαιοσύνη</strong></span> <span class='ocrx_word' id='word_1_62' title='bbox 1864 1262 1965 1318; x_wconf 77' lang='grc' dir='ltr'><strong>καί</strong></span> 
     </span>
    </p>
   </div>
   <div class='ocr_carea' id='block_1_12' title="bbox 368 1353 1965 1427">
    <p class='ocr_par' dir='ltr' id='par_1_12' title="bbox 368 1353 1965 1427">
     <span class='ocr_line' id='line_1_12' title="bbox 368 1353 1965 1427; baseline 0.001 -20"><span class='ocrx_word' id='word_1_63' title='bbox 368 1358 587 1422; x_wconf 81' lang='grc' dir='ltr'>κρίσις</span> <span class='ocrx_word' id='word_1_64' title='bbox 635 1353 829 1420; x_wconf 75' lang='grc' dir='ltr'>,Βάσις</span> <span class='ocrx_word' id='word_1_65' title='bbox 873 1355 986 1409; x_wconf 83' lang='grc' dir='ltr'>τοῦ</span> <span class='ocrx_word' id='word_1_66' title='bbox 1026 1357 1248 1425; x_wconf 74' lang='grc' dir='ltr'><strong>θρόνου</strong></span> <span class='ocrx_word' id='word_1_67' title='bbox 1284 1370 1404 1410; x_wconf 86' lang='grc' dir='ltr'>σου</span> <span class='ocrx_word' id='word_1_68' title='bbox 1432 1370 1446 1384; x_wconf 78' lang='grc'><em>’</em></span> <span class='ocrx_word' id='word_1_69' title='bbox 1478 1355 1507 1406; x_wconf 78' lang='grc' dir='ltr'><strong>ὁ</strong></span> <span class='ocrx_word' id='word_1_70' title='bbox 1554 1354 1611 1408; x_wconf 84' lang='grc' dir='ltr'><strong>δὲ</strong></span> <span class='ocrx_word' id='word_1_71' title='bbox 1647 1355 1965 1427; x_wconf 84' lang='grc' dir='ltr'>Σύμμαχος,</span> 
     </span>
    </p>
   </div>
   <div class='ocr_carea' id='block_1_13' title="bbox 372 1444 1968 1519">
    <p class='ocr_par' dir='ltr' id='par_1_13' title="bbox 372 1444 1968 1519">
     <span class='ocr_line' id='line_1_13' title="bbox 372 1444 1968 1519; baseline 0 -18"><span class='ocrx_word' id='word_1_72' title='bbox 372 1445 728 1517; x_wconf 80' lang='grc' dir='ltr'>Ἐδρασμα.</span> <span class='ocrx_word' id='word_1_73' title='bbox 766 1447 1103 1519; x_wconf 83' lang='grc' dir='ltr'>Προείρηται</span> <span class='ocrx_word' id='word_1_74' title='bbox 1133 1448 1264 1519; x_wconf 81' lang='grc' dir='ltr'>γὰρ,</span> <span class='ocrx_word' id='word_1_75' title='bbox 1291 1447 1378 1501; x_wconf 79' lang='grc' dir='ltr'>ὃτι</span> <span class='ocrx_word' id='word_1_76' title='bbox 1406 1445 1467 1501; x_wconf 74' lang='grc' dir='ltr'>τὸ</span> <span class='ocrx_word' id='word_1_77' title='bbox 1488 1445 1804 1517; x_wconf 79' lang='grc' dir='ltr'><strong>ἑτοιμάζειν</strong></span> <span class='ocrx_word' id='word_1_78' title='bbox 1838 1444 1968 1501; x_wconf 84' lang='grc' dir='ltr'>πολ-</span> 
     </span>
    </p>
   </div>
   <div class='ocr_carea' id='block_1_14' title="bbox 368 1538 1967 1610">
    <p class='ocr_par' dir='ltr' id='par_1_14' title="bbox 368 1538 1967 1610">
     <span class='ocr_line' id='line_1_14' title="bbox 368 1538 1967 1610; baseline 0.001 -18"><span class='ocrx_word' id='word_1_79' title='bbox 368 1540 540 1604; x_wconf 84' lang='grc' dir='ltr'>λάκις</span> <span class='ocrx_word' id='word_1_80' title='bbox 594 1538 659 1592; x_wconf 75' lang='grc' dir='ltr'>τὸ</span> <span class='ocrx_word' id='word_1_81' title='bbox 702 1538 949 1610; x_wconf 72' lang='grc' dir='ltr'>ἐδράζειν</span> <span class='ocrx_word' id='word_1_82' title='bbox 1005 1539 1286 1610; x_wconf 78' lang='grc' dir='ltr'>σημαίνει.</span> <span class='ocrx_word' id='word_1_83' title='bbox 1322 1538 1563 1593; x_wconf 73' lang='grc' dir='ltr'>Ἔστιδὲ</span> <span class='ocrx_word' id='word_1_84' title='bbox 1615 1540 1644 1593; x_wconf 81' lang='grc' dir='ltr'>ὁ</span> <span class='ocrx_word' id='word_1_85' title='bbox 1698 1538 1845 1603; x_wconf 75' lang='grc' dir='ltr'>νοῦς,</span> <span class='ocrx_word' id='word_1_86' title='bbox 1883 1539 1967 1594; x_wconf 83' lang='grc' dir='ltr'>ὅτι</span> 
     </span>
    </p>
   </div>
   <div class='ocr_carea' id='block_1_15' title="bbox 371 1626 1968 1703">
    <p class='ocr_par' dir='ltr' id='par_1_15' title="bbox 371 1626 1968 1703">
     <span class='ocr_line' id='line_1_15' title="bbox 371 1626 1968 1703; baseline 0 -17"><span class='ocrx_word' id='word_1_87' title='bbox 371 1632 611 1695; x_wconf 76' lang='grc' dir='ltr'><strong>Δίκαιος</strong></span> <span class='ocrx_word' id='word_1_88' title='bbox 639 1628 692 1685; x_wconf 78' lang='grc' dir='ltr'><strong>εί</strong></span> <span class='ocrx_word' id='word_1_89' title='bbox 727 1632 759 1685; x_wconf 78' lang='grc' dir='ltr'>ὀ</span> <span class='ocrx_word' id='word_1_90' title='bbox 783 1631 998 1703; x_wconf 77' lang='grc' dir='ltr'>κριτὴς,</span> <span class='ocrx_word' id='word_1_91' title='bbox 1019 1626 1084 1687; x_wconf 68' lang='grc' dir='ltr'><strong>οὗ</strong></span> <span class='ocrx_word' id='word_1_92' title='bbox 1118 1631 1215 1686; x_wconf 82' lang='grc' dir='ltr'>καὶ</span> <span class='ocrx_word' id='word_1_93' title='bbox 1250 1633 1278 1686; x_wconf 82' lang='grc' dir='ltr'><strong>ὁ</strong></span> <span class='ocrx_word' id='word_1_94' title='bbox 1308 1631 1621 1695; x_wconf 72' lang='grc' dir='ltr'>δικαστικδς</span> <span class='ocrx_word' id='word_1_95' title='bbox 1651 1631 1839 1702; x_wconf 73' lang='grc' dir='ltr'>θρόνος</span> <span class='ocrx_word' id='word_1_96' title='bbox 1873 1632 1968 1686; x_wconf 74' lang='grc' dir='ltr'><strong>ἐπὶ</strong></span> 
     </span>
    </p>
   </div>
   <div class='ocr_carea' id='block_1_16' title="bbox 373 1723 1967 1796">
    <p class='ocr_par' dir='ltr' id='par_1_16' title="bbox 373 1723 1967 1796">
     <span class='ocr_line' id='line_1_16' title="bbox 373 1723 1967 1796; baseline 0.001 -19"><span class='ocrx_word' id='word_1_97' title='bbox 373 1724 743 1795; x_wconf 74' lang='grc' dir='ltr'><strong>δικαιοσύνης</strong></span> <span class='ocrx_word' id='word_1_98' title='bbox 797 1726 893 1779; x_wconf 81' lang='grc' dir='ltr'>καὶ</span> <span class='ocrx_word' id='word_1_99' title='bbox 945 1724 1184 1796; x_wconf 82' lang='grc' dir='ltr'>κρίσεως</span> <span class='ocrx_word' id='word_1_100' title='bbox 1207 1724 1446 1796; x_wconf 83' lang='grc' dir='ltr'>πέπηγε.</span> <span class='ocrx_word' id='word_1_101' title='bbox 1473 1723 1834 1796; x_wconf 78' lang='grc' dir='ltr'><strong>Δικαιοσύνην</strong></span> <span class='ocrx_word' id='word_1_102' title='bbox 1866 1724 1967 1796; x_wconf 68' lang='grc' dir='ltr'><strong>μὲν</strong></span> 
     </span>
    </p>
   </div>
   <div class='ocr_carea' id='block_1_17' title="bbox 371 1815 1968 1891">
    <p class='ocr_par' dir='ltr' id='par_1_17' title="bbox 371 1815 1968 1891">
     <span class='ocr_line' id='line_1_17' title="bbox 371 1815 1968 1891; baseline 0.003 -22"><span class='ocrx_word' id='word_1_103' title='bbox 371 1815 473 1869; x_wconf 82' lang='grc' dir='ltr'>οὖν</span> <span class='ocrx_word' id='word_1_104' title='bbox 504 1818 604 1871; x_wconf 76' lang='grc' dir='ltr'>καὶ</span> <span class='ocrx_word' id='word_1_105' title='bbox 635 1820 811 1888; x_wconf 77' lang='grc' dir='ltr'>κρῖμα</span> <span class='ocrx_word' id='word_1_106' title='bbox 850 1819 949 1889; x_wconf 81' lang='grc' dir='ltr'>τὴν</span> <span class='ocrx_word' id='word_1_107' title='bbox 973 1818 1192 1872; x_wconf 75' lang='grc' dir='ltr'>δικαίαν</span> <span class='ocrx_word' id='word_1_108' title='bbox 1222 1818 1406 1891; x_wconf 83' lang='grc' dir='ltr'>κρίσιν</span> <span class='ocrx_word' id='word_1_109' title='bbox 1432 1818 1648 1889; x_wconf 75' lang='grc' dir='ltr'>νοήσεις</span> <span class='ocrx_word' id='word_1_110' title='bbox 1670 1834 1685 1849; x_wconf 76' lang='grc' dir='ltr'><strong><em>ο</em></strong></span> <span class='ocrx_word' id='word_1_111' title='bbox 1713 1816 1830 1872; x_wconf 78' lang='grc' dir='ltr'>ἐστι</span> <span class='ocrx_word' id='word_1_112' title='bbox 1857 1819 1968 1889; x_wconf 80' lang='grc' dir='ltr'>γὰρ</span> 
     </span>
    </p>
   </div>
   <div class='ocr_carea' id='block_1_18' title="bbox 2071 613 3638 682">
    <p class='ocr_par' dir='ltr' id='par_1_18' title="bbox 2071 613 3638 682">
     <span class='ocr_line' id='line_1_18' title="bbox 2071 613 3638 682; baseline 0.001 -18"><span class='ocrx_word' id='word_1_113' title='bbox 2071 621 2340 669; x_wconf 89' lang='lat' dir='ltr'><strong>nostram.</strong></span> <span class='ocrx_word' id='word_1_114' title='bbox 2378 614 2482 670; x_wconf 82' lang='lat' dir='ltr'><strong>l&#39;er</strong></span> <span class='ocrx_word' id='word_1_115' title='bbox 2512 630 2730 668; x_wconf 86' lang='lat' dir='ltr'><strong>manum</strong></span> <span class='ocrx_word' id='word_1_116' title='bbox 2773 624 2956 669; x_wconf 88' lang='lat' dir='ltr'><strong>autem</strong></span> <span class='ocrx_word' id='word_1_117' title='bbox 2993 621 3050 667; x_wconf 92' lang='lat' dir='ltr'><strong>ct</strong></span> <span class='ocrx_word' id='word_1_118' title='bbox 3094 627 3192 682; x_wconf 88' lang='lat' dir='ltr'><strong>per</strong></span> <span class='ocrx_word' id='word_1_119' title='bbox 3236 613 3518 667; x_wconf 76' lang='lat' dir='ltr'><strong>dexteram</strong></span> <span class='ocrx_word' id='word_1_120' title='bbox 3560 614 3638 667; x_wconf 86' lang='lat' dir='ltr'><strong>si-</strong></span> 
     </span>
    </p>
   </div>
   <div class='ocr_carea' id='block_1_19' title="bbox 2068 700 3640 776">
    <p class='ocr_par' dir='ltr' id='par_1_19' title="bbox 2068 700 3640 776">
     <span class='ocr_line' id='line_1_19' title="bbox 2068 700 3640 776; baseline -0.003 -18"><span class='ocrx_word' id='word_1_121' title='bbox 2068 704 2183 759; x_wconf 83' lang='lat' dir='ltr'><strong>mili</strong></span> <span class='ocrx_word' id='word_1_122' title='bbox 2218 706 2380 761; x_wconf 90' lang='lat' dir='ltr'><strong>modo</strong></span> <span class='ocrx_word' id='word_1_123' title='bbox 2416 704 2511 761; x_wconf 86' lang='lat' dir='ltr'><strong>Dei</strong></span> <span class='ocrx_word' id='word_1_124' title='bbox 2539 705 2841 776; x_wconf 86' lang='lat' dir='ltr'><strong>potentiam</strong></span> <span class='ocrx_word' id='word_1_125' title='bbox 2873 702 3147 774; x_wconf 83' lang='lat' dir='ltr'><strong>intelligit.</strong></span> <span class='ocrx_word' id='word_1_126' title='bbox 3177 700 3478 774; x_wconf 81' lang='lat' dir='ltr'><strong>Utramque</strong></span> <span class='ocrx_word' id='word_1_127' title='bbox 3508 718 3640 758; x_wconf 81' lang='lat' dir='ltr'><strong>vero</strong></span> 
     </span>
    </p>
   </div>
   <div class='ocr_carea' id='block_1_20' title="bbox 2068 798 3637 868">
    <p class='ocr_par' dir='ltr' id='par_1_20' title="bbox 2068 798 3637 868">
     <span class='ocr_line' id='line_1_20' title="bbox 2068 798 3637 868; baseline 0 -18"><span class='ocrx_word' id='word_1_128' title='bbox 2068 811 2269 851; x_wconf 88' lang='lat' dir='ltr'><strong>manus</strong></span> <span class='ocrx_word' id='word_1_129' title='bbox 2306 798 2451 854; x_wconf 88' lang='lat' dir='ltr'><strong>Deus</strong></span> <span class='ocrx_word' id='word_1_130' title='bbox 2482 799 2783 868; x_wconf 86' lang='lat' dir='ltr'><strong>potentiam</strong></span> <span class='ocrx_word' id='word_1_131' title='bbox 2818 801 2873 853; x_wconf 92' lang='lat' dir='ltr'><strong>in</strong></span> <span class='ocrx_word' id='word_1_132' title='bbox 2916 799 3185 853; x_wconf 76' lang='lat' dir='ltr'><strong>auxilium</strong></span> <span class='ocrx_word' id='word_1_133' title='bbox 3236 814 3397 852; x_wconf 88' lang='lat' dir='ltr'><strong>suum</strong></span> <span class='ocrx_word' id='word_1_134' title='bbox 3433 798 3637 867; x_wconf 81' lang='lat' dir='ltr'><strong>poscit,</strong></span> 
     </span>
    </p>
   </div>
   <div class='ocr_carea' id='block_1_21' title="bbox 2071 889 3643 960">
    <p class='ocr_par' dir='ltr' id='par_1_21' title="bbox 2071 889 3643 960">
     <span class='ocr_line' id='line_1_21' title="bbox 2071 889 3643 960; baseline 0.003 -19"><span class='ocrx_word' id='word_1_135' title='bbox 2071 898 2129 941; x_wconf 90' lang='lat' dir='ltr'><strong>ut</strong></span> <span class='ocrx_word' id='word_1_136' title='bbox 2158 897 2214 944; x_wconf 79' lang='lat' dir='ltr'><strong>et</strong></span> <span class='ocrx_word' id='word_1_137' title='bbox 2250 889 2436 946; x_wconf 80' lang='lat' dir='ltr'><strong>hostes</strong></span> <span class='ocrx_word' id='word_1_138' title='bbox 2462 890 2669 960; x_wconf 87' lang='lat' dir='ltr'><strong>pariter</strong></span> <span class='ocrx_word' id='word_1_139' title='bbox 2700 892 3024 953; x_wconf 76' lang='lat' dir='ltr'><strong>ulciscatur,</strong></span> <span class='ocrx_word' id='word_1_140' title='bbox 3065 900 3115 945; x_wconf 90' lang='lat' dir='ltr'><strong>et</strong></span> <span class='ocrx_word' id='word_1_141' title='bbox 3144 899 3365 945; x_wconf 85' lang='lat' dir='ltr'><strong>tueatur</strong></span> <span class='ocrx_word' id='word_1_142' title='bbox 3405 890 3643 945; x_wconf 69' lang='lat' dir='ltr'><strong>benevo-</strong></span> 
     </span>
    </p>
   </div>
   <div class='ocr_carea' id='block_1_22' title="bbox 2069 979 3640 1049">
    <p class='ocr_par' dir='ltr' id='par_1_22' title="bbox 2069 979 3640 1049">
     <span class='ocr_line' id='line_1_22' title="bbox 2069 979 3640 1049; baseline 0.002 -14"><span class='ocrx_word' id='word_1_143' title='bbox 2069 979 2172 1036; x_wconf 88' lang='lat' dir='ltr'><strong>los.</strong></span> <span class='ocrx_word' id='word_1_144' title='bbox 2200 980 2277 1036; x_wconf 81' lang='lat' dir='ltr'><strong>De</strong></span> <span class='ocrx_word' id='word_1_145' title='bbox 2309 982 2393 1038; x_wconf 84' lang='lat' dir='ltr'><strong>Itis</strong></span> <span class='ocrx_word' id='word_1_146' title='bbox 2419 984 2583 1039; x_wconf 86' lang='lat' dir='ltr'><strong>etiam</strong></span> <span class='ocrx_word' id='word_1_147' title='bbox 2627 982 2848 1039; x_wconf 80' lang='lat' dir='ltr'><strong>verbis:</strong></span> <span class='ocrx_word' id='word_1_148' title='bbox 2886 982 3174 1036; x_wconf 69' lang='lat' dir='ltr'><strong>Eraltetur</strong></span> <span class='ocrx_word' id='word_1_149' title='bbox 3205 993 3527 1049; x_wconf 74' lang='lat' dir='ltr'><strong>nianustua,</strong></span> <span class='ocrx_word' id='word_1_150' title='bbox 3556 983 3640 1038; x_wconf 85' lang='lat' dir='ltr'><strong>di-</strong></span> 
     </span>
    </p>
   </div>
   <div class='ocr_carea' id='block_1_23' title="bbox 2068 1074 2780 1144">
    <p class='ocr_par' dir='ltr' id='par_1_23' title="bbox 2068 1074 2780 1144">
     <span class='ocr_line' id='line_1_23' title="bbox 2068 1074 2780 1144; baseline 0.006 -16"><span class='ocrx_word' id='word_1_151' title='bbox 2068 1083 2218 1128; x_wconf 88' lang='lat' dir='ltr'><strong>ctum</strong></span> <span class='ocrx_word' id='word_1_152' title='bbox 2251 1085 2335 1129; x_wconf 88' lang='lat' dir='ltr'><strong>est</strong></span> <span class='ocrx_word' id='word_1_153' title='bbox 2366 1074 2421 1128; x_wconf 91' lang='lat' dir='ltr'><strong>in</strong></span> <span class='ocrx_word' id='word_1_154' title='bbox 2458 1075 2672 1144; x_wconf 79' lang='lat' dir='ltr'><strong>psalmo</strong></span> <span class='ocrx_word' id='word_1_155' title='bbox 2703 1091 2780 1131; x_wconf 80' lang='grc' dir='ltr'><strong>ιι.</strong></span> 
     </span>
    </p>
   </div>
   <div class='ocr_carea' id='block_1_24' title="bbox 2139 1162 3642 1241">
    <p class='ocr_par' dir='ltr' id='par_1_24' title="bbox 2139 1162 3642 1241">
     <span class='ocr_line' id='line_1_24' title="bbox 2139 1162 3642 1241; baseline 0.005 -23"><span class='ocrx_word' id='word_1_156' title='bbox 2139 1162 2363 1221; x_wconf 79' lang='lat' dir='ltr'><strong>Jmtitia</strong></span> <span class='ocrx_word' id='word_1_157' title='bbox 2383 1176 2431 1222; x_wconf 85' lang='lat' dir='ltr'><strong>et</strong></span> <span class='ocrx_word' id='word_1_158' title='bbox 2460 1166 2731 1236; x_wconf 81' lang='lat' dir='ltr'><strong>judicium</strong></span> <span class='ocrx_word' id='word_1_159' title='bbox 2758 1176 3078 1238; x_wconf 66' lang='lat' dir='ltr'><strong>praeparatio</strong></span> <span class='ocrx_word' id='word_1_160' title='bbox 3108 1168 3291 1224; x_wconf 75' lang='lat' dir='ltr'><strong>throni</strong></span> <span class='ocrx_word' id='word_1_161' title='bbox 3322 1172 3421 1225; x_wconf 76' lang='lat' dir='ltr'><strong>tui.</strong></span> <span class='ocrx_word' id='word_1_162' title='bbox 3445 1171 3642 1241; x_wconf 81' lang='lat' dir='ltr'><strong>Aquila</strong></span> 
     </span>
    </p>
   </div>
   <div class='ocr_carea' id='block_1_25' title="bbox 2071 1259 3640 1332">
    <p class='ocr_par' dir='ltr' id='par_1_25' title="bbox 2071 1259 3640 1332">
     <span class='ocr_line' id='line_1_25' title="bbox 2071 1259 3640 1332; baseline 0.005 -21"><span class='ocrx_word' id='word_1_163' title='bbox 2071 1260 2353 1316; x_wconf 85' lang='lat' dir='ltr'><strong>transtulit</strong></span> <span class='ocrx_word' id='word_1_164' title='bbox 2390 1278 2406 1316; x_wconf 91' lang='lat'><strong>:</strong></span> <span class='ocrx_word' id='word_1_165' title='bbox 2440 1259 2670 1317; x_wconf 71' lang='lat' dir='ltr'><strong>Iustitia</strong></span> <span class='ocrx_word' id='word_1_166' title='bbox 2714 1272 2766 1317; x_wconf 83' lang='lat' dir='ltr'><strong>et</strong></span> <span class='ocrx_word' id='word_1_167' title='bbox 2803 1262 3073 1332; x_wconf 79' lang='lat' dir='ltr'><strong>judicium</strong></span> <span class='ocrx_word' id='word_1_168' title='bbox 3132 1265 3277 1319; x_wconf 73' lang='lat' dir='ltr'><strong>basia</strong></span> <span class='ocrx_word' id='word_1_169' title='bbox 3321 1264 3498 1319; x_wconf 73' lang='lat' dir='ltr'><strong>throni</strong></span> <span class='ocrx_word' id='word_1_170' title='bbox 3542 1268 3640 1329; x_wconf 82' lang='lat' dir='ltr'><strong>tui,</strong></span> 
     </span>
    </p>
   </div>
   <div class='ocr_carea' id='block_1_26' title="bbox 2072 1354 3644 1429">
    <p class='ocr_par' dir='ltr' id='par_1_26' title="bbox 2072 1354 3644 1429">
     <span class='ocr_line' id='line_1_26' title="bbox 2072 1354 3644 1429; baseline 0.004 -21"><span class='ocrx_word' id='word_1_171' title='bbox 2072 1354 2441 1428; x_wconf 79' lang='lat' dir='ltr'><strong>Symmachus</strong></span> <span class='ocrx_word' id='word_1_172' title='bbox 2472 1374 2603 1415; x_wconf 82' lang='lat' dir='ltr'><strong>vero</strong></span> <span class='ocrx_word' id='word_1_173' title='bbox 2640 1376 2653 1413; x_wconf 90' lang='lat'>:</span> <span class='ocrx_word' id='word_1_174' title='bbox 2684 1357 2991 1415; x_wconf 78' lang='lat' dir='ltr'><strong>Sialn‘litas.</strong></span> <span class='ocrx_word' id='word_1_175' title='bbox 3022 1356 3145 1412; x_wconf 73' lang='lat' dir='ltr'><strong>1am</strong></span> <span class='ocrx_word' id='word_1_176' title='bbox 3188 1357 3335 1412; x_wconf 87' lang='lat' dir='ltr'><strong>enim</strong></span> <span class='ocrx_word' id='word_1_177' title='bbox 3382 1359 3644 1429; x_wconf 86' lang='lat' dir='ltr'><strong>superius</strong></span> 
     </span>
    </p>
   </div>
   <div class='ocr_carea' id='block_1_27' title="bbox 2070 1446 3644 1527">
    <p class='ocr_par' dir='ltr' id='par_1_27' title="bbox 2070 1446 3644 1527">
     <span class='ocr_line' id='line_1_27' title="bbox 2070 1446 3644 1527; baseline 0.006 -25"><span class='ocrx_word' id='word_1_178' title='bbox 2070 1446 2278 1503; x_wconf 88' lang='lat' dir='ltr'><strong>dictum</strong></span> <span class='ocrx_word' id='word_1_179' title='bbox 2313 1459 2419 1516; x_wconf 87' lang='lat' dir='ltr'><strong>est,</strong></span> <span class='ocrx_word' id='word_1_180' title='bbox 2470 1452 2618 1523; x_wconf 88' lang='lat' dir='ltr'><strong>quod</strong></span> <span class='ocrx_word' id='word_1_181' title='bbox 2650 1453 2878 1509; x_wconf 84' lang='lat' dir='ltr'><strong>verbum</strong></span> <span class='ocrx_word' id='word_1_182' title='bbox 2914 1453 3173 1524; x_wconf 72' lang='lat' dir='ltr'><strong>Prwparo</strong></span> <span class='ocrx_word' id='word_1_183' title='bbox 3201 1456 3343 1527; x_wconf 87' lang='lat' dir='ltr'><strong>apud</strong></span> <span class='ocrx_word' id='word_1_184' title='bbox 3388 1456 3644 1527; x_wconf 76' lang='lat' dir='ltr'><strong>Scriptu-</strong></span> 
     </span>
    </p>
   </div>
   <div class='ocr_carea' id='block_1_28' title="bbox 2071 1543 3646 1620">
    <p class='ocr_par' dir='ltr' id='par_1_28' title="bbox 2071 1543 3646 1620">
     <span class='ocr_line' id='line_1_28' title="bbox 2071 1543 3646 1620; baseline 0.008 -28"><span class='ocrx_word' id='word_1_185' title='bbox 2071 1553 2190 1594; x_wconf 87' lang='lat' dir='ltr'><strong>ratn</strong></span> <span class='ocrx_word' id='word_1_186' title='bbox 2235 1554 2479 1613; x_wconf 67' lang='lat' dir='ltr'><strong>persaepe</strong></span> <span class='ocrx_word' id='word_1_187' title='bbox 2540 1543 2686 1599; x_wconf 87' lang='lat' dir='ltr'><strong>idem</strong></span> <span class='ocrx_word' id='word_1_188' title='bbox 2754 1545 3031 1618; x_wconf 77' lang='lat' dir='ltr'><strong>signiﬁcat</strong></span> <span class='ocrx_word' id='word_1_189' title='bbox 3088 1551 3233 1620; x_wconf 86' lang='lat' dir='ltr'><strong>quod</strong></span> <span class='ocrx_word' id='word_1_190' title='bbox 3287 1547 3558 1617; x_wconf 84' lang='lat' dir='ltr'><strong>Stabilio;</strong></span> <span class='ocrx_word' id='word_1_191' title='bbox 3589 1561 3646 1607; x_wconf 91' lang='lat' dir='ltr'><strong>et</strong></span> 
     </span>
    </p>
   </div>
   <div class='ocr_carea' id='block_1_29' title="bbox 2071 1633 3647 1713">
    <p class='ocr_par' dir='ltr' id='par_1_29' title="bbox 2071 1633 3647 1713">
     <span class='ocr_line' id='line_1_29' title="bbox 2071 1633 3647 1713; baseline 0.008 -27"><span class='ocrx_word' id='word_1_192' title='bbox 2071 1644 2271 1686; x_wconf 77' lang='lat' dir='ltr'><strong>Sensus</strong></span> <span class='ocrx_word' id='word_1_193' title='bbox 2299 1642 2387 1688; x_wconf 85' lang='lat' dir='ltr'><strong>est</strong></span> <span class='ocrx_word' id='word_1_194' title='bbox 2419 1650 2437 1687; x_wconf 90' lang='lat'><strong><em>:</em></strong></span> <span class='ocrx_word' id='word_1_195' title='bbox 2464 1633 2570 1702; x_wconf 86' lang='lat' dir='ltr'><strong>Tu,</strong></span> <span class='ocrx_word' id='word_1_196' title='bbox 2600 1635 2850 1701; x_wconf 87' lang='lat' dir='ltr'><strong>Domine,</strong></span> <span class='ocrx_word' id='word_1_197' title='bbox 2879 1640 3256 1709; x_wconf 76' lang='lat' dir='ltr'><strong>justusjudex</strong></span> <span class='ocrx_word' id='word_1_198' title='bbox 3292 1658 3374 1708; x_wconf 89' lang='lat' dir='ltr'><strong>es,</strong></span> <span class='ocrx_word' id='word_1_199' title='bbox 3406 1654 3463 1699; x_wconf 90' lang='lat' dir='ltr'><strong>ct</strong></span> <span class='ocrx_word' id='word_1_200' title='bbox 3494 1643 3647 1713; x_wconf 80' lang='lat' dir='ltr'><strong>judi-</strong></span> 
     </span>
    </p>
   </div>
   <div class='ocr_carea' id='block_1_30' title="bbox 2072 1719 3647 1807">
    <p class='ocr_par' dir='ltr' id='par_1_30' title="bbox 2072 1719 3647 1807">
     <span class='ocr_line' id='line_1_30' title="bbox 2072 1719 3647 1807; baseline 0.01 -28"><span class='ocrx_word' id='word_1_201' title='bbox 2072 1719 2229 1780; x_wconf 86' lang='lat' dir='ltr'><strong>cialis</strong></span> <span class='ocrx_word' id='word_1_202' title='bbox 2272 1725 2432 1782; x_wconf 86' lang='lat' dir='ltr'><strong>sedes</strong></span> <span class='ocrx_word' id='word_1_203' title='bbox 2468 1736 2559 1782; x_wconf 87' lang='lat' dir='ltr'><strong>tua</strong></span> <span class='ocrx_word' id='word_1_204' title='bbox 2609 1730 2663 1784; x_wconf 87' lang='lat' dir='ltr'><strong>in</strong></span> <span class='ocrx_word' id='word_1_205' title='bbox 2705 1729 2919 1798; x_wconf 77' lang='lat' dir='ltr'><strong>iustitia</strong></span> <span class='ocrx_word' id='word_1_206' title='bbox 2973 1743 3136 1805; x_wconf 86' lang='lat' dir='ltr'><strong>atque</strong></span> <span class='ocrx_word' id='word_1_207' title='bbox 3193 1738 3248 1790; x_wconf 90' lang='lat' dir='ltr'><strong>in</strong></span> <span class='ocrx_word' id='word_1_208' title='bbox 3277 1736 3489 1807; x_wconf 88' lang='lat' dir='ltr'><strong>judicio</strong></span> <span class='ocrx_word' id='word_1_209' title='bbox 3540 1738 3647 1794; x_wconf 71' lang='lat' dir='ltr'><strong>ﬁta</strong></span> 
     </span>
    </p>
   </div>
   <div class='ocr_carea' id='block_1_31' title="bbox 2072 1817 3646 1900">
    <p class='ocr_par' dir='ltr' id='par_1_31' title="bbox 2072 1817 3646 1900">
     <span class='ocr_line' id='line_1_31' title="bbox 2072 1817 3646 1900; baseline 0.008 -28"><span class='ocrx_word' id='word_1_210' title='bbox 2072 1827 2180 1875; x_wconf 87' lang='lat' dir='ltr'><strong>est.</strong></span> <span class='ocrx_word' id='word_1_211' title='bbox 2215 1817 2321 1874; x_wconf 86' lang='lat' dir='ltr'><strong>Per</strong></span> <span class='ocrx_word' id='word_1_212' title='bbox 2346 1820 2621 1891; x_wconf 80' lang='lat' dir='ltr'><strong>justitiam</strong></span> <span class='ocrx_word' id='word_1_213' title='bbox 2649 1824 2822 1895; x_wconf 89' lang='lat' dir='ltr'><strong>igitur</strong></span> <span class='ocrx_word' id='word_1_214' title='bbox 2870 1836 2927 1881; x_wconf 92' lang='lat' dir='ltr'><strong>et</strong></span> <span class='ocrx_word' id='word_1_215' title='bbox 2960 1842 3058 1898; x_wconf 86' lang='lat' dir='ltr'><strong>per</strong></span> <span class='ocrx_word' id='word_1_216' title='bbox 3089 1828 3382 1898; x_wconf 87' lang='lat' dir='ltr'><strong>judicium,</strong></span> <span class='ocrx_word' id='word_1_217' title='bbox 3432 1828 3646 1900; x_wconf 84' lang='lat' dir='ltr'><strong>justum</strong></span> 
     </span>
    </p>
   </div>
   <div class='ocr_carea' id='block_1_32' title="bbox 373 1882 1976 1993">
    <p class='ocr_par' dir='ltr' id='par_1_32' title="bbox 373 1882 1965 1981">
     <span class='ocr_line' id='line_1_32' title="bbox 373 1882 1965 1981; baseline 0.001 -21"><span class='ocrx_word' id='word_1_218' title='bbox 373 1909 476 1961; x_wconf 74' lang='grc' dir='ltr'>καὶ</span> <span class='ocrx_word' id='word_1_219' title='bbox 524 1910 594 1962; x_wconf 78' lang='grc' dir='ltr'>τὸ</span> <span class='ocrx_word' id='word_1_220' title='bbox 639 1882 1117 1980; x_wconf 39' lang='grc' dir='ltr'>τοιοῦτον-σχῆμα</span> <span class='ocrx_word' id='word_1_221' title='bbox 1166 1882 1319 1981; x_wconf 76' lang='grc' dir='ltr'>παρὰ</span> <span class='ocrx_word' id='word_1_222' title='bbox 1374 1911 1441 1980; x_wconf 74' lang='grc' dir='ltr'>τῇ</span> <span class='ocrx_word' id='word_1_223' title='bbox 1496 1882 1743 1981; x_wconf 66' lang='grc' dir='ltr'>ὐαλαιᾷ·</span> <span class='ocrx_word' id='word_1_224' title='bbox 1777 1908 1852 1973; x_wconf 80' lang='grc' dir='ltr'><strong>ὡς</strong></span> <span class='ocrx_word' id='word_1_225' title='bbox 1869 1882 1965 1975; x_wconf 52' lang='lat'><strong>&#39;16,</strong></span> 
     </span>
    </p>
   </div>
   <div class='ocr_carea' id='block_1_33' title="bbox 2079 1882 3650 1993">
    <p class='ocr_par' dir='ltr' id='par_1_33' title="bbox 2079 1882 3650 1993">
     <span class='ocr_line' id='line_1_33' title="bbox 2079 1882 3650 1993; baseline 0.01 -30"><span class='ocrx_word' id='word_1_226' title='bbox 2079 1882 2808 1987; x_wconf 46' lang='lat' dir='ltr'><strong>iudicium&#39;ititelliges.vEst</strong></span> <span class='ocrx_word' id='word_1_227' title='bbox 2836 1882 3018 1974; x_wconf 73' lang='lat' dir='ltr'><strong>aciein</strong></span> <span class='ocrx_word' id='word_1_228' title='bbox 3044 1882 3650 1993; x_wconf 52' lang='grc' dir='ltr'>ιιὲεεθέιιηίτῖιᾷἶιξιᾷι</span> 
     </span>
    </p>
   </div>
   <div class='ocr_carea' id='block_1_34' title="bbox 376 1999 1966 2074">
    <p class='ocr_par' dir='ltr' id='par_1_34' title="bbox 376 1999 1966 2074">
     <span class='ocr_line' id='line_1_34' title="bbox 376 1999 1966 2074; baseline 0.009 -21"><span class='ocrx_word' id='word_1_229' title='bbox 376 1999 582 2064; x_wconf 77' lang='grc' dir='ltr'>Ἔλεος</span> <span class='ocrx_word' id='word_1_230' title='bbox 628 2000 726 2054; x_wconf 88' lang='grc' dir='ltr'>καὶ</span> <span class='ocrx_word' id='word_1_231' title='bbox 767 2001 1020 2073; x_wconf 76' lang='grc' dir='ltr'>ἀλήθεια,</span> <span class='ocrx_word' id='word_1_232' title='bbox 1054 2001 1176 2056; x_wconf 74' lang='grc' dir='ltr'>ἀντὶ</span> <span class='ocrx_word' id='word_1_233' title='bbox 1208 2000 1326 2067; x_wconf 82' lang='grc' dir='ltr'>τοῦ,</span> <span class='ocrx_word' id='word_1_234' title='bbox 1362 2001 1552 2065; x_wconf 76' lang='grc' dir='ltr'>Ἔλεος</span> <span class='ocrx_word' id='word_1_235' title='bbox 1597 1999 1852 2072; x_wconf 78' lang='grc' dir='ltr'>ἀληθινός</span> <span class='ocrx_word' id='word_1_236' title='bbox 1877 2018 1894 2032; x_wconf 89' lang='grc'><strong>⁹</strong></span> <span class='ocrx_word' id='word_1_237' title='bbox 1931 2000 1966 2074; x_wconf 76' lang='grc' dir='ltr'>ἦ</span> 
     </span>
    </p>
   </div>
   <div class='ocr_carea' id='block_1_35' title="bbox 373 2090 1972 2166">
    <p class='ocr_par' dir='ltr' id='par_1_35' title="bbox 373 2090 1972 2166">
     <span class='ocr_line' id='line_1_35' title="bbox 373 2090 1972 2166; baseline 0.001 -20"><span class='ocrx_word' id='word_1_238' title='bbox 373 2090 741 2164; x_wconf 79' lang='grc' dir='ltr'>δικαιοσύνην</span> <span class='ocrx_word' id='word_1_239' title='bbox 783 2093 884 2162; x_wconf 71' lang='grc' dir='ltr'><strong>μὶν</strong></span> <span class='ocrx_word' id='word_1_240' title='bbox 909 2092 1009 2163; x_wconf 74' lang='grc' dir='ltr'>τὴν</span> <span class='ocrx_word' id='word_1_241' title='bbox 1030 2092 1148 2160; x_wconf 70' lang='grc' dir='ltr'>ἕξιν</span> <span class='ocrx_word' id='word_1_242' title='bbox 1174 2091 1269 2147; x_wconf 78' lang='grc' dir='ltr'>τοῦ</span> <span class='ocrx_word' id='word_1_243' title='bbox 1303 2092 1533 2164; x_wconf 88' lang='grc' dir='ltr'>κρίνειν,</span> <span class='ocrx_word' id='word_1_244' title='bbox 1561 2096 1739 2164; x_wconf 83' lang='grc' dir='ltr'>κρῖμα</span> <span class='ocrx_word' id='word_1_245' title='bbox 1768 2092 1826 2147; x_wconf 78' lang='grc' dir='ltr'><strong>δὲ</strong></span> <span class='ocrx_word' id='word_1_246' title='bbox 1869 2094 1972 2166; x_wconf 74' lang='grc' dir='ltr'>τὴν</span> 
     </span>
    </p>
   </div>
   <div class='ocr_carea' id='block_1_36' title="bbox 377 2184 1973 2258">
    <p class='ocr_par' dir='ltr' id='par_1_36' title="bbox 377 2184 1973 2258">
     <span class='ocr_line' id='line_1_36' title="bbox 377 2184 1973 2258; baseline 0.002 -21"><span class='ocrx_word' id='word_1_247' title='bbox 377 2185 671 2254; x_wconf 79' lang='grc' dir='ltr'>ἀπόφασιν</span> <span class='ocrx_word' id='word_1_248' title='bbox 694 2202 709 2214; x_wconf 72' lang='grc'><strong>’</strong></span> <span class='ocrx_word' id='word_1_249' title='bbox 745 2186 840 2239; x_wconf 79' lang='grc' dir='ltr'>καὶ</span> <span class='ocrx_word' id='word_1_250' title='bbox 867 2185 1017 2251; x_wconf 80' lang='grc' dir='ltr'>ἔλεος</span> <span class='ocrx_word' id='word_1_251' title='bbox 1045 2185 1147 2251; x_wconf 72' lang='grc' dir='ltr'><strong>μὲν</strong></span> <span class='ocrx_word' id='word_1_252' title='bbox 1170 2188 1270 2257; x_wconf 81' lang='grc' dir='ltr'><strong>τὴν</strong></span> <span class='ocrx_word' id='word_1_253' title='bbox 1294 2184 1691 2258; x_wconf 70' lang='grc' dir='ltr'><strong>ἐλεημοσύνην,</strong></span> <span class='ocrx_word' id='word_1_254' title='bbox 1712 2185 1973 2257; x_wconf 79' lang='grc' dir='ltr'>ἀλήθειαν</span> 
     </span>
    </p>
   </div>
   <div class='ocr_carea' id='block_1_37' title="bbox 376 2277 1367 2349">
    <p class='ocr_par' dir='ltr' id='par_1_37' title="bbox 376 2277 1367 2349">
     <span class='ocr_line' id='line_1_37' title="bbox 376 2277 1367 2349; baseline 0.004 -18"><span class='ocrx_word' id='word_1_255' title='bbox 376 2277 438 2331; x_wconf 71' lang='grc' dir='ltr'><strong>δὲ</strong></span> <span class='ocrx_word' id='word_1_256' title='bbox 471 2277 579 2349; x_wconf 78' lang='grc' dir='ltr'><strong>τὴν</strong></span> <span class='ocrx_word' id='word_1_257' title='bbox 614 2277 842 2333; x_wconf 69' lang='grc' dir='ltr'>ἔκϐασιν</span> <span class='ocrx_word' id='word_1_258' title='bbox 870 2279 971 2349; x_wconf 84' lang='grc' dir='ltr'>τῆς</span> <span class='ocrx_word' id='word_1_259' title='bbox 1008 2277 1367 2349; x_wconf 72' lang='grc' dir='ltr'>ἀπαγγελίας.</span> 
     </span>
    </p>
   </div>
   <div class='ocr_carea' id='block_1_38' title="bbox 458 2549 1975 2630">
    <p class='ocr_par' dir='ltr' id='par_1_38' title="bbox 458 2549 1975 2630">
     <span class='ocr_line' id='line_1_38' title="bbox 458 2549 1975 2630; baseline -0.001 -14"><span class='ocrx_word' id='word_1_260' title='bbox 458 2561 683 2628; x_wconf 69' lang='grc' dir='ltr'>Ἔλεος</span> <span class='ocrx_word' id='word_1_261' title='bbox 709 2558 808 2617; x_wconf 76' lang='grc' dir='ltr'><strong>καί</strong></span> <span class='ocrx_word' id='word_1_262' title='bbox 824 2558 1079 2629; x_wconf 64' lang='grc' dir='ltr'>ἀλήθεια</span> <span class='ocrx_word' id='word_1_263' title='bbox 1106 2559 1624 2629; x_wconf 73' lang='grc' dir='ltr'><strong>προπορεύσονται</strong></span> <span class='ocrx_word' id='word_1_264' title='bbox 1638 2559 1754 2628; x_wconf 78' lang='grc' dir='ltr'><strong>πρὸ</strong></span> <span class='ocrx_word' id='word_1_265' title='bbox 1780 2549 1975 2630; x_wconf 79' lang='grc' dir='ltr'>προσ-</span> 
     </span>
    </p>
   </div>
   <div class='ocr_carea' id='block_1_39' title="bbox 370 2651 1977 2724">
    <p class='ocr_par' dir='ltr' id='par_1_39' title="bbox 370 2651 1977 2724">
     <span class='ocr_line' id='line_1_39' title="bbox 370 2651 1977 2724; baseline -0.001 -15"><span class='ocrx_word' id='word_1_266' title='bbox 370 2652 554 2719; x_wconf 61' lang='grc' dir='ltr'>ώπου</span> <span class='ocrx_word' id='word_1_267' title='bbox 613 2666 754 2708; x_wconf 89' lang='grc' dir='ltr'>σου.</span> <span class='ocrx_word' id='word_1_268' title='bbox 789 2652 890 2706; x_wconf 74' lang='grc' dir='ltr'>Διά</span> <span class='ocrx_word' id='word_1_269' title='bbox 932 2652 1045 2706; x_wconf 84' lang='grc' dir='ltr'>τῶν</span> <span class='ocrx_word' id='word_1_270' title='bbox 1100 2653 1386 2724; x_wconf 75' lang='grc' dir='ltr'><strong>τεσσάρων</strong></span> <span class='ocrx_word' id='word_1_271' title='bbox 1441 2653 1598 2706; x_wconf 70' lang='grc' dir='ltr'>ταυτὶ</span> <span class='ocrx_word' id='word_1_272' title='bbox 1630 2651 1701 2706; x_wconf 83' lang='grc' dir='ltr'><strong>τὰ</strong></span> <span class='ocrx_word' id='word_1_273' title='bbox 1731 2653 1977 2724; x_wconf 84' lang='grc' dir='ltr'>τέσσαρα</span> 
     </span>
    </p>
   </div>
   <div class='ocr_carea' id='block_1_40' title="bbox 375 2740 1978 2820">
    <p class='ocr_par' dir='ltr' id='par_1_40' title="bbox 375 2740 1978 2820">
     <span class='ocr_line' id='line_1_40' title="bbox 375 2740 1978 2820; baseline -0.001 -19"><span class='ocrx_word' id='word_1_274' title='bbox 375 2747 689 2820; x_wconf 79' lang='grc' dir='ltr'>ἐδήλωσεν,</span> <span class='ocrx_word' id='word_1_275' title='bbox 741 2747 828 2799; x_wconf 80' lang='grc' dir='ltr'>ὅτι</span> <span class='ocrx_word' id='word_1_276' title='bbox 888 2745 1243 2816; x_wconf 72' lang='grc' dir='ltr'>Ἑπιστήμων</span> <span class='ocrx_word' id='word_1_277' title='bbox 1290 2744 1385 2798; x_wconf 84' lang='grc' dir='ltr'>τοῦ</span> <span class='ocrx_word' id='word_1_278' title='bbox 1437 2744 1645 2817; x_wconf 76' lang='grc' dir='ltr'>κρίνειν</span> <span class='ocrx_word' id='word_1_279' title='bbox 1694 2740 1749 2799; x_wconf 78' lang='grc' dir='ltr'>εἶ</span> <span class='ocrx_word' id='word_1_280' title='bbox 1791 2744 1978 2815; x_wconf 76' lang='grc' dir='ltr'>φύσει,</span> 
     </span>
    </p>
   </div>
   <div class='ocr_carea' id='block_1_41' title="bbox 2071 2006 3650 2082">
    <p class='ocr_par' dir='ltr' id='par_1_41' title="bbox 2071 2006 3650 2082">
     <span class='ocr_line' id='line_1_41' title="bbox 2071 2006 3650 2082; baseline 0.006 -22"><span class='ocrx_word' id='word_1_281' title='bbox 2071 2006 2217 2077; x_wconf 83' lang='lat' dir='ltr'><strong>apud</strong></span> <span class='ocrx_word' id='word_1_282' title='bbox 2250 2007 2532 2078; x_wconf 85' lang='lat' dir='ltr'><strong>antiquam</strong></span> <span class='ocrx_word' id='word_1_283' title='bbox 2564 2010 2934 2082; x_wconf 83' lang='lat' dir='ltr'><strong>Scripturam,</strong></span> <span class='ocrx_word' id='word_1_284' title='bbox 2955 2021 3015 2069; x_wconf 85' lang='lat' dir='ltr'><strong>ut</strong></span> <span class='ocrx_word' id='word_1_285' title='bbox 3032 2014 3166 2070; x_wconf 80' lang='lat' dir='ltr'><strong>alibi</strong></span> <span class='ocrx_word' id='word_1_286' title='bbox 3191 2014 3457 2079; x_wconf 77' lang='lat' dir='ltr'><strong>diximus.</strong></span> <span class='ocrx_word' id='word_1_287' title='bbox 3482 2018 3650 2073; x_wconf 90' lang='lat' dir='ltr'><strong>sicuti</strong></span> 
     </span>
    </p>
   </div>
   <div class='ocr_carea' id='block_1_42' title="bbox 2072 2100 3649 2177">
    <p class='ocr_par' dir='ltr' id='par_1_42' title="bbox 2072 2100 3649 2177">
     <span class='ocr_line' id='line_1_42' title="bbox 2072 2100 3649 2177; baseline 0.008 -25"><span class='ocrx_word' id='word_1_288' title='bbox 2072 2111 2199 2153; x_wconf 87' lang='lat' dir='ltr'><strong>cum</strong></span> <span class='ocrx_word' id='word_1_289' title='bbox 2244 2100 2631 2161; x_wconf 85' lang='lat' dir='ltr'><strong>misericordia</strong></span> <span class='ocrx_word' id='word_1_290' title='bbox 2658 2113 2712 2160; x_wconf 86' lang='lat' dir='ltr'><strong>et</strong></span> <span class='ocrx_word' id='word_1_291' title='bbox 2737 2105 2943 2161; x_wconf 84' lang='lat' dir='ltr'><strong>veritas</strong></span> <span class='ocrx_word' id='word_1_292' title='bbox 2979 2107 3224 2176; x_wconf 87' lang='lat' dir='ltr'><strong>ponitur,</strong></span> <span class='ocrx_word' id='word_1_293' title='bbox 3258 2122 3359 2177; x_wconf 86' lang='lat' dir='ltr'><strong>pro</strong></span> <span class='ocrx_word' id='word_1_294' title='bbox 3388 2123 3517 2165; x_wconf 80' lang='lat' dir='ltr'><strong>vera</strong></span> <span class='ocrx_word' id='word_1_295' title='bbox 3542 2110 3649 2164; x_wconf 84' lang='lat' dir='ltr'><strong>mi-</strong></span> 
     </span>
    </p>
   </div>
   <div class='ocr_carea' id='block_1_43' title="bbox 2074 2190 3649 2269">
    <p class='ocr_par' dir='ltr' id='par_1_43' title="bbox 2074 2190 3649 2269">
     <span class='ocr_line' id='line_1_43' title="bbox 2074 2190 3649 2269; baseline 0.008 -25"><span class='ocrx_word' id='word_1_296' title='bbox 2074 2190 2397 2248; x_wconf 82' lang='lat' dir='ltr'><strong>scricmdia.</strong></span> <span class='ocrx_word' id='word_1_297' title='bbox 2447 2193 2539 2249; x_wconf 82' lang='lat' dir='ltr'><strong>Vel</strong></span> <span class='ocrx_word' id='word_1_298' title='bbox 2608 2211 2705 2265; x_wconf 90' lang='lat' dir='ltr'><strong>per</strong></span> <span class='ocrx_word' id='word_1_299' title='bbox 2756 2198 3027 2266; x_wconf 80' lang='lat' dir='ltr'><strong>justitiam</strong></span> <span class='ocrx_word' id='word_1_300' title='bbox 3063 2198 3352 2269; x_wconf 85' lang='lat' dir='ltr'><strong>judicandi</strong></span> <span class='ocrx_word' id='word_1_301' title='bbox 3399 2201 3649 2257; x_wconf 80' lang='lat' dir='ltr'><strong>habitum</strong></span> 
     </span>
    </p>
   </div>
   <div class='ocr_carea' id='block_1_44' title="bbox 2075 2281 3653 2365">
    <p class='ocr_par' dir='ltr' id='par_1_44' title="bbox 2075 2281 3653 2365">
     <span class='ocr_line' id='line_1_44' title="bbox 2075 2281 3653 2365; baseline 0.008 -30"><span class='ocrx_word' id='word_1_302' title='bbox 2075 2281 2340 2355; x_wconf 70' lang='lat' dir='ltr'><strong>intelligo,</strong></span> <span class='ocrx_word' id='word_1_303' title='bbox 2366 2300 2460 2354; x_wconf 85' lang='lat' dir='ltr'><strong>per</strong></span> <span class='ocrx_word' id='word_1_304' title='bbox 2471 2285 2741 2354; x_wconf 85' lang='lat' dir='ltr'><strong>judicium</strong></span> <span class='ocrx_word' id='word_1_305' title='bbox 2765 2304 2892 2345; x_wconf 72' lang='lat' dir='ltr'><strong>vero</strong></span> <span class='ocrx_word' id='word_1_306' title='bbox 2910 2290 3084 2360; x_wconf 81' lang='lat' dir='ltr'><strong>ipsam</strong></span> <span class='ocrx_word' id='word_1_307' title='bbox 3106 2292 3459 2359; x_wconf 83' lang='lat' dir='ltr'><strong>sententiam,</strong></span> <span class='ocrx_word' id='word_1_308' title='bbox 3479 2302 3535 2350; x_wconf 85' lang='lat' dir='ltr'><strong>et</strong></span> <span class='ocrx_word' id='word_1_309' title='bbox 3555 2308 3653 2365; x_wconf 88' lang='lat' dir='ltr'><strong>per</strong></span> 
     </span>
    </p>
   </div>
   <div class='ocr_carea' id='block_1_45' title="bbox 2075 2374 3645 2456">
    <p class='ocr_par' dir='ltr' id='par_1_45' title="bbox 2075 2374 3645 2456">
     <span class='ocr_line' id='line_1_45' title="bbox 2075 2374 3645 2456; baseline 0.009 -29"><span class='ocrx_word' id='word_1_310' title='bbox 2075 2374 2948 2452; x_wconf 76' lang='lat' dir='ltr'><strong>misericordiam,eleemosynam</strong></span> <span class='ocrx_word' id='word_1_311' title='bbox 2984 2383 3089 2456; x_wconf 81' lang='lat'><strong>(5),</strong></span> <span class='ocrx_word' id='word_1_312' title='bbox 3114 2393 3170 2439; x_wconf 88' lang='lat' dir='ltr'><strong>et</strong></span> <span class='ocrx_word' id='word_1_313' title='bbox 3210 2399 3309 2455; x_wconf 88' lang='lat' dir='ltr'><strong>per</strong></span> <span class='ocrx_word' id='word_1_314' title='bbox 3335 2384 3645 2449; x_wconf 74' lang='lat' dir='ltr'><strong>veritatem.</strong></span> 
     </span>
    </p>
   </div>
   <div class='ocr_carea' id='block_1_46' title="bbox 2077 2470 2777 2537">
    <p class='ocr_par' dir='ltr' id='par_1_46' title="bbox 2077 2470 2777 2537">
     <span class='ocr_line' id='line_1_46' title="bbox 2077 2470 2777 2537; baseline 0.006 -13"><span class='ocrx_word' id='word_1_315' title='bbox 2077 2470 2465 2537; x_wconf 85' lang='lat' dir='ltr'><strong>promissionis</strong></span> <span class='ocrx_word' id='word_1_316' title='bbox 2492 2483 2777 2529; x_wconf 85' lang='lat' dir='ltr'><strong>eventum.</strong></span> 
     </span>
    </p>
   </div>
   <div class='ocr_carea' id='block_1_47' title="bbox 2149 2558 3652 2640">
    <p class='ocr_par' dir='ltr' id='par_1_47' title="bbox 2149 2558 3652 2640">
     <span class='ocr_line' id='line_1_47' title="bbox 2149 2558 3652 2640; baseline 0.008 -28"><span class='ocrx_word' id='word_1_317' title='bbox 2149 2558 2317 2617; x_wconf 74' lang='lat' dir='ltr'><strong>Vens.</strong></span> <span class='ocrx_word' id='word_1_318' title='bbox 2341 2562 2427 2619; x_wconf 81' lang='lat' dir='ltr'><strong>l5.</strong></span> <span class='ocrx_word' id='word_1_319' title='bbox 2459 2562 2825 2621; x_wconf 70' lang='lat' dir='ltr'><strong>Misericordia</strong></span> <span class='ocrx_word' id='word_1_320' title='bbox 2844 2580 2893 2624; x_wconf 79' lang='lat' dir='ltr'><strong>et</strong></span> <span class='ocrx_word' id='word_1_321' title='bbox 2918 2570 3111 2625; x_wconf 71' lang='lat' dir='ltr'><strong>veritas</strong></span> <span class='ocrx_word' id='word_1_322' title='bbox 3135 2570 3432 2639; x_wconf 56' lang='lat' dir='ltr'><strong>precedent</strong></span> <span class='ocrx_word' id='word_1_323' title='bbox 3460 2570 3652 2640; x_wconf 72' lang='lat' dir='ltr'><strong>faciem</strong></span> 
     </span>
    </p>
   </div>
   <div class='ocr_carea' id='block_1_48' title="bbox 2080 2652 3653 2733">
    <p class='ocr_par' dir='ltr' id='par_1_48' title="bbox 2080 2652 3653 2733">
     <span class='ocr_line' id='line_1_48' title="bbox 2080 2652 3653 2733; baseline 0.008 -30"><span class='ocrx_word' id='word_1_324' title='bbox 2080 2660 2251 2705; x_wconf 83' lang='lat' dir='ltr'><strong>tuam.</strong></span> <span class='ocrx_word' id='word_1_325' title='bbox 2306 2652 2555 2721; x_wconf 81' lang='lat' dir='ltr'><strong>Quatuor</strong></span> <span class='ocrx_word' id='word_1_326' title='bbox 2643 2657 2725 2710; x_wconf 70' lang='grc' dir='ltr'>Ιιςυ</span> <span class='ocrx_word' id='word_1_327' title='bbox 2795 2659 3046 2726; x_wconf 83' lang='lat' dir='ltr'><strong>virtutes,</strong></span> <span class='ocrx_word' id='word_1_328' title='bbox 3116 2669 3355 2728; x_wconf 81' lang='lat' dir='ltr'><strong>quatuor</strong></span> <span class='ocrx_word' id='word_1_329' title='bbox 3404 2663 3653 2733; x_wconf 63' lang='lat' dir='ltr'><strong>quaedam</strong></span> 
     </span>
    </p>
   </div>
   <div class='ocr_carea' id='block_1_49' title="bbox 2083 2744 3657 2824">
    <p class='ocr_par' dir='ltr' id='par_1_49' title="bbox 2083 2744 3657 2824">
     <span class='ocr_line' id='line_1_49' title="bbox 2083 2744 3657 2824; baseline 0.008 -27"><span class='ocrx_word' id='word_1_330' title='bbox 2083 2744 2462 2812; x_wconf 81' lang='lat' dir='ltr'><strong>particulatim</strong></span> <span class='ocrx_word' id='word_1_331' title='bbox 2511 2747 2566 2801; x_wconf 89' lang='lat' dir='ltr'><strong>in</strong></span> <span class='ocrx_word' id='word_1_332' title='bbox 2602 2746 2714 2802; x_wconf 87' lang='lat' dir='ltr'><strong>Deo</strong></span> <span class='ocrx_word' id='word_1_333' title='bbox 2754 2752 2917 2807; x_wconf 84' lang='lat' dir='ltr'><strong>nobis</strong></span> <span class='ocrx_word' id='word_1_334' title='bbox 2950 2753 3290 2823; x_wconf 85' lang='lat' dir='ltr'><strong>signiﬁcant,</strong></span> <span class='ocrx_word' id='word_1_335' title='bbox 3325 2755 3474 2824; x_wconf 86' lang='lat' dir='ltr'><strong>quod</strong></span> <span class='ocrx_word' id='word_1_336' title='bbox 3513 2753 3657 2810; x_wconf 82' lang='lat' dir='ltr'><strong>Deus</strong></span> 
     </span>
    </p>
   </div>
   <div class='ocr_carea' id='block_1_50' title="bbox 381 2834 1976 2916">
    <p class='ocr_par' dir='ltr' id='par_1_50' title="bbox 381 2834 1976 2907">
     <span class='ocr_line' id='line_1_50' title="bbox 381 2834 1976 2907; baseline -0.001 -14"><span class='ocrx_word' id='word_1_337' title='bbox 381 2841 484 2895; x_wconf 69' lang='grc' dir='ltr'>καὶ</span> <span class='ocrx_word' id='word_1_338' title='bbox 551 2836 901 2907; x_wconf 74' lang='grc' dir='ltr'>ἀποφαίνεις,</span> <span class='ocrx_word' id='word_1_339' title='bbox 965 2838 1064 2889; x_wconf 76' lang='grc' dir='ltr'>καὶ</span> <span class='ocrx_word' id='word_1_340' title='bbox 1121 2837 1293 2902; x_wconf 70' lang='grc' dir='ltr'>ἐλεεῖς</span> <span class='ocrx_word' id='word_1_341' title='bbox 1350 2837 1446 2890; x_wconf 73' lang='grc' dir='ltr'>καὶ</span> <span class='ocrx_word' id='word_1_342' title='bbox 1503 2834 1833 2907; x_wconf 76' lang='grc' dir='ltr'>ἀληθεύιιςο</span> <span class='ocrx_word' id='word_1_343' title='bbox 1885 2837 1976 2891; x_wconf 70' lang='grc' dir='ltr'><strong>διὰ</strong></span> 
     </span>
    </p>
   </div>
   <div class='ocr_carea' id='block_1_51' title="bbox 2079 2834 3655 2916">
    <p class='ocr_par' dir='ltr' id='par_1_51' title="bbox 2082 2835 3655 2916">
     <span class='ocr_line' id='line_1_51' title="bbox 2082 2835 3655 2916; baseline 0.009 -30"><span class='ocrx_word' id='word_1_344' title='bbox 2082 2835 2341 2891; x_wconf 76' lang='lat' dir='ltr'><strong>videlicet</strong></span> <span class='ocrx_word' id='word_1_345' title='bbox 2371 2837 2458 2892; x_wconf 86' lang='lat' dir='ltr'><strong>sui</strong></span> <span class='ocrx_word' id='word_1_346' title='bbox 2494 2849 2689 2895; x_wconf 79' lang='lat' dir='ltr'><strong>natura</strong></span> <span class='ocrx_word' id='word_1_347' title='bbox 2719 2844 2944 2911; x_wconf 87' lang='lat' dir='ltr'><strong>sapiens</strong></span> <span class='ocrx_word' id='word_1_348' title='bbox 2978 2843 3049 2897; x_wconf 86' lang='lat' dir='ltr'><strong>sit</strong></span> <span class='ocrx_word' id='word_1_349' title='bbox 3080 2844 3136 2899; x_wconf 89' lang='lat' dir='ltr'><strong>in</strong></span> <span class='ocrx_word' id='word_1_350' title='bbox 3156 2845 3481 2915; x_wconf 89' lang='lat' dir='ltr'><strong>judicando,</strong></span> <span class='ocrx_word' id='word_1_351' title='bbox 3507 2848 3655 2916; x_wconf 87' lang='lat' dir='ltr'><strong>quod</strong></span> 
     </span>
    </p>
   </div>
   <div class='ocr_carea' id='block_1_52' title="bbox 382 2926 1976 3006">
    <p class='ocr_par' dir='ltr' id='par_1_52' title="bbox 382 2930 1976 3004">
     <span class='ocr_line' id='line_1_52' title="bbox 382 2930 1976 3004; baseline -0.002 -16"><span class='ocrx_word' id='word_1_352' title='bbox 382 2932 557 2989; x_wconf 77' lang='grc' dir='ltr'>τοῦτο</span> <span class='ocrx_word' id='word_1_353' title='bbox 602 2932 847 2995; x_wconf 81' lang='grc' dir='ltr'>δικάσεις</span> <span class='ocrx_word' id='word_1_354' title='bbox 876 2934 945 3003; x_wconf 78' lang='grc' dir='ltr'><strong>τῇ</strong></span> <span class='ocrx_word' id='word_1_355' title='bbox 979 2932 1393 3004; x_wconf 76' lang='grc' dir='ltr'>τυραννουμένῃ</span> <span class='ocrx_word' id='word_1_356' title='bbox 1432 2931 1595 3001; x_wconf 67' lang='grc' dir='ltr'>φύσει</span> <span class='ocrx_word' id='word_1_357' title='bbox 1630 2930 1739 2986; x_wconf 82' lang='grc' dir='ltr'><strong>τῶν</strong></span> <span class='ocrx_word' id='word_1_358' title='bbox 1768 2930 1976 3001; x_wconf 82' lang='grc' dir='ltr'>ἀνθρώ-</span> 
     </span>
    </p>
   </div>
   <div class='ocr_carea' id='block_1_53' title="bbox 2079 2926 3656 3006">
    <p class='ocr_par' dir='ltr' id='par_1_53' title="bbox 2079 2926 3656 3006">
     <span class='ocr_line' id='line_1_53' title="bbox 2079 2926 3656 3006; baseline 0.008 -26"><span class='ocrx_word' id='word_1_359' title='bbox 2079 2926 2308 2996; x_wconf 84' lang='lat' dir='ltr'><strong>jttdicet,</strong></span> <span class='ocrx_word' id='word_1_360' title='bbox 2360 2933 2505 3000; x_wconf 85' lang='lat' dir='ltr'><strong>quod</strong></span> <span class='ocrx_word' id='word_1_361' title='bbox 2566 2934 2917 2999; x_wconf 85' lang='lat' dir='ltr'><strong>misereatur,</strong></span> <span class='ocrx_word' id='word_1_362' title='bbox 2971 2937 3115 3006; x_wconf 89' lang='lat' dir='ltr'><strong>quod</strong></span> <span class='ocrx_word' id='word_1_363' title='bbox 3183 2953 3310 2994; x_wconf 85' lang='lat' dir='ltr'><strong>vera</strong></span> <span class='ocrx_word' id='word_1_364' title='bbox 3353 2939 3525 2997; x_wconf 81' lang='lat' dir='ltr'><strong>dicat.</strong></span> <span class='ocrx_word' id='word_1_365' title='bbox 3572 2940 3656 2993; x_wconf 83' lang='lat' dir='ltr'><strong>Tu</strong></span> 
     </span>
    </p>
   </div>
   <div class='ocr_carea' id='block_1_54' title="bbox 385 3020 1976 3102">
    <p class='ocr_par' dir='ltr' id='par_1_54' title="bbox 385 3023 1976 3096">
     <span class='ocr_line' id='line_1_54' title="bbox 385 3023 1976 3096; baseline -0.001 -15"><span class='ocrx_word' id='word_1_366' title='bbox 385 3042 537 3091; x_wconf 77' lang='grc' dir='ltr'>πων,</span> <span class='ocrx_word' id='word_1_367' title='bbox 570 3026 667 3079; x_wconf 78' lang='grc' dir='ltr'>καὶ</span> <span class='ocrx_word' id='word_1_368' title='bbox 726 3024 1030 3093; x_wconf 75' lang='grc' dir='ltr'>ἀποφανεῖς</span> <span class='ocrx_word' id='word_1_369' title='bbox 1059 3023 1203 3077; x_wconf 73' lang='grc' dir='ltr'>κατὰ</span> <span class='ocrx_word' id='word_1_370' title='bbox 1232 3023 1332 3095; x_wconf 82' lang='grc' dir='ltr'>τῆς</span> <span class='ocrx_word' id='word_1_371' title='bbox 1370 3024 1743 3096; x_wconf 68' lang='grc' dir='ltr'>τυραννούσης</span> <span class='ocrx_word' id='word_1_372' title='bbox 1769 3025 1976 3094; x_wconf 76' lang='grc' dir='ltr'>πλάνης</span> 
     </span>
    </p>
   </div>
   <div class='ocr_carea' id='block_1_55' title="bbox 2079 3020 3657 3102">
    <p class='ocr_par' dir='ltr' id='par_1_55' title="bbox 2086 3020 3657 3102">
     <span class='ocr_line' id='line_1_55' title="bbox 2086 3020 3657 3102; baseline 0.008 -28"><span class='ocrx_word' id='word_1_373' title='bbox 2086 3020 2314 3085; x_wconf 85' lang='lat' dir='ltr'><strong>idcirco,</strong></span> <span class='ocrx_word' id='word_1_374' title='bbox 2372 3023 2573 3094; x_wconf 89' lang='lat' dir='ltr'><strong>inquit,</strong></span> <span class='ocrx_word' id='word_1_375' title='bbox 2621 3028 2876 3082; x_wconf 74' lang='lat' dir='ltr'><strong>humana:</strong></span> <span class='ocrx_word' id='word_1_376' title='bbox 2923 3042 3156 3096; x_wconf 67' lang='lat' dir='ltr'><strong>naturas,</strong></span> <span class='ocrx_word' id='word_1_377' title='bbox 3194 3046 3317 3101; x_wconf 77' lang='lat' dir='ltr'><strong>qua:</strong></span> <span class='ocrx_word' id='word_1_378' title='bbox 3362 3032 3657 3102; x_wconf 82' lang='lat' dir='ltr'><strong>tyrannide</strong></span> 
     </span>
    </p>
   </div>
   <div class='ocr_carea' id='block_1_56' title="bbox 385 3115 1976 3188">
    <p class='ocr_par' dir='ltr' id='par_1_56' title="bbox 385 3115 1976 3188">
     <span class='ocr_line' id='line_1_56' title="bbox 385 3115 1976 3188; baseline 0 -15"><span class='ocrx_word' id='word_1_379' title='bbox 385 3118 503 3173; x_wconf 81' lang='grc' dir='ltr'><strong>τῶν</strong></span> <span class='ocrx_word' id='word_1_380' title='bbox 551 3116 813 3182; x_wconf 79' lang='grc' dir='ltr'><strong>εἰδώλων,</strong></span> <span class='ocrx_word' id='word_1_381' title='bbox 867 3117 965 3171; x_wconf 74' lang='grc' dir='ltr'>καὶ</span> <span class='ocrx_word' id='word_1_382' title='bbox 1019 3116 1266 3187; x_wconf 75' lang='grc' dir='ltr'>ἐλεήσεις</span> <span class='ocrx_word' id='word_1_383' title='bbox 1315 3115 1378 3171; x_wconf 78' lang='grc' dir='ltr'><strong>τὸ</strong></span> <span class='ocrx_word' id='word_1_384' title='bbox 1436 3117 1663 3188; x_wconf 69' lang='grc' dir='ltr'>πλάσμα</span> <span class='ocrx_word' id='word_1_385' title='bbox 1719 3135 1836 3184; x_wconf 85' lang='grc' dir='ltr'>σου,</span> <span class='ocrx_word' id='word_1_386' title='bbox 1887 3121 1976 3173; x_wconf 77' lang='grc' dir='ltr'>καὶ</span> 
     </span>
    </p>
   </div>
   <div class='ocr_carea' id='block_1_57' title="bbox 2079 3115 3655 3188">
    <p class='ocr_par' dir='ltr' id='par_1_57' title="bbox 2084 3118 3655 3185">
     <span class='ocr_line' id='line_1_57' title="bbox 2084 3118 3655 3185; baseline 0.005 -16"><span class='ocrx_word' id='word_1_387' title='bbox 2084 3128 2402 3180; x_wconf 83' lang='lat' dir='ltr'><strong>coercetur,</strong></span> <span class='ocrx_word' id='word_1_388' title='bbox 2451 3118 2723 3185; x_wconf 75' lang='lat' dir='ltr'><strong>judicium</strong></span> <span class='ocrx_word' id='word_1_389' title='bbox 2770 3119 2959 3183; x_wconf 77' lang='lat' dir='ltr'><strong>iacies.</strong></span> <span class='ocrx_word' id='word_1_390' title='bbox 2990 3130 3048 3176; x_wconf 82' lang='lat' dir='ltr'><strong>et</strong></span> <span class='ocrx_word' id='word_1_391' title='bbox 3090 3122 3354 3178; x_wconf 79' lang='lat' dir='ltr'><strong>adversus</strong></span> <span class='ocrx_word' id='word_1_392' title='bbox 3383 3124 3655 3181; x_wconf 87' lang='lat' dir='ltr'><strong>idolorum</strong></span> 
     </span>
    </p>
   </div>
   <div class='ocr_carea' id='block_1_58' title="bbox 386 3209 1976 3291">
    <p class='ocr_par' dir='ltr' id='par_1_58' title="bbox 386 3209 1976 3283">
     <span class='ocr_line' id='line_1_58' title="bbox 386 3209 1976 3283; baseline 0 -18"><span class='ocrx_word' id='word_1_393' title='bbox 386 3209 721 3281; x_wconf 81' lang='grc' dir='ltr'>ἀληθεύσεις</span> <span class='ocrx_word' id='word_1_394' title='bbox 776 3210 877 3273; x_wconf 69' lang='grc' dir='ltr'><strong>τὰς</strong></span> <span class='ocrx_word' id='word_1_395' title='bbox 923 3211 1063 3283; x_wconf 81' lang='grc' dir='ltr'>πρός</span> <span class='ocrx_word' id='word_1_396' title='bbox 1111 3226 1180 3279; x_wconf 82' lang='grc' dir='ltr'>με</span> <span class='ocrx_word' id='word_1_397' title='bbox 1228 3211 1326 3263; x_wconf 77' lang='grc' dir='ltr'>καὶ</span> <span class='ocrx_word' id='word_1_398' title='bbox 1362 3212 1489 3272; x_wconf 64' lang='grc' dir='ltr'>τοὺς</span> <span class='ocrx_word' id='word_1_399' title='bbox 1541 3210 1833 3275; x_wconf 83' lang='grc' dir='ltr'>ἐκλεκτούς</span> <span class='ocrx_word' id='word_1_400' title='bbox 1884 3228 1976 3265; x_wconf 82' lang='grc' dir='ltr'><strong>σου</strong></span> 
     </span>
    </p>
   </div>
   <div class='ocr_carea' id='block_1_59' title="bbox 2079 3209 3661 3291">
    <p class='ocr_par' dir='ltr' id='par_1_59' title="bbox 2083 3210 3661 3279">
     <span class='ocr_line' id='line_1_59' title="bbox 2083 3210 3661 3279; baseline 0.006 -16"><span class='ocrx_word' id='word_1_401' title='bbox 2083 3223 2350 3273; x_wconf 84' lang='lat' dir='ltr'><strong>errorem,</strong></span> <span class='ocrx_word' id='word_1_402' title='bbox 2387 3210 2482 3279; x_wconf 81' lang='lat' dir='ltr'><strong>qui</strong></span> <span class='ocrx_word' id='word_1_403' title='bbox 2538 3212 2887 3279; x_wconf 84' lang='lat' dir='ltr'><strong>tyrannidem</strong></span> <span class='ocrx_word' id='word_1_404' title='bbox 2925 3213 3067 3268; x_wconf 84' lang='lat' dir='ltr'><strong>hanc</strong></span> <span class='ocrx_word' id='word_1_405' title='bbox 3113 3216 3167 3269; x_wconf 87' lang='lat' dir='ltr'><strong>in</strong></span> <span class='ocrx_word' id='word_1_406' title='bbox 3205 3215 3458 3272; x_wconf 84' lang='lat' dir='ltr'><strong>homines</strong></span> <span class='ocrx_word' id='word_1_407' title='bbox 3487 3230 3661 3272; x_wconf 66' lang='lat' dir='ltr'><strong>occuo</strong></span> 
     </span>
    </p>
   </div>
   <div class='ocr_carea' id='block_1_60' title="bbox 389 3300 1976 3371">
    <p class='ocr_par' dir='ltr' id='par_1_60' title="bbox 389 3300 1976 3371">
     <span class='ocr_line' id='line_1_60' title="bbox 389 3300 1976 3371; baseline 0.001 -14"><span class='ocrx_word' id='word_1_408' title='bbox 389 3301 754 3371; x_wconf 75' lang='grc' dir='ltr'><strong>ἐπαγγελίας.</strong></span> <span class='ocrx_word' id='word_1_409' title='bbox 783 3300 943 3356; x_wconf 77' lang='grc' dir='ltr'>Ἐστι</span> <span class='ocrx_word' id='word_1_410' title='bbox 972 3302 1146 3356; x_wconf 77' lang='grc' dir='ltr'>δὲκαὶ</span> <span class='ocrx_word' id='word_1_411' title='bbox 1173 3302 1347 3367; x_wconf 78' lang='grc' dir='ltr'>ἄλλως</span> <span class='ocrx_word' id='word_1_412' title='bbox 1367 3302 1567 3368; x_wconf 83' lang='grc' dir='ltr'>εἰπεῖν,</span> <span class='ocrx_word' id='word_1_413' title='bbox 1595 3305 1674 3356; x_wconf 80' lang='grc' dir='ltr'>ὅτι</span> <span class='ocrx_word' id='word_1_414' title='bbox 1708 3302 1858 3368; x_wconf 84' lang='grc' dir='ltr'>ἔλεος</span> <span class='ocrx_word' id='word_1_415' title='bbox 1888 3305 1976 3358; x_wconf 76' lang='grc' dir='ltr'>καὶ</span> 
     </span>
    </p>
   </div>
   <div class='ocr_carea' id='block_1_61' title="bbox 2079 3300 3661 3371">
    <p class='ocr_par' dir='ltr' id='par_1_61' title="bbox 2085 3300 3661 3368">
     <span class='ocr_line' id='line_1_61' title="bbox 2085 3300 3661 3368; baseline 0.008 -19"><span class='ocrx_word' id='word_1_416' title='bbox 2085 3300 2257 3368; x_wconf 80' lang='lat' dir='ltr'><strong>pavit,</strong></span> <span class='ocrx_word' id='word_1_417' title='bbox 2306 3301 2643 3355; x_wconf 83' lang='lat' dir='ltr'><strong>sententiam</strong></span> <span class='ocrx_word' id='word_1_418' title='bbox 2692 3301 2853 3367; x_wconf 70' lang='lat' dir='ltr'><strong>feres,</strong></span> <span class='ocrx_word' id='word_1_419' title='bbox 2884 3311 2941 3357; x_wconf 88' lang='lat' dir='ltr'><strong>et</strong></span> <span class='ocrx_word' id='word_1_420' title='bbox 2990 3303 3339 3360; x_wconf 79' lang='lat' dir='ltr'><strong>misereberis</strong></span> <span class='ocrx_word' id='word_1_421' title='bbox 3388 3315 3661 3362; x_wconf 68' lang='lat' dir='ltr'><strong>creatura:</strong></span> 
     </span>
    </p>
   </div>
   <div class='ocr_carea' id='block_1_62' title="bbox 391 3392 1976 3469">
    <p class='ocr_par' dir='ltr' id='par_1_62' title="bbox 391 3393 1976 3466">
     <span class='ocr_line' id='line_1_62' title="bbox 391 3393 1976 3466; baseline 0.002 -20"><span class='ocrx_word' id='word_1_422' title='bbox 391 3393 629 3463; x_wconf 76' lang='grc' dir='ltr'>ἀλήθεια</span> <span class='ocrx_word' id='word_1_423' title='bbox 675 3394 925 3463; x_wconf 79' lang='grc' dir='ltr'>λέγονται</span> <span class='ocrx_word' id='word_1_424' title='bbox 966 3394 1414 3466; x_wconf 75' lang='grc' dir='ltr'>προπορεύεσθαι</span> <span class='ocrx_word' id='word_1_425' title='bbox 1449 3394 1546 3448; x_wconf 76' lang='grc' dir='ltr'><strong>τοῦ</strong></span> <span class='ocrx_word' id='word_1_426' title='bbox 1596 3395 1756 3460; x_wconf 85' lang='grc' dir='ltr'>Θεοῦ,</span> <span class='ocrx_word' id='word_1_427' title='bbox 1786 3396 1875 3450; x_wconf 84' lang='grc' dir='ltr'><strong>διὰ</strong></span> <span class='ocrx_word' id='word_1_428' title='bbox 1924 3401 1976 3449; x_wconf 72' lang='grc' dir='ltr'><strong>τι</strong></span> 
     </span>
    </p>
   </div>
   <div class='ocr_carea' id='block_1_63' title="bbox 2079 3392 3660 3469">
    <p class='ocr_par' dir='ltr' id='par_1_63' title="bbox 2083 3392 3660 3469">
     <span class='ocr_line' id='line_1_63' title="bbox 2083 3392 3660 3469; baseline 0.008 -27"><span class='ocrx_word' id='word_1_429' title='bbox 2083 3398 2216 3453; x_wconf 65' lang='lat' dir='ltr'><strong>tuae,</strong></span> <span class='ocrx_word' id='word_1_430' title='bbox 2241 3399 2295 3453; x_wconf 80' lang='lat' dir='ltr'><strong>et</strong></span> <span class='ocrx_word' id='word_1_431' title='bbox 2328 3406 2489 3445; x_wconf 81' lang='lat' dir='ltr'><strong>veras</strong></span> <span class='ocrx_word' id='word_1_432' title='bbox 2519 3407 2642 3447; x_wconf 89' lang='lat' dir='ltr'><strong>esse</strong></span> <span class='ocrx_word' id='word_1_433' title='bbox 2679 3392 2850 3447; x_wconf 81' lang='lat' dir='ltr'><strong>facies</strong></span> <span class='ocrx_word' id='word_1_434' title='bbox 2894 3396 3295 3462; x_wconf 86' lang='lat' dir='ltr'><strong>promissiones</strong></span> <span class='ocrx_word' id='word_1_435' title='bbox 3342 3406 3488 3465; x_wconf 82' lang='lat' dir='ltr'><strong>tuas,</strong></span> <span class='ocrx_word' id='word_1_436' title='bbox 3518 3414 3660 3469; x_wconf 86' lang='lat' dir='ltr'><strong>quas</strong></span> 
     </span>
    </p>
   </div>
   <div class='ocr_carea' id='block_1_64' title="bbox 396 3485 1984 3559">
    <p class='ocr_par' dir='ltr' id='par_1_64' title="bbox 396 3485 1984 3559">
     <span class='ocr_line' id='line_1_64' title="bbox 396 3485 1984 3559; baseline 0.001 -20"><span class='ocrx_word' id='word_1_437' title='bbox 396 3486 477 3557; x_wconf 76' lang='grc' dir='ltr'><strong>μὴ</strong></span> <span class='ocrx_word' id='word_1_438' title='bbox 496 3486 762 3541; x_wconf 79' lang='grc' dir='ltr'>δύνασθαί</span> <span class='ocrx_word' id='word_1_439' title='bbox 782 3505 905 3542; x_wconf 85' lang='grc' dir='ltr'>τινα</span> <span class='ocrx_word' id='word_1_440' title='bbox 933 3487 1266 3559; x_wconf 77' lang='grc' dir='ltr'>προσϐαλεῖν</span> <span class='ocrx_word' id='word_1_441' title='bbox 1294 3489 1370 3558; x_wconf 70' lang='grc' dir='ltr'><strong>τῷ</strong></span> <span class='ocrx_word' id='word_1_442' title='bbox 1394 3487 1679 3559; x_wconf 80' lang='grc' dir='ltr'>προσώπῳ</span> <span class='ocrx_word' id='word_1_443' title='bbox 1698 3485 1794 3543; x_wconf 79' lang='grc' dir='ltr'><strong>τοῦ</strong></span> <span class='ocrx_word' id='word_1_444' title='bbox 1823 3487 1984 3555; x_wconf 80' lang='grc' dir='ltr'>Θεοῦ,</span> 
     </span>
    </p>
   </div>
   <div class='ocr_carea' id='block_1_65' title="bbox 392 3577 1983 3653">
    <p class='ocr_par' dir='ltr' id='par_1_65' title="bbox 392 3577 1983 3653">
     <span class='ocr_line' id='line_1_65' title="bbox 392 3577 1983 3653; baseline 0.003 -22"><span class='ocrx_word' id='word_1_445' title='bbox 392 3578 575 3632; x_wconf 68' lang='lat' dir='ltr'><strong>show</strong></span> <span class='ocrx_word' id='word_1_446' title='bbox 601 3583 666 3650; x_wconf 79' lang='grc' dir='ltr'><strong>τῇ</strong></span> <span class='ocrx_word' id='word_1_447' title='bbox 696 3578 1015 3647; x_wconf 80' lang='grc' dir='ltr'>ἀπογνώσει</span> <span class='ocrx_word' id='word_1_448' title='bbox 1045 3577 1236 3645; x_wconf 82' lang='grc' dir='ltr'>αὐτοῦ,</span> <span class='ocrx_word' id='word_1_449' title='bbox 1266 3581 1314 3633; x_wconf 88' lang='grc' dir='ltr'><strong>εί</strong></span> <span class='ocrx_word' id='word_1_450' title='bbox 1354 3580 1430 3651; x_wconf 84' lang='grc' dir='ltr'><strong>μὴ</strong></span> <span class='ocrx_word' id='word_1_451' title='bbox 1463 3580 1733 3651; x_wconf 77' lang='grc' dir='ltr'>πρότερον</span> <span class='ocrx_word' id='word_1_452' title='bbox 1762 3579 1983 3653; x_wconf 67' lang='grc' dir='ltr'>ἑλεηθῇ,</span> 
     </span>
    </p>
   </div>
   <div class='ocr_carea' id='block_1_66' title="bbox 392 3671 1984 3745">
    <p class='ocr_par' dir='ltr' id='par_1_66' title="bbox 392 3671 1984 3745">
     <span class='ocr_line' id='line_1_66' title="bbox 392 3671 1984 3745; baseline 0.003 -23"><span class='ocrx_word' id='word_1_453' title='bbox 392 3671 493 3724; x_wconf 70' lang='grc' dir='ltr'>καὶ</span> <span class='ocrx_word' id='word_1_454' title='bbox 523 3672 760 3743; x_wconf 75' lang='grc' dir='ltr'>ὁμιλήσῃ</span> <span class='ocrx_word' id='word_1_455' title='bbox 811 3675 878 3743; x_wconf 77' lang='grc' dir='ltr'>τῇ</span> <span class='ocrx_word' id='word_1_456' title='bbox 907 3672 1138 3744; x_wconf 78' lang='grc' dir='ltr'>ἀληθείᾳ</span> <span class='ocrx_word' id='word_1_457' title='bbox 1168 3672 1276 3725; x_wconf 87' lang='grc' dir='ltr'><strong>τῶν</strong></span> <span class='ocrx_word' id='word_1_458' title='bbox 1302 3672 1612 3743; x_wconf 79' lang='grc' dir='ltr'>δογμάτων.</span> <span class='ocrx_word' id='word_1_459' title='bbox 1648 3673 1839 3737; x_wconf 82' lang='grc' dir='ltr'>Ἔλεος</span> <span class='ocrx_word' id='word_1_460' title='bbox 1870 3674 1984 3745; x_wconf 71' lang='grc' dir='ltr'><strong>γάρ</strong></span> 
     </span>
    </p>
   </div>
   <div class='ocr_carea' id='block_1_67' title="bbox 391 3764 1981 3837">
    <p class='ocr_par' dir='ltr' id='par_1_67' title="bbox 391 3764 1981 3837">
     <span class='ocr_line' id='line_1_67' title="bbox 391 3764 1981 3837; baseline 0.001 -19"><span class='ocrx_word' id='word_1_461' title='bbox 391 3765 493 3818; x_wconf 74' lang='grc' dir='ltr'>καὶ</span> <span class='ocrx_word' id='word_1_462' title='bbox 548 3764 783 3836; x_wconf 80' lang='grc' dir='ltr'>ἀλήθεια</span> <span class='ocrx_word' id='word_1_463' title='bbox 839 3764 1239 3837; x_wconf 72' lang='grc' dir='ltr'>πρωπαντῶσι</span> <span class='ocrx_word' id='word_1_464' title='bbox 1289 3765 1369 3836; x_wconf 79' lang='grc' dir='ltr'>τῷ</span> <span class='ocrx_word' id='word_1_465' title='bbox 1418 3766 1670 3836; x_wconf 80' lang='grc' dir='ltr'>τοιούτῳ.</span> <span class='ocrx_word' id='word_1_466' title='bbox 1719 3766 1879 3831; x_wconf 84' lang='grc' dir='ltr'>Τινὲς</span> <span class='ocrx_word' id='word_1_467' title='bbox 1923 3767 1981 3820; x_wconf 79' lang='grc' dir='ltr'><strong>δὲ</strong></span> 
     </span>
    </p>
   </div>
   <div class='ocr_carea' id='block_1_68' title="bbox 394 3857 1980 3929">
    <p class='ocr_par' dir='ltr' id='par_1_68' title="bbox 394 3857 1980 3929">
     <span class='ocr_line' id='line_1_68' title="bbox 394 3857 1980 3929; baseline 0.001 -19"><span class='ocrx_word' id='word_1_468' title='bbox 394 3857 578 3911; x_wconf 79' lang='grc' dir='ltr'>πάντα</span> <span class='ocrx_word' id='word_1_469' title='bbox 608 3860 739 3929; x_wconf 70' lang='grc' dir='ltr'>περὶ</span> <span class='ocrx_word' id='word_1_470' title='bbox 765 3861 868 3929; x_wconf 76' lang='grc' dir='ltr'>τῆς</span> <span class='ocrx_word' id='word_1_471' title='bbox 900 3859 1209 3929; x_wconf 83' lang='grc' dir='ltr'>μελλούσης</span> <span class='ocrx_word' id='word_1_472' title='bbox 1253 3858 1492 3927; x_wconf 82' lang='grc' dir='ltr'>κρίσεως</span> <span class='ocrx_word' id='word_1_473' title='bbox 1523 3858 1868 3927; x_wconf 81' lang='grc' dir='ltr'>νενοήκασιν,</span> <span class='ocrx_word' id='word_1_474' title='bbox 1896 3858 1980 3911; x_wconf 75' lang='grc' dir='ltr'>ὅτι</span> 
     </span>
    </p>
   </div>
   <div class='ocr_carea' id='block_1_69' title="bbox 393 3946 1980 4021">
    <p class='ocr_par' dir='ltr' id='par_1_69' title="bbox 393 3946 1980 4021">
     <span class='ocr_line' id='line_1_69' title="bbox 393 3946 1980 4021; baseline 0.001 -18"><span class='ocrx_word' id='word_1_475' title='bbox 393 3950 750 4014; x_wconf 78' lang='grc' dir='ltr'>Δικαιότατος</span> <span class='ocrx_word' id='word_1_476' title='bbox 782 3946 835 4002; x_wconf 82' lang='grc' dir='ltr'>εἶ</span> <span class='ocrx_word' id='word_1_477' title='bbox 863 3954 1057 4021; x_wconf 82' lang='grc' dir='ltr'>κριτής</span> <span class='ocrx_word' id='word_1_478' title='bbox 1076 3967 1091 3982; x_wconf 72' lang='grc' dir='ltr'><strong>ο</strong></span> <span class='ocrx_word' id='word_1_479' title='bbox 1121 3953 1214 4004; x_wconf 76' lang='grc' dir='ltr'>καὶ</span> <span class='ocrx_word' id='word_1_480' title='bbox 1245 3951 1304 4003; x_wconf 74' lang='grc' dir='ltr'>ἐν</span> <span class='ocrx_word' id='word_1_481' title='bbox 1332 3951 1398 4019; x_wconf 79' lang='grc' dir='ltr'>τῇ</span> <span class='ocrx_word' id='word_1_482' title='bbox 1432 3949 1613 4020; x_wconf 84' lang='grc' dir='ltr'>κρίσει</span> <span class='ocrx_word' id='word_1_483' title='bbox 1650 3952 1980 4020; x_wconf 78' lang='grc' dir='ltr'>προηγεῖται</span> 
     </span>
    </p>
   </div>
   <div class='ocr_carea' id='block_1_70' title="bbox 394 4040 1984 4113">
    <p class='ocr_par' dir='ltr' id='par_1_70' title="bbox 394 4040 1984 4113">
     <span class='ocr_line' id='line_1_70' title="bbox 394 4040 1984 4113; baseline 0.001 -18"><span class='ocrx_word' id='word_1_484' title='bbox 394 4042 500 4112; x_wconf 79' lang='grc' dir='ltr'>τῆς</span> <span class='ocrx_word' id='word_1_485' title='bbox 545 4042 808 4113; x_wconf 75' lang='grc' dir='ltr'>ἀληθείας</span> <span class='ocrx_word' id='word_1_486' title='bbox 853 4044 913 4096; x_wconf 75' lang='grc' dir='ltr'><strong>τὸ</strong></span> <span class='ocrx_word' id='word_1_487' title='bbox 956 4044 1143 4109; x_wconf 77' lang='grc' dir='ltr'>ἔλεος,</span> <span class='ocrx_word' id='word_1_488' title='bbox 1186 4042 1277 4096; x_wconf 73' lang='grc' dir='ltr'>διὰ</span> <span class='ocrx_word' id='word_1_489' title='bbox 1318 4042 1379 4095; x_wconf 69' lang='grc' dir='ltr'>τὸ</span> <span class='ocrx_word' id='word_1_490' title='bbox 1423 4042 1501 4111; x_wconf 83' lang='grc' dir='ltr'><strong>μὴ</strong></span> <span class='ocrx_word' id='word_1_491' title='bbox 1547 4040 1811 4095; x_wconf 84' lang='grc' dir='ltr'>δύνασθαί</span> <span class='ocrx_word' id='word_1_492' title='bbox 1860 4058 1984 4096; x_wconf 87' lang='grc' dir='ltr'>τινα</span> 
     </span>
    </p>
   </div>
   <div class='ocr_carea' id='block_1_71' title="bbox 395 4136 1986 4209">
    <p class='ocr_par' dir='ltr' id='par_1_71' title="bbox 395 4136 1986 4209">
     <span class='ocr_line' id='line_1_71' title="bbox 395 4136 1986 4209; baseline 0.002 -20"><span class='ocrx_word' id='word_1_493' title='bbox 395 4136 699 4207; x_wconf 75' lang='grc' dir='ltr'>ὕποστῆναι</span> <span class='ocrx_word' id='word_1_494' title='bbox 723 4137 822 4206; x_wconf 81' lang='grc' dir='ltr'>τὴν</span> <span class='ocrx_word' id='word_1_495' title='bbox 844 4137 1107 4207; x_wconf 78' lang='grc' dir='ltr'>ἀλήθειαν</span> <span class='ocrx_word' id='word_1_496' title='bbox 1144 4137 1254 4191; x_wconf 80' lang='grc' dir='ltr'><strong>τῶν</strong></span> <span class='ocrx_word' id='word_1_497' title='bbox 1296 4137 1558 4207; x_wconf 74' lang='grc' dir='ltr'>ἐλέγχων,</span> <span class='ocrx_word' id='word_1_498' title='bbox 1587 4136 1664 4207; x_wconf 81' lang='grc' dir='ltr'><strong>μὴ</strong></span> <span class='ocrx_word' id='word_1_499' title='bbox 1694 4153 1986 4209; x_wconf 80' lang='grc' dir='ltr'>προπαρα-</span> 
     </span>
    </p>
   </div>
   <div class='ocr_carea' id='block_1_72' title="bbox 400 4228 1035 4299">
    <p class='ocr_par' dir='ltr' id='par_1_72' title="bbox 400 4228 1035 4299">
     <span class='ocr_line' id='line_1_72' title="bbox 400 4228 1035 4299; baseline 0.003 -18"><span class='ocrx_word' id='word_1_500' title='bbox 400 4230 659 4299; x_wconf 81' lang='grc' dir='ltr'>μιγέντος</span> <span class='ocrx_word' id='word_1_501' title='bbox 685 4228 824 4299; x_wconf 72' lang='grc' dir='ltr'>αὐτῇ</span> <span class='ocrx_word' id='word_1_502' title='bbox 857 4228 1035 4283; x_wconf 80' lang='grc' dir='ltr'>ἐλέου.</span> 
     </span>
    </p>
   </div>
   <div class='ocr_carea' id='block_1_73' title="bbox 2082 3482 3659 3554">
    <p class='ocr_par' dir='ltr' id='par_1_73' title="bbox 2082 3482 3659 3554">
     <span class='ocr_line' id='line_1_73' title="bbox 2082 3482 3659 3554; baseline 0.008 -20"><span class='ocrx_word' id='word_1_503' title='bbox 2082 3482 2215 3534; x_wconf 84' lang='lat' dir='ltr'><strong>mihi</strong></span> <span class='ocrx_word' id='word_1_504' title='bbox 2264 3491 2427 3550; x_wconf 81' lang='lat' dir='ltr'><strong>atque</strong></span> <span class='ocrx_word' id='word_1_505' title='bbox 2475 3482 2602 3538; x_wconf 86' lang='lat' dir='ltr'><strong>aliis</strong></span> <span class='ocrx_word' id='word_1_506' title='bbox 2634 3484 2822 3539; x_wconf 77' lang='lat' dir='ltr'><strong>electis</strong></span> <span class='ocrx_word' id='word_1_507' title='bbox 2851 3489 2961 3540; x_wconf 86' lang='lat' dir='ltr'><strong>tuis</strong></span> <span class='ocrx_word' id='word_1_508' title='bbox 3012 3485 3291 3554; x_wconf 88' lang='lat' dir='ltr'><strong>pollicitus</strong></span> <span class='ocrx_word' id='word_1_509' title='bbox 3326 3502 3403 3542; x_wconf 91' lang='lat' dir='ltr'><strong>es.</strong></span> <span class='ocrx_word' id='word_1_510' title='bbox 3455 3489 3659 3545; x_wconf 79' lang='lat' dir='ltr'><strong>Possu-</strong></span> 
     </span>
    </p>
   </div>
   <div class='ocr_carea' id='block_1_74' title="bbox 2085 3573 3665 3636">
    <p class='ocr_par' dir='ltr' id='par_1_74' title="bbox 2085 3573 3665 3636">
     <span class='ocr_line' id='line_1_74' title="bbox 2085 3573 3665 3636; baseline 0.006 -12"><span class='ocrx_word' id='word_1_511' title='bbox 2085 3588 2207 3627; x_wconf 81' lang='lat' dir='ltr'><strong>ntus</strong></span> <span class='ocrx_word' id='word_1_512' title='bbox 2241 3582 2294 3627; x_wconf 91' lang='lat' dir='ltr'><strong>et</strong></span> <span class='ocrx_word' id='word_1_513' title='bbox 2327 3574 2486 3627; x_wconf 80' lang='lat' dir='ltr'><strong>aliter</strong></span> <span class='ocrx_word' id='word_1_514' title='bbox 2515 3574 2699 3630; x_wconf 84' lang='lat' dir='ltr'><strong>dicere</strong></span> <span class='ocrx_word' id='word_1_515' title='bbox 2730 3592 2745 3629; x_wconf 89' lang='lat'><strong>:</strong></span> <span class='ocrx_word' id='word_1_516' title='bbox 2777 3573 2996 3631; x_wconf 84' lang='lat' dir='ltr'><strong>Veritas</strong></span> <span class='ocrx_word' id='word_1_517' title='bbox 3038 3586 3095 3631; x_wconf 86' lang='lat' dir='ltr'><strong>et</strong></span> <span class='ocrx_word' id='word_1_518' title='bbox 3150 3577 3531 3634; x_wconf 84' lang='lat' dir='ltr'><strong>misericordia</strong></span> <span class='ocrx_word' id='word_1_519' title='bbox 3577 3582 3665 3636; x_wconf 87' lang='lat' dir='ltr'><strong>di-</strong></span> 
     </span>
    </p>
   </div>
   <div class='ocr_carea' id='block_1_75' title="bbox 2090 3665 3658 3738">
    <p class='ocr_par' dir='ltr' id='par_1_75' title="bbox 2090 3665 3658 3738">
     <span class='ocr_line' id='line_1_75' title="bbox 2090 3665 3658 3738; baseline 0.005 -19"><span class='ocrx_word' id='word_1_520' title='bbox 2090 3676 2292 3720; x_wconf 87' lang='lat' dir='ltr'><strong>cuntur</strong></span> <span class='ocrx_word' id='word_1_521' title='bbox 2349 3665 2518 3721; x_wconf 83' lang='lat' dir='ltr'><strong>Deum</strong></span> <span class='ocrx_word' id='word_1_522' title='bbox 2567 3668 2900 3737; x_wconf 65' lang='lat' dir='ltr'><strong>praecedere,</strong></span> <span class='ocrx_word' id='word_1_523' title='bbox 2952 3670 3083 3738; x_wconf 85' lang='lat' dir='ltr'><strong>quia</strong></span> <span class='ocrx_word' id='word_1_524' title='bbox 3135 3685 3298 3725; x_wconf 84' lang='lat' dir='ltr'><strong>nemo</strong></span> <span class='ocrx_word' id='word_1_525' title='bbox 3343 3671 3415 3726; x_wconf 85' lang='lat' dir='ltr'><strong>ad</strong></span> <span class='ocrx_word' id='word_1_526' title='bbox 3460 3673 3658 3729; x_wconf 75' lang='lat' dir='ltr'><strong>faciem</strong></span> 
     </span>
    </p>
   </div>
   <div class='ocr_carea' id='block_1_76' title="bbox 2092 3758 3665 3833">
    <p class='ocr_par' dir='ltr' id='par_1_76' title="bbox 2092 3758 3665 3833">
     <span class='ocr_line' id='line_1_76' title="bbox 2092 3758 3665 3833; baseline 0.006 -21"><span class='ocrx_word' id='word_1_527' title='bbox 2092 3758 2210 3827; x_wconf 83' lang='lat' dir='ltr'><strong>Dei,</strong></span> <span class='ocrx_word' id='word_1_528' title='bbox 2244 3759 2349 3814; x_wconf 82' lang='lat' dir='ltr'><strong>huc</strong></span> <span class='ocrx_word' id='word_1_529' title='bbox 2381 3768 2485 3823; x_wconf 84' lang='lat' dir='ltr'><strong>est,</strong></span> <span class='ocrx_word' id='word_1_530' title='bbox 2541 3760 2608 3813; x_wconf 79' lang='lat' dir='ltr'><strong>ad</strong></span> <span class='ocrx_word' id='word_1_531' title='bbox 2657 3760 2804 3814; x_wconf 90' lang='lat' dir='ltr'><strong>illius</strong></span> <span class='ocrx_word' id='word_1_532' title='bbox 2836 3762 3206 3829; x_wconf 82' lang='lat' dir='ltr'><strong>cognitionem</strong></span> <span class='ocrx_word' id='word_1_533' title='bbox 3262 3773 3445 3833; x_wconf 87' lang='lat' dir='ltr'><strong>potest</strong></span> <span class='ocrx_word' id='word_1_534' title='bbox 3501 3780 3665 3822; x_wconf 85' lang='lat' dir='ltr'><strong>acce-</strong></span> 
     </span>
    </p>
   </div>
   <div class='ocr_carea' id='block_1_77' title="bbox 2089 3850 3664 3919">
    <p class='ocr_par' dir='ltr' id='par_1_77' title="bbox 2089 3850 3664 3919">
     <span class='ocr_line' id='line_1_77' title="bbox 2089 3850 3664 3919; baseline 0.006 -16"><span class='ocrx_word' id='word_1_535' title='bbox 2089 3852 2244 3914; x_wconf 86' lang='lat' dir='ltr'><strong>dere,</strong></span> <span class='ocrx_word' id='word_1_536' title='bbox 2267 3850 2370 3905; x_wconf 80' lang='lat' dir='ltr'><strong>nisi</strong></span> <span class='ocrx_word' id='word_1_537' title='bbox 2407 3850 2561 3919; x_wconf 83' lang='lat' dir='ltr'><strong>prius</strong></span> <span class='ocrx_word' id='word_1_538' title='bbox 2593 3852 2708 3919; x_wconf 80' lang='lat' dir='ltr'><strong>ipse</strong></span> <span class='ocrx_word' id='word_1_539' title='bbox 2740 3850 2815 3904; x_wconf 89' lang='lat' dir='ltr'><strong>sit</strong></span> <span class='ocrx_word' id='word_1_540' title='bbox 2838 3852 3272 3905; x_wconf 86' lang='lat' dir='ltr'><strong>misericordiam</strong></span> <span class='ocrx_word' id='word_1_541' title='bbox 3310 3867 3664 3919; x_wconf 83' lang='lat' dir='ltr'><strong>consecutus,</strong></span> 
     </span>
    </p>
   </div>
   <div class='ocr_carea' id='block_1_78' title="bbox 2089 3945 3662 4017">
    <p class='ocr_par' dir='ltr' id='par_1_78' title="bbox 2089 3945 3662 4017">
     <span class='ocr_line' id='line_1_78' title="bbox 2089 3945 3662 4017; baseline 0.001 -14"><span class='ocrx_word' id='word_1_542' title='bbox 2089 3954 2146 4003; x_wconf 77' lang='grc' dir='ltr'><strong>ει</strong></span> <span class='ocrx_word' id='word_1_543' title='bbox 2198 3947 2252 4001; x_wconf 88' lang='lat' dir='ltr'><strong>itt</strong></span> <span class='ocrx_word' id='word_1_544' title='bbox 2305 3945 2625 4017; x_wconf 83' lang='lat' dir='ltr'><strong>dogniattuu</strong></span> <span class='ocrx_word' id='word_1_545' title='bbox 2677 3951 2905 4003; x_wconf 84' lang='lat' dir='ltr'><strong>veritate</strong></span> <span class='ocrx_word' id='word_1_546' title='bbox 2946 3957 3222 4005; x_wconf 87' lang='lat' dir='ltr'><strong>versatus.</strong></span> <span class='ocrx_word' id='word_1_547' title='bbox 3274 3951 3662 4006; x_wconf 78' lang='lat' dir='ltr'><strong>Misericordia</strong></span> 
     </span>
    </p>
   </div>
   <div class='ocr_carea' id='block_1_79' title="bbox 2091 4038 3663 4106">
    <p class='ocr_par' dir='ltr' id='par_1_79' title="bbox 2091 4038 3663 4106">
     <span class='ocr_line' id='line_1_79' title="bbox 2091 4038 3663 4106; baseline 0.003 -15"><span class='ocrx_word' id='word_1_548' title='bbox 2091 4038 2239 4091; x_wconf 86' lang='lat' dir='ltr'><strong>enim</strong></span> <span class='ocrx_word' id='word_1_549' title='bbox 2268 4047 2324 4092; x_wconf 90' lang='lat' dir='ltr'><strong>et</strong></span> <span class='ocrx_word' id='word_1_550' title='bbox 2354 4038 2560 4092; x_wconf 79' lang='lat' dir='ltr'><strong>veritas</strong></span> <span class='ocrx_word' id='word_1_551' title='bbox 2590 4039 2643 4092; x_wconf 90' lang='lat' dir='ltr'><strong>itt</strong></span> <span class='ocrx_word' id='word_1_552' title='bbox 2680 4040 2782 4093; x_wconf 90' lang='lat' dir='ltr'><strong>boc</strong></span> <span class='ocrx_word' id='word_1_553' title='bbox 2822 4040 3203 4103; x_wconf 80' lang='lat' dir='ltr'><strong>ubviavcrunt,</strong></span> <span class='ocrx_word' id='word_1_554' title='bbox 3238 4042 3338 4096; x_wconf 85' lang='lat' dir='ltr'><strong>hoc</strong></span> <span class='ocrx_word' id='word_1_555' title='bbox 3379 4050 3490 4106; x_wconf 86' lang='lat' dir='ltr'><strong>est,</strong></span> <span class='ocrx_word' id='word_1_556' title='bbox 3521 4057 3663 4096; x_wconf 85' lang='lat' dir='ltr'><strong>con-</strong></span> 
     </span>
    </p>
   </div>
   <div class='ocr_carea' id='block_1_80' title="bbox 2090 4131 3664 4201">
    <p class='ocr_par' dir='ltr' id='par_1_80' title="bbox 2090 4131 3664 4201">
     <span class='ocr_line' id='line_1_80' title="bbox 2090 4131 3664 4201; baseline 0.003 -17"><span class='ocrx_word' id='word_1_557' title='bbox 2090 4145 2320 4185; x_wconf 89' lang='lat' dir='ltr'><strong>cursum</strong></span> <span class='ocrx_word' id='word_1_558' title='bbox 2354 4131 2580 4195; x_wconf 85' lang='lat' dir='ltr'><strong>ltabeut,</strong></span> <span class='ocrx_word' id='word_1_559' title='bbox 2624 4143 2791 4201; x_wconf 83' lang='lat' dir='ltr'><strong>atque</strong></span> <span class='ocrx_word' id='word_1_560' title='bbox 2827 4132 3166 4185; x_wconf 78' lang='lat' dir='ltr'><strong>conveniunt</strong></span> <span class='ocrx_word' id='word_1_561' title='bbox 3196 4131 3246 4185; x_wconf 87' lang='lat' dir='ltr'><strong>itt</strong></span> <span class='ocrx_word' id='word_1_562' title='bbox 3280 4133 3379 4186; x_wconf 86' lang='lat' dir='ltr'><strong>hac</strong></span> <span class='ocrx_word' id='word_1_563' title='bbox 3411 4148 3491 4187; x_wconf 87' lang='lat' dir='ltr'><strong>re.</strong></span> <span class='ocrx_word' id='word_1_564' title='bbox 3522 4132 3627 4199; x_wconf 87' lang='lat' dir='ltr'><strong>Qui</strong></span> <span class='ocrx_word' id='word_1_565' title='bbox 3649 4167 3664 4176; x_wconf 86' lang='lat'><strong>-</strong></span> 
     </span>
    </p>
   </div>
   <div class='ocr_carea' id='block_1_81' title="bbox 2091 4223 3663 4295">
    <p class='ocr_par' dir='ltr' id='par_1_81' title="bbox 2091 4223 3663 4295">
     <span class='ocr_line' id='line_1_81' title="bbox 2091 4223 3663 4295; baseline -0.001 -14"><span class='ocrx_word' id='word_1_566' title='bbox 2091 4226 2221 4281; x_wconf 88' lang='lat' dir='ltr'><strong>dant</strong></span> <span class='ocrx_word' id='word_1_567' title='bbox 2256 4239 2387 4280; x_wconf 87' lang='lat' dir='ltr'><strong>vero</strong></span> <span class='ocrx_word' id='word_1_568' title='bbox 2420 4224 2605 4279; x_wconf 86' lang='lat' dir='ltr'><strong>omnia</strong></span> <span class='ocrx_word' id='word_1_569' title='bbox 2646 4224 2762 4277; x_wconf 73' lang='lat' dir='ltr'><strong>haec</strong></span> <span class='ocrx_word' id='word_1_570' title='bbox 2792 4225 2860 4280; x_wconf 88' lang='lat' dir='ltr'><strong>de</strong></span> <span class='ocrx_word' id='word_1_571' title='bbox 2884 4225 3070 4277; x_wconf 82' lang='lat' dir='ltr'><strong>futuro</strong></span> <span class='ocrx_word' id='word_1_572' title='bbox 3096 4223 3663 4295; x_wconf 86' lang='lat' dir='ltr'><strong>intelliguutjudicio.</strong></span> 
     </span>
    </p>
   </div>
   <div class='ocr_carea' id='block_1_82' title="bbox 400 4315 3667 4392">
    <p class='ocr_par' dir='ltr' id='par_1_82' title="bbox 400 4315 3667 4392">
     <span class='ocr_line' id='line_1_82' title="bbox 400 4315 3667 4392; baseline -0.001 -18"><span class='ocrx_word' id='word_1_573' title='bbox 400 4332 461 4376; x_wconf 91' lang='lat' dir='ltr'><strong>ut</strong></span> <span class='ocrx_word' id='word_1_574' title='bbox 501 4325 574 4378; x_wconf 79' lang='lat' dir='ltr'><strong>ait</strong></span> <span class='ocrx_word' id='word_1_575' title='bbox 616 4337 815 4377; x_wconf 88' lang='lat' dir='ltr'><strong>sensus</strong></span> <span class='ocrx_word' id='word_1_576' title='bbox 854 4341 869 4377; x_wconf 89' lang='lat'><strong>:</strong></span> <span class='ocrx_word' id='word_1_577' title='bbox 902 4320 983 4375; x_wconf 87' lang='lat' dir='ltr'><strong>&#39;l‘u</strong></span> <span class='ocrx_word' id='word_1_578' title='bbox 1024 4321 1371 4391; x_wconf 86' lang='lat' dir='ltr'><strong>justissimus</strong></span> <span class='ocrx_word' id='word_1_579' title='bbox 1396 4319 1565 4390; x_wconf 76' lang='lat' dir='ltr'><strong>iudex</strong></span> <span class='ocrx_word' id='word_1_580' title='bbox 1595 4335 1679 4385; x_wconf 86' lang='lat' dir='ltr'><strong>es,</strong></span> <span class='ocrx_word' id='word_1_581' title='bbox 1728 4320 1858 4375; x_wconf 86' lang='lat' dir='ltr'><strong>etin</strong></span> <span class='ocrx_word' id='word_1_582' title='bbox 1879 4319 2093 4392; x_wconf 81' lang='lat' dir='ltr'><strong>judicio</strong></span> <span class='ocrx_word' id='word_1_583' title='bbox 2129 4328 2224 4374; x_wconf 83' lang='lat' dir='ltr'><strong>tuo</strong></span> <span class='ocrx_word' id='word_1_584' title='bbox 2295 4316 2680 4374; x_wconf 84' lang='lat' dir='ltr'><strong>misericordia</strong></span> <span class='ocrx_word' id='word_1_585' title='bbox 2748 4316 3037 4371; x_wconf 86' lang='lat' dir='ltr'><strong>veritatem</strong></span> <span class='ocrx_word' id='word_1_586' title='bbox 3112 4317 3392 4385; x_wconf 77' lang='lat' dir='ltr'><strong>przecedit.</strong></span> <span class='ocrx_word' id='word_1_587' title='bbox 3475 4315 3667 4388; x_wconf 82' lang='lat' dir='ltr'><strong>Neque</strong></span> 
     </span>
    </p>
   </div>
   <div class='ocr_carea' id='block_1_83' title="bbox 396 4412 3668 4489">
    <p class='ocr_par' dir='ltr' id='par_1_83' title="bbox 396 4412 3668 4489">
     <span class='ocr_line' id='line_1_83' title="bbox 396 4412 3668 4489; baseline -0.002 -14"><span class='ocrx_word' id='word_1_588' title='bbox 396 4423 547 4475; x_wconf 84' lang='lat' dir='ltr'><strong>enim</strong></span> <span class='ocrx_word' id='word_1_589' title='bbox 582 4421 786 4489; x_wconf 83' lang='lat' dir='ltr'><strong>aliquis</strong></span> <span class='ocrx_word' id='word_1_590' title='bbox 840 4429 1027 4488; x_wconf 88' lang='lat' dir='ltr'><strong>posset</strong></span> <span class='ocrx_word' id='word_1_591' title='bbox 1099 4415 1557 4488; x_wconf 80' lang='lat' dir='ltr'><strong>redargutionum</strong></span> <span class='ocrx_word' id='word_1_592' title='bbox 1630 4425 1848 4471; x_wconf 85' lang='lat' dir='ltr'><strong>tuarum</strong></span> <span class='ocrx_word' id='word_1_593' title='bbox 1923 4416 2227 4487; x_wconf 40' lang='lat' dir='ltr'><strong>‘veritatem</strong></span> <span class='ocrx_word' id='word_1_594' title='bbox 2299 4414 2596 4477; x_wconf 86' lang='lat' dir='ltr'><strong>sustinere,</strong></span> <span class='ocrx_word' id='word_1_595' title='bbox 2658 4414 2764 4466; x_wconf 86' lang='lat' dir='ltr'><strong>nisi</strong></span> <span class='ocrx_word' id='word_1_596' title='bbox 2824 4425 2953 4465; x_wconf 91' lang='lat' dir='ltr'><strong>cum</strong></span> <span class='ocrx_word' id='word_1_597' title='bbox 3008 4412 3237 4468; x_wconf 83' lang='lat' dir='ltr'><strong>veritate</strong></span> <span class='ocrx_word' id='word_1_598' title='bbox 3291 4421 3384 4467; x_wconf 86' lang='lat' dir='ltr'><strong>tua</strong></span> <span class='ocrx_word' id='word_1_599' title='bbox 3446 4429 3668 4485; x_wconf 88' lang='lat' dir='ltr'><strong>quoque</strong></span> 
     </span>
    </p>
   </div>
   <div class='ocr_carea' id='block_1_84' title="bbox 396 4510 1304 4573">
    <p class='ocr_par' dir='ltr' id='par_1_84' title="bbox 396 4510 1304 4573">
     <span class='ocr_line' id='line_1_84' title="bbox 396 4510 1304 4573; baseline -0.01 0"><span class='ocrx_word' id='word_1_600' title='bbox 396 4516 687 4573; x_wconf 86' lang='lat' dir='ltr'><strong>commista</strong></span> <span class='ocrx_word' id='word_1_601' title='bbox 717 4521 864 4571; x_wconf 88' lang='lat' dir='ltr'><strong>esset</strong></span> <span class='ocrx_word' id='word_1_602' title='bbox 900 4510 1304 4568; x_wconf 87' lang='lat' dir='ltr'><strong>misericordia.</strong></span> 
     </span>
    </p>
   </div>
   <div class='ocr_carea' id='block_1_85' title="bbox 471 4585 1976 4673">
    <p class='ocr_par' dir='ltr' id='par_1_85' title="bbox 471 4599 1976 4673">
     <span class='ocr_line' id='line_1_85' title="bbox 471 4599 1976 4673; baseline -0.005 -12"><span class='ocrx_word' id='word_1_603' title='bbox 471 4603 778 4673; x_wconf 79' lang='grc' dir='ltr'>Μακάριος</span> <span class='ocrx_word' id='word_1_604' title='bbox 827 4606 863 4657; x_wconf 83' lang='grc' dir='ltr'><em>ὁ</em></span> <span class='ocrx_word' id='word_1_605' title='bbox 910 4602 1087 4669; x_wconf 77' lang='grc' dir='ltr'>λαὸς,</span> <span class='ocrx_word' id='word_1_606' title='bbox 1144 4604 1180 4656; x_wconf 81' lang='grc' dir='ltr'><strong><em>ό</em></strong></span> <span class='ocrx_word' id='word_1_607' title='bbox 1232 4599 1543 4671; x_wconf 76' lang='grc' dir='ltr'>γινώσκων</span> <span class='ocrx_word' id='word_1_608' title='bbox 1604 4600 1976 4671; x_wconf 51' lang='lat' dir='ltr'><strong>summa.</strong></span> 
     </span>
    </p>
   </div>
   <div class='ocr_carea' id='block_1_86' title="bbox 2079 4585 3664 4673">
    <p class='ocr_par' dir='ltr' id='par_1_86' title="bbox 2164 4585 3664 4661">
     <span class='ocr_line' id='line_1_86' title="bbox 2164 4585 3664 4661; baseline -0.006 -9"><span class='ocrx_word' id='word_1_609' title='bbox 2164 4598 2362 4653; x_wconf 74' lang='lat' dir='ltr'><strong>Beatus</strong></span> <span class='ocrx_word' id='word_1_610' title='bbox 2410 4590 2639 4661; x_wconf 75' lang='lat' dir='ltr'><strong>populus</strong></span> <span class='ocrx_word' id='word_1_611' title='bbox 2683 4588 2775 4657; x_wconf 88' lang='lat' dir='ltr'><strong>qui</strong></span> <span class='ocrx_word' id='word_1_612' title='bbox 2820 4588 2919 4641; x_wconf 76' lang='lat' dir='ltr'><strong>scit</strong></span> <span class='ocrx_word' id='word_1_613' title='bbox 2967 4585 3366 4655; x_wconf 82' lang='lat' dir='ltr'><strong>jubilationem.</strong></span> <span class='ocrx_word' id='word_1_614' title='bbox 3415 4586 3664 4657; x_wconf 62' lang='lat' dir='ltr'><strong>Persaepe</strong></span> 
     </span>
    </p>
   </div>
   <div class='ocr_carea' id='block_1_87' title="bbox 400 4693 1980 4769">
    <p class='ocr_par' dir='ltr' id='par_1_87' title="bbox 400 4693 1980 4769">
     <span class='ocr_line' id='line_1_87' title="bbox 400 4693 1980 4769; baseline -0.005 -16"><span class='ocrx_word' id='word_1_615' title='bbox 400 4699 630 4769; x_wconf 74' lang='grc' dir='ltr'>Εἴρηται</span> <span class='ocrx_word' id='word_1_616' title='bbox 679 4694 955 4765; x_wconf 57' lang='grc' dir='ltr'>διαφόρως</span> <span class='ocrx_word' id='word_1_617' title='bbox 1002 4695 1086 4749; x_wconf 83' lang='grc' dir='ltr'>ὅτι</span> <span class='ocrx_word' id='word_1_618' title='bbox 1139 4693 1458 4764; x_wconf 82' lang='grc' dir='ltr'>ἀλαλαγμός</span> <span class='ocrx_word' id='word_1_619' title='bbox 1504 4694 1657 4747; x_wconf 75' lang='grc' dir='ltr'>ἐστιν</span> <span class='ocrx_word' id='word_1_620' title='bbox 1712 4693 1980 4757; x_wconf 67' lang='grc' dir='ltr'>ἐπινίκιος</span> 
     </span>
    </p>
   </div>
   <div class='ocr_carea' id='block_1_88' title="bbox 401 4785 1982 4862">
    <p class='ocr_par' dir='ltr' id='par_1_88' title="bbox 401 4785 1982 4862">
     <span class='ocr_line' id='line_1_88' title="bbox 401 4785 1982 4862; baseline -0.004 -17"><span class='ocrx_word' id='word_1_621' title='bbox 401 4790 557 4862; x_wconf 79' lang='grc' dir='ltr'>φωνή</span> <span class='ocrx_word' id='word_1_622' title='bbox 584 4804 601 4819; x_wconf 88' lang='grc'>⁶</span> <span class='ocrx_word' id='word_1_623' title='bbox 655 4788 957 4861; x_wconf 72' lang='grc' dir='ltr'>μακαρίζει</span> <span class='ocrx_word' id='word_1_624' title='bbox 1013 4785 1199 4842; x_wconf 80' lang='grc' dir='ltr'>τοίνυν</span> <span class='ocrx_word' id='word_1_625' title='bbox 1254 4788 1384 4851; x_wconf 79' lang='grc' dir='ltr'>τοὺς</span> <span class='ocrx_word' id='word_1_626' title='bbox 1442 4787 1653 4850; x_wconf 80' lang='grc' dir='ltr'>εἰδότας</span> <span class='ocrx_word' id='word_1_627' title='bbox 1712 4787 1982 4841; x_wconf 69' lang='grc' dir='ltr'>ἐπινίκιον</span> 
     </span>
    </p>
   </div>
   <div class='ocr_carea' id='block_1_89' title="bbox 403 4877 1982 4956">
    <p class='ocr_par' dir='ltr' id='par_1_89' title="bbox 403 4877 1982 4956">
     <span class='ocr_line' id='line_1_89' title="bbox 403 4877 1982 4956; baseline -0.004 -18"><span class='ocrx_word' id='word_1_628' title='bbox 403 4884 571 4954; x_wconf 69' lang='grc' dir='ltr'>ὕμνον</span> <span class='ocrx_word' id='word_1_629' title='bbox 601 4882 750 4956; x_wconf 72' lang='grc' dir='ltr'>ᾅδειν</span> <span class='ocrx_word' id='word_1_630' title='bbox 776 4883 854 4954; x_wconf 82' lang='grc' dir='ltr'>τῷ</span> <span class='ocrx_word' id='word_1_631' title='bbox 882 4882 1170 4952; x_wconf 76' lang='grc' dir='ltr'>νικήσαντι</span> <span class='ocrx_word' id='word_1_632' title='bbox 1197 4879 1292 4933; x_wconf 71' lang='grc' dir='ltr'><strong>τὸν</strong></span> <span class='ocrx_word' id='word_1_633' title='bbox 1320 4877 1570 4933; x_wconf 85' lang='grc' dir='ltr'>διάϐολον</span> <span class='ocrx_word' id='word_1_634' title='bbox 1596 4878 1819 4949; x_wconf 82' lang='grc' dir='ltr'>Χριστῷ</span> <span class='ocrx_word' id='word_1_635' title='bbox 1842 4895 1856 4909; x_wconf 81' lang='grc'><em>’</em></span> <span class='ocrx_word' id='word_1_636' title='bbox 1884 4880 1982 4947; x_wconf 62' lang='grc' dir='ltr'><strong>δη-</strong></span> 
     </span>
    </p>
   </div>
   <div class='ocr_carea' id='block_1_90' title="bbox 401 4969 1980 5043">
    <p class='ocr_par' dir='ltr' id='par_1_90' title="bbox 401 4969 1980 5043">
     <span class='ocr_line' id='line_1_90' title="bbox 401 4969 1980 5043; baseline -0.003 -14"><span class='ocrx_word' id='word_1_637' title='bbox 401 4974 487 5029; x_wconf 76' lang='grc' dir='ltr'><strong>λοῖ</strong></span> <span class='ocrx_word' id='word_1_638' title='bbox 514 4975 572 5028; x_wconf 82' lang='grc' dir='ltr'><strong>δὲ</strong></span> <span class='ocrx_word' id='word_1_639' title='bbox 604 4974 731 5038; x_wconf 74' lang='grc' dir='ltr'>τοὺς</span> <span class='ocrx_word' id='word_1_640' title='bbox 772 4973 1155 5043; x_wconf 78' lang='grc' dir='ltr'>Χριστιανούς.</span> <span class='ocrx_word' id='word_1_641' title='bbox 1194 4972 1269 5026; x_wconf 83' lang='grc' dir='ltr'><strong>Ἦ</strong></span> <span class='ocrx_word' id='word_1_642' title='bbox 1305 4970 1402 5025; x_wconf 81' lang='grc' dir='ltr'>καὶ</span> <span class='ocrx_word' id='word_1_643' title='bbox 1447 4969 1625 5035; x_wconf 79' lang='grc' dir='ltr'>ἄλλως</span> <span class='ocrx_word' id='word_1_644' title='bbox 1679 4969 1980 5041; x_wconf 78' lang='grc' dir='ltr'>μακαρίζει</span> 
     </span>
    </p>
   </div>
   <div class='ocr_carea' id='block_1_91' title="bbox 403 5062 1983 5134">
    <p class='ocr_par' dir='ltr' id='par_1_91' title="bbox 403 5062 1983 5134">
     <span class='ocr_line' id='line_1_91' title="bbox 403 5062 1983 5134; baseline -0.004 -13"><span class='ocrx_word' id='word_1_645' title='bbox 403 5067 533 5133; x_wconf 72' lang='grc' dir='ltr'>τοὺς</span> <span class='ocrx_word' id='word_1_646' title='bbox 554 5066 765 5128; x_wconf 72' lang='grc' dir='ltr'>εἰδότας</span> <span class='ocrx_word' id='word_1_647' title='bbox 788 5064 1086 5129; x_wconf 73' lang='grc' dir='ltr'>ἀλαλάζειν</span> <span class='ocrx_word' id='word_1_648' title='bbox 1107 5065 1251 5119; x_wconf 76' lang='grc' dir='ltr'>κατὰ</span> <span class='ocrx_word' id='word_1_649' title='bbox 1273 5062 1384 5117; x_wconf 86' lang='grc' dir='ltr'><strong>τῶν</strong></span> <span class='ocrx_word' id='word_1_650' title='bbox 1407 5063 1656 5134; x_wconf 77' lang='grc' dir='ltr'>ἀοράτων</span> <span class='ocrx_word' id='word_1_651' title='bbox 1679 5062 1983 5133; x_wconf 76' lang='grc' dir='ltr'>πολεμίων,</span> 
     </span>
    </p>
   </div>
   <div class='ocr_carea' id='block_1_92' title="bbox 405 5157 1017 5233">
    <p class='ocr_par' dir='ltr' id='par_1_92' title="bbox 405 5157 1017 5233">
     <span class='ocr_line' id='line_1_92' title="bbox 405 5157 1017 5233; baseline -0.008 -16"><span class='ocrx_word' id='word_1_652' title='bbox 405 5166 465 5217; x_wconf 74' lang='grc' dir='ltr'>ὲν</span> <span class='ocrx_word' id='word_1_653' title='bbox 496 5160 575 5233; x_wconf 79' lang='grc' dir='ltr'>τῷ</span> <span class='ocrx_word' id='word_1_654' title='bbox 607 5161 766 5231; x_wconf 78' lang='grc' dir='ltr'>νικᾷν</span> <span class='ocrx_word' id='word_1_655' title='bbox 794 5157 1017 5222; x_wconf 82' lang='grc' dir='ltr'>αὐτούς.</span> 
     </span>
    </p>
   </div>
   <div class='ocr_carea' id='block_1_93' title="bbox 475 5248 1989 5323">
    <p class='ocr_par' dir='ltr' id='par_1_93' title="bbox 475 5248 1989 5323">
     <span class='ocr_line' id='line_1_93' title="bbox 475 5248 1989 5323; baseline -0.006 -14"><span class='ocrx_word' id='word_1_656' title='bbox 475 5254 674 5323; x_wconf 83' lang='grc' dir='ltr'>Κύριε,</span> <span class='ocrx_word' id='word_1_657' title='bbox 709 5252 781 5306; x_wconf 77' lang='grc' dir='ltr'>ἐν</span> <span class='ocrx_word' id='word_1_658' title='bbox 814 5250 895 5316; x_wconf 81' lang='grc' dir='ltr'>τῷ</span> <span class='ocrx_word' id='word_1_659' title='bbox 924 5249 1073 5320; x_wconf 76' lang='grc' dir='ltr'>φωτί</span> <span class='ocrx_word' id='word_1_660' title='bbox 1103 5248 1211 5302; x_wconf 79' lang='grc' dir='ltr'>τοῦ</span> <span class='ocrx_word' id='word_1_661' title='bbox 1244 5248 1574 5318; x_wconf 77' lang='grc' dir='ltr'>προσώπου</span> <span class='ocrx_word' id='word_1_662' title='bbox 1607 5262 1727 5302; x_wconf 87' lang='grc' dir='ltr'>σου</span> <span class='ocrx_word' id='word_1_663' title='bbox 1773 5248 1989 5316; x_wconf 59' lang='lat' dir='ltr'><strong>«opsti-</strong></span> 
     </span>
    </p>
   </div>
   <div class='ocr_carea' id='block_1_94' title="bbox 405 5338 1984 5415">
    <p class='ocr_par' dir='ltr' id='par_1_94' title="bbox 405 5338 1984 5415">
     <span class='ocr_line' id='line_1_94' title="bbox 405 5338 1984 5415; baseline -0.008 -13"><span class='ocrx_word' id='word_1_664' title='bbox 405 5361 640 5402; x_wconf 79' lang='lat' dir='ltr'><strong>a&#39;ortat.</strong></span> <span class='ocrx_word' id='word_1_665' title='bbox 676 5344 979 5415; x_wconf 79' lang='grc' dir='ltr'>Πρόσωπον</span> <span class='ocrx_word' id='word_1_666' title='bbox 1013 5339 1115 5411; x_wconf 65' lang='grc' dir='ltr'>μιν</span> <span class='ocrx_word' id='word_1_667' title='bbox 1163 5338 1259 5393; x_wconf 79' lang='grc' dir='ltr'>τοῦ</span> <span class='ocrx_word' id='word_1_668' title='bbox 1315 5340 1530 5409; x_wconf 70' lang='grc' dir='ltr'>[ἰατρὸς</span> <span class='ocrx_word' id='word_1_669' title='bbox 1570 5342 1602 5392; x_wconf 78' lang='grc' dir='ltr'><strong>ὁ</strong></span> <span class='ocrx_word' id='word_1_670' title='bbox 1633 5339 1781 5401; x_wconf 81' lang='grc' dir='ltr'>Υίδς,</span> <span class='ocrx_word' id='word_1_671' title='bbox 1816 5339 1892 5397; x_wconf 71' lang='lat' dir='ltr'><strong>de;</strong></span> <span class='ocrx_word' id='word_1_672' title='bbox 1927 5339 1984 5388; x_wconf 69' lang='grc' dir='ltr'>ἐν</span> 
     </span>
    </p>
   </div>
   <div class='ocr_carea' id='block_1_95' title="bbox 404 5429 1984 5511">
    <p class='ocr_par' dir='ltr' id='par_1_95' title="bbox 404 5429 1984 5511">
     <span class='ocr_line' id='line_1_95' title="bbox 404 5429 1984 5511; baseline -0.008 -16"><span class='ocrx_word' id='word_1_673' title='bbox 404 5440 485 5511; x_wconf 81' lang='grc' dir='ltr'>τῷ</span> <span class='ocrx_word' id='word_1_674' title='bbox 514 5438 765 5509; x_wconf 80' lang='grc' dir='ltr'>τετάρτῳ</span> <span class='ocrx_word' id='word_1_675' title='bbox 788 5432 991 5505; x_wconf 68' lang='grc' dir='ltr'>ψαλμῷ</span> <span class='ocrx_word' id='word_1_676' title='bbox 1018 5431 1413 5502; x_wconf 78' lang='grc' dir='ltr'>παραδέδοται,</span> <span class='ocrx_word' id='word_1_677' title='bbox 1465 5433 1584 5500; x_wconf 80' lang='grc' dir='ltr'>φῶς</span> <span class='ocrx_word' id='word_1_678' title='bbox 1632 5432 1689 5485; x_wconf 73' lang='grc' dir='ltr'><strong>δὲ</strong></span> <span class='ocrx_word' id='word_1_679' title='bbox 1719 5431 1815 5484; x_wconf 72' lang='grc' dir='ltr'>τοῦ</span> <span class='ocrx_word' id='word_1_680' title='bbox 1851 5429 1984 5483; x_wconf 80' lang='grc' dir='ltr'>Υἱοῦ</span> 
     </span>
    </p>
   </div>
   <div class='ocr_carea' id='block_1_96' title="bbox 405 5521 1989 5594">
    <p class='ocr_par' dir='ltr' id='par_1_96' title="bbox 405 5521 1989 5594">
     <span class='ocr_line' id='line_1_96' title="bbox 405 5521 1989 5594; baseline -0.009 -7"><span class='ocrx_word' id='word_1_681' title='bbox 405 5535 465 5587; x_wconf 80' lang='lat' dir='ltr'><strong>at</strong></span> <span class='ocrx_word' id='word_1_682' title='bbox 508 5529 722 5584; x_wconf 71' lang='grc' dir='ltr'>ιντολαὶ</span> <span class='ocrx_word' id='word_1_683' title='bbox 755 5525 961 5580; x_wconf 76' lang='grc' dir='ltr'>αὑτοῦ·</span> <span class='ocrx_word' id='word_1_684' title='bbox 994 5523 1237 5592; x_wconf 79' lang='grc' dir='ltr'>Λύχνος</span> <span class='ocrx_word' id='word_1_685' title='bbox 1281 5523 1411 5592; x_wconf 74' lang='grc' dir='ltr'>γὰρ,</span> <span class='ocrx_word' id='word_1_686' title='bbox 1465 5523 1622 5594; x_wconf 77' lang='grc' dir='ltr'>φησὶ,</span> <span class='ocrx_word' id='word_1_687' title='bbox 1660 5521 1785 5588; x_wconf 83' lang='grc' dir='ltr'>τοῖς</span> <span class='ocrx_word' id='word_1_688' title='bbox 1839 5521 1989 5574; x_wconf 72' lang='grc' dir='ltr'>ποσί</span> 
     </span>
    </p>
   </div>
   <div class='ocr_carea' id='block_1_97' title="bbox 403 5611 1985 5694">
    <p class='ocr_par' dir='ltr' id='par_1_97' title="bbox 403 5611 1985 5694">
     <span class='ocr_line' id='line_1_97' title="bbox 403 5611 1985 5694; baseline -0.009 -16"><span class='ocrx_word' id='word_1_689' title='bbox 403 5639 525 5694; x_wconf 83' lang='grc' dir='ltr'><strong>μου</strong></span> <span class='ocrx_word' id='word_1_690' title='bbox 578 5622 611 5675; x_wconf 89' lang='grc' dir='ltr'><em>ό</em></span> <span class='ocrx_word' id='word_1_691' title='bbox 663 5620 850 5689; x_wconf 76' lang='grc' dir='ltr'>νόμος</span> <span class='ocrx_word' id='word_1_692' title='bbox 894 5631 1036 5683; x_wconf 82' lang='grc' dir='ltr'>σου,</span> <span class='ocrx_word' id='word_1_693' title='bbox 1074 5614 1175 5667; x_wconf 76' lang='grc' dir='ltr'><strong>καί</strong></span> <span class='ocrx_word' id='word_1_694' title='bbox 1220 5611 1346 5684; x_wconf 70' lang='grc' dir='ltr'>φῶς</span> <span class='ocrx_word' id='word_1_695' title='bbox 1398 5612 1526 5681; x_wconf 79' lang='grc' dir='ltr'>τοῖς</span> <span class='ocrx_word' id='word_1_696' title='bbox 1570 5614 1793 5682; x_wconf 79' lang='grc' dir='ltr'>τρίϐοις</span> <span class='ocrx_word' id='word_1_697' title='bbox 1840 5627 1985 5681; x_wconf 78' lang='grc' dir='ltr'><strong>μου.</strong></span> 
     </span>
    </p>
   </div>
   <div class='ocr_carea' id='block_1_98' title="bbox 482 5752 1107 5817">
    <p class='ocr_par' dir='ltr' id='par_1_98' title="bbox 482 5752 1107 5817">
     <span class='ocr_line' id='line_1_98' title="bbox 482 5752 1107 5817; baseline -0.021 2"><span class='ocrx_word' id='word_1_698' title='bbox 482 5764 530 5798; x_wconf 83' lang='grc'><strong>⁸³</strong></span> <span class='ocrx_word' id='word_1_699' title='bbox 562 5761 711 5817; x_wconf 79' lang='lat' dir='ltr'><strong>Psal.</strong></span> <span class='ocrx_word' id='word_1_700' title='bbox 747 5773 941 5813; x_wconf 76' lang='lat' dir='ltr'><strong>cxvttt.</strong></span> <span class='ocrx_word' id='word_1_701' title='bbox 981 5752 1107 5809; x_wconf 81' lang='lat' dir='ltr'><strong>l05.</strong></span> 
     </span>
    </p>
   </div>
   <div class='ocr_carea' id='block_1_99' title="bbox 2091 4678 3663 4756">
    <p class='ocr_par' dir='ltr' id='par_1_99' title="bbox 2091 4678 3663 4756">
     <span class='ocr_line' id='line_1_99' title="bbox 2091 4678 3663 4756; baseline -0.008 -9"><span class='ocrx_word' id='word_1_702' title='bbox 2091 4691 2336 4747; x_wconf 79' lang='lat' dir='ltr'><strong>diximus</strong></span> <span class='ocrx_word' id='word_1_703' title='bbox 2382 4684 2531 4756; x_wconf 90' lang='lat' dir='ltr'><strong>quod</strong></span> <span class='ocrx_word' id='word_1_704' title='bbox 2582 4680 2818 4752; x_wconf 86' lang='lat' dir='ltr'><strong>jubiluut</strong></span> <span class='ocrx_word' id='word_1_705' title='bbox 2873 4690 2958 4732; x_wconf 72' lang='lat' dir='ltr'><strong>est</strong></span> <span class='ocrx_word' id='word_1_706' title='bbox 3008 4694 3109 4733; x_wconf 71' lang='lat' dir='ltr'><strong>vos</strong></span> <span class='ocrx_word' id='word_1_707' title='bbox 3162 4679 3434 4734; x_wconf 65' lang='lat' dir='ltr'><strong>victoriae.</strong></span> <span class='ocrx_word' id='word_1_708' title='bbox 3468 4678 3663 4734; x_wconf 86' lang='lat' dir='ltr'><strong>Beatos</strong></span> 
     </span>
    </p>
   </div>
   <div class='ocr_carea' id='block_1_100' title="bbox 2091 4767 3664 4850">
    <p class='ocr_par' dir='ltr' id='par_1_100' title="bbox 2091 4767 3664 4850">
     <span class='ocr_line' id='line_1_100' title="bbox 2091 4767 3664 4850; baseline -0.003 -19"><span class='ocrx_word' id='word_1_709' title='bbox 2091 4780 2261 4850; x_wconf 78' lang='lat' dir='ltr'><strong>igitur</strong></span> <span class='ocrx_word' id='word_1_710' title='bbox 2308 4773 2578 4843; x_wconf 82' lang='lat' dir='ltr'><strong>Propheta</strong></span> <span class='ocrx_word' id='word_1_711' title='bbox 2630 4770 2755 4823; x_wconf 90' lang='lat' dir='ltr'><strong>illos</strong></span> <span class='ocrx_word' id='word_1_712' title='bbox 2807 4767 2965 4833; x_wconf 87' lang='lat' dir='ltr'><strong>dicit,</strong></span> <span class='ocrx_word' id='word_1_713' title='bbox 3022 4768 3115 4836; x_wconf 90' lang='lat' dir='ltr'><strong>qui</strong></span> <span class='ocrx_word' id='word_1_714' title='bbox 3174 4768 3420 4823; x_wconf 72' lang='lat' dir='ltr'><strong>victoria:</strong></span> <span class='ocrx_word' id='word_1_715' title='bbox 3472 4769 3664 4826; x_wconf 80' lang='lat' dir='ltr'><strong>laudes</strong></span> 
     </span>
    </p>
   </div>
   <div class='ocr_carea' id='block_1_101' title="bbox 2091 4859 3662 4940">
    <p class='ocr_par' dir='ltr' id='par_1_101' title="bbox 2091 4859 3662 4940">
     <span class='ocr_line' id='line_1_101' title="bbox 2091 4859 3662 4940; baseline -0.008 -15"><span class='ocrx_word' id='word_1_716' title='bbox 2091 4880 2260 4940; x_wconf 88' lang='lat' dir='ltr'><strong>atque</strong></span> <span class='ocrx_word' id='word_1_717' title='bbox 2293 4867 2530 4936; x_wconf 81' lang='lat' dir='ltr'><strong>hymnos</strong></span> <span class='ocrx_word' id='word_1_718' title='bbox 2579 4863 2630 4916; x_wconf 89' lang='lat' dir='ltr'><strong>ei</strong></span> <span class='ocrx_word' id='word_1_719' title='bbox 2681 4875 2880 4916; x_wconf 89' lang='lat' dir='ltr'><strong>cauere</strong></span> <span class='ocrx_word' id='word_1_720' title='bbox 2929 4868 3201 4912; x_wconf 76' lang='lat' dir='ltr'><strong>noveiunt</strong></span> <span class='ocrx_word' id='word_1_721' title='bbox 3256 4860 3348 4927; x_wconf 91' lang='lat' dir='ltr'><strong>qui</strong></span> <span class='ocrx_word' id='word_1_722' title='bbox 3385 4859 3662 4913; x_wconf 87' lang='lat' dir='ltr'><strong>diabolum</strong></span> 
     </span>
    </p>
   </div>
   <div class='ocr_carea' id='block_1_102' title="bbox 2094 4949 3665 5032">
    <p class='ocr_par' dir='ltr' id='par_1_102' title="bbox 2094 4949 3665 5032">
     <span class='ocr_line' id='line_1_102' title="bbox 2094 4949 3665 5032; baseline -0.009 -15"><span class='ocrx_word' id='word_1_723' title='bbox 2094 4958 2383 5032; x_wconf 83' lang='lat' dir='ltr'><strong>superavit</strong></span> <span class='ocrx_word' id='word_1_724' title='bbox 2414 4974 2428 5010; x_wconf 86' lang='lat'><strong>:</strong></span> <span class='ocrx_word' id='word_1_725' title='bbox 2459 4964 2515 5009; x_wconf 90' lang='lat' dir='ltr'><strong>et</strong></span> <span class='ocrx_word' id='word_1_726' title='bbox 2538 4952 2605 5007; x_wconf 89' lang='lat' dir='ltr'><strong>de</strong></span> <span class='ocrx_word' id='word_1_727' title='bbox 2642 4950 2895 5005; x_wconf 85' lang='lat' dir='ltr'><strong>ﬁdelibus</strong></span> <span class='ocrx_word' id='word_1_728' title='bbox 2927 4963 3113 5002; x_wconf 89' lang='lat' dir='ltr'><strong>sermo</strong></span> <span class='ocrx_word' id='word_1_729' title='bbox 3141 4964 3266 5003; x_wconf 89' lang='lat' dir='ltr'><strong>esse</strong></span> <span class='ocrx_word' id='word_1_730' title='bbox 3297 4949 3531 5003; x_wconf 88' lang='lat' dir='ltr'><strong>videtur.</strong></span> <span class='ocrx_word' id='word_1_731' title='bbox 3568 4949 3665 5004; x_wconf 78' lang='lat' dir='ltr'><strong>Vel</strong></span> 
     </span>
    </p>
   </div>
   <div class='ocr_carea' id='block_1_103' title="bbox 2089 5039 3663 5116">
    <p class='ocr_par' dir='ltr' id='par_1_103' title="bbox 2089 5039 3663 5116">
     <span class='ocr_line' id='line_1_103' title="bbox 2089 5039 3663 5116; baseline -0.008 -8"><span class='ocrx_word' id='word_1_732' title='bbox 2089 5053 2270 5116; x_wconf 90' lang='lat' dir='ltr'><strong>aliter,</strong></span> <span class='ocrx_word' id='word_1_733' title='bbox 2301 5048 2496 5105; x_wconf 84' lang='lat' dir='ltr'><strong>Beatos</strong></span> <span class='ocrx_word' id='word_1_734' title='bbox 2527 5045 2655 5099; x_wconf 91' lang='lat' dir='ltr'><strong>illos</strong></span> <span class='ocrx_word' id='word_1_735' title='bbox 2701 5041 2856 5105; x_wconf 89' lang='lat' dir='ltr'><strong>dicit,</strong></span> <span class='ocrx_word' id='word_1_736' title='bbox 2888 5040 3016 5110; x_wconf 85' lang='lat' dir='ltr'><strong>quia</strong></span> <span class='ocrx_word' id='word_1_737' title='bbox 3061 5042 3326 5094; x_wconf 85' lang='lat' dir='ltr'><strong>adversus</strong></span> <span class='ocrx_word' id='word_1_738' title='bbox 3357 5039 3663 5095; x_wconf 80' lang='lat' dir='ltr'><strong>invisibiles</strong></span> 
     </span>
    </p>
   </div>
   <div class='ocr_carea' id='block_1_104' title="bbox 2090 5132 3497 5207">
    <p class='ocr_par' dir='ltr' id='par_1_104' title="bbox 2090 5132 3497 5207">
     <span class='ocr_line' id='line_1_104' title="bbox 2090 5132 3497 5207; baseline -0.011 -7"><span class='ocrx_word' id='word_1_739' title='bbox 2090 5145 2349 5204; x_wconf 79' lang='lat' dir='ltr'><strong>inimicos</strong></span> <span class='ocrx_word' id='word_1_740' title='bbox 2376 5147 2651 5197; x_wconf 83' lang='lat' dir='ltr'><strong>noverunt</strong></span> <span class='ocrx_word' id='word_1_741' title='bbox 2674 5136 2931 5207; x_wconf 78' lang='lat' dir='ltr'><strong>iubilare,</strong></span> <span class='ocrx_word' id='word_1_742' title='bbox 2962 5135 3090 5187; x_wconf 87' lang='lat' dir='ltr'><strong>dum</strong></span> <span class='ocrx_word' id='word_1_743' title='bbox 3122 5148 3220 5187; x_wconf 87' lang='lat' dir='ltr'><strong>eos</strong></span> <span class='ocrx_word' id='word_1_744' title='bbox 3248 5132 3497 5187; x_wconf 87' lang='lat' dir='ltr'><strong>vincunt.</strong></span> 
     </span>
    </p>
   </div>
   <div class='ocr_carea' id='block_1_105' title="bbox 2160 5223 3665 5294">
    <p class='ocr_par' dir='ltr' id='par_1_105' title="bbox 2160 5223 3665 5294">
     <span class='ocr_line' id='line_1_105' title="bbox 2160 5223 3665 5294; baseline -0.009 -4"><span class='ocrx_word' id='word_1_745' title='bbox 2160 5236 2334 5292; x_wconf 73' lang='lat' dir='ltr'><strong>Vens.</strong></span> <span class='ocrx_word' id='word_1_746' title='bbox 2352 5234 2437 5289; x_wconf 83' lang='grc'><strong>16.</strong></span> <span class='ocrx_word' id='word_1_747' title='bbox 2453 5232 2693 5294; x_wconf 79' lang='lat' dir='ltr'><strong>Domine,</strong></span> <span class='ocrx_word' id='word_1_748' title='bbox 2713 5228 2766 5281; x_wconf 88' lang='lat' dir='ltr'><strong>in</strong></span> <span class='ocrx_word' id='word_1_749' title='bbox 2787 5227 2983 5280; x_wconf 85' lang='lat' dir='ltr'><strong>lumine</strong></span> <span class='ocrx_word' id='word_1_750' title='bbox 3006 5226 3177 5279; x_wconf 80' lang='lat' dir='ltr'><strong>vultus</strong></span> <span class='ocrx_word' id='word_1_751' title='bbox 3196 5225 3275 5277; x_wconf 89' lang='lat' dir='ltr'><strong>tui</strong></span> <span class='ocrx_word' id='word_1_752' title='bbox 3296 5223 3665 5277; x_wconf 77' lang='lat' dir='ltr'><strong>ambulabunt.</strong></span> 
     </span>
    </p>
   </div>
   <div class='ocr_carea' id='block_1_106' title="bbox 2094 5312 3663 5393">
    <p class='ocr_par' dir='ltr' id='par_1_106' title="bbox 2094 5312 3663 5393">
     <span class='ocr_line' id='line_1_106' title="bbox 2094 5312 3663 5393; baseline -0.012 -10"><span class='ocrx_word' id='word_1_753' title='bbox 2094 5328 2294 5383; x_wconf 79' lang='lat' dir='ltr'><strong>Vultus</strong></span> <span class='ocrx_word' id='word_1_754' title='bbox 2342 5322 2563 5393; x_wconf 86' lang='lat' dir='ltr'><strong>quidem</strong></span> <span class='ocrx_word' id='word_1_755' title='bbox 2591 5319 2769 5372; x_wconf 84' lang='lat' dir='ltr'><strong>Patris</strong></span> <span class='ocrx_word' id='word_1_756' title='bbox 2806 5328 2892 5371; x_wconf 88' lang='lat' dir='ltr'><strong>est</strong></span> <span class='ocrx_word' id='word_1_757' title='bbox 2933 5312 3128 5379; x_wconf 82' lang='lat' dir='ltr'><strong>Filius,</strong></span> <span class='ocrx_word' id='word_1_758' title='bbox 3173 5324 3230 5366; x_wconf 88' lang='lat' dir='ltr'><strong>ut</strong></span> <span class='ocrx_word' id='word_1_759' title='bbox 3261 5314 3316 5367; x_wconf 92' lang='lat' dir='ltr'><strong>in</strong></span> <span class='ocrx_word' id='word_1_760' title='bbox 3344 5329 3403 5367; x_wconf 84' lang='lat' dir='ltr'><strong>ut</strong></span> <span class='ocrx_word' id='word_1_761' title='bbox 3450 5316 3663 5381; x_wconf 85' lang='lat' dir='ltr'><strong>psalmo</strong></span> 
     </span>
    </p>
   </div>
   <div class='ocr_carea' id='block_1_107' title="bbox 2094 5404 3663 5477">
    <p class='ocr_par' dir='ltr' id='par_1_107' title="bbox 2094 5404 3663 5477">
     <span class='ocr_line' id='line_1_107' title="bbox 2094 5404 3663 5477; baseline -0.01 -2"><span class='ocrx_word' id='word_1_762' title='bbox 2094 5418 2357 5477; x_wconf 73' lang='lat' dir='ltr'><strong>diximus.</strong></span> <span class='ocrx_word' id='word_1_763' title='bbox 2419 5412 2628 5468; x_wconf 83' lang='lat' dir='ltr'><strong>Lumen</strong></span> <span class='ocrx_word' id='word_1_764' title='bbox 2680 5420 2863 5463; x_wconf 87' lang='lat' dir='ltr'><strong>autem</strong></span> <span class='ocrx_word' id='word_1_765' title='bbox 2912 5404 3059 5473; x_wconf 80' lang='lat' dir='ltr'><strong>Filii,</strong></span> <span class='ocrx_word' id='word_1_766' title='bbox 3119 5405 3266 5459; x_wconf 90' lang='lat' dir='ltr'><strong>illius</strong></span> <span class='ocrx_word' id='word_1_767' title='bbox 3319 5406 3575 5458; x_wconf 85' lang='lat' dir='ltr'><strong>mandata</strong></span> <span class='ocrx_word' id='word_1_768' title='bbox 3648 5424 3663 5460; x_wconf 93' lang='lat'>:</span> 
     </span>
    </p>
   </div>
   <div class='ocr_carea' id='block_1_108' title="bbox 2098 5497 3667 5571">
    <p class='ocr_par' dir='ltr' id='par_1_108' title="bbox 2098 5497 3667 5571">
     <span class='ocr_line' id='line_1_108' title="bbox 2098 5497 3667 5571; baseline -0.01 -7"><span class='ocrx_word' id='word_1_769' title='bbox 2098 5510 2337 5564; x_wconf 80' lang='lat' dir='ltr'><strong>Lucerna</strong></span> <span class='ocrx_word' id='word_1_770' title='bbox 2393 5506 2566 5570; x_wconf 87' lang='lat' dir='ltr'><strong>enim,</strong></span> <span class='ocrx_word' id='word_1_771' title='bbox 2628 5502 2829 5571; x_wconf 85' lang='lat' dir='ltr'><strong>inquit,</strong></span> <span class='ocrx_word' id='word_1_772' title='bbox 2876 5498 3098 5567; x_wconf 79' lang='lat' dir='ltr'><strong>pedibus</strong></span> <span class='ocrx_word' id='word_1_773' title='bbox 3154 5498 3281 5551; x_wconf 73' lang='lat' dir='ltr'><strong>mei:</strong></span> <span class='ocrx_word' id='word_1_774' title='bbox 3326 5497 3412 5550; x_wconf 73' lang='lat' dir='ltr'><strong>(ex</strong></span> <span class='ocrx_word' id='word_1_775' title='bbox 3452 5506 3565 5560; x_wconf 85' lang='lat' dir='ltr'><strong>tua,</strong></span> <span class='ocrx_word' id='word_1_776' title='bbox 3614 5506 3667 5551; x_wconf 81' lang='lat' dir='ltr'><strong>et</strong></span> 
     </span>
    </p>
   </div>
   <div class='ocr_carea' id='block_1_109' title="bbox 2100 5586 3665 5662">
    <p class='ocr_par' dir='ltr' id='par_1_109' title="bbox 2100 5586 3665 5662">
     <span class='ocr_line' id='line_1_109' title="bbox 2100 5586 3665 5662; baseline -0.01 -3"><span class='ocrx_word' id='word_1_777' title='bbox 2100 5605 2279 5659; x_wconf 83' lang='lat' dir='ltr'><strong>lumen</strong></span> <span class='ocrx_word' id='word_1_778' title='bbox 2309 5599 2512 5656; x_wconf 75' lang='lat' dir='ltr'><strong>semitis</strong></span> <span class='ocrx_word' id='word_1_779' title='bbox 2547 5596 2678 5651; x_wconf 75' lang='lat' dir='ltr'><strong>meis</strong></span> <span class='ocrx_word' id='word_1_780' title='bbox 2702 5595 2773 5649; x_wconf 80' lang='lat'><strong>&quot;.</strong></span> <span class='ocrx_word' id='word_1_781' title='bbox 2808 5593 2899 5647; x_wconf 81' lang='lat' dir='ltr'><strong>Ait</strong></span> <span class='ocrx_word' id='word_1_782' title='bbox 2930 5591 3100 5662; x_wconf 78' lang='lat' dir='ltr'><strong>igitur</strong></span> <span class='ocrx_word' id='word_1_783' title='bbox 3140 5589 3287 5661; x_wconf 90' lang='lat' dir='ltr'><strong>quod</strong></span> <span class='ocrx_word' id='word_1_784' title='bbox 3330 5590 3411 5645; x_wconf 91' lang='lat' dir='ltr'><strong>illi</strong></span> <span class='ocrx_word' id='word_1_785' title='bbox 3449 5588 3505 5643; x_wconf 92' lang='lat' dir='ltr'><strong>in</strong></span> <span class='ocrx_word' id='word_1_786' title='bbox 3546 5586 3665 5643; x_wconf 83' lang='lat' dir='ltr'><strong>Filii</strong></span> 
     </span>
    </p>
   </div>
   <div class='ocr_carea' id='block_1_110' title="bbox 1778 5804 2357 5869">
    <p class='ocr_par' dir='ltr' id='par_1_110' title="bbox 1778 5804 2357 5869">
     <span class='ocr_line' id='line_1_110' title="bbox 1778 5804 2357 5869; baseline -0.005 -1"><span class='ocrx_word' id='word_1_787' title='bbox 1778 5806 1983 5869; x_wconf 70' lang='lat' dir='ltr'><strong>Variae</strong></span> <span class='ocrx_word' id='word_1_788' title='bbox 2024 5804 2357 5868; x_wconf 88' lang='lat' dir='ltr'><strong>lectiones.</strong></span> 
     </span>
    </p>
   </div>
   <div class='ocr_carea' id='block_1_111' title="bbox 495 5907 1981 6008">
    <p class='ocr_par' dir='ltr' id='par_1_111' title="bbox 495 5907 1981 6008">
     <span class='ocr_line' id='line_1_111' title="bbox 495 5907 1981 6008; baseline -0.019 -17"><span class='ocrx_word' id='word_1_789' title='bbox 495 5936 572 6008; x_wconf 78' lang='lat'><strong>(5)</strong></span> <span class='ocrx_word' id='word_1_790' title='bbox 594 5931 786 5990; x_wconf 81' lang='lat' dir='ltr'><strong>Potius</strong></span> <span class='ocrx_word' id='word_1_791' title='bbox 810 5925 1235 5990; x_wconf 71' lang='lat' dir='ltr'><strong>miserationem,</strong></span> <span class='ocrx_word' id='word_1_792' title='bbox 1265 5919 1325 5974; x_wconf 87' lang='lat' dir='ltr'><strong>lt.</strong></span> <span class='ocrx_word' id='word_1_793' title='bbox 1350 5931 1403 5973; x_wconf 88' lang='lat' dir='ltr'><strong>e.</strong></span> <span class='ocrx_word' id='word_1_794' title='bbox 1439 5920 1623 5970; x_wconf 88' lang='lat' dir='ltr'><strong>actum</strong></span> <span class='ocrx_word' id='word_1_795' title='bbox 1659 5907 1981 5967; x_wconf 85' lang='lat' dir='ltr'><strong>miserendi.</strong></span> 
     </span>
    </p>
   </div>
  </div>
