  <div class='ocr_page' id='page_1' title='image "/cluster/home/n/w/nwhite01/storage/ocr_20150623/128/mdp.39015078384263/468.png"; bbox 0 0 4188 6290; ppageno 0'>
   <div class='ocr_carea' id='block_1_1' title="bbox 365 299 471 365">
    <p class='ocr_par' dir='ltr' id='par_1_1' title="bbox 365 299 471 365">
     <span class='ocr_line' id='line_1_1' title="bbox 365 299 471 365; baseline -0.019 0"><span class='ocrx_word' id='word_1_1' title='bbox 365 299 471 365; x_wconf 72' lang='grc'><strong>921</strong></span> 
     </span>
    </p>
   </div>
   <div class='ocr_carea' id='block_1_2' title="bbox 1507 305 2415 374">
    <p class='ocr_par' dir='ltr' id='par_1_2' title="bbox 1507 305 2415 374">
     <span class='ocr_line' id='line_1_2' title="bbox 1507 305 2415 374; baseline 0.008 -10"><span class='ocrx_word' id='word_1_2' title='bbox 1507 305 1900 367; x_wconf 75' lang='lat' dir='ltr'><strong>COMMENT.</strong></span> <span class='ocrx_word' id='word_1_3' title='bbox 1942 307 2023 365; x_wconf 83' lang='lat' dir='ltr'>IN</span> <span class='ocrx_word' id='word_1_4' title='bbox 2056 310 2415 374; x_wconf 75' lang='lat' dir='ltr'><strong>PSALMOS.</strong></span> 
     </span>
    </p>
   </div>
   <div class='ocr_carea' id='block_1_3' title="bbox 3512 314 3620 382">
    <p class='ocr_par' dir='ltr' id='par_1_3' title="bbox 3512 314 3620 382">
     <span class='ocr_line' id='line_1_3' title="bbox 3512 314 3620 382; baseline 0.056 -7"><span class='ocrx_word' id='word_1_5' title='bbox 3512 314 3620 382; x_wconf 66' lang='lat'><strong>992</strong></span> 
     </span>
    </p>
   </div>
   <div class='ocr_carea' id='block_1_4' title="bbox 365 415 1946 496">
    <p class='ocr_par' dir='ltr' id='par_1_4' title="bbox 365 415 1933 491">
     <span class='ocr_line' id='line_1_4' title="bbox 365 415 1933 491; baseline 0.003 -20"><span class='ocrx_word' id='word_1_6' title='bbox 365 419 468 489; x_wconf 74' lang='grc' dir='ltr'>μὲν</span> <span class='ocrx_word' id='word_1_7' title='bbox 516 415 609 470; x_wconf 75' lang='grc' dir='ltr'>τοῦ</span> <span class='ocrx_word' id='word_1_8' title='bbox 630 417 817 484; x_wconf 80' lang='grc' dir='ltr'>Δαϐὶδ,</span> <span class='ocrx_word' id='word_1_9' title='bbox 835 417 863 471; x_wconf 89' lang='grc' dir='ltr'><strong>ό</strong></span> <span class='ocrx_word' id='word_1_10' title='bbox 892 416 1129 491; x_wconf 82' lang='grc' dir='ltr'>Χριστὸς</span> <span class='ocrx_word' id='word_1_11' title='bbox 1164 416 1305 472; x_wconf 85' lang='grc' dir='ltr'>κατά</span> <span class='ocrx_word' id='word_1_12' title='bbox 1353 419 1556 491; x_wconf 69' lang='grc' dir='ltr'>σάρκα,</span> <span class='ocrx_word' id='word_1_13' title='bbox 1582 422 1766 485; x_wconf 81' lang='grc' dir='ltr'>καθὼς</span> <span class='ocrx_word' id='word_1_14' title='bbox 1790 424 1933 475; x_wconf 84' lang='grc' dir='ltr'>ἀνω-</span> 
     </span>
    </p>
   </div>
   <div class='ocr_carea' id='block_1_5' title="bbox 2047 415 3614 496">
    <p class='ocr_par' dir='ltr' id='par_1_5' title="bbox 2047 429 3614 496">
     <span class='ocr_line' id='line_1_5' title="bbox 2047 429 3614 496; baseline 0.003 -18"><span class='ocrx_word' id='word_1_15' title='bbox 2047 430 2255 496; x_wconf 70' lang='grc' dir='ltr'>]ιιῐάθιιι</span> <span class='ocrx_word' id='word_1_16' title='bbox 2300 429 2466 483; x_wconf 81' lang='lat' dir='ltr'><strong>David</strong></span> <span class='ocrx_word' id='word_1_17' title='bbox 2500 429 2754 488; x_wconf 84' lang='lat' dir='ltr'><strong>Christus</strong></span> <span class='ocrx_word' id='word_1_18' title='bbox 2782 441 2867 489; x_wconf 89' lang='lat' dir='ltr'><strong>est</strong></span> <span class='ocrx_word' id='word_1_19' title='bbox 2912 433 3212 487; x_wconf 81' lang='lat' dir='ltr'><strong>secundum</strong></span> <span class='ocrx_word' id='word_1_20' title='bbox 3256 445 3501 493; x_wconf 84' lang='lat' dir='ltr'><strong>carnem,</strong></span> <span class='ocrx_word' id='word_1_21' title='bbox 3553 435 3614 483; x_wconf 86' lang='lat' dir='ltr'><strong>ut</strong></span> 
     </span>
    </p>
   </div>
   <div class='ocr_carea' id='block_1_6' title="bbox 360 509 1935 584">
    <p class='ocr_par' dir='ltr' id='par_1_6' title="bbox 360 509 1935 584">
     <span class='ocr_line' id='line_1_6' title="bbox 360 509 1935 584; baseline 0.003 -22"><span class='ocrx_word' id='word_1_22' title='bbox 360 511 507 582; x_wconf 74' lang='grc' dir='ltr'>ιτέρω</span> <span class='ocrx_word' id='word_1_23' title='bbox 524 509 940 581; x_wconf 77' lang='grc' dir='ltr'>διελάόομεν,δς</span> <span class='ocrx_word' id='word_1_24' title='bbox 972 512 1065 563; x_wconf 65' lang='grc' dir='ltr'><strong>καλ⁵</strong></span> <span class='ocrx_word' id='word_1_25' title='bbox 1110 510 1388 580; x_wconf 79' lang='grc' dir='ltr'><strong>βασιλεύει</strong></span> <span class='ocrx_word' id='word_1_26' title='bbox 1415 513 1649 578; x_wconf 78' lang='grc' dir='ltr'>αἰωνίως</span> <span class='ocrx_word' id='word_1_27' title='bbox 1671 514 1781 566; x_wconf 84' lang='grc' dir='ltr'><strong>τῶν</strong></span> <span class='ocrx_word' id='word_1_28' title='bbox 1798 516 1935 584; x_wconf 86' lang='grc' dir='ltr'>Χρι-</span> 
     </span>
    </p>
   </div>
   <div class='ocr_carea' id='block_1_7' title="bbox 361 602 1932 673">
    <p class='ocr_par' dir='ltr' id='par_1_7' title="bbox 361 602 1932 673">
     <span class='ocr_line' id='line_1_7' title="bbox 361 602 1932 673; baseline 0.003 -18"><span class='ocrx_word' id='word_1_29' title='bbox 361 602 599 655; x_wconf 84' lang='grc' dir='ltr'>στιανῶν</span> <span class='ocrx_word' id='word_1_30' title='bbox 641 603 742 673; x_wconf 79' lang='grc' dir='ltr'>μὲν</span> <span class='ocrx_word' id='word_1_31' title='bbox 789 604 1048 673; x_wconf 78' lang='grc' dir='ltr'>ἑκόντων,</span> <span class='ocrx_word' id='word_1_32' title='bbox 1101 605 1213 657; x_wconf 84' lang='grc' dir='ltr'><strong>τῶν</strong></span> <span class='ocrx_word' id='word_1_33' title='bbox 1265 605 1324 658; x_wconf 79' lang='grc' dir='ltr'>δὲ</span> <span class='ocrx_word' id='word_1_34' title='bbox 1358 606 1602 659; x_wconf 80' lang='grc' dir='ltr'>ἀπίστων</span> <span class='ocrx_word' id='word_1_35' title='bbox 1652 605 1932 662; x_wconf 81' lang='grc' dir='ltr'>ἀκόντων·</span> 
     </span>
    </p>
   </div>
   <div class='ocr_carea' id='block_1_8' title="bbox 373 691 1937 765">
    <p class='ocr_par' dir='ltr' id='par_1_8' title="bbox 373 691 1937 765">
     <span class='ocr_line' id='line_1_8' title="bbox 373 691 1937 765; baseline 0.001 -18"><span class='ocrx_word' id='word_1_36' title='bbox 373 692 583 759; x_wconf 78' lang='grc' dir='ltr'>Ἐδόθη</span> <span class='ocrx_word' id='word_1_37' title='bbox 612 710 710 761; x_wconf 82' lang='grc' dir='ltr'><strong>μοι</strong></span> <span class='ocrx_word' id='word_1_38' title='bbox 742 691 873 763; x_wconf 75' lang='grc' dir='ltr'>γὰρ,</span> <span class='ocrx_word' id='word_1_39' title='bbox 907 693 1093 763; x_wconf 78' lang='grc' dir='ltr'>φησὶν,</span> <span class='ocrx_word' id='word_1_40' title='bbox 1149 694 1404 757; x_wconf 79' lang='grc' dir='ltr'><strong>ἐξουσία</strong></span> <span class='ocrx_word' id='word_1_41' title='bbox 1448 696 1519 748; x_wconf 71' lang='grc' dir='ltr'><strong>ἐν</strong></span> <span class='ocrx_word' id='word_1_42' title='bbox 1565 696 1800 765; x_wconf 81' lang='grc' dir='ltr'><strong>οὐρανῷ</strong></span> <span class='ocrx_word' id='word_1_43' title='bbox 1837 696 1937 751; x_wconf 76' lang='grc' dir='ltr'>καὶ</span> 
     </span>
    </p>
   </div>
   <div class='ocr_carea' id='block_1_9' title="bbox 357 783 1939 857">
    <p class='ocr_par' dir='ltr' id='par_1_9' title="bbox 357 783 1939 857">
     <span class='ocr_line' id='line_1_9' title="bbox 357 783 1939 857; baseline 0.003 -20"><span class='ocrx_word' id='word_1_44' title='bbox 357 783 604 853; x_wconf 72' lang='grc' dir='ltr'><strong>ἐπὶγῆς.</strong></span> <span class='ocrx_word' id='word_1_45' title='bbox 643 786 869 856; x_wconf 78' lang='grc' dir='ltr'><strong>Σπέρμα</strong></span> <span class='ocrx_word' id='word_1_46' title='bbox 883 786 940 839; x_wconf 74' lang='grc' dir='ltr'>δὲ</span> <span class='ocrx_word' id='word_1_47' title='bbox 969 785 1063 839; x_wconf 82' lang='grc' dir='ltr'>τοῦ</span> <span class='ocrx_word' id='word_1_48' title='bbox 1094 787 1333 857; x_wconf 76' lang='grc' dir='ltr'><strong>Χριστοῦ</strong></span> <span class='ocrx_word' id='word_1_49' title='bbox 1373 791 1403 839; x_wconf 81' lang='grc' dir='ltr'>ὁ</span> <span class='ocrx_word' id='word_1_50' title='bbox 1441 789 1600 852; x_wconf 80' lang='grc' dir='ltr'>λόγος</span> <span class='ocrx_word' id='word_1_51' title='bbox 1634 788 1730 841; x_wconf 86' lang='grc' dir='ltr'><strong>τοῦ</strong></span> <span class='ocrx_word' id='word_1_52' title='bbox 1759 789 1939 855; x_wconf 81' lang='grc' dir='ltr'>Εὐαγ-</span> 
     </span>
    </p>
   </div>
   <div class='ocr_carea' id='block_1_10' title="bbox 358 874 1939 950">
    <p class='ocr_par' dir='ltr' id='par_1_10' title="bbox 358 874 1939 950">
     <span class='ocr_line' id='line_1_10' title="bbox 358 874 1939 950; baseline 0.002 -23"><span class='ocrx_word' id='word_1_53' title='bbox 358 874 563 942; x_wconf 57' lang='lat' dir='ltr'><strong>meo,</strong></span> <span class='ocrx_word' id='word_1_54' title='bbox 588 878 682 928; x_wconf 80' lang='grc' dir='ltr'>καὶ</span> <span class='ocrx_word' id='word_1_55' title='bbox 721 877 1252 947; x_wconf 77' lang='grc' dir='ltr'>οἰάναγεννηθέντες</span> <span class='ocrx_word' id='word_1_56' title='bbox 1280 878 1450 950; x_wconf 78' lang='grc' dir='ltr'>αὐτῷ,</span> <span class='ocrx_word' id='word_1_57' title='bbox 1500 878 1687 941; x_wconf 79' lang='grc' dir='ltr'>καθὼς</span> <span class='ocrx_word' id='word_1_58' title='bbox 1732 878 1939 948; x_wconf 81' lang='grc' dir='ltr'>ὁμοίως</span> 
     </span>
    </p>
   </div>
   <div class='ocr_carea' id='block_1_11' title="bbox 358 962 1934 1035">
    <p class='ocr_par' dir='ltr' id='par_1_11' title="bbox 358 962 1934 1035">
     <span class='ocr_line' id='line_1_11' title="bbox 358 962 1934 1035; baseline 0.001 -16"><span class='ocrx_word' id='word_1_59' title='bbox 358 965 620 1034; x_wconf 78' lang='grc' dir='ltr'><strong>ἀνωτέρω</strong></span> <span class='ocrx_word' id='word_1_60' title='bbox 666 965 1019 1035; x_wconf 77' lang='grc' dir='ltr'>διείληπται·</span> <span class='ocrx_word' id='word_1_61' title='bbox 1070 968 1167 1020; x_wconf 70' lang='lat' dir='ltr'><strong>stai.</strong></span> <span class='ocrx_word' id='word_1_62' title='bbox 1212 967 1375 1021; x_wconf 83' lang='grc' dir='ltr'>τοῦτο</span> <span class='ocrx_word' id='word_1_63' title='bbox 1438 962 1532 1022; x_wconf 74' lang='grc' dir='ltr'>οὖν</span> <span class='ocrx_word' id='word_1_64' title='bbox 1601 971 1825 1022; x_wconf 80' lang='grc' dir='ltr'>κάκεῖνο</span> <span class='ocrx_word' id='word_1_65' title='bbox 1871 968 1934 1021; x_wconf 82' lang='grc' dir='ltr'><strong>τὺ</strong></span> 
     </span>
    </p>
   </div>
   <div class='ocr_carea' id='block_1_12' title="bbox 362 1057 1941 1132">
    <p class='ocr_par' dir='ltr' id='par_1_12' title="bbox 362 1057 1941 1132">
     <span class='ocr_line' id='line_1_12' title="bbox 362 1057 1941 1132; baseline 0.002 -21"><span class='ocrx_word' id='word_1_66' title='bbox 362 1059 586 1129; x_wconf 79' lang='grc' dir='ltr'>σπέρμα</span> <span class='ocrx_word' id='word_1_67' title='bbox 630 1060 709 1121; x_wconf 83' lang='grc' dir='ltr'><strong>εἰς</strong></span> <span class='ocrx_word' id='word_1_68' title='bbox 749 1058 842 1111; x_wconf 83' lang='grc' dir='ltr'>τὸν</span> <span class='ocrx_word' id='word_1_69' title='bbox 891 1057 1064 1112; x_wconf 78' lang='grc' dir='ltr'>αἰῶνα</span> <span class='ocrx_word' id='word_1_70' title='bbox 1096 1060 1269 1129; x_wconf 83' lang='grc' dir='ltr'>μένει,</span> <span class='ocrx_word' id='word_1_71' title='bbox 1300 1064 1454 1131; x_wconf 75' lang='grc' dir='ltr'>φησι,</span> <span class='ocrx_word' id='word_1_72' title='bbox 1481 1060 1623 1114; x_wconf 76' lang='grc' dir='ltr'>κατὰ</span> <span class='ocrx_word' id='word_1_73' title='bbox 1644 1059 1745 1131; x_wconf 79' lang='grc' dir='ltr'>τὴν</span> <span class='ocrx_word' id='word_1_74' title='bbox 1797 1060 1941 1132; x_wconf 77' lang='grc' dir='ltr'>ἐμὴν</span> 
     </span>
    </p>
   </div>
   <div class='ocr_carea' id='block_1_13' title="bbox 362 1150 696 1218">
    <p class='ocr_par' dir='ltr' id='par_1_13' title="bbox 362 1150 696 1218">
     <span class='ocr_line' id='line_1_13' title="bbox 362 1150 696 1218; baseline -0.003 -15"><span class='ocrx_word' id='word_1_75' title='bbox 362 1150 696 1218; x_wconf 67' lang='grc' dir='ltr'>ἐπαγγελίαν</span> 
     </span>
    </p>
   </div>
   <div class='ocr_carea' id='block_1_14' title="bbox 435 1240 1940 1310">
    <p class='ocr_par' dir='ltr' id='par_1_14' title="bbox 435 1240 1940 1310">
     <span class='ocr_line' id='line_1_14' title="bbox 435 1240 1940 1310; baseline 0.001 -15"><span class='ocrx_word' id='word_1_76' title='bbox 435 1242 539 1295; x_wconf 82' lang='lat' dir='ltr'><strong>Kal</strong></span> <span class='ocrx_word' id='word_1_77' title='bbox 570 1242 603 1295; x_wconf 86' lang='grc' dir='ltr'><em>ὀ</em></span> <span class='ocrx_word' id='word_1_78' title='bbox 631 1242 840 1310; x_wconf 77' lang='grc' dir='ltr'>θρόνος</span> <span class='ocrx_word' id='word_1_79' title='bbox 870 1240 1080 1305; x_wconf 78' lang='grc' dir='ltr'>αὐτοῦ,</span> <span class='ocrx_word' id='word_1_80' title='bbox 1110 1242 1190 1308; x_wconf 85' lang='grc' dir='ltr'>ὠς</span> <span class='ocrx_word' id='word_1_81' title='bbox 1208 1242 1377 1310; x_wconf 81' lang='grc' dir='ltr'>ἣλιος</span> <span class='ocrx_word' id='word_1_82' title='bbox 1389 1242 1670 1297; x_wconf 74' lang='grc' dir='ltr'><strong>ἐναντίον</strong></span> <span class='ocrx_word' id='word_1_83' title='bbox 1696 1262 1836 1310; x_wconf 84' lang='grc' dir='ltr'><strong>μου.</strong></span> <span class='ocrx_word' id='word_1_84' title='bbox 1872 1243 1940 1296; x_wconf 84' lang='grc' dir='ltr'><em>Ἡ</em></span> 
     </span>
    </p>
   </div>
   <div class='ocr_carea' id='block_1_15' title="bbox 364 1333 1940 1406">
    <p class='ocr_par' dir='ltr' id='par_1_15' title="bbox 364 1333 1940 1406">
     <span class='ocr_line' id='line_1_15' title="bbox 364 1333 1940 1406; baseline 0.003 -21"><span class='ocrx_word' id='word_1_85' title='bbox 364 1335 612 1403; x_wconf 74' lang='grc' dir='ltr'>βισιλεία</span> <span class='ocrx_word' id='word_1_86' title='bbox 640 1335 734 1387; x_wconf 73' lang='grc' dir='ltr'>τοῦ</span> <span class='ocrx_word' id='word_1_87' title='bbox 765 1333 1026 1405; x_wconf 77' lang='grc' dir='ltr'><strong>Χριστοῦ,</strong></span> <span class='ocrx_word' id='word_1_88' title='bbox 1057 1337 1088 1405; x_wconf 73' lang='grc' dir='ltr'>ἡ</span> <span class='ocrx_word' id='word_1_89' title='bbox 1119 1336 1199 1398; x_wconf 75' lang='grc' dir='ltr'><strong>εἰς</strong></span> <span class='ocrx_word' id='word_1_90' title='bbox 1235 1335 1362 1398; x_wconf 74' lang='grc' dir='ltr'>τοὺς</span> <span class='ocrx_word' id='word_1_91' title='bbox 1394 1336 1778 1406; x_wconf 80' lang='grc' dir='ltr'>Χριστιανοὺς.</span> <span class='ocrx_word' id='word_1_92' title='bbox 1811 1340 1940 1391; x_wconf 74' lang='grc' dir='ltr'>ἑπι-</span> 
     </span>
    </p>
   </div>
   <div class='ocr_carea' id='block_1_16' title="bbox 363 1426 1939 1497">
    <p class='ocr_par' dir='ltr' id='par_1_16' title="bbox 363 1426 1939 1497">
     <span class='ocr_line' id='line_1_16' title="bbox 363 1426 1939 1497; baseline 0 -18"><span class='ocrx_word' id='word_1_93' title='bbox 363 1426 649 1495; x_wconf 73' lang='grc' dir='ltr'>σημπᾶιτη</span> <span class='ocrx_word' id='word_1_94' title='bbox 678 1428 772 1479; x_wconf 77' lang='grc' dir='ltr'>καὶ</span> <span class='ocrx_word' id='word_1_95' title='bbox 804 1427 1055 1493; x_wconf 79' lang='grc' dir='ltr'>μόνιμος,</span> <span class='ocrx_word' id='word_1_96' title='bbox 1086 1426 1162 1488; x_wconf 79' lang='grc' dir='ltr'>ὡς</span> <span class='ocrx_word' id='word_1_97' title='bbox 1184 1429 1212 1479; x_wconf 85' lang='grc' dir='ltr'>ὁ</span> <span class='ocrx_word' id='word_1_98' title='bbox 1235 1427 1408 1497; x_wconf 74' lang='grc' dir='ltr'>ἥλιος.</span> <span class='ocrx_word' id='word_1_99' title='bbox 1433 1428 1532 1481; x_wconf 81' lang='grc' dir='ltr'><strong>Διά</strong></span> <span class='ocrx_word' id='word_1_100' title='bbox 1560 1427 1613 1479; x_wconf 81' lang='grc' dir='ltr'>τί</span> <span class='ocrx_word' id='word_1_101' title='bbox 1641 1428 1699 1481; x_wconf 80' lang='grc' dir='ltr'>δὲ</span> <span class='ocrx_word' id='word_1_102' title='bbox 1728 1429 1824 1482; x_wconf 78' lang='grc' dir='ltr'>καὶ</span> <span class='ocrx_word' id='word_1_103' title='bbox 1845 1428 1939 1481; x_wconf 67' lang='grc' dir='ltr'><strong>τὸν</strong></span> 
     </span>
    </p>
   </div>
   <div class='ocr_carea' id='block_1_17' title="bbox 358 1519 1939 1591">
    <p class='ocr_par' dir='ltr' id='par_1_17' title="bbox 358 1519 1939 1591">
     <span class='ocr_line' id='line_1_17' title="bbox 358 1519 1939 1591; baseline 0.004 -24"><span class='ocrx_word' id='word_1_104' title='bbox 358 1519 510 1589; x_wconf 70' lang='grc' dir='ltr'>ἥλιον</span> <span class='ocrx_word' id='word_1_105' title='bbox 543 1522 626 1580; x_wconf 78' lang='lat' dir='ltr'><strong>si;</strong></span> <span class='ocrx_word' id='word_1_106' title='bbox 657 1520 843 1572; x_wconf 77' lang='grc' dir='ltr'>εἰκόνα</span> <span class='ocrx_word' id='word_1_107' title='bbox 872 1519 973 1587; x_wconf 76' lang='grc' dir='ltr'>τῆς</span> <span class='ocrx_word' id='word_1_108' title='bbox 1001 1520 1364 1588; x_wconf 74' lang='grc' dir='ltr'>μονιμᾶτητος</span> <span class='ocrx_word' id='word_1_109' title='bbox 1387 1520 1604 1583; x_wconf 75' lang='grc' dir='ltr'>ἔλαϐεν,</span> <span class='ocrx_word' id='word_1_110' title='bbox 1628 1522 1843 1591; x_wconf 74' lang='grc' dir='ltr'>εἴρηται</span> <span class='ocrx_word' id='word_1_111' title='bbox 1879 1523 1939 1574; x_wconf 82' lang='grc' dir='ltr'>ὲν</span> 
     </span>
    </p>
   </div>
   <div class='ocr_carea' id='block_1_18' title="bbox 358 1610 1935 1681">
    <p class='ocr_par' dir='ltr' id='par_1_18' title="bbox 358 1610 1935 1681">
     <span class='ocr_line' id='line_1_18' title="bbox 358 1610 1935 1681; baseline 0.001 -18"><span class='ocrx_word' id='word_1_112' title='bbox 358 1611 436 1681; x_wconf 72' lang='grc' dir='ltr'>τῷ</span> <span class='ocrx_word' id='word_1_113' title='bbox 456 1610 535 1665; x_wconf 81' lang='grc' dir='ltr'><strong>οα’</strong></span> <span class='ocrx_word' id='word_1_114' title='bbox 550 1612 657 1679; x_wconf 72' lang='grc' dir='ltr'><strong>ψαλ</strong></span> <span class='ocrx_word' id='word_1_115' title='bbox 667 1611 774 1681; x_wconf 84' lang='grc' dir='ltr'>μῷ,</span> <span class='ocrx_word' id='word_1_116' title='bbox 798 1610 927 1662; x_wconf 77' lang='grc' dir='ltr'>ἔνθα</span> <span class='ocrx_word' id='word_1_117' title='bbox 947 1612 1026 1673; x_wconf 80' lang='grc' dir='ltr'>τὸ,</span> <span class='ocrx_word' id='word_1_118' title='bbox 1046 1611 1157 1664; x_wconf 79' lang='grc' dir='ltr'><strong>Καὶ</strong></span> <span class='ocrx_word' id='word_1_119' title='bbox 1188 1612 1643 1681; x_wconf 80' lang='grc' dir='ltr'>συμπαραμένει</span> <span class='ocrx_word' id='word_1_120' title='bbox 1660 1613 1739 1677; x_wconf 78' lang='grc' dir='ltr'>τῷ</span> <span class='ocrx_word' id='word_1_121' title='bbox 1759 1612 1935 1680; x_wconf 71' lang='grc' dir='ltr'><strong>ἡλίῳ.</strong></span> 
     </span>
    </p>
   </div>
   <div class='ocr_carea' id='block_1_19' title="bbox 432 1725 1935 1794">
    <p class='ocr_par' dir='ltr' id='par_1_19' title="bbox 432 1725 1935 1794">
     <span class='ocr_line' id='line_1_19' title="bbox 432 1725 1935 1794; baseline 0.001 -15"><span class='ocrx_word' id='word_1_122' title='bbox 432 1726 540 1780; x_wconf 80' lang='lat' dir='ltr'><strong>Kal</strong></span> <span class='ocrx_word' id='word_1_123' title='bbox 564 1726 646 1791; x_wconf 81' lang='grc' dir='ltr'>ὡς</span> <span class='ocrx_word' id='word_1_124' title='bbox 676 1727 713 1793; x_wconf 79' lang='grc' dir='ltr'>ἡ</span> <span class='ocrx_word' id='word_1_125' title='bbox 744 1725 984 1792; x_wconf 74' lang='grc' dir='ltr'>σελήνη</span> <span class='ocrx_word' id='word_1_126' title='bbox 1007 1726 1452 1794; x_wconf 76' lang='grc' dir='ltr'>κατηρτισμὲγη</span> <span class='ocrx_word' id='word_1_127' title='bbox 1487 1728 1572 1792; x_wconf 81' lang='grc' dir='ltr'>εις</span> <span class='ocrx_word' id='word_1_128' title='bbox 1598 1727 1703 1781; x_wconf 79' lang='grc' dir='ltr'><strong>τὸν</strong></span> <span class='ocrx_word' id='word_1_129' title='bbox 1726 1726 1935 1782; x_wconf 81' lang='grc' dir='ltr'><strong>αιῶνα.</strong></span> 
     </span>
    </p>
   </div>
   <div class='ocr_carea' id='block_1_20' title="bbox 362 1816 1936 1892">
    <p class='ocr_par' dir='ltr' id='par_1_20' title="bbox 362 1816 1936 1892">
     <span class='ocr_line' id='line_1_20' title="bbox 362 1816 1936 1892; baseline 0 -20"><span class='ocrx_word' id='word_1_130' title='bbox 362 1818 504 1873; x_wconf 77' lang='grc' dir='ltr'><strong>Καθ’</strong></span> <span class='ocrx_word' id='word_1_131' title='bbox 534 1816 843 1889; x_wconf 76' lang='grc' dir='ltr'>ὑπερϐατὸν</span> <span class='ocrx_word' id='word_1_132' title='bbox 868 1819 1270 1884; x_wconf 77' lang='grc' dir='ltr'><strong>ἀναγνωστέον,</strong></span> <span class='ocrx_word' id='word_1_133' title='bbox 1314 1818 1389 1880; x_wconf 79' lang='grc' dir='ltr'>ὡς</span> <span class='ocrx_word' id='word_1_134' title='bbox 1432 1820 1466 1889; x_wconf 80' lang='grc' dir='ltr'>ὴ</span> <span class='ocrx_word' id='word_1_135' title='bbox 1518 1822 1936 1892; x_wconf 66' lang='grc' dir='ltr'>κατηρτισμένη</span> 
     </span>
    </p>
   </div>
   <div class='ocr_carea' id='block_1_21' title="bbox 362 1908 1940 1981">
    <p class='ocr_par' dir='ltr' id='par_1_21' title="bbox 362 1908 1940 1981">
     <span class='ocr_line' id='line_1_21' title="bbox 362 1908 1940 1981; baseline 0 -17"><span class='ocrx_word' id='word_1_136' title='bbox 362 1911 606 1981; x_wconf 68' lang='grc' dir='ltr'>σελήνηθ</span> <span class='ocrx_word' id='word_1_137' title='bbox 640 1910 789 1980; x_wconf 82' lang='grc' dir='ltr'>λέγει</span> <span class='ocrx_word' id='word_1_138' title='bbox 816 1910 872 1964; x_wconf 81' lang='grc' dir='ltr'>δὲ</span> <span class='ocrx_word' id='word_1_139' title='bbox 923 1911 1005 1963; x_wconf 77' lang='grc' dir='ltr'>ὅτι</span> <span class='ocrx_word' id='word_1_140' title='bbox 1065 1911 1099 1980; x_wconf 78' lang='grc' dir='ltr'><strong>ἡ</strong></span> <span class='ocrx_word' id='word_1_141' title='bbox 1145 1908 1392 1979; x_wconf 79' lang='grc' dir='ltr'>βασιλεία</span> <span class='ocrx_word' id='word_1_142' title='bbox 1452 1910 1619 1963; x_wconf 77' lang='grc' dir='ltr'>αὐτοῦ</span> <span class='ocrx_word' id='word_1_143' title='bbox 1669 1913 1940 1980; x_wconf 72' lang='grc' dir='ltr'>ἐπίσημος</span> 
     </span>
    </p>
   </div>
   <div class='ocr_carea' id='block_1_22' title="bbox 363 2001 1928 2074">
    <p class='ocr_par' dir='ltr' id='par_1_22' title="bbox 363 2001 1928 2074">
     <span class='ocr_line' id='line_1_22' title="bbox 363 2001 1928 2074; baseline -0.001 -17"><span class='ocrx_word' id='word_1_144' title='bbox 363 2005 459 2058; x_wconf 80' lang='grc' dir='ltr'>καὶ</span> <span class='ocrx_word' id='word_1_145' title='bbox 492 2005 716 2074; x_wconf 87' lang='grc' dir='ltr'>μόνιμος</span> <span class='ocrx_word' id='word_1_146' title='bbox 743 2005 823 2067; x_wconf 84' lang='grc' dir='ltr'><strong>εἰς</strong></span> <span class='ocrx_word' id='word_1_147' title='bbox 850 2002 939 2055; x_wconf 77' lang='grc' dir='ltr'>τὸν</span> <span class='ocrx_word' id='word_1_148' title='bbox 965 2001 1137 2056; x_wconf 76' lang='grc' dir='ltr'>αἰῶνα</span> <span class='ocrx_word' id='word_1_149' title='bbox 1164 2003 1238 2065; x_wconf 85' lang='grc' dir='ltr'>ὡς</span> <span class='ocrx_word' id='word_1_150' title='bbox 1259 2004 1286 2055; x_wconf 75' lang='grc' dir='ltr'><strong>ὁ</strong></span> <span class='ocrx_word' id='word_1_151' title='bbox 1318 2002 1490 2070; x_wconf 75' lang='grc' dir='ltr'>ἥλιος,</span> <span class='ocrx_word' id='word_1_152' title='bbox 1525 2003 1622 2056; x_wconf 75' lang='grc' dir='ltr'>καὶ</span> <span class='ocrx_word' id='word_1_153' title='bbox 1640 2002 1714 2065; x_wconf 82' lang='grc' dir='ltr'>ὡς</span> <span class='ocrx_word' id='word_1_154' title='bbox 1745 2003 1928 2071; x_wconf 80' lang='grc' dir='ltr'>πλησι-</span> 
     </span>
    </p>
   </div>
   <div class='ocr_carea' id='block_1_23' title="bbox 365 2092 1940 2167">
    <p class='ocr_par' dir='ltr' id='par_1_23' title="bbox 365 2092 1940 2167">
     <span class='ocr_line' id='line_1_23' title="bbox 365 2092 1940 2167; baseline -0.003 -18"><span class='ocrx_word' id='word_1_155' title='bbox 365 2096 510 2166; x_wconf 76' lang='grc' dir='ltr'>φαὴς</span> <span class='ocrx_word' id='word_1_156' title='bbox 542 2094 782 2167; x_wconf 81' lang='grc' dir='ltr'>σελήνη·</span> <span class='ocrx_word' id='word_1_157' title='bbox 833 2095 1286 2164; x_wconf 77' lang='grc' dir='ltr'>κατηρτισμὲνην</span> <span class='ocrx_word' id='word_1_158' title='bbox 1339 2094 1450 2163; x_wconf 83' lang='grc' dir='ltr'>γὰρ</span> <span class='ocrx_word' id='word_1_159' title='bbox 1502 2092 1603 2164; x_wconf 79' lang='grc' dir='ltr'>τὴν</span> <span class='ocrx_word' id='word_1_160' title='bbox 1655 2092 1940 2164; x_wconf 70' lang='grc' dir='ltr'>πλησιφαῆ</span> 
     </span>
    </p>
   </div>
   <div class='ocr_carea' id='block_1_24' title="bbox 364 2185 1938 2258">
    <p class='ocr_par' dir='ltr' id='par_1_24' title="bbox 364 2185 1938 2258">
     <span class='ocr_line' id='line_1_24' title="bbox 364 2185 1938 2258; baseline -0.002 -18"><span class='ocrx_word' id='word_1_161' title='bbox 364 2188 544 2242; x_wconf 80' lang='grc' dir='ltr'>καλεῖ.</span> <span class='ocrx_word' id='word_1_162' title='bbox 577 2188 717 2250; x_wconf 79' lang='grc' dir='ltr'><strong>Τοὺς</strong></span> <span class='ocrx_word' id='word_1_163' title='bbox 747 2187 842 2240; x_wconf 83' lang='grc' dir='ltr'>δύο</span> <span class='ocrx_word' id='word_1_164' title='bbox 863 2186 920 2240; x_wconf 84' lang='grc' dir='ltr'>δὲ</span> <span class='ocrx_word' id='word_1_165' title='bbox 949 2185 1245 2257; x_wconf 73' lang='grc' dir='ltr'>φωστῆρας</span> <span class='ocrx_word' id='word_1_166' title='bbox 1272 2186 1353 2249; x_wconf 75' lang='grc' dir='ltr'><strong>εἰς</strong></span> <span class='ocrx_word' id='word_1_167' title='bbox 1378 2185 1567 2239; x_wconf 80' lang='grc' dir='ltr'>εἰκόνα</span> <span class='ocrx_word' id='word_1_168' title='bbox 1605 2186 1938 2258; x_wconf 76' lang='grc' dir='ltr'>παρέλαϐεν,</span> 
     </span>
    </p>
   </div>
   <div class='ocr_carea' id='block_1_25' title="bbox 362 2277 1117 2349">
    <p class='ocr_par' dir='ltr' id='par_1_25' title="bbox 362 2277 1117 2349">
     <span class='ocr_line' id='line_1_25' title="bbox 362 2277 1117 2349; baseline 0 -15"><span class='ocrx_word' id='word_1_169' title='bbox 362 2282 439 2345; x_wconf 83' lang='grc' dir='ltr'>ὡς</span> <span class='ocrx_word' id='word_1_170' title='bbox 467 2281 562 2334; x_wconf 74' lang='grc' dir='ltr'>καὶ</span> <span class='ocrx_word' id='word_1_171' title='bbox 581 2283 639 2332; x_wconf 83' lang='grc' dir='ltr'>ἐν</span> <span class='ocrx_word' id='word_1_172' title='bbox 682 2281 760 2349; x_wconf 82' lang='grc' dir='ltr'>τῷ</span> <span class='ocrx_word' id='word_1_173' title='bbox 790 2277 869 2332; x_wconf 86' lang='grc' dir='ltr'><strong>οα’</strong></span> <span class='ocrx_word' id='word_1_174' title='bbox 888 2278 1117 2349; x_wconf 79' lang='grc' dir='ltr'>ψαλμῷ.</span> 
     </span>
    </p>
   </div>
   <div class='ocr_carea' id='block_1_26' title="bbox 432 2368 1945 2443">
    <p class='ocr_par' dir='ltr' id='par_1_26' title="bbox 432 2368 1945 2443">
     <span class='ocr_line' id='line_1_26' title="bbox 432 2368 1945 2443; baseline -0.002 -14"><span class='ocrx_word' id='word_1_175' title='bbox 432 2372 543 2429; x_wconf 79' lang='lat' dir='ltr'><strong>Kal</strong></span> <span class='ocrx_word' id='word_1_176' title='bbox 582 2375 615 2426; x_wconf 86' lang='grc' dir='ltr'><strong>ό</strong></span> <span class='ocrx_word' id='word_1_177' title='bbox 641 2371 875 2441; x_wconf 74' lang='grc' dir='ltr'>μάρτυς</span> <span class='ocrx_word' id='word_1_178' title='bbox 915 2368 1245 2439; x_wconf 75' lang='grc' dir='ltr'>ἐνοὺρανῷ</span> <span class='ocrx_word' id='word_1_179' title='bbox 1270 2371 1507 2435; x_wconf 76' lang='grc' dir='ltr'>πιστός.</span> <span class='ocrx_word' id='word_1_180' title='bbox 1562 2371 1621 2425; x_wconf 87' lang='grc' dir='ltr'>Ὀ</span> <span class='ocrx_word' id='word_1_181' title='bbox 1642 2371 1945 2443; x_wconf 84' lang='grc' dir='ltr'><strong>Σύμμαχος</strong></span> 
     </span>
    </p>
   </div>
   <div class='ocr_carea' id='block_1_27' title="bbox 366 2463 1946 2533">
    <p class='ocr_par' dir='ltr' id='par_1_27' title="bbox 366 2463 1946 2533">
     <span class='ocr_line' id='line_1_27' title="bbox 366 2463 1946 2533; baseline -0.001 -13"><span class='ocrx_word' id='word_1_182' title='bbox 366 2465 508 2529; x_wconf 72' lang='grc' dir='ltr'>ἀντὶ,</span> <span class='ocrx_word' id='word_1_183' title='bbox 538 2464 602 2518; x_wconf 85' lang='grc'><strong>’0</strong></span> <span class='ocrx_word' id='word_1_184' title='bbox 625 2463 735 2532; x_wconf 57' lang='lat' dir='ltr'><strong>pd:</strong></span> <span class='ocrx_word' id='word_1_185' title='bbox 752 2482 880 2531; x_wconf 80' lang='grc' dir='ltr'>τυς,</span> <span class='ocrx_word' id='word_1_186' title='bbox 913 2464 969 2517; x_wconf 86' lang='grc' dir='ltr'>Ὀ</span> <span class='ocrx_word' id='word_1_187' title='bbox 987 2463 1556 2533; x_wconf 78' lang='grc' dir='ltr'>διαμαρτυράμενος,</span> <span class='ocrx_word' id='word_1_188' title='bbox 1584 2463 1835 2528; x_wconf 76' lang='grc' dir='ltr'>ἑξέδωκε’</span> <span class='ocrx_word' id='word_1_189' title='bbox 1857 2466 1946 2518; x_wconf 81' lang='grc' dir='ltr'><strong>λέ-</strong></span> 
     </span>
    </p>
   </div>
   <div class='ocr_carea' id='block_1_28' title="bbox 365 2555 1946 2626">
    <p class='ocr_par' dir='ltr' id='par_1_28' title="bbox 365 2555 1946 2626">
     <span class='ocr_line' id='line_1_28' title="bbox 365 2555 1946 2626; baseline 0.002 -18"><span class='ocrx_word' id='word_1_190' title='bbox 365 2573 456 2624; x_wconf 75' lang='grc' dir='ltr'><strong>γει</strong></span> <span class='ocrx_word' id='word_1_191' title='bbox 481 2556 541 2610; x_wconf 70' lang='grc' dir='ltr'>δὲ</span> <span class='ocrx_word' id='word_1_192' title='bbox 574 2557 657 2610; x_wconf 80' lang='grc' dir='ltr'>ὅτι</span> <span class='ocrx_word' id='word_1_193' title='bbox 673 2557 701 2609; x_wconf 81' lang='grc' dir='ltr'>ὁ</span> <span class='ocrx_word' id='word_1_194' title='bbox 730 2555 1265 2626; x_wconf 76' lang='grc' dir='ltr'>διαμαρτυράμενος,</span> <span class='ocrx_word' id='word_1_195' title='bbox 1287 2558 1463 2610; x_wconf 76' lang='grc' dir='ltr'>εῖτουν</span> <span class='ocrx_word' id='word_1_196' title='bbox 1479 2555 1946 2626; x_wconf 66' lang='grc' dir='ltr'>ἐωγγειλάμενὸς</span> 
     </span>
    </p>
   </div>
   <div class='ocr_carea' id='block_1_29' title="bbox 371 2648 1945 2720">
    <p class='ocr_par' dir='ltr' id='par_1_29' title="bbox 371 2648 1945 2720">
     <span class='ocr_line' id='line_1_29' title="bbox 371 2648 1945 2720; baseline 0.001 -18"><span class='ocrx_word' id='word_1_197' title='bbox 371 2666 469 2720; x_wconf 76' lang='grc' dir='ltr'><strong>μοι</strong></span> <span class='ocrx_word' id='word_1_198' title='bbox 498 2648 564 2703; x_wconf 83' lang='grc' dir='ltr'>τὰ</span> <span class='ocrx_word' id='word_1_199' title='bbox 591 2650 717 2718; x_wconf 77' lang='grc' dir='ltr'>περῖ</span> <span class='ocrx_word' id='word_1_200' title='bbox 748 2648 842 2700; x_wconf 70' lang='grc' dir='ltr'>τοῦ</span> <span class='ocrx_word' id='word_1_201' title='bbox 871 2648 1191 2717; x_wconf 82' lang='grc' dir='ltr'>σπέρματός</span> <span class='ocrx_word' id='word_1_202' title='bbox 1227 2665 1328 2717; x_wconf 88' lang='grc' dir='ltr'><strong>μου</strong></span> <span class='ocrx_word' id='word_1_203' title='bbox 1363 2651 1420 2702; x_wconf 74' lang='grc' dir='ltr'>ἐν</span> <span class='ocrx_word' id='word_1_204' title='bbox 1437 2648 1650 2720; x_wconf 76' lang='grc' dir='ltr'>οὐρανῷ</span> <span class='ocrx_word' id='word_1_205' title='bbox 1684 2649 1821 2714; x_wconf 67' lang='grc' dir='ltr'>ἔστι,</span> <span class='ocrx_word' id='word_1_206' title='bbox 1850 2651 1945 2703; x_wconf 82' lang='grc' dir='ltr'>καὶ</span> 
     </span>
    </p>
   </div>
   <div class='ocr_carea' id='block_1_30' title="bbox 364 2738 1946 2810">
    <p class='ocr_par' dir='ltr' id='par_1_30' title="bbox 364 2738 1946 2810">
     <span class='ocr_line' id='line_1_30' title="bbox 364 2738 1946 2810; baseline -0.001 -14"><span class='ocrx_word' id='word_1_207' title='bbox 364 2741 678 2807; x_wconf 77' lang='grc' dir='ltr'>ἀξιόπιστός</span> <span class='ocrx_word' id='word_1_208' title='bbox 706 2741 881 2793; x_wconf 75' lang='grc' dir='ltr'>ἐστιν.</span> <span class='ocrx_word' id='word_1_209' title='bbox 913 2740 976 2793; x_wconf 82' lang='grc' dir='ltr'>οι</span> <span class='ocrx_word' id='word_1_210' title='bbox 1000 2740 1109 2810; x_wconf 83' lang='grc' dir='ltr'><strong>γὰρ</strong></span> <span class='ocrx_word' id='word_1_211' title='bbox 1150 2739 1391 2809; x_wconf 68' lang='grc' dir='ltr'>ἐπίγειοι</span> <span class='ocrx_word' id='word_1_212' title='bbox 1433 2741 1495 2793; x_wconf 84' lang='grc' dir='ltr'><strong>οὑ</strong></span> <span class='ocrx_word' id='word_1_213' title='bbox 1516 2738 1768 2794; x_wconf 79' lang='grc' dir='ltr'>δοκοῦσιν</span> <span class='ocrx_word' id='word_1_214' title='bbox 1793 2740 1946 2807; x_wconf 65' lang='lat' dir='ltr'><strong>aeta-</strong></span> 
     </span>
    </p>
   </div>
   <div class='ocr_carea' id='block_1_31' title="bbox 370 2852 578 2889">
    <p class='ocr_par' dir='ltr' id='par_1_31' title="bbox 370 2852 578 2889">
     <span class='ocr_line' id='line_1_31' title="bbox 370 2852 578 2889; baseline 0 -1"><span class='ocrx_word' id='word_1_215' title='bbox 370 2852 578 2889; x_wconf 87' lang='grc' dir='ltr'>πιστοι.</span> 
     </span>
    </p>
   </div>
   <div class='ocr_carea' id='block_1_32' title="bbox 438 2947 1945 3012">
    <p class='ocr_par' dir='ltr' id='par_1_32' title="bbox 438 2947 1945 3012">
     <span class='ocr_line' id='line_1_32' title="bbox 438 2947 1945 3012; baseline -0.001 -7"><span class='ocrx_word' id='word_1_216' title='bbox 438 2949 521 3005; x_wconf 87' lang='grc' dir='ltr'><strong>Σὺ</strong></span> <span class='ocrx_word' id='word_1_217' title='bbox 550 2947 620 3003; x_wconf 77' lang='grc' dir='ltr'>δὲ</span> <span class='ocrx_word' id='word_1_218' title='bbox 647 2948 892 3012; x_wconf 77' lang='grc' dir='ltr'>ἀπώσω,</span> <span class='ocrx_word' id='word_1_219' title='bbox 941 2947 1039 3001; x_wconf 75' lang='grc' dir='ltr'>καὶ</span> <span class='ocrx_word' id='word_1_220' title='bbox 1081 2947 1522 3012; x_wconf 79' lang='grc' dir='ltr'><strong>ἑξουδένωσας.</strong></span> <span class='ocrx_word' id='word_1_221' title='bbox 1556 2950 1638 3002; x_wconf 79' lang='grc' dir='ltr'><strong>Τὰ</strong></span> <span class='ocrx_word' id='word_1_222' title='bbox 1692 2950 1945 3004; x_wconf 77' lang='grc' dir='ltr'>ἐντεῦθεν</span> 
     </span>
    </p>
   </div>
   <div class='ocr_carea' id='block_1_33' title="bbox 370 3041 1941 3117">
    <p class='ocr_par' dir='ltr' id='par_1_33' title="bbox 370 3041 1941 3117">
     <span class='ocr_line' id='line_1_33' title="bbox 370 3041 1941 3117; baseline -0.001 -20"><span class='ocrx_word' id='word_1_223' title='bbox 370 3045 649 3117; x_wconf 75' lang='grc' dir='ltr'>προσώπῳ</span> <span class='ocrx_word' id='word_1_224' title='bbox 673 3042 767 3097; x_wconf 74' lang='grc' dir='ltr'>τοῦ</span> <span class='ocrx_word' id='word_1_225' title='bbox 800 3042 1098 3097; x_wconf 84' lang='grc' dir='ltr'>Ἰουδαῖκοῦ</span> <span class='ocrx_word' id='word_1_226' title='bbox 1125 3041 1259 3095; x_wconf 78' lang='grc' dir='ltr'>λαοῦ</span> <span class='ocrx_word' id='word_1_227' title='bbox 1301 3041 1545 3112; x_wconf 69' lang='grc' dir='ltr'>ἔγραψεν</span> <span class='ocrx_word' id='word_1_228' title='bbox 1576 3044 1605 3096; x_wconf 84' lang='grc' dir='ltr'><strong>ό</strong></span> <span class='ocrx_word' id='word_1_229' title='bbox 1631 3045 1941 3113; x_wconf 76' lang='grc' dir='ltr'>προφήτης,</span> 
     </span>
    </p>
   </div>
   <div class='ocr_carea' id='block_1_34' title="bbox 367 3123 2009 3206">
    <p class='ocr_par' dir='ltr' id='par_1_34' title="bbox 367 3123 2009 3206">
     <span class='ocr_line' id='line_1_34' title="bbox 367 3123 2009 3206; baseline -0.002 -18"><span class='ocrx_word' id='word_1_230' title='bbox 367 3135 850 3206; x_wconf 78' lang='grc' dir='ltr'>ἁπολοφυρομὲνου</span> <span class='ocrx_word' id='word_1_231' title='bbox 873 3135 973 3204; x_wconf 76' lang='grc' dir='ltr'>τὴν</span> <span class='ocrx_word' id='word_1_232' title='bbox 994 3132 1148 3205; x_wconf 65' lang='grc' dir='ltr'>παρὰ</span> <span class='ocrx_word' id='word_1_233' title='bbox 1179 3132 1542 3187; x_wconf 78' lang='grc' dir='ltr'>Βαϐυλωνίων</span> <span class='ocrx_word' id='word_1_234' title='bbox 1575 3134 1935 3203; x_wconf 77' lang='grc' dir='ltr'>αξχαλωσεαν,</span> <span class='ocrx_word' id='word_1_235' title='bbox 1966 3123 2009 3180; x_wconf 83' lang='lat' dir='ltr'><strong>C</strong></span> 
     </span>
    </p>
   </div>
   <div class='ocr_carea' id='block_1_35' title="bbox 367 3226 1942 3298">
    <p class='ocr_par' dir='ltr' id='par_1_35' title="bbox 367 3226 1942 3298">
     <span class='ocr_line' id='line_1_35' title="bbox 367 3226 1942 3298; baseline -0.001 -15"><span class='ocrx_word' id='word_1_236' title='bbox 367 3229 463 3283; x_wconf 74' lang='lat' dir='ltr'><strong>ml.</strong></span> <span class='ocrx_word' id='word_1_237' title='bbox 509 3228 760 3298; x_wconf 75' lang='grc' dir='ltr'><strong>οἰομένου</strong></span> <span class='ocrx_word' id='word_1_238' title='bbox 790 3226 1127 3297; x_wconf 73' lang='grc' dir='ltr'>ἀθετιιθῆναι</span> <span class='ocrx_word' id='word_1_239' title='bbox 1163 3226 1261 3287; x_wconf 84' lang='grc' dir='ltr'>τὰς</span> <span class='ocrx_word' id='word_1_240' title='bbox 1293 3226 1432 3295; x_wconf 72' lang='grc' dir='ltr'>πρδς</span> <span class='ocrx_word' id='word_1_241' title='bbox 1458 3226 1550 3278; x_wconf 71' lang='grc' dir='ltr'><strong>τὸν</strong></span> <span class='ocrx_word' id='word_1_242' title='bbox 1568 3228 1734 3281; x_wconf 74' lang='grc' dir='ltr'><strong>Διόὶδ</strong></span> <span class='ocrx_word' id='word_1_243' title='bbox 1767 3229 1942 3296; x_wconf 79' lang='grc' dir='ltr'>ἐπαγ-</span> 
     </span>
    </p>
   </div>
   <div class='ocr_carea' id='block_1_36' title="bbox 366 3316 1940 3391">
    <p class='ocr_par' dir='ltr' id='par_1_36' title="bbox 366 3316 1940 3391">
     <span class='ocr_line' id='line_1_36' title="bbox 366 3316 1940 3391; baseline -0.004 -14"><span class='ocrx_word' id='word_1_244' title='bbox 366 3322 577 3391; x_wconf 73' lang='grc' dir='ltr'>γελίας.</span> <span class='ocrx_word' id='word_1_245' title='bbox 608 3322 681 3375; x_wconf 84' lang='grc' dir='ltr'><strong>Σὺ</strong></span> <span class='ocrx_word' id='word_1_246' title='bbox 707 3321 783 3385; x_wconf 83' lang='grc' dir='ltr'>δὲ,</span> <span class='ocrx_word' id='word_1_247' title='bbox 819 3321 1008 3389; x_wconf 71' lang='grc' dir='ltr'>φησὶν,</span> <span class='ocrx_word' id='word_1_248' title='bbox 1030 3320 1059 3372; x_wconf 85' lang='grc' dir='ltr'><strong>ὁ</strong></span> <span class='ocrx_word' id='word_1_249' title='bbox 1081 3317 1150 3372; x_wconf 77' lang='grc' dir='ltr'><strong>τὰ</strong></span> <span class='ocrx_word' id='word_1_250' title='bbox 1176 3316 1413 3388; x_wconf 72' lang='grc' dir='ltr'>ῥηθέντα.</span> <span class='ocrx_word' id='word_1_251' title='bbox 1438 3318 1940 3389; x_wconf 74' lang='grc' dir='ltr'>ἐπαγγειλάμενος,</span> 
     </span>
    </p>
   </div>
   <div class='ocr_carea' id='block_1_37' title="bbox 369 3411 1944 3484">
    <p class='ocr_par' dir='ltr' id='par_1_37' title="bbox 369 3411 1944 3484">
     <span class='ocr_line' id='line_1_37' title="bbox 369 3411 1944 3484; baseline -0.004 -14"><span class='ocrx_word' id='word_1_252' title='bbox 369 3416 578 3470; x_wconf 81' lang='grc' dir='ltr'>ἀπώσω</span> <span class='ocrx_word' id='word_1_253' title='bbox 598 3414 664 3468; x_wconf 78' lang='grc' dir='ltr'>τὸ</span> <span class='ocrx_word' id='word_1_254' title='bbox 690 3414 917 3484; x_wconf 78' lang='grc' dir='ltr'>σπέρμα</span> <span class='ocrx_word' id='word_1_255' title='bbox 938 3412 1034 3466; x_wconf 81' lang='grc' dir='ltr'><strong>τοῦ</strong></span> <span class='ocrx_word' id='word_1_256' title='bbox 1063 3411 1252 3475; x_wconf 77' lang='grc' dir='ltr'>Δαϐὶδ,</span> <span class='ocrx_word' id='word_1_257' title='bbox 1278 3416 1374 3466; x_wconf 76' lang='grc' dir='ltr'>καὶ</span> <span class='ocrx_word' id='word_1_258' title='bbox 1405 3412 1703 3482; x_wconf 77' lang='grc' dir='ltr'>ὴτίμασας.</span> <span class='ocrx_word' id='word_1_259' title='bbox 1760 3414 1944 3465; x_wconf 64' lang='lat' dir='ltr'><strong>Aluit-</strong></span> 
     </span>
    </p>
   </div>
   <div class='ocr_carea' id='block_1_38' title="bbox 368 3504 1940 3575">
    <p class='ocr_par' dir='ltr' id='par_1_38' title="bbox 368 3504 1940 3575">
     <span class='ocr_line' id='line_1_38' title="bbox 368 3504 1940 3575; baseline -0.003 -15"><span class='ocrx_word' id='word_1_260' title='bbox 368 3525 520 3561; x_wconf 81' lang='grc' dir='ltr'>τεται</span> <span class='ocrx_word' id='word_1_261' title='bbox 564 3507 622 3561; x_wconf 77' lang='grc' dir='ltr'>δὲ</span> <span class='ocrx_word' id='word_1_262' title='bbox 677 3507 707 3559; x_wconf 79' lang='grc' dir='ltr'><strong>ὁ</strong></span> <span class='ocrx_word' id='word_1_263' title='bbox 756 3507 914 3574; x_wconf 77' lang='grc' dir='ltr'>λόγος</span> <span class='ocrx_word' id='word_1_264' title='bbox 958 3505 1050 3558; x_wconf 82' lang='grc' dir='ltr'>τὸν</span> <span class='ocrx_word' id='word_1_265' title='bbox 1097 3505 1365 3575; x_wconf 79' lang='grc' dir='ltr'>Ἰεχονίαν</span> <span class='ocrx_word' id='word_1_266' title='bbox 1407 3504 1623 3557; x_wconf 77' lang='grc' dir='ltr'>καὶτὸν</span> <span class='ocrx_word' id='word_1_267' title='bbox 1661 3505 1940 3569; x_wconf 79' lang='grc' dir='ltr'>Σεδεκίαν,</span> 
     </span>
    </p>
   </div>
   <div class='ocr_carea' id='block_1_39' title="bbox 367 3592 1939 3667">
    <p class='ocr_par' dir='ltr' id='par_1_39' title="bbox 367 3592 1939 3667">
     <span class='ocr_line' id='line_1_39' title="bbox 367 3592 1939 3667; baseline -0.002 -17"><span class='ocrx_word' id='word_1_268' title='bbox 367 3598 442 3661; x_wconf 81' lang='grc' dir='ltr'>ὡς</span> <span class='ocrx_word' id='word_1_269' title='bbox 466 3597 704 3667; x_wconf 66' lang='grc' dir='ltr'>εῐρήται.</span> <span class='ocrx_word' id='word_1_270' title='bbox 734 3595 954 3666; x_wconf 80' lang='grc' dir='ltr'><strong>Σφόδρα</strong></span> <span class='ocrx_word' id='word_1_271' title='bbox 978 3592 1037 3648; x_wconf 77' lang='grc' dir='ltr'>δὲ</span> <span class='ocrx_word' id='word_1_272' title='bbox 1068 3592 1491 3664; x_wconf 77' lang='grc' dir='ltr'>ἁνοηταίνουσιν</span> <span class='ocrx_word' id='word_1_273' title='bbox 1552 3598 1601 3648; x_wconf 78' lang='grc' dir='ltr'>οἱ</span> <span class='ocrx_word' id='word_1_274' title='bbox 1672 3595 1939 3659; x_wconf 86' lang='grc' dir='ltr'>Ἰουδαῖοι,</span> 
     </span>
    </p>
   </div>
   <div class='ocr_carea' id='block_1_40' title="bbox 368 3686 1944 3759">
    <p class='ocr_par' dir='ltr' id='par_1_40' title="bbox 368 3686 1944 3759">
     <span class='ocr_line' id='line_1_40' title="bbox 368 3686 1944 3759; baseline -0.003 -15"><span class='ocrx_word' id='word_1_275' title='bbox 368 3691 665 3759; x_wconf 74' lang='grc' dir='ltr'>ψεύδεσθαι</span> <span class='ocrx_word' id='word_1_276' title='bbox 700 3688 1186 3757; x_wconf 78' lang='grc' dir='ltr'>ὑπολαμϐάνοντες</span> <span class='ocrx_word' id='word_1_277' title='bbox 1210 3687 1304 3740; x_wconf 80' lang='grc' dir='ltr'>τὸν</span> <span class='ocrx_word' id='word_1_278' title='bbox 1324 3686 1481 3749; x_wconf 81' lang='grc' dir='ltr'>Θεὸν,</span> <span class='ocrx_word' id='word_1_279' title='bbox 1515 3687 1654 3755; x_wconf 80' lang='grc' dir='ltr'>ὅπερ</span> <span class='ocrx_word' id='word_1_280' title='bbox 1682 3686 1944 3741; x_wconf 84' lang='grc' dir='ltr'>ἀδύνατον</span> 
     </span>
    </p>
   </div>
   <div class='ocr_carea' id='block_1_41' title="bbox 369 3778 1942 3852">
    <p class='ocr_par' dir='ltr' id='par_1_41' title="bbox 369 3778 1942 3852">
     <span class='ocr_line' id='line_1_41' title="bbox 369 3778 1942 3852; baseline -0.004 -11"><span class='ocrx_word' id='word_1_281' title='bbox 369 3788 465 3841; x_wconf 74' lang='grc' dir='ltr'>καὶ</span> <span class='ocrx_word' id='word_1_282' title='bbox 495 3786 731 3839; x_wconf 83' lang='grc' dir='ltr'>ἀνόσιον.</span> <span class='ocrx_word' id='word_1_283' title='bbox 763 3783 964 3838; x_wconf 75' lang='grc' dir='ltr'>Λοιπὸν</span> <span class='ocrx_word' id='word_1_284' title='bbox 992 3782 1215 3852; x_wconf 76' lang='grc' dir='ltr'>σπέρμα</span> <span class='ocrx_word' id='word_1_285' title='bbox 1246 3778 1341 3834; x_wconf 81' lang='grc' dir='ltr'><strong>τοῦ</strong></span> <span class='ocrx_word' id='word_1_286' title='bbox 1398 3780 1561 3833; x_wconf 72' lang='grc' dir='ltr'>Δαῦὶδ</span> <span class='ocrx_word' id='word_1_287' title='bbox 1590 3780 1809 3836; x_wconf 83' lang='grc' dir='ltr'>αἰώνιον</span> <span class='ocrx_word' id='word_1_288' title='bbox 1860 3782 1942 3844; x_wconf 76' lang='grc' dir='ltr'>εἰς</span> 
     </span>
    </p>
   </div>
   <div class='ocr_carea' id='block_1_42' title="bbox 370 3869 1943 3950">
    <p class='ocr_par' dir='ltr' id='par_1_42' title="bbox 370 3869 1943 3950">
     <span class='ocr_line' id='line_1_42' title="bbox 370 3869 1943 3950; baseline -0.005 -16"><span class='ocrx_word' id='word_1_289' title='bbox 370 3881 472 3950; x_wconf 74' lang='grc' dir='ltr'>τὴν</span> <span class='ocrx_word' id='word_1_290' title='bbox 503 3878 786 3948; x_wconf 81' lang='grc' dir='ltr'>βασιλεῑαν</span> <span class='ocrx_word' id='word_1_291' title='bbox 814 3877 843 3930; x_wconf 83' lang='grc' dir='ltr'>ὁ</span> <span class='ocrx_word' id='word_1_292' title='bbox 876 3875 1137 3946; x_wconf 78' lang='grc' dir='ltr'>Χριστὸς,</span> <span class='ocrx_word' id='word_1_293' title='bbox 1178 3869 1261 3931; x_wconf 80' lang='grc' dir='ltr'><strong>Οὖ</strong></span> <span class='ocrx_word' id='word_1_294' title='bbox 1302 3872 1412 3941; x_wconf 81' lang='grc' dir='ltr'>τῆς</span> <span class='ocrx_word' id='word_1_295' title='bbox 1455 3874 1783 3939; x_wconf 70' lang='grc' dir='ltr'>βασιλείας</span> <span class='ocrx_word' id='word_1_296' title='bbox 1832 3876 1943 3929; x_wconf 87' lang='grc' dir='ltr'><strong>οὐκ</strong></span> 
     </span>
    </p>
   </div>
   <div class='ocr_carea' id='block_1_43' title="bbox 371 3962 1946 4037">
    <p class='ocr_par' dir='ltr' id='par_1_43' title="bbox 371 3962 1946 4037">
     <span class='ocr_line' id='line_1_43' title="bbox 371 3962 1946 4037; baseline -0.004 -11"><span class='ocrx_word' id='word_1_297' title='bbox 371 3974 547 4026; x_wconf 75' lang='grc' dir='ltr'>ἔσται</span> <span class='ocrx_word' id='word_1_298' title='bbox 575 3970 773 4036; x_wconf 71' lang='grc' dir='ltr'>τέλος.</span> <span class='ocrx_word' id='word_1_299' title='bbox 821 3970 933 4022; x_wconf 78' lang='grc' dir='ltr'><strong>Καὶ</strong></span> <span class='ocrx_word' id='word_1_300' title='bbox 958 3962 1109 4021; x_wconf 58' lang='grc' dir='ltr'>οὗτοι</span> <span class='ocrx_word' id='word_1_301' title='bbox 1153 3968 1253 4037; x_wconf 80' lang='grc' dir='ltr'>μὲν</span> <span class='ocrx_word' id='word_1_302' title='bbox 1287 3968 1603 4037; x_wconf 79' lang='grc' dir='ltr'>σωματικὸν</span> <span class='ocrx_word' id='word_1_303' title='bbox 1629 3967 1819 4036; x_wconf 84' lang='grc' dir='ltr'>θρόνον</span> <span class='ocrx_word' id='word_1_304' title='bbox 1849 3966 1946 4019; x_wconf 75' lang='grc' dir='ltr'>καὶ</span> 
     </span>
    </p>
   </div>
   <div class='ocr_carea' id='block_1_44' title="bbox 373 4058 1945 4133">
    <p class='ocr_par' dir='ltr' id='par_1_44' title="bbox 373 4058 1945 4133">
     <span class='ocr_line' id='line_1_44' title="bbox 373 4058 1945 4133; baseline -0.004 -18"><span class='ocrx_word' id='word_1_305' title='bbox 373 4062 648 4133; x_wconf 81' lang='grc' dir='ltr'>βασιλείαν</span> <span class='ocrx_word' id='word_1_306' title='bbox 677 4060 891 4114; x_wconf 78' lang='grc' dir='ltr'>νοοῦσιν</span> <span class='ocrx_word' id='word_1_307' title='bbox 909 4074 923 4089; x_wconf 82' lang='lat'>&#39;</span> <span class='ocrx_word' id='word_1_308' title='bbox 946 4061 1137 4114; x_wconf 78' lang='grc' dir='ltr'>τούτου</span> <span class='ocrx_word' id='word_1_309' title='bbox 1167 4059 1223 4112; x_wconf 79' lang='grc' dir='ltr'>δὲ</span> <span class='ocrx_word' id='word_1_310' title='bbox 1245 4061 1279 4130; x_wconf 78' lang='grc' dir='ltr'>ἡ</span> <span class='ocrx_word' id='word_1_311' title='bbox 1312 4058 1560 4129; x_wconf 80' lang='grc' dir='ltr'>βασιλεία</span> <span class='ocrx_word' id='word_1_312' title='bbox 1586 4060 1689 4112; x_wconf 83' lang='grc' dir='ltr'><strong>οὐκ</strong></span> <span class='ocrx_word' id='word_1_313' title='bbox 1712 4059 1859 4111; x_wconf 78' lang='grc' dir='ltr'>ἐστιν</span> <span class='ocrx_word' id='word_1_314' title='bbox 1882 4061 1945 4112; x_wconf 81' lang='grc' dir='ltr'>ὲκ</span> 
     </span>
    </p>
   </div>
   <div class='ocr_carea' id='block_1_45' title="bbox 370 4149 1943 4220">
    <p class='ocr_par' dir='ltr' id='par_1_45' title="bbox 370 4149 1943 4220">
     <span class='ocr_line' id='line_1_45' title="bbox 370 4149 1943 4220; baseline -0.004 -15"><span class='ocrx_word' id='word_1_315' title='bbox 370 4153 465 4207; x_wconf 80' lang='grc' dir='ltr'>τοῦ</span> <span class='ocrx_word' id='word_1_316' title='bbox 496 4154 703 4220; x_wconf 83' lang='grc' dir='ltr'>κόσμου</span> <span class='ocrx_word' id='word_1_317' title='bbox 738 4152 955 4214; x_wconf 80' lang='grc' dir='ltr'>τούτου,</span> <span class='ocrx_word' id='word_1_318' title='bbox 986 4150 1173 4214; x_wconf 84' lang='grc' dir='ltr'>καθὼς</span> <span class='ocrx_word' id='word_1_319' title='bbox 1205 4150 1369 4213; x_wconf 70' lang='grc' dir='ltr'>αὐτὸς</span> <span class='ocrx_word' id='word_1_320' title='bbox 1404 4149 1618 4218; x_wconf 83' lang='grc' dir='ltr'>εἴρηκε,</span> <span class='ocrx_word' id='word_1_321' title='bbox 1645 4150 1943 4209; x_wconf 82' lang='grc' dir='ltr'>τουτέστιν,</span> 
     </span>
    </p>
   </div>
   <div class='ocr_carea' id='block_1_46' title="bbox 370 4241 1941 4315">
    <p class='ocr_par' dir='ltr' id='par_1_46' title="bbox 370 4241 1941 4315">
     <span class='ocr_line' id='line_1_46' title="bbox 370 4241 1941 4315; baseline -0.004 -15"><span class='ocrx_word' id='word_1_322' title='bbox 370 4248 471 4300; x_wconf 75' lang='grc' dir='ltr'>οὐκ</span> <span class='ocrx_word' id='word_1_323' title='bbox 493 4243 752 4315; x_wconf 72' lang='grc' dir='ltr'>αἰσθητὴ,</span> <span class='ocrx_word' id='word_1_324' title='bbox 781 4244 916 4297; x_wconf 79' lang='grc' dir='ltr'>ἀλλὰ</span> <span class='ocrx_word' id='word_1_325' title='bbox 940 4243 1129 4313; x_wconf 77' lang='grc' dir='ltr'>νοητή.</span> <span class='ocrx_word' id='word_1_326' title='bbox 1162 4243 1426 4296; x_wconf 79' lang='grc' dir='ltr'>Βασιλεία</span> <span class='ocrx_word' id='word_1_327' title='bbox 1488 4243 1599 4311; x_wconf 71' lang='grc' dir='ltr'>γὰρ</span> <span class='ocrx_word' id='word_1_328' title='bbox 1664 4241 1855 4304; x_wconf 79' lang='grc' dir='ltr'>αὐτοῦ,</span> <span class='ocrx_word' id='word_1_329' title='bbox 1909 4244 1941 4310; x_wconf 87' lang='grc' dir='ltr'><strong>ἡ</strong></span> 
     </span>
    </p>
   </div>
   <div class='ocr_carea' id='block_1_47' title="bbox 370 4333 1945 4404">
    <p class='ocr_par' dir='ltr' id='par_1_47' title="bbox 370 4333 1945 4404">
     <span class='ocr_line' id='line_1_47' title="bbox 370 4333 1945 4404; baseline -0.002 -13"><span class='ocrx_word' id='word_1_330' title='bbox 370 4338 482 4393; x_wconf 79' lang='grc' dir='ltr'><strong>τῶν</strong></span> <span class='ocrx_word' id='word_1_331' title='bbox 534 4338 898 4390; x_wconf 78' lang='grc' dir='ltr'>πιστευόντων</span> <span class='ocrx_word' id='word_1_332' title='bbox 960 4336 1231 4404; x_wconf 79' lang='grc' dir='ltr'>ὑποταγὴ,</span> <span class='ocrx_word' id='word_1_333' title='bbox 1285 4341 1381 4388; x_wconf 74' lang='grc' dir='ltr'>καὶ</span> <span class='ocrx_word' id='word_1_334' title='bbox 1441 4335 1689 4396; x_wconf 79' lang='grc' dir='ltr'>ἑκούσιος</span> <span class='ocrx_word' id='word_1_335' title='bbox 1711 4333 1945 4388; x_wconf 87' lang='grc' dir='ltr'>δουλεία.</span> 
     </span>
    </p>
   </div>
   <div class='ocr_carea' id='block_1_48' title="bbox 2050 522 3613 596">
    <p class='ocr_par' dir='ltr' id='par_1_48' title="bbox 2050 522 3613 596">
     <span class='ocr_line' id='line_1_48' title="bbox 2050 522 3613 596; baseline -0.001 -21"><span class='ocrx_word' id='word_1_336' title='bbox 2050 522 2313 582; x_wconf 64' lang='lat' dir='ltr'><strong>diximus.</strong></span> <span class='ocrx_word' id='word_1_337' title='bbox 2363 524 2456 592; x_wconf 84' lang='lat' dir='ltr'><strong>qui</strong></span> <span class='ocrx_word' id='word_1_338' title='bbox 2505 535 2771 594; x_wconf 89' lang='lat' dir='ltr'><strong>perpetuo</strong></span> <span class='ocrx_word' id='word_1_339' title='bbox 2811 537 3025 596; x_wconf 80' lang='lat' dir='ltr'><strong>regnat,</strong></span> <span class='ocrx_word' id='word_1_340' title='bbox 3061 535 3117 580; x_wconf 87' lang='lat' dir='ltr'><strong>et</strong></span> <span class='ocrx_word' id='word_1_341' title='bbox 3149 525 3408 579; x_wconf 78' lang='lat' dir='ltr'><strong>omnibus</strong></span> <span class='ocrx_word' id='word_1_342' title='bbox 3442 523 3613 576; x_wconf 86' lang='lat' dir='ltr'><strong>domi-</strong></span> 
     </span>
    </p>
   </div>
   <div class='ocr_carea' id='block_1_49' title="bbox 2048 614 3616 688">
    <p class='ocr_par' dir='ltr' id='par_1_49' title="bbox 2048 614 3616 688">
     <span class='ocr_line' id='line_1_49' title="bbox 2048 614 3616 688; baseline 0 -21"><span class='ocrx_word' id='word_1_343' title='bbox 2048 623 2230 672; x_wconf 84' lang='lat' dir='ltr'><strong>natur.</strong></span> <span class='ocrx_word' id='word_1_344' title='bbox 2278 614 2610 672; x_wconf 73' lang='lat' dir='ltr'><strong>Christianis</strong></span> <span class='ocrx_word' id='word_1_345' title='bbox 2664 621 2883 688; x_wconf 84' lang='lat' dir='ltr'><strong>quidem</strong></span> <span class='ocrx_word' id='word_1_346' title='bbox 2936 620 3273 684; x_wconf 79' lang='lat' dir='ltr'><strong>volentibus,</strong></span> <span class='ocrx_word' id='word_1_347' title='bbox 3302 617 3616 672; x_wconf 84' lang='lat' dir='ltr'><strong>inﬁdelibus</strong></span> 
     </span>
    </p>
   </div>
   <div class='ocr_carea' id='block_1_50' title="bbox 2048 707 3614 777">
    <p class='ocr_par' dir='ltr' id='par_1_50' title="bbox 2048 707 3614 777">
     <span class='ocr_line' id='line_1_50' title="bbox 2048 707 3614 777; baseline 0.004 -21"><span class='ocrx_word' id='word_1_348' title='bbox 2048 720 2178 757; x_wconf 81' lang='lat' dir='ltr'><strong>vero</strong></span> <span class='ocrx_word' id='word_1_349' title='bbox 2231 708 2393 760; x_wconf 62' lang='lat' dir='ltr'><strong>et3am</strong></span> <span class='ocrx_word' id='word_1_350' title='bbox 2428 707 2615 761; x_wconf 75' lang='lat' dir='ltr'><strong>invitis</strong></span> <span class='ocrx_word' id='word_1_351' title='bbox 2654 726 2667 762; x_wconf 92' lang='lat'>:</span> <span class='ocrx_word' id='word_1_352' title='bbox 2708 708 2845 762; x_wconf 85' lang='lat' dir='ltr'><strong>Data</strong></span> <span class='ocrx_word' id='word_1_353' title='bbox 2893 722 2970 764; x_wconf 81' lang='lat' dir='ltr'><strong>est</strong></span> <span class='ocrx_word' id='word_1_354' title='bbox 3020 713 3157 764; x_wconf 80' lang='lat' dir='ltr'><strong>enim</strong></span> <span class='ocrx_word' id='word_1_355' title='bbox 3212 711 3364 772; x_wconf 72' lang='lat' dir='ltr'><strong>milii,</strong></span> <span class='ocrx_word' id='word_1_356' title='bbox 3414 709 3614 777; x_wconf 85' lang='lat' dir='ltr'><strong>inquit,</strong></span> 
     </span>
    </p>
   </div>
   <div class='ocr_carea' id='block_1_51' title="bbox 2048 798 3612 867">
    <p class='ocr_par' dir='ltr' id='par_1_51' title="bbox 2048 798 3612 867">
     <span class='ocr_line' id='line_1_51' title="bbox 2048 798 3612 867; baseline -0.001 -17"><span class='ocrx_word' id='word_1_357' title='bbox 2048 798 2220 850; x_wconf 87' lang='lat' dir='ltr'><strong>onmis</strong></span> <span class='ocrx_word' id='word_1_358' title='bbox 2255 809 2514 867; x_wconf 72' lang='lat' dir='ltr'><strong>potestas,</strong></span> <span class='ocrx_word' id='word_1_359' title='bbox 2544 801 2599 853; x_wconf 86' lang='lat' dir='ltr'><strong>in</strong></span> <span class='ocrx_word' id='word_1_360' title='bbox 2626 801 2752 855; x_wconf 72' lang='lat' dir='ltr'><strong>caelo</strong></span> <span class='ocrx_word' id='word_1_361' title='bbox 2784 812 2835 855; x_wconf 86' lang='lat' dir='ltr'><strong>et</strong></span> <span class='ocrx_word' id='word_1_362' title='bbox 2860 804 2911 855; x_wconf 87' lang='lat' dir='ltr'><strong>in</strong></span> <span class='ocrx_word' id='word_1_363' title='bbox 2938 812 3077 855; x_wconf 81' lang='lat' dir='ltr'><strong>terra</strong></span> <span class='ocrx_word' id='word_1_364' title='bbox 3109 802 3173 857; x_wconf 81' lang='lat'><strong>“.</strong></span> <span class='ocrx_word' id='word_1_365' title='bbox 3205 802 3402 857; x_wconf 86' lang='lat' dir='ltr'><strong>Semen</strong></span> <span class='ocrx_word' id='word_1_366' title='bbox 3434 808 3612 853; x_wconf 89' lang='lat' dir='ltr'><strong>autem</strong></span> 
     </span>
    </p>
   </div>
   <div class='ocr_carea' id='block_1_52' title="bbox 2047 890 3615 964">
    <p class='ocr_par' dir='ltr' id='par_1_52' title="bbox 2047 890 3615 964">
     <span class='ocr_line' id='line_1_52' title="bbox 2047 890 3615 964; baseline -0.002 -18"><span class='ocrx_word' id='word_1_367' title='bbox 2047 891 2249 946; x_wconf 80' lang='lat' dir='ltr'><strong>Christi</strong></span> <span class='ocrx_word' id='word_1_368' title='bbox 2286 907 2470 947; x_wconf 84' lang='lat' dir='ltr'><strong>sermo</strong></span> <span class='ocrx_word' id='word_1_369' title='bbox 2510 895 2859 964; x_wconf 69' lang='lat' dir='ltr'><strong>evangelica:</strong></span> <span class='ocrx_word' id='word_1_370' title='bbox 2891 895 3160 949; x_wconf 88' lang='lat' dir='ltr'><strong>dicendus</strong></span> <span class='ocrx_word' id='word_1_371' title='bbox 3206 902 3313 953; x_wconf 86' lang='lat' dir='ltr'><strong>est,</strong></span> <span class='ocrx_word' id='word_1_372' title='bbox 3351 898 3446 944; x_wconf 90' lang='lat' dir='ltr'><strong>aut</strong></span> <span class='ocrx_word' id='word_1_373' title='bbox 3479 890 3615 945; x_wconf 85' lang='lat' dir='ltr'><strong>ﬁde-</strong></span> 
     </span>
    </p>
   </div>
   <div class='ocr_carea' id='block_1_53' title="bbox 2050 985 3616 1057">
    <p class='ocr_par' dir='ltr' id='par_1_53' title="bbox 2050 985 3616 1057">
     <span class='ocr_line' id='line_1_53' title="bbox 2050 985 3616 1057; baseline 0 -21"><span class='ocrx_word' id='word_1_374' title='bbox 2050 986 2150 1047; x_wconf 88' lang='lat' dir='ltr'><strong>les,</strong></span> <span class='ocrx_word' id='word_1_375' title='bbox 2206 986 2298 1057; x_wconf 88' lang='lat' dir='ltr'><strong>qui</strong></span> <span class='ocrx_word' id='word_1_376' title='bbox 2353 987 2402 1039; x_wconf 89' lang='lat' dir='ltr'><strong>ei</strong></span> <span class='ocrx_word' id='word_1_377' title='bbox 2462 1001 2561 1056; x_wconf 89' lang='lat' dir='ltr'><strong>per</strong></span> <span class='ocrx_word' id='word_1_378' title='bbox 2606 987 2940 1057; x_wconf 82' lang='lat' dir='ltr'><strong>baptismum</strong></span> <span class='ocrx_word' id='word_1_379' title='bbox 3004 985 3308 1056; x_wconf 76' lang='lat' dir='ltr'><strong>regenerati</strong></span> <span class='ocrx_word' id='word_1_380' title='bbox 3364 993 3513 1046; x_wconf 88' lang='lat' dir='ltr'><strong>sunt,</strong></span> <span class='ocrx_word' id='word_1_381' title='bbox 3557 994 3616 1036; x_wconf 90' lang='lat' dir='ltr'><strong>ut</strong></span> 
     </span>
    </p>
   </div>
   <div class='ocr_carea' id='block_1_54' title="bbox 2046 1076 3613 1149">
    <p class='ocr_par' dir='ltr' id='par_1_54' title="bbox 2046 1076 3613 1149">
     <span class='ocr_line' id='line_1_54' title="bbox 2046 1076 3613 1149; baseline -0.004 -15"><span class='ocrx_word' id='word_1_382' title='bbox 2046 1079 2309 1134; x_wconf 78' lang='lat' dir='ltr'><strong>diximus.</strong></span> <span class='ocrx_word' id='word_1_383' title='bbox 2354 1076 2471 1134; x_wconf 83' lang='lat' dir='ltr'><strong>Hoc</strong></span> <span class='ocrx_word' id='word_1_384' title='bbox 2522 1080 2686 1149; x_wconf 78' lang='lat' dir='ltr'><strong>igitur</strong></span> <span class='ocrx_word' id='word_1_385' title='bbox 2719 1092 2884 1149; x_wconf 84' lang='lat' dir='ltr'><strong>atque</strong></span> <span class='ocrx_word' id='word_1_386' title='bbox 2934 1080 3067 1133; x_wconf 92' lang='lat' dir='ltr'><strong>illud</strong></span> <span class='ocrx_word' id='word_1_387' title='bbox 3115 1094 3300 1133; x_wconf 86' lang='lat' dir='ltr'><strong>semen</strong></span> <span class='ocrx_word' id='word_1_388' title='bbox 3350 1086 3613 1147; x_wconf 85' lang='lat' dir='ltr'><strong>perpetuo</strong></span> 
     </span>
    </p>
   </div>
   <div class='ocr_carea' id='block_1_55' title="bbox 2047 1169 3176 1240">
    <p class='ocr_par' dir='ltr' id='par_1_55' title="bbox 2047 1169 3176 1240">
     <span class='ocr_line' id='line_1_55' title="bbox 2047 1169 3176 1240; baseline -0.002 -15"><span class='ocrx_word' id='word_1_389' title='bbox 2047 1169 2290 1225; x_wconf 90' lang='lat' dir='ltr'><strong>manebit</strong></span> <span class='ocrx_word' id='word_1_390' title='bbox 2323 1170 2478 1239; x_wconf 76' lang='lat' dir='ltr'><strong>juxta</strong></span> <span class='ocrx_word' id='word_1_391' title='bbox 2514 1171 2936 1240; x_wconf 75' lang='lat' dir='ltr'><strong>promissionem</strong></span> <span class='ocrx_word' id='word_1_392' title='bbox 2976 1185 3176 1224; x_wconf 86' lang='lat' dir='ltr'><strong>meam.</strong></span> 
     </span>
    </p>
   </div>
   <div class='ocr_carea' id='block_1_56' title="bbox 2116 1261 3618 1332">
    <p class='ocr_par' dir='ltr' id='par_1_56' title="bbox 2116 1261 3618 1332">
     <span class='ocr_line' id='line_1_56' title="bbox 2116 1261 3618 1332; baseline -0.004 -16"><span class='ocrx_word' id='word_1_393' title='bbox 2116 1261 2283 1317; x_wconf 81' lang='lat' dir='ltr'><strong>Vens.</strong></span> <span class='ocrx_word' id='word_1_394' title='bbox 2324 1262 2415 1317; x_wconf 78' lang='lat'><strong>58.</strong></span> <span class='ocrx_word' id='word_1_395' title='bbox 2454 1261 2521 1317; x_wconf 85' lang='lat' dir='ltr'><strong>Et</strong></span> <span class='ocrx_word' id='word_1_396' title='bbox 2563 1262 2785 1317; x_wconf 84' lang='lat' dir='ltr'><strong>thronus</strong></span> <span class='ocrx_word' id='word_1_397' title='bbox 2828 1263 2944 1332; x_wconf 88' lang='lat' dir='ltr'><strong>ejus</strong></span> <span class='ocrx_word' id='word_1_398' title='bbox 2987 1264 3125 1315; x_wconf 82' lang='lat' dir='ltr'><strong>sicut</strong></span> <span class='ocrx_word' id='word_1_399' title='bbox 3170 1262 3252 1316; x_wconf 81' lang='lat' dir='ltr'><strong>sol</strong></span> <span class='ocrx_word' id='word_1_400' title='bbox 3300 1276 3477 1313; x_wconf 81' lang='lat' dir='ltr'><strong>raram</strong></span> <span class='ocrx_word' id='word_1_401' title='bbox 3517 1276 3618 1313; x_wconf 88' lang='lat' dir='ltr'><strong>me.</strong></span> 
     </span>
    </p>
   </div>
   <div class='ocr_carea' id='block_1_57' title="bbox 2047 1352 3620 1423">
    <p class='ocr_par' dir='ltr' id='par_1_57' title="bbox 2047 1352 3620 1423">
     <span class='ocr_line' id='line_1_57' title="bbox 2047 1352 3620 1423; baseline -0.004 -14"><span class='ocrx_word' id='word_1_402' title='bbox 2047 1355 2293 1423; x_wconf 75' lang='lat' dir='ltr'><strong>Regnum</strong></span> <span class='ocrx_word' id='word_1_403' title='bbox 2327 1352 2533 1409; x_wconf 86' lang='lat' dir='ltr'><strong>Christi</strong></span> <span class='ocrx_word' id='word_1_404' title='bbox 2581 1354 2634 1408; x_wconf 88' lang='lat' dir='ltr'><strong>in</strong></span> <span class='ocrx_word' id='word_1_405' title='bbox 2702 1354 2891 1410; x_wconf 85' lang='lat' dir='ltr'><strong>ﬁdeles</strong></span> <span class='ocrx_word' id='word_1_406' title='bbox 2946 1354 3366 1408; x_wconf 82' lang='lat' dir='ltr'><strong>celeberrimum</strong></span> <span class='ocrx_word' id='word_1_407' title='bbox 3416 1362 3521 1416; x_wconf 88' lang='lat' dir='ltr'><strong>est,</strong></span> <span class='ocrx_word' id='word_1_408' title='bbox 3566 1362 3620 1404; x_wconf 87' lang='lat' dir='ltr'><strong>et</strong></span> 
     </span>
    </p>
   </div>
   <div class='ocr_carea' id='block_1_58' title="bbox 2046 1446 3619 1516">
    <p class='ocr_par' dir='ltr' id='par_1_58' title="bbox 2046 1446 3619 1516">
     <span class='ocr_line' id='line_1_58' title="bbox 2046 1446 3619 1516; baseline -0.001 -17"><span class='ocrx_word' id='word_1_409' title='bbox 2046 1448 2373 1501; x_wconf 87' lang='lat' dir='ltr'><strong>diuturnum</strong></span> <span class='ocrx_word' id='word_1_410' title='bbox 2429 1458 2687 1516; x_wconf 87' lang='lat' dir='ltr'><strong>tanquam</strong></span> <span class='ocrx_word' id='word_1_411' title='bbox 2738 1449 2841 1502; x_wconf 86' lang='lat' dir='ltr'><strong>sol.</strong></span> <span class='ocrx_word' id='word_1_412' title='bbox 2874 1448 3057 1513; x_wconf 83' lang='lat' dir='ltr'><strong>Quare</strong></span> <span class='ocrx_word' id='word_1_413' title='bbox 3090 1457 3274 1500; x_wconf 88' lang='lat' dir='ltr'><strong>autem</strong></span> <span class='ocrx_word' id='word_1_414' title='bbox 3321 1446 3491 1501; x_wconf 86' lang='lat' dir='ltr'><strong>solem</strong></span> <span class='ocrx_word' id='word_1_415' title='bbox 3532 1462 3619 1498; x_wconf 81' lang='lat' dir='ltr'><strong>as-</strong></span> 
     </span>
    </p>
   </div>
   <div class='ocr_carea' id='block_1_59' title="bbox 2047 1538 3617 1606">
    <p class='ocr_par' dir='ltr' id='par_1_59' title="bbox 2047 1538 3617 1606">
     <span class='ocr_line' id='line_1_59' title="bbox 2047 1538 3617 1606; baseline -0.002 -14"><span class='ocrx_word' id='word_1_416' title='bbox 2047 1539 2344 1606; x_wconf 83' lang='lat' dir='ltr'><strong>sumpserit</strong></span> <span class='ocrx_word' id='word_1_417' title='bbox 2392 1540 2445 1592; x_wconf 91' lang='lat' dir='ltr'><strong>in</strong></span> <span class='ocrx_word' id='word_1_418' title='bbox 2493 1540 2875 1596; x_wconf 81' lang='lat' dir='ltr'><strong>diuturnitatis</strong></span> <span class='ocrx_word' id='word_1_419' title='bbox 2917 1539 3359 1602; x_wconf 72' lang='lat' dir='ltr'><strong>similitudinem,</strong></span> <span class='ocrx_word' id='word_1_420' title='bbox 3408 1538 3617 1591; x_wconf 69' lang='lat' dir='ltr'><strong>dictum</strong></span> 
     </span>
    </p>
   </div>
   <div class='ocr_carea' id='block_1_60' title="bbox 2048 1632 3615 1703">
    <p class='ocr_par' dir='ltr' id='par_1_60' title="bbox 2048 1632 3615 1703">
     <span class='ocr_line' id='line_1_60' title="bbox 2048 1632 3615 1703; baseline -0.001 -16"><span class='ocrx_word' id='word_1_421' title='bbox 2048 1634 2213 1687; x_wconf 88' lang='lat' dir='ltr'><strong>estin</strong></span> <span class='ocrx_word' id='word_1_422' title='bbox 2256 1634 2470 1703; x_wconf 83' lang='lat' dir='ltr'><strong>psalmo</strong></span> <span class='ocrx_word' id='word_1_423' title='bbox 2527 1650 2677 1696; x_wconf 76' lang='lat' dir='ltr'><strong>uxr,</strong></span> <span class='ocrx_word' id='word_1_424' title='bbox 2723 1634 2794 1689; x_wconf 92' lang='lat' dir='ltr'><strong>ibi</strong></span> <span class='ocrx_word' id='word_1_425' title='bbox 2828 1653 2840 1687; x_wconf 87' lang='lat'><strong>:</strong></span> <span class='ocrx_word' id='word_1_426' title='bbox 2885 1633 2955 1686; x_wconf 83' lang='lat' dir='ltr'><strong>Et</strong></span> <span class='ocrx_word' id='word_1_427' title='bbox 2983 1633 3307 1702; x_wconf 74' lang='lat' dir='ltr'><strong>permanebit</strong></span> <span class='ocrx_word' id='word_1_428' title='bbox 3338 1647 3455 1686; x_wconf 79' lang='lat' dir='ltr'><strong>cum</strong></span> <span class='ocrx_word' id='word_1_429' title='bbox 3486 1632 3615 1686; x_wconf 80' lang='lat' dir='ltr'><strong>sole.</strong></span> 
     </span>
    </p>
   </div>
   <div class='ocr_carea' id='block_1_61' title="bbox 2124 1742 3620 1810">
    <p class='ocr_par' dir='ltr' id='par_1_61' title="bbox 2124 1742 3620 1810">
     <span class='ocr_line' id='line_1_61' title="bbox 2124 1742 3620 1810; baseline -0.001 -15"><span class='ocrx_word' id='word_1_430' title='bbox 2124 1742 2189 1795; x_wconf 82' lang='lat' dir='ltr'><strong>Et</strong></span> <span class='ocrx_word' id='word_1_431' title='bbox 2231 1744 2366 1797; x_wconf 84' lang='lat' dir='ltr'><strong>sicut</strong></span> <span class='ocrx_word' id='word_1_432' title='bbox 2394 1744 2521 1796; x_wconf 78' lang='lat' dir='ltr'><strong>(una</strong></span> <span class='ocrx_word' id='word_1_433' title='bbox 2550 1743 2779 1810; x_wconf 74' lang='lat' dir='ltr'><strong>perfecta</strong></span> <span class='ocrx_word' id='word_1_434' title='bbox 2829 1745 2883 1796; x_wconf 78' lang='lat' dir='ltr'><strong>in</strong></span> <span class='ocrx_word' id='word_1_435' title='bbox 2918 1743 3194 1797; x_wconf 70' lang='lat' dir='ltr'><strong>stt-culum.</strong></span> <span class='ocrx_word' id='word_1_436' title='bbox 3229 1742 3502 1809; x_wconf 73' lang='lat' dir='ltr'><strong>Regnum,</strong></span> <span class='ocrx_word' id='word_1_437' title='bbox 3537 1742 3620 1794; x_wconf 86' lang='lat' dir='ltr'><strong>in-</strong></span> 
     </span>
    </p>
   </div>
   <div class='ocr_carea' id='block_1_62' title="bbox 2041 1829 3619 1903">
    <p class='ocr_par' dir='ltr' id='par_1_62' title="bbox 2041 1829 3619 1903">
     <span class='ocr_line' id='line_1_62' title="bbox 2041 1829 3619 1903; baseline -0.004 -18"><span class='ocrx_word' id='word_1_438' title='bbox 2041 1833 2181 1903; x_wconf 90' lang='lat' dir='ltr'><strong>quit,</strong></span> <span class='ocrx_word' id='word_1_439' title='bbox 2216 1832 2363 1884; x_wconf 89' lang='lat' dir='ltr'><strong>illius</strong></span> <span class='ocrx_word' id='word_1_440' title='bbox 2387 1831 2805 1885; x_wconf 87' lang='lat' dir='ltr'><strong>celeberrimum</strong></span> <span class='ocrx_word' id='word_1_441' title='bbox 2829 1840 2934 1896; x_wconf 82' lang='lat' dir='ltr'><strong>est,</strong></span> <span class='ocrx_word' id='word_1_442' title='bbox 2958 1840 3009 1884; x_wconf 90' lang='lat' dir='ltr'><strong>et</strong></span> <span class='ocrx_word' id='word_1_443' title='bbox 3043 1833 3217 1884; x_wconf 90' lang='lat' dir='ltr'><strong>instar</strong></span> <span class='ocrx_word' id='word_1_444' title='bbox 3249 1830 3381 1883; x_wconf 87' lang='lat' dir='ltr'><strong>solis</strong></span> <span class='ocrx_word' id='word_1_445' title='bbox 3404 1829 3619 1881; x_wconf 82' lang='lat' dir='ltr'><strong>diutur—</strong></span> 
     </span>
    </p>
   </div>
   <div class='ocr_carea' id='block_1_63' title="bbox 2042 1920 3617 1988">
    <p class='ocr_par' dir='ltr' id='par_1_63' title="bbox 2042 1920 3617 1988">
     <span class='ocr_line' id='line_1_63' title="bbox 2042 1920 3617 1988; baseline -0.004 -13"><span class='ocrx_word' id='word_1_446' title='bbox 2042 1937 2196 1985; x_wconf 88' lang='lat' dir='ltr'><strong>num,</strong></span> <span class='ocrx_word' id='word_1_447' title='bbox 2222 1922 2607 1977; x_wconf 87' lang='lat' dir='ltr'><strong>etdiuturnum</strong></span> <span class='ocrx_word' id='word_1_448' title='bbox 2641 1921 2693 1973; x_wconf 90' lang='lat' dir='ltr'><strong>in</strong></span> <span class='ocrx_word' id='word_1_449' title='bbox 2726 1922 3021 1985; x_wconf 68' lang='lat' dir='ltr'><strong>sarculum;</strong></span> <span class='ocrx_word' id='word_1_450' title='bbox 3044 1928 3097 1975; x_wconf 87' lang='lat' dir='ltr'><strong>et</strong></span> <span class='ocrx_word' id='word_1_451' title='bbox 3119 1932 3380 1988; x_wconf 83' lang='lat' dir='ltr'><strong>tanquam</strong></span> <span class='ocrx_word' id='word_1_452' title='bbox 3414 1920 3617 1975; x_wconf 71' lang='lat' dir='ltr'><strong>lunain</strong></span> 
     </span>
    </p>
   </div>
   <div class='ocr_carea' id='block_1_64' title="bbox 2046 2010 3621 2083">
    <p class='ocr_par' dir='ltr' id='par_1_64' title="bbox 2046 2010 3621 2083">
     <span class='ocr_line' id='line_1_64' title="bbox 2046 2010 3621 2083; baseline -0.003 -18"><span class='ocrx_word' id='word_1_453' title='bbox 2046 2014 2372 2083; x_wconf 88' lang='lat' dir='ltr'><strong>plenilunio,</strong></span> <span class='ocrx_word' id='word_1_454' title='bbox 2421 2029 2586 2083; x_wconf 86' lang='lat' dir='ltr'><strong>quam</strong></span> <span class='ocrx_word' id='word_1_455' title='bbox 2636 2014 2933 2083; x_wconf 76' lang='lat' dir='ltr'><strong>perfectam</strong></span> <span class='ocrx_word' id='word_1_456' title='bbox 2960 2016 3142 2067; x_wconf 89' lang='lat' dir='ltr'><strong>lunam</strong></span> <span class='ocrx_word' id='word_1_457' title='bbox 3170 2013 3478 2083; x_wconf 77' lang='lat' dir='ltr'><strong>appellavit.</strong></span> <span class='ocrx_word' id='word_1_458' title='bbox 3504 2010 3621 2064; x_wconf 81' lang='lat' dir='ltr'><strong>Duo</strong></span> 
     </span>
    </p>
   </div>
   <div class='ocr_carea' id='block_1_65' title="bbox 2042 2108 3616 2176">
    <p class='ocr_par' dir='ltr' id='par_1_65' title="bbox 2042 2108 3616 2176">
     <span class='ocr_line' id='line_1_65' title="bbox 2042 2108 3616 2176; baseline -0.001 -16"><span class='ocrx_word' id='word_1_459' title='bbox 2042 2108 2205 2160; x_wconf 88' lang='lat' dir='ltr'><strong>etiam</strong></span> <span class='ocrx_word' id='word_1_460' title='bbox 2236 2108 2533 2160; x_wconf 86' lang='lat' dir='ltr'><strong>luminaria</strong></span> <span class='ocrx_word' id='word_1_461' title='bbox 2559 2109 2613 2160; x_wconf 90' lang='lat' dir='ltr'><strong>in</strong></span> <span class='ocrx_word' id='word_1_462' title='bbox 2633 2108 3047 2161; x_wconf 79' lang='lat' dir='ltr'><strong>similitudinem</strong></span> <span class='ocrx_word' id='word_1_463' title='bbox 3084 2110 3400 2176; x_wconf 72' lang='lat' dir='ltr'><strong>assumpsit,</strong></span> <span class='ocrx_word' id='word_1_464' title='bbox 3423 2121 3616 2175; x_wconf 88' lang='lat' dir='ltr'><strong>quem-</strong></span> 
     </span>
    </p>
   </div>
   <div class='ocr_carea' id='block_1_66' title="bbox 2042 2201 3426 2271">
    <p class='ocr_par' dir='ltr' id='par_1_66' title="bbox 2042 2201 3426 2271">
     <span class='ocr_line' id='line_1_66' title="bbox 2042 2201 3426 2271; baseline -0.002 -16"><span class='ocrx_word' id='word_1_465' title='bbox 2042 2201 2335 2255; x_wconf 87' lang='lat' dir='ltr'><strong>admodum</strong></span> <span class='ocrx_word' id='word_1_466' title='bbox 2367 2201 2554 2256; x_wconf 79' lang='lat' dir='ltr'><strong>vidisti</strong></span> <span class='ocrx_word' id='word_1_467' title='bbox 2588 2201 2642 2254; x_wconf 89' lang='lat' dir='ltr'><strong>in</strong></span> <span class='ocrx_word' id='word_1_468' title='bbox 2678 2215 2821 2271; x_wconf 85' lang='lat' dir='ltr'><strong>saepe</strong></span> <span class='ocrx_word' id='word_1_469' title='bbox 2851 2201 2997 2256; x_wconf 84' lang='lat' dir='ltr'><strong>dicto</strong></span> <span class='ocrx_word' id='word_1_470' title='bbox 3039 2202 3247 2256; x_wconf 81' lang='lat' dir='ltr'><strong>oSalmo</strong></span> <span class='ocrx_word' id='word_1_471' title='bbox 3276 2216 3426 2254; x_wconf 79' lang='lat' dir='ltr'><strong>Lxxt.</strong></span> 
     </span>
    </p>
   </div>
   <div class='ocr_carea' id='block_1_67' title="bbox 2114 2375 3616 2447">
    <p class='ocr_par' dir='ltr' id='par_1_67' title="bbox 2114 2375 3616 2447">
     <span class='ocr_line' id='line_1_67' title="bbox 2114 2375 3616 2447; baseline -0.001 -17"><span class='ocrx_word' id='word_1_472' title='bbox 2114 2375 2185 2430; x_wconf 86' lang='lat' dir='ltr'><strong>Et</strong></span> <span class='ocrx_word' id='word_1_473' title='bbox 2219 2378 2363 2431; x_wconf 78' lang='lat' dir='ltr'><strong>testis</strong></span> <span class='ocrx_word' id='word_1_474' title='bbox 2392 2377 2443 2430; x_wconf 88' lang='lat' dir='ltr'><strong>in</strong></span> <span class='ocrx_word' id='word_1_475' title='bbox 2487 2378 2614 2431; x_wconf 69' lang='lat' dir='ltr'><strong>rosio</strong></span> <span class='ocrx_word' id='word_1_476' title='bbox 2650 2377 2844 2444; x_wconf 78' lang='lat' dir='ltr'><strong>ﬁdelis.</strong></span> <span class='ocrx_word' id='word_1_477' title='bbox 2882 2376 3250 2447; x_wconf 86' lang='lat' dir='ltr'><strong>Symmachus</strong></span> <span class='ocrx_word' id='word_1_478' title='bbox 3290 2391 3390 2446; x_wconf 87' lang='lat' dir='ltr'><strong>pro</strong></span> <span class='ocrx_word' id='word_1_479' title='bbox 3426 2375 3616 2440; x_wconf 79' lang='lat' dir='ltr'><strong>Testis,</strong></span> 
     </span>
    </p>
   </div>
   <div class='ocr_carea' id='block_1_68' title="bbox 2044 2468 3618 2539">
    <p class='ocr_par' dir='ltr' id='par_1_68' title="bbox 2044 2468 3618 2539">
     <span class='ocr_line' id='line_1_68' title="bbox 2044 2468 3618 2539; baseline -0.001 -15"><span class='ocrx_word' id='word_1_480' title='bbox 2044 2469 2181 2524; x_wconf 79' lang='lat' dir='ltr'><strong>dixit</strong></span> <span class='ocrx_word' id='word_1_481' title='bbox 2230 2468 2589 2524; x_wconf 79' lang='lat' dir='ltr'><strong>Contestatus.</strong></span> <span class='ocrx_word' id='word_1_482' title='bbox 2623 2470 2739 2533; x_wconf 88' lang='lat' dir='ltr'><strong>Ille,</strong></span> <span class='ocrx_word' id='word_1_483' title='bbox 2776 2471 2974 2539; x_wconf 84' lang='lat' dir='ltr'><strong>inquit.</strong></span> <span class='ocrx_word' id='word_1_484' title='bbox 3013 2470 3102 2539; x_wconf 87' lang='lat' dir='ltr'><strong>qui</strong></span> <span class='ocrx_word' id='word_1_485' title='bbox 3152 2477 3494 2525; x_wconf 86' lang='lat' dir='ltr'><strong>contestalus</strong></span> <span class='ocrx_word' id='word_1_486' title='bbox 3554 2484 3618 2523; x_wconf 90' lang='lat' dir='ltr'><strong>ac</strong></span> 
     </span>
    </p>
   </div>
   <div class='ocr_carea' id='block_1_69' title="bbox 2044 2562 3615 2633">
    <p class='ocr_par' dir='ltr' id='par_1_69' title="bbox 2044 2562 3615 2633">
     <span class='ocr_line' id='line_1_69' title="bbox 2044 2562 3615 2633; baseline -0.001 -19"><span class='ocrx_word' id='word_1_487' title='bbox 2044 2562 2326 2633; x_wconf 87' lang='lat' dir='ltr'><strong>pollicitus</strong></span> <span class='ocrx_word' id='word_1_488' title='bbox 2378 2563 2509 2615; x_wconf 87' lang='lat' dir='ltr'><strong>mihi</strong></span> <span class='ocrx_word' id='word_1_489' title='bbox 2564 2574 2668 2624; x_wconf 77' lang='lat' dir='ltr'><strong>est,</strong></span> <span class='ocrx_word' id='word_1_490' title='bbox 2723 2578 2780 2615; x_wconf 85' lang='lat' dir='ltr'><strong>se</strong></span> <span class='ocrx_word' id='word_1_491' title='bbox 2817 2577 2879 2616; x_wconf 86' lang='lat' dir='ltr'><strong>ea</strong></span> <span class='ocrx_word' id='word_1_492' title='bbox 2921 2577 3041 2616; x_wconf 88' lang='lat' dir='ltr'><strong>meo</strong></span> <span class='ocrx_word' id='word_1_493' title='bbox 3098 2562 3293 2616; x_wconf 89' lang='lat' dir='ltr'><strong>semini</strong></span> <span class='ocrx_word' id='word_1_494' title='bbox 3334 2562 3615 2621; x_wconf 85' lang='lat' dir='ltr'><strong>daturum,</strong></span> 
     </span>
    </p>
   </div>
   <div class='ocr_carea' id='block_1_70' title="bbox 2046 2653 3614 2722">
    <p class='ocr_par' dir='ltr' id='par_1_70' title="bbox 2046 2653 3614 2722">
     <span class='ocr_line' id='line_1_70' title="bbox 2046 2653 3614 2722; baseline -0.004 -14"><span class='ocrx_word' id='word_1_495' title='bbox 2046 2669 2169 2722; x_wconf 75' lang='lat' dir='ltr'><strong>quae</strong></span> <span class='ocrx_word' id='word_1_496' title='bbox 2214 2654 2483 2715; x_wconf 81' lang='lat' dir='ltr'><strong>diximus,</strong></span> <span class='ocrx_word' id='word_1_497' title='bbox 2530 2656 2622 2709; x_wconf 92' lang='lat' dir='ltr'><strong>ille</strong></span> <span class='ocrx_word' id='word_1_498' title='bbox 2654 2656 2705 2708; x_wconf 90' lang='lat' dir='ltr'><strong>in</strong></span> <span class='ocrx_word' id='word_1_499' title='bbox 2756 2655 2898 2710; x_wconf 74' lang='lat' dir='ltr'><strong>cmlo</strong></span> <span class='ocrx_word' id='word_1_500' title='bbox 2949 2662 3033 2708; x_wconf 83' lang='lat' dir='ltr'><strong>est</strong></span> <span class='ocrx_word' id='word_1_501' title='bbox 3074 2665 3128 2708; x_wconf 89' lang='lat' dir='ltr'><strong>et</strong></span> <span class='ocrx_word' id='word_1_502' title='bbox 3157 2653 3261 2707; x_wconf 89' lang='lat' dir='ltr'><strong>ﬁde</strong></span> <span class='ocrx_word' id='word_1_503' title='bbox 3291 2653 3486 2721; x_wconf 83' lang='lat' dir='ltr'><strong>dignus</strong></span> <span class='ocrx_word' id='word_1_504' title='bbox 3512 2661 3614 2706; x_wconf 81' lang='lat' dir='ltr'><strong>est.</strong></span> 
     </span>
    </p>
   </div>
   <div class='ocr_carea' id='block_1_71' title="bbox 2045 2743 3616 2814">
    <p class='ocr_par' dir='ltr' id='par_1_71' title="bbox 2045 2743 3616 2814">
     <span class='ocr_line' id='line_1_71' title="bbox 2045 2743 3616 2814; baseline -0.004 -12"><span class='ocrx_word' id='word_1_505' title='bbox 2045 2746 2223 2814; x_wconf 79' lang='lat' dir='ltr'><strong>Hujus</strong></span> <span class='ocrx_word' id='word_1_506' title='bbox 2265 2749 2413 2801; x_wconf 87' lang='lat' dir='ltr'><strong>enim</strong></span> <span class='ocrx_word' id='word_1_507' title='bbox 2448 2748 2639 2801; x_wconf 91' lang='lat' dir='ltr'><strong>mundi</strong></span> <span class='ocrx_word' id='word_1_508' title='bbox 2694 2748 2944 2801; x_wconf 75' lang='lat' dir='ltr'><strong>homines</strong></span> <span class='ocrx_word' id='word_1_509' title='bbox 2999 2762 3106 2800; x_wconf 87' lang='lat' dir='ltr'><strong>non</strong></span> <span class='ocrx_word' id='word_1_510' title='bbox 3155 2746 3291 2801; x_wconf 81' lang='lat' dir='ltr'><strong>adeo</strong></span> <span class='ocrx_word' id='word_1_511' title='bbox 3324 2744 3428 2799; x_wconf 89' lang='lat' dir='ltr'><strong>ﬁde</strong></span> <span class='ocrx_word' id='word_1_512' title='bbox 3465 2743 3616 2813; x_wconf 76' lang='lat' dir='ltr'><strong>digni</strong></span> 
     </span>
    </p>
   </div>
   <div class='ocr_carea' id='block_1_72' title="bbox 2047 2850 2198 2894">
    <p class='ocr_par' dir='ltr' id='par_1_72' title="bbox 2047 2850 2198 2894">
     <span class='ocr_line' id='line_1_72' title="bbox 2047 2850 2198 2894; baseline -0.013 0"><span class='ocrx_word' id='word_1_513' title='bbox 2047 2850 2198 2894; x_wconf 79' lang='lat' dir='ltr'><strong>Sllﬂl.</strong></span> 
     </span>
    </p>
   </div>
   <div class='ocr_carea' id='block_1_73' title="bbox 2116 2951 3618 3023">
    <p class='ocr_par' dir='ltr' id='par_1_73' title="bbox 2116 2951 3618 3023">
     <span class='ocr_line' id='line_1_73' title="bbox 2116 2951 3618 3023; baseline -0.006 -10"><span class='ocrx_word' id='word_1_514' title='bbox 2116 2959 2282 3014; x_wconf 71' lang='lat' dir='ltr'><strong>Vens.</strong></span> <span class='ocrx_word' id='word_1_515' title='bbox 2322 2957 2411 3013; x_wconf 79' lang='lat'><strong>39.</strong></span> <span class='ocrx_word' id='word_1_516' title='bbox 2450 2956 2528 3011; x_wconf 82' lang='lat' dir='ltr'><strong>Tu</strong></span> <span class='ocrx_word' id='word_1_517' title='bbox 2581 2973 2699 3011; x_wconf 79' lang='lat' dir='ltr'><strong>vero</strong></span> <span class='ocrx_word' id='word_1_518' title='bbox 2740 2957 3001 3023; x_wconf 81' lang='lat' dir='ltr'><strong>repulisti,</strong></span> <span class='ocrx_word' id='word_1_519' title='bbox 3054 2965 3105 3009; x_wconf 88' lang='lat' dir='ltr'><strong>et</strong></span> <span class='ocrx_word' id='word_1_520' title='bbox 3138 2955 3441 3022; x_wconf 74' lang='lat' dir='ltr'><strong>despexislt&#39;.</strong></span> <span class='ocrx_word' id='word_1_521' title='bbox 3486 2951 3618 3019; x_wconf 68' lang='lat' dir='ltr'><strong>Quae</strong></span> 
     </span>
    </p>
   </div>
   <div class='ocr_carea' id='block_1_74' title="bbox 2048 3047 3618 3120">
    <p class='ocr_par' dir='ltr' id='par_1_74' title="bbox 2048 3047 3618 3120">
     <span class='ocr_line' id='line_1_74' title="bbox 2048 3047 3618 3120; baseline -0.006 -15"><span class='ocrx_word' id='word_1_522' title='bbox 2048 3058 2355 3120; x_wconf 79' lang='lat' dir='ltr'><strong>sequuntur</strong></span> <span class='ocrx_word' id='word_1_523' title='bbox 2377 3048 2648 3118; x_wconf 81' lang='lat' dir='ltr'><strong>Propheta</strong></span> <span class='ocrx_word' id='word_1_524' title='bbox 2672 3064 2736 3103; x_wconf 77' lang='lat' dir='ltr'><strong>ex</strong></span> <span class='ocrx_word' id='word_1_525' title='bbox 2761 3047 2975 3102; x_wconf 70' lang='lat' dir='ltr'><strong>Iudaici</strong></span> <span class='ocrx_word' id='word_1_526' title='bbox 3004 3047 3188 3116; x_wconf 83' lang='lat' dir='ltr'><strong>populi</strong></span> <span class='ocrx_word' id='word_1_527' title='bbox 3225 3060 3456 3114; x_wconf 86' lang='lat' dir='ltr'><strong>persona</strong></span> <span class='ocrx_word' id='word_1_528' title='bbox 3485 3058 3618 3098; x_wconf 86' lang='lat' dir='ltr'><strong>con-</strong></span> 
     </span>
    </p>
   </div>
   <div class='ocr_carea' id='block_1_75' title="bbox 2046 3139 3619 3213">
    <p class='ocr_par' dir='ltr' id='par_1_75' title="bbox 2046 3139 3619 3213">
     <span class='ocr_line' id='line_1_75' title="bbox 2046 3139 3619 3213; baseline -0.004 -16"><span class='ocrx_word' id='word_1_529' title='bbox 2046 3144 2292 3213; x_wconf 83' lang='lat' dir='ltr'><strong>scripsit,</strong></span> <span class='ocrx_word' id='word_1_530' title='bbox 2339 3141 2722 3212; x_wconf 83' lang='lat' dir='ltr'><strong>Bahylonicam</strong></span> <span class='ocrx_word' id='word_1_531' title='bbox 2762 3141 3134 3208; x_wconf 81' lang='lat' dir='ltr'><strong>captivitatem</strong></span> <span class='ocrx_word' id='word_1_532' title='bbox 3182 3139 3497 3204; x_wconf 83' lang='lat' dir='ltr'><strong>deplorans,</strong></span> <span class='ocrx_word' id='word_1_533' title='bbox 3564 3150 3619 3192; x_wconf 86' lang='lat' dir='ltr'><strong>et</strong></span> 
     </span>
    </p>
   </div>
   <div class='ocr_carea' id='block_1_76' title="bbox 2047 3230 3620 3305">
    <p class='ocr_par' dir='ltr' id='par_1_76' title="bbox 2047 3230 3620 3305">
     <span class='ocr_line' id='line_1_76' title="bbox 2047 3230 3620 3305; baseline -0.004 -17"><span class='ocrx_word' id='word_1_534' title='bbox 2047 3235 2441 3305; x_wconf 85' lang='lat' dir='ltr'><strong>prnmissiones</strong></span> <span class='ocrx_word' id='word_1_535' title='bbox 2487 3248 2515 3284; x_wconf 85' lang='lat' dir='ltr'><strong>a</strong></span> <span class='ocrx_word' id='word_1_536' title='bbox 2565 3234 2673 3288; x_wconf 81' lang='lat' dir='ltr'><strong>Deo</strong></span> <span class='ocrx_word' id='word_1_537' title='bbox 2731 3231 2904 3286; x_wconf 82' lang='lat' dir='ltr'><strong>factas</strong></span> <span class='ocrx_word' id='word_1_538' title='bbox 2955 3232 3056 3293; x_wconf 86' lang='lat' dir='ltr'><strong>ipsi</strong></span> <span class='ocrx_word' id='word_1_539' title='bbox 3114 3230 3281 3283; x_wconf 86' lang='lat' dir='ltr'><strong>David</strong></span> <span class='ocrx_word' id='word_1_540' title='bbox 3338 3245 3477 3298; x_wconf 90' lang='lat' dir='ltr'><strong>pene</strong></span> <span class='ocrx_word' id='word_1_541' title='bbox 3524 3244 3620 3282; x_wconf 88' lang='lat' dir='ltr'><strong>ne-</strong></span> 
     </span>
    </p>
   </div>
   <div class='ocr_carea' id='block_1_77' title="bbox 2045 3319 3622 3398">
    <p class='ocr_par' dir='ltr' id='par_1_77' title="bbox 2045 3319 3622 3398">
     <span class='ocr_line' id='line_1_77' title="bbox 2045 3319 3622 3398; baseline -0.003 -20"><span class='ocrx_word' id='word_1_542' title='bbox 2045 3328 2252 3398; x_wconf 71' lang='lat' dir='ltr'><strong>glectas</strong></span> <span class='ocrx_word' id='word_1_543' title='bbox 2276 3326 2447 3381; x_wconf 81' lang='lat' dir='ltr'><strong>fuisse</strong></span> <span class='ocrx_word' id='word_1_544' title='bbox 2472 3336 2756 3395; x_wconf 87' lang='lat' dir='ltr'><strong>reputans.</strong></span> <span class='ocrx_word' id='word_1_545' title='bbox 2790 3323 2869 3377; x_wconf 90' lang='lat' dir='ltr'><strong>Tu</strong></span> <span class='ocrx_word' id='word_1_546' title='bbox 2896 3339 3045 3385; x_wconf 84' lang='lat' dir='ltr'><strong>vero.</strong></span> <span class='ocrx_word' id='word_1_547' title='bbox 3076 3324 3280 3392; x_wconf 89' lang='lat' dir='ltr'><strong>inquit,</strong></span> <span class='ocrx_word' id='word_1_548' title='bbox 3307 3323 3399 3390; x_wconf 89' lang='lat' dir='ltr'><strong>qui</strong></span> <span class='ocrx_word' id='word_1_549' title='bbox 3426 3319 3622 3391; x_wconf 43' lang='lat' dir='ltr'><strong>praedi.</strong></span> 
     </span>
    </p>
   </div>
   <div class='ocr_carea' id='block_1_78' title="bbox 2046 3414 3617 3484">
    <p class='ocr_par' dir='ltr' id='par_1_78' title="bbox 2046 3414 3617 3484">
     <span class='ocr_line' id='line_1_78' title="bbox 2046 3414 3617 3484; baseline -0.005 -10"><span class='ocrx_word' id='word_1_550' title='bbox 2046 3430 2129 3474; x_wconf 87' lang='lat' dir='ltr'><strong>cta</strong></span> <span class='ocrx_word' id='word_1_551' title='bbox 2159 3418 2342 3473; x_wconf 85' lang='lat' dir='ltr'><strong>omnia</strong></span> <span class='ocrx_word' id='word_1_552' title='bbox 2376 3416 2650 3483; x_wconf 82' lang='lat' dir='ltr'><strong>pollicitus</strong></span> <span class='ocrx_word' id='word_1_553' title='bbox 2687 3434 2767 3480; x_wconf 86' lang='lat' dir='ltr'><strong>es,</strong></span> <span class='ocrx_word' id='word_1_554' title='bbox 2792 3417 3045 3484; x_wconf 81' lang='lat' dir='ltr'><strong>repulisti</strong></span> <span class='ocrx_word' id='word_1_555' title='bbox 3079 3422 3244 3482; x_wconf 90' lang='lat' dir='ltr'><strong>atque</strong></span> <span class='ocrx_word' id='word_1_556' title='bbox 3276 3414 3617 3466; x_wconf 67' lang='lat' dir='ltr'><strong>inhonorasti</strong></span> 
     </span>
    </p>
   </div>
   <div class='ocr_carea' id='block_1_79' title="bbox 2044 3505 3619 3575">
    <p class='ocr_par' dir='ltr' id='par_1_79' title="bbox 2044 3505 3619 3575">
     <span class='ocr_line' id='line_1_79' title="bbox 2044 3505 3619 3575; baseline -0.007 -8"><span class='ocrx_word' id='word_1_557' title='bbox 2044 3526 2232 3567; x_wconf 84' lang='lat' dir='ltr'><strong>semen</strong></span> <span class='ocrx_word' id='word_1_558' title='bbox 2271 3509 2460 3562; x_wconf 86' lang='lat' dir='ltr'><strong>David.</strong></span> <span class='ocrx_word' id='word_1_559' title='bbox 2495 3509 2557 3563; x_wconf 88' lang='lat' dir='ltr'><strong>Et</strong></span> <span class='ocrx_word' id='word_1_560' title='bbox 2599 3511 2871 3575; x_wconf 83' lang='lat' dir='ltr'><strong>respicere</strong></span> <span class='ocrx_word' id='word_1_561' title='bbox 2906 3509 3161 3561; x_wconf 84' lang='lat' dir='ltr'><strong>videntur</strong></span> <span class='ocrx_word' id='word_1_562' title='bbox 3204 3507 3318 3561; x_wconf 58' lang='lat' dir='ltr'><strong>haec</strong></span> <span class='ocrx_word' id='word_1_563' title='bbox 3359 3505 3521 3560; x_wconf 87' lang='lat' dir='ltr'><strong>verba</strong></span> <span class='ocrx_word' id='word_1_564' title='bbox 3553 3512 3619 3557; x_wconf 79' lang='lat' dir='ltr'><strong>ad</strong></span> 
     </span>
    </p>
   </div>
   <div class='ocr_carea' id='block_1_80' title="bbox 2043 3597 3623 3657">
    <p class='ocr_par' dir='ltr' id='par_1_80' title="bbox 2043 3597 3623 3657">
     <span class='ocr_line' id='line_1_80' title="bbox 2043 3597 3623 3657; baseline -0.006 0"><span class='ocrx_word' id='word_1_565' title='bbox 2043 3599 2366 3657; x_wconf 79' lang='lat' dir='ltr'><strong>Jechoniam</strong></span> <span class='ocrx_word' id='word_1_566' title='bbox 2410 3608 2465 3653; x_wconf 88' lang='lat' dir='ltr'><strong>et</strong></span> <span class='ocrx_word' id='word_1_567' title='bbox 2514 3598 2821 3653; x_wconf 88' lang='lat' dir='ltr'><strong>Sedeciam.</strong></span> <span class='ocrx_word' id='word_1_568' title='bbox 2859 3597 3062 3653; x_wconf 69' lang='lat' dir='ltr'><strong>Verum</strong></span> <span class='ocrx_word' id='word_1_569' title='bbox 3114 3614 3225 3651; x_wconf 88' lang='lat' dir='ltr'><strong>non</strong></span> <span class='ocrx_word' id='word_1_570' title='bbox 3274 3597 3623 3651; x_wconf 80' lang='lat' dir='ltr'><strong>mediocriter</strong></span> 
     </span>
    </p>
   </div>
   <div class='ocr_carea' id='block_1_81' title="bbox 2047 3688 3623 3764">
    <p class='ocr_par' dir='ltr' id='par_1_81' title="bbox 2047 3688 3623 3764">
     <span class='ocr_line' id='line_1_81' title="bbox 2047 3688 3623 3764; baseline -0.005 -15"><span class='ocrx_word' id='word_1_571' title='bbox 2047 3694 2328 3764; x_wconf 86' lang='lat' dir='ltr'><strong>desipiunt</strong></span> <span class='ocrx_word' id='word_1_572' title='bbox 2370 3691 2566 3756; x_wconf 68' lang='lat' dir='ltr'><strong>.ludmi,</strong></span> <span class='ocrx_word' id='word_1_573' title='bbox 2599 3692 2693 3761; x_wconf 88' lang='lat' dir='ltr'><strong>qui</strong></span> <span class='ocrx_word' id='word_1_574' title='bbox 2750 3692 2917 3746; x_wconf 79' lang='lat' dir='ltr'><strong>Deum</strong></span> <span class='ocrx_word' id='word_1_575' title='bbox 2962 3690 3182 3744; x_wconf 89' lang='lat' dir='ltr'><strong>mentiri</strong></span> <span class='ocrx_word' id='word_1_576' title='bbox 3234 3705 3396 3760; x_wconf 89' lang='lat' dir='ltr'><strong>posse</strong></span> <span class='ocrx_word' id='word_1_577' title='bbox 3442 3688 3623 3756; x_wconf 89' lang='lat' dir='ltr'><strong>suspi-</strong></span> 
     </span>
    </p>
   </div>
   <div class='ocr_carea' id='block_1_82' title="bbox 2047 3784 3618 3854">
    <p class='ocr_par' dir='ltr' id='par_1_82' title="bbox 2047 3784 3618 3854">
     <span class='ocr_line' id='line_1_82' title="bbox 2047 3784 3618 3854; baseline -0.006 -13"><span class='ocrx_word' id='word_1_578' title='bbox 2047 3794 2279 3850; x_wconf 87' lang='lat' dir='ltr'><strong>cantur;</strong></span> <span class='ocrx_word' id='word_1_579' title='bbox 2310 3786 2454 3854; x_wconf 89' lang='lat' dir='ltr'><strong>quod</strong></span> <span class='ocrx_word' id='word_1_580' title='bbox 2483 3786 2575 3853; x_wconf 88' lang='lat' dir='ltr'><strong>qui</strong></span> <span class='ocrx_word' id='word_1_581' title='bbox 2615 3786 2950 3853; x_wconf 86' lang='lat' dir='ltr'><strong>suspicatur,</strong></span> <span class='ocrx_word' id='word_1_582' title='bbox 2976 3793 3085 3837; x_wconf 89' lang='lat' dir='ltr'><strong>tam</strong></span> <span class='ocrx_word' id='word_1_583' title='bbox 3118 3784 3279 3852; x_wconf 87' lang='lat' dir='ltr'><strong>impie</strong></span> <span class='ocrx_word' id='word_1_584' title='bbox 3299 3784 3432 3851; x_wconf 81' lang='lat' dir='ltr'><strong>agit,</strong></span> <span class='ocrx_word' id='word_1_585' title='bbox 3457 3796 3618 3849; x_wconf 86' lang='lat' dir='ltr'><strong>quam</strong></span> 
     </span>
    </p>
   </div>
   <div class='ocr_carea' id='block_1_83' title="bbox 2050 3873 3624 3949">
    <p class='ocr_par' dir='ltr' id='par_1_83' title="bbox 2050 3873 3624 3949">
     <span class='ocr_line' id='line_1_83' title="bbox 2050 3873 3624 3949; baseline -0.004 -17"><span class='ocrx_word' id='word_1_586' title='bbox 2050 3880 2394 3949; x_wconf 80' lang='lat' dir='ltr'><strong>impossibile</strong></span> <span class='ocrx_word' id='word_1_587' title='bbox 2444 3888 2527 3933; x_wconf 82' lang='lat' dir='ltr'><strong>est</strong></span> <span class='ocrx_word' id='word_1_588' title='bbox 2560 3877 2726 3934; x_wconf 85' lang='lat' dir='ltr'><strong>Deum</strong></span> <span class='ocrx_word' id='word_1_589' title='bbox 2768 3888 2862 3932; x_wconf 88' lang='lat' dir='ltr'><strong>aut</strong></span> <span class='ocrx_word' id='word_1_590' title='bbox 2899 3878 3111 3939; x_wconf 81' lang='lat' dir='ltr'><strong>fallere,</strong></span> <span class='ocrx_word' id='word_1_591' title='bbox 3153 3885 3247 3928; x_wconf 87' lang='lat' dir='ltr'><strong>aut.</strong></span> <span class='ocrx_word' id='word_1_592' title='bbox 3278 3875 3414 3928; x_wconf 76' lang='lat' dir='ltr'><strong>falli.</strong></span> <span class='ocrx_word' id='word_1_593' title='bbox 3450 3873 3624 3927; x_wconf 70' lang='lat' dir='ltr'><strong>Caete-</strong></span> 
     </span>
    </p>
   </div>
   <div class='ocr_carea' id='block_1_84' title="bbox 2048 3965 3622 4037">
    <p class='ocr_par' dir='ltr' id='par_1_84' title="bbox 2048 3965 3622 4037">
     <span class='ocr_line' id='line_1_84' title="bbox 2048 3965 3622 4037; baseline -0.006 -12"><span class='ocrx_word' id='word_1_594' title='bbox 2048 3987 2167 4025; x_wconf 89' lang='lat' dir='ltr'><strong>rum</strong></span> <span class='ocrx_word' id='word_1_595' title='bbox 2208 3987 2392 4027; x_wconf 91' lang='lat' dir='ltr'><strong>semen</strong></span> <span class='ocrx_word' id='word_1_596' title='bbox 2431 3970 2619 4034; x_wconf 88' lang='lat' dir='ltr'><strong>David,</strong></span> <span class='ocrx_word' id='word_1_597' title='bbox 2655 3971 2741 4025; x_wconf 90' lang='lat' dir='ltr'><strong>cui</strong></span> <span class='ocrx_word' id='word_1_598' title='bbox 2805 3972 2957 4037; x_wconf 73' lang='lat' dir='ltr'><strong>regni</strong></span> <span class='ocrx_word' id='word_1_599' title='bbox 3016 3968 3297 4023; x_wconf 78' lang='lat' dir='ltr'><strong>:eteruitas</strong></span> <span class='ocrx_word' id='word_1_600' title='bbox 3350 3965 3622 4035; x_wconf 79' lang='lat' dir='ltr'><strong>promissa</strong></span> 
     </span>
    </p>
   </div>
   <div class='ocr_carea' id='block_1_85' title="bbox 2048 4058 3622 4128">
    <p class='ocr_par' dir='ltr' id='par_1_85' title="bbox 2048 4058 3622 4128">
     <span class='ocr_line' id='line_1_85' title="bbox 2048 4058 3622 4128; baseline -0.008 -9"><span class='ocrx_word' id='word_1_601' title='bbox 2048 4075 2151 4126; x_wconf 80' lang='lat' dir='ltr'><strong>est,</strong></span> <span class='ocrx_word' id='word_1_602' title='bbox 2197 4063 2475 4119; x_wconf 87' lang='lat' dir='ltr'><strong>Christum</strong></span> <span class='ocrx_word' id='word_1_603' title='bbox 2516 4078 2640 4117; x_wconf 88' lang='lat' dir='ltr'><strong>esse</strong></span> <span class='ocrx_word' id='word_1_604' title='bbox 2698 4062 3055 4121; x_wconf 83' lang='lat' dir='ltr'><strong>aﬂirmamus,</strong></span> <span class='ocrx_word' id='word_1_605' title='bbox 3102 4061 3252 4123; x_wconf 75' lang='lat' dir='ltr'><strong>cuius</strong></span> <span class='ocrx_word' id='word_1_606' title='bbox 3315 4058 3463 4128; x_wconf 84' lang='lat' dir='ltr'><strong>regni</strong></span> <span class='ocrx_word' id='word_1_607' title='bbox 3519 4072 3622 4108; x_wconf 88' lang='lat' dir='ltr'><strong>non</strong></span> 
     </span>
    </p>
   </div>
   <div class='ocr_carea' id='block_1_86' title="bbox 2047 4149 3628 4224">
    <p class='ocr_par' dir='ltr' id='par_1_86' title="bbox 2047 4149 3628 4224">
     <span class='ocr_line' id='line_1_86' title="bbox 2047 4149 3628 4224; baseline -0.006 -13"><span class='ocrx_word' id='word_1_608' title='bbox 2047 4158 2151 4211; x_wconf 79' lang='lat' dir='ltr'><strong>erit</strong></span> <span class='ocrx_word' id='word_1_609' title='bbox 2193 4157 2335 4224; x_wconf 81' lang='lat' dir='ltr'><strong>ﬁnis.</strong></span> <span class='ocrx_word' id='word_1_610' title='bbox 2369 4157 2432 4209; x_wconf 75' lang='lat' dir='ltr'><strong>Et</strong></span> <span class='ocrx_word' id='word_1_611' title='bbox 2471 4154 2642 4209; x_wconf 78' lang='lat' dir='ltr'><strong>Judaei</strong></span> <span class='ocrx_word' id='word_1_612' title='bbox 2684 4155 2902 4224; x_wconf 86' lang='lat' dir='ltr'><strong>quidem</strong></span> <span class='ocrx_word' id='word_1_613' title='bbox 2931 4162 3188 4207; x_wconf 79' lang='lat' dir='ltr'><strong>terrestre</strong></span> <span class='ocrx_word' id='word_1_614' title='bbox 3220 4168 3281 4206; x_wconf 91' lang='lat' dir='ltr'><strong>ac</strong></span> <span class='ocrx_word' id='word_1_615' title='bbox 3315 4151 3500 4204; x_wconf 89' lang='lat' dir='ltr'><strong>mundi</strong></span> <span class='ocrx_word' id='word_1_616' title='bbox 3526 4149 3628 4203; x_wconf 85' lang='lat' dir='ltr'><strong>hn-</strong></span> 
     </span>
    </p>
   </div>
   <div class='ocr_carea' id='block_1_87' title="bbox 2046 4244 3625 4318">
    <p class='ocr_par' dir='ltr' id='par_1_87' title="bbox 2046 4244 3625 4318">
     <span class='ocr_line' id='line_1_87' title="bbox 2046 4244 3625 4318; baseline -0.004 -15"><span class='ocrx_word' id='word_1_617' title='bbox 2046 4249 2138 4318; x_wconf 88' lang='lat' dir='ltr'><strong>jus</strong></span> <span class='ocrx_word' id='word_1_618' title='bbox 2183 4259 2292 4300; x_wconf 89' lang='lat' dir='ltr'><strong>tam</strong></span> <span class='ocrx_word' id='word_1_619' title='bbox 2350 4264 2595 4313; x_wconf 74' lang='lat' dir='ltr'><strong>regnum,</strong></span> <span class='ocrx_word' id='word_1_620' title='bbox 2642 4264 2803 4316; x_wconf 87' lang='lat' dir='ltr'><strong>quam</strong></span> <span class='ocrx_word' id='word_1_621' title='bbox 2856 4249 3114 4300; x_wconf 86' lang='lat' dir='ltr'><strong>thronum</strong></span> <span class='ocrx_word' id='word_1_622' title='bbox 3157 4244 3488 4315; x_wconf 77' lang='lat' dir='ltr'><strong>intelligunt,</strong></span> <span class='ocrx_word' id='word_1_623' title='bbox 3526 4257 3625 4296; x_wconf 87' lang='lat' dir='ltr'><strong>nos</strong></span> 
     </span>
    </p>
   </div>
   <div class='ocr_carea' id='block_1_88' title="bbox 2051 4337 3628 4409">
    <p class='ocr_par' dir='ltr' id='par_1_88' title="bbox 2051 4337 3628 4409">
     <span class='ocr_line' id='line_1_88' title="bbox 2051 4337 3628 4409; baseline -0.002 -15"><span class='ocrx_word' id='word_1_624' title='bbox 2051 4351 2232 4395; x_wconf 84' lang='lat' dir='ltr'><strong>autem</strong></span> <span class='ocrx_word' id='word_1_625' title='bbox 2296 4340 2500 4394; x_wconf 88' lang='lat' dir='ltr'><strong>Christi</strong></span> <span class='ocrx_word' id='word_1_626' title='bbox 2549 4356 2771 4409; x_wconf 76' lang='lat' dir='ltr'><strong>regnum</strong></span> <span class='ocrx_word' id='word_1_627' title='bbox 2818 4354 2926 4393; x_wconf 89' lang='lat' dir='ltr'><strong>non</strong></span> <span class='ocrx_word' id='word_1_628' title='bbox 2986 4339 3297 4408; x_wconf 86' lang='lat' dir='ltr'><strong>hujusmodi</strong></span> <span class='ocrx_word' id='word_1_629' title='bbox 3338 4354 3460 4393; x_wconf 85' lang='lat' dir='ltr'><strong>esse</strong></span> <span class='ocrx_word' id='word_1_630' title='bbox 3489 4337 3628 4391; x_wconf 58' lang='lat' dir='ltr'><strong>dicio</strong></span> 
     </span>
    </p>
   </div>
   <div class='ocr_carea' id='block_1_89' title="bbox 384 4424 1946 4520">
    <p class='ocr_par' dir='ltr' id='par_1_89' title="bbox 384 4424 1946 4496">
     <span class='ocr_line' id='line_1_89' title="bbox 384 4424 1946 4496; baseline -0.004 -13"><span class='ocrx_word' id='word_1_631' title='bbox 384 4430 535 4496; x_wconf 75' lang='grc' dir='ltr'>Ἐγω</span> <span class='ocrx_word' id='word_1_632' title='bbox 565 4426 696 4495; x_wconf 60' lang='grc' dir='ltr'>γὰρ,</span> <span class='ocrx_word' id='word_1_633' title='bbox 732 4427 888 4493; x_wconf 79' lang='grc' dir='ltr'><strong>φησὶ.</strong></span> <span class='ocrx_word' id='word_1_634' title='bbox 917 4425 1292 4490; x_wconf 79' lang='grc' dir='ltr'>κατεστάθην</span> <span class='ocrx_word' id='word_1_635' title='bbox 1316 4424 1618 4489; x_wconf 75' lang='grc' dir='ltr'>βασιλεὺς</span> <span class='ocrx_word' id='word_1_636' title='bbox 1692 4425 1796 4478; x_wconf 80' lang='grc' dir='ltr'><strong>ὑπ’</strong></span> <span class='ocrx_word' id='word_1_637' title='bbox 1839 4427 1946 4477; x_wconf 67' lang='lat' dir='ltr'><strong>ai)-</strong></span> 
     </span>
    </p>
   </div>
   <div class='ocr_carea' id='block_1_90' title="bbox 2047 4424 3624 4520">
    <p class='ocr_par' dir='ltr' id='par_1_90' title="bbox 2054 4428 3624 4499">
     <span class='ocr_line' id='line_1_90' title="bbox 2054 4428 3624 4499; baseline -0.002 -15"><span class='ocrx_word' id='word_1_638' title='bbox 2054 4448 2198 4493; x_wconf 87' lang='lat' dir='ltr'><strong>mus.</strong></span> <span class='ocrx_word' id='word_1_639' title='bbox 2232 4447 2354 4485; x_wconf 87' lang='lat' dir='ltr'><strong>cum</strong></span> <span class='ocrx_word' id='word_1_640' title='bbox 2388 4433 2501 4499; x_wconf 88' lang='lat' dir='ltr'><strong>ipse</strong></span> <span class='ocrx_word' id='word_1_641' title='bbox 2534 4431 2664 4485; x_wconf 90' lang='lat' dir='ltr'><strong>illud</strong></span> <span class='ocrx_word' id='word_1_642' title='bbox 2695 4446 2819 4484; x_wconf 89' lang='lat' dir='ltr'><strong>esse</strong></span> <span class='ocrx_word' id='word_1_643' title='bbox 2856 4431 3133 4499; x_wconf 79' lang='lat' dir='ltr'><strong>negaverit</strong></span> <span class='ocrx_word' id='word_1_644' title='bbox 3159 4432 3225 4482; x_wconf 88' lang='lat' dir='ltr'><strong>de</strong></span> <span class='ocrx_word' id='word_1_645' title='bbox 3247 4429 3349 4483; x_wconf 88' lang='lat' dir='ltr'><strong>hoc</strong></span> <span class='ocrx_word' id='word_1_646' title='bbox 3372 4428 3575 4482; x_wconf 91' lang='lat' dir='ltr'><strong>mundo</strong></span> <span class='ocrx_word' id='word_1_647' title='bbox 3610 4446 3624 4481; x_wconf 91' lang='lat'>:</span> 
     </span>
    </p>
   </div>
   <div class='ocr_carea' id='block_1_91' title="bbox 373 4515 1946 4584">
    <p class='ocr_par' dir='ltr' id='par_1_91' title="bbox 373 4515 1946 4584">
     <span class='ocr_line' id='line_1_91' title="bbox 373 4515 1946 4584; baseline -0.005 -9"><span class='ocrx_word' id='word_1_648' title='bbox 373 4521 505 4577; x_wconf 74' lang='grc' dir='ltr'>τοῦ.</span> <span class='ocrx_word' id='word_1_649' title='bbox 543 4522 649 4575; x_wconf 81' lang='grc' dir='ltr'><strong>Καὶ</strong></span> <span class='ocrx_word' id='word_1_650' title='bbox 680 4518 839 4582; x_wconf 81' lang='grc' dir='ltr'>αὖθις</span> <span class='ocrx_word' id='word_1_651' title='bbox 859 4533 876 4549; x_wconf 77' lang='grc'><strong><em>⁸</em></strong></span> <span class='ocrx_word' id='word_1_652' title='bbox 914 4519 1023 4573; x_wconf 79' lang='grc' dir='ltr'><strong>Καὶ</strong></span> <span class='ocrx_word' id='word_1_653' title='bbox 1056 4517 1234 4571; x_wconf 83' lang='grc' dir='ltr'>δώσω</span> <span class='ocrx_word' id='word_1_654' title='bbox 1271 4533 1371 4571; x_wconf 92' lang='grc' dir='ltr'><strong>σοι</strong></span> <span class='ocrx_word' id='word_1_655' title='bbox 1400 4518 1546 4584; x_wconf 78' lang='grc' dir='ltr'><strong>ἔθνη</strong></span> <span class='ocrx_word' id='word_1_656' title='bbox 1577 4515 1693 4583; x_wconf 73' lang='grc' dir='ltr'>τὴν</span> <span class='ocrx_word' id='word_1_657' title='bbox 1730 4518 1946 4582; x_wconf 58' lang='lat' dir='ltr'><strong>ximo-</strong></span> 
     </span>
    </p>
   </div>
   <div class='ocr_carea' id='block_1_92' title="bbox 372 4606 1945 4682">
    <p class='ocr_par' dir='ltr' id='par_1_92' title="bbox 372 4606 1945 4682">
     <span class='ocr_line' id='line_1_92' title="bbox 372 4606 1945 4682; baseline -0.007 -14"><span class='ocrx_word' id='word_1_658' title='bbox 372 4614 592 4682; x_wconf 71' lang='grc' dir='ltr'>νομίαν</span> <span class='ocrx_word' id='word_1_659' title='bbox 617 4626 757 4677; x_wconf 89' lang='grc' dir='ltr'>σου,</span> <span class='ocrx_word' id='word_1_660' title='bbox 782 4610 882 4665; x_wconf 76' lang='grc' dir='ltr'>καὶ</span> <span class='ocrx_word' id='word_1_661' title='bbox 911 4609 1028 4678; x_wconf 74' lang='grc' dir='ltr'><strong>τὴν</strong></span> <span class='ocrx_word' id='word_1_662' title='bbox 1056 4607 1435 4677; x_wconf 76' lang='grc' dir='ltr'>κατάσχεσίν</span> <span class='ocrx_word' id='word_1_663' title='bbox 1460 4625 1578 4663; x_wconf 87' lang='grc' dir='ltr'><strong>σου</strong></span> <span class='ocrx_word' id='word_1_664' title='bbox 1618 4609 1689 4661; x_wconf 84' lang='grc' dir='ltr'>τὰ</span> <span class='ocrx_word' id='word_1_665' title='bbox 1717 4606 1945 4673; x_wconf 78' lang='grc' dir='ltr'>πέρατα</span> 
     </span>
    </p>
   </div>
   <div class='ocr_carea' id='block_1_93' title="bbox 376 4705 642 4775">
    <p class='ocr_par' dir='ltr' id='par_1_93' title="bbox 376 4705 642 4775">
     <span class='ocr_line' id='line_1_93' title="bbox 376 4705 642 4775; baseline -0.015 0"><span class='ocrx_word' id='word_1_666' title='bbox 376 4706 485 4775; x_wconf 75' lang='grc' dir='ltr'><strong>τῆς</strong></span> <span class='ocrx_word' id='word_1_667' title='bbox 509 4705 642 4775; x_wconf 74' lang='grc' dir='ltr'><strong>γῆςο</strong></span> 
     </span>
    </p>
   </div>
   <div class='ocr_carea' id='block_1_94' title="bbox 2054 4523 3628 4592">
    <p class='ocr_par' dir='ltr' id='par_1_94' title="bbox 2054 4523 3628 4592">
     <span class='ocr_line' id='line_1_94' title="bbox 2054 4523 3628 4592; baseline -0.003 -16"><span class='ocrx_word' id='word_1_668' title='bbox 2054 4525 2179 4591; x_wconf 87' lang='lat' dir='ltr'><strong>quia</strong></span> <span class='ocrx_word' id='word_1_669' title='bbox 2230 4523 2484 4577; x_wconf 87' lang='lat' dir='ltr'><strong>nimirum</strong></span> <span class='ocrx_word' id='word_1_670' title='bbox 2532 4524 2779 4592; x_wconf 78' lang='lat' dir='ltr'><strong>corporis</strong></span> <span class='ocrx_word' id='word_1_671' title='bbox 2827 4538 2989 4577; x_wconf 90' lang='lat' dir='ltr'><strong>sensu</strong></span> <span class='ocrx_word' id='word_1_672' title='bbox 3041 4523 3243 4591; x_wconf 84' lang='lat' dir='ltr'><strong>percipi</strong></span> <span class='ocrx_word' id='word_1_673' title='bbox 3282 4536 3388 4575; x_wconf 91' lang='lat' dir='ltr'><strong>non</strong></span> <span class='ocrx_word' id='word_1_674' title='bbox 3426 4528 3628 4589; x_wconf 85' lang='lat' dir='ltr'><strong>potest,</strong></span> 
     </span>
    </p>
   </div>
   <div class='ocr_carea' id='block_1_95' title="bbox 2057 4612 3625 4684">
    <p class='ocr_par' dir='ltr' id='par_1_95' title="bbox 2057 4612 3625 4684">
     <span class='ocr_line' id='line_1_95' title="bbox 2057 4612 3625 4684; baseline -0.004 -14"><span class='ocrx_word' id='word_1_675' title='bbox 2057 4616 2149 4670; x_wconf 88' lang='lat' dir='ltr'><strong>sed</strong></span> <span class='ocrx_word' id='word_1_676' title='bbox 2177 4616 2367 4680; x_wconf 68' lang='lat' dir='ltr'><strong>Spiritu</strong></span> <span class='ocrx_word' id='word_1_677' title='bbox 2395 4624 2603 4669; x_wconf 89' lang='lat' dir='ltr'><strong>tantum</strong></span> <span class='ocrx_word' id='word_1_678' title='bbox 2632 4627 2793 4684; x_wconf 85' lang='lat' dir='ltr'><strong>atque</strong></span> <span class='ocrx_word' id='word_1_679' title='bbox 2822 4614 3122 4668; x_wconf 86' lang='lat' dir='ltr'><strong>intellectu.</strong></span> <span class='ocrx_word' id='word_1_680' title='bbox 3154 4612 3398 4682; x_wconf 74' lang='lat' dir='ltr'><strong>Regnum</strong></span> <span class='ocrx_word' id='word_1_681' title='bbox 3448 4621 3625 4666; x_wconf 86' lang='lat' dir='ltr'><strong>autem</strong></span> 
     </span>
    </p>
   </div>
   <div class='ocr_carea' id='block_1_96' title="bbox 2059 4705 3628 4773">
    <p class='ocr_par' dir='ltr' id='par_1_96' title="bbox 2059 4705 3628 4773">
     <span class='ocr_line' id='line_1_96' title="bbox 2059 4705 3628 4773; baseline -0.002 -13"><span class='ocrx_word' id='word_1_682' title='bbox 2059 4705 2263 4760; x_wconf 85' lang='lat' dir='ltr'><strong>Christi</strong></span> <span class='ocrx_word' id='word_1_683' title='bbox 2292 4715 2375 4761; x_wconf 86' lang='lat' dir='ltr'><strong>cst</strong></span> <span class='ocrx_word' id='word_1_684' title='bbox 2397 4707 2701 4761; x_wconf 88' lang='lat' dir='ltr'><strong>voluntaria</strong></span> <span class='ocrx_word' id='word_1_685' title='bbox 2731 4706 2968 4761; x_wconf 81' lang='lat' dir='ltr'><strong>ﬁdelium</strong></span> <span class='ocrx_word' id='word_1_686' title='bbox 3005 4706 3249 4759; x_wconf 87' lang='lat' dir='ltr'><strong>omnium</strong></span> <span class='ocrx_word' id='word_1_687' title='bbox 3276 4705 3542 4773; x_wconf 75' lang='lat' dir='ltr'><strong>sithjectio</strong></span> <span class='ocrx_word' id='word_1_688' title='bbox 3574 4716 3628 4758; x_wconf 78' lang='lat' dir='ltr'><strong>et</strong></span> 
     </span>
    </p>
   </div>
   <div class='ocr_carea' id='block_1_97' title="bbox 372 4792 3628 4867">
    <p class='ocr_par' dir='ltr' id='par_1_97' title="bbox 372 4792 3628 4867">
     <span class='ocr_line' id='line_1_97' title="bbox 372 4792 3628 4867; baseline -0.002 -14"><span class='ocrx_word' id='word_1_689' title='bbox 372 4798 630 4853; x_wconf 73' lang='lat' dir='ltr'><strong>servitus.</strong></span> <span class='ocrx_word' id='word_1_690' title='bbox 652 4793 1105 4864; x_wconf 83' lang='lat' dir='ltr'><strong>Etenim,inquit,</strong></span> <span class='ocrx_word' id='word_1_691' title='bbox 1123 4793 1453 4848; x_wconf 82' lang='lat' dir='ltr'><strong>Constitutus</strong></span> <span class='ocrx_word' id='word_1_692' title='bbox 1473 4809 1585 4845; x_wconf 85' lang='lat' dir='ltr'><strong>sum</strong></span> <span class='ocrx_word' id='word_1_693' title='bbox 1607 4806 1697 4845; x_wconf 76' lang='lat' dir='ltr'><strong>rea:</strong></span> <span class='ocrx_word' id='word_1_694' title='bbox 1714 4792 1778 4845; x_wconf 83' lang='lat' dir='ltr'><strong>ab</strong></span> <span class='ocrx_word' id='word_1_695' title='bbox 1794 4794 1946 4859; x_wconf 79' lang='lat' dir='ltr'><strong>eo&quot;;</strong></span> <span class='ocrx_word' id='word_1_696' title='bbox 1990 4806 2043 4850; x_wconf 84' lang='lat' dir='ltr'><strong>et</strong></span> <span class='ocrx_word' id='word_1_697' title='bbox 2093 4815 2285 4853; x_wconf 87' lang='lat' dir='ltr'><strong>rursus</strong></span> <span class='ocrx_word' id='word_1_698' title='bbox 2323 4816 2336 4849; x_wconf 94' lang='lat'><strong>:</strong></span> <span class='ocrx_word' id='word_1_699' title='bbox 2374 4798 2517 4851; x_wconf 80' lang='lat' dir='ltr'><strong>Dabo</strong></span> <span class='ocrx_word' id='word_1_700' title='bbox 2548 4798 2643 4852; x_wconf 83' lang='lat' dir='ltr'><strong>tibi</strong></span> <span class='ocrx_word' id='word_1_701' title='bbox 2667 4807 2842 4867; x_wconf 80' lang='lat' dir='ltr'><strong>gentes</strong></span> <span class='ocrx_word' id='word_1_702' title='bbox 2889 4799 3250 4851; x_wconf 71' lang='lat' dir='ltr'><strong>[nereditatem</strong></span> <span class='ocrx_word' id='word_1_703' title='bbox 3335 4806 3505 4856; x_wconf 74' lang='lat' dir='ltr'><strong>(nam,</strong></span> <span class='ocrx_word' id='word_1_704' title='bbox 3580 4806 3628 4845; x_wconf 84' lang='lat' dir='ltr'><strong>et</strong></span> 
     </span>
    </p>
   </div>
   <div class='ocr_carea' id='block_1_98' title="bbox 371 4886 1472 4961">
    <p class='ocr_par' dir='ltr' id='par_1_98' title="bbox 371 4886 1472 4961">
     <span class='ocr_line' id='line_1_98' title="bbox 371 4886 1472 4961; baseline -0.005 -15"><span class='ocrx_word' id='word_1_705' title='bbox 371 4892 747 4961; x_wconf 67' lang='lat' dir='ltr'><strong>possessionem</strong></span> <span class='ocrx_word' id='word_1_706' title='bbox 776 4899 922 4941; x_wconf 83' lang='lat' dir='ltr'><strong>tuam</strong></span> <span class='ocrx_word' id='word_1_707' title='bbox 953 4889 1203 4941; x_wconf 86' lang='lat' dir='ltr'><strong>terminos</strong></span> <span class='ocrx_word' id='word_1_708' title='bbox 1229 4896 1381 4939; x_wconf 74' lang='lat' dir='ltr'><strong>terra:</strong></span> <span class='ocrx_word' id='word_1_709' title='bbox 1404 4886 1472 4941; x_wconf 80' lang='grc'><strong>⁸⁸.</strong></span> 
     </span>
    </p>
   </div>
   <div class='ocr_carea' id='block_1_99' title="bbox 458 4998 1953 5068">
    <p class='ocr_par' dir='ltr' id='par_1_99' title="bbox 458 4998 1953 5068">
     <span class='ocr_line' id='line_1_99' title="bbox 458 4998 1953 5068; baseline 0.003 -13"><span class='ocrx_word' id='word_1_710' title='bbox 458 5001 783 5060; x_wconf 70' lang='grc' dir='ltr'><strong>’Δγεόἀλου</strong></span> <span class='ocrx_word' id='word_1_711' title='bbox 813 5000 919 5054; x_wconf 77' lang='grc' dir='ltr'><strong>τὸν</strong></span> <span class='ocrx_word' id='word_1_712' title='bbox 955 4999 1213 5065; x_wconf 71' lang='grc' dir='ltr'>Χριστόν</span> <span class='ocrx_word' id='word_1_713' title='bbox 1256 5013 1393 5052; x_wconf 90' lang='grc' dir='ltr'><strong>σου.</strong></span> <span class='ocrx_word' id='word_1_714' title='bbox 1429 4999 1667 5068; x_wconf 75' lang='grc' dir='ltr'>Χριστὸν</span> <span class='ocrx_word' id='word_1_715' title='bbox 1695 4998 1829 5052; x_wconf 71' lang='grc' dir='ltr'>Θεοῦ</span> <span class='ocrx_word' id='word_1_716' title='bbox 1861 5003 1953 5054; x_wconf 70' lang='grc' dir='ltr'>τὶν</span> 
     </span>
    </p>
   </div>
   <div class='ocr_carea' id='block_1_100' title="bbox 378 5089 1954 5166">
    <p class='ocr_par' dir='ltr' id='par_1_100' title="bbox 378 5089 1954 5166">
     <span class='ocr_line' id='line_1_100' title="bbox 378 5089 1954 5166; baseline -0.004 -17"><span class='ocrx_word' id='word_1_717' title='bbox 378 5095 603 5166; x_wconf 72' lang='grc' dir='ltr'>βασιλέα</span> <span class='ocrx_word' id='word_1_718' title='bbox 631 5092 809 5154; x_wconf 78' lang='grc' dir='ltr'>καλεῖ,</span> <span class='ocrx_word' id='word_1_719' title='bbox 854 5093 929 5156; x_wconf 80' lang='grc' dir='ltr'>ὼς</span> <span class='ocrx_word' id='word_1_720' title='bbox 973 5090 1267 5162; x_wconf 75' lang='grc' dir='ltr'>χρισθέντα</span> <span class='ocrx_word' id='word_1_721' title='bbox 1295 5090 1462 5160; x_wconf 75' lang='grc' dir='ltr'><strong>ψήφῳ</strong></span> <span class='ocrx_word' id='word_1_722' title='bbox 1505 5089 1642 5142; x_wconf 73' lang='grc' dir='ltr'><strong>Θεοῦ</strong></span> <span class='ocrx_word' id='word_1_723' title='bbox 1673 5092 1752 5152; x_wconf 81' lang='grc' dir='ltr'><strong>εἰς</strong></span> <span class='ocrx_word' id='word_1_724' title='bbox 1798 5090 1954 5159; x_wconf 84' lang='grc' dir='ltr'>βασι-</span> 
     </span>
    </p>
   </div>
   <div class='ocr_carea' id='block_1_101' title="bbox 376 5181 1954 5255">
    <p class='ocr_par' dir='ltr' id='par_1_101' title="bbox 376 5181 1954 5255">
     <span class='ocr_line' id='line_1_101' title="bbox 376 5181 1954 5255; baseline -0.005 -13"><span class='ocrx_word' id='word_1_725' title='bbox 376 5190 551 5242; x_wconf 70' lang='grc' dir='ltr'>λείαν.</span> <span class='ocrx_word' id='word_1_726' title='bbox 601 5185 760 5240; x_wconf 75' lang='grc' dir='ltr'>Οὕτω</span> <span class='ocrx_word' id='word_1_727' title='bbox 820 5186 928 5255; x_wconf 73' lang='grc' dir='ltr'>γὰρ</span> <span class='ocrx_word' id='word_1_728' title='bbox 981 5185 1076 5237; x_wconf 75' lang='grc' dir='ltr'>καὶ</span> <span class='ocrx_word' id='word_1_729' title='bbox 1130 5185 1188 5236; x_wconf 81' lang='grc' dir='ltr'>ὲν</span> <span class='ocrx_word' id='word_1_730' title='bbox 1239 5185 1306 5251; x_wconf 83' lang='grc' dir='ltr'>τῇ</span> <span class='ocrx_word' id='word_1_731' title='bbox 1371 5181 1563 5250; x_wconf 73' lang='grc' dir='ltr'>πρώτῃ</span> <span class='ocrx_word' id='word_1_732' title='bbox 1622 5181 1730 5232; x_wconf 82' lang='grc' dir='ltr'>τῶν</span> <span class='ocrx_word' id='word_1_733' title='bbox 1796 5183 1954 5234; x_wconf 65' lang='grc' dir='ltr'>Βασι-</span> 
     </span>
    </p>
   </div>
   <div class='ocr_carea' id='block_1_102' title="bbox 377 5273 1955 5355">
    <p class='ocr_par' dir='ltr' id='par_1_102' title="bbox 377 5273 1955 5355">
     <span class='ocr_line' id='line_1_102' title="bbox 377 5273 1955 5355; baseline -0.004 -24"><span class='ocrx_word' id='word_1_734' title='bbox 377 5278 561 5341; x_wconf 82' lang='grc' dir='ltr'>λειῶν,</span> <span class='ocrx_word' id='word_1_735' title='bbox 591 5275 842 5355; x_wconf 69' lang='grc' dir='ltr'>χριστὸν</span> <span class='ocrx_word' id='word_1_736' title='bbox 887 5275 1108 5343; x_wconf 75' lang='grc' dir='ltr'><strong>Κυρίου</strong></span> <span class='ocrx_word' id='word_1_737' title='bbox 1178 5274 1271 5325; x_wconf 70' lang='grc' dir='ltr'><strong>τὸν</strong></span> <span class='ocrx_word' id='word_1_738' title='bbox 1298 5274 1468 5327; x_wconf 68' lang='grc' dir='ltr'>Σαοὺλ</span> <span class='ocrx_word' id='word_1_739' title='bbox 1510 5273 1789 5338; x_wconf 75' lang='grc' dir='ltr'>ὀνομάζει.</span> <span class='ocrx_word' id='word_1_740' title='bbox 1845 5274 1955 5325; x_wconf 70' lang='grc' dir='ltr'><strong>Καὶ</strong></span> 
     </span>
    </p>
   </div>
   <div class='ocr_carea' id='block_1_103' title="bbox 377 5364 1954 5437">
    <p class='ocr_par' dir='ltr' id='par_1_103' title="bbox 377 5364 1954 5437">
     <span class='ocr_line' id='line_1_103' title="bbox 377 5364 1954 5437; baseline -0.006 -11"><span class='ocrx_word' id='word_1_741' title='bbox 377 5369 679 5426; x_wconf 69' lang='grc' dir='ltr'><strong>ἀνεϐάλου</strong></span> <span class='ocrx_word' id='word_1_742' title='bbox 743 5370 931 5437; x_wconf 63' lang='grc' dir='ltr'>φησιν,</span> <span class='ocrx_word' id='word_1_743' title='bbox 996 5366 1172 5419; x_wconf 82' lang='grc' dir='ltr'>εῖτουν</span> <span class='ocrx_word' id='word_1_744' title='bbox 1218 5364 1523 5435; x_wconf 70' lang='grc' dir='ltr'><strong>ὑπερὲθιυ·</strong></span> <span class='ocrx_word' id='word_1_745' title='bbox 1589 5364 1954 5434; x_wconf 76' lang='grc' dir='ltr'>παρεκρούσω</span> 
     </span>
    </p>
   </div>
   <div class='ocr_carea' id='block_1_104' title="bbox 378 5459 1956 5533">
    <p class='ocr_par' dir='ltr' id='par_1_104' title="bbox 378 5459 1956 5533">
     <span class='ocr_line' id='line_1_104' title="bbox 378 5459 1956 5533; baseline -0.005 -14"><span class='ocrx_word' id='word_1_746' title='bbox 378 5467 473 5519; x_wconf 80' lang='grc' dir='ltr'>τὸν</span> <span class='ocrx_word' id='word_1_747' title='bbox 504 5463 735 5533; x_wconf 81' lang='grc' dir='ltr'>βασιλέα</span> <span class='ocrx_word' id='word_1_748' title='bbox 763 5464 852 5515; x_wconf 73' lang='grc' dir='ltr'>τὸν</span> <span class='ocrx_word' id='word_1_749' title='bbox 886 5463 1000 5527; x_wconf 82' lang='grc' dir='ltr'>σὸν,</span> <span class='ocrx_word' id='word_1_750' title='bbox 1035 5462 1240 5532; x_wconf 80' lang='grc' dir='ltr'>δηλαδὴ</span> <span class='ocrx_word' id='word_1_751' title='bbox 1288 5462 1379 5512; x_wconf 84' lang='grc' dir='ltr'>τὸν</span> <span class='ocrx_word' id='word_1_752' title='bbox 1408 5459 1594 5524; x_wconf 73' lang='grc' dir='ltr'>Δαϐὶδ,</span> <span class='ocrx_word' id='word_1_753' title='bbox 1623 5462 1698 5529; x_wconf 81' lang='grc' dir='ltr'>μὴ</span> <span class='ocrx_word' id='word_1_754' title='bbox 1730 5460 1956 5531; x_wconf 79' lang='grc' dir='ltr'>πληρώ-</span> 
     </span>
    </p>
   </div>
   <div class='ocr_carea' id='block_1_105' title="bbox 384 5552 1718 5625">
    <p class='ocr_par' dir='ltr' id='par_1_105' title="bbox 384 5552 1718 5625">
     <span class='ocr_line' id='line_1_105' title="bbox 384 5552 1718 5625; baseline -0.004 -14"><span class='ocrx_word' id='word_1_755' title='bbox 384 5576 482 5622; x_wconf 77' lang='grc' dir='ltr'><strong>σας</strong></span> <span class='ocrx_word' id='word_1_756' title='bbox 512 5556 615 5618; x_wconf 82' lang='grc' dir='ltr'>τὰς</span> <span class='ocrx_word' id='word_1_757' title='bbox 649 5554 784 5625; x_wconf 71' lang='grc' dir='ltr'>πρὸς</span> <span class='ocrx_word' id='word_1_758' title='bbox 816 5553 979 5609; x_wconf 73' lang='grc' dir='ltr'>αὐτὸν</span> <span class='ocrx_word' id='word_1_759' title='bbox 1015 5553 1320 5623; x_wconf 70' lang='grc' dir='ltr'>ὶνωμότους</span> <span class='ocrx_word' id='word_1_760' title='bbox 1354 5552 1718 5620; x_wconf 75' lang='grc' dir='ltr'>ἐπαγγελίας.</span> 
     </span>
    </p>
   </div>
   <div class='ocr_carea' id='block_1_106' title="bbox 454 5732 2033 5801">
    <p class='ocr_par' dir='ltr' id='par_1_106' title="bbox 454 5732 2033 5801">
     <span class='ocr_line' id='line_1_106' title="bbox 454 5732 2033 5801; baseline -0.001 -11"><span class='ocrx_word' id='word_1_761' title='bbox 454 5739 500 5768; x_wconf 80' lang='grc'><strong>⁸⁸</strong></span> <span class='ocrx_word' id='word_1_762' title='bbox 541 5734 728 5791; x_wconf 77' lang='lat' dir='ltr'><strong>Matth.</strong></span> <span class='ocrx_word' id='word_1_763' title='bbox 768 5752 958 5801; x_wconf 72' lang='lat' dir='ltr'><strong>xsvm,</strong></span> <span class='ocrx_word' id='word_1_764' title='bbox 999 5734 1085 5788; x_wconf 78' lang='grc'><strong>18.</strong></span> <span class='ocrx_word' id='word_1_765' title='bbox 1162 5736 1205 5766; x_wconf 79' lang='grc'><strong>⁸⁷</strong></span> <span class='ocrx_word' id='word_1_766' title='bbox 1251 5734 1398 5789; x_wconf 78' lang='lat' dir='ltr'><strong>Psal.</strong></span> <span class='ocrx_word' id='word_1_767' title='bbox 1451 5751 1511 5796; x_wconf 84' lang='lat' dir='ltr'><strong>It.</strong></span> <span class='ocrx_word' id='word_1_768' title='bbox 1553 5732 1606 5787; x_wconf 83' lang='lat' dir='ltr'><strong>ﬁ.</strong></span> <span class='ocrx_word' id='word_1_769' title='bbox 1686 5733 1729 5765; x_wconf 86' lang='lat'>“</span> <span class='ocrx_word' id='word_1_770' title='bbox 1778 5732 1915 5789; x_wconf 86' lang='lat' dir='ltr'><strong>Ibid.</strong></span> <span class='ocrx_word' id='word_1_771' title='bbox 1978 5732 2033 5788; x_wconf 89' lang='lat'><strong>8.</strong></span> 
     </span>
    </p>
   </div>
   <div class='ocr_carea' id='block_1_107' title="bbox 2125 4995 3627 5056">
    <p class='ocr_par' dir='ltr' id='par_1_107' title="bbox 2125 4995 3627 5056">
     <span class='ocr_line' id='line_1_107' title="bbox 2125 4995 3627 5056; baseline -0.006 0"><span class='ocrx_word' id='word_1_772' title='bbox 2125 5002 2395 5056; x_wconf 79' lang='lat' dir='ltr'><strong>Distulisti</strong></span> <span class='ocrx_word' id='word_1_773' title='bbox 2453 5000 2720 5054; x_wconf 82' lang='lat' dir='ltr'><strong>Christum</strong></span> <span class='ocrx_word' id='word_1_774' title='bbox 2773 5008 2938 5051; x_wconf 83' lang='lat' dir='ltr'><strong>tuum.</strong></span> <span class='ocrx_word' id='word_1_775' title='bbox 2985 4995 3090 5051; x_wconf 88' lang='lat' dir='ltr'><strong>Per</strong></span> <span class='ocrx_word' id='word_1_776' title='bbox 3145 4996 3423 5051; x_wconf 85' lang='lat' dir='ltr'><strong>Christum</strong></span> <span class='ocrx_word' id='word_1_777' title='bbox 3476 5006 3627 5048; x_wconf 88' lang='lat' dir='ltr'><strong>tuum</strong></span> 
     </span>
    </p>
   </div>
   <div class='ocr_carea' id='block_1_108' title="bbox 2055 5086 3627 5160">
    <p class='ocr_par' dir='ltr' id='par_1_108' title="bbox 2055 5086 3627 5160">
     <span class='ocr_line' id='line_1_108' title="bbox 2055 5086 3627 5160; baseline -0.006 -14"><span class='ocrx_word' id='word_1_778' title='bbox 2055 5095 2194 5146; x_wconf 68' lang='lat' dir='ltr'><strong>idem</strong></span> <span class='ocrx_word' id='word_1_779' title='bbox 2231 5093 2500 5160; x_wconf 73' lang='lat' dir='ltr'><strong>intelligit,</strong></span> <span class='ocrx_word' id='word_1_780' title='bbox 2538 5106 2597 5143; x_wconf 88' lang='lat' dir='ltr'><strong>ac</strong></span> <span class='ocrx_word' id='word_1_781' title='bbox 2628 5092 2670 5144; x_wconf 90' lang='lat' dir='ltr'><strong>si</strong></span> <span class='ocrx_word' id='word_1_782' title='bbox 2703 5089 2910 5143; x_wconf 88' lang='lat' dir='ltr'><strong>diceret</strong></span> <span class='ocrx_word' id='word_1_783' title='bbox 2944 5105 2957 5142; x_wconf 90' lang='lat'>:</span> <span class='ocrx_word' id='word_1_784' title='bbox 2992 5087 3187 5158; x_wconf 80' lang='lat' dir='ltr'><strong>Regem</strong></span> <span class='ocrx_word' id='word_1_785' title='bbox 3213 5086 3389 5145; x_wconf 89' lang='lat' dir='ltr'><strong>illum,</strong></span> <span class='ocrx_word' id='word_1_786' title='bbox 3417 5087 3507 5153; x_wconf 89' lang='lat' dir='ltr'><strong>qui</strong></span> <span class='ocrx_word' id='word_1_787' title='bbox 3537 5095 3627 5139; x_wconf 82' lang='lat' dir='ltr'><strong>tua</strong></span> 
     </span>
    </p>
   </div>
   <div class='ocr_carea' id='block_1_109' title="bbox 2054 5175 3629 5247">
    <p class='ocr_par' dir='ltr' id='par_1_109' title="bbox 2054 5175 3629 5247">
     <span class='ocr_line' id='line_1_109' title="bbox 2054 5175 3629 5247; baseline -0.006 -10"><span class='ocrx_word' id='word_1_788' title='bbox 2054 5184 2322 5237; x_wconf 73' lang='lat' dir='ltr'><strong>sententia</strong></span> <span class='ocrx_word' id='word_1_789' title='bbox 2356 5193 2552 5236; x_wconf 88' lang='lat' dir='ltr'><strong>unctus</strong></span> <span class='ocrx_word' id='word_1_790' title='bbox 2587 5182 2686 5233; x_wconf 79' lang='lat' dir='ltr'><strong>fuit</strong></span> <span class='ocrx_word' id='word_1_791' title='bbox 2719 5181 2782 5233; x_wconf 87' lang='lat' dir='ltr'><strong>ad</strong></span> <span class='ocrx_word' id='word_1_792' title='bbox 2818 5193 3067 5247; x_wconf 80' lang='lat' dir='ltr'><strong>regnum.</strong></span> <span class='ocrx_word' id='word_1_793' title='bbox 3105 5177 3216 5231; x_wconf 89' lang='lat' dir='ltr'><strong>Hoc</strong></span> <span class='ocrx_word' id='word_1_794' title='bbox 3250 5188 3407 5246; x_wconf 82' lang='lat' dir='ltr'><strong>pacto</strong></span> <span class='ocrx_word' id='word_1_795' title='bbox 3441 5175 3629 5229; x_wconf 75' lang='lat' dir='ltr'><strong>heatus</strong></span> 
     </span>
    </p>
   </div>
   <div class='ocr_carea' id='block_1_110' title="bbox 2060 5268 3629 5345">
    <p class='ocr_par' dir='ltr' id='par_1_110' title="bbox 2060 5268 3629 5345">
     <span class='ocr_line' id='line_1_110' title="bbox 2060 5268 3629 5345; baseline -0.008 -15"><span class='ocrx_word' id='word_1_796' title='bbox 2060 5277 2221 5330; x_wconf 79' lang='lat' dir='ltr'><strong>David</strong></span> <span class='ocrx_word' id='word_1_797' title='bbox 2257 5279 2308 5328; x_wconf 93' lang='lat' dir='ltr'><strong>iu</strong></span> <span class='ocrx_word' id='word_1_798' title='bbox 2342 5276 2514 5345; x_wconf 80' lang='lat' dir='ltr'><strong>primo</strong></span> <span class='ocrx_word' id='word_1_799' title='bbox 2546 5274 2751 5340; x_wconf 75' lang='lat' dir='ltr'><strong>Regum</strong></span> <span class='ocrx_word' id='word_1_800' title='bbox 2787 5273 2928 5327; x_wconf 86' lang='lat' dir='ltr'><strong>libro</strong></span> <span class='ocrx_word' id='word_1_801' title='bbox 2979 5272 3107 5324; x_wconf 84' lang='lat' dir='ltr'><strong>Saul</strong></span> <span class='ocrx_word' id='word_1_802' title='bbox 3159 5285 3335 5336; x_wconf 74' lang='lat' dir='ltr'><strong>regem</strong></span> <span class='ocrx_word' id='word_1_803' title='bbox 3377 5268 3629 5320; x_wconf 82' lang='lat' dir='ltr'><strong>christum</strong></span> 
     </span>
    </p>
   </div>
   <div class='ocr_carea' id='block_1_111' title="bbox 2059 5363 3627 5435">
    <p class='ocr_par' dir='ltr' id='par_1_111' title="bbox 2059 5363 3627 5435">
     <span class='ocr_line' id='line_1_111' title="bbox 2059 5363 3627 5435; baseline -0.005 -15"><span class='ocrx_word' id='word_1_804' title='bbox 2059 5369 2272 5421; x_wconf 84' lang='lat' dir='ltr'><strong>Domini</strong></span> <span class='ocrx_word' id='word_1_805' title='bbox 2301 5368 2627 5435; x_wconf 82' lang='lat' dir='ltr'><strong>appellabat.</strong></span> <span class='ocrx_word' id='word_1_806' title='bbox 2662 5364 2929 5417; x_wconf 76' lang='lat' dir='ltr'><strong>llisluiisti</strong></span> <span class='ocrx_word' id='word_1_807' title='bbox 2966 5371 3172 5424; x_wconf 84' lang='lat' dir='ltr'><strong>autem,</strong></span> <span class='ocrx_word' id='word_1_808' title='bbox 3216 5363 3316 5414; x_wconf 82' lang='lat' dir='ltr'><strong>hoc</strong></span> <span class='ocrx_word' id='word_1_809' title='bbox 3343 5367 3447 5423; x_wconf 87' lang='lat' dir='ltr'><strong>est,</strong></span> <span class='ocrx_word' id='word_1_810' title='bbox 3477 5375 3627 5414; x_wconf 85' lang='lat' dir='ltr'><strong>seor-</strong></span> 
     </span>
    </p>
   </div>
   <div class='ocr_carea' id='block_1_112' title="bbox 2057 5452 3630 5527">
    <p class='ocr_par' dir='ltr' id='par_1_112' title="bbox 2057 5452 3630 5527">
     <span class='ocr_line' id='line_1_112' title="bbox 2057 5452 3630 5527; baseline -0.005 -14"><span class='ocrx_word' id='word_1_811' title='bbox 2057 5475 2178 5514; x_wconf 87' lang='lat' dir='ltr'><strong>squ</strong></span> <span class='ocrx_word' id='word_1_812' title='bbox 2216 5475 2244 5512; x_wconf 89' lang='lat' dir='ltr'><strong>a</strong></span> <span class='ocrx_word' id='word_1_813' title='bbox 2297 5469 2347 5511; x_wconf 85' lang='lat' dir='ltr'><strong>te</strong></span> <span class='ocrx_word' id='word_1_814' title='bbox 2379 5458 2607 5527; x_wconf 81' lang='lat' dir='ltr'><strong>posuisti</strong></span> <span class='ocrx_word' id='word_1_815' title='bbox 2635 5474 2697 5508; x_wconf 85' lang='lat' dir='ltr'><strong>ac</strong></span> <span class='ocrx_word' id='word_1_816' title='bbox 2732 5456 2996 5524; x_wconf 76' lang='lat' dir='ltr'><strong>repulisti,</strong></span> <span class='ocrx_word' id='word_1_817' title='bbox 3028 5469 3133 5507; x_wconf 89' lang='lat' dir='ltr'><strong>non</strong></span> <span class='ocrx_word' id='word_1_818' title='bbox 3166 5452 3511 5523; x_wconf 87' lang='lat' dir='ltr'><strong>adimplcndo</strong></span> <span class='ocrx_word' id='word_1_819' title='bbox 3540 5452 3630 5505; x_wconf 81' lang='lat' dir='ltr'><strong>ni-</strong></span> 
     </span>
    </p>
   </div>
   <div class='ocr_carea' id='block_1_113' title="bbox 2060 5549 2996 5621">
    <p class='ocr_par' dir='ltr' id='par_1_113' title="bbox 2060 5549 2996 5621">
     <span class='ocr_line' id='line_1_113' title="bbox 2060 5549 2996 5621; baseline -0.007 -16"><span class='ocrx_word' id='word_1_820' title='bbox 2060 5553 2259 5606; x_wconf 88' lang='lat' dir='ltr'><strong>mirum</strong></span> <span class='ocrx_word' id='word_1_821' title='bbox 2293 5550 2684 5621; x_wconf 71' lang='lat' dir='ltr'><strong>pl&#39;omissiones</strong></span> <span class='ocrx_word' id='word_1_822' title='bbox 2725 5549 2770 5601; x_wconf 79' lang='lat' dir='ltr'><strong>ei</strong></span> <span class='ocrx_word' id='word_1_823' title='bbox 2804 5549 2996 5600; x_wconf 76' lang='lat' dir='ltr'><strong>laetas.</strong></span> 
     </span>
    </p>
   </div>
  </div>
