4194 6302
387 331 513 398 025

1581 322 1973 387 COMMENT.
2021 324 2098 382 ΚΝ
2135 323 2492 384 l’SALMOS.

3565 313 3676 376 926

387 450 517 518 Τὴν
547 443 830 517 βασιλείαν
864 443 1035 499 αὐτοῦ
1070 441 1446 516 ἀναστρέψας.
1483 440 1876 511 Μεταφορικὸς
1925 438 1980 490 δὲ

2087 438 2205 506 ejus
2250 437 2414 490 etiam
2467 431 2738 489 evertisti.
2799 431 2895 487 Est
2949 431 3094 488 enim
3143 443 3328 486 sermo
3383 428 3676 498 metapho-

396 546 432 595 ὀ
467 544 648 609 λὸγος.

486 632 892 704 Ἐσμίκρυνας
913 630 1019 696 τὰς
1076 628 1303 699 ἡμέρας
1348 627 1458 684 τοῦ
1499 627 1720 697 θρόνου
1773 624 1978 679 αὑτοῦ.

387 729 608 799 Χρόνον
642 727 789 794 λέγει
816 725 910 778 τὸν
952 722 1368 792 ὲπαγγελθέντα
1429 721 1510 792 τῷ
1559 719 1839 790 σπέρματι
1885 713 1980 769 τοῦ

388 820 587 885 Δαὸὶδ,
617 819 710 872 τὸν
738 819 818 880 είς
850 817 942 870 τὸν
969 815 1144 870 αἰῶνα
1179 815 1380 878 αἰῶνος
1400 852 1415 868 .
1455 813 1865 882 Ἐσμίκρυνας
1898 808 1978 872 δὲ,

389 913 522 966 ἀντὶ
550 910 668 979 τιῦ,
707 910 1034 979 Συνέτεμες,
1086 908 1299 980 μακρὸν
1347 905 1742 978 ὑποσχεθὲντα.

469 1088 772 1157 Κατέχεας
825 1085 989 1153 αὐτῷ
1037 1087 1369 1156 αἰσχύνην.
1437 1087 1504 1139 At
1564 1088 1676 1154 γὰρ
1719 1080 1978 1154 αἰσχύναι

381 1184 506 1235 τῶν
538 1183 826 1250 ἀπογόνων
885 1180 1146 1252 αἰσχῦναι
1205 1179 1302 1234 τοῦ
1371 1179 1644 1250 προγόνου
1703 1176 1976 1230 δοκοῦσιν.

398 1274 794 1347 ⁹ῌτχύνθησαν
820 1274 931 1346 γὰρ
965 1271 1553 1344 ἐξανδραποδισθέντες
1588 1271 1685 1324 καὶ
1711 1269 1978 1330 παθόντες

381 1370 463 1421 τὰ
489 1368 818 1438 ἀτιμότατα.

466 1551 622 1621 Ἕως
641 1555 810 1621 πότε,
825 1554 1022 1623 Κύριε.
1040 1554 1395 1624 ἀποστρέφῃ
1422 1556 1510 1620 εις
1531 1553 1738 1618 telae;
1757 1552 1976 1605 ἐκκαυ-

382 1647 642 1714 θήσεται
660 1648 740 1712 ὡς
757 1646 879 1714 πῦρ
900 1648 940 1715 ἠ
969 1647 1114 1716 ὀργή
1142 1664 1296 1712 σου;
1325 1646 1511 1700 Ταῦτα
1538 1647 1752 1700 ἐοίκασι
1774 1647 1886 1709 τοῖς
1918 1645 1976 1698 ὲν

381 1739 471 1808 τῷ
485 1735 565 1809 or"
583 1738 804 1810 ψαλμῷ.
828 1738 1061 1810 Εἴρηται
1077 1740 1189 1810 γὰρ
1209 1740 1390 1792 κάκεῖ·
1415 1738 1569 1805 Ἕως
1589 1741 1758 1802 πότε,
1778 1739 1971 1806 Κύριε,

382 1830 728 1900 ὀργισθήσῃ
749 1833 835 1898 είς
862 1833 1078 1898 τέλος;
1105 1830 1551 1898 ἐκκαυθήσεται
1575 1833 1655 1898 ὡς
1678 1832 1799 1900 πῦρ
1825 1833 1858 1885 ὁ
1888 1830 1979 1898 ζῆ·

379 1923 506 1989 λός
538 1937 656 1978 σου
679 1939 698 1986 ;

461 2017 776 2083 Μνήσθητι
807 2018 900 2084 τίς
920 2035 1040 2087 μου
1060 2017 1097 2086 ὴ
1126 2018 1488 2088 ὑπόστασις.
1515 2016 1802 2088 Μνήσθητι
1834 2016 1977 2069 διατι

381 2110 655 2180 ὑπέστην,
687 2111 867 2163 εἷῖουν
896 2111 1179 2180 ὲπλὰσθην
1201 2129 1216 2142 ’
1249 2114 1466 2175 πάντως
1498 2113 1587 2168 ἴνα
1618 2112 1728 2177 ζῶν
1762 2111 1975 2178 δοξάζω

379 2205 459 2257 τὰ
512 2205 775 2272 μεγαλεῖά
846 2223 960 2259 σου.
983 2205 1082 2258 Διὰ
1109 2206 1268 2260 τοῦτο
1299 2205 1468 2278 ῥῦσαί
1499 2223 1568 2277 με
1589 2205 1685 2259 τοῦ
1717 2203 1975 2259 θανάτου·

381 2298 454 2349 οὐ
487 2297 598 2366 γὰρ
627 2299 679 2352 οἱ
704 2298 888 2367 νεκροὶ
919 2297 1203 2352 αίνὲσουσί
1238 2315 1323 2366 σε,
1356 2298 1556 2368 Κύριε.

463 2568 558 2635 Μὴ
583 2569 694 2637 γὰρ
715 2567 978 2636 ματαίως
1023 2566 1276 2634 ἔκτισας
1311 2569 1550 2635 πάντας
1614 2569 1760 2636 τοὺς
1807 2569 1981 2634 υἱοὺς

386 2657 512 2714 τῶν
551 2660 900 2727 ἀνθρώπων.
926 2660 1042 2712 Οὐκ
1078 2660 1200 2729 είκῇ
1230 2660 1330 2712 καὶ
1361 2659 1544 2732 μάτην
1597 2661 1842 2724 ἔπλασας
1886 2661 1980 2714 τὸν

391 2753 707 2822 ἄνθρωπον,
744 2751 835 2804 ἴνα
866 2751 1023 2821 δίκην
1051 2751 1329 2820 ἀχρήστου
1371 2754 1464 2806 καὶ
1496 2751 1756 2824 περιττοῦ
1809 2771 1979 2818 τινος,

390 2847 466 2910 ὡς
495 2846 676 2918 ἔτυχε,
709 2845 1135 2914 παραπολεῖται,
1169 2846 1288 2900 ἀλλ’
1313 2846 1482 2900 εἰκόνι
1508 2862 1603 2899 σου
1640 2845 1831 2899 τοῦτον
1872 2845 1982 2898 ἐτί-

396 2956 604 3009 μησας,
636 2939 731 2990 καὶ
756 2941 934 3006 μέγαν
964 2941 1061 2992 καὶ
1105 2940 1287 3010 τίμιον
1308 2938 1600 3009 ἐποίησας.
1633 2939 1728 2992 Διὸ
1761 2938 1838 3010 μὴ
1872 2954 1982 2991 πα-

394 3032 547 3103 ρίδῃς
572 3032 721 3100 ἡμᾶς
751 3029 955 3094 ἀθλίως
1000 3031 1434 3102 ἀπολλυμένους.

2095 548 2265 586 I'lCllS.

2164 624 2331 680 Vens.
2359 624 2450 680 46.
2483 621 2536 675 Μ
2546 620 2775 675 inorain
2807 619 2918 672 dies
2967 618 3215 687 temporis
3258 617 3396 684 ejus.
3431 613 3672 683 Tempus

2093 716 2346 787 intelligit
2379 716 2708 786 promissum
2743 710 2940 768 semini
2994 708 3164 764 David
3193 753 3206 773 ,
3265 709 3410 779 quod
3457 709 3671 761 scilicet

2090 811 2336 866 futurum
2363 826 2486 865 esse
2515 809 2729 862 dixerat
2761 805 2816 860 in
2870 803 3136 859 sarculum
3183 802 3390 857 surculi.
3426 799 3670 854 Minuiin

2088 914 2270 959 autem
2303 902 2461 966 illud.
2497 902 2602 956 hoc
2636 907 2722 956 est
2752 898 3069 963 concidisti,
3113 897 3333 952 tametsi
3355 893 3671 949 diuturnius

2091 997 2143 1051 id
2182 995 2299 1050 fore
2338 994 2700 1064 promiseras.

2162 1089 2458 1158 Pcrfndisti
2491 1103 2610 1143 eum
2645 1085 2975 1157 confusione.
3007 1082 3084 1138 Ea
3115 1097 3354 1150 namque
3398 1096 3522 1151 qua:
3573 1095 3670 1148 po—

2087 1181 2251 1237 steris
2283 1182 2485 1250 probro
2534 1188 2704 1244 sunt,
2753 1178 2886 1249 ipsis
2943 1190 3168 1246 quoque
3224 1171 3668 1244 progenitoribus

2089 1278 2345 1332 videntur
2413 1272 2769 1344 ignominiam
2819 1269 3105 1341 inﬂigere;
3140 1269 3439 1340 ignominia
3481 1275 3667 1321 autem

2086 1372 2268 1427 οπεοιὶ
2303 1377 2434 1427 sunt
2462 1369 2533 1424 ob
2573 1368 2968 1436 captivitatem,
3003 1374 3056 1421 et
3084 1365 3156 1422 ob
3190 1363 3358 1420 multa
3418 1364 3522 1417 alia
3572 1362 3667 1415 dco

2086 1467 2286 1520 decora
2313 1479 2436 1534 quae
2468 1462 2611 1534 passi
2646 1469 2800 1516 sunt.

2158 1557 2325 1613 Vens.
2357 1559 2447 1613 47.
2484 1555 2778 1626 Usquequo,
2814 1553 3057 1616 Domine,
3094 1553 3346 1606 averteris
3373 1551 3426 1602 in
3449 1551 3608 1619 finem
3644 1551 3670 1603 7

2085 1655 2392 1707 exardescet
2423 1652 2558 1704 sicut
2590 1651 2722 1719 ignis
2748 1650 2835 1703 ira
2871 1659 2958 1700 tua
2985 1646 3151 1700 ?H'.cc
3169 1647 3330 1702 verba
3363 1645 3432 1701 iis
3464 1644 3664 1699 similia

2087 1754 2238 1808 sunt,
2270 1759 2391 1813 quae
2423 1744 2694 1797 habentur
2731 1743 2784 1794 in
2816 1742 3275 1810 psalnmuxvtu,
3306 1739 3378 1792 ibi
3416 1755 3429 1791 :
3469 1736 3669 1807 Usque-

2079 1854 2183 1909 quo
2210 1876 2223 1899 ,
2258 1836 2480 1888 Domine
2509 1875 2522 1898 ,
2554 1834 2804 1888 irasceris
2850 1835 2902 1886 in
2932 1834 3088 1901 ﬁnem
3110 1834 3135 1884 ?
3171 1830 3486 1886 exardescet
3531 1829 3669 1883 velut

2081 1933 2218 2004 ignis
2250 1930 2392 1984 zelus
2425 1930 2595 1982 tuus?

2155 2021 2321 2076 Vens.
2348 2019 2436 2074 48.
2464 2021 2664 2074 Memor
2693 2027 2802 2074 esto
2827 2059 2841 2081 ,
2875 2032 2992 2087 qum
3016 2032 3131 2069 mea
3157 2014 3523 2070 subsistentia.
3563 2013 3669 2066 Me-

2083 2127 2265 2168 mento
2295 2128 2465 2182 quare
2511 2126 2610 2181 ego
2653 2111 3000 2166 substiterint
3033 2151 3046 2172 ,
3087 2109 3190 2162 hoc
3230 2118 3314 2162 est
3339 2148 3352 2169 .
3412 2122 3511 2160 cur
3553 2108 3667 2176 pla-

2082 2212 2294 2259 smatus
2320 2205 2538 2259 luerim.
2565 2202 2636 2257 Ea
2668 2213 2848 2257 autem
2868 2218 3117 2272 prorsus,
3138 2200 3292 2266 dicit,
3321 2215 3486 2254 causa
3512 2214 3668 2254 rreao

2083 2304 2174 2351 tus
2199 2311 2318 2352 sum
2351 2304 2409 2349 ut
2440 2297 2626 2351 Vivens
2659 2297 2933 2367 magnalia
2966 2306 3058 2350 tua
3086 2295 3474 2365 glorilicarem.
3504 2293 3669 2360 Eripe

2083 2388 2272 2459 igitur,
2303 2403 2533 2458 quaeso,
2571 2405 2657 2442 me
2683 2403 2711 2440 a
2756 2401 2930 2444 morte
2961 2407 2976 2455 ;
3033 2403 3208 2459 neque
3258 2389 3409 2441 enim
3459 2383 3664 2440 mortui

2083 2480 2387 2535 laudabunt
2428 2490 2502 2545 te,
2540 2481 2789 2535 Domine.

2157 2569 2277 2624 Non
2313 2571 2452 2625 enim
2479 2586 2606 2624 rane
2629 2571 2827 2624 creasti
2857 2587 3033 2624 omnes
3060 2570 3199 2639 ﬁlias
3231 2570 3524 2623 hominum.
3544 2568 3664 2622 Non

2086 2664 2289 2719 {rustra
2341 2679 2442 2719 ncc
2489 2663 2608 2718 sine
2658 2678 2827 2719 causa
2882 2666 3159 2719 hominem
3213 2662 3542 2733 plasmasti,
3606 2667 3668 2713 ut

2084 2758 2298 2812 inutilis
2345 2771 2408 2809 ac
2442 2756 2732 2825 superﬂuae
2782 2757 3093 2826 cujuspiam
3147 2757 3223 2811 rei
3272 2756 3449 2811 instar
3489 2754 3667 2824 perire

2084 2849 2321 2915 debeat;
2379 2849 2631 2918 quinimo
2685 2849 2923 2912 imagine
2975 2848 3127 2903 illum
3181 2857 3274 2902 tua
3340 2848 3667 2907 bonorasti.

2086 2956 2455 3010 magnumque
2496 2951 2551 2993 et
2609 2940 2990 2994 houorabilem
3046 2940 3244 2994 fecisti.
3291 2938 3367 2995 Ne
3397 2939 3670 3009 despicias

2087 3035 2254 3104 igitur
2289 3050 2390 3090 nos
2419 3036 2620 3090 misere
2655 3044 2974 3104 pereuntes.

467 3122 565 3188 Τίς
593 3123 765 3177 ἐστιν
784 3122 1118 3190 ἅνθρωπος,
1139 3124 1207 3191 ὃς
1227 3123 1467 3192 ζήσεται
1493 3125 1593 3178 καὶ
1634 3127 1746 3179 οὐκ
1770 3126 1978 3193 ὄψεται

2159 3127 2323 3181 Vens.
2352 3125 2439 3180 49.
2469 3126 2595 3190 Quis
2618 3135 2695 3178 est
2732 3123 2908 3187 homo,
2946 3123 3040 3194 qni
3067 3124 3199 3177 vivet
3226 3166 3241 3189 ,
3269 3131 3318 3177 et
3349 3139 3455 3177 non
3477 3123 3669 3176 videbit

392 3213 701 3277 mirator;
742 3213 998 3280 ῥύσεται
1019 3213 1135 3282 τὴν
1167 3213 1382 3283 ﬂamine
1419 3213 1608 3269 αὑτοῦ
1653 3215 1722 3268 ἐκ
1782 3215 1982 3283 χειρὸς

392 3306 544 3373 ᾅδου
569 3322 587 3370 ;
617 3305 692 3358 Τὸ
719 3305 814 3371 Τίς
851 3304 976 3358 ἀντὶ
1009 3306 1103 3358 τοῦ
1131 3305 1310 3368 οὐδείς
1335 3323 1350 3338 ο
1395 3304 1721 3371 ἐξακούεται
1783 3306 1841 3360 δὲ
1884 3307 1982 3359 καὶ

395 3397 486 3448 ἐπὶ
518 3395 775 3464 δευτέρου
829 3393 1038 3465 στίχου,
1086 3396 1180 3450 τοῦ
1213 3397 1486 3460 deiciatur.
1541 3399 1716 3468 Χεῖρα
1764 3397 1823 3451 δὲ
1852 3398 1980 3468 ᾅδου

394 3489 544 3556 λέγει
595 3488 692 3557 τὴν
759 3488 1114 3559 κατάσχεσιν,
1171 3488 1274 3560 τὴν
1311 3492 1621 3560 τυραννίδα.
1672 3492 1831 3544 Ἐπεὶ
1883 3493 1981 3545 καὶ

397 3579 739 3646 ἀναγκαίως,
801 3580 991 3648 φησιν,
1032 3581 1334 3636 ἀποθανεῖν
1386 3583 1682 3654 μέλλομεν,
1737 3585 1814 3648 ὡς
1847 3586 1978 3656 θνη-

399 3671 500 3740 τὴν
530 3671 793 3742 λαχόντες
826 3672 1015 3742 φύσιν,
1043 3674 1214 3738 ζῶσιν
1242 3676 1375 3746 ἡμῖν
1409 3676 1638 3740 αετάδος
1668 3675 1982 3749 φιλανθρω-

401 3766 554 3830 πίας.

469 4037 594 4094 Ποῦ
625 4041 746 4094 εἰσι
790 4039 861 4094 τὰ
903 4038 1048 4109 enen
1101 4055 1221 4096 σου
1260 4042 1332 4095 τὰ
1381 4041 1624 4112 ἀρχαῖα,
1673 4045 1869 4113 Κύριε,
1945 4049 1983 4101 ιι

2085 3231 2298 3277 mortem
2324 3224 2350 3276 .’
2380 3230 2524 3275 erue:
2569 3237 2784 3273 manum
2817 3235 2970 3273 suam
3003 3219 3066 3271 de
3107 3233 3270 3271 manu
3316 3214 3557 3284 inferni?
3601 3245 3672 3260 σ-

2086 3316 2216 3382 Quis
2248 3316 2432 3384 posuit
2467 3327 2565 3382 pro
2596 3314 2801 3376 nullus,
2836 3321 2890 3367 et
2919 3310 3304 3367 subaudienila
3343 3315 3430 3363 est
3475 3305 3667 3361 eadem

2083 3406 2274 3469 dictio,
2308 3405 2364 3458 in
2405 3403 2650 3458 secundo
2716 3404 3012 3467 versiculo,
3073 3416 3136 3454 ac
3205 3401 3249 3454 si
3275 3384 3548 3477 diceret:
3604 3397 3672 3451 Et

2083 3501 2208 3570 quis
2242 3505 2349 3561 est,
2379 3497 2467 3565 qui
2500 3505 2675 3559 eruet,
2709 3505 2814 3549 etc.
2844 3496 2946 3549 Per
2983 3494 3182 3548 inferni
3239 3508 3369 3547 vero
3422 3505 3673 3554 manum,

2086 3591 2496 3662 possessionem
2554 3599 2606 3643 et
2643 3587 2987 3657 tyrannidem
3029 3588 3223 3640 mortis
3279 3583 3574 3653 intelligit;
3616 3589 3672 3637 et

2085 3685 2342 3757 quoniam
2376 3683 2687 3736 necessario
2722 3681 2964 3734 futurum
2992 3689 3077 3735 est
3099 3721 3115 3743 ,
3143 3688 3201 3732 ut
3229 3677 3534 3732 moriamur
3557 3719 3571 3741 ,
3603 3691 3672 3731 eo

2086 3775 2232 3845 quod
2265 3774 2545 3830 mortalem
2581 3774 2849 3827 habemus
2885 3779 3169 3833 naturam,
3211 3779 3517 3840 opportune
3547 3783 3671 3838 par-

2087 3868 2300 3936 ticipari
2338 3867 2440 3920 sibi
2481 3875 2633 3935 optat
2662 3863 2755 3918 Dei
2807 3862 3243 3918 misericordiam
3303 3862 3358 3916 in
3412 3860 3668 3930 praesenti

2085 3965 2216 4023 vita,
2244 3961 2434 4015 dicens
2465 3978 2477 4011 :

2157 4053 2325 4109 Vens.
2367 4054 2456 4107 50.
2510 4052 2610 4105 Ubi
2653 4060 2777 4104 sunt
2821 4048 3199 4104 misericordia:
3239 4057 3344 4102 tua:
3385 4048 3623 4118 antiqua:
3653 4088 3670 4111 ,

396 4133 640 4202 ὤμοσας
662 4131 744 4197 τῷ
776 4133 956 4186 Δαὸὶδ
981 4133 1053 4187 ἐν
1077 4133 1153 4203 τῇ
1180 4136 1432 4202 ἀληθείᾳ
1463 4153 1606 4204 σου;
1647 4140 1804 4210 Ἐλέη
1830 4141 1980 4194 καλεῖ

2088 4145 2330 4206 Domine.
2361 4161 2492 4214 quas
2533 4143 2726 4211 iurasti
2764 4140 2932 4193 David
2978 4141 3035 4193 in
3087 4141 3308 4194 veritate
3374 4139 3506 4192 tua?
3570 4137 3674 4194 Per

397 4227 499 4288 τὰς
538 4224 874 4294 ἐπαγγελίας
913 4226 1015 4286 τὰς
1068 4227 1200 4296 περὶ
1243 4227 1339 4280 τοῦ
1371 4229 1689 4299 σπέρματος
1732 4233 1829 4285 καὶ
1881 4233 1982 4302 τῆς

401 4315 690 4385 βασιλείας
721 4315 925 4368 Δαὸἔδο
961 4316 1195 4387 ἐλεήσας
1227 4316 1336 4388 γὰρ
1360 4321 1388 4371 ὁ
1417 4319 1552 4384 Θεὸς
1587 4322 1717 4385 τοὺς
1771 4323 1983 4395 ἀνθρὼ-

400 4423 558 4472 πους,
617 4405 819 4470 ταύτας
853 4408 1144 4478 ὑπέσχετο.
1198 4408 1434 4480 Ἀρχατα
1480 4411 1539 4464 δὲ
1577 4412 1714 4482 πρὸς
1750 4414 1841 4468 τὸν
1867 4415 1983 4468 ίκεο

2092 4239 2526 4301 misericordias,
2559 4237 2956 4306 promissiones
2982 4235 3234 4304 intelligit
3287 4250 3318 4288 a
3352 4234 3460 4289 Deo
3500 4232 3674 4289 factas

2090 4332 2158 4385 ile
2183 4330 2394 4385 semine
2425 4336 2480 4382 et
2512 4328 2580 4382 (lc
2621 4343 2788 4395 regno
2832 4324 3025 4379 David.
3074 4324 3300 4379 Summa
3346 4325 3492 4379 enim
3544 4339 3672 4395 erga

2089 4423 2346 4478 homines
2374 4420 2756 4477 misericordia
2791 4430 2972 4473 motus
3012 4418 3191 4473 fuerat
3224 4417 3366 4474 Deus
3392 4455 3408 4481 ,
3459 4424 3519 4470 ut
3575 4418 3675 4469 bu-

401 4502 632 4554 τεὺοντα
705 4499 867 4554 λαόν·
898 4491 961 4552 οὗ
1023 4499 1242 4564 πολλοῖς
1304 4501 1451 4555 ἔτεσι
1487 4505 1921 4577 προγενέστερος
1955 4509 1980 4560 ὁ

2091 4516 2336 4589 ῇυειιιοιιί
2367 4514 2767 4585 promissiones
2798 4512 3024 4568 iaceret.
3056 4514 3324 4582 Antiquas
3361 4519 3544 4566 autem
3575 4511 3675 4564 bas

399 4593 567 4646 Δασίδ
590 4609 604 4625 ·
643 4591 715 4645 Ἥ
759 4593 985 4663 ἀρχαῖα,
1003 4592 1139 4647 διότι
1160 4595 1265 4666 πρὸ
1280 4596 1391 4649 τῶν
1416 4597 1632 4652 αἰώνων
1658 4598 1980 4670 ὡρίσθησαν

402 4686 481 4756 τῷ
508 4685 629 4755 Θεῷ
649 4704 662 4719 ·
694 4687 828 4756 φησὶ
853 4687 964 4758 γὰρ
1000 4687 1244 4751 Παῦλοςο
1284 4689 1354 4744 Τὸ
1377 4689 1719 4758 μυστήριον
1749 4693 1815 4746 τὸ
1833 4693 1985 4747 ἁπο-

403 4779 820 4848 κεκρυμμέγον
858 4780 974 4849 πρὸ
1006 4779 1130 4833 τῶν
1154 4781 1407 4836 αἰώνων.
1454 4782 1686 4846 Ἡσαΐας
1709 4786 1765 4838 δὲ
1793 4785 1988 4858 βουλὴν

403 4871 640 4939 ἀρχαίαν
692 4872 958 4942 ἀληθινὴν
1019 4873 1248 4926 ἐκάλεσε
1315 4873 1518 4932 ταῦτα.
1583 4879 1853 4945 Ὠμοσας
1904 4880 1983 4944 δὲ,

406 4961 531 5014 ἀντὶ
579 4962 823 5025 Βεὸαίως
843 4964 1181 5031 ὲπηγγείλω.
1212 4965 1318 5020 Ἐν
1353 4964 1426 5035 τῇ
1455 4968 1710 5036 ἀληθείᾳ
1734 4986 1852 5025 σου
1892 4970 1980 5037 δὲ,

409 5052 534 5106 ἀντὶ
560 5054 677 5119 tu"),
710 5056 801 5109 Ἐν
827 5056 904 5124 τῷ
939 5056 1146 5126 ἀληθὴς
1185 5055 1348 5113 εἶναι.

2096 4609 2490 4682 promissiones
2520 4607 2793 4662 ide0'essc
2817 4607 2974 4670 dicit,
3006 4605 3148 4675 quod
3179 4603 3516 4676 supplicanti
3541 4603 3674 4656 olim

2095 4704 2296 4774 populo
2315 4702 2472 4758 facta:
2491 4699 2708 4756 fuerant
2733 4722 2742 4755 :
2776 4715 2886 4772 quo
2910 4700 3112 4772 populo
3136 4701 3330 4755 beatus
3351 4698 3514 4751 David
3538 4698 3677 4750 mul—

2095 4798 2166 4849 tis
2193 4793 2353 4847 annis
2384 4801 2504 4848 crat
2525 4792 2711 4861 junior
2737 4809 2749 4845 :
2776 4792 2880 4853 vel,
2912 4791 3036 4858 quia
3073 4800 3197 4843 ante
3229 4788 3489 4843 saeculum
3514 4802 3542 4840 a
3567 4785 3678 4841 Deo

2094 4887 2170 4940 ita
2196 4883 2622 4939 determinatum
2657 4885 2858 4947 fuerat,
2890 4892 2947 4936 nt
2976 4883 3049 4936 ait
3081 4881 3284 4934 Paulus
3336 4881 3407 4932 de
3461 4877 3674 4932 Christi

2098 4978 2361 5045 mysterio
2391 4976 2458 5040 ",
2487 4976 2873 5028 absconditum
2929 4974 3186 5041 inquiens
3232 4970 3404 5025 fuisse
3453 4969 3506 5023 id
3556 4985 3674 5039 my-

2098 5070 2328 5122 slcrium
2367 5078 2492 5122 ante
2525 5070 2748 5123 saecula.
2776 5069 2948 5122 Isaias
2984 5069 3147 5120 etiam
3181 5066 3278 5120 bas
3309 5066 3398 5118 Dei
3459 5063 3677 5117 miseri—

410 5143 629 5199 cordias
645 5145 931 5215 antiquum
975 5156 1028 5201 ct
1046 5162 1233 5202 verum
1266 5150 1558 5206 consilium
1582 5154 1966 5224 appellavit".
2006 5155 2222 5212 Iurasti
2256 5171 2466 5227 autem,
2503 5161 2608 5216 hoc
2672 5169 2755 5215 est
2781 5201 2796 5220 ,
2867 5161 3197 5213 Constanter
3249 5159 3522 5229 pollicitus
3569 5171 3629 5210 es
3655 5197 3672 5213 .

413 5237 480 5291 In
519 5239 739 5292 veritate
766 5249 878 5301 tua.
907 5241 1010 5294 hoc
1039 5251 1141 5301 est,
1175 5240 1313 5307 Quia
1347 5259 1509 5298 verax
1555 5261 1638 5300 es.

482 5330 819 5398 Μνήσθητι.
851 5333 1045 5400 Κύριε,
1066 5334 1173 5386 τοῦ
1220 5336 1568 5406 ὀνειδισμοῡ
1600 5337 1718 5392 τῶν
1750 5339 1987 5394 δούλων

413 5442 550 5488 σου,
615 5419 688 5478 οὗ
748 5424 1034 5492 ὑπέσχον
1088 5426 1255 5491 ἐντῷ
1306 5431 1514 5492 κόλπῳ
1561 5448 1682 5498 μου
1735 5431 1988 5485 πολλῶν

2174 5345 2330 5398 Vens.
2350 5345 2439 5400 51.
2462 5342 2666 5397 Memor
2693 5351 2825 5405 esto,
2852 5340 3086 5400 Domine,
3108 5338 3379 5404 opprobrii
3406 5353 3672 5390 servorum

2096 5447 2307 5489 tuorum
2335 5479 2348 5498 ,
2377 5439 2512 5506 quod
2551 5436 2784 5488 continui
2818 5437 2868 5485 in
2898 5434 3019 5486 sinu
3054 5449 3165 5484 meo
3219 5434 3508 5484 multarum
3544 5446 3673 5501 geu-

411 5513 833 5571 ἐ·ι)ι·ῶν.--τῶν
849 5516 1086 5570 δούλων
1103 5535 1241 5582 σου,
1272 5521 1380 5571 τῶν
1408 5520 1696 5590 Ἐϐραίων,
1715 5524 1809 5578 τοῦ
1840 5525 1980 5595 παρὰ

2094 5532 2248 5582 tium.
2285 5560 2348 5568 -
2377 5530 2655 5583 Servor-um
2703 5537 2913 5580 tuorum
2939 5568 2954 5590 ,
3019 5525 3370 5578 llobra-orum
3431 5522 3670 5585 scilicet,

415 5609 628 5662 πολλῶν
649 5608 818 5661 ἐθνῶν
836 5609 986 5679 παρά
1008 5610 1184 5664 τετῶν
1204 5612 1757 5684 αἰχμαλωτισθέντων
1771 5617 1866 5671 καὶ
1882 5618 1980 5673 τῶι

2095 5621 2242 5690 quod
2275 5624 2631 5692 opprobrium
2668 5637 2696 5674 a
2722 5622 2910 5677 multis
2942 5619 3199 5690 gentibus
3233 5616 3469 5673 sustinui
3499 5655 3513 5679 ,
3545 5629 3668 5682 qua:

494 5789 536 5820 "
571 5788 786 5845 Coloss.
820 5806 858 5855 ι,
890 5790 980 5844 26.
1060 5791 1104 5822 ⁷⁸
1141 5788 1245 5844 lsa.
1287 5804 1434 5858 τινι,
1469 5791 1554 5847 10.
