4194 6302
504 281 607 342 927

1729 289 2114 352 EUTIIYMH
2152 291 2516 352 ZIGABENI

3645 278 3765 342 928

501 396 781 452 obsidioni
821 405 876 453 et
905 401 1206 468 captivitati
1245 402 1635 458 interfuerunt.
1672 402 1924 458 Sustinui
1982 419 2079 458 au-

2194 403 2483 475 περιοίκων
2512 403 2704 468 ἐθνῶν,
2734 405 2918 457 ὅντινα
2945 400 3254 470 ὀνειδισμὸν
3279 397 3539 470 ὑπέσχον,
3573 397 3764 449 εῐτουν

504 496 636 552 tem,
675 487 776 542 hoc
809 499 916 553 est,
950 493 1157 559 gestavi
1207 493 1262 547 in
1299 494 1467 549 corde
1511 509 1655 548 meo.
1691 493 1882 562 Aquila
1928 494 2074 549 enim

506 577 628 631 Tuli
652 622 667 646 ,
699 590 752 634 et
787 579 1191 651 Symmachus,
1224 584 1438 639 Gestavi
1462 623 1476 647 ,
1530 583 1928 648 reddiderunt,
1977 599 2077 655 pro

507 669 768 726 Sustinui.
799 672 901 728 Per
935 675 1117 728 sinum
1161 690 1289 730 vero
1316 676 1495 744 ipsum
1529 692 1625 730 cor
1649 677 1922 745 intelligit,
1947 677 2073 745 quia

505 763 560 814 in
593 778 657 817 eo
689 765 930 818 laetitiam
963 774 1056 819 aut
1091 767 1334 822 dolorem
1385 769 1549 823 veluti
1578 766 1632 820 in
1654 769 1776 823 sinu
1834 767 2072 837 quodam

505 855 848 925 reponimus.

2180 495 2458 550 ἐϐάστασα
2509 497 2568 549 ἐν
2615 499 2681 566 τῇ
2735 496 2933 567 καρδία
2972 511 3073 563 μου
3097 507 3113 523 ⁶
3145 494 3206 546 τὸ
3269 490 3546 558 ὑπέσχον
3585 490 3693 559 γὰρ
3727 490 3764 540 ὁ

2185 581 2284 650 μὲν
2352 581 2582 646 Ἀκύλας
2637 581 2811 650 Ἦρα,
2878 586 2907 636 ὁ
2963 582 3019 636 δὲ
3065 581 3361 652 Σύμμαχος
3412 578 3767 633 Ἐϐἀστασα

2182 670 2538 726 ἐκδεδώκασι.
2601 672 2818 726 Κόλπον
2863 671 2922 724 δὲ
2978 668 3099 724 εἷπε
3149 671 3249 742 τὴν
3285 669 3541 740 καρδίαν,
3580 668 3662 720 ὃτι
3692 669 3763 719 ἐν

2181 762 2353 832 ταύτῃ
2381 763 2583 817 κόλπου
2614 762 2771 833 δίκην
2803 765 3016 825 καὶτὰς
3046 765 3223 826 λύπας
3259 762 3353 815 καὶ
3397 761 3498 824 τὰς
3557 761 3762 829 εὐφρο-

2184 853 2350 916 σύνας
2395 855 2828 927 θησαυρίζομεν.
2877 857 2955 928 (6)
3012 856 3363 926 Σημειωτέον
3412 854 3469 908 δέ
3511 853 3596 916 τὸ,
3656 849 3758 915 οὗ,

506 953 628 1002 ἀντὶ
677 951 794 1018 τοῦ,
861 953 1284 1023 Ὀντινα.Ι]ρδς
1342 953 1440 1022 τὴν
1465 952 1789 1005 ἀκολουθίαν
1844 952 1954 1020 γὰρ
1997 948 2090 1002 τοῦ
2129 946 2438 1019 ὀνειδισμοῦ
2518 954 2789 1023 ἐπήνεγκε
2849 953 2912 1004 τὸ
2969 948 3066 1015 οὗ,
3097 951 3237 1005 κατὰ
3275 951 3527 1022 Ἀττικὴν
3589 951 3765 1020 συνή-

507 1041 682 1097 θειαν.
706 1045 779 1096 Τὸ
812 1046 944 1099 αὐτὸ
974 1046 1030 1098 δὲ
1063 1047 1156 1099 καὶ
1190 1048 1248 1100 ὲν
1286 1049 1396 1106 τοῖς
1423 1047 1618 1118 ἐφεξῆς
1678 1047 1803 1100 δυσὶ
1865 1044 2136 1113 πεποίηκε
2191 1043 2416 1112 στίχοις,
2468 1046 2575 1098 ἀπὸ
2604 1046 2808 1112 κοινοῦ,
2842 1047 2936 1100 καὶ
2972 1046 3066 1099 ἐπὶ
3096 1045 3291 1098 τούτου
3337 1044 3764 1116 λαμϐανομένου

507 1137 597 1189 τοῦ
611 1139 946 1208 Μνήσθητι.

581 1228 858 1286 “113.59.
903 1233 1056 1298 Quod
1099 1234 1544 1300 exprobrauerunt
1595 1235 1796 1290 inimici
1828 1233 1927 1296 tui,
1971 1231 2078 1284 Do-

507 1321 668 1384 mine,
707 1323 845 1391 quod
891 1327 1336 1392 exprobrauerunt
1391 1330 1850 1380 commutationem
1896 1326 2083 1378 Christi

509 1415 608 1468 tui.
653 1414 754 1469 Per
799 1417 1062 1471 christum
1115 1420 1326 1473 Domini
1370 1419 1549 1487 ipsum
1603 1419 1858 1487 intelligit
1898 1433 2078 1488 regem

510 1504 700 1569 David,
743 1519 799 1561 ut
841 1511 1092 1578 superius
1146 1511 1494 1565 tradidimus.
1543 1512 1645 1565 Per
1692 1512 2080 1564 commutatio-

511 1611 633 1648 nem
665 1613 794 1651 vcro
823 1601 997 1666 ipsius
1047 1603 1235 1656 Christi
1269 1618 1364 1658 seu
1403 1603 1593 1668 David,
1631 1603 1953 1658 Jechoniam
1993 1604 2079 1657 in-

511 1687 723 1757 telligit,
754 1698 847 1743 aut
898 1690 1217 1760 Sedeciam,
1278 1696 1369 1763 qui
1422 1695 1542 1748 loco
1601 1696 1775 1764 ipsius
1815 1695 1980 1748 David
2026 1697 2081 1748 in

2253 1225 2334 1284 Οὗ
2348 1227 2671 1281 ὠνείδισὰν
2691 1243 2764 1281 σε
2777 1231 2829 1281 ot
2850 1227 3051 1296 ἐχθροί
3067 1240 3205 1290 σου,
3225 1225 3420 1293 Κύριε.
3442 1219 3513 1278 οὗ
3531 1223 3762 1276 ὠνειδι-

2186 1333 2307 1371 dav
2328 1319 2394 1372 τὸ
2423 1319 2815 1387 ἀντάλλαγμα
2840 1317 2946 1372 τοῦ
2964 1316 3216 1387 χριστοῦ
3237 1332 3374 1370 σου.
3399 1314 3632 1385 Χριστὸν
3658 1314 3764 1382 μὲν

2187 1411 2322 1465 Θεοῦ
2367 1411 2459 1463 τὸν
2496 1411 2721 1479 βασιλέα
2755 1412 2888 1480 φησὶ
2934 1409 3116 1470 Δαὸὶδ,
3150 1410 3226 1471 ὼς
3271 1409 3528 1478 ἀνωτέρω
3550 1406 3760 1473 διείλη·

2189 1520 2322 1554 πται
2357 1502 2780 1571 ’Ἀντάλλαγμα
2839 1501 2896 1554 δέ
2939 1499 3036 1553 τοῦ
3105 1500 3268 1552 Δαὸὶδ
3342 1499 3431 1561 τὸν
3470 1499 3760 1566 Ἰεχονίαν,

2188 1595 2222 1663 ἦ
2247 1595 2337 1646 τὸν
2368 1594 2651 1654 Σεδεκίαν,
2679 1594 2753 1655 ὡς
2777 1592 2892 1648 ἀντ’
2932 1593 3141 1645 ἐκείνου
3171 1590 3588 1660 βασιλεύσαντες
3610 1631 3624 1653 ,
3679 1583 3762 1650 οἷς

2194 1685 2287 1736 καὶ
2315 1682 2592 1748 ὠνείδιζον
2622 1683 2722 1754 τὴν
2755 1682 3156 1752 αἰχμαλωσίαν.
3201 1680 3260 1733 Ὀ
3283 1679 3340 1733 δὲ
3360 1679 3766 1744 διπλασιασμὸς

513 1780 717 1848 populo
745 1795 1138 1851 regnaverunt,
1168 1787 1370 1855 quibus
1408 1787 1687 1858 Babylonii
1713 1789 2081 1856 captivitatem

2194 1778 2281 1832 τοῦ
2317 1779 2660 1833 ὀνείδισαν
2721 1775 3056 1846 ἐμφαντικὸς
3099 1771 3308 1835 πάθους
3352 1770 3520 1824 ἐστίν.

511 1872 938 1939 exprobrabant.
975 1876 1247 1946 Repetitio
1278 1889 1459 1932 autem
1495 1879 1643 1934 verbi
1675 1922 1687 1944 ,
1730 1879 2097 1946 Exprobrave-

511 1974 658 2026 runt,
690 1967 1088 2021 vehementiam
1121 1969 1331 2023 indicat
1363 1971 1589 2025 doloris.

585 2056 744 2110 Vens.
778 2058 866 2112 55.
926 2060 1236 2114 Benedictus
1273 2061 1529 2116 Dominus
1578 2066 1628 2115 in
1659 2064 1911 2116 arculum
1948 2080 1964 2115 :
1994 2066 2090 2133 fiat

512 2149 630 2214 ﬁat.
670 2148 834 2204 Docet
866 2150 1131 2216 Propheta
1163 2153 1219 2207 in
1255 2154 1360 2207 ﬁne
1417 2156 1607 2224 psalmi
1663 2173 1731 2210 ne
1772 2158 1913 2211 inter
1964 2157 2093 2212 allii-

514 2242 726 2296 etiones
763 2242 951 2297 animo
978 2254 1402 2300 consternemur
1435 2287 1449 2310 ,
1506 2251 1744 2304 suadens
1791 2250 2090 2318 rogandum

517 2331 686 2385 Deum
719 2348 863 2400 esse,
893 2345 947 2389 et
972 2336 1122 2390 illius
1156 2338 1626 2392 reminiscendoin
1678 2340 2035 2410 benignitatis
2077 2360 2089 2395 :

516 2431 571 2475 et
601 2433 878 2491 postremo
911 2426 1073 2478 etiam
1103 2428 1354 2481 eumdem
1392 2442 1512 2482 esse
1542 2430 1896 2496 laudandum,
1925 2431 2090 2484 veluti

516 2514 609 2581 qui
635 2526 821 2570 nostra
857 2519 1038 2571 omnia
1076 2530 1222 2572 reetc
1267 2519 1626 2574 administret
1681 2529 1733 2574 et
1783 2522 1984 2592 dirigat
2026 2521 2092 2575 ad

517 2606 754 2659 utiliora.
781 2605 1095 2664 Laudabilis
1122 2613 1311 2680 igitur,
1336 2610 1539 2680 inquit,
1567 2628 1781 2677 semper
1806 2623 1887 2666 est
1912 2613 2089 2676 Deus;

519 2700 635 2764 ﬂat,
666 2697 757 2753 ﬂat
785 2702 1093 2758 laudabilis.
1125 2702 1240 2769 Vel,
1267 2705 1378 2766 ﬂat,
1408 2706 1497 2756 tiat
1522 2721 1735 2774 semper
1754 2706 1872 2774 ejus
1905 2707 2095 2760 volun-

518 2801 625 2848 tas.
652 2792 730 2846 Ad
756 2807 817 2846 ea
857 2795 1001 2848 enim
1037 2810 1252 2864 semper
1277 2795 1552 2866 dirigitur,
1578 2812 1699 2867 quae
1731 2797 1893 2852 nobis
1927 2799 2097 2868 magis

519 2883 857 2939 conducunt.

837 2975 1020 3032 Oratio
1053 2978 1155 3043 ipsi
1195 2979 1369 3047 Moysi
1411 2979 1613 3032 homini
1661 2979 1776 3033 Dei.

984 3069 1316 3126 PSALMUS
1344 3070 1628 3127 LXXXIX.

2259 2048 2606 2117 Εὐλογητὸς
2637 2049 2852 2114 Κύριος
2876 2046 2965 2110 εις
3001 2042 3109 2097 τὸν
3132 2039 3341 2096 αίῶνα·
3380 2040 3633 2110 γένοιτο.
3671 2040 3770 2110 γέ-

2193 2160 2380 2199 νοιτο.
2416 2142 2510 2205 Et;
2546 2141 2776 2202 τὸτέλος
2804 2138 2900 2192 τοῦ
2922 2135 3138 2207 ψαλμοῦ
3182 2136 3425 2190 διδάσκει
3449 2135 3526 2203 μὴ
3561 2134 3772 2186 ἀποδυο

2196 2237 2416 2289 σπετεῖν
2451 2237 2508 2288 ἐν
2534 2237 2652 2296 ταῖς
2669 2232 2938 2301 θλίψεσιν,
2959 2230 3097 2284 ἀλλὰ
3119 2227 3457 2297 παρακαλεῖν
3478 2226 3570 2279 τὸν
3601 2225 3734 2277 Θεόν
3753 2241 3766 2254 ·

2195 2326 2292 2378 καὶ
2322 2324 2732 2392 ἀναμιμνήσκει
2770 2318 2934 2374 αὐτὸν
2955 2320 3054 2388 τῆς
3077 2317 3240 2372 αὐτοῦ
3259 2318 3647 2386 χρηστότητος·
3675 2315 3772 2366 καὶ

2194 2418 2348 2479 τέλος
2386 2416 2651 2484 εὐφημεῖν
2680 2413 2842 2467 αὐτὸν
2876 2412 2952 2465 ὡς
2984 2412 3159 2464 πάντα
3184 2410 3253 2463 τὰ
3288 2408 3409 2462 καθ’
3445 2408 3589 2478 ἡμᾶς
3619 2409 3774 2460 οἰκο-

2196 2509 2466 2578 νομοῦντα
2493 2508 2629 2574 πρὸς
2673 2507 2734 2559 τὸ
2766 2505 3068 2574 συμφέρον.
3123 2501 3473 2571 Εὐφημητὸς,
3525 2500 3712 2568 φησὶν,
3745 2502 3776 2551 ὁ

2196 2601 2327 2660 Θεὸς
2381 2599 2467 2652 ἀεί
2497 2599 2724 2666 γένοιτο,
2775 2597 2983 2662 γένοιτο
3029 2592 3462 2664 εὐφημητός.“Η
3531 2592 3771 2658 γένοιτο,

2198 2695 2430 2761 γένοιτο,
2464 2691 2565 2742 ὅσα
2600 2688 2850 2759 βούλεται
2876 2703 2890 2718 ο
2930 2685 3182 2757 βούλεται
3235 2685 3313 2750 δὲ,
3360 2685 3462 2737 ὅσα
3498 2684 3774 2754 συμφέρει

2198 2790 2311 2850 τοῖς
2348 2785 2445 2843 ἀνθ
2455 2786 2677 2856 ρώποις.

2344 2963 2662 3037 Προσευχὴ
2711 2960 2958 3021 Μωῠσεῒ
2998 2957 3289 3031 ἀνθρώπῷ
3322 2954 3428 3014 τοῦ
3459 2955 3628 3013 Θεοῦ.

2730 3057 3025 3110 ΨΑΛΜΟΣ
3079 3055 3170 3107 ΙΙΘ
3191 3091 3207 3105 .

597 3158 670 3212 De
708 3162 809 3216 hac
837 3163 1196 3231 inscriptione
1225 3164 1464 3218 diximus
1491 3164 1542 3217 in
1582 3180 1847 3233 procem.o
1890 3168 2095 3236 Operis.

2275 3154 2383 3208 Kal.
2413 3153 2542 3223 περὶ
2587 3152 2790 3220 ταύτης
2822 3150 2923 3219 τῆς
2951 3145 3270 3216 ἐπιγραφῆς
3307 3145 3366 3197 ἐν
3393 3143 3473 3236 τῷ
3500 3142 3776 3236 προοιμίῳ

520 3253 796 3308 Docemur
819 3263 998 3308 autem
1031 3256 1133 3308 hoc
1171 3256 1417 3320 psalmo,
1467 3272 1578 3326 quo
1630 3267 1791 3325 pacto
1852 3261 1904 3312 in
1954 3259 2099 3314 alni-

524 3345 722 3400 ctionis
751 3353 816 3399 ει·
837 3346 1206 3401 calamitatum
1246 3355 1489 3418 tempore
1536 3363 1730 3419 rogare
1787 3352 1954 3406 Deum
1999 3354 2096 3407 de-

526 3435 771 3490 beamus.

596 3521 763 3583 Vtzns.
807 3531 856 3583 1.
887 3529 1126 3594 Domine,
1151 3533 1410 3600 refugium
1443 3532 1615 3601 factus
1656 3551 1708 3587 es
1746 3535 1893 3588 nobis
1925 3537 1977 3588 in
2012 3553 2101 3605 ge-

525 3621 793 3672 neratione
821 3633 869 3673 et
903 3626 1255 3690 generatione.
1297 3625 1408 3678 lloc
1435 3636 1517 3679 est
1543 3662 1557 3686 ,
1602 3625 1661 3677 In
1693 3628 1841 3680 omni
1871 3642 2101 3698 genera-

527 3714 695 3765 tione.
727 3714 802 3765 lta
835 3714 981 3766 enim
1019 3716 1255 3769 reddidit
1287 3716 1672 3786 Symmachus.

598 3799 762 3857 Vens.
795 3806 848 3858 2.
884 3808 1205 3875 Priusquam
1249 3817 1444 3861 montes
1473 3810 1678 3877 ﬁerent,
1711 3820 1758 3862 et
1808 3810 2104 3879 plasmare-

527 3905 614 3946 tur
637 3905 774 3947 terra
801 3939 817 3960 ,
862 3908 910 3950 et
962 3900 1102 3952 orbis
1131 3939 1145 3961 ,
1181 3916 1214 3951 α
1245 3903 1439 3954 δατιιιο
1477 3911 1526 3954 et
1557 3919 1718 3968 usque
1759 3904 1810 3955 in
1852 3905 2103 3957 swcnlum

2203 3249 2300 3317 τῆς
2331 3246 2608 3320 παρούσης
2645 3243 2833 3312 βίϐλου
2873 3239 3323 3310 προδιελὰσομεν.
3365 3235 3615 3288 Διδάσκει
3650 3233 3706 3285 δὲ
3745 3234 3777 3283 ὁ

2202 3342 2418 3412 ψαλμὸς
2492 3340 2608 3402 πῶς
2657 3339 2739 3392 δεῖ
2780 3334 3121 3405 παρακαλεῖν
3164 3332 3256 3384 τὸν
3301 3328 3435 3382 Θεὸν
3493 3329 3552 3379 ἐν
3601 3324 3780 3393 καιρῷ

2205 3436 2459 3506 θλίψεως.

2278 3531 2476 3596 Κύριε,
2515 3521 2833 3594 καταφυγὴ
2868 3520 3157 3592 ἐγενήθης
3189 3519 3336 3589 ἡμῖν
3372 3518 3444 3573 ἐν
3477 3518 3652 3587 γενεᾷ
3681 3517 3777 3570 καὶ

2205 3620 2406 3693 γενεᾷ.
2427 3650 2498 3661 -
2546 3621 2651 3672 Ἑν
2682 3614 2859 3686 γενεᾷ
2886 3615 2986 3670 καί
3011 3610 3209 3682 γενεᾷ,
3237 3612 3360 3665 ἀντὶ
3377 3611 3472 3665 τοῦ
3510 3612 3600 3664 Ἐν
3631 3611 3778 3681 πάσῃ

2207 3716 2390 3785 γενεᾷ.
2436 3712 2595 3766 Οὕτω
2618 3710 2728 3780 γὰρ
2766 3710 2862 3761 καὶ
2891 3709 2919 3758 ὁ
2953 3706 3250 3776 Σύμμαχος
3290 3704 3540 3769 ἐξέδωκε.

2280 3807 2400 3876 Πρὸ
2448 3806 2556 3859 τοῦ
2613 3803 2720 3870 ὄρη
2767 3800 3088 3868 γενηθῆναι
3127 3798 3226 3851 καὶ
3271 3795 3619 3862 πλασθῆναι
3667 3794 3782 3860 τὴν

2209 3898 2342 3968 γῆν,
2399 3898 2496 3950 καί
2534 3897 2644 3961 τὴν
2683 3891 3064 3959 οἰκουμένην,
3110 3889 3227 3942 ἀπὸ
3271 3887 3375 3941 τοῦ
3422 3886 3638 3951 αἰῶνος
3680 3885 3778 3938 καὶ

531 3994 584 4036 ιιι
618 4002 691 4038 es.
725 3987 803 4039 Tn
839 3989 956 4046 illeo
988 4006 1046 4043 es
1076 3992 1230 4042 nobis
1256 3993 1528 4061 refugium
1558 3995 1609 4045 in
1667 3996 1815 4046 omni
1875 4012 2097 4063 genera-

2207 3989 2315 4053 ἕως
2367 3988 2474 4041 τοῦ
2518 3985 2734 4049 αἰῶνος
2764 3981 2846 4036 σὺ
2872 3977 2944 4034 εἴ.
2991 3981 3079 4032 Ἐν
3116 3979 3264 4048 πάσῃ
3295 3978 3458 4047 γενεᾷ
3491 3977 3780 4043 καταφυγὴ

528 4079 693 4138 tione,
730 4083 852 4145 quia
886 4098 1099 4149 semper
1136 4093 1188 4135 tu
1223 4100 1304 4144 es,
1333 4086 1499 4137 etiam
1526 4097 1653 4140 ante
1686 4089 1978 4149 montium.
2009 4100 2104 4145 aut

530 4181 723 4233 term,
770 4184 863 4223 aut
915 4174 1088 4229 totius
1140 4190 1367 4243 prorsus
1421 4176 1571 4231 orbis
1630 4182 1988 4234 creationem.
2039 4182 2105 4237 Et

531 4279 654 4315 cum
687 4272 990 4317 creatorem
1029 4266 1194 4319 Deum
1242 4271 1513 4322 creaturis
1567 4271 1823 4324 omnibus
1870 4274 2103 4340 priorem

531 4369 650 4407 i-Sse
676 4355 897 4419 dixerit,
931 4356 1038 4409 alio
1066 4357 1326 4427 deinceps
1359 4359 1521 4413 modo
1552 4363 1802 4414 eumdem
1837 4373 2103 4417 azternum

529 4460 650 4500 esse
681 4447 800 4499 sine
837 4449 1107 4517 principio
1138 4452 1322 4516 tradit,
1358 4461 1411 4506 et
1443 4453 1561 4507 sine
1595 4452 1718 4506 line.
1776 4453 1905 4508 Nam
1956 4456 2102 4524 quod

534 4538 611 4589 ait
640 4552 654 4592 :
686 4535 726 4589 Α
752 4539 946 4591 stu-nlo
980 4548 1029 4592 et
1061 4555 1224 4606 usque
1251 4542 1303 4593 in
1341 4542 1594 4595 sarculum
1620 4551 1673 4594 tu
1707 4558 1784 4607 es,
1821 4543 1962 4596 idem
1999 4545 2102 4598 sibi

535 4627 644 4677 vult
680 4642 742 4678 ac
781 4628 825 4680 si
855 4628 1082 4684 dixisset
1112 4646 1126 4684 :
1159 4631 1241 4684 Ab
1268 4641 1474 4688 αξιοιηο
1507 4649 1682 4702 usque
1736 4634 1788 4686 in
1839 4645 2104 4691 asteruum

535 4732 590 4773 tu
622 4722 771 4775 solus
797 4737 874 4787 es,
907 4734 958 4778 et
999 4741 1103 4780 non
1137 4728 1297 4782 alios.
1338 4728 1612 4783 Saeculum
1645 4730 1791 4783 enim
1825 4747 1924 4799 pro
1959 4731 2108 4787 Sem-

534 4827 630 4879 per
656 4828 749 4866 seu
785 4830 882 4882 pro
912 4815 1141 4870 Aﬂterno
1182 4834 1423 4887 persmpe
1495 4822 1618 4887 poni
1664 4821 1895 4888 legimus
1966 4824 2107 4890 apud

535 4905 896 4975 Scripturam.
928 4908 1102 4963 Verba
1134 4921 1312 4963 autem
1352 4913 1440 4964 illa
1473 4929 1486 4961 :
1521 4910 1841 4980 Priusquam
1900 4927 2104 4967 montes

534 5008 871 5060 crearentur,
918 5010 966 5052 et
993 4999 1350 5066 plasmaretur
1403 5011 1542 5053 terra
1572 5039 1585 5062 ,
1646 5012 1694 5053 ct
1730 5003 1872 5054 orbis
1904 5045 1916 5063 ,
1965 5005 2106 5055 idem

535 5103 686 5156 teque
702 5090 1034 5158 signiﬁcant,
1056 5098 1108 5142 et
1131 5091 1473 5144 iterationem
1499 5092 1782 5144 continent
1815 5095 2107 5152 sermonis.

543 5183 756 5235 tametsi
819 5183 1245 5251 magnitudinem
1299 5184 1590 5253 quamdam
1638 5198 1699 5238 ac
1758 5182 1955 5237 fastum
2001 5202 2112 5255 prce

541 5291 600 5331 se
634 5276 773 5330 ferre
797 5277 963 5329 etiam
997 5277 1301 5331 videantur.

2208 4083 2367 4154 ἡμῶν
2402 4076 2471 4143 εἴ,
2512 4079 2645 4132 διότι
2681 4077 2776 4129 καὶ
2815 4077 2901 4128 ἀεὶ
2951 4068 3020 4127 εἴ.
3057 4072 3168 4142 Πρὸ
3194 4069 3290 4124 τοῦ
3331 4069 3400 4123 τά
3442 4067 3568 4140 ὅρη,
3620 4068 3777 4138 φησὶ,

2210 4175 2497 4245 κτισθῆναι
2531 4171 2620 4225 καὶ
2650 4167 2959 4237 πλασθῆναι
2987 4165 3087 4236 τὴν
3119 4166 3223 4234 γῆν
3259 4162 3351 4216 καὶ
3405 4162 3503 4230 τὴν
3529 4162 3781 4229 οίκουμέ.

2209 4285 2308 4336 νην
2348 4267 2412 4318 σὺ
2439 4261 2506 4317 εἷ.
2541 4262 2783 4332 Προόντα
2822 4259 2879 4311 δὲ
2907 4259 3015 4311 τῶν
3052 4255 3371 4324 κτισμάτων
3404 4253 3494 4305 τὶν
3540 4251 3794 4320 κτίστην-

2211 4360 2406 4422 είπὼν,
2443 4353 2600 4418 αὖθις
2643 4355 2737 4405 καὶ
2787 4351 2962 4411 ἄλλως
3008 4349 3171 4402 αὐτὸν
3204 4345 3353 4412 λέγει
3405 4345 3639 4413 ἄναρχον
3689 4344 3781 4394 καὶ

2209 4452 2582 4520 ἀτελεύτητον.
2616 4448 2689 4499 Τὸ
2718 4447 2846 4514 γὰρ,
2879 4441 3016 4496 Ἀπὸ
3039 4440 3146 4495 τοῦ
3173 4437 3389 4503 αίῶνος
3419 4439 3518 4491 καὶ
3540 4437 3653 4500 ἕως
3677 4436 3780 4490 τοῦ

2207 4543 2425 4608 αἰῶνος
2458 4542 2540 4594 σὺ
2579 4535 2651 4603 εἶ,
2685 4539 2803 4589 ἀντὶ
2838 4533 2956 4600 τοῦ,
2992 4533 3126 4586 Ἀπὸ
3153 4530 3249 4584 τοῦ
3283 4531 3370 4584 ἀεὶ
3409 4531 3503 4581 καὶ
3529 4527 3633 4590 ἓως
3689 4526 3780 4580 τοῦ

2206 4639 2295 4691 ἀεὶ
2348 4637 2412 4690 σὺ
2445 4631 2496 4687 εἷ
2546 4634 2726 4701 μόνος,
2759 4631 2850 4684 καὶ
2879 4628 3053 4689 οὐδεὶς
3109 4627 3316 4696 ἔτερος.
3353 4622 3539 4676 Αίῶνα
3585 4622 3695 4690 γὰρ
3747 4622 3778 4688 ἡ

2207 4727 2400 4796 Γραφὴ
2431 4728 2530 4794 τῆς
2580 4721 2825 4782 Παλαιᾶς
2873 4719 2932 4770 τὸ
2968 4718 3080 4769 Ἀεὶ
3109 4714 3268 4768 καλεῖ
3300 4709 3571 4779 πολλαχοῦ
3606 4727 3620 4741 ο
3654 4725 3781 4762 ταυσ

2208 4817 2426 4884 τολογία
2457 4814 2513 4867 δὲ
2543 4813 2619 4876 τὸ,
2652 4811 2756 4878 ὄρη
2796 4806 3113 4873 κτισθῆναι
3152 4804 3251 4857 καὶ
3283 4799 3632 4865 πλασθῆναι
3669 4799 3782 4863 τὴν

2214 4911 2368 4979 γῆνο
2425 4906 2613 4974 ὥσπερ
2644 4901 2738 4957 οὖν
2770 4902 2931 4954 πάλιν
2961 4900 3058 4953 καὶ
3109 4899 3170 4950 τὸ
3208 4897 3320 4964 Τὴν
3367 4893 3474 4961 γῆν
3537 4894 3628 4945 καὶ
3676 4892 3776 4959 τὴν

2212 5000 2560 5068 οἰκουμένην.
2604 4998 2806 5063 Ὄγκον
2839 4993 2895 5046 δέ
2937 4994 3004 5044 τά
3046 4989 3270 5044 τοιαῦτα
3313 4987 3408 5039 καὶ
3443 4984 3674 5055 μέγεοος
3703 4984 3777 5051 τῷ

2211 5095 2354 5163 λόγῳ
2385 5092 2748 5162 περιτιθέασι.

1904 5459 2103 5519 Variae
2140 5456 2473 5519 lectiones.

623 5602 696 5668 (6)
728 5603 951 5668 Reliqua
992 5603 1243 5658 consulto
1268 5603 1455 5659 omisit
1488 5602 1780 5669 interpres.
1824 5601 1934 5656 Nos
1967 5619 2108 5670 quo-

547 5687 657 5738 que
709 5674 1016 5727 emittimus
1075 5688 1235 5740 quem
1290 5674 1464 5727 secuti
1505 5683 1559 5724 ut
1602 5675 1703 5724 alia
1756 5674 2106 5738 huiusmodi;

556 5757 730 5808 neque
759 5745 901 5796 etum
945 5759 971 5797 α
1003 5743 1204 5799 στεῖραι
1242 5743 1664 5813 linguzeignaris
1705 5745 1927 5814 intelligi
1985 5759 2112 5812 pos--

2219 5611 2366 5657 sunt.
2400 5600 2561 5654 Periti
2593 5613 2721 5653 vero
2755 5613 2863 5650 non
2896 5596 3142 5665 indigent
3171 5590 3562 5663 explicatione,
3603 5596 3656 5645 et
3680 5586 3786 5643 mi-

2220 5678 2434 5729 nutiora
2467 5670 2568 5726 ista
2598 5668 2906 5725 fastidiunt.
