  <div class='ocr_page' id='page_1' title='image "/cluster/home/n/w/nwhite01/storage/ocr_20150623/128/mdp.39015078384263/472.png"; bbox 0 0 4188 6290; ppageno 0'>
   <div class='ocr_carea' id='block_1_1' title="bbox 487 341 590 407">
    <p class='ocr_par' dir='ltr' id='par_1_1' title="bbox 487 341 590 407">
     <span class='ocr_line' id='line_1_1' title="bbox 487 341 590 407; baseline -0.068 -1"><span class='ocrx_word' id='word_1_1' title='bbox 487 341 590 407; x_wconf 75' lang='lat'><strong>919</strong></span> 
     </span>
    </p>
   </div>
   <div class='ocr_carea' id='block_1_2' title="bbox 479 551 2049 628">
    <p class='ocr_par' dir='ltr' id='par_1_2' title="bbox 479 551 2049 628">
     <span class='ocr_line' id='line_1_2' title="bbox 479 551 2049 628; baseline 0.005 -26"><span class='ocrx_word' id='word_1_2' title='bbox 479 551 718 621; x_wconf 50' lang='grc' dir='ltr'><strong>Διάφορα</strong></span> <span class='ocrx_word' id='word_1_3' title='bbox 750 553 867 622; x_wconf 62' lang='grc' dir='ltr'><strong>εἴδη</strong></span> <span class='ocrx_word' id='word_1_4' title='bbox 895 553 1282 618; x_wconf 78' lang='grc' dir='ltr'><strong>ταπεινώσεως</strong></span> <span class='ocrx_word' id='word_1_5' title='bbox 1350 555 1503 623; x_wconf 79' lang='grc' dir='ltr'><strong>παρὰ</strong></span> <span class='ocrx_word' id='word_1_6' title='bbox 1559 558 1625 625; x_wconf 75' lang='grc' dir='ltr'><strong>τῇ</strong></span> <span class='ocrx_word' id='word_1_7' title='bbox 1661 554 1783 627; x_wconf 79' lang='grc' dir='ltr'><strong>θεεᾳ</strong></span> <span class='ocrx_word' id='word_1_8' title='bbox 1834 556 2049 628; x_wconf 65' lang='grc' dir='ltr'><strong>Γραφῇ.</strong></span> 
     </span>
    </p>
   </div>
   <div class='ocr_carea' id='block_1_3' title="bbox 478 643 2051 719">
    <p class='ocr_par' dir='ltr' id='par_1_3' title="bbox 478 643 2051 719">
     <span class='ocr_line' id='line_1_3' title="bbox 478 643 2051 719; baseline 0.004 -23"><span class='ocrx_word' id='word_1_9' title='bbox 478 643 712 711; x_wconf 82' lang='grc' dir='ltr'><strong>Λέγεται</strong></span> <span class='ocrx_word' id='word_1_10' title='bbox 741 646 850 715; x_wconf 75' lang='grc' dir='ltr'><strong>γὰρ</strong></span> <span class='ocrx_word' id='word_1_11' title='bbox 872 646 1203 707; x_wconf 78' lang='grc' dir='ltr'><strong>ταπείνωσις</strong></span> <span class='ocrx_word' id='word_1_12' title='bbox 1228 646 1262 715; x_wconf 73' lang='grc' dir='ltr'><strong>ἡ</strong></span> <span class='ocrx_word' id='word_1_13' title='bbox 1298 646 1734 719; x_wconf 76' lang='grc' dir='ltr'><strong>μετριοφροσύνη</strong></span> <span class='ocrx_word' id='word_1_14' title='bbox 1776 663 1791 678; x_wconf 85' lang='grc'><strong>·</strong></span> <span class='ocrx_word' id='word_1_15' title='bbox 1822 646 2051 702; x_wconf 81' lang='grc' dir='ltr'><strong>Μάθετε</strong></span> 
     </span>
    </p>
   </div>
   <div class='ocr_carea' id='block_1_4' title="bbox 476 736 2053 808">
    <p class='ocr_par' dir='ltr' id='par_1_4' title="bbox 476 736 2053 808">
     <span class='ocr_line' id='line_1_4' title="bbox 476 736 2053 808; baseline 0.004 -20"><span class='ocrx_word' id='word_1_16' title='bbox 476 737 603 804; x_wconf 64' lang='grc' dir='ltr'><strong>γὰρ,</strong></span> <span class='ocrx_word' id='word_1_17' title='bbox 647 736 834 805; x_wconf 69' lang='grc' dir='ltr'><strong>φησιν,</strong></span> <span class='ocrx_word' id='word_1_18' title='bbox 863 737 967 790; x_wconf 76' lang='grc' dir='ltr'><strong>ἀπ’</strong></span> <span class='ocrx_word' id='word_1_19' title='bbox 994 737 1164 805; x_wconf 78' lang='grc' dir='ltr'><strong>ἐμοῦ,</strong></span> <span class='ocrx_word' id='word_1_20' title='bbox 1192 738 1281 791; x_wconf 79' lang='grc' dir='ltr'><strong>ὅτι</strong></span> <span class='ocrx_word' id='word_1_21' title='bbox 1310 736 1497 806; x_wconf 81' lang='grc' dir='ltr'><strong>πρᾶός</strong></span> <span class='ocrx_word' id='word_1_22' title='bbox 1548 740 1664 808; x_wconf 72' lang='grc' dir='ltr'><strong>εἰμι</strong></span> <span class='ocrx_word' id='word_1_23' title='bbox 1714 740 1809 793; x_wconf 78' lang='grc' dir='ltr'><strong>καὶ</strong></span> <span class='ocrx_word' id='word_1_24' title='bbox 1849 756 2053 794; x_wconf 79' lang='grc' dir='ltr'><strong>ταπει-</strong></span> 
     </span>
    </p>
   </div>
   <div class='ocr_carea' id='block_1_5' title="bbox 476 824 2048 901">
    <p class='ocr_par' dir='ltr' id='par_1_5' title="bbox 476 824 2048 901">
     <span class='ocr_line' id='line_1_5' title="bbox 476 824 2048 901; baseline 0.005 -24"><span class='ocrx_word' id='word_1_25' title='bbox 476 826 584 892; x_wconf 70' lang='grc' dir='ltr'><strong>νὸς</strong></span> <span class='ocrx_word' id='word_1_26' title='bbox 613 824 688 894; x_wconf 79' lang='grc' dir='ltr'><strong>τῇ</strong></span> <span class='ocrx_word' id='word_1_27' title='bbox 712 824 925 895; x_wconf 69' lang='grc' dir='ltr'><strong>καρδίᾳ</strong></span> <span class='ocrx_word' id='word_1_28' title='bbox 951 844 963 857; x_wconf 75' lang='grc' dir='ltr'><strong>ο</strong></span> <span class='ocrx_word' id='word_1_29' title='bbox 1007 828 1100 880; x_wconf 74' lang='grc' dir='ltr'><strong>καὶ</strong></span> <span class='ocrx_word' id='word_1_30' title='bbox 1128 829 1156 879; x_wconf 87' lang='grc' dir='ltr'><strong>ὀ</strong></span> <span class='ocrx_word' id='word_1_31' title='bbox 1178 827 1286 881; x_wconf 73' lang='grc' dir='ltr'><strong>ἀπὸ</strong></span> <span class='ocrx_word' id='word_1_32' title='bbox 1309 830 1615 898; x_wconf 73' lang='grc' dir='ltr'><strong>πειρασμοῦ</strong></span> <span class='ocrx_word' id='word_1_33' title='bbox 1644 833 2048 901; x_wconf 81' lang='grc' dir='ltr'><strong>σωφρονισμὸς,</strong></span> 
     </span>
    </p>
   </div>
   <div class='ocr_carea' id='block_1_6' title="bbox 477 918 2052 996">
    <p class='ocr_par' dir='ltr' id='par_1_6' title="bbox 477 918 2052 996">
     <span class='ocr_line' id='line_1_6' title="bbox 477 918 2052 996; baseline 0.005 -29"><span class='ocrx_word' id='word_1_34' title='bbox 477 918 550 979; x_wconf 75' lang='grc' dir='ltr'><strong>ὡς</strong></span> <span class='ocrx_word' id='word_1_35' title='bbox 575 920 657 970; x_wconf 88' lang='grc' dir='ltr'><strong>τό·</strong></span> <span class='ocrx_word' id='word_1_36' title='bbox 708 918 959 989; x_wconf 73' lang='grc' dir='ltr'><strong>Ἀγαθὸν</strong></span> <span class='ocrx_word' id='word_1_37' title='bbox 984 937 1107 989; x_wconf 76' lang='grc' dir='ltr'><strong>μοι,</strong></span> <span class='ocrx_word' id='word_1_38' title='bbox 1159 922 1249 975; x_wconf 85' lang='grc' dir='ltr'><strong>ὅτι</strong></span> <span class='ocrx_word' id='word_1_39' title='bbox 1291 920 1702 989; x_wconf 75' lang='grc' dir='ltr'><strong>ἐταπείνωσάς</strong></span> <span class='ocrx_word' id='word_1_40' title='bbox 1722 939 1801 991; x_wconf 73' lang='grc' dir='ltr'><strong>με</strong></span> <span class='ocrx_word' id='word_1_41' title='bbox 1836 939 1851 955; x_wconf 86' lang='grc'><strong>·</strong></span> <span class='ocrx_word' id='word_1_42' title='bbox 1888 926 1980 977; x_wconf 73' lang='grc' dir='ltr'><strong>καὶ</strong></span> <span class='ocrx_word' id='word_1_43' title='bbox 2019 927 2052 996; x_wconf 79' lang='grc' dir='ltr'>ὴ</span> 
     </span>
    </p>
   </div>
   <div class='ocr_carea' id='block_1_7' title="bbox 478 1008 2053 1085">
    <p class='ocr_par' dir='ltr' id='par_1_7' title="bbox 478 1008 2053 1085">
     <span class='ocr_line' id='line_1_7' title="bbox 478 1008 2053 1085; baseline 0.004 -22"><span class='ocrx_word' id='word_1_44' title='bbox 478 1008 824 1081; x_wconf 74' lang='grc' dir='ltr'><strong>καθαίρεσις,</strong></span> <span class='ocrx_word' id='word_1_45' title='bbox 861 1012 935 1074; x_wconf 72' lang='grc' dir='ltr'><strong>ὡς</strong></span> <span class='ocrx_word' id='word_1_46' title='bbox 964 1011 1028 1064; x_wconf 88' lang='grc' dir='ltr'><strong>τό</strong></span> <span class='ocrx_word' id='word_1_47' title='bbox 1057 1012 1176 1067; x_wconf 74' lang='grc' dir='ltr'><strong>’Σὺ</strong></span> <span class='ocrx_word' id='word_1_48' title='bbox 1215 1012 1646 1079; x_wconf 76' lang='grc' dir='ltr'><strong>ἐταπείνωσας,</strong></span> <span class='ocrx_word' id='word_1_49' title='bbox 1678 1015 1759 1080; x_wconf 82' lang='grc' dir='ltr'><strong>ὡς</strong></span> <span class='ocrx_word' id='word_1_50' title='bbox 1797 1032 2053 1085; x_wconf 72' lang='grc' dir='ltr'><strong>τραυμα-</strong></span> 
     </span>
    </p>
   </div>
   <div class='ocr_carea' id='block_1_8' title="bbox 479 1104 2047 1181">
    <p class='ocr_par' dir='ltr' id='par_1_8' title="bbox 479 1104 2047 1181">
     <span class='ocr_line' id='line_1_8' title="bbox 479 1104 2047 1181; baseline 0.004 -25"><span class='ocrx_word' id='word_1_51' title='bbox 479 1104 636 1165; x_wconf 77' lang='grc' dir='ltr'><strong>τίαν,</strong></span> <span class='ocrx_word' id='word_1_52' title='bbox 666 1105 1063 1175; x_wconf 76' lang='grc' dir='ltr'><strong>ὑπερήφανον</strong></span> <span class='ocrx_word' id='word_1_53' title='bbox 1082 1123 1094 1137; x_wconf 91' lang='grc'><strong>·</strong></span> <span class='ocrx_word' id='word_1_54' title='bbox 1128 1108 1222 1161; x_wconf 73' lang='grc' dir='ltr'><strong>καὶ</strong></span> <span class='ocrx_word' id='word_1_55' title='bbox 1251 1108 1313 1160; x_wconf 80' lang='grc' dir='ltr'><strong>τὸ</strong></span> <span class='ocrx_word' id='word_1_56' title='bbox 1356 1108 1695 1178; x_wconf 70' lang='grc' dir='ltr'><strong>ὑποταγῆναι</strong></span> <span class='ocrx_word' id='word_1_57' title='bbox 1725 1108 1804 1178; x_wconf 80' lang='grc' dir='ltr'><strong>τῷ</strong></span> <span class='ocrx_word' id='word_1_58' title='bbox 1849 1110 2047 1181; x_wconf 80' lang='grc' dir='ltr'><strong>ἐχθρῷ,</strong></span> 
     </span>
    </p>
   </div>
   <div class='ocr_carea' id='block_1_9' title="bbox 479 1195 2052 1272">
    <p class='ocr_par' dir='ltr' id='par_1_9' title="bbox 479 1195 2052 1272">
     <span class='ocr_line' id='line_1_9' title="bbox 479 1195 2052 1272; baseline 0.004 -24"><span class='ocrx_word' id='word_1_59' title='bbox 479 1197 555 1258; x_wconf 78' lang='lat' dir='ltr'><strong>t&#39;u;</strong></span> <span class='ocrx_word' id='word_1_60' title='bbox 582 1195 639 1249; x_wconf 80' lang='grc' dir='ltr'><strong>τὸ</strong></span> <span class='ocrx_word' id='word_1_61' title='bbox 671 1198 1036 1268; x_wconf 73' lang='grc' dir='ltr'><strong>προκείμενον</strong></span> <span class='ocrx_word' id='word_1_62' title='bbox 1065 1200 1230 1269; x_wconf 79' lang='grc' dir='ltr'><strong>ῥητόν</strong></span> <span class='ocrx_word' id='word_1_63' title='bbox 1249 1217 1264 1231; x_wconf 71' lang='grc' dir='ltr'><strong><em>υ</em></strong></span> <span class='ocrx_word' id='word_1_64' title='bbox 1291 1200 1380 1271; x_wconf 83' lang='grc' dir='ltr'><strong>Μὴ</strong></span> <span class='ocrx_word' id='word_1_65' title='bbox 1412 1202 1843 1272; x_wconf 71' lang='grc' dir='ltr'><strong>παραχωρήσῃς,</strong></span> <span class='ocrx_word' id='word_1_66' title='bbox 1861 1206 2052 1272; x_wconf 77' lang='grc' dir='ltr'><strong>φησὶν,</strong></span> 
     </span>
    </p>
   </div>
   <div class='ocr_carea' id='block_1_10' title="bbox 478 1288 2050 1364">
    <p class='ocr_par' dir='ltr' id='par_1_10' title="bbox 478 1288 2050 1364">
     <span class='ocr_line' id='line_1_10' title="bbox 478 1288 2050 1364; baseline 0.005 -24"><span class='ocrx_word' id='word_1_67' title='bbox 478 1288 907 1360; x_wconf 79' lang='grc' dir='ltr'><strong>ἀποστραφῆναι</strong></span> <span class='ocrx_word' id='word_1_68' title='bbox 956 1291 1038 1356; x_wconf 78' lang='grc' dir='ltr'><strong>εἰς</strong></span> <span class='ocrx_word' id='word_1_69' title='bbox 1086 1290 1286 1346; x_wconf 78' lang='grc' dir='ltr'><strong>ταυτὸν</strong></span> <span class='ocrx_word' id='word_1_70' title='bbox 1331 1292 1619 1364; x_wconf 73' lang='grc' dir='ltr'><strong>ἄνθρωπον</strong></span> <span class='ocrx_word' id='word_1_71' title='bbox 1660 1297 2050 1364; x_wconf 71' lang='grc' dir='ltr'><strong>καταφυγόντα</strong></span> 
     </span>
    </p>
   </div>
   <div class='ocr_carea' id='block_1_11' title="bbox 477 1382 675 1445">
    <p class='ocr_par' dir='ltr' id='par_1_11' title="bbox 477 1382 675 1445">
     <span class='ocr_line' id='line_1_11' title="bbox 477 1382 675 1445; baseline 0.015 -12"><span class='ocrx_word' id='word_1_72' title='bbox 477 1382 558 1445; x_wconf 82' lang='grc' dir='ltr'><strong>εις</strong></span> <span class='ocrx_word' id='word_1_73' title='bbox 594 1383 675 1436; x_wconf 74' lang='grc' dir='ltr'><strong>σί.</strong></span> 
     </span>
    </p>
   </div>
   <div class='ocr_carea' id='block_1_12' title="bbox 552 1663 2045 1747">
    <p class='ocr_par' dir='ltr' id='par_1_12' title="bbox 552 1663 2045 1747">
     <span class='ocr_line' id='line_1_12' title="bbox 552 1663 2045 1747; baseline 0.011 -28"><span class='ocrx_word' id='word_1_74' title='bbox 552 1666 659 1720; x_wconf 79' lang='lat' dir='ltr'><strong>Kal</strong></span> <span class='ocrx_word' id='word_1_75' title='bbox 683 1663 876 1735; x_wconf 75' lang='grc' dir='ltr'><strong>εἶπαςο</strong></span> <span class='ocrx_word' id='word_1_76' title='bbox 926 1670 1379 1742; x_wconf 75' lang='grc' dir='ltr'><strong>Ἐπιστρέψατε,</strong></span> <span class='ocrx_word' id='word_1_77' title='bbox 1412 1675 1528 1729; x_wconf 73' lang='grc' dir='ltr'><strong>υἱοὶ</strong></span> <span class='ocrx_word' id='word_1_78' title='bbox 1553 1674 1673 1730; x_wconf 77' lang='grc' dir='ltr'><strong>τῶν</strong></span> <span class='ocrx_word' id='word_1_79' title='bbox 1700 1678 2045 1747; x_wconf 73' lang='grc' dir='ltr'><strong>ἀνθρώπων.</strong></span> 
     </span>
    </p>
   </div>
   <div class='ocr_carea' id='block_1_13' title="bbox 485 1757 2048 1844">
    <p class='ocr_par' dir='ltr' id='par_1_13' title="bbox 485 1757 2048 1844">
     <span class='ocr_line' id='line_1_13' title="bbox 485 1757 2048 1844; baseline 0.01 -35"><span class='ocrx_word' id='word_1_80' title='bbox 485 1757 592 1811; x_wconf 69' lang='grc' dir='ltr'><strong>Καὶ</strong></span> <span class='ocrx_word' id='word_1_81' title='bbox 624 1760 733 1830; x_wconf 76' lang='grc' dir='ltr'><strong>γὰρ</strong></span> <span class='ocrx_word' id='word_1_82' title='bbox 760 1764 826 1816; x_wconf 82' lang='grc' dir='ltr'><strong>σὺ</strong></span> <span class='ocrx_word' id='word_1_83' title='bbox 864 1759 1025 1827; x_wconf 80' lang='grc' dir='ltr'><strong>εἶπας</strong></span> <span class='ocrx_word' id='word_1_84' title='bbox 1049 1780 1064 1793; x_wconf 89' lang='grc'><strong>·</strong></span> <span class='ocrx_word' id='word_1_85' title='bbox 1086 1759 1277 1818; x_wconf 73' lang='grc' dir='ltr'><strong>Ὦυὶοὶ</strong></span> <span class='ocrx_word' id='word_1_86' title='bbox 1307 1765 1415 1819; x_wconf 82' lang='grc' dir='ltr'><strong>τῶν</strong></span> <span class='ocrx_word' id='word_1_87' title='bbox 1445 1767 1769 1836; x_wconf 82' lang='grc' dir='ltr'><strong>ἀνθρώπων,</strong></span> <span class='ocrx_word' id='word_1_88' title='bbox 1788 1773 2048 1844; x_wconf 73' lang='grc' dir='ltr'><strong>ἐπιστρέ-</strong></span> 
     </span>
    </p>
   </div>
   <div class='ocr_carea' id='block_1_14' title="bbox 478 1848 2049 1936">
    <p class='ocr_par' dir='ltr' id='par_1_14' title="bbox 478 1848 2049 1936">
     <span class='ocr_line' id='line_1_14' title="bbox 478 1848 2049 1936; baseline 0.011 -34"><span class='ocrx_word' id='word_1_89' title='bbox 478 1849 641 1918; x_wconf 80' lang='grc' dir='ltr'><strong>ψατε.</strong></span> <span class='ocrx_word' id='word_1_90' title='bbox 676 1848 808 1905; x_wconf 82' lang='grc' dir='ltr'><strong>Εἷπε</strong></span> <span class='ocrx_word' id='word_1_91' title='bbox 835 1852 891 1908; x_wconf 79' lang='grc' dir='ltr'><strong>δὲ</strong></span> <span class='ocrx_word' id='word_1_92' title='bbox 921 1856 1080 1909; x_wconf 84' lang='grc' dir='ltr'><strong>τοῦτο</strong></span> <span class='ocrx_word' id='word_1_93' title='bbox 1109 1858 1138 1909; x_wconf 81' lang='grc' dir='ltr'><strong>ὁ</strong></span> <span class='ocrx_word' id='word_1_94' title='bbox 1175 1856 1306 1921; x_wconf 82' lang='grc' dir='ltr'><strong>Θεὸς</strong></span> <span class='ocrx_word' id='word_1_95' title='bbox 1335 1860 1393 1911; x_wconf 85' lang='grc' dir='ltr'><strong>ὲν</strong></span> <span class='ocrx_word' id='word_1_96' title='bbox 1417 1860 1698 1933; x_wconf 81' lang='grc' dir='ltr'><strong>διαφόροις</strong></span> <span class='ocrx_word' id='word_1_97' title='bbox 1725 1863 1910 1928; x_wconf 80' lang='grc' dir='ltr'><strong>τόποις</strong></span> <span class='ocrx_word' id='word_1_98' title='bbox 1952 1866 2049 1936; x_wconf 86' lang='grc' dir='ltr'><strong>τῆς</strong></span> 
     </span>
    </p>
   </div>
   <div class='ocr_carea' id='block_1_15' title="bbox 478 1941 2045 2029">
    <p class='ocr_par' dir='ltr' id='par_1_15' title="bbox 478 1941 2045 2029">
     <span class='ocr_line' id='line_1_15' title="bbox 478 1941 2045 2029; baseline 0.011 -35"><span class='ocrx_word' id='word_1_99' title='bbox 478 1941 780 2014; x_wconf 81' lang='grc' dir='ltr'><strong>Μωσαῖκῆς</strong></span> <span class='ocrx_word' id='word_1_100' title='bbox 818 1947 1211 2018; x_wconf 77' lang='grc' dir='ltr'><strong>Πεντατεύχου.</strong></span> <span class='ocrx_word' id='word_1_101' title='bbox 1247 1949 1409 2016; x_wconf 79' lang='grc' dir='ltr'><strong>Δέξαι</strong></span> <span class='ocrx_word' id='word_1_102' title='bbox 1443 1949 1538 2005; x_wconf 73' lang='grc' dir='ltr'><strong>οὖν</strong></span> <span class='ocrx_word' id='word_1_103' title='bbox 1571 1954 1739 2023; x_wconf 76' lang='grc' dir='ltr'><strong>ἡμᾶς,</strong></span> <span class='ocrx_word' id='word_1_104' title='bbox 1790 1957 2045 2029; x_wconf 74' lang='grc' dir='ltr'><strong>ἐπιστρέ-</strong></span> 
     </span>
    </p>
   </div>
   <div class='ocr_carea' id='block_1_16' title="bbox 477 2051 701 2106">
    <p class='ocr_par' dir='ltr' id='par_1_16' title="bbox 477 2051 701 2106">
     <span class='ocr_line' id='line_1_16' title="bbox 477 2051 701 2106; baseline 0.018 -17"><span class='ocrx_word' id='word_1_105' title='bbox 477 2051 701 2106; x_wconf 79' lang='grc' dir='ltr'><strong>φοντας.</strong></span> 
     </span>
    </p>
   </div>
   <div class='ocr_carea' id='block_1_17' title="bbox 547 2128 2050 2211">
    <p class='ocr_par' dir='ltr' id='par_1_17' title="bbox 547 2128 2050 2211">
     <span class='ocr_line' id='line_1_17' title="bbox 547 2128 2050 2211; baseline 0.012 -30"><span class='ocrx_word' id='word_1_106' title='bbox 547 2128 676 2183; x_wconf 73' lang='grc' dir='ltr'><strong>ὀτι</strong></span> <span class='ocrx_word' id='word_1_107' title='bbox 721 2132 887 2200; x_wconf 70' lang='grc' dir='ltr'><strong>χίλια</strong></span> <span class='ocrx_word' id='word_1_108' title='bbox 923 2131 1029 2200; x_wconf 79' lang='grc' dir='ltr'><strong>ἔτη</strong></span> <span class='ocrx_word' id='word_1_109' title='bbox 1078 2135 1150 2188; x_wconf 80' lang='grc' dir='ltr'><strong>ἐν</strong></span> <span class='ocrx_word' id='word_1_110' title='bbox 1178 2135 1501 2205; x_wconf 65' lang='grc' dir='ltr'><strong>ὀφθαλμοῖς</strong></span> <span class='ocrx_word' id='word_1_111' title='bbox 1552 2154 1690 2205; x_wconf 85' lang='grc' dir='ltr'><strong>σου,</strong></span> <span class='ocrx_word' id='word_1_112' title='bbox 1729 2142 1940 2211; x_wconf 78' lang='grc' dir='ltr'><strong>Κύριε,</strong></span> <span class='ocrx_word' id='word_1_113' title='bbox 1969 2143 2050 2210; x_wconf 87' lang='grc' dir='ltr'><strong>ὡς</strong></span> 
     </span>
    </p>
   </div>
   <div class='ocr_carea' id='block_1_18' title="bbox 477 2217 2052 2302">
    <p class='ocr_par' dir='ltr' id='par_1_18' title="bbox 477 2217 2052 2302">
     <span class='ocr_line' id='line_1_18' title="bbox 477 2217 2052 2302; baseline 0.01 -29"><span class='ocrx_word' id='word_1_114' title='bbox 477 2217 669 2289; x_wconf 77' lang='grc' dir='ltr'><strong>ἡμέρα</strong></span> <span class='ocrx_word' id='word_1_115' title='bbox 710 2223 750 2290; x_wconf 72' lang='grc' dir='ltr'><strong><em>ἡ</em></strong></span> <span class='ocrx_word' id='word_1_116' title='bbox 800 2223 941 2291; x_wconf 78' lang='grc' dir='ltr'><strong>χθὲς</strong></span> <span class='ocrx_word' id='word_1_117' title='bbox 998 2223 1128 2293; x_wconf 78' lang='grc' dir='ltr'><strong>ἥτις</strong></span> <span class='ocrx_word' id='word_1_118' title='bbox 1203 2226 1440 2295; x_wconf 74' lang='grc' dir='ltr'><strong>διῆλθε,</strong></span> <span class='ocrx_word' id='word_1_119' title='bbox 1504 2230 1604 2285; x_wconf 77' lang='grc' dir='ltr'><strong>καὶ</strong></span> <span class='ocrx_word' id='word_1_120' title='bbox 1671 2232 1919 2302; x_wconf 73' lang='grc' dir='ltr'><strong>φυλακὴ</strong></span> <span class='ocrx_word' id='word_1_121' title='bbox 1981 2236 2052 2289; x_wconf 77' lang='grc' dir='ltr'><strong>ἐν</strong></span> 
     </span>
    </p>
   </div>
   <div class='ocr_carea' id='block_1_19' title="bbox 478 2315 2047 2394">
    <p class='ocr_par' dir='ltr' id='par_1_19' title="bbox 478 2315 2047 2394">
     <span class='ocr_line' id='line_1_19' title="bbox 478 2315 2047 2394; baseline 0.01 -29"><span class='ocrx_word' id='word_1_122' title='bbox 478 2315 679 2367; x_wconf 73' lang='grc' dir='ltr'><strong>νυκτί.</strong></span> <span class='ocrx_word' id='word_1_123' title='bbox 711 2316 816 2369; x_wconf 74' lang='grc' dir='ltr'><strong>Καὶ</strong></span> <span class='ocrx_word' id='word_1_124' title='bbox 848 2315 1010 2369; x_wconf 82' lang='grc' dir='ltr'><strong>τοῦτο</strong></span> <span class='ocrx_word' id='word_1_125' title='bbox 1041 2319 1176 2388; x_wconf 82' lang='grc' dir='ltr'><strong>πρὸς</strong></span> <span class='ocrx_word' id='word_1_126' title='bbox 1204 2319 1477 2387; x_wconf 75' lang='grc' dir='ltr'><strong>ἀπόδειξιν</strong></span> <span class='ocrx_word' id='word_1_127' title='bbox 1497 2320 1597 2391; x_wconf 74' lang='grc' dir='ltr'><strong>τῆς</strong></span> <span class='ocrx_word' id='word_1_128' title='bbox 1627 2323 1925 2394; x_wconf 80' lang='grc' dir='ltr'><strong>ἀῖδιότητος</strong></span> <span class='ocrx_word' id='word_1_129' title='bbox 1953 2327 2047 2382; x_wconf 81' lang='grc' dir='ltr'><strong>τοῦ</strong></span> 
     </span>
    </p>
   </div>
   <div class='ocr_carea' id='block_1_20' title="bbox 478 2404 2051 2487">
    <p class='ocr_par' dir='ltr' id='par_1_20' title="bbox 478 2404 2051 2487">
     <span class='ocr_line' id='line_1_20' title="bbox 478 2404 2051 2487; baseline 0.01 -30"><span class='ocrx_word' id='word_1_130' title='bbox 478 2404 616 2459; x_wconf 75' lang='grc' dir='ltr'><strong>Θεοῦ</strong></span> <span class='ocrx_word' id='word_1_131' title='bbox 662 2408 960 2477; x_wconf 75' lang='grc' dir='ltr'><strong>παρέλαϐε.</strong></span> <span class='ocrx_word' id='word_1_132' title='bbox 1008 2411 1172 2477; x_wconf 83' lang='grc' dir='ltr'><strong>Λέγει</strong></span> <span class='ocrx_word' id='word_1_133' title='bbox 1201 2412 1332 2483; x_wconf 71' lang='grc' dir='ltr'><strong>γὰρ,</strong></span> <span class='ocrx_word' id='word_1_134' title='bbox 1386 2413 1468 2467; x_wconf 81' lang='grc' dir='ltr'><strong>ὅτι</strong></span> <span class='ocrx_word' id='word_1_135' title='bbox 1504 2414 1585 2467; x_wconf 79' lang='grc' dir='ltr'><strong>Τὰ</strong></span> <span class='ocrx_word' id='word_1_136' title='bbox 1610 2413 1756 2484; x_wconf 72' lang='grc' dir='ltr'><strong>χίλια</strong></span> <span class='ocrx_word' id='word_1_137' title='bbox 1797 2416 1891 2487; x_wconf 76' lang='grc' dir='ltr'><strong>ἔτη</strong></span> <span class='ocrx_word' id='word_1_138' title='bbox 1918 2418 2051 2472; x_wconf 79' lang='grc' dir='ltr'><strong>ἐνώ-</strong></span> 
     </span>
    </p>
   </div>
   <div class='ocr_carea' id='block_1_21' title="bbox 476 2496 2047 2581">
    <p class='ocr_par' dir='ltr' id='par_1_21' title="bbox 476 2496 2047 2581">
     <span class='ocr_line' id='line_1_21' title="bbox 476 2496 2047 2581; baseline 0.01 -34"><span class='ocrx_word' id='word_1_139' title='bbox 476 2496 602 2549; x_wconf 83' lang='grc' dir='ltr'><strong>πιόν</strong></span> <span class='ocrx_word' id='word_1_140' title='bbox 633 2514 725 2550; x_wconf 87' lang='grc' dir='ltr'><strong>σου</strong></span> <span class='ocrx_word' id='word_1_141' title='bbox 765 2500 907 2553; x_wconf 70' lang='grc' dir='ltr'><strong>οὕτω</strong></span> <span class='ocrx_word' id='word_1_142' title='bbox 953 2500 1257 2570; x_wconf 72' lang='grc' dir='ltr'><strong>λογίζονται</strong></span> <span class='ocrx_word' id='word_1_143' title='bbox 1291 2505 1483 2574; x_wconf 75' lang='grc' dir='ltr'><strong>χρόνος</strong></span> <span class='ocrx_word' id='word_1_144' title='bbox 1528 2522 1610 2568; x_wconf 81' lang='grc' dir='ltr'><strong>τις</strong></span> <span class='ocrx_word' id='word_1_145' title='bbox 1653 2506 1795 2573; x_wconf 79' lang='grc' dir='ltr'><strong>ἄγαν</strong></span> <span class='ocrx_word' id='word_1_146' title='bbox 1839 2507 2047 2581; x_wconf 72' lang='grc' dir='ltr'><strong>βραχύ-</strong></span> 
     </span>
    </p>
   </div>
   <div class='ocr_carea' id='block_1_22' title="bbox 477 2587 2049 2669">
    <p class='ocr_par' dir='ltr' id='par_1_22' title="bbox 477 2587 2049 2669">
     <span class='ocr_line' id='line_1_22' title="bbox 477 2587 2049 2669; baseline 0.009 -31"><span class='ocrx_word' id='word_1_147' title='bbox 477 2603 657 2652; x_wconf 83' lang='grc' dir='ltr'><strong>τατος,</strong></span> <span class='ocrx_word' id='word_1_148' title='bbox 688 2587 763 2651; x_wconf 77' lang='grc' dir='ltr'><strong>ὡς</strong></span> <span class='ocrx_word' id='word_1_149' title='bbox 807 2591 901 2644; x_wconf 83' lang='grc' dir='ltr'><strong>καὶ</strong></span> <span class='ocrx_word' id='word_1_150' title='bbox 941 2590 1073 2663; x_wconf 79' lang='grc' dir='ltr'><strong>παρ’</strong></span> <span class='ocrx_word' id='word_1_151' title='bbox 1103 2592 1262 2662; x_wconf 76' lang='grc' dir='ltr'><strong>ἡμῶν</strong></span> <span class='ocrx_word' id='word_1_152' title='bbox 1310 2594 1341 2663; x_wconf 79' lang='grc' dir='ltr'>ἡ</span> <span class='ocrx_word' id='word_1_153' title='bbox 1388 2594 1489 2662; x_wconf 83' lang='grc' dir='ltr'><strong>μία</strong></span> <span class='ocrx_word' id='word_1_154' title='bbox 1527 2594 1733 2665; x_wconf 76' lang='grc' dir='ltr'><strong>ἡμέρα.</strong></span> <span class='ocrx_word' id='word_1_155' title='bbox 1770 2600 1864 2649; x_wconf 70' lang='grc' dir='ltr'><strong>καὶ</strong></span> <span class='ocrx_word' id='word_1_156' title='bbox 1907 2599 2049 2669; x_wconf 80' lang='grc' dir='ltr'><strong>αὕτη</strong></span> 
     </span>
    </p>
   </div>
   <div class='ocr_carea' id='block_1_23' title="bbox 478 2679 2052 2757">
    <p class='ocr_par' dir='ltr' id='par_1_23' title="bbox 478 2679 2052 2757">
     <span class='ocr_line' id='line_1_23' title="bbox 478 2679 2052 2757; baseline 0.009 -28"><span class='ocrx_word' id='word_1_157' title='bbox 478 2679 827 2749; x_wconf 79' lang='grc' dir='ltr'><strong>παρελθοῦσα</strong></span> <span class='ocrx_word' id='word_1_158' title='bbox 855 2698 869 2712; x_wconf 74' lang='grc'><strong><em>⁸</em></strong></span> <span class='ocrx_word' id='word_1_159' title='bbox 901 2682 1059 2737; x_wconf 73' lang='grc' dir='ltr'><strong>τοῦτο</strong></span> <span class='ocrx_word' id='word_1_160' title='bbox 1087 2684 1196 2754; x_wconf 78' lang='grc' dir='ltr'><strong>γὰρ</strong></span> <span class='ocrx_word' id='word_1_161' title='bbox 1232 2684 1384 2754; x_wconf 84' lang='grc' dir='ltr'><strong>δηλοῖ</strong></span> <span class='ocrx_word' id='word_1_162' title='bbox 1404 2686 1464 2738; x_wconf 81' lang='grc' dir='ltr'><strong>τὸ</strong></span> <span class='ocrx_word' id='word_1_163' title='bbox 1486 2686 1656 2753; x_wconf 79' lang='grc' dir='ltr'><strong>Χθές.</strong></span> <span class='ocrx_word' id='word_1_164' title='bbox 1684 2688 1756 2741; x_wconf 79' lang='grc' dir='ltr'><strong>Τὸ</strong></span> <span class='ocrx_word' id='word_1_165' title='bbox 1776 2689 1857 2757; x_wconf 85' lang='grc' dir='ltr'><strong>δὲ,</strong></span> <span class='ocrx_word' id='word_1_166' title='bbox 1880 2690 2052 2757; x_wconf 58' lang='lat' dir='ltr'><strong>“nu;-</strong></span> 
     </span>
    </p>
   </div>
   <div class='ocr_carea' id='block_1_24' title="bbox 478 2764 2051 2848">
    <p class='ocr_par' dir='ltr' id='par_1_24' title="bbox 478 2764 2051 2848">
     <span class='ocr_line' id='line_1_24' title="bbox 478 2764 2051 2848; baseline 0.011 -31"><span class='ocrx_word' id='word_1_167' title='bbox 478 2764 689 2833; x_wconf 71' lang='grc' dir='ltr'><strong>διῆλθε</strong></span> <span class='ocrx_word' id='word_1_168' title='bbox 727 2771 1191 2840; x_wconf 71' lang='grc' dir='ltr'><strong>ὲφερμηνευτικὸν</strong></span> <span class='ocrx_word' id='word_1_169' title='bbox 1207 2773 1302 2826; x_wconf 78' lang='grc' dir='ltr'><strong>τοῦ</strong></span> <span class='ocrx_word' id='word_1_170' title='bbox 1328 2774 1474 2845; x_wconf 83' lang='grc' dir='ltr'><strong>χθές.</strong></span> <span class='ocrx_word' id='word_1_171' title='bbox 1505 2774 1567 2828; x_wconf 84' lang='grc' dir='ltr'><strong>’Π</strong></span> <span class='ocrx_word' id='word_1_172' title='bbox 1583 2776 1691 2848; x_wconf 74' lang='grc' dir='ltr'><strong>γὰρ</strong></span> <span class='ocrx_word' id='word_1_173' title='bbox 1710 2780 2051 2848; x_wconf 71' lang='grc' dir='ltr'><strong>παρελθοῦσα</strong></span> 
     </span>
    </p>
   </div>
   <div class='ocr_carea' id='block_1_25' title="bbox 483 2857 2051 2942">
    <p class='ocr_par' dir='ltr' id='par_1_25' title="bbox 483 2857 2051 2942">
     <span class='ocr_line' id='line_1_25' title="bbox 483 2857 2051 2942; baseline 0.011 -33"><span class='ocrx_word' id='word_1_174' title='bbox 483 2857 797 2931; x_wconf 81' lang='grc' dir='ltr'><strong>βραχυτέρα</strong></span> <span class='ocrx_word' id='word_1_175' title='bbox 824 2863 972 2917; x_wconf 77' lang='grc' dir='ltr'><strong>δοκεῖ</strong></span> <span class='ocrx_word' id='word_1_176' title='bbox 988 2868 1085 2936; x_wconf 82' lang='grc' dir='ltr'><strong>τῆς</strong></span> <span class='ocrx_word' id='word_1_177' title='bbox 1114 2866 1439 2938; x_wconf 82' lang='grc' dir='ltr'><strong>ἐνεστώσης.</strong></span> <span class='ocrx_word' id='word_1_178' title='bbox 1470 2869 1581 2923; x_wconf 76' lang='grc' dir='ltr'><strong>Καὶ</strong></span> <span class='ocrx_word' id='word_1_179' title='bbox 1605 2867 1782 2936; x_wconf 82' lang='grc' dir='ltr'><strong>αὖθις,</strong></span> <span class='ocrx_word' id='word_1_180' title='bbox 1818 2873 1890 2937; x_wconf 84' lang='grc' dir='ltr'><strong>ὡς</strong></span> <span class='ocrx_word' id='word_1_181' title='bbox 1914 2874 2051 2942; x_wconf 82' lang='grc' dir='ltr'><strong>λογί-</strong></span> 
     </span>
    </p>
   </div>
   <div class='ocr_carea' id='block_1_26' title="bbox 482 2952 2053 3031">
    <p class='ocr_par' dir='ltr' id='par_1_26' title="bbox 482 2952 2053 3031">
     <span class='ocr_line' id='line_1_26' title="bbox 482 2952 2053 3031; baseline 0.01 -27"><span class='ocrx_word' id='word_1_182' title='bbox 482 2952 634 3016; x_wconf 82' lang='grc' dir='ltr'><strong>ζεται</strong></span> <span class='ocrx_word' id='word_1_183' title='bbox 666 2957 797 3025; x_wconf 80' lang='grc' dir='ltr'><strong>παρ’</strong></span> <span class='ocrx_word' id='word_1_184' title='bbox 825 2958 955 3025; x_wconf 77' lang='grc' dir='ltr'><strong>ἡμῖν</strong></span> <span class='ocrx_word' id='word_1_185' title='bbox 977 2959 1037 3012; x_wconf 81' lang='grc' dir='ltr'><strong>τὸ</strong></span> <span class='ocrx_word' id='word_1_186' title='bbox 1052 2961 1487 3031; x_wconf 81' lang='grc' dir='ltr'><strong>τεταρτημόριον</strong></span> <span class='ocrx_word' id='word_1_187' title='bbox 1514 2961 1613 3030; x_wconf 77' lang='grc' dir='ltr'><strong>τῆς</strong></span> <span class='ocrx_word' id='word_1_188' title='bbox 1638 2965 1828 3027; x_wconf 86' lang='grc' dir='ltr'><strong>νυκτός</strong></span> <span class='ocrx_word' id='word_1_189' title='bbox 1853 2982 1866 2997; x_wconf 88' lang='grc'><strong>·</strong></span> <span class='ocrx_word' id='word_1_190' title='bbox 1895 2966 2053 3021; x_wconf 81' lang='grc' dir='ltr'><strong>τοῦτο</strong></span> 
     </span>
    </p>
   </div>
   <div class='ocr_carea' id='block_1_27' title="bbox 482 3044 2050 3125">
    <p class='ocr_par' dir='ltr' id='par_1_27' title="bbox 482 3044 2050 3125">
     <span class='ocr_line' id='line_1_27' title="bbox 482 3044 2050 3125; baseline 0.009 -29"><span class='ocrx_word' id='word_1_191' title='bbox 482 3044 591 3115; x_wconf 73' lang='grc' dir='ltr'><strong>γὰρ</strong></span> <span class='ocrx_word' id='word_1_192' title='bbox 639 3045 892 3117; x_wconf 79' lang='grc' dir='ltr'><strong>φυλακήν</strong></span> <span class='ocrx_word' id='word_1_193' title='bbox 933 3050 995 3104; x_wconf 80' lang='grc' dir='ltr'><strong>ἐν</strong></span> <span class='ocrx_word' id='word_1_194' title='bbox 1039 3050 1196 3105; x_wconf 74' lang='grc' dir='ltr'><strong>νυκτὶ</strong></span> <span class='ocrx_word' id='word_1_195' title='bbox 1240 3053 1464 3106; x_wconf 78' lang='grc' dir='ltr'><strong>ἐκάλεσε</strong></span> <span class='ocrx_word' id='word_1_196' title='bbox 1491 3069 1506 3084; x_wconf 73' lang='grc'><strong>⁸</strong></span> <span class='ocrx_word' id='word_1_197' title='bbox 1547 3052 1646 3122; x_wconf 81' lang='grc' dir='ltr'><strong>τῆς</strong></span> <span class='ocrx_word' id='word_1_198' title='bbox 1695 3055 1804 3125; x_wconf 76' lang='grc' dir='ltr'><strong>γὰρ</strong></span> <span class='ocrx_word' id='word_1_199' title='bbox 1856 3058 2050 3122; x_wconf 84' lang='grc' dir='ltr'><strong>νυκτὸς</strong></span> 
     </span>
    </p>
   </div>
   <div class='ocr_carea' id='block_1_28' title="bbox 1637 342 2567 405">
    <p class='ocr_par' dir='ltr' id='par_1_28' title="bbox 1637 342 2567 405">
     <span class='ocr_line' id='line_1_28' title="bbox 1637 342 2567 405; baseline -0.001 -5"><span class='ocrx_word' id='word_1_200' title='bbox 1637 342 2031 404; x_wconf 80' lang='lat' dir='ltr'><strong>COMMENT.</strong></span> <span class='ocrx_word' id='word_1_201' title='bbox 2075 345 2155 405; x_wconf 74' lang='lat' dir='ltr'><strong>IN</strong></span> <span class='ocrx_word' id='word_1_202' title='bbox 2199 342 2567 405; x_wconf 85' lang='lat' dir='ltr'><strong>PSALMOS.</strong></span> 
     </span>
    </p>
   </div>
   <div class='ocr_carea' id='block_1_29' title="bbox 548 459 2119 529">
    <p class='ocr_par' dir='ltr' id='par_1_29' title="bbox 548 459 2119 529">
     <span class='ocr_line' id='line_1_29' title="bbox 548 459 2119 529; baseline 0.001 -15"><span class='ocrx_word' id='word_1_203' title='bbox 548 460 643 525; x_wconf 75' lang='grc' dir='ltr'><strong>Μὴ</strong></span> <span class='ocrx_word' id='word_1_204' title='bbox 695 459 1089 529; x_wconf 66' lang='grc' dir='ltr'><strong>ἁποστρέψῃς</strong></span> <span class='ocrx_word' id='word_1_205' title='bbox 1143 460 1458 529; x_wconf 76' lang='grc' dir='ltr'><strong>ἄνθρωπον</strong></span> <span class='ocrx_word' id='word_1_206' title='bbox 1507 464 1595 527; x_wconf 80' lang='grc' dir='ltr'><strong>εις</strong></span> <span class='ocrx_word' id='word_1_207' title='bbox 1654 463 2042 518; x_wconf 72' lang='grc' dir='ltr'><strong>ταπείνωσιν.</strong></span> <span class='ocrx_word' id='word_1_208' title='bbox 2080 473 2119 527; x_wconf 81' lang='grc' dir='ltr'><strong>Α</strong></span> 
     </span>
    </p>
   </div>
   <div class='ocr_carea' id='block_1_30' title="bbox 3618 348 3726 412">
    <p class='ocr_par' dir='ltr' id='par_1_30' title="bbox 3618 348 3726 412">
     <span class='ocr_line' id='line_1_30' title="bbox 3618 348 3726 412; baseline -0.009 0"><span class='ocrx_word' id='word_1_209' title='bbox 3618 348 3726 412; x_wconf 81' lang='lat'><strong>930</strong></span> 
     </span>
    </p>
   </div>
   <div class='ocr_carea' id='block_1_31' title="bbox 2224 462 3723 530">
    <p class='ocr_par' dir='ltr' id='par_1_31' title="bbox 2224 462 3723 530">
     <span class='ocr_line' id='line_1_31' title="bbox 2224 462 3723 530; baseline 0.009 -14"><span class='ocrx_word' id='word_1_210' title='bbox 2224 462 2389 519; x_wconf 73' lang='lat' dir='ltr'><strong>Vens.</strong></span> <span class='ocrx_word' id='word_1_211' title='bbox 2425 465 2478 517; x_wconf 79' lang='lat'><strong>5.</strong></span> <span class='ocrx_word' id='word_1_212' title='bbox 2534 462 2613 517; x_wconf 80' lang='lat' dir='ltr'><strong>Ne</strong></span> <span class='ocrx_word' id='word_1_213' title='bbox 2662 475 2871 518; x_wconf 80' lang='lat' dir='ltr'><strong>avertas</strong></span> <span class='ocrx_word' id='word_1_214' title='bbox 2915 468 3177 521; x_wconf 77' lang='lat' dir='ltr'><strong>hominem</strong></span> <span class='ocrx_word' id='word_1_215' title='bbox 3235 471 3286 520; x_wconf 85' lang='lat' dir='ltr'><strong>in</strong></span> <span class='ocrx_word' id='word_1_216' title='bbox 3346 470 3723 530; x_wconf 72' lang='lat' dir='ltr'><strong>humilitatem.</strong></span> 
     </span>
    </p>
   </div>
   <div class='ocr_carea' id='block_1_32' title="bbox 2156 555 3722 635">
    <p class='ocr_par' dir='ltr' id='par_1_32' title="bbox 2156 555 3722 635">
     <span class='ocr_line' id='line_1_32' title="bbox 2156 555 3722 635; baseline 0.01 -25"><span class='ocrx_word' id='word_1_217' title='bbox 2156 555 2338 611; x_wconf 85' lang='lat' dir='ltr'><strong>Variis</strong></span> <span class='ocrx_word' id='word_1_218' title='bbox 2369 557 2545 611; x_wconf 85' lang='lat' dir='ltr'><strong>modis</strong></span> <span class='ocrx_word' id='word_1_219' title='bbox 2570 559 2851 610; x_wconf 72' lang='lat' dir='ltr'><strong>humilitas</strong></span> <span class='ocrx_word' id='word_1_220' title='bbox 2881 561 3151 629; x_wconf 87' lang='lat' dir='ltr'><strong>accipitur</strong></span> <span class='ocrx_word' id='word_1_221' title='bbox 3180 564 3320 629; x_wconf 84' lang='lat' dir='ltr'><strong>apud</strong></span> <span class='ocrx_word' id='word_1_222' title='bbox 3356 564 3722 635; x_wconf 87' lang='lat' dir='ltr'><strong>Scripturam.</strong></span> 
     </span>
    </p>
   </div>
   <div class='ocr_carea' id='block_1_33' title="bbox 2153 650 3721 722">
    <p class='ocr_par' dir='ltr' id='par_1_33' title="bbox 2153 650 3721 722">
     <span class='ocr_line' id='line_1_33' title="bbox 2153 650 3721 722; baseline 0.004 -19"><span class='ocrx_word' id='word_1_223' title='bbox 2153 650 2465 719; x_wconf 70' lang='lat' dir='ltr'><strong>Aliquando</strong></span> <span class='ocrx_word' id='word_1_224' title='bbox 2492 651 2635 703; x_wconf 79' lang='lat' dir='ltr'><strong>enim</strong></span> <span class='ocrx_word' id='word_1_225' title='bbox 2670 651 2891 717; x_wconf 90' lang='lat' dir='ltr'><strong>ponitur</strong></span> <span class='ocrx_word' id='word_1_226' title='bbox 2918 669 3015 721; x_wconf 87' lang='lat' dir='ltr'><strong>pro</strong></span> <span class='ocrx_word' id='word_1_227' title='bbox 3049 653 3337 719; x_wconf 68' lang='lat' dir='ltr'><strong>modestia,</strong></span> <span class='ocrx_word' id='word_1_228' title='bbox 3376 658 3524 722; x_wconf 75' lang='lat' dir='ltr'><strong>juxta</strong></span> <span class='ocrx_word' id='word_1_229' title='bbox 3550 661 3721 712; x_wconf 85' lang='lat' dir='ltr'><strong>illud:</strong></span> 
     </span>
    </p>
   </div>
   <div class='ocr_carea' id='block_1_34' title="bbox 2153 743 3722 815">
    <p class='ocr_par' dir='ltr' id='par_1_34' title="bbox 2153 743 3722 815">
     <span class='ocr_line' id='line_1_34' title="bbox 2153 743 3722 815; baseline 0.006 -18"><span class='ocrx_word' id='word_1_230' title='bbox 2153 743 2351 797; x_wconf 70' lang='lat' dir='ltr'><strong>Discite</strong></span> <span class='ocrx_word' id='word_1_231' title='bbox 2382 761 2414 795; x_wconf 88' lang='lat' dir='ltr'><strong>a</strong></span> <span class='ocrx_word' id='word_1_232' title='bbox 2440 760 2520 799; x_wconf 84' lang='lat' dir='ltr'><strong>me</strong></span> <span class='ocrx_word' id='word_1_233' title='bbox 2547 786 2561 808; x_wconf 93' lang='lat'><strong>,</strong></span> <span class='ocrx_word' id='word_1_234' title='bbox 2595 745 2717 815; x_wconf 83' lang='lat' dir='ltr'><strong>quia</strong></span> <span class='ocrx_word' id='word_1_235' title='bbox 2758 746 2901 799; x_wconf 83' lang='lat' dir='ltr'><strong>mitis</strong></span> <span class='ocrx_word' id='word_1_236' title='bbox 2933 764 3048 800; x_wconf 72' lang='lat' dir='ltr'><strong>nam</strong></span> <span class='ocrx_word' id='word_1_237' title='bbox 3096 759 3145 802; x_wconf 90' lang='lat' dir='ltr'><strong>et</strong></span> <span class='ocrx_word' id='word_1_238' title='bbox 3194 750 3414 804; x_wconf 78' lang='lat' dir='ltr'><strong>humilis</strong></span> <span class='ocrx_word' id='word_1_239' title='bbox 3470 752 3628 805; x_wconf 76' lang='lat' dir='ltr'><strong>tarde</strong></span> <span class='ocrx_word' id='word_1_240' title='bbox 3655 754 3722 807; x_wconf 74' lang='lat'><strong>7&#39;.</strong></span> 
     </span>
    </p>
   </div>
   <div class='ocr_carea' id='block_1_35' title="bbox 2154 833 3725 908">
    <p class='ocr_par' dir='ltr' id='par_1_35' title="bbox 2154 833 3725 908">
     <span class='ocr_line' id='line_1_35' title="bbox 2154 833 3725 908; baseline 0.007 -22"><span class='ocrx_word' id='word_1_241' title='bbox 2154 833 2460 903; x_wconf 80' lang='lat' dir='ltr'><strong>Aliquando</strong></span> <span class='ocrx_word' id='word_1_242' title='bbox 2492 850 2589 905; x_wconf 91' lang='lat' dir='ltr'><strong>pro</strong></span> <span class='ocrx_word' id='word_1_243' title='bbox 2624 835 2712 888; x_wconf 87' lang='lat' dir='ltr'><strong>illa</strong></span> <span class='ocrx_word' id='word_1_244' title='bbox 2749 839 3132 907; x_wconf 76' lang='lat' dir='ltr'><strong>castigatione,</strong></span> <span class='ocrx_word' id='word_1_245' title='bbox 3169 857 3291 908; x_wconf 72' lang='lat' dir='ltr'><strong>qua:</strong></span> <span class='ocrx_word' id='word_1_246' title='bbox 3324 842 3389 894; x_wconf 82' lang='lat' dir='ltr'><strong>de</strong></span> <span class='ocrx_word' id='word_1_247' title='bbox 3413 844 3725 897; x_wconf 71' lang='grc' dir='ltr'><strong>οηιίιιιῑυιιί-</strong></span> 
     </span>
    </p>
   </div>
   <div class='ocr_carea' id='block_1_36' title="bbox 2152 925 3728 997">
    <p class='ocr_par' dir='ltr' id='par_1_36' title="bbox 2152 925 3728 997">
     <span class='ocr_line' id='line_1_36' title="bbox 2152 925 3728 997; baseline 0.006 -19"><span class='ocrx_word' id='word_1_248' title='bbox 2152 925 2255 980; x_wconf 85' lang='lat' dir='ltr'><strong>hus</strong></span> <span class='ocrx_word' id='word_1_249' title='bbox 2283 926 2551 991; x_wconf 75' lang='lat' dir='ltr'><strong>provenit,</strong></span> <span class='ocrx_word' id='word_1_250' title='bbox 2584 925 2739 994; x_wconf 72' lang='lat' dir='ltr'><strong>juxta</strong></span> <span class='ocrx_word' id='word_1_251' title='bbox 2778 928 2871 981; x_wconf 91' lang='lat' dir='ltr'><strong>illu</strong></span> <span class='ocrx_word' id='word_1_252' title='bbox 2898 930 2910 979; x_wconf 86' lang='grc' dir='ltr'><strong>Ι</strong></span> <span class='ocrx_word' id='word_1_253' title='bbox 2940 946 2953 982; x_wconf 87' lang='lat'><strong>:</strong></span> <span class='ocrx_word' id='word_1_254' title='bbox 2988 926 3192 981; x_wconf 83' lang='lat' dir='ltr'><strong>Bonum</strong></span> <span class='ocrx_word' id='word_1_255' title='bbox 3228 930 3381 997; x_wconf 81' lang='lat' dir='ltr'><strong>mihi,</strong></span> <span class='ocrx_word' id='word_1_256' title='bbox 3408 932 3527 996; x_wconf 79' lang='lat' dir='ltr'><strong>quia</strong></span> <span class='ocrx_word' id='word_1_257' title='bbox 3554 937 3728 987; x_wconf 80' lang='lat' dir='ltr'><strong>humi-</strong></span> 
     </span>
    </p>
   </div>
   <div class='ocr_carea' id='block_1_37' title="bbox 2153 1017 3726 1096">
    <p class='ocr_par' dir='ltr' id='par_1_37' title="bbox 2153 1017 3726 1096">
     <span class='ocr_line' id='line_1_37' title="bbox 2153 1017 3726 1096; baseline 0.008 -28"><span class='ocrx_word' id='word_1_258' title='bbox 2153 1017 2299 1069; x_wconf 80' lang='lat' dir='ltr'><strong>liasti</strong></span> <span class='ocrx_word' id='word_1_259' title='bbox 2330 1019 2488 1071; x_wconf 77' lang='lat' dir='ltr'><strong>me&quot;.</strong></span> <span class='ocrx_word' id='word_1_260' title='bbox 2520 1017 2829 1088; x_wconf 83' lang='lat' dir='ltr'><strong>Aliquando</strong></span> <span class='ocrx_word' id='word_1_261' title='bbox 2850 1019 3014 1073; x_wconf 86' lang='lat' dir='ltr'><strong>etiam</strong></span> <span class='ocrx_word' id='word_1_262' title='bbox 3036 1037 3133 1090; x_wconf 88' lang='lat' dir='ltr'><strong>pro</strong></span> <span class='ocrx_word' id='word_1_263' title='bbox 3154 1024 3550 1085; x_wconf 87' lang='lat' dir='ltr'><strong>destructione.</strong></span> <span class='ocrx_word' id='word_1_264' title='bbox 3569 1027 3726 1096; x_wconf 73' lang='lat' dir='ltr'><strong>juxta</strong></span> 
     </span>
    </p>
   </div>
   <div class='ocr_carea' id='block_1_38' title="bbox 2152 1109 3723 1187">
    <p class='ocr_par' dir='ltr' id='par_1_38' title="bbox 2152 1109 3723 1187">
     <span class='ocr_line' id='line_1_38' title="bbox 2152 1109 3723 1187; baseline 0.006 -26"><span class='ocrx_word' id='word_1_265' title='bbox 2152 1110 2282 1163; x_wconf 90' lang='lat' dir='ltr'><strong>illud</strong></span> <span class='ocrx_word' id='word_1_266' title='bbox 2317 1128 2330 1163; x_wconf 91' lang='lat'><strong>:</strong></span> <span class='ocrx_word' id='word_1_267' title='bbox 2364 1109 2439 1163; x_wconf 83' lang='lat' dir='ltr'><strong>Tu</strong></span> <span class='ocrx_word' id='word_1_268' title='bbox 2472 1111 2787 1169; x_wconf 82' lang='lat' dir='ltr'><strong>humiliasti.</strong></span> <span class='ocrx_word' id='word_1_269' title='bbox 2813 1114 2965 1173; x_wconf 81' lang='lat' dir='ltr'><strong>quasi</strong></span> <span class='ocrx_word' id='word_1_270' title='bbox 2986 1113 3339 1175; x_wconf 84' lang='lat' dir='ltr'><strong>vulneratum.</strong></span> <span class='ocrx_word' id='word_1_271' title='bbox 3365 1118 3723 1187; x_wconf 72' lang='lat' dir='ltr'><strong>superbum”.</strong></span> 
     </span>
    </p>
   </div>
   <div class='ocr_carea' id='block_1_39' title="bbox 2158 1200 3730 1280">
    <p class='ocr_par' dir='ltr' id='par_1_39' title="bbox 2158 1200 3730 1280">
     <span class='ocr_line' id='line_1_39' title="bbox 2158 1200 3730 1280; baseline 0.009 -27"><span class='ocrx_word' id='word_1_272' title='bbox 2158 1200 2225 1253; x_wconf 84' lang='lat' dir='ltr'><strong>Et</strong></span> <span class='ocrx_word' id='word_1_273' title='bbox 2286 1202 2581 1271; x_wconf 82' lang='lat' dir='ltr'><strong>aliquando</strong></span> <span class='ocrx_word' id='word_1_274' title='bbox 2633 1218 2731 1273; x_wconf 87' lang='lat' dir='ltr'><strong>pro</strong></span> <span class='ocrx_word' id='word_1_275' title='bbox 2779 1204 3161 1273; x_wconf 84' lang='lat' dir='ltr'><strong>subjectione,</strong></span> <span class='ocrx_word' id='word_1_276' title='bbox 3214 1208 3380 1261; x_wconf 85' lang='lat' dir='ltr'><strong>veluti</strong></span> <span class='ocrx_word' id='word_1_277' title='bbox 3432 1225 3556 1263; x_wconf 77' lang='lat' dir='ltr'><strong>cum</strong></span> <span class='ocrx_word' id='word_1_278' title='bbox 3601 1211 3730 1280; x_wconf 86' lang='lat' dir='ltr'><strong>quis</strong></span> 
     </span>
    </p>
   </div>
   <div class='ocr_carea' id='block_1_40' title="bbox 2153 1294 3725 1370">
    <p class='ocr_par' dir='ltr' id='par_1_40' title="bbox 2153 1294 3725 1370">
     <span class='ocr_line' id='line_1_40' title="bbox 2153 1294 3725 1370; baseline 0.006 -22"><span class='ocrx_word' id='word_1_279' title='bbox 2153 1294 2405 1350; x_wconf 74' lang='lat' dir='ltr'><strong>hostibus</strong></span> <span class='ocrx_word' id='word_1_280' title='bbox 2434 1296 2549 1349; x_wconf 86' lang='lat' dir='ltr'><strong>suis</strong></span> <span class='ocrx_word' id='word_1_281' title='bbox 2581 1296 2906 1364; x_wconf 78' lang='lat' dir='ltr'><strong>subjicitur;</strong></span> <span class='ocrx_word' id='word_1_282' title='bbox 2948 1306 3003 1352; x_wconf 90' lang='lat' dir='ltr'><strong>et</strong></span> <span class='ocrx_word' id='word_1_283' title='bbox 3045 1297 3150 1351; x_wconf 91' lang='lat' dir='ltr'><strong>hoc</strong></span> <span class='ocrx_word' id='word_1_284' title='bbox 3198 1307 3359 1367; x_wconf 87' lang='lat' dir='ltr'><strong>pacto</strong></span> <span class='ocrx_word' id='word_1_285' title='bbox 3404 1302 3627 1370; x_wconf 86' lang='lat' dir='ltr'><strong>ponitur</strong></span> <span class='ocrx_word' id='word_1_286' title='bbox 3671 1306 3725 1357; x_wconf 87' lang='lat' dir='ltr'><strong>in</strong></span> 
     </span>
    </p>
   </div>
   <div class='ocr_carea' id='block_1_41' title="bbox 2152 1389 3722 1464">
    <p class='ocr_par' dir='ltr' id='par_1_41' title="bbox 2152 1389 3722 1464">
     <span class='ocr_line' id='line_1_41' title="bbox 2152 1389 3722 1464; baseline 0.005 -23"><span class='ocrx_word' id='word_1_287' title='bbox 2152 1390 2408 1457; x_wconf 66' lang='lat' dir='ltr'><strong>praesenti</strong></span> <span class='ocrx_word' id='word_1_288' title='bbox 2467 1390 2676 1459; x_wconf 83' lang='lat' dir='ltr'><strong>psalmo</strong></span> <span class='ocrx_word' id='word_1_289' title='bbox 2712 1408 2726 1442; x_wconf 90' lang='lat'><strong>:</strong></span> <span class='ocrx_word' id='word_1_290' title='bbox 2760 1389 2834 1443; x_wconf 85' lang='lat' dir='ltr'><strong>Ne</strong></span> <span class='ocrx_word' id='word_1_291' title='bbox 2891 1391 3180 1460; x_wconf 82' lang='lat' dir='ltr'><strong>permittas</strong></span> <span class='ocrx_word' id='word_1_292' title='bbox 3223 1409 3346 1460; x_wconf 86' lang='lat' dir='ltr'><strong>me,</strong></span> <span class='ocrx_word' id='word_1_293' title='bbox 3395 1394 3616 1464; x_wconf 84' lang='lat' dir='ltr'><strong>inquit,</strong></span> <span class='ocrx_word' id='word_1_294' title='bbox 3665 1395 3722 1449; x_wconf 91' lang='lat' dir='ltr'><strong>in</strong></span> 
     </span>
    </p>
   </div>
   <div class='ocr_carea' id='block_1_42' title="bbox 2155 1479 3729 1553">
    <p class='ocr_par' dir='ltr' id='par_1_42' title="bbox 2155 1479 3729 1553">
     <span class='ocr_line' id='line_1_42' title="bbox 2155 1479 3729 1553; baseline 0.008 -23"><span class='ocrx_word' id='word_1_295' title='bbox 2155 1480 2297 1533; x_wconf 84' lang='lat' dir='ltr'><strong>hanc</strong></span> <span class='ocrx_word' id='word_1_296' title='bbox 2333 1479 2693 1535; x_wconf 81' lang='lat' dir='ltr'><strong>humilitatem</strong></span> <span class='ocrx_word' id='word_1_297' title='bbox 2731 1481 3016 1547; x_wconf 89' lang='lat' dir='ltr'><strong>converti,</strong></span> <span class='ocrx_word' id='word_1_298' title='bbox 3048 1490 3338 1553; x_wconf 86' lang='lat' dir='ltr'><strong>postquam</strong></span> <span class='ocrx_word' id='word_1_299' title='bbox 3372 1485 3437 1540; x_wconf 88' lang='lat' dir='ltr'><strong>ad</strong></span> <span class='ocrx_word' id='word_1_300' title='bbox 3491 1493 3545 1541; x_wconf 89' lang='lat' dir='ltr'><strong>te</strong></span> <span class='ocrx_word' id='word_1_301' title='bbox 3593 1502 3729 1542; x_wconf 88' lang='lat' dir='ltr'><strong>con-</strong></span> 
     </span>
    </p>
   </div>
   <div class='ocr_carea' id='block_1_43' title="bbox 2154 1568 2650 1652">
    <p class='ocr_par' dir='ltr' id='par_1_43' title="bbox 2154 1568 2650 1652">
     <span class='ocr_line' id='line_1_43' title="bbox 2154 1568 2650 1652; baseline 0.01 -32"><span class='ocrx_word' id='word_1_302' title='bbox 2154 1568 2286 1635; x_wconf 74' lang='lat' dir='ltr'><strong>fugi.</strong></span> <span class='ocrx_word' id='word_1_303' title='bbox 2619 1617 2650 1652; x_wconf 63' lang='lat'><strong>.</strong></span> 
     </span>
    </p>
   </div>
   <div class='ocr_carea' id='block_1_44' title="bbox 2231 1661 3723 1741">
    <p class='ocr_par' dir='ltr' id='par_1_44' title="bbox 2231 1661 3723 1741">
     <span class='ocr_line' id='line_1_44' title="bbox 2231 1661 3723 1741; baseline 0.007 -26"><span class='ocrx_word' id='word_1_304' title='bbox 2231 1661 2297 1715; x_wconf 81' lang='lat' dir='ltr'><strong>Et</strong></span> <span class='ocrx_word' id='word_1_305' title='bbox 2325 1664 2534 1727; x_wconf 73' lang='lat' dir='ltr'><strong>dixisti,</strong></span> <span class='ocrx_word' id='word_1_306' title='bbox 2564 1665 2940 1718; x_wconf 77' lang='lat' dir='ltr'><strong>Canrertimini</strong></span> <span class='ocrx_word' id='word_1_307' title='bbox 2964 1665 3066 1735; x_wconf 76' lang='lat' dir='ltr'><strong><em>ﬁlii</em></strong></span> <span class='ocrx_word' id='word_1_308' title='bbox 3085 1668 3375 1724; x_wconf 83' lang='lat' dir='ltr'><strong>hominum.</strong></span> <span class='ocrx_word' id='word_1_309' title='bbox 3395 1670 3501 1735; x_wconf 87' lang='lat' dir='ltr'><strong>Tu,</strong></span> <span class='ocrx_word' id='word_1_310' title='bbox 3522 1670 3723 1741; x_wconf 83' lang='lat' dir='ltr'><strong>inquit,</strong></span> 
     </span>
    </p>
   </div>
   <div class='ocr_carea' id='block_1_45' title="bbox 2154 1754 3723 1821">
    <p class='ocr_par' dir='ltr' id='par_1_45' title="bbox 2154 1754 3723 1821">
     <span class='ocr_line' id='line_1_45' title="bbox 2154 1754 3723 1821; baseline 0.006 -14"><span class='ocrx_word' id='word_1_311' title='bbox 2154 1754 2360 1818; x_wconf 66' lang='lat' dir='ltr'><strong>dixisti,</strong></span> <span class='ocrx_word' id='word_1_312' title='bbox 2390 1754 2537 1810; x_wconf 80' lang='lat' dir='ltr'><strong>Otilii</strong></span> <span class='ocrx_word' id='word_1_313' title='bbox 2570 1756 2878 1821; x_wconf 88' lang='lat' dir='ltr'><strong>hominum,</strong></span> <span class='ocrx_word' id='word_1_314' title='bbox 2908 1760 3308 1814; x_wconf 73' lang='lat' dir='ltr'><strong>convertimini.</strong></span> <span class='ocrx_word' id='word_1_315' title='bbox 3337 1762 3518 1818; x_wconf 75' lang='lat' dir='ltr'><strong>Multis</strong></span> <span class='ocrx_word' id='word_1_316' title='bbox 3542 1773 3723 1818; x_wconf 83' lang='lat' dir='ltr'><strong>autem</strong></span> 
     </span>
    </p>
   </div>
   <div class='ocr_carea' id='block_1_46' title="bbox 2158 1847 3724 1924">
    <p class='ocr_par' dir='ltr' id='par_1_46' title="bbox 2158 1847 3724 1924">
     <span class='ocr_line' id='line_1_46' title="bbox 2158 1847 3724 1924; baseline 0.009 -26"><span class='ocrx_word' id='word_1_317' title='bbox 2158 1847 2209 1898; x_wconf 87' lang='lat' dir='ltr'><strong>in</strong></span> <span class='ocrx_word' id='word_1_318' title='bbox 2251 1848 2393 1903; x_wconf 71' lang='lat' dir='ltr'><strong>locis</strong></span> <span class='ocrx_word' id='word_1_319' title='bbox 2423 1848 2473 1902; x_wconf 89' lang='lat' dir='ltr'><strong>id</strong></span> <span class='ocrx_word' id='word_1_320' title='bbox 2504 1849 2711 1903; x_wconf 88' lang='lat' dir='ltr'><strong>dictum</strong></span> <span class='ocrx_word' id='word_1_321' title='bbox 2748 1850 2981 1919; x_wconf 79' lang='lat' dir='ltr'><strong>legimus</strong></span> <span class='ocrx_word' id='word_1_322' title='bbox 3011 1850 3181 1907; x_wconf 79' lang='lat' dir='ltr'><strong>fuisse</strong></span> <span class='ocrx_word' id='word_1_323' title='bbox 3216 1868 3246 1907; x_wconf 89' lang='lat' dir='ltr'><strong>a</strong></span> <span class='ocrx_word' id='word_1_324' title='bbox 3285 1852 3418 1917; x_wconf 73' lang='lat' dir='ltr'><strong>Dea,</strong></span> <span class='ocrx_word' id='word_1_325' title='bbox 3451 1857 3724 1924; x_wconf 68' lang='lat' dir='ltr'><strong>praecipue</strong></span> 
     </span>
    </p>
   </div>
   <div class='ocr_carea' id='block_1_47' title="bbox 2152 1937 3721 2019">
    <p class='ocr_par' dir='ltr' id='par_1_47' title="bbox 2152 1937 3721 2019">
     <span class='ocr_line' id='line_1_47' title="bbox 2152 1937 3721 2019; baseline 0.009 -29"><span class='ocrx_word' id='word_1_326' title='bbox 2152 1938 2293 2009; x_wconf 86' lang='lat' dir='ltr'><strong>apud</strong></span> <span class='ocrx_word' id='word_1_327' title='bbox 2320 1937 2556 2010; x_wconf 73' lang='lat' dir='ltr'><strong>Moysem</strong></span> <span class='ocrx_word' id='word_1_328' title='bbox 2595 1960 2608 1995; x_wconf 91' lang='lat'><strong>:</strong></span> <span class='ocrx_word' id='word_1_329' title='bbox 2653 1941 2885 2013; x_wconf 81' lang='lat' dir='ltr'><strong>Suscipe</strong></span> <span class='ocrx_word' id='word_1_330' title='bbox 2916 1943 3083 2013; x_wconf 73' lang='lat' dir='ltr'><strong>igitur</strong></span> <span class='ocrx_word' id='word_1_331' title='bbox 3132 1960 3255 2011; x_wconf 90' lang='lat' dir='ltr'><strong>nos,</strong></span> <span class='ocrx_word' id='word_1_332' title='bbox 3297 1949 3391 2019; x_wconf 86' lang='lat' dir='ltr'><strong>qui</strong></span> <span class='ocrx_word' id='word_1_333' title='bbox 3445 1951 3721 2004; x_wconf 81' lang='lat' dir='ltr'><strong>converti-</strong></span> 
     </span>
    </p>
   </div>
   <div class='ocr_carea' id='block_1_48' title="bbox 2151 2033 2491 2087">
    <p class='ocr_par' dir='ltr' id='par_1_48' title="bbox 2151 2033 2491 2087">
     <span class='ocr_line' id='line_1_48' title="bbox 2151 2033 2491 2087; baseline 0.009 -3"><span class='ocrx_word' id='word_1_334' title='bbox 2151 2048 2279 2085; x_wconf 89' lang='lat' dir='ltr'><strong>mur</strong></span> <span class='ocrx_word' id='word_1_335' title='bbox 2318 2033 2384 2086; x_wconf 86' lang='lat' dir='ltr'><strong>ad</strong></span> <span class='ocrx_word' id='word_1_336' title='bbox 2419 2042 2491 2087; x_wconf 82' lang='lat' dir='ltr'><strong>te.</strong></span> 
     </span>
    </p>
   </div>
   <div class='ocr_carea' id='block_1_49' title="bbox 2226 2123 3730 2196">
    <p class='ocr_par' dir='ltr' id='par_1_49' title="bbox 2226 2123 3730 2196">
     <span class='ocr_line' id='line_1_49' title="bbox 2226 2123 3730 2196; baseline 0.009 -23"><span class='ocrx_word' id='word_1_337' title='bbox 2226 2123 2387 2177; x_wconf 72' lang='lat' dir='ltr'><strong>Vens.</strong></span> <span class='ocrx_word' id='word_1_338' title='bbox 2430 2124 2485 2177; x_wconf 74' lang='grc'><strong>4.</strong></span> <span class='ocrx_word' id='word_1_339' title='bbox 2518 2123 2784 2189; x_wconf 84' lang='lat' dir='ltr'><strong>Quoniam</strong></span> <span class='ocrx_word' id='word_1_340' title='bbox 2808 2126 2953 2181; x_wconf 83' lang='lat' dir='ltr'><strong>mille</strong></span> <span class='ocrx_word' id='word_1_341' title='bbox 2980 2128 3111 2182; x_wconf 84' lang='lat' dir='ltr'><strong>anni</strong></span> <span class='ocrx_word' id='word_1_342' title='bbox 3146 2130 3202 2181; x_wconf 85' lang='lat' dir='ltr'><strong>iu</strong></span> <span class='ocrx_word' id='word_1_343' title='bbox 3242 2131 3411 2186; x_wconf 78' lang='lat' dir='ltr'><strong>oculis</strong></span> <span class='ocrx_word' id='word_1_344' title='bbox 3445 2134 3551 2188; x_wconf 79' lang='lat' dir='ltr'><strong>tuis</strong></span> <span class='ocrx_word' id='word_1_345' title='bbox 3576 2175 3591 2196; x_wconf 88' lang='lat'><strong>,</strong></span> <span class='ocrx_word' id='word_1_346' title='bbox 3618 2134 3730 2188; x_wconf 78' lang='grc' dir='ltr'><strong>ου-</strong></span> 
     </span>
    </p>
   </div>
   <div class='ocr_carea' id='block_1_50' title="bbox 2155 2222 3725 2295">
    <p class='ocr_par' dir='ltr' id='par_1_50' title="bbox 2155 2222 3725 2295">
     <span class='ocr_line' id='line_1_50' title="bbox 2155 2222 3725 2295; baseline 0.009 -22"><span class='ocrx_word' id='word_1_347' title='bbox 2155 2222 2291 2275; x_wconf 89' lang='lat' dir='ltr'><strong>mine</strong></span> <span class='ocrx_word' id='word_1_348' title='bbox 2318 2263 2331 2287; x_wconf 92' lang='lat'><strong>,</strong></span> <span class='ocrx_word' id='word_1_349' title='bbox 2359 2224 2495 2278; x_wconf 78' lang='lat' dir='ltr'><strong>sicut</strong></span> <span class='ocrx_word' id='word_1_350' title='bbox 2516 2224 2628 2277; x_wconf 78' lang='lat' dir='ltr'><strong>dies</strong></span> <span class='ocrx_word' id='word_1_351' title='bbox 2662 2225 2905 2278; x_wconf 77' lang='lat' dir='ltr'><strong>hesterna</strong></span> <span class='ocrx_word' id='word_1_352' title='bbox 2931 2241 3049 2295; x_wconf 73' lang='lat' dir='ltr'><strong>qua:</strong></span> <span class='ocrx_word' id='word_1_353' title='bbox 3081 2230 3380 2293; x_wconf 66' lang='lat' dir='ltr'><strong>praeteriit,</strong></span> <span class='ocrx_word' id='word_1_354' title='bbox 3412 2239 3461 2284; x_wconf 89' lang='lat' dir='ltr'><strong>et</strong></span> <span class='ocrx_word' id='word_1_355' title='bbox 3482 2235 3725 2286; x_wconf 80' lang='lat' dir='ltr'><strong>custodia</strong></span> 
     </span>
    </p>
   </div>
   <div class='ocr_carea' id='block_1_51' title="bbox 2152 2314 3721 2379">
    <p class='ocr_par' dir='ltr' id='par_1_51' title="bbox 2152 2314 3721 2379">
     <span class='ocr_line' id='line_1_51' title="bbox 2152 2314 3721 2379; baseline 0.007 -11"><span class='ocrx_word' id='word_1_356' title='bbox 2152 2317 2204 2369; x_wconf 82' lang='lat' dir='ltr'><strong>in</strong></span> <span class='ocrx_word' id='word_1_357' title='bbox 2233 2326 2403 2372; x_wconf 87' lang='lat' dir='ltr'><strong>nocte.</strong></span> <span class='ocrx_word' id='word_1_358' title='bbox 2442 2316 2558 2371; x_wconf 83' lang='lat' dir='ltr'><strong>lloc</strong></span> <span class='ocrx_word' id='word_1_359' title='bbox 2592 2316 2754 2370; x_wconf 87' lang='lat' dir='ltr'><strong>etiam</strong></span> <span class='ocrx_word' id='word_1_360' title='bbox 2790 2314 2995 2370; x_wconf 88' lang='lat' dir='ltr'><strong>dictum</strong></span> <span class='ocrx_word' id='word_1_361' title='bbox 3025 2325 3109 2372; x_wconf 86' lang='lat' dir='ltr'><strong>est</strong></span> <span class='ocrx_word' id='word_1_362' title='bbox 3134 2319 3199 2372; x_wconf 90' lang='lat' dir='ltr'><strong>ad</strong></span> <span class='ocrx_word' id='word_1_363' title='bbox 3237 2319 3721 2379; x_wconf 83' lang='lat' dir='ltr'><strong>demonstrandam</strong></span> 
     </span>
    </p>
   </div>
   <div class='ocr_carea' id='block_1_52' title="bbox 2157 2406 3723 2478">
    <p class='ocr_par' dir='ltr' id='par_1_52' title="bbox 2157 2406 3723 2478">
     <span class='ocr_line' id='line_1_52' title="bbox 2157 2406 3723 2478; baseline 0.006 -18"><span class='ocrx_word' id='word_1_364' title='bbox 2157 2406 2247 2461; x_wconf 74' lang='lat' dir='ltr'><strong>Dei</strong></span> <span class='ocrx_word' id='word_1_365' title='bbox 2275 2409 2656 2462; x_wconf 65' lang='lat' dir='ltr'><strong>aeternitatem.</strong></span> <span class='ocrx_word' id='word_1_366' title='bbox 2716 2408 2877 2469; x_wconf 78' lang='lat' dir='ltr'><strong>Mille,</strong></span> <span class='ocrx_word' id='word_1_367' title='bbox 2910 2407 3112 2478; x_wconf 84' lang='lat' dir='ltr'><strong>inquit,</strong></span> <span class='ocrx_word' id='word_1_368' title='bbox 3149 2411 3274 2465; x_wconf 85' lang='lat' dir='ltr'><strong>anni</strong></span> <span class='ocrx_word' id='word_1_369' title='bbox 3302 2425 3485 2467; x_wconf 89' lang='lat' dir='ltr'><strong>coram</strong></span> <span class='ocrx_word' id='word_1_370' title='bbox 3522 2423 3575 2470; x_wconf 90' lang='lat' dir='ltr'><strong>te</strong></span> <span class='ocrx_word' id='word_1_371' title='bbox 3615 2424 3723 2471; x_wconf 91' lang='lat' dir='ltr'><strong>tam</strong></span> 
     </span>
    </p>
   </div>
   <div class='ocr_carea' id='block_1_53' title="bbox 2153 2500 3727 2572">
    <p class='ocr_par' dir='ltr' id='par_1_53' title="bbox 2153 2500 3727 2572">
     <span class='ocr_line' id='line_1_53' title="bbox 2153 2500 3727 2572; baseline 0.007 -19"><span class='ocrx_word' id='word_1_372' title='bbox 2153 2500 2316 2555; x_wconf 85' lang='lat' dir='ltr'><strong>breve</strong></span> <span class='ocrx_word' id='word_1_373' title='bbox 2354 2507 2567 2569; x_wconf 87' lang='lat' dir='ltr'><strong>tempus</strong></span> <span class='ocrx_word' id='word_1_374' title='bbox 2592 2509 2959 2568; x_wconf 87' lang='lat' dir='ltr'><strong>reputantur,</strong></span> <span class='ocrx_word' id='word_1_375' title='bbox 3020 2517 3187 2571; x_wconf 89' lang='lat' dir='ltr'><strong>quam</strong></span> <span class='ocrx_word' id='word_1_376' title='bbox 3237 2504 3382 2572; x_wconf 86' lang='lat' dir='ltr'><strong>apud</strong></span> <span class='ocrx_word' id='word_1_377' title='bbox 3444 2523 3547 2562; x_wconf 88' lang='lat' dir='ltr'><strong>nos</strong></span> <span class='ocrx_word' id='word_1_378' title='bbox 3606 2506 3727 2563; x_wconf 88' lang='lat' dir='ltr'><strong>dies</strong></span> 
     </span>
    </p>
   </div>
   <div class='ocr_carea' id='block_1_54' title="bbox 2153 2590 3727 2661">
    <p class='ocr_par' dir='ltr' id='par_1_54' title="bbox 2153 2590 3727 2661">
     <span class='ocr_line' id='line_1_54' title="bbox 2153 2590 3727 2661; baseline 0.007 -17"><span class='ocrx_word' id='word_1_379' title='bbox 2153 2605 2261 2644; x_wconf 87' lang='lat' dir='ltr'><strong>una</strong></span> <span class='ocrx_word' id='word_1_380' title='bbox 2292 2590 2376 2645; x_wconf 78' lang='lat' dir='ltr'><strong>vel</strong></span> <span class='ocrx_word' id='word_1_381' title='bbox 2404 2606 2524 2661; x_wconf 77' lang='lat' dir='ltr'><strong>qum</strong></span> <span class='ocrx_word' id='word_1_382' title='bbox 2550 2590 2662 2660; x_wconf 84' lang='lat' dir='ltr'><strong>jam</strong></span> <span class='ocrx_word' id='word_1_383' title='bbox 2694 2591 2860 2645; x_wconf 85' lang='lat' dir='ltr'><strong>etiam</strong></span> <span class='ocrx_word' id='word_1_384' title='bbox 2896 2594 3244 2660; x_wconf 60' lang='lat' dir='ltr'><strong>praterierit.</strong></span> <span class='ocrx_word' id='word_1_385' title='bbox 3294 2597 3522 2651; x_wconf 82' lang='lat' dir='ltr'><strong>Brevior</strong></span> <span class='ocrx_word' id='word_1_386' title='bbox 3572 2614 3727 2654; x_wconf 88' lang='lat' dir='ltr'><strong>nam-</strong></span> 
     </span>
    </p>
   </div>
   <div class='ocr_carea' id='block_1_55' title="bbox 2154 2684 3730 2763">
    <p class='ocr_par' dir='ltr' id='par_1_55' title="bbox 2154 2684 3730 2763">
     <span class='ocr_line' id='line_1_55' title="bbox 2154 2684 3730 2763; baseline 0.007 -26"><span class='ocrx_word' id='word_1_387' title='bbox 2154 2700 2259 2754; x_wconf 83' lang='lat' dir='ltr'><strong>que.</strong></span> <span class='ocrx_word' id='word_1_388' title='bbox 2290 2684 2507 2741; x_wconf 77' lang='lat' dir='ltr'><strong>videtur</strong></span> <span class='ocrx_word' id='word_1_389' title='bbox 2534 2698 2597 2739; x_wconf 90' lang='lat' dir='ltr'><strong>ea</strong></span> <span class='ocrx_word' id='word_1_390' title='bbox 2626 2684 2767 2749; x_wconf 82' lang='lat' dir='ltr'><strong>dies,</strong></span> <span class='ocrx_word' id='word_1_391' title='bbox 2800 2700 2921 2754; x_wconf 68' lang='lat' dir='ltr'><strong>qua:</strong></span> <span class='ocrx_word' id='word_1_392' title='bbox 2954 2689 3234 2755; x_wconf 76' lang='lat' dir='ltr'><strong>prteteriit,</strong></span> <span class='ocrx_word' id='word_1_393' title='bbox 3276 2704 3440 2760; x_wconf 84' lang='lat' dir='ltr'><strong>quam</strong></span> <span class='ocrx_word' id='word_1_394' title='bbox 3480 2707 3543 2746; x_wconf 88' lang='lat' dir='ltr'><strong>ea</strong></span> <span class='ocrx_word' id='word_1_395' title='bbox 3604 2710 3730 2763; x_wconf 57' lang='lat' dir='ltr'><strong>qua</strong></span> 
     </span>
    </p>
   </div>
   <div class='ocr_carea' id='block_1_56' title="bbox 2154 2776 3727 2855">
    <p class='ocr_par' dir='ltr' id='par_1_56' title="bbox 2154 2776 3727 2855">
     <span class='ocr_line' id='line_1_56' title="bbox 2154 2776 3727 2855; baseline 0.008 -26"><span class='ocrx_word' id='word_1_396' title='bbox 2154 2776 2333 2831; x_wconf 86' lang='lat' dir='ltr'><strong>adhuc</strong></span> <span class='ocrx_word' id='word_1_397' title='bbox 2358 2790 2599 2846; x_wconf 71' lang='lat' dir='ltr'><strong>prmsens</strong></span> <span class='ocrx_word' id='word_1_398' title='bbox 2629 2785 2715 2831; x_wconf 83' lang='lat' dir='ltr'><strong>est</strong></span> <span class='ocrx_word' id='word_1_399' title='bbox 2742 2795 2758 2833; x_wconf 86' lang='lat'><strong>:</strong></span> <span class='ocrx_word' id='word_1_400' title='bbox 2788 2786 3072 2833; x_wconf 89' lang='lat' dir='ltr'><strong>et-rursns</strong></span> <span class='ocrx_word' id='word_1_401' title='bbox 3095 2819 3111 2842; x_wconf 93' lang='lat'><strong>,</strong></span> <span class='ocrx_word' id='word_1_402' title='bbox 3150 2788 3259 2833; x_wconf 88' lang='lat' dir='ltr'><strong>tam</strong></span> <span class='ocrx_word' id='word_1_403' title='bbox 3310 2781 3472 2838; x_wconf 80' lang='lat' dir='ltr'><strong>breve</strong></span> <span class='ocrx_word' id='word_1_404' title='bbox 3511 2792 3727 2855; x_wconf 83' lang='lat' dir='ltr'><strong>tempus</strong></span> 
     </span>
    </p>
   </div>
   <div class='ocr_carea' id='block_1_57' title="bbox 2154 2869 3724 2944">
    <p class='ocr_par' dir='ltr' id='par_1_57' title="bbox 2154 2869 3724 2944">
     <span class='ocr_line' id='line_1_57' title="bbox 2154 2869 3724 2944; baseline 0.003 -21"><span class='ocrx_word' id='word_1_405' title='bbox 2154 2881 2435 2939; x_wconf 79' lang='lat' dir='ltr'><strong>reputatur</strong></span> <span class='ocrx_word' id='word_1_406' title='bbox 2502 2869 2647 2923; x_wconf 90' lang='lat' dir='ltr'><strong>mille</strong></span> <span class='ocrx_word' id='word_1_407' title='bbox 2688 2869 2817 2923; x_wconf 90' lang='lat' dir='ltr'><strong>anni</strong></span> <span class='ocrx_word' id='word_1_408' title='bbox 2852 2886 3035 2925; x_wconf 86' lang='lat' dir='ltr'><strong>coram</strong></span> <span class='ocrx_word' id='word_1_409' title='bbox 3092 2881 3145 2925; x_wconf 87' lang='lat' dir='ltr'><strong>te</strong></span> <span class='ocrx_word' id='word_1_410' title='bbox 3172 2911 3187 2933; x_wconf 91' lang='lat'><strong>,</strong></span> <span class='ocrx_word' id='word_1_411' title='bbox 3234 2888 3398 2942; x_wconf 86' lang='lat' dir='ltr'><strong>quam</strong></span> <span class='ocrx_word' id='word_1_412' title='bbox 3452 2873 3593 2944; x_wconf 89' lang='lat' dir='ltr'><strong>apud</strong></span> <span class='ocrx_word' id='word_1_413' title='bbox 3622 2890 3724 2929; x_wconf 73' lang='lat' dir='ltr'><strong>nos</strong></span> 
     </span>
    </p>
   </div>
   <div class='ocr_carea' id='block_1_58' title="bbox 2154 2962 3726 3034">
    <p class='ocr_par' dir='ltr' id='par_1_58' title="bbox 2154 2962 3726 3034">
     <span class='ocr_line' id='line_1_58' title="bbox 2154 2962 3726 3034; baseline 0.003 -17"><span class='ocrx_word' id='word_1_414' title='bbox 2154 2970 2439 3030; x_wconf 78' lang='lat' dir='ltr'><strong>reputatur</strong></span> <span class='ocrx_word' id='word_1_415' title='bbox 2489 2969 2683 3034; x_wconf 89' lang='lat' dir='ltr'><strong>quarta</strong></span> <span class='ocrx_word' id='word_1_416' title='bbox 2723 2977 2851 3031; x_wconf 87' lang='lat' dir='ltr'><strong>pars</strong></span> <span class='ocrx_word' id='word_1_417' title='bbox 2904 2962 3085 3018; x_wconf 89' lang='lat' dir='ltr'><strong>noctis</strong></span> <span class='ocrx_word' id='word_1_418' title='bbox 3117 2979 3322 3033; x_wconf 89' lang='lat' dir='ltr'><strong>:quam</strong></span> <span class='ocrx_word' id='word_1_419' title='bbox 3357 2976 3565 3033; x_wconf 88' lang='lat' dir='ltr'><strong>partem</strong></span> <span class='ocrx_word' id='word_1_420' title='bbox 3626 2981 3726 3022; x_wconf 88' lang='lat' dir='ltr'><strong>no-</strong></span> 
     </span>
    </p>
   </div>
   <div class='ocr_carea' id='block_1_59' title="bbox 2154 3055 3724 3129">
    <p class='ocr_par' dir='ltr' id='par_1_59' title="bbox 2154 3055 3724 3129">
     <span class='ocr_line' id='line_1_59' title="bbox 2154 3055 3724 3129; baseline 0.004 -19"><span class='ocrx_word' id='word_1_421' title='bbox 2154 3058 2258 3110; x_wconf 84' lang='lat' dir='ltr'><strong>ctis</strong></span> <span class='ocrx_word' id='word_1_422' title='bbox 2290 3056 2595 3111; x_wconf 86' lang='lat' dir='ltr'><strong>custodiam</strong></span> <span class='ocrx_word' id='word_1_423' title='bbox 2630 3055 2946 3125; x_wconf 81' lang='lat' dir='ltr'><strong>appellavit.</strong></span> <span class='ocrx_word' id='word_1_424' title='bbox 3002 3055 3192 3111; x_wconf 86' lang='lat' dir='ltr'><strong>Solent</strong></span> <span class='ocrx_word' id='word_1_425' title='bbox 3230 3058 3376 3111; x_wconf 82' lang='lat' dir='ltr'><strong>enim</strong></span> <span class='ocrx_word' id='word_1_426' title='bbox 3434 3059 3468 3113; x_wconf 90' lang='lat' dir='ltr'><strong>ii</strong></span> <span class='ocrx_word' id='word_1_427' title='bbox 3523 3060 3616 3129; x_wconf 92' lang='lat' dir='ltr'><strong>qui</strong></span> <span class='ocrx_word' id='word_1_428' title='bbox 3669 3063 3724 3116; x_wconf 92' lang='lat' dir='ltr'><strong>in</strong></span> 
     </span>
    </p>
   </div>
   <div class='ocr_carea' id='block_1_60' title="bbox 482 3138 2055 3221">
    <p class='ocr_par' dir='ltr' id='par_1_60' title="bbox 482 3138 2052 3215">
     <span class='ocr_line' id='line_1_60' title="bbox 482 3138 2052 3215; baseline 0.01 -28"><span class='ocrx_word' id='word_1_429' title='bbox 482 3138 563 3199; x_wconf 84' lang='grc' dir='ltr'><strong>εἰς</strong></span> <span class='ocrx_word' id='word_1_430' title='bbox 606 3138 851 3212; x_wconf 81' lang='grc' dir='ltr'><strong>τέσσαρα</strong></span> <span class='ocrx_word' id='word_1_431' title='bbox 896 3143 1037 3213; x_wconf 80' lang='grc' dir='ltr'><strong>μέρη</strong></span> <span class='ocrx_word' id='word_1_432' title='bbox 1069 3146 1183 3207; x_wconf 77' lang='grc' dir='ltr'><strong>τοῖς</strong></span> <span class='ocrx_word' id='word_1_433' title='bbox 1210 3144 1504 3212; x_wconf 73' lang='grc' dir='ltr'><strong>ἀμοιϐαδὸν</strong></span> <span class='ocrx_word' id='word_1_434' title='bbox 1546 3146 2052 3215; x_wconf 79' lang='grc' dir='ltr'><strong>νυκτοφυλακοῦσιν</strong></span> 
     </span>
    </p>
   </div>
   <div class='ocr_carea' id='block_1_61' title="bbox 2156 3138 3727 3221">
    <p class='ocr_par' dir='ltr' id='par_1_61' title="bbox 2156 3147 3727 3221">
     <span class='ocr_line' id='line_1_61' title="bbox 2156 3147 3727 3221; baseline 0.006 -20"><span class='ocrx_word' id='word_1_435' title='bbox 2156 3148 2400 3203; x_wconf 79' lang='lat' dir='ltr'><strong>exercitu</strong></span> <span class='ocrx_word' id='word_1_436' title='bbox 2433 3164 2529 3218; x_wconf 90' lang='lat' dir='ltr'><strong>per</strong></span> <span class='ocrx_word' id='word_1_437' title='bbox 2572 3148 2721 3203; x_wconf 79' lang='lat' dir='ltr'><strong>vices</strong></span> <span class='ocrx_word' id='word_1_438' title='bbox 2775 3148 3057 3204; x_wconf 86' lang='lat' dir='ltr'><strong>custodias</strong></span> <span class='ocrx_word' id='word_1_439' title='bbox 3116 3147 3369 3215; x_wconf 80' lang='lat' dir='ltr'><strong>faciunt,</strong></span> <span class='ocrx_word' id='word_1_440' title='bbox 3427 3155 3727 3221; x_wconf 61' lang='lat' dir='ltr'><strong>quamlibet</strong></span> 
     </span>
    </p>
   </div>
   <div class='ocr_carea' id='block_1_62' title="bbox 484 3233 2054 3311">
    <p class='ocr_par' dir='ltr' id='par_1_62' title="bbox 484 3233 2054 3311">
     <span class='ocr_line' id='line_1_62' title="bbox 484 3233 2054 3311; baseline 0.007 -28"><span class='ocrx_word' id='word_1_441' title='bbox 484 3233 545 3283; x_wconf 67' lang='lat' dir='ltr'><strong>tv</strong></span> <span class='ocrx_word' id='word_1_442' title='bbox 594 3236 980 3304; x_wconf 82' lang='grc' dir='ltr'><strong>στρατοπέδοις</strong></span> <span class='ocrx_word' id='word_1_443' title='bbox 1030 3236 1396 3309; x_wconf 79' lang='grc' dir='ltr'><strong>διῃρημένης,</strong></span> <span class='ocrx_word' id='word_1_444' title='bbox 1446 3238 1729 3309; x_wconf 74' lang='grc' dir='ltr'><strong>ἐπήγαγεν</strong></span> <span class='ocrx_word' id='word_1_445' title='bbox 1759 3240 1839 3292; x_wconf 74' lang='grc' dir='ltr'><strong>ἔτι</strong></span> <span class='ocrx_word' id='word_1_446' title='bbox 1873 3241 2054 3311; x_wconf 73' lang='grc' dir='ltr'><strong>πολλῷ</strong></span> 
     </span>
    </p>
   </div>
   <div class='ocr_carea' id='block_1_63' title="bbox 486 3324 2052 3407">
    <p class='ocr_par' dir='ltr' id='par_1_63' title="bbox 486 3324 2052 3407">
     <span class='ocr_line' id='line_1_63' title="bbox 486 3324 2052 3407; baseline 0.007 -29"><span class='ocrx_word' id='word_1_447' title='bbox 486 3324 823 3399; x_wconf 80' lang='grc' dir='ltr'><strong>βραχύτερον</strong></span> <span class='ocrx_word' id='word_1_448' title='bbox 847 3328 908 3382; x_wconf 85' lang='grc' dir='ltr'><strong>τὸ</strong></span> <span class='ocrx_word' id='word_1_449' title='bbox 936 3331 1370 3402; x_wconf 83' lang='grc' dir='ltr'><strong>τεταρτημόριον</strong></span> <span class='ocrx_word' id='word_1_450' title='bbox 1395 3329 1497 3401; x_wconf 85' lang='grc' dir='ltr'><strong>τῆς</strong></span> <span class='ocrx_word' id='word_1_451' title='bbox 1536 3332 1727 3395; x_wconf 84' lang='grc' dir='ltr'><strong>νυκτός</strong></span> <span class='ocrx_word' id='word_1_452' title='bbox 1750 3349 1766 3365; x_wconf 85' lang='grc'><strong>·</strong></span> <span class='ocrx_word' id='word_1_453' title='bbox 1799 3333 1931 3407; x_wconf 76' lang='grc' dir='ltr'><strong>διότι</strong></span> <span class='ocrx_word' id='word_1_454' title='bbox 1957 3335 2052 3389; x_wconf 72' lang='grc' dir='ltr'><strong>καὶ</strong></span> 
     </span>
    </p>
   </div>
   <div class='ocr_carea' id='block_1_64' title="bbox 487 3415 2055 3496">
    <p class='ocr_par' dir='ltr' id='par_1_64' title="bbox 487 3415 2055 3496">
     <span class='ocr_line' id='line_1_64' title="bbox 487 3415 2055 3496; baseline 0.008 -29"><span class='ocrx_word' id='word_1_455' title='bbox 487 3417 520 3485; x_wconf 75' lang='grc' dir='ltr'>ἡ</span> <span class='ocrx_word' id='word_1_456' title='bbox 561 3415 657 3483; x_wconf 79' lang='grc' dir='ltr'><strong>νὺξ</strong></span> <span class='ocrx_word' id='word_1_457' title='bbox 682 3417 772 3471; x_wconf 77' lang='grc' dir='ltr'><strong>ἀεὶ</strong></span> <span class='ocrx_word' id='word_1_458' title='bbox 816 3420 1004 3492; x_wconf 67' lang='grc' dir='ltr'><strong>τάχιον</strong></span> <span class='ocrx_word' id='word_1_459' title='bbox 1036 3421 1296 3493; x_wconf 75' lang='grc' dir='ltr'><strong>ὑπορρεῖν</strong></span> <span class='ocrx_word' id='word_1_460' title='bbox 1324 3421 1473 3475; x_wconf 84' lang='grc' dir='ltr'><strong>δοκεῖ</strong></span> <span class='ocrx_word' id='word_1_461' title='bbox 1503 3422 1655 3493; x_wconf 72' lang='grc' dir='ltr'><strong>παρὰ</strong></span> <span class='ocrx_word' id='word_1_462' title='bbox 1694 3423 1795 3496; x_wconf 81' lang='grc' dir='ltr'><strong>τὴν</strong></span> <span class='ocrx_word' id='word_1_463' title='bbox 1834 3426 2055 3496; x_wconf 75' lang='grc' dir='ltr'><strong>ἡμέραν</strong></span> 
     </span>
    </p>
   </div>
   <div class='ocr_carea' id='block_1_65' title="bbox 488 3507 2057 3583">
    <p class='ocr_par' dir='ltr' id='par_1_65' title="bbox 488 3507 2057 3583">
     <span class='ocr_line' id='line_1_65' title="bbox 488 3507 2057 3583; baseline 0.007 -22"><span class='ocrx_word' id='word_1_464' title='bbox 488 3507 578 3563; x_wconf 85' lang='grc' dir='ltr'><strong>διὰ</strong></span> <span class='ocrx_word' id='word_1_465' title='bbox 613 3508 712 3581; x_wconf 75' lang='grc' dir='ltr'><strong>τὴν</strong></span> <span class='ocrx_word' id='word_1_466' title='bbox 750 3513 1110 3583; x_wconf 78' lang='grc' dir='ltr'><strong>ἀναισθησίαν</strong></span> <span class='ocrx_word' id='word_1_467' title='bbox 1133 3514 1246 3567; x_wconf 82' lang='grc' dir='ltr'><strong>τῶν</strong></span> <span class='ocrx_word' id='word_1_468' title='bbox 1282 3512 1676 3580; x_wconf 80' lang='grc' dir='ltr'><strong>καθευδόντων,</strong></span> <span class='ocrx_word' id='word_1_469' title='bbox 1724 3515 1819 3570; x_wconf 77' lang='grc' dir='ltr'><strong>καὶ</strong></span> <span class='ocrx_word' id='word_1_470' title='bbox 1863 3518 1952 3571; x_wconf 74' lang='grc' dir='ltr'><strong>διὰ</strong></span> <span class='ocrx_word' id='word_1_471' title='bbox 1994 3519 2057 3572; x_wconf 75' lang='grc' dir='ltr'><strong>τὸ</strong></span> 
     </span>
    </p>
   </div>
   <div class='ocr_carea' id='block_1_66' title="bbox 489 3600 2055 3677">
    <p class='ocr_par' dir='ltr' id='par_1_66' title="bbox 489 3600 2055 3677">
     <span class='ocr_line' id='line_1_66' title="bbox 489 3600 2055 3677; baseline 0.009 -25"><span class='ocrx_word' id='word_1_472' title='bbox 489 3600 700 3666; x_wconf 74' lang='grc' dir='ltr'><strong>σκότος,</strong></span> <span class='ocrx_word' id='word_1_473' title='bbox 738 3604 833 3657; x_wconf 76' lang='grc' dir='ltr'><strong>καὶ</strong></span> <span class='ocrx_word' id='word_1_474' title='bbox 860 3605 947 3659; x_wconf 78' lang='grc' dir='ltr'><strong>διὰ</strong></span> <span class='ocrx_word' id='word_1_475' title='bbox 968 3605 1067 3677; x_wconf 77' lang='grc' dir='ltr'><strong>τὴν</strong></span> <span class='ocrx_word' id='word_1_476' title='bbox 1092 3606 1201 3660; x_wconf 77' lang='grc' dir='ltr'><strong>ἀπὸ</strong></span> <span class='ocrx_word' id='word_1_477' title='bbox 1228 3606 1337 3661; x_wconf 85' lang='grc' dir='ltr'><strong>τῶν</strong></span> <span class='ocrx_word' id='word_1_478' title='bbox 1367 3606 1547 3660; x_wconf 83' lang='grc' dir='ltr'><strong>πόνων</strong></span> <span class='ocrx_word' id='word_1_479' title='bbox 1577 3607 1785 3662; x_wconf 81' lang='grc' dir='ltr'><strong>ἄνεσιν.</strong></span> <span class='ocrx_word' id='word_1_480' title='bbox 1812 3609 1969 3664; x_wconf 80' lang='grc' dir='ltr'><strong>οὕτω</strong></span> <span class='ocrx_word' id='word_1_481' title='bbox 1998 3613 2055 3666; x_wconf 67' lang='grc' dir='ltr'><strong>δὲ</strong></span> 
     </span>
    </p>
   </div>
   <div class='ocr_carea' id='block_1_67' title="bbox 486 3692 2058 3771">
    <p class='ocr_par' dir='ltr' id='par_1_67' title="bbox 486 3692 2058 3771">
     <span class='ocr_line' id='line_1_67' title="bbox 486 3692 2058 3771; baseline 0.008 -27"><span class='ocrx_word' id='word_1_482' title='bbox 486 3692 564 3763; x_wconf 77' lang='grc' dir='ltr'><strong>τῷ</strong></span> <span class='ocrx_word' id='word_1_483' title='bbox 586 3693 706 3765; x_wconf 85' lang='grc' dir='ltr'><strong>Θεῷ</strong></span> <span class='ocrx_word' id='word_1_484' title='bbox 732 3697 765 3766; x_wconf 73' lang='grc' dir='ltr'><strong>ἡ</strong></span> <span class='ocrx_word' id='word_1_485' title='bbox 799 3696 1232 3769; x_wconf 69' lang='grc' dir='ltr'><strong>χιλιονταετηρὶς</strong></span> <span class='ocrx_word' id='word_1_486' title='bbox 1264 3697 1560 3768; x_wconf 75' lang='grc' dir='ltr'><strong>λογίζεται,</strong></span> <span class='ocrx_word' id='word_1_487' title='bbox 1589 3699 1725 3754; x_wconf 81' lang='grc' dir='ltr'><strong>διότι</strong></span> <span class='ocrx_word' id='word_1_488' title='bbox 1768 3700 1911 3769; x_wconf 81' lang='grc' dir='ltr'><strong>αὕτη</strong></span> <span class='ocrx_word' id='word_1_489' title='bbox 1956 3702 2058 3771; x_wconf 70' lang='grc' dir='ltr'><strong>μὲν</strong></span> 
     </span>
    </p>
   </div>
   <div class='ocr_carea' id='block_1_68' title="bbox 488 3787 2056 3861">
    <p class='ocr_par' dir='ltr' id='par_1_68' title="bbox 488 3787 2056 3861">
     <span class='ocr_line' id='line_1_68' title="bbox 488 3787 2056 3861; baseline 0.008 -25"><span class='ocrx_word' id='word_1_490' title='bbox 488 3788 789 3858; x_wconf 70' lang='grc' dir='ltr'><strong>παραρρεῖ,</strong></span> <span class='ocrx_word' id='word_1_491' title='bbox 818 3791 849 3841; x_wconf 67' lang='grc' dir='ltr'><strong>ὁ</strong></span> <span class='ocrx_word' id='word_1_492' title='bbox 882 3787 939 3842; x_wconf 83' lang='grc' dir='ltr'><strong>δὲ</strong></span> <span class='ocrx_word' id='word_1_493' title='bbox 973 3789 1230 3859; x_wconf 78' lang='grc' dir='ltr'><strong>ἀκίνητός</strong></span> <span class='ocrx_word' id='word_1_494' title='bbox 1256 3791 1375 3845; x_wconf 71' lang='grc' dir='ltr'><strong>ἔστι</strong></span> <span class='ocrx_word' id='word_1_495' title='bbox 1399 3791 1494 3845; x_wconf 73' lang='grc' dir='ltr'><strong>καὶ</strong></span> <span class='ocrx_word' id='word_1_496' title='bbox 1514 3792 1703 3858; x_wconf 77' lang='grc' dir='ltr'><strong>ἀΐδιος.</strong></span> <span class='ocrx_word' id='word_1_497' title='bbox 1731 3794 1805 3847; x_wconf 83' lang='grc' dir='ltr'><strong>Τὸ</strong></span> <span class='ocrx_word' id='word_1_498' title='bbox 1827 3794 1905 3861; x_wconf 80' lang='grc' dir='ltr'><strong>δὲ,</strong></span> <span class='ocrx_word' id='word_1_499' title='bbox 1934 3796 2056 3849; x_wconf 76' lang='grc' dir='ltr'><strong>Ὀτι</strong></span> 
     </span>
    </p>
   </div>
   <div class='ocr_carea' id='block_1_69' title="bbox 490 3874 1415 3949">
    <p class='ocr_par' dir='ltr' id='par_1_69' title="bbox 490 3874 1415 3949">
     <span class='ocr_line' id='line_1_69' title="bbox 490 3874 1415 3949; baseline 0.01 -20"><span class='ocrx_word' id='word_1_500' title='bbox 490 3874 848 3945; x_wconf 76' lang='grc' dir='ltr'><strong>βεϐαιωτικὸν</strong></span> <span class='ocrx_word' id='word_1_501' title='bbox 876 3882 998 3936; x_wconf 72' lang='grc' dir='ltr'><strong>ἀντὶ</strong></span> <span class='ocrx_word' id='word_1_502' title='bbox 1027 3882 1145 3949; x_wconf 82' lang='grc' dir='ltr'><strong>τοῦ,</strong></span> <span class='ocrx_word' id='word_1_503' title='bbox 1187 3885 1415 3948; x_wconf 83' lang='grc' dir='ltr'><strong>Ὄντως.</strong></span> 
     </span>
    </p>
   </div>
   <div class='ocr_carea' id='block_1_70' title="bbox 2162 3238 3731 3315">
    <p class='ocr_par' dir='ltr' id='par_1_70' title="bbox 2162 3238 3731 3315">
     <span class='ocr_line' id='line_1_70' title="bbox 2162 3238 3731 3315; baseline 0.004 -22"><span class='ocrx_word' id='word_1_504' title='bbox 2162 3248 2376 3293; x_wconf 82' lang='lat' dir='ltr'><strong>noctem</strong></span> <span class='ocrx_word' id='word_1_505' title='bbox 2419 3239 2473 3292; x_wconf 91' lang='lat' dir='ltr'><strong>in</strong></span> <span class='ocrx_word' id='word_1_506' title='bbox 2500 3249 2736 3312; x_wconf 84' lang='lat' dir='ltr'><strong>quatuor</strong></span> <span class='ocrx_word' id='word_1_507' title='bbox 2768 3238 3011 3295; x_wconf 86' lang='lat' dir='ltr'><strong>dividere</strong></span> <span class='ocrx_word' id='word_1_508' title='bbox 3039 3250 3244 3309; x_wconf 83' lang='lat' dir='ltr'><strong>partes,</strong></span> <span class='ocrx_word' id='word_1_509' title='bbox 3276 3252 3327 3297; x_wconf 91' lang='lat' dir='ltr'><strong>et</strong></span> <span class='ocrx_word' id='word_1_510' title='bbox 3368 3259 3731 3315; x_wconf 82' lang='lat' dir='ltr'><strong>unamquam-</strong></span> 
     </span>
    </p>
   </div>
   <div class='ocr_carea' id='block_1_71' title="bbox 2159 3328 3732 3407">
    <p class='ocr_par' dir='ltr' id='par_1_71' title="bbox 2159 3328 3732 3407">
     <span class='ocr_line' id='line_1_71' title="bbox 2159 3328 3732 3407; baseline 0.006 -23"><span class='ocrx_word' id='word_1_511' title='bbox 2159 3346 2268 3402; x_wconf 86' lang='lat' dir='ltr'><strong>que</strong></span> <span class='ocrx_word' id='word_1_512' title='bbox 2324 3339 2534 3401; x_wconf 87' lang='lat' dir='ltr'><strong>partem</strong></span> <span class='ocrx_word' id='word_1_513' title='bbox 2604 3328 2912 3385; x_wconf 82' lang='lat' dir='ltr'><strong>custodiam</strong></span> <span class='ocrx_word' id='word_1_514' title='bbox 2968 3330 3246 3401; x_wconf 88' lang='lat' dir='ltr'><strong>appellare</strong></span> <span class='ocrx_word' id='word_1_515' title='bbox 3293 3350 3307 3388; x_wconf 85' lang='lat'><strong>:</strong></span> <span class='ocrx_word' id='word_1_516' title='bbox 3355 3334 3509 3388; x_wconf 85' lang='lat' dir='ltr'><strong>verbi</strong></span> <span class='ocrx_word' id='word_1_517' title='bbox 3557 3338 3732 3407; x_wconf 76' lang='lat' dir='ltr'><strong>gratia</strong></span> 
     </span>
    </p>
   </div>
   <div class='ocr_carea' id='block_1_72' title="bbox 2161 3422 3729 3497">
    <p class='ocr_par' dir='ltr' id='par_1_72' title="bbox 2161 3422 3729 3497">
     <span class='ocr_line' id='line_1_72' title="bbox 2161 3422 3729 3497; baseline 0.004 -22"><span class='ocrx_word' id='word_1_518' title='bbox 2161 3423 2393 3492; x_wconf 84' lang='lat' dir='ltr'><strong>primam</strong></span> <span class='ocrx_word' id='word_1_519' title='bbox 2426 3463 2443 3486; x_wconf 93' lang='lat'><strong>,</strong></span> <span class='ocrx_word' id='word_1_520' title='bbox 2496 3431 2591 3475; x_wconf 86' lang='lat' dir='ltr'><strong>aut</strong></span> <span class='ocrx_word' id='word_1_521' title='bbox 2640 3422 2934 3477; x_wconf 86' lang='lat' dir='ltr'><strong>secundam</strong></span> <span class='ocrx_word' id='word_1_522' title='bbox 2992 3424 3319 3478; x_wconf 81' lang='lat' dir='ltr'><strong>custodiam.</strong></span> <span class='ocrx_word' id='word_1_523' title='bbox 3374 3426 3509 3480; x_wconf 81' lang='lat' dir='ltr'><strong>Cum</strong></span> <span class='ocrx_word' id='word_1_524' title='bbox 3560 3428 3729 3497; x_wconf 83' lang='lat' dir='ltr'><strong>igitur</strong></span> 
     </span>
    </p>
   </div>
   <div class='ocr_carea' id='block_1_73' title="bbox 2163 3512 3732 3585">
    <p class='ocr_par' dir='ltr' id='par_1_73' title="bbox 2163 3512 3732 3585">
     <span class='ocr_line' id='line_1_73' title="bbox 2163 3512 3732 3585; baseline 0.003 -14"><span class='ocrx_word' id='word_1_525' title='bbox 2163 3517 2342 3585; x_wconf 90' lang='lat' dir='ltr'><strong>primo</strong></span> <span class='ocrx_word' id='word_1_526' title='bbox 2369 3512 2515 3569; x_wconf 87' lang='lat' dir='ltr'><strong>mille</strong></span> <span class='ocrx_word' id='word_1_527' title='bbox 2548 3528 2814 3567; x_wconf 86' lang='lat' dir='ltr'><strong>annorum</strong></span> <span class='ocrx_word' id='word_1_528' title='bbox 2852 3514 3090 3583; x_wconf 75' lang='lat' dir='ltr'><strong>Spatium</strong></span> <span class='ocrx_word' id='word_1_529' title='bbox 3148 3517 3376 3584; x_wconf 89' lang='lat' dir='ltr'><strong>tempori</strong></span> <span class='ocrx_word' id='word_1_530' title='bbox 3424 3518 3588 3574; x_wconf 89' lang='lat' dir='ltr'><strong>unius</strong></span> <span class='ocrx_word' id='word_1_531' title='bbox 3623 3520 3732 3575; x_wconf 86' lang='lat' dir='ltr'><strong>dici</strong></span> 
     </span>
    </p>
   </div>
   <div class='ocr_carea' id='block_1_74' title="bbox 2165 3603 3732 3676">
    <p class='ocr_par' dir='ltr' id='par_1_74' title="bbox 2165 3603 3732 3676">
     <span class='ocr_line' id='line_1_74' title="bbox 2165 3603 3732 3676; baseline 0.001 -17"><span class='ocrx_word' id='word_1_532' title='bbox 2165 3604 2585 3676; x_wconf 85' lang='lat' dir='ltr'><strong>comparaverit,</strong></span> <span class='ocrx_word' id='word_1_533' title='bbox 2610 3611 2774 3673; x_wconf 87' lang='lat' dir='ltr'><strong>atque</strong></span> <span class='ocrx_word' id='word_1_534' title='bbox 2807 3604 2927 3671; x_wconf 87' lang='lat' dir='ltr'><strong>ejus</strong></span> <span class='ocrx_word' id='word_1_535' title='bbox 2957 3603 3176 3670; x_wconf 86' lang='lat' dir='ltr'><strong>quidem</strong></span> <span class='ocrx_word' id='word_1_536' title='bbox 3224 3610 3510 3671; x_wconf 62' lang='lat' dir='ltr'><strong>praeteritae</strong></span> <span class='ocrx_word' id='word_1_537' title='bbox 3530 3648 3546 3672; x_wconf 93' lang='lat'><strong>,</strong></span> <span class='ocrx_word' id='word_1_538' title='bbox 3577 3609 3732 3662; x_wconf 60' lang='lat' dir='ltr'><strong>addi.</strong></span> 
     </span>
    </p>
   </div>
   <div class='ocr_carea' id='block_1_75' title="bbox 2168 3694 3731 3768">
    <p class='ocr_par' dir='ltr' id='par_1_75' title="bbox 2168 3694 3731 3768">
     <span class='ocr_line' id='line_1_75' title="bbox 2168 3694 3731 3768; baseline 0.006 -23"><span class='ocrx_word' id='word_1_539' title='bbox 2168 3700 2246 3754; x_wconf 79' lang='lat' dir='ltr'><strong>dit</strong></span> <span class='ocrx_word' id='word_1_540' title='bbox 2279 3708 2335 3755; x_wconf 72' lang='lat' dir='ltr'><strong>et</strong></span> <span class='ocrx_word' id='word_1_541' title='bbox 2362 3694 2635 3767; x_wconf 84' lang='lat' dir='ltr'><strong>quoddam</strong></span> <span class='ocrx_word' id='word_1_542' title='bbox 2678 3704 2890 3764; x_wconf 84' lang='lat' dir='ltr'><strong>tempus</strong></span> <span class='ocrx_word' id='word_1_543' title='bbox 2938 3694 3112 3748; x_wconf 91' lang='lat' dir='ltr'><strong>multo</strong></span> <span class='ocrx_word' id='word_1_544' title='bbox 3172 3694 3415 3763; x_wconf 86' lang='lat' dir='ltr'><strong>brevius,</strong></span> <span class='ocrx_word' id='word_1_545' title='bbox 3478 3710 3731 3768; x_wconf 85' lang='lat' dir='ltr'><strong>quartam</strong></span> 
     </span>
    </p>
   </div>
   <div class='ocr_carea' id='block_1_76' title="bbox 2165 3786 3732 3856">
    <p class='ocr_par' dir='ltr' id='par_1_76' title="bbox 2165 3786 3732 3856">
     <span class='ocr_line' id='line_1_76' title="bbox 2165 3786 3732 3856; baseline 0 -9"><span class='ocrx_word' id='word_1_546' title='bbox 2165 3790 2376 3847; x_wconf 78' lang='lat' dir='ltr'><strong>scilicet</strong></span> <span class='ocrx_word' id='word_1_547' title='bbox 2405 3788 2582 3843; x_wconf 77' lang='lat' dir='ltr'><strong>noctis</strong></span> <span class='ocrx_word' id='word_1_548' title='bbox 2609 3800 2839 3856; x_wconf 87' lang='lat' dir='ltr'><strong>partem.</strong></span> <span class='ocrx_word' id='word_1_549' title='bbox 2896 3786 3117 3839; x_wconf 80' lang='lat' dir='ltr'><strong>Brevior</strong></span> <span class='ocrx_word' id='word_1_550' title='bbox 3169 3789 3315 3841; x_wconf 87' lang='lat' dir='ltr'><strong>enim</strong></span> <span class='ocrx_word' id='word_1_551' title='bbox 3365 3791 3578 3845; x_wconf 83' lang='lat' dir='ltr'><strong>videtur</strong></span> <span class='ocrx_word' id='word_1_552' title='bbox 3622 3808 3732 3847; x_wconf 74' lang='lat' dir='ltr'><strong>nux</strong></span> 
     </span>
    </p>
   </div>
   <div class='ocr_carea' id='block_1_77' title="bbox 2164 3877 3739 3957">
    <p class='ocr_par' dir='ltr' id='par_1_77' title="bbox 2164 3877 3739 3957">
     <span class='ocr_line' id='line_1_77' title="bbox 2164 3877 3739 3957; baseline -0.002 -19"><span class='ocrx_word' id='word_1_553' title='bbox 2164 3900 2326 3957; x_wconf 87' lang='lat' dir='ltr'><strong>quam</strong></span> <span class='ocrx_word' id='word_1_554' title='bbox 2357 3883 2478 3936; x_wconf 87' lang='lat' dir='ltr'><strong>dies</strong></span> <span class='ocrx_word' id='word_1_555' title='bbox 2504 3921 2519 3946; x_wconf 93' lang='lat'><strong>,</strong></span> <span class='ocrx_word' id='word_1_556' title='bbox 2551 3895 2674 3932; x_wconf 85' lang='lat' dir='ltr'><strong>cum</strong></span> <span class='ocrx_word' id='word_1_557' title='bbox 2720 3895 2824 3931; x_wconf 76' lang='lat' dir='ltr'><strong>uox</strong></span> <span class='ocrx_word' id='word_1_558' title='bbox 2862 3877 3031 3930; x_wconf 86' lang='lat' dir='ltr'><strong>multo</strong></span> <span class='ocrx_word' id='word_1_559' title='bbox 3058 3877 3221 3931; x_wconf 86' lang='lat' dir='ltr'><strong>citius</strong></span> <span class='ocrx_word' id='word_1_560' title='bbox 3249 3881 3619 3948; x_wconf 74' lang='lat' dir='ltr'><strong>prmiertluere</strong></span> <span class='ocrx_word' id='word_1_561' title='bbox 3656 3886 3739 3937; x_wconf 78' lang='lat' dir='ltr'><strong>vi-</strong></span> 
     </span>
    </p>
   </div>
   <div class='ocr_carea' id='block_1_78' title="bbox 482 3971 3735 4051">
    <p class='ocr_par' dir='ltr' id='par_1_78' title="bbox 482 3971 3735 4051">
     <span class='ocr_line' id='line_1_78' title="bbox 482 3971 3735 4051; baseline 0.007 -31"><span class='ocrx_word' id='word_1_562' title='bbox 482 3971 693 4036; x_wconf 84' lang='lat' dir='ltr'><strong>deatur,</strong></span> <span class='ocrx_word' id='word_1_563' title='bbox 725 3980 780 4027; x_wconf 88' lang='lat' dir='ltr'><strong>et</strong></span> <span class='ocrx_word' id='word_1_564' title='bbox 805 3974 933 4044; x_wconf 88' lang='lat' dir='ltr'><strong>quia</strong></span> <span class='ocrx_word' id='word_1_565' title='bbox 970 3976 1060 4044; x_wconf 92' lang='lat' dir='ltr'><strong>qui</strong></span> <span class='ocrx_word' id='word_1_566' title='bbox 1092 3975 1373 4033; x_wconf 86' lang='lat' dir='ltr'><strong>dormiunt</strong></span> <span class='ocrx_word' id='word_1_567' title='bbox 1401 3979 1661 4048; x_wconf 83' lang='lat' dir='ltr'><strong>temporis</strong></span> <span class='ocrx_word' id='word_1_568' title='bbox 1687 3978 1899 4049; x_wconf 77' lang='lat' dir='ltr'><strong>lapsum</strong></span> <span class='ocrx_word' id='word_1_569' title='bbox 1926 3996 2037 4038; x_wconf 89' lang='lat' dir='ltr'><strong>non</strong></span> <span class='ocrx_word' id='word_1_570' title='bbox 2079 3988 2417 4051; x_wconf 82' lang='lat' dir='ltr'><strong>agnoscunt,</strong></span> <span class='ocrx_word' id='word_1_571' title='bbox 2456 3984 2512 4029; x_wconf 82' lang='lat' dir='ltr'><strong>et</strong></span> <span class='ocrx_word' id='word_1_572' title='bbox 2559 3972 2689 4043; x_wconf 66' lang='lat' dir='ltr'><strong>quia</strong></span> <span class='ocrx_word' id='word_1_573' title='bbox 2770 3972 2843 4024; x_wconf 61' lang='grc' dir='ltr'><strong>οἳ)</strong></span> <span class='ocrx_word' id='word_1_574' title='bbox 2894 3972 3148 4025; x_wconf 70' lang='grc' dir='ltr'><strong>ιειιθίπίιδ</strong></span> <span class='ocrx_word' id='word_1_575' title='bbox 3194 3972 3246 4025; x_wconf 71' lang='grc' dir='ltr'><strong>Μ</strong></span> <span class='ocrx_word' id='word_1_576' title='bbox 3330 3974 3492 4027; x_wconf 62' lang='lat' dir='ltr'><strong>eum“</strong></span> <span class='ocrx_word' id='word_1_577' title='bbox 3550 3979 3735 4035; x_wconf 62' lang='lat' dir='ltr'><strong>minus</strong></span> 
     </span>
    </p>
   </div>
   <div class='ocr_carea' id='block_1_79' title="bbox 486 4062 3735 4142">
    <p class='ocr_par' dir='ltr' id='par_1_79' title="bbox 486 4062 3735 4142">
     <span class='ocr_line' id='line_1_79' title="bbox 486 4062 3735 4142; baseline 0.002 -29"><span class='ocrx_word' id='word_1_578' title='bbox 486 4062 804 4131; x_wconf 87' lang='lat' dir='ltr'><strong>percipitur,</strong></span> <span class='ocrx_word' id='word_1_579' title='bbox 837 4074 891 4120; x_wconf 88' lang='lat' dir='ltr'><strong>et</strong></span> <span class='ocrx_word' id='word_1_580' title='bbox 919 4068 1045 4135; x_wconf 84' lang='lat' dir='ltr'><strong>quia</strong></span> <span class='ocrx_word' id='word_1_581' title='bbox 1081 4066 1459 4125; x_wconf 88' lang='lat' dir='ltr'><strong>laborantibus</strong></span> <span class='ocrx_word' id='word_1_582' title='bbox 1481 4069 1797 4125; x_wconf 86' lang='lat' dir='ltr'><strong>hominibus</strong></span> <span class='ocrx_word' id='word_1_583' title='bbox 1830 4071 2044 4142; x_wconf 80' lang='lat' dir='ltr'><strong>longius</strong></span> <span class='ocrx_word' id='word_1_584' title='bbox 2083 4086 2206 4128; x_wconf 88' lang='lat' dir='ltr'><strong>esse</strong></span> <span class='ocrx_word' id='word_1_585' title='bbox 2232 4072 2448 4125; x_wconf 83' lang='lat' dir='ltr'><strong>videtur</strong></span> <span class='ocrx_word' id='word_1_586' title='bbox 2471 4076 2711 4134; x_wconf 74' lang='lat' dir='ltr'><strong>tempus.</strong></span> <span class='ocrx_word' id='word_1_587' title='bbox 2779 4080 2940 4134; x_wconf 86' lang='lat' dir='ltr'><strong>quam</strong></span> <span class='ocrx_word' id='word_1_588' title='bbox 2998 4065 3342 4121; x_wconf 85' lang='lat' dir='ltr'><strong>cessantibus</strong></span> <span class='ocrx_word' id='word_1_589' title='bbox 3393 4068 3464 4120; x_wconf 88' lang='lat' dir='ltr'><strong>ab</strong></span> <span class='ocrx_word' id='word_1_590' title='bbox 3546 4085 3735 4140; x_wconf 60' lang='lat' dir='ltr'><strong>opere,</strong></span> 
     </span>
    </p>
   </div>
   <div class='ocr_carea' id='block_1_80' title="bbox 488 4153 3734 4234">
    <p class='ocr_par' dir='ltr' id='par_1_80' title="bbox 488 4153 3734 4234">
     <span class='ocr_line' id='line_1_80' title="bbox 488 4153 3734 4234; baseline 0.004 -28"><span class='ocrx_word' id='word_1_591' title='bbox 488 4153 604 4208; x_wconf 89' lang='lat' dir='ltr'><strong>Non</strong></span> <span class='ocrx_word' id='word_1_592' title='bbox 638 4170 798 4212; x_wconf 84' lang='lat' dir='ltr'><strong>secus</strong></span> <span class='ocrx_word' id='word_1_593' title='bbox 832 4157 996 4228; x_wconf 78' lang='lat' dir='ltr'><strong>igitur</strong></span> <span class='ocrx_word' id='word_1_594' title='bbox 1026 4160 1170 4229; x_wconf 90' lang='lat' dir='ltr'><strong>apud</strong></span> <span class='ocrx_word' id='word_1_595' title='bbox 1236 4159 1402 4215; x_wconf 87' lang='lat' dir='ltr'><strong>Deum</strong></span> <span class='ocrx_word' id='word_1_596' title='bbox 1471 4162 1614 4217; x_wconf 83' lang='lat' dir='ltr'><strong>mille</strong></span> <span class='ocrx_word' id='word_1_597' title='bbox 1689 4176 1959 4218; x_wconf 84' lang='lat' dir='ltr'><strong>annorum</strong></span> <span class='ocrx_word' id='word_1_598' title='bbox 2030 4164 2373 4219; x_wconf 82' lang='lat' dir='ltr'><strong>intervallum</strong></span> <span class='ocrx_word' id='word_1_599' title='bbox 2406 4169 2739 4228; x_wconf 70' lang='lat' dir='ltr'><strong>reputatur,</strong></span> <span class='ocrx_word' id='word_1_600' title='bbox 2770 4173 2931 4228; x_wconf 83' lang='lat' dir='ltr'><strong>quam</strong></span> <span class='ocrx_word' id='word_1_601' title='bbox 2973 4161 3117 4229; x_wconf 90' lang='lat' dir='ltr'><strong>apud</strong></span> <span class='ocrx_word' id='word_1_602' title='bbox 3171 4177 3271 4216; x_wconf 84' lang='lat' dir='ltr'><strong>nos</strong></span> <span class='ocrx_word' id='word_1_603' title='bbox 3317 4170 3411 4217; x_wconf 88' lang='lat' dir='ltr'><strong>aut</strong></span> <span class='ocrx_word' id='word_1_604' title='bbox 3460 4166 3734 4234; x_wconf 69' lang='lat' dir='ltr'><strong>praeterita</strong></span> 
     </span>
    </p>
   </div>
   <div class='ocr_carea' id='block_1_81' title="bbox 486 4246 3737 4322">
    <p class='ocr_par' dir='ltr' id='par_1_81' title="bbox 486 4246 3737 4322">
     <span class='ocr_line' id='line_1_81' title="bbox 486 4246 3737 4322; baseline 0.004 -25"><span class='ocrx_word' id='word_1_605' title='bbox 486 4246 517 4296; x_wconf 90' lang='lat' dir='ltr'><strong>d</strong></span> <span class='ocrx_word' id='word_1_606' title='bbox 544 4262 624 4311; x_wconf 89' lang='lat' dir='ltr'><strong>es,</strong></span> <span class='ocrx_word' id='word_1_607' title='bbox 649 4256 744 4301; x_wconf 86' lang='lat' dir='ltr'><strong>aut</strong></span> <span class='ocrx_word' id='word_1_608' title='bbox 774 4258 969 4316; x_wconf 88' lang='lat' dir='ltr'><strong>quarta</strong></span> <span class='ocrx_word' id='word_1_609' title='bbox 1000 4250 1177 4305; x_wconf 89' lang='lat' dir='ltr'><strong>noctis</strong></span> <span class='ocrx_word' id='word_1_610' title='bbox 1204 4266 1353 4321; x_wconf 87' lang='lat' dir='ltr'><strong>pars,</strong></span> <span class='ocrx_word' id='word_1_611' title='bbox 1384 4266 1507 4307; x_wconf 88' lang='lat' dir='ltr'><strong>cum</strong></span> <span class='ocrx_word' id='word_1_612' title='bbox 1532 4252 1660 4310; x_wconf 88' lang='lat' dir='ltr'><strong>anni</strong></span> <span class='ocrx_word' id='word_1_613' title='bbox 1694 4253 1798 4321; x_wconf 89' lang='lat' dir='ltr'><strong>ipsi</strong></span> <span class='ocrx_word' id='word_1_614' title='bbox 1826 4269 2042 4322; x_wconf 83' lang='lat' dir='ltr'><strong>semper</strong></span> <span class='ocrx_word' id='word_1_615' title='bbox 2082 4257 2335 4308; x_wconf 86' lang='lat' dir='ltr'><strong>labantur</strong></span> <span class='ocrx_word' id='word_1_616' title='bbox 2365 4261 2419 4306; x_wconf 87' lang='lat' dir='ltr'><strong>et</strong></span> <span class='ocrx_word' id='word_1_617' title='bbox 2450 4250 2641 4314; x_wconf 78' lang='lat' dir='ltr'><strong>ﬂuant,</strong></span> <span class='ocrx_word' id='word_1_618' title='bbox 2674 4248 2817 4303; x_wconf 84' lang='lat' dir='ltr'><strong>Deus</strong></span> <span class='ocrx_word' id='word_1_619' title='bbox 2848 4264 2977 4304; x_wconf 82' lang='lat' dir='ltr'><strong>vero</strong></span> <span class='ocrx_word' id='word_1_620' title='bbox 3003 4250 3299 4306; x_wconf 86' lang='lat' dir='ltr'><strong>immobilis</strong></span> <span class='ocrx_word' id='word_1_621' title='bbox 3322 4253 3397 4307; x_wconf 90' lang='lat' dir='ltr'><strong>sit</strong></span> <span class='ocrx_word' id='word_1_622' title='bbox 3460 4264 3509 4308; x_wconf 92' lang='lat' dir='ltr'><strong>et</strong></span> <span class='ocrx_word' id='word_1_623' title='bbox 3574 4264 3737 4310; x_wconf 79' lang='lat' dir='ltr'><strong>aeter-</strong></span> 
     </span>
    </p>
   </div>
   <div class='ocr_carea' id='block_1_82' title="bbox 488 4340 3343 4421">
    <p class='ocr_par' dir='ltr' id='par_1_82' title="bbox 488 4340 3343 4421">
     <span class='ocr_line' id='line_1_82' title="bbox 488 4340 3343 4421; baseline 0.002 -27"><span class='ocrx_word' id='word_1_624' title='bbox 488 4357 611 4395; x_wconf 86' lang='lat' dir='ltr'><strong>nus.</strong></span> <span class='ocrx_word' id='word_1_625' title='bbox 657 4340 827 4395; x_wconf 83' lang='lat' dir='ltr'><strong>Dictio</strong></span> <span class='ocrx_word' id='word_1_626' title='bbox 875 4350 1056 4397; x_wconf 87' lang='lat' dir='ltr'><strong>autem</strong></span> <span class='ocrx_word' id='word_1_627' title='bbox 1084 4381 1102 4407; x_wconf 88' lang='lat'><strong>,</strong></span> <span class='ocrx_word' id='word_1_628' title='bbox 1152 4344 1419 4409; x_wconf 82' lang='lat' dir='ltr'><strong>Quoniam</strong></span> <span class='ocrx_word' id='word_1_629' title='bbox 1444 4385 1460 4407; x_wconf 90' lang='lat'><strong>,</strong></span> <span class='ocrx_word' id='word_1_630' title='bbox 1506 4345 1574 4400; x_wconf 88' lang='lat' dir='ltr'><strong>ad</strong></span> <span class='ocrx_word' id='word_1_631' title='bbox 1616 4346 2051 4403; x_wconf 83' lang='lat' dir='ltr'><strong>conﬁrmandum</strong></span> <span class='ocrx_word' id='word_1_632' title='bbox 2091 4352 2265 4421; x_wconf 88' lang='lat' dir='ltr'><strong>posita</strong></span> <span class='ocrx_word' id='word_1_633' title='bbox 2299 4356 2404 4409; x_wconf 86' lang='lat' dir='ltr'><strong>est,</strong></span> <span class='ocrx_word' id='word_1_634' title='bbox 2433 4353 2487 4400; x_wconf 86' lang='lat' dir='ltr'><strong>et</strong></span> <span class='ocrx_word' id='word_1_635' title='bbox 2522 4344 2662 4398; x_wconf 90' lang='lat' dir='ltr'><strong>idem</strong></span> <span class='ocrx_word' id='word_1_636' title='bbox 2698 4344 2972 4414; x_wconf 82' lang='lat' dir='ltr'><strong>signiﬁcat</strong></span> <span class='ocrx_word' id='word_1_637' title='bbox 3006 4345 3153 4415; x_wconf 90' lang='lat' dir='ltr'><strong>quod</strong></span> <span class='ocrx_word' id='word_1_638' title='bbox 3182 4343 3343 4401; x_wconf 78' lang='lat' dir='ltr'><strong>Vere.</strong></span> 
     </span>
    </p>
   </div>
   <div class='ocr_carea' id='block_1_83' title="bbox 564 4438 2058 4508">
    <p class='ocr_par' dir='ltr' id='par_1_83' title="bbox 564 4438 2058 4508">
     <span class='ocr_line' id='line_1_83' title="bbox 564 4438 2058 4508; baseline 0.003 -17"><span class='ocrx_word' id='word_1_639' title='bbox 564 4438 637 4491; x_wconf 74' lang='grc' dir='ltr'><em>Τὰ</em></span> <span class='ocrx_word' id='word_1_640' title='bbox 660 4438 1115 4508; x_wconf 78' lang='grc' dir='ltr'><strong>ἐξουδενὼματα</strong></span> <span class='ocrx_word' id='word_1_641' title='bbox 1135 4439 1337 4495; x_wconf 77' lang='grc' dir='ltr'><strong>αὐτῶν</strong></span> <span class='ocrx_word' id='word_1_642' title='bbox 1348 4440 1437 4495; x_wconf 80' lang='grc' dir='ltr'><strong>ἔτι</strong></span> <span class='ocrx_word' id='word_1_643' title='bbox 1460 4441 1724 4496; x_wconf 76' lang='grc' dir='ltr'><strong>ἔσονται.</strong></span> <span class='ocrx_word' id='word_1_644' title='bbox 1763 4441 2058 4507; x_wconf 77' lang='grc' dir='ltr'><strong>Εὐτελῐσας</strong></span> 
     </span>
    </p>
   </div>
   <div class='ocr_carea' id='block_1_84' title="bbox 484 4532 2058 4602">
    <p class='ocr_par' dir='ltr' id='par_1_84' title="bbox 484 4532 2058 4602">
     <span class='ocr_line' id='line_1_84' title="bbox 484 4532 2058 4602; baseline 0.003 -19"><span class='ocrx_word' id='word_1_645' title='bbox 484 4534 513 4583; x_wconf 90' lang='grc' dir='ltr'><strong>ὀ</strong></span> <span class='ocrx_word' id='word_1_646' title='bbox 545 4532 700 4599; x_wconf 79' lang='grc' dir='ltr'><strong>λόγος</strong></span> <span class='ocrx_word' id='word_1_647' title='bbox 724 4534 791 4585; x_wconf 75' lang='grc' dir='ltr'><strong>τὰ</strong></span> <span class='ocrx_word' id='word_1_648' title='bbox 819 4534 876 4584; x_wconf 81' lang='grc' dir='ltr'><strong>ὲν</strong></span> <span class='ocrx_word' id='word_1_649' title='bbox 908 4533 1095 4595; x_wconf 82' lang='grc' dir='ltr'><strong>αὐτοῖς</strong></span> <span class='ocrx_word' id='word_1_650' title='bbox 1124 4532 1270 4602; x_wconf 82' lang='grc' dir='ltr'><strong>χίλια</strong></span> <span class='ocrx_word' id='word_1_651' title='bbox 1299 4533 1417 4602; x_wconf 76' lang='grc' dir='ltr'><strong>ἔτη,</strong></span> <span class='ocrx_word' id='word_1_652' title='bbox 1448 4534 1613 4602; x_wconf 72' lang='grc' dir='ltr'><strong>φησὶν</strong></span> <span class='ocrx_word' id='word_1_653' title='bbox 1633 4574 1649 4600; x_wconf 88' lang='grc'><em>,</em></span> <span class='ocrx_word' id='word_1_654' title='bbox 1676 4534 1760 4587; x_wconf 80' lang='grc' dir='ltr'><strong>ὅτι</strong></span> <span class='ocrx_word' id='word_1_655' title='bbox 1790 4535 1940 4587; x_wconf 65' lang='lat' dir='ltr'><strong>am</strong></span> <span class='ocrx_word' id='word_1_656' title='bbox 1976 4534 2058 4587; x_wconf 76' lang='grc' dir='ltr'><strong>ἔτι</strong></span> 
     </span>
    </p>
   </div>
   <div class='ocr_carea' id='block_1_85' title="bbox 487 4624 2057 4697">
    <p class='ocr_par' dir='ltr' id='par_1_85' title="bbox 487 4624 2057 4697">
     <span class='ocr_line' id='line_1_85' title="bbox 487 4624 2057 4697; baseline 0.002 -20"><span class='ocrx_word' id='word_1_657' title='bbox 487 4624 851 4689; x_wconf 78' lang='grc' dir='ltr'><strong>ὲξουδενώσω,</strong></span> <span class='ocrx_word' id='word_1_658' title='bbox 878 4626 952 4687; x_wconf 82' lang='grc' dir='ltr'><strong>ὡς</strong></span> <span class='ocrx_word' id='word_1_659' title='bbox 984 4626 1139 4680; x_wconf 69' lang='grc' dir='ltr'><strong>οὐδὲν</strong></span> <span class='ocrx_word' id='word_1_660' title='bbox 1186 4628 1315 4679; x_wconf 75' lang='grc' dir='ltr'><strong>εντα</strong></span> <span class='ocrx_word' id='word_1_661' title='bbox 1356 4626 1494 4697; x_wconf 74' lang='grc' dir='ltr'><strong>πρὸς</strong></span> <span class='ocrx_word' id='word_1_662' title='bbox 1522 4627 1620 4697; x_wconf 79' lang='grc' dir='ltr'><strong>τὴν</strong></span> <span class='ocrx_word' id='word_1_663' title='bbox 1653 4627 1931 4697; x_wconf 79' lang='grc' dir='ltr'><strong>ἀῖδιότητα</strong></span> <span class='ocrx_word' id='word_1_664' title='bbox 1961 4626 2057 4680; x_wconf 78' lang='grc' dir='ltr'><strong>τοῦ</strong></span> 
     </span>
    </p>
   </div>
   <div class='ocr_carea' id='block_1_86' title="bbox 492 4716 2057 4789">
    <p class='ocr_par' dir='ltr' id='par_1_86' title="bbox 492 4716 2057 4789">
     <span class='ocr_line' id='line_1_86' title="bbox 492 4716 2057 4789; baseline 0.003 -22"><span class='ocrx_word' id='word_1_665' title='bbox 492 4716 628 4769; x_wconf 81' lang='grc' dir='ltr'><strong>Θεοῦ</strong></span> <span class='ocrx_word' id='word_1_666' title='bbox 656 4734 673 4749; x_wconf 89' lang='grc'><strong>·</strong></span> <span class='ocrx_word' id='word_1_667' title='bbox 705 4717 775 4771; x_wconf 80' lang='grc' dir='ltr'><strong>τὰ</strong></span> <span class='ocrx_word' id='word_1_668' title='bbox 823 4716 1243 4789; x_wconf 76' lang='grc' dir='ltr'><strong>ἐξουδενὼματα</strong></span> <span class='ocrx_word' id='word_1_669' title='bbox 1272 4719 1454 4773; x_wconf 78' lang='grc' dir='ltr'><strong>αὐτῶν</strong></span> <span class='ocrx_word' id='word_1_670' title='bbox 1480 4718 1684 4789; x_wconf 80' lang='grc' dir='ltr'><strong>δηλαδὴ</strong></span> <span class='ocrx_word' id='word_1_671' title='bbox 1730 4718 1840 4772; x_wconf 86' lang='grc' dir='ltr'><strong>τῶν</strong></span> <span class='ocrx_word' id='word_1_672' title='bbox 1868 4717 2057 4789; x_wconf 79' lang='grc' dir='ltr'><strong>χιλίων</strong></span> 
     </span>
    </p>
   </div>
   <div class='ocr_carea' id='block_1_87' title="bbox 491 4808 2054 4880">
    <p class='ocr_par' dir='ltr' id='par_1_87' title="bbox 491 4808 2054 4880">
     <span class='ocr_line' id='line_1_87' title="bbox 491 4808 2054 4880; baseline 0.001 -19"><span class='ocrx_word' id='word_1_673' title='bbox 491 4809 624 4863; x_wconf 75' lang='grc' dir='ltr'><strong>ἐτῶν</strong></span> <span class='ocrx_word' id='word_1_674' title='bbox 667 4809 762 4863; x_wconf 80' lang='grc' dir='ltr'><strong>ἐπὶ</strong></span> <span class='ocrx_word' id='word_1_675' title='bbox 817 4810 1002 4864; x_wconf 80' lang='grc' dir='ltr'><strong>πλεῖον</strong></span> <span class='ocrx_word' id='word_1_676' title='bbox 1048 4810 1293 4874; x_wconf 76' lang='grc' dir='ltr'><strong>ἔσονται,</strong></span> <span class='ocrx_word' id='word_1_677' title='bbox 1343 4808 1525 4863; x_wconf 79' lang='grc' dir='ltr'><strong>εἷτουν</strong></span> <span class='ocrx_word' id='word_1_678' title='bbox 1566 4810 1890 4879; x_wconf 81' lang='grc' dir='ltr'><strong>γενήσονταί</strong></span> <span class='ocrx_word' id='word_1_679' title='bbox 1937 4826 2054 4880; x_wconf 89' lang='grc' dir='ltr'><strong>μοι.</strong></span> 
     </span>
    </p>
   </div>
   <div class='ocr_carea' id='block_1_88' title="bbox 488 4894 1848 4971">
    <p class='ocr_par' dir='ltr' id='par_1_88' title="bbox 488 4894 1848 4971">
     <span class='ocr_line' id='line_1_88' title="bbox 488 4894 1848 4971; baseline 0.001 -21"><span class='ocrx_word' id='word_1_680' title='bbox 488 4894 621 4953; x_wconf 81' lang='grc' dir='ltr'><strong>Εἶτα</strong></span> <span class='ocrx_word' id='word_1_681' title='bbox 659 4899 856 4968; x_wconf 74' lang='grc' dir='ltr'><strong>ἐπάγει</strong></span> <span class='ocrx_word' id='word_1_682' title='bbox 888 4900 1083 4971; x_wconf 78' lang='grc' dir='ltr'><strong>ἑτέραν</strong></span> <span class='ocrx_word' id='word_1_683' title='bbox 1112 4899 1460 4965; x_wconf 80' lang='grc' dir='ltr'><strong>ἐξουδένωσιν</strong></span> <span class='ocrx_word' id='word_1_684' title='bbox 1491 4900 1848 4970; x_wconf 76' lang='grc' dir='ltr'><strong>φαυλοτέραν.</strong></span> 
     </span>
    </p>
   </div>
   <div class='ocr_carea' id='block_1_89' title="bbox 2238 4437 3740 4507">
    <p class='ocr_par' dir='ltr' id='par_1_89' title="bbox 2238 4437 3740 4507">
     <span class='ocr_line' id='line_1_89' title="bbox 2238 4437 3740 4507; baseline 0.002 -12"><span class='ocrx_word' id='word_1_685' title='bbox 2238 4442 2579 4507; x_wconf 77' lang='lat' dir='ltr'><strong>Contemptus</strong></span> <span class='ocrx_word' id='word_1_686' title='bbox 2623 4454 2803 4491; x_wconf 85' lang='lat' dir='ltr'><strong>eorum</strong></span> <span class='ocrx_word' id='word_1_687' title='bbox 2853 4437 3025 4491; x_wconf 81' lang='lat' dir='ltr'><strong>adhuc</strong></span> <span class='ocrx_word' id='word_1_688' title='bbox 3074 4447 3250 4492; x_wconf 85' lang='lat' dir='ltr'><strong>erunt.</strong></span> <span class='ocrx_word' id='word_1_689' title='bbox 3301 4439 3437 4494; x_wconf 85' lang='lat' dir='ltr'><strong>Cum</strong></span> <span class='ocrx_word' id='word_1_690' title='bbox 3487 4441 3740 4498; x_wconf 66' lang='lat' dir='ltr'><strong>humanm</strong></span> 
     </span>
    </p>
   </div>
   <div class='ocr_carea' id='block_1_90' title="bbox 2166 4529 3734 4599">
    <p class='ocr_par' dir='ltr' id='par_1_90' title="bbox 2166 4529 3734 4599">
     <span class='ocr_line' id='line_1_90' title="bbox 2166 4529 3734 4599; baseline 0.004 -17"><span class='ocrx_word' id='word_1_691' title='bbox 2166 4534 2288 4587; x_wconf 74' lang='lat' dir='ltr'><strong>vita:</strong></span> <span class='ocrx_word' id='word_1_692' title='bbox 2314 4546 2487 4586; x_wconf 88' lang='lat' dir='ltr'><strong>annos</strong></span> <span class='ocrx_word' id='word_1_693' title='bbox 2522 4530 2751 4599; x_wconf 73' lang='lat' dir='ltr'><strong>exiguos</strong></span> <span class='ocrx_word' id='word_1_694' title='bbox 2782 4544 2905 4585; x_wconf 88' lang='lat' dir='ltr'><strong>esse</strong></span> <span class='ocrx_word' id='word_1_695' title='bbox 2934 4529 3199 4599; x_wconf 86' lang='lat' dir='ltr'><strong>Propheta</strong></span> <span class='ocrx_word' id='word_1_696' title='bbox 3219 4529 3493 4596; x_wconf 88' lang='lat' dir='ltr'><strong>docuerit,</strong></span> <span class='ocrx_word' id='word_1_697' title='bbox 3517 4538 3734 4589; x_wconf 86' lang='lat' dir='ltr'><strong>tametsi</strong></span> 
     </span>
    </p>
   </div>
   <div class='ocr_carea' id='block_1_91' title="bbox 2164 4621 3740 4692">
    <p class='ocr_par' dir='ltr' id='par_1_91' title="bbox 2164 4621 3740 4692">
     <span class='ocr_line' id='line_1_91' title="bbox 2164 4621 3740 4692; baseline 0 -13"><span class='ocrx_word' id='word_1_698' title='bbox 2164 4626 2231 4679; x_wconf 87' lang='lat' dir='ltr'><strong>ad</strong></span> <span class='ocrx_word' id='word_1_699' title='bbox 2268 4623 2414 4677; x_wconf 86' lang='lat' dir='ltr'><strong>mille</strong></span> <span class='ocrx_word' id='word_1_700' title='bbox 2461 4638 2731 4676; x_wconf 88' lang='lat' dir='ltr'><strong>annorum</strong></span> <span class='ocrx_word' id='word_1_701' title='bbox 2776 4621 3014 4690; x_wconf 85' lang='lat' dir='ltr'><strong>spatium</strong></span> <span class='ocrx_word' id='word_1_702' title='bbox 3078 4633 3266 4676; x_wconf 86' lang='lat' dir='ltr'><strong>nostra</strong></span> <span class='ocrx_word' id='word_1_703' title='bbox 3312 4628 3740 4692; x_wconf 80' lang='lat' dir='ltr'><strong>protenderetur</strong></span> 
     </span>
    </p>
   </div>
   <div class='ocr_carea' id='block_1_92' title="bbox 2166 4714 3736 4783">
    <p class='ocr_par' dir='ltr' id='par_1_92' title="bbox 2166 4714 3736 4783">
     <span class='ocr_line' id='line_1_92' title="bbox 2166 4714 3736 4783; baseline 0.003 -17"><span class='ocrx_word' id='word_1_704' title='bbox 2166 4717 2297 4778; x_wconf 88' lang='lat' dir='ltr'><strong>vita,</strong></span> <span class='ocrx_word' id='word_1_705' title='bbox 2335 4714 2518 4769; x_wconf 86' lang='lat' dir='ltr'><strong>adhuc</strong></span> <span class='ocrx_word' id='word_1_706' title='bbox 2549 4721 2731 4767; x_wconf 84' lang='lat' dir='ltr'><strong>tamen</strong></span> <span class='ocrx_word' id='word_1_707' title='bbox 2764 4714 3058 4783; x_wconf 79' lang='lat' dir='ltr'><strong>ampliﬁcat</strong></span> <span class='ocrx_word' id='word_1_708' title='bbox 3089 4714 3356 4783; x_wconf 83' lang='lat' dir='ltr'><strong>prolatam</strong></span> <span class='ocrx_word' id='word_1_709' title='bbox 3379 4729 3407 4769; x_wconf 90' lang='lat' dir='ltr'><strong>a</strong></span> <span class='ocrx_word' id='word_1_710' title='bbox 3434 4731 3495 4771; x_wconf 89' lang='lat' dir='ltr'><strong>se</strong></span> <span class='ocrx_word' id='word_1_711' title='bbox 3512 4726 3736 4772; x_wconf 54' lang='lat' dir='ltr'><strong>senten.</strong></span> 
     </span>
    </p>
   </div>
   <div class='ocr_carea' id='block_1_93' title="bbox 2164 4806 3738 4878">
    <p class='ocr_par' dir='ltr' id='par_1_93' title="bbox 2164 4806 3738 4878">
     <span class='ocr_line' id='line_1_93' title="bbox 2164 4806 3738 4878; baseline 0.001 -16"><span class='ocrx_word' id='word_1_712' title='bbox 2164 4809 2319 4866; x_wconf 87' lang='lat' dir='ltr'><strong>tiam.</strong></span> <span class='ocrx_word' id='word_1_713' title='bbox 2348 4808 2537 4863; x_wconf 85' lang='lat' dir='ltr'><strong>dicens</strong></span> <span class='ocrx_word' id='word_1_714' title='bbox 2575 4822 2635 4861; x_wconf 90' lang='lat' dir='ltr'><strong>se</strong></span> <span class='ocrx_word' id='word_1_715' title='bbox 2670 4806 2840 4877; x_wconf 79' lang='lat' dir='ltr'><strong>magis</strong></span> <span class='ocrx_word' id='word_1_716' title='bbox 2896 4808 3059 4859; x_wconf 86' lang='lat' dir='ltr'><strong>etiam</strong></span> <span class='ocrx_word' id='word_1_717' title='bbox 3102 4821 3166 4860; x_wconf 87' lang='lat' dir='ltr'><strong>ac</strong></span> <span class='ocrx_word' id='word_1_718' title='bbox 3217 4808 3387 4875; x_wconf 70' lang='lat' dir='ltr'><strong>magis</strong></span> <span class='ocrx_word' id='word_1_719' title='bbox 3424 4810 3738 4878; x_wconf 85' lang='lat' dir='ltr'><strong>hujusmodi</strong></span> 
     </span>
    </p>
   </div>
   <div class='ocr_carea' id='block_1_94' title="bbox 2166 4896 3741 4968">
    <p class='ocr_par' dir='ltr' id='par_1_94' title="bbox 2166 4896 3741 4968">
     <span class='ocr_line' id='line_1_94' title="bbox 2166 4896 3741 4968; baseline 0 -15"><span class='ocrx_word' id='word_1_720' title='bbox 2166 4914 2435 4954; x_wconf 85' lang='lat' dir='ltr'><strong>annorum</strong></span> <span class='ocrx_word' id='word_1_721' title='bbox 2472 4898 2645 4968; x_wconf 81' lang='lat' dir='ltr'><strong>Spatia</strong></span> <span class='ocrx_word' id='word_1_722' title='bbox 2677 4897 2829 4949; x_wconf 87' lang='lat' dir='ltr'><strong>nihili</strong></span> <span class='ocrx_word' id='word_1_723' title='bbox 2874 4896 3181 4961; x_wconf 79' lang='lat' dir='ltr'><strong>facturum,</strong></span> <span class='ocrx_word' id='word_1_724' title='bbox 3213 4900 3341 4967; x_wconf 87' lang='lat' dir='ltr'><strong>quin</strong></span> <span class='ocrx_word' id='word_1_725' title='bbox 3375 4899 3485 4952; x_wconf 91' lang='lat' dir='ltr'><strong>imo</strong></span> <span class='ocrx_word' id='word_1_726' title='bbox 3535 4908 3741 4955; x_wconf 81' lang='lat' dir='ltr'><strong>etcon-</strong></span> 
     </span>
    </p>
   </div>
   <div class='ocr_carea' id='block_1_95' title="bbox 484 4986 3736 5062">
    <p class='ocr_par' dir='ltr' id='par_1_95' title="bbox 484 4986 3736 5062">
     <span class='ocr_line' id='line_1_95' title="bbox 484 4986 3736 5062; baseline -0.002 -18"><span class='ocrx_word' id='word_1_727' title='bbox 484 4999 814 5062; x_wconf 85' lang='lat' dir='ltr'><strong>tempturnm</strong></span> <span class='ocrx_word' id='word_1_728' title='bbox 831 5006 954 5048; x_wconf 85' lang='lat' dir='ltr'><strong>esse</strong></span> <span class='ocrx_word' id='word_1_729' title='bbox 978 5007 1137 5059; x_wconf 89' lang='lat' dir='ltr'><strong>,eum</strong></span> <span class='ocrx_word' id='word_1_730' title='bbox 1168 4991 1235 5046; x_wconf 87' lang='lat' dir='ltr'><strong>ad</strong></span> <span class='ocrx_word' id='word_1_731' title='bbox 1266 4991 1504 5047; x_wconf 84' lang='lat' dir='ltr'><strong>divinam</strong></span> <span class='ocrx_word' id='word_1_732' title='bbox 1542 4992 1899 5045; x_wconf 69' lang='lat' dir='ltr'><strong>aeternitatem</strong></span> <span class='ocrx_word' id='word_1_733' title='bbox 1932 5004 2156 5059; x_wconf 85' lang='lat' dir='ltr'><strong>prorsus</strong></span> <span class='ocrx_word' id='word_1_734' title='bbox 2179 4990 2319 5043; x_wconf 84' lang='lat' dir='ltr'><strong>nihil</strong></span> <span class='ocrx_word' id='word_1_735' title='bbox 2353 4989 2479 5044; x_wconf 90' lang='lat' dir='ltr'><strong>sint.</strong></span> <span class='ocrx_word' id='word_1_736' title='bbox 2537 4988 2921 5054; x_wconf 84' lang='lat' dir='ltr'><strong>Contemptus,</strong></span> <span class='ocrx_word' id='word_1_737' title='bbox 2952 4986 3154 5055; x_wconf 89' lang='lat' dir='ltr'><strong>inquit,</strong></span> <span class='ocrx_word' id='word_1_738' title='bbox 3179 5001 3366 5041; x_wconf 87' lang='lat' dir='ltr'><strong>eorum</strong></span> <span class='ocrx_word' id='word_1_739' title='bbox 3395 4988 3537 5041; x_wconf 75' lang='lat' dir='ltr'><strong>mille</strong></span> <span class='ocrx_word' id='word_1_740' title='bbox 3559 5004 3736 5040; x_wconf 87' lang='lat' dir='ltr'><strong>annn-</strong></span> 
     </span>
    </p>
   </div>
   <div class='ocr_carea' id='block_1_96' title="bbox 490 5074 3741 5153">
    <p class='ocr_par' dir='ltr' id='par_1_96' title="bbox 490 5074 3741 5153">
     <span class='ocr_line' id='line_1_96' title="bbox 490 5074 3741 5153; baseline -0.002 -17"><span class='ocrx_word' id='word_1_741' title='bbox 490 5098 609 5137; x_wconf 89' lang='lat' dir='ltr'><strong>rum</strong></span> <span class='ocrx_word' id='word_1_742' title='bbox 642 5083 821 5139; x_wconf 86' lang='lat' dir='ltr'><strong>adhuc</strong></span> <span class='ocrx_word' id='word_1_743' title='bbox 849 5091 1011 5138; x_wconf 89' lang='lat' dir='ltr'><strong>erunt</strong></span> <span class='ocrx_word' id='word_1_744' title='bbox 1041 5082 1181 5153; x_wconf 86' lang='lat' dir='ltr'><strong>apud</strong></span> <span class='ocrx_word' id='word_1_745' title='bbox 1202 5097 1309 5145; x_wconf 90' lang='lat' dir='ltr'><strong>me,</strong></span> <span class='ocrx_word' id='word_1_746' title='bbox 1328 5083 1431 5137; x_wconf 88' lang='lat' dir='ltr'><strong>hoc</strong></span> <span class='ocrx_word' id='word_1_747' title='bbox 1457 5090 1567 5148; x_wconf 86' lang='lat' dir='ltr'><strong>est,</strong></span> <span class='ocrx_word' id='word_1_748' title='bbox 1590 5082 1752 5135; x_wconf 89' lang='lat' dir='ltr'><strong>etiam</strong></span> <span class='ocrx_word' id='word_1_749' title='bbox 1772 5087 1933 5149; x_wconf 86' lang='lat' dir='ltr'><strong>atque</strong></span> <span class='ocrx_word' id='word_1_750' title='bbox 1980 5079 2143 5131; x_wconf 80' lang='lat' dir='ltr'><strong>etiam</strong></span> <span class='ocrx_word' id='word_1_751' title='bbox 2171 5094 2201 5131; x_wconf 89' lang='lat' dir='ltr'><strong>a</strong></span> <span class='ocrx_word' id='word_1_752' title='bbox 2234 5095 2319 5133; x_wconf 88' lang='lat' dir='ltr'><strong>mc</strong></span> <span class='ocrx_word' id='word_1_753' title='bbox 2351 5080 2521 5148; x_wconf 78' lang='lat' dir='ltr'><strong>magis</strong></span> <span class='ocrx_word' id='word_1_754' title='bbox 2548 5086 2984 5131; x_wconf 80' lang='lat' dir='ltr'><strong>contemnemur.</strong></span> <span class='ocrx_word' id='word_1_755' title='bbox 3011 5074 3189 5127; x_wconf 83' lang='lat' dir='ltr'><strong>Alium</strong></span> <span class='ocrx_word' id='word_1_756' title='bbox 3206 5076 3401 5129; x_wconf 85' lang='lat' dir='ltr'><strong>deinde</strong></span> <span class='ocrx_word' id='word_1_757' title='bbox 3425 5076 3741 5145; x_wconf 75' lang='lat' dir='ltr'><strong>hujusan</strong></span> 
     </span>
    </p>
   </div>
   <div class='ocr_carea' id='block_1_97' title="bbox 487 5176 2020 5249">
    <p class='ocr_par' dir='ltr' id='par_1_97' title="bbox 487 5176 2020 5249">
     <span class='ocr_line' id='line_1_97' title="bbox 487 5176 2020 5249; baseline -0.003 -18"><span class='ocrx_word' id='word_1_758' title='bbox 487 5193 755 5233; x_wconf 66' lang='lat' dir='ltr'><strong>asinorum</strong></span> <span class='ocrx_word' id='word_1_759' title='bbox 787 5187 1156 5249; x_wconf 84' lang='lat' dir='ltr'><strong>contemptum</strong></span> <span class='ocrx_word' id='word_1_760' title='bbox 1182 5191 1246 5231; x_wconf 85' lang='lat' dir='ltr'><strong>ac</strong></span> <span class='ocrx_word' id='word_1_761' title='bbox 1268 5178 1517 5233; x_wconf 84' lang='lat' dir='ltr'><strong>viliorem</strong></span> <span class='ocrx_word' id='word_1_762' title='bbox 1555 5177 1716 5232; x_wconf 78' lang='lat' dir='ltr'><strong>aﬂ‘ert</strong></span> <span class='ocrx_word' id='word_1_763' title='bbox 1741 5217 1757 5241; x_wconf 90' lang='lat'><strong>,</strong></span> <span class='ocrx_word' id='word_1_764' title='bbox 1788 5176 1977 5231; x_wconf 83' lang='lat' dir='ltr'><strong>dicens</strong></span> <span class='ocrx_word' id='word_1_765' title='bbox 2006 5192 2020 5227; x_wconf 74' lang='lat'><strong>.-</strong></span> 
     </span>
    </p>
   </div>
   <div class='ocr_carea' id='block_1_98' title="bbox 561 5268 2053 5342">
    <p class='ocr_par' dir='ltr' id='par_1_98' title="bbox 561 5268 2053 5342">
     <span class='ocr_line' id='line_1_98' title="bbox 561 5268 2053 5342; baseline -0.003 -16"><span class='ocrx_word' id='word_1_766' title='bbox 561 5274 635 5326; x_wconf 83' lang='grc' dir='ltr'><strong>Τὸ</strong></span> <span class='ocrx_word' id='word_1_767' title='bbox 663 5272 815 5340; x_wconf 68' lang='grc' dir='ltr'><strong>πρωῒ</strong></span> <span class='ocrx_word' id='word_1_768' title='bbox 837 5269 917 5337; x_wconf 81' lang='grc' dir='ltr'><strong>ὡς</strong></span> <span class='ocrx_word' id='word_1_769' title='bbox 945 5276 1103 5340; x_wconf 74' lang='grc' dir='ltr'><strong>χλιή</strong></span> <span class='ocrx_word' id='word_1_770' title='bbox 1135 5271 1509 5342; x_wconf 72' lang='grc' dir='ltr'><strong>παρέλθοι.-·</strong></span> <span class='ocrx_word' id='word_1_771' title='bbox 1520 5273 1591 5325; x_wconf 82' lang='grc' dir='ltr'><strong>Τὸ</strong></span> <span class='ocrx_word' id='word_1_772' title='bbox 1625 5270 1775 5339; x_wconf 77' lang='grc' dir='ltr'><strong>πρωϊ</strong></span> <span class='ocrx_word' id='word_1_773' title='bbox 1792 5269 1906 5335; x_wconf 81' lang='grc' dir='ltr'><strong>νῦν,</strong></span> <span class='ocrx_word' id='word_1_774' title='bbox 1933 5268 2053 5322; x_wconf 75' lang='grc' dir='ltr'><strong>ἀντὶ</strong></span> 
     </span>
    </p>
   </div>
   <div class='ocr_carea' id='block_1_99' title="bbox 486 5361 2054 5437">
    <p class='ocr_par' dir='ltr' id='par_1_99' title="bbox 486 5361 2054 5437">
     <span class='ocr_line' id='line_1_99' title="bbox 486 5361 2054 5437; baseline -0.003 -18"><span class='ocrx_word' id='word_1_775' title='bbox 486 5368 736 5437; x_wconf 77' lang='grc' dir='ltr'><strong>Ταχέως,</strong></span> <span class='ocrx_word' id='word_1_776' title='bbox 773 5365 849 5430; x_wconf 82' lang='grc' dir='ltr'><strong>ὡς</strong></span> <span class='ocrx_word' id='word_1_777' title='bbox 907 5366 1003 5419; x_wconf 83' lang='grc' dir='ltr'><strong>καὶ</strong></span> <span class='ocrx_word' id='word_1_778' title='bbox 1060 5366 1120 5417; x_wconf 76' lang='grc' dir='ltr'><strong>ἐν</strong></span> <span class='ocrx_word' id='word_1_779' title='bbox 1168 5363 1352 5427; x_wconf 73' lang='grc' dir='ltr'><strong>ἄλλοις</strong></span> <span class='ocrx_word' id='word_1_780' title='bbox 1404 5365 1730 5435; x_wconf 80' lang='grc' dir='ltr'><strong>εἰρήκαμεν.</strong></span> <span class='ocrx_word' id='word_1_781' title='bbox 1803 5361 2054 5431; x_wconf 67' lang='grc' dir='ltr'><strong>Ταχέως,</strong></span> 
     </span>
    </p>
   </div>
   <div class='ocr_carea' id='block_1_100' title="bbox 485 5454 2051 5532">
    <p class='ocr_par' dir='ltr' id='par_1_100' title="bbox 485 5454 2051 5532">
     <span class='ocr_line' id='line_1_100' title="bbox 485 5454 2051 5532; baseline -0.005 -19"><span class='ocrx_word' id='word_1_782' title='bbox 485 5463 645 5532; x_wconf 74' lang='grc' dir='ltr'><strong>φησι,</strong></span> <span class='ocrx_word' id='word_1_783' title='bbox 702 5458 1102 5532; x_wconf 82' lang='grc' dir='ltr'><strong>παρελεύσεται</strong></span> <span class='ocrx_word' id='word_1_784' title='bbox 1164 5460 1235 5513; x_wconf 80' lang='grc' dir='ltr'><strong>τὰ</strong></span> <span class='ocrx_word' id='word_1_785' title='bbox 1297 5458 1445 5530; x_wconf 77' lang='grc' dir='ltr'><strong>χίλια</strong></span> <span class='ocrx_word' id='word_1_786' title='bbox 1494 5460 1592 5527; x_wconf 78' lang='grc' dir='ltr'><strong>ἐτη</strong></span> <span class='ocrx_word' id='word_1_787' title='bbox 1663 5456 1821 5525; x_wconf 73' lang='grc' dir='ltr'><strong>δίκην</strong></span> <span class='ocrx_word' id='word_1_788' title='bbox 1890 5454 2051 5525; x_wconf 71' lang='grc' dir='ltr'><strong>χλόης</strong></span> 
     </span>
    </p>
   </div>
   <div class='ocr_carea' id='block_1_101' title="bbox 483 5553 802 5623">
    <p class='ocr_par' dir='ltr' id='par_1_101' title="bbox 483 5553 802 5623">
     <span class='ocr_line' id='line_1_101' title="bbox 483 5553 802 5623; baseline 0.003 -18"><span class='ocrx_word' id='word_1_789' title='bbox 483 5554 600 5606; x_wconf 80' lang='grc' dir='ltr'><strong>ὼκυ</strong></span> <span class='ocrx_word' id='word_1_790' title='bbox 610 5553 778 5623; x_wconf 85' lang='grc' dir='ltr'><strong>μόρου</strong></span> <span class='ocrx_word' id='word_1_791' title='bbox 789 5593 802 5606; x_wconf 95' lang='grc'><strong>.</strong></span> 
     </span>
    </p>
   </div>
   <div class='ocr_carea' id='block_1_102' title="bbox 562 5635 2048 5711">
    <p class='ocr_par' dir='ltr' id='par_1_102' title="bbox 562 5635 2048 5711">
     <span class='ocr_line' id='line_1_102' title="bbox 562 5635 2048 5711; baseline -0.005 -14"><span class='ocrx_word' id='word_1_792' title='bbox 562 5646 632 5700; x_wconf 77' lang='grc' dir='ltr'><strong>Τὸ</strong></span> <span class='ocrx_word' id='word_1_793' title='bbox 682 5643 833 5711; x_wconf 74' lang='grc' dir='ltr'><strong>πρωῒ</strong></span> <span class='ocrx_word' id='word_1_794' title='bbox 862 5641 1146 5710; x_wconf 72' lang='grc' dir='ltr'><strong>ἀνθῆσαι,</strong></span> <span class='ocrx_word' id='word_1_795' title='bbox 1181 5638 1281 5696; x_wconf 80' lang='grc' dir='ltr'><strong>και</strong></span> <span class='ocrx_word' id='word_1_796' title='bbox 1329 5639 1612 5708; x_wconf 69' lang='grc' dir='ltr'><strong>παρέλθοι</strong></span> <span class='ocrx_word' id='word_1_797' title='bbox 1632 5654 1647 5669; x_wconf 73' lang='grc' dir='ltr'><strong><em>ο</em></strong></span> <span class='ocrx_word' id='word_1_798' title='bbox 1674 5636 1742 5691; x_wconf 84' lang='grc' dir='ltr'><strong>τὸ</strong></span> <span class='ocrx_word' id='word_1_799' title='bbox 1790 5635 2048 5703; x_wconf 73' lang='grc' dir='ltr'><strong>ἑσπέρας</strong></span> 
     </span>
    </p>
   </div>
   <div class='ocr_carea' id='block_1_103' title="bbox 2235 5261 3739 5332">
    <p class='ocr_par' dir='ltr' id='par_1_103' title="bbox 2235 5261 3739 5332">
     <span class='ocr_line' id='line_1_103' title="bbox 2235 5261 3739 5332; baseline 0 -14"><span class='ocrx_word' id='word_1_800' title='bbox 2235 5263 2403 5320; x_wconf 75' lang='lat' dir='ltr'><strong>Vens.</strong></span> <span class='ocrx_word' id='word_1_801' title='bbox 2461 5264 2515 5317; x_wconf 85' lang='lat'><strong>6.</strong></span> <span class='ocrx_word' id='word_1_802' title='bbox 2563 5262 2721 5316; x_wconf 78' lang='lat' dir='ltr'><strong>Mane</strong></span> <span class='ocrx_word' id='word_1_803' title='bbox 2776 5262 2931 5332; x_wconf 76' lang='lat' dir='ltr'><strong>quasi</strong></span> <span class='ocrx_word' id='word_1_804' title='bbox 2965 5261 3124 5314; x_wconf 78' lang='lat' dir='ltr'><strong>herba</strong></span> <span class='ocrx_word' id='word_1_805' title='bbox 3158 5270 3451 5315; x_wconf 75' lang='lat' dir='ltr'><strong>transeant.</strong></span> <span class='ocrx_word' id='word_1_806' title='bbox 3492 5292 3559 5303; x_wconf 93' lang='lat'><strong>—</strong></span> <span class='ocrx_word' id='word_1_807' title='bbox 3586 5262 3739 5319; x_wconf 78' lang='lat' dir='ltr'><strong>Mane</strong></span> 
     </span>
    </p>
   </div>
   <div class='ocr_carea' id='block_1_104' title="bbox 2165 5338 3735 5425">
    <p class='ocr_par' dir='ltr' id='par_1_104' title="bbox 2165 5338 3735 5425">
     <span class='ocr_line' id='line_1_104' title="bbox 2165 5338 3735 5425; baseline -0.003 -13"><span class='ocrx_word' id='word_1_808' title='bbox 2165 5358 2268 5412; x_wconf 87' lang='lat' dir='ltr'><strong>hoc</strong></span> <span class='ocrx_word' id='word_1_809' title='bbox 2308 5357 2363 5410; x_wconf 89' lang='lat' dir='ltr'><strong>in</strong></span> <span class='ocrx_word' id='word_1_810' title='bbox 2390 5338 2508 5410; x_wconf 82' lang='lat' dir='ltr'><strong>loco</strong></span> <span class='ocrx_word' id='word_1_811' title='bbox 2537 5370 2635 5425; x_wconf 90' lang='lat' dir='ltr'><strong>pro</strong></span> <span class='ocrx_word' id='word_1_812' title='bbox 2671 5355 2792 5409; x_wconf 87' lang='lat' dir='ltr'><strong>Cito</strong></span> <span class='ocrx_word' id='word_1_813' title='bbox 2824 5354 2983 5416; x_wconf 76' lang='lat' dir='ltr'><strong>dixit,</strong></span> <span class='ocrx_word' id='word_1_814' title='bbox 3022 5353 3480 5422; x_wconf 84' lang='lat' dir='ltr'><strong>quemadmodum</strong></span> <span class='ocrx_word' id='word_1_815' title='bbox 3527 5363 3581 5406; x_wconf 85' lang='lat' dir='ltr'><strong>et</strong></span> <span class='ocrx_word' id='word_1_816' title='bbox 3604 5356 3735 5408; x_wconf 87' lang='lat' dir='ltr'><strong>alth</strong></span> 
     </span>
    </p>
   </div>
   <div class='ocr_carea' id='block_1_105' title="bbox 2161 5444 3733 5516">
    <p class='ocr_par' dir='ltr' id='par_1_105' title="bbox 2161 5444 3733 5516">
     <span class='ocr_line' id='line_1_105' title="bbox 2161 5444 3733 5516; baseline -0.003 -12"><span class='ocrx_word' id='word_1_817' title='bbox 2161 5451 2423 5505; x_wconf 83' lang='lat' dir='ltr'><strong>vidimus.</strong></span> <span class='ocrx_word' id='word_1_818' title='bbox 2459 5448 2621 5511; x_wconf 83' lang='lat' dir='ltr'><strong>Cito,</strong></span> <span class='ocrx_word' id='word_1_819' title='bbox 2657 5446 2865 5516; x_wconf 85' lang='lat' dir='ltr'><strong>inquit,</strong></span> <span class='ocrx_word' id='word_1_820' title='bbox 2913 5444 3325 5514; x_wconf 79' lang='lat' dir='ltr'><strong>pertransibunt</strong></span> <span class='ocrx_word' id='word_1_821' title='bbox 3374 5444 3517 5498; x_wconf 89' lang='lat' dir='ltr'><strong>mille</strong></span> <span class='ocrx_word' id='word_1_822' title='bbox 3566 5447 3733 5513; x_wconf 79' lang='lat' dir='ltr'><strong>anni,</strong></span> 
     </span>
    </p>
   </div>
   <div class='ocr_carea' id='block_1_106' title="bbox 2164 5538 3325 5609">
    <p class='ocr_par' dir='ltr' id='par_1_106' title="bbox 2164 5538 3325 5609">
     <span class='ocr_line' id='line_1_106' title="bbox 2164 5538 3325 5609; baseline -0.008 -10"><span class='ocrx_word' id='word_1_823' title='bbox 2164 5545 2335 5599; x_wconf 86' lang='lat' dir='ltr'><strong>instar</strong></span> <span class='ocrx_word' id='word_1_824' title='bbox 2370 5540 2549 5596; x_wconf 68' lang='lat' dir='ltr'><strong>herba:</strong></span> <span class='ocrx_word' id='word_1_825' title='bbox 2577 5540 2835 5609; x_wconf 87' lang='lat' dir='ltr'><strong>alicujus,</strong></span> <span class='ocrx_word' id='word_1_826' title='bbox 2865 5554 2987 5607; x_wconf 72' lang='lat' dir='ltr'><strong>quae</strong></span> <span class='ocrx_word' id='word_1_827' title='bbox 3021 5538 3130 5591; x_wconf 85' lang='lat' dir='ltr'><strong>cito</strong></span> <span class='ocrx_word' id='word_1_828' title='bbox 3164 5543 3325 5604; x_wconf 83' lang='lat' dir='ltr'><strong>perit.</strong></span> 
     </span>
    </p>
   </div>
   <div class='ocr_carea' id='block_1_107' title="bbox 2236 5630 3737 5702">
    <p class='ocr_par' dir='ltr' id='par_1_107' title="bbox 2236 5630 3737 5702">
     <span class='ocr_line' id='line_1_107' title="bbox 2236 5630 3737 5702; baseline -0.004 -15"><span class='ocrx_word' id='word_1_829' title='bbox 2236 5630 2391 5688; x_wconf 75' lang='lat' dir='ltr'><strong>Mane</strong></span> <span class='ocrx_word' id='word_1_830' title='bbox 2442 5632 2652 5702; x_wconf 79' lang='lat' dir='ltr'><strong>ﬂoreat,</strong></span> <span class='ocrx_word' id='word_1_831' title='bbox 2689 5640 2739 5685; x_wconf 84' lang='lat' dir='ltr'><strong>et</strong></span> <span class='ocrx_word' id='word_1_832' title='bbox 2774 5639 3029 5695; x_wconf 82' lang='lat' dir='ltr'><strong>transeat,</strong></span> <span class='ocrx_word' id='word_1_833' title='bbox 3073 5645 3278 5697; x_wconf 67' lang='lat' dir='ltr'><strong>vespere</strong></span> <span class='ocrx_word' id='word_1_834' title='bbox 3323 5630 3552 5695; x_wconf 78' lang='lat' dir='ltr'><strong>decidat,</strong></span> <span class='ocrx_word' id='word_1_835' title='bbox 3580 5630 3737 5683; x_wconf 67' lang='lat' dir='ltr'><strong>induo</strong></span> 
     </span>
    </p>
   </div>
   <div class='ocr_carea' id='block_1_108' title="bbox 588 5811 2422 5888">
    <p class='ocr_par' dir='ltr' id='par_1_108' title="bbox 588 5811 2422 5888">
     <span class='ocr_line' id='line_1_108' title="bbox 588 5811 2422 5888; baseline -0.008 -9"><span class='ocrx_word' id='word_1_836' title='bbox 588 5824 604 5858; x_wconf 82' lang='lat'>&#39;</span> <span class='ocrx_word' id='word_1_837' title='bbox 642 5823 830 5879; x_wconf 66' lang='lat' dir='ltr'><strong>Matth.</strong></span> <span class='ocrx_word' id='word_1_838' title='bbox 866 5838 940 5888; x_wconf 77' lang='lat' dir='ltr'><strong>xi,</strong></span> <span class='ocrx_word' id='word_1_839' title='bbox 975 5822 1068 5878; x_wconf 74' lang='lat'><strong>29.</strong></span> <span class='ocrx_word' id='word_1_840' title='bbox 1144 5822 1189 5854; x_wconf 86' lang='lat'><strong>&quot;</strong></span> <span class='ocrx_word' id='word_1_841' title='bbox 1218 5818 1360 5875; x_wconf 67' lang='lat' dir='ltr'><strong>l’sal.</strong></span> <span class='ocrx_word' id='word_1_842' title='bbox 1395 5832 1581 5884; x_wconf 68' lang='lat' dir='ltr'><strong>cum,</strong></span> <span class='ocrx_word' id='word_1_843' title='bbox 1612 5815 1698 5870; x_wconf 85' lang='lat'><strong>7|.</strong></span> <span class='ocrx_word' id='word_1_844' title='bbox 1763 5815 1809 5846; x_wconf 85' lang='grc'><strong>⁷³</strong></span> <span class='ocrx_word' id='word_1_845' title='bbox 1843 5812 1988 5868; x_wconf 84' lang='lat' dir='ltr'><strong>Psal.</strong></span> <span class='ocrx_word' id='word_1_846' title='bbox 2024 5825 2293 5877; x_wconf 72' lang='lat' dir='ltr'><strong>lxxxviii,</strong></span> <span class='ocrx_word' id='word_1_847' title='bbox 2333 5811 2422 5865; x_wconf 79' lang='lat' dir='ltr'><strong>ll.</strong></span> 
     </span>
    </p>
   </div>
  </div>
