4194 6302
560 424 662 489 931

1771 421 2158 484 EUTHYMII
2199 421 2556 483 ZIGABENI

3712 409 3828 474 932

565 547 664 599 ret,
705 543 755 588 et
786 542 1011 589 arescat.
1045 532 1168 588 Haec
1199 533 1384 588 omnia
1424 533 1490 586 ad
1541 531 1772 587 celerem
1826 532 2008 586 herba:
2059 531 2138 584 in-

2243 532 2564 596 ἀποπὲσοι,
2593 526 3006 596 σκληρυνθείη
3031 567 3044 589 ,
3088 522 3186 578 καὶ
3233 524 3573 593 ξηρανθειή.
3631 523 3824 576 Ταῦτα

567 631 789 682 teritum
827 625 1162 692 referuntur,
1185 641 1305 696 qua:
1328 640 1486 681 mane
1515 625 1732 695 quidem
1765 625 1870 679 diei
1895 623 2134 687 florehit,

563 733 619 777 et
651 721 1005 792 pertransibit
1036 736 1063 773 a
1103 719 1258 786 ﬂore,
1288 728 1341 774 et
1365 733 1591 788 vespere
1615 718 1828 773 decidet
1854 758 1869 780 ,
1903 718 2006 772 hoc
2033 727 2136 779 est,

566 815 726 868 cadet
755 814 810 868 in
841 823 1039 868 terram
1083 829 1096 864 :
1133 819 1297 880 atque
1328 810 1399 864 ita
1427 817 1756 878 consumpto
1787 823 1855 863 eo
1882 808 2136 870 humore,

564 922 726 976 quem
757 914 917 960 antea
937 905 1187 968 habebat,
1211 902 1537 958 obdurescet
1554 911 1716 970 atque
1743 897 2132 955 exsiccahitur.

562 996 758 1051 Omnia
786 997 930 1051 enim
971 996 1084 1049 haec
1112 996 1276 1049 verba
1303 995 1426 1049 licet
1448 993 1688 1062 optantis
1735 991 1956 1045 modum
2007 989 2134 1043 reti-

565 1097 753 1154 neant,
788 1090 841 1142 in
873 1088 1044 1142 futuri
1081 1098 1261 1142 tamen
1316 1085 1715 1158 signiﬁcatione
1763 1083 2136 1153 accipiuntur.

560 1186 738 1254 Atque
795 1191 856 1237 ut
911 1184 1227 1237 ostenderet
1275 1179 1544 1249 PrOpheta
1591 1192 1755 1248 quam
1806 1178 1918 1232 cito
1963 1175 2135 1230 herba

561 1285 769 1346 pereat,
804 1291 913 1328 uno
943 1285 1106 1344 atque
1123 1274 1312 1328 eodem
1345 1273 1434 1326 die
1461 1271 1653 1325 ﬂorere
1678 1285 1796 1326 eam
1818 1266 2133 1334 descripsit,

561 1380 728 1440 atque
751 1382 1022 1422 arescere.
1059 1365 1153 1420 Vel
1190 1365 1329 1420 forte
1354 1365 1473 1420 ideo
1503 1366 1576 1417 ita
1606 1363 1762 1426 dixit,
1782 1361 1912 1431 quia
1937 1360 2136 1429 aliqua

561 1461 673 1514 sint
698 1459 898 1522 herbae,
939 1473 1060 1526 quae
1094 1472 1202 1512 uno
1249 1466 1411 1525 atque
1461 1455 1650 1510 eodem
1705 1454 1795 1506 die
1839 1450 2137 1504 ﬂorescant

561 1561 616 1605 et
656 1559 899 1618 pereant.
960 1550 1191 1615 Quidam
1252 1549 1366 1604 haec
1414 1548 1559 1602 dicta
1605 1560 1730 1600 esse
1771 1552 2029 1598 asserunt
2068 1540 2138 1596 de

561 1645 787 1707 Judazis,
821 1657 1053 1711 quorum
1107 1641 1422 1710 religionem
1473 1654 1537 1692 ac
1575 1624 1782 1692 'cultutn
1848 1636 1902 1689 in
1938 1633 2138 1701 templo

563 1737 711 1790 mille
737 1747 947 1790 tantum
966 1734 1126 1787 annis
1149 1731 1342 1785 dicunt
1362 1743 1764 1800 perseverasse,
1788 1744 1816 1779 a
1846 1725 2137 1779 Salomone

565 1829 817 1883 videlicet
859 1842 1030 1896 usque
1064 1826 1129 1879 ad
1175 1824 1379 1878 Christi
1426 1824 1761 1892 passionem,
1818 1820 1893 1872 ita
1927 1828 1984 1872 ut
2013 1833 2138 1873 sen-

2246 622 2386 690 πρὸς
2432 621 2496 672 τὸ
2536 621 2638 691 τῆς
2683 619 2846 689 χλόης
2890 617 3180 685 ὠκύμορον
3228 616 3594 677 ἀποτείνεται,
3645 615 3726 668 ὅτι
3782 617 3825 684 ἡ

2244 713 2376 785 χλόη
2408 713 2468 766 τὸ
2500 712 2602 777 μὲν
2642 710 2789 781 πρωῒ
2823 710 2924 779 τῆς
2975 707 3191 778 ἡμέρας
3219 707 3466 778 ἀνθήσει,
3498 702 3618 760 εἶτα
3647 724 3824 775 παρε-

2245 804 2499 858 λεύσεται
2525 802 2633 858 άπδ
2669 803 2764 857 τοῦ
2790 801 2974 856 ἀνθεῖν
3000 818 3014 830 ·
3052 801 3115 854 τὸ
3146 801 3204 854 δὲ
3242 802 3480 871 ἑσπέρας
3519 800 3820 866 άποπεσεῖ,

2245 896 2425 951 είτουν
2453 894 2772 966 κλιθήσεται
2799 896 2885 957 είς
2920 894 3026 964 γῆν
3050 910 3066 924 °
3103 893 3415 963 περιττεύει
3443 892 3500 946 δὲ
3534 894 3569 964 ἡ
3621 891 3823 964 πρόθε-

2247 1007 2330 1052 σις
2358 1005 2372 1020 ο
2409 988 2531 1043 εἶτα
2555 987 3055 1060 σκληρυνθήσεται,
3085 986 3488 1054 δαπανωμένης
3513 985 3617 1055 τῆς
3643 987 3701 1040 ὲν
3717 987 3826 1039 αὖ·

2245 1084 2312 1154 τῇ
2368 1082 2617 1151 ίκμάδος,
2661 1081 2760 1135 καὶ
2804 1079 2948 1135 οὕτω
2991 1078 3418 1151 ξηρανθήσεται,
3448 1078 3532 1132 Τά
3560 1079 3670 1150 γάρ
3723 1081 3826 1133 εὐ-

2245 1175 2410 1229 κτικὰ
2452 1174 2548 1228 νῦν
2583 1175 2707 1229 ἀντὶ
2755 1173 3063 1242 μελλόντων
3111 1171 3504 1241 λαμϐάνονται.
3557 1171 3632 1225 To
3669 1172 3827 1240 πρωῒ

2241 1269 2300 1322 δὲ
2341 1270 2436 1321 καὶ
2473 1267 2533 1320 τὺ
2580 1267 2842 1335 ἑσπέρας
2900 1266 3021 1319 ἀντὶ
3083 1262 3177 1318 τοῦ
3223 1264 3316 1318 Ἐν
3362 1263 3585 1334 πρωῖᾳ,
3617 1264 3711 1316 καὶ
3761 1263 3828 1314 ἐν

2245 1363 2480 1431 ἑσπέρᾳ.
2525 1361 2614 1415 Ἐν
2653 1362 2757 1430 μιᾷ
2780 1359 2836 1413 δὲ
2862 1359 3046 1430 ἡμέρᾳ
3079 1359 3211 1424 πρὶν
3240 1357 3426 1411 είκόνα
3458 1357 3557 1428 τῆς
3596 1357 3827 1426 ὠκυμο-

2248 1454 2367 1524 pia;
2413 1453 2512 1522 τῆς
2555 1452 2719 1523 χλόης
2761 1451 3038 1522 ἱστόρησε,
3095 1449 3361 1504 δεικνύων
3408 1449 3469 1503 τὸ
3515 1449 3680 1519 τάχος
3717 1449 3826 1520 τῆς

2247 1546 2608 1617 παραδρομῆς
2638 1546 2832 1615 αὐτῆς.
2869 1543 3081 1606 Ἀλλως
3109 1561 3164 1596 τε
3195 1540 3253 1595 δὲ
3292 1543 3389 1596 καὶ
3427 1543 3511 1595 δτι
3537 1542 3646 1595 εἰσί
3673 1558 3825 1604 τινες

2245 1640 2401 1709 χλόαι
2436 1641 2492 1692 ὲν
2524 1641 2624 1711 μιᾷ
2657 1639 2844 1710 ἡμέρᾳ
2883 1636 3148 1692 άθιθοῦσαι
3191 1637 3284 1690 καλ⁸
3316 1635 3682 1699 ἁπανθοῦσαι,
3723 1636 3824 1688 καί

2251 1729 2631 1796 ἀπολλύμεναι
2664 1744 2680 1759 ⁸
2711 1728 2888 1782 ταῦτα
2933 1728 3033 1796 μὲν
3057 1726 3254 1790 οὕτως.
3291 1727 3448 1786 Τινὲς
3472 1725 3530 1780 δὲ
3561 1724 3692 1797 περὶ
3711 1725 3824 1779 τῶν

2257 1820 2530 1873 Ἰουδαίων
2573 1816 2956 1890 προρῤηοῆναι
2995 1816 3171 1870 ταῦτά
3211 1832 3385 1888 φησιο
3436 1816 3690 1885 λέγοντες
3723 1816 3821 1868 ἐπὶ

565 1936 661 1978 sus
698 1921 771 1974 sit
800 1938 813 1973 :
849 1919 991 1989 quod
1025 1918 1076 1972 hi
1107 1917 1254 1972 mille
1283 1917 1436 1982 anni,
1486 1915 1559 1969 ob
1609 1915 1824 1968 illorum
1886 1913 2094 1966 scelera
2122 1950 2138 1975 ,

2243 1912 2391 1983 χίλια
2418 1911 2511 1982 ἔτη
2540 1910 2829 1980 διαρκέσαι
2861 1909 2962 1981 τὴν
2995 1911 3055 1962 ἐν
3083 1909 3159 1980 τῷ
3187 1908 3300 1979 ναῷ
3314 1906 3573 1978 λατρείαν
3605 1907 3821 1962 αὐτῶν·

566 2029 676 2067 non
711 2027 874 2066 secus
904 2027 931 2062 a
964 2011 1071 2062 Deo
1093 2008 1327 2079 reputati
1355 2014 1685 2077 sunt,quam
1715 2005 1834 2058 dies
1857 2004 2138 2066 hesterna,

565 2111 731 2172 atque
767 2102 887 2155 ideo
918 2101 1060 2170 quod
1096 2106 1445 2166 contemptus
1471 2112 1662 2151 eorum
1691 2095 2005 2150 Judzeorum
2042 2094 2137 2148 ad-

565 2196 671 2248 huc
698 2202 880 2254 ertntt.
913 2201 968 2246 et
994 2206 1209 2260 semper
1240 2190 1413 2260 magis
1444 2198 1760 2259 angescent.
1796 2189 1860 2242 Et
1892 2186 2140 2242 videmus

563 2303 696 2343 sane
725 2301 822 2342 eos
855 2300 1138 2354 nunquam
1170 2298 1425 2338 cessasse
1458 2324 1473 2346 ,
1507 2283 1638 2351 quin
1694 2295 1912 2349 semper
1963 2281 2140 2349 magis

2243 2004 2480 2058 τοσαῦτα
2518 2003 2628 2072 γάρ
2659 2002 2767 2056 ἀπὸ
2793 2001 3138 2072 Σολομῶντος
3161 2001 3291 2072 ἄχρι
3315 2000 3416 2070 τῆς
3450 1999 3546 2054 τοῦ
3577 1999 3822 2070 Χριστοῦ

2246 2094 2612 2166 σταυρώσεως
2668 2095 2762 2166 ἔτη
2809 2092 3228 2164 συναριθμεῖται
3270 2094 3440 2148 Φασ“ιν
3466 2088 3560 2147 οὖν
3578 2109 3824 2163 προαγο·

2246 2188 2430 2258 ρεύειν
2459 2189 2552 2240 τὸν
2575 2188 2758 2254 λόγον,
2790 2187 2873 2239 ὃτι
2905 2187 3065 2239 ταυτὶ
3092 2187 3158 2238 τά
3190 2186 3338 2256 χίλια
3381 2186 3479 2256 ἐτη
3517 2187 3594 2249 ὡς
3628 2188 3661 2256 ἠ
3691 2183 3824 2254 χθὲς

2247 2281 2428 2352 ἡμέρα
2451 2279 2890 2346 συλλελόγισται,
2948 2278 3036 2332 διὰ
3081 2281 3180 2350 τὴν
3215 2280 3566 2349 παρανομίαν
3615 2276 3820 2333 αὐτῶν.

563 2377 898 2448 contemptui
946 2377 1057 2430 sint
1095 2386 1151 2431 et
1186 2374 1447 2430 ludibrio.
1479 2373 1543 2427 Et
1587 2374 1691 2427 alia
1736 2374 1900 2427 etiam
1948 2387 2138 2427 conse-

2243 2374 2336 2426 Διὸ
2381 2375 2447 2427 τά
2501 2371 2918 2439 ὲξουδενώματα
2974 2372 3158 2426 αὐτῶν
3214 2373 3324 2427 τῶν
3393 2371 3671 2426 Ἰουδαίων
3726 2371 3824 2424 ἐπὶ

564 2480 794 2540 quenter
825 2469 889 2523 ad
924 2468 1176 2538 praedicta
1195 2468 1540 2538 intelligunt:
1568 2466 1719 2536 quod
1745 2467 1954 2522 scilicet
1980 2481 2140 2521 mane

563 2579 776 2627 eorum,
809 2562 912 2616 hoc
952 2573 1037 2617 est
1080 2561 1311 2616 felicitas
1343 2576 1558 2624 eorum,
1588 2561 1948 2630 pertransibit
1995 2562 2139 2614 velut

566 2655 753 2711 herba.
781 2655 980 2709 Eorum
1019 2663 1197 2707 autem
1227 2653 1462 2707 felicitas
1495 2662 1708 2706 tantum
1745 2651 1966 2706 duravit
1994 2693 2010 2718 ,
2050 2667 2139 2706 rc-

566 2754 767 2814 gnante
799 2743 1114 2798 Salomone.
1169 2741 1302 2796 Nam
1348 2744 1696 2823 postmodum
1747 2758 1964 2812 semper
2005 2758 2137 2797 con-

569 2838 718 2892 cussi
761 2845 913 2891 sunt.
943 2837 1062 2890 Alia
1091 2845 1272 2888 autem
1321 2851 1443 2905 quae
1483 2843 1791 2905 sequuntur
1831 2835 2014 2900 verba,
2071 2834 2137 2889 ad

566 2929 790 2985 herbam
817 2927 1044 2992 referes,
1077 2942 1141 2981 eo
1173 2928 1332 2982 modo
1363 2943 1470 2996 quo
1495 2928 1604 2997 jam
1642 2928 2023 2997 przediximus.

635 3200 802 3254 Vens.
843 3199 897 3252 7.
939 3196 1077 3261 Quia
1109 3197 1389 3268 defecimus
1418 3199 1468 3250 in
1513 3200 1593 3251 ira
1629 3210 1751 3262 tua,
1787 3209 1834 3253 et
1868 3201 1919 3252 in
1953 3201 2135 3267 furore

565 3301 656 3344 tuo
682 3289 881 3342 turbati
919 3305 1123 3342 smnus.
1163 3289 1491 3354 Dcfecimus,
1557 3290 1660 3343 hoc
1716 3299 1823 3355 εει,
1871 3292 2133 3346 diminuti

565 3399 758 3438 sumus
802 3389 855 3436 et
889 3380 1210 3451 perivimus,
1250 3380 1379 3434 dum
1419 3391 1472 3435 tu
1509 3383 1755 3451 peccatis
1785 3384 1995 3438 nostris
2028 3385 2140 3438 ira-

567 3485 654 3529 tus
683 3490 764 3530 es.
810 3473 882 3529 De
920 3474 997 3527 ira
1032 3480 1214 3528 autem
1265 3482 1319 3527 et
1353 3473 1537 3527 furore
1594 3473 1712 3544 (seu
1746 3476 1951 3544 potius,
1980 3476 2138 3544 juxta

567 3567 838 3623 veriorem
889 3565 1093 3621 Graecae
1140 3566 1396 3622 dictionis
1433 3567 1602 3638 Ουμδς
1655 3569 2137 3638 significationem.

563 3663 635 3718 do
667 3663 1164 3732 excandescentia)
1214 3681 1456 3734 μετεωρο
1491 3664 1869 3720 alilii-dictum
1923 3675 2029 3730 est,
2084 3677 2138 3721 et

562 3759 838 3830 praecipue
869 3758 923 3810 in
959 3757 1170 3827 psalmo
1203 3773 1278 3813 vt.

640 3847 806 3905 Vens.
843 3849 898 3906 8.
939 3847 1172 3903 Posuisti
1205 3849 1510 3918 iniquitates
1537 3861 1746 3903 nostras
1777 3852 1830 3903 in
1859 3863 2137 3920 conspectu

566 3955 678 3996 tuo.
709 3941 1032 3996 Manifestas
1081 3941 1339 3994 nimirum
1393 3956 1453 3994 ac
1484 3943 1814 4008 cousiiicuas
1843 3959 2029 3998 coram
2061 3955 2133 4000 te.

563 4034 783 4090 Etcum
818 4033 985 4088 latere
1005 4048 1115 4087 non
1148 4033 1401 4102 possint,
1437 4034 1529 4087 sed
1559 4036 1735 4089 oculis
1770 4037 1994 4090 assidue
2029 4039 2137 4093 tuis

566 4133 812 4195 pateant,
860 4134 914 4180 te
956 4125 1165 4180 idcirco
1208 4139 1425 4192 semper
1462 4125 1635 4194 magis
1675 4126 1893 4180 irritant
1937 4130 2138 4184 advero

563 4233 685 4271 sum
718 4233 839 4271 nos.

639 4310 907 4365 Smculunt
972 4322 1210 4366 nostrum
1259 4317 1314 4368 in
1361 4316 1754 4370 illummanone
1805 4317 1984 4370 vultus
2036 4315 2136 4367 tui.

562 4401 833 4456 Steculum
863 4412 1132 4468 nostrum,
1170 4405 1275 4457 hoc
1324 4415 1409 4459 est
1471 4406 1637 4458 vitam
1673 4414 1728 4459 et
1764 4403 2139 4458 conversatio-

565 4509 689 4549 nem
727 4503 993 4547 nostram.
1029 4493 1243 4560 Omnis,
1295 4496 1496 4564 inquit,
1552 4498 1660 4550 vita
1707 4505 1760 4550 et
1791 4494 2138 4549 conversatio

2245 2463 2432 2516 πλεῖον
2455 2463 2694 2528 ἔσονται,
2713 2464 2802 2516 ἀεὶ
2832 2463 3337 2536 προσεπιγινόμενα
3355 2481 3370 2495 ⁸
3401 2464 3498 2517 καὶ
3521 2464 3586 2536 δὴ
3621 2463 3824 2534 βλέπο-

2246 2575 2348 2626 μεν
2400 2557 2601 2618 αὐτοὺς
2653 2556 2912 2609 οὐδέποτε
2980 2556 3199 2611 παῦλαν
3258 2556 3359 2626 τῆς
3412 2556 3823 2624 ὲξουδενὼσεως

2242 2648 2640 2717 λαμϐάνοντας.
2673 2648 2783 2701 Καὶ
2813 2647 2981 2701 τᾶλλα
3035 2649 3091 2702 δὲ
3131 2649 3444 2713 άκολούἸως
3485 2648 3720 2714 νοοῦσιν,
3736 2649 3824 2701 ὅτι

2240 2743 2300 2796 τὸ
2348 2740 2492 2812 πρωῒ
2531 2741 2987 2812 αὑτῶιι,ἥγου·ιή
3027 2740 3301 2812 εὐημερία
3326 2741 3534 2805 αὐτῶν,
3573 2739 3648 2804 ὡς
3683 2740 3820 2810 χλόη

2241 2834 2638 2904 παρελεύσεται
2663 2850 2676 2862 °
2703 2822 2974 2903 εὐημερῐα
2997 2834 3053 2886 δὲ
3086 2833 3270 2888 αὐτῶν
3298 2831 3441 2905 ἡὲπὶ
3471 2833 3822 2902 Σολομῶντος

2243 2930 2404 2998 μόνον
2461 2928 2712 2997 βασιλεία
2743 2945 2756 2956 ·
2803 2931 2863 2981 τὸ
2907 2928 3017 3000 γάρ
3046 2927 3174 2999 ἑξῆς
3222 2928 3606 2998 ἑκυμαίνοντο.
3653 2927 3733 2980 Τά
3760 2925 3823 2981 δὲ

2239 3021 2440 3091 ἑφεξῆς
2493 3021 2631 3092 ῥητά
2676 3019 2750 3084 ὡς
2799 3022 2898 3090 τὴν
2939 3021 3105 3093 χλόην
3147 3021 3474 3087 ἀποδώσεις,
3524 3019 3600 3083 ὡς
3637 3022 3824 3093 προεί-

2243 3131 2425 3183 ρηται.

2314 3209 2436 3262 Ὅτι
2455 3209 2814 3276 ἐξελίποιιεν
2833 3210 2902 3263 ἐν
2921 3208 2995 3277 τῇ
3011 3208 3162 3278 ὀργῆ
3179 3225 3318 3272 σου,
3343 3211 3440 3264 και
3460 3209 3532 3263 ἐν
3555 3207 3635 3274 τῷ
3654 3207 3825 3278 θυμῷ

2241 3316 2361 3357 σου
2403 3301 2837 3371 ἐταράχθημεν.
2868 3330 2936 3342 —-—
2970 3302 3386 3372 Ἐξελιπομεν,
3412 3301 3533 3355 ἀντὶ
3555 3299 3823 3362 “5.13m-

2242 3395 2522 3464 γώθημεν,
2582 3394 2940 3463 ἀπωλόμεθα,
2985 3396 3042 3447 ἐν
3084 3393 3163 3464 τῷ
3212 3393 3534 3465 ὀργισθῆναί
3578 3410 3636 3447 σε
3686 3394 3826 3464 ἡμῖν

2244 3487 2641 3558 άμαρτά·.ουσι.
2699 3487 2832 3553 Περὶ
2870 3487 2924 3540 δὲ
2954 3488 3052 3555 τῆς
3079 3487 3249 3556 ὀργῆς
3277 3504 3370 3540 σου
3401 3488 3497 3540 καὶ
3515 3487 3612 3540 τοῦ
3643 3486 3821 3557 θυμοῦ

2241 3579 2516 3648 διαφόρως
2542 3577 2759 3649 εἴρηται
2796 3595 2810 3609 ο
2847 3580 2944 3630 καὶ
2985 3578 3189 3649 μᾶλλον
3230 3580 3287 3630 ὲν
3313 3577 3389 3648 τῷ
3421 3583 3477 3642 ς’
3501 3576 3725 3648 ψαλμῷ.

2316 3866 2500 3922 Ἕθου
2539 3865 2646 3932 τὰς
2669 3866 2925 3935 ἀνομίας
2954 3867 3122 3935 ἡμῶν
3150 3866 3431 3921 ἐναντίον
3472 3885 3610 3923 σου.
3653 3871 3819 3924 Ἕθου

2242 3961 2413 4023 αὐτὰς
2453 3959 2668 4030 γυμνάς
2711 3958 2949 4013 ἐνώπιόν
3008 3975 3125 4022 σου,
3158 3959 3252 4012 καὶ
3286 3958 3561 4029 ὁρώμεναι
3603 3963 3665 4014 οὐ
3699 3962 3818 4015 διας

2240 4052 2621 4117 λανθάνουσιν,
2649 4050 2785 4105 ἀλλὰ
2814 4051 2912 4104 καὶ
2941 4051 3178 4122 μάλιστα
3211 4051 3577 4123 παροξύνουσί
3601 4072 3660 4107 σε
3695 4055 3818 4110 καθ’

2241 4146 2422 4216 ἡμῶν.

2326 4327 2393 4380 '0
2440 4327 2588 4382 αἰὼν
2625 4326 2796 4397 ἡμῶν
2829 4330 2918 4394 εἰς
2974 4327 3288 4396 φωτισμὸν
3338 4328 3446 4383 τοῦ
3495 4330 3822 4398 προσώπου

2241 4433 2382 4474 σου.
2412 4419 2593 4474 Αἰῶνα
2621 4420 2713 4475 νῦν
2745 4422 2839 4473 τὸν
2865 4420 2979 4490 βίον
3013 4421 3160 4487 λέγει
3193 4421 3289 4473 καὶ
3313 4420 3410 4491 τὴν
3442 4422 3607 4493 ζωήν.
3634 4424 3766 4475 Ὄλο
3801 4465 3817 4488 ,

2242 4513 2432 4580 φησιν,
2468 4516 2497 4564 ὀ
2533 4513 2646 4580 βίος
2677 4513 2855 4582 ἡμῶν,
2890 4513 2987 4585 ὅλη
3023 4515 3054 4584 ἠ
3103 4515 3216 4584 ζωὴ
3246 4517 3326 4578 είς
3355 4517 3417 4569 τὸ
3446 4517 3689 4586 ἐμφανὲς
3719 4521 3816 4588 τῆς

565 4595 752 4640 nostra
801 4584 1093 4638 manifesta
1145 4593 1229 4640 est
1283 4586 1336 4639 in
1370 4597 1670 4655 conspectu
1717 4594 1844 4639 tuo:
1883 4593 1936 4640 et
1994 4584 2136 4638 idem

2247 4605 2343 4673 σῆς
2389 4606 2698 4673 ἐπισκοπῆς
2735 4607 2934 4671 κεῖται,
2998 4608 3244 4660 τουτέστι
3285 4611 3667 4678 πεφανέρωταξ
3710 4629 3814 4667 σοι.

561 4684 647 4729 εει
680 4689 901 4735 sensus,
931 4673 1022 4742 qui
1057 4673 1111 4726 in
1143 4675 1471 4740 prazcedenti
1501 4676 1795 4730 versiculo.

633 4763 802 4818 Vens.
841 4765 895 4819 9.
937 4763 1198 4828 Quoniam
1238 4781 1414 4819 omnes
1459 4767 1568 4819 dies
1613 4767 1783 4819 nostri
1815 4765 2135 4835 defecerunt.

562 4854 766 4908 Omnes
791 4855 914 4908 vita:
945 4863 1141 4908 nostra}
1169 4855 1289 4909 dies
1314 4857 1780 4924 pertransierunt.
1804 4855 1925 4909 Jam
1963 4866 2138 4910 morte

562 4948 796 5019 proximi
831 4965 1059 5012 sumus;
1094 4949 1164 5002 ita
1195 4949 1367 5012 enim,
1405 4949 1603 5018 inquit,
1640 4966 1726 5005 me
1769 4949 1974 5004 sentire
2019 4963 2138 5017 per-

564 5041 759 5095 suadet
810 5041 1188 5095 calamitatum
1242 5042 1611 5096 vehementia.
1671 5043 1767 5097 Est
1801 5051 1984 5096 autem
2017 5054 2137 5094 mos

565 5136 635 5189 iis
669 5136 758 5202 qui
793 5136 846 5189 in
892 5137 1166 5204 angustiis
1211 5144 1358 5200 sunt,
1393 5144 1454 5189 ut
1484 5135 1674 5189 dicant
1707 5151 1766 5189 se
1794 5136 1864 5189 ab
1911 5136 1994 5190 eis
2040 5150 2138 5203 op-

567 5240 786 5293 pressos
845 5241 990 5287 esse,
1052 5240 1116 5278 ac
1151 5225 1264 5292 jam
1326 5224 1576 5292 periisse,
1632 5223 1794 5278 veluti
1851 5225 2135 5294 desperata

566 5331 795 5387 prorsus
824 5318 1024 5370 salute.
1059 5317 1277 5372 Dictum
1322 5317 1488 5370 etiam
1519 5326 1606 5372 est
1641 5332 1903 5387 persaepe,
1952 5327 2007 5373 et
2039 5318 2138 5372 de—

563 5424 677 5464 nuo
715 5420 1045 5478 repetemus,
1093 5409 1237 5478 quod
1268 5407 1458 5472 dictio,
1506 5408 1794 5474 Quoniam,
1844 5425 1939 5465 seu
1977 5409 2137 5474 Quia.

565 5500 808 5568 alioquin
846 5501 1067 5568 ponitur
1096 5507 1154 5551 ut
1205 5499 1525 5564 conﬁrmet,
1577 5516 1674 5569 pro
1704 5501 1863 5565 Vere,
1897 5501 2139 5570 alioquin

565 5591 833 5646 rationem
893 5588 1090 5654 reddit,
1150 5598 1206 5643 et
1261 5590 1508 5658 alioquin
1569 5601 1781 5646 tantum
1845 5600 2053 5655 narrat,
2084 5599 2139 5646 et

564 5683 847 5738 abundare
877 5683 1278 5751 quodammodo
1307 5685 1544 5746 videtur,
1567 5695 1626 5736 ut
1664 5685 1749 5737 hic
1772 5701 1786 5749 ;
1812 5695 1868 5739 et
1895 5687 1967 5736 ita
1998 5698 2142 5752 saepe

570 5777 808 5846 positam
841 5790 962 5829 eam
1001 5777 1318 5831 invenimus
1365 5778 1506 5846 apud
1543 5779 1758 5830 beatum
1815 5777 2002 5829 David.
2059 5776 2142 5830 Sit

570 5862 734 5930 igitur
783 5861 898 5916 haec
932 5862 1030 5916 tibi
1067 5863 1121 5917 in
1155 5863 1397 5918 futurum
1438 5881 1628 5919 norma
1661 5864 1994 5920 certissima.
2037 5865 2140 5921 Su-

580 5952 843 6024 pcrlluum
885 5957 1028 6010 enim
1060 5967 1143 6012 est
1176 5957 1365 6013 eadem
1412 5972 1626 6027 semper
1661 5967 1922 6028 repetere.

2255 4697 2314 4748 Ὀ
2345 4698 2402 4750 δὲ
2434 4716 2558 4760 νους
2584 4715 2768 4767 ομοιος
2799 4699 2890 4750 τοῦ
2932 4699 3299 4768 προλαϐόντος
3335 4701 3545 4771 στίχου.

2318 4788 2438 4840 ’Ὁτι
2466 4788 2657 4844 πᾶσαι
2691 4793 2751 4842 al
2787 4787 2999 4856 ἡμέραι
3033 4789 3204 4857 ἡμῶν
3228 4791 3538 4854 ἐξέλιπον.
3568 4793 3636 4845 At
3677 4793 3816 4865 ἡμέ-

2245 4895 2337 4948 ραι
2370 4878 2472 4946 τῆς
2501 4879 2648 4946 ζωῆς
2681 4880 2840 4949 ἡμῶν
2886 4880 3185 4949 παρῆλθον.
3223 4881 3303 4952 Τῇ
3336 4880 3558 4955 τελευτῇ
3601 4885 3816 4952 πεπλη-

2244 4971 2518 5039 σιάκαμεν
2549 4982 2563 4996 °
2621 4969 2764 5022 οὓτω
2799 4969 2906 5039 γάρ
2944 4987 3012 5039 με
3051 4968 3228 5023 πείθει
3263 4974 3464 5043 νοετνή
3511 4974 3818 5044 σφοδρότης

2239 5066 2351 5118 τῶν
2378 5066 2698 5136 συμφορῶν.
2739 5067 2900 5130 Ἐθος
2931 5068 2987 5120 δὲ
3026 5067 3121 5120 καὶ
3162 5068 3336 5132 ἄλλως
3362 5071 3474 5133 τοῖς
3503 5071 3562 5122 ὲν
3601 5069 3813 5140 θλίψεσι

2242 5157 2446 5225 λέγειν,
2469 5159 2547 5211 ὅτι
2575 5160 2939 5229 τεθνήκαμεν,
2986 5161 3382 5227 ἀποπνιγέντες
3423 5163 3545 5223 ταῖς
3579 5163 3816 5230 θλίψεσι,

2242 5251 2338 5302 καὶ
2361 5251 2742 5316 ἀπεγνωκότες
2762 5251 2862 5319 τὴν
2890 5253 3183 5320 σωτηρίαν,
3214 5252 3444 5322 Εἴρηται
3467 5253 3521 5306 δὲ
3555 5255 3818 5319 πολλάκις

2243 5341 2373 5411 περὶ
2397 5341 2514 5402 τοῦ,
2552 5342 2702 5404 Ὅτι,
2731 5343 2826 5396 καὶ
2861 5340 2954 5394 νῦν
2995 5342 3052 5394 δὲ
3079 5342 3311 5398 καθόλου
3340 5345 3558 5414 ῥητέον,
3585 5345 3666 5398 ὃτι
3689 5345 3816 5399 ἔνθα

2245 5434 2585 5504 εὑρίσκεται,
2614 5435 2647 5506 ἣ
2680 5435 3024 5502 ἁντιλογικὸν
3047 5441 3274 5504 νοεῖται,
3305 5437 3337 5508 ἢ
3367 5437 3745 5508 βεϐαιωτικὸν,
3780 5441 3813 5506 ἤ

2244 5527 2648 5597 διηγηματικὸν
2683 5529 2776 5580 καὶ
2810 5528 3107 5600 παρέλκον,
3145 5530 3220 5592 ὡς
3252 5530 3346 5583 καὶ
3389 5530 3508 5584 νῦν.
3551 5530 3725 5584 Τοῦτο
3758 5530 3815 5583 δὲ

2245 5619 2340 5672 καὶ
2375 5618 2578 5686 μᾶλλον
2610 5617 2900 5682 πλεονάζει
2926 5621 3078 5689 παρὰ
3117 5621 3196 5692 τῷ
3249 5621 3434 5677 Δαϐίδ.
3472 5623 3580 5675 Καὶ
3627 5621 3814 5674 λοιπὸν

2244 5710 2387 5763 ἔστω
2413 5728 2496 5763 σοι
2523 5709 2705 5775 τοῦτο,
2744 5712 2824 5775 είς
2869 5712 2931 5765 τὺ
2978 5712 3122 5781 ἑξῆς,
3164 5715 3345 5767 κανὼν
3392 5715 3811 5785 ἀκριϐέστατος.

2246 5804 2505 5871 Περιττὺν
2533 5804 2638 5874 γὰρ
2683 5803 2944 5869 πολλάκις
2996 5807 3123 5877 περὶ
3168 5807 3278 5864 τῶν
3308 5806 3485 5863 αὐτῶν
3525 5806 3705 5876 λέγειν
3741 5805 3811 5858 τά

2247 5894 2404 5948 αὑτά.
