  <div class='ocr_page' id='page_1' title='image "/cluster/home/n/w/nwhite01/storage/ocr_20150623/128/mdp.39015078384263/474.png"; bbox 0 0 4194 6302; ppageno 0'>
   <div class='ocr_carea' id='block_1_1' title="bbox 351 455 489 519">
    <p class='ocr_par' dir='ltr' id='par_1_1' title="bbox 351 455 489 519">
     <span class='ocr_line' id='line_1_1' title="bbox 351 455 489 519; baseline 0.007 -1"><span class='ocrx_word' id='word_1_1' title='bbox 351 455 489 519; x_wconf 78' lang='lat'><strong>933</strong></span> 
     </span>
    </p>
   </div>
   <div class='ocr_carea' id='block_1_2' title="bbox 1557 454 2477 518">
    <p class='ocr_par' dir='ltr' id='par_1_2' title="bbox 1557 454 2477 518">
     <span class='ocr_line' id='line_1_2' title="bbox 1557 454 2477 518; baseline -0.004 -2"><span class='ocrx_word' id='word_1_2' title='bbox 1557 455 1949 518; x_wconf 74' lang='lat' dir='ltr'><strong>COMMENT.</strong></span> <span class='ocrx_word' id='word_1_3' title='bbox 1986 456 2069 516; x_wconf 79' lang='lat' dir='ltr'><strong>IN</strong></span> <span class='ocrx_word' id='word_1_4' title='bbox 2114 454 2477 516; x_wconf 73' lang='lat' dir='ltr'><strong>PSALMOS.</strong></span> 
     </span>
    </p>
   </div>
   <div class='ocr_carea' id='block_1_3' title="bbox 3543 454 3646 520">
    <p class='ocr_par' dir='ltr' id='par_1_3' title="bbox 3543 454 3646 520">
     <span class='ocr_line' id='line_1_3' title="bbox 3543 454 3646 520; baseline -0.029 0"><span class='ocrx_word' id='word_1_5' title='bbox 3543 454 3646 520; x_wconf 69' lang='grc'><strong>934</strong></span> 
     </span>
    </p>
   </div>
   <div class='ocr_carea' id='block_1_4' title="bbox 445 566 1960 640">
    <p class='ocr_par' dir='ltr' id='par_1_4' title="bbox 445 567 1960 638">
     <span class='ocr_line' id='line_1_4' title="bbox 445 567 1960 638; baseline -0.001 -13"><span class='ocrx_word' id='word_1_6' title='bbox 445 571 572 625; x_wconf 71' lang='lat' dir='ltr'><strong>Kal</strong></span> <span class='ocrx_word' id='word_1_7' title='bbox 618 570 689 624; x_wconf 71' lang='grc' dir='ltr'><strong>ἐν</strong></span> <span class='ocrx_word' id='word_1_8' title='bbox 735 568 810 637; x_wconf 79' lang='grc' dir='ltr'>τῇ</span> <span class='ocrx_word' id='word_1_9' title='bbox 860 568 1012 638; x_wconf 73' lang='grc' dir='ltr'>ὀργῇ</span> <span class='ocrx_word' id='word_1_10' title='bbox 1059 583 1177 623; x_wconf 83' lang='grc' dir='ltr'>σου</span> <span class='ocrx_word' id='word_1_11' title='bbox 1229 567 1611 636; x_wconf 66' lang='grc' dir='ltr'>ὲξελίπομεν.</span> <span class='ocrx_word' id='word_1_12' title='bbox 1667 569 1841 622; x_wconf 80' lang='grc' dir='ltr'>Τοῦτο</span> <span class='ocrx_word' id='word_1_13' title='bbox 1875 572 1960 624; x_wconf 68' lang='grc' dir='ltr'>καὶ</span> 
     </span>
    </p>
   </div>
   <div class='ocr_carea' id='block_1_5' title="bbox 2062 566 3656 640">
    <p class='ocr_par' dir='ltr' id='par_1_5' title="bbox 2147 566 3656 640">
     <span class='ocr_line' id='line_1_5' title="bbox 2147 566 3656 640; baseline 0.001 -17"><span class='ocrx_word' id='word_1_14' title='bbox 2147 569 2216 623; x_wconf 85' lang='lat' dir='ltr'><strong>Et</strong></span> <span class='ocrx_word' id='word_1_15' title='bbox 2273 570 2325 620; x_wconf 88' lang='lat' dir='ltr'><strong>in</strong></span> <span class='ocrx_word' id='word_1_16' title='bbox 2361 570 2443 620; x_wconf 89' lang='lat' dir='ltr'><strong>ira</strong></span> <span class='ocrx_word' id='word_1_17' title='bbox 2479 580 2570 620; x_wconf 88' lang='lat' dir='ltr'><strong>tua</strong></span> <span class='ocrx_word' id='word_1_18' title='bbox 2621 567 2934 636; x_wconf 79' lang='lat' dir='ltr'><strong>defecimus.</strong></span> <span class='ocrx_word' id='word_1_19' title='bbox 2975 566 3120 622; x_wconf 84' lang='lat' dir='ltr'><strong>Idem</strong></span> <span class='ocrx_word' id='word_1_20' title='bbox 3179 567 3343 623; x_wconf 87' lang='lat' dir='ltr'><strong>etiam</strong></span> <span class='ocrx_word' id='word_1_21' title='bbox 3398 573 3656 640; x_wconf 75' lang='lat' dir='ltr'><strong>superius</strong></span> 
     </span>
    </p>
   </div>
   <div class='ocr_carea' id='block_1_6' title="bbox 351 662 1965 736">
    <p class='ocr_par' dir='ltr' id='par_1_6' title="bbox 351 662 1965 736">
     <span class='ocr_line' id='line_1_6' title="bbox 351 662 1965 736; baseline 0.001 -19"><span class='ocrx_word' id='word_1_22' title='bbox 351 665 648 734; x_wconf 68' lang='grc' dir='ltr'>ἁδωτέρω</span> <span class='ocrx_word' id='word_1_23' title='bbox 678 665 892 735; x_wconf 73' lang='grc' dir='ltr'>εἴρηκε.</span> <span class='ocrx_word' id='word_1_24' title='bbox 944 664 1252 733; x_wconf 81' lang='grc' dir='ltr'>Διττολογεῖ</span> <span class='ocrx_word' id='word_1_25' title='bbox 1301 664 1358 718; x_wconf 81' lang='grc' dir='ltr'><strong>δὲ</strong></span> <span class='ocrx_word' id='word_1_26' title='bbox 1415 662 1564 736; x_wconf 76' lang='grc' dir='ltr'>νόμῳ</span> <span class='ocrx_word' id='word_1_27' title='bbox 1605 663 1714 718; x_wconf 83' lang='grc' dir='ltr'>τῶν</span> <span class='ocrx_word' id='word_1_28' title='bbox 1741 665 1965 718; x_wconf 76' lang='grc' dir='ltr'>ἐλεεινο·</span> 
     </span>
    </p>
   </div>
   <div class='ocr_carea' id='block_1_7' title="bbox 351 756 756 828">
    <p class='ocr_par' dir='ltr' id='par_1_7' title="bbox 351 756 756 828">
     <span class='ocr_line' id='line_1_7' title="bbox 351 756 756 828; baseline 0.005 -19"><span class='ocrx_word' id='word_1_29' title='bbox 351 756 621 828; x_wconf 85' lang='grc' dir='ltr'>λογουμέ</span> <span class='ocrx_word' id='word_1_30' title='bbox 629 777 756 811; x_wconf 87' lang='grc' dir='ltr'>νων.</span> 
     </span>
    </p>
   </div>
   <div class='ocr_carea' id='block_1_8' title="bbox 452 847 1964 922">
    <p class='ocr_par' dir='ltr' id='par_1_8' title="bbox 452 847 1964 922">
     <span class='ocr_line' id='line_1_8' title="bbox 452 847 1964 922; baseline -0.001 -18"><span class='ocrx_word' id='word_1_31' title='bbox 452 852 540 905; x_wconf 81' lang='grc' dir='ltr'><em>Τὰ</em></span> <span class='ocrx_word' id='word_1_32' title='bbox 562 851 668 919; x_wconf 72' lang='grc' dir='ltr'><strong>ἐτη</strong></span> <span class='ocrx_word' id='word_1_33' title='bbox 706 849 874 922; x_wconf 74' lang='grc' dir='ltr'><strong>ἡμῶν</strong></span> <span class='ocrx_word' id='word_1_34' title='bbox 920 849 1062 904; x_wconf 77' lang='grc' dir='ltr'>ὡσεί</span> <span class='ocrx_word' id='word_1_35' title='bbox 1099 849 1334 922; x_wconf 69' lang='grc' dir='ltr'><strong>ἀράχνῃ</strong></span> <span class='ocrx_word' id='word_1_36' title='bbox 1370 847 1687 918; x_wconf 71' lang='grc' dir='ltr'>ἐμελέτων.</span> <span class='ocrx_word' id='word_1_37' title='bbox 1726 847 1964 920; x_wconf 78' lang='grc' dir='ltr'><strong>’Ᾱράχνη</strong></span> 
     </span>
    </p>
   </div>
   <div class='ocr_carea' id='block_1_9' title="bbox 357 943 1966 1018">
    <p class='ocr_par' dir='ltr' id='par_1_9' title="bbox 357 943 1966 1018">
     <span class='ocr_line' id='line_1_9' title="bbox 357 943 1966 1018; baseline 0.001 -22"><span class='ocrx_word' id='word_1_38' title='bbox 357 945 480 998; x_wconf 81' lang='grc' dir='ltr'><strong>νῦν</strong></span> <span class='ocrx_word' id='word_1_39' title='bbox 521 948 549 1000; x_wconf 85' lang='grc' dir='ltr'>ὁ</span> <span class='ocrx_word' id='word_1_40' title='bbox 581 946 679 1018; x_wconf 79' lang='grc' dir='ltr'>τῆς</span> <span class='ocrx_word' id='word_1_41' title='bbox 731 948 982 1018; x_wconf 78' lang='grc' dir='ltr'><strong>ἀράχνης</strong></span> <span class='ocrx_word' id='word_1_42' title='bbox 1007 946 1154 1009; x_wconf 72' lang='grc' dir='ltr'>ἱστός</span> <span class='ocrx_word' id='word_1_43' title='bbox 1186 961 1200 976; x_wconf 75' lang='grc' dir='ltr'><strong><em>ο</em></strong></span> <span class='ocrx_word' id='word_1_44' title='bbox 1251 944 1579 1015; x_wconf 70' lang='grc' dir='ltr'>Ἐμελέτων</span> <span class='ocrx_word' id='word_1_45' title='bbox 1601 943 1679 1009; x_wconf 63' lang='grc' dir='ltr'><strong>δὲ,</strong></span> <span class='ocrx_word' id='word_1_46' title='bbox 1716 945 1839 998; x_wconf 80' lang='grc' dir='ltr'>ἀντὶ</span> <span class='ocrx_word' id='word_1_47' title='bbox 1869 943 1966 998; x_wconf 79' lang='grc' dir='ltr'>τοῦ</span> 
     </span>
    </p>
   </div>
   <div class='ocr_carea' id='block_1_10' title="bbox 369 1033 1965 1110">
    <p class='ocr_par' dir='ltr' id='par_1_10' title="bbox 369 1033 1965 1110">
     <span class='ocr_line' id='line_1_10' title="bbox 369 1033 1965 1110; baseline -0.004 -18"><span class='ocrx_word' id='word_1_48' title='bbox 369 1037 776 1110; x_wconf 77' lang='grc' dir='ltr'>ἐμελετῶντο</span> <span class='ocrx_word' id='word_1_49' title='bbox 800 1077 816 1101; x_wconf 94' lang='grc'><strong>,</strong></span> <span class='ocrx_word' id='word_1_50' title='bbox 869 1038 1072 1102; x_wconf 83' lang='grc' dir='ltr'>είτουν,</span> <span class='ocrx_word' id='word_1_51' title='bbox 1108 1033 1417 1106; x_wconf 68' lang='grc' dir='ltr'><strong>ἐλογίζοντο</strong></span> <span class='ocrx_word' id='word_1_52' title='bbox 1443 1049 1456 1064; x_wconf 83' lang='lat'>&#39;</span> <span class='ocrx_word' id='word_1_53' title='bbox 1491 1033 1642 1102; x_wconf 84' lang='grc' dir='ltr'>λέγει</span> <span class='ocrx_word' id='word_1_54' title='bbox 1673 1033 1854 1089; x_wconf 87' lang='grc' dir='ltr'>τοίνυν</span> <span class='ocrx_word' id='word_1_55' title='bbox 1881 1033 1965 1088; x_wconf 81' lang='grc' dir='ltr'>ὅτι</span> 
     </span>
    </p>
   </div>
   <div class='ocr_carea' id='block_1_11' title="bbox 354 1126 1964 1202">
    <p class='ocr_par' dir='ltr' id='par_1_11' title="bbox 354 1126 1964 1202">
     <span class='ocr_line' id='line_1_11' title="bbox 354 1126 1964 1202; baseline -0.003 -19"><span class='ocrx_word' id='word_1_56' title='bbox 354 1132 440 1184; x_wconf 62' lang='grc' dir='ltr'><strong>τὰ</strong></span> <span class='ocrx_word' id='word_1_57' title='bbox 481 1131 581 1202; x_wconf 68' lang='grc' dir='ltr'><strong>ἔτη</strong></span> <span class='ocrx_word' id='word_1_58' title='bbox 621 1130 782 1201; x_wconf 75' lang='grc' dir='ltr'>ἡμῶν</span> <span class='ocrx_word' id='word_1_59' title='bbox 811 1129 1144 1199; x_wconf 78' lang='grc' dir='ltr'>ἐλογίζοντο,</span> <span class='ocrx_word' id='word_1_60' title='bbox 1196 1129 1446 1183; x_wconf 69' lang='grc' dir='ltr'>τουτέστι</span> <span class='ocrx_word' id='word_1_61' title='bbox 1472 1126 1781 1195; x_wconf 73' lang='grc' dir='ltr'>λογίζονται</span> <span class='ocrx_word' id='word_1_62' title='bbox 1811 1127 1964 1199; x_wconf 73' lang='grc' dir='ltr'>ἡμῖν,</span> 
     </span>
    </p>
   </div>
   <div class='ocr_carea' id='block_1_12' title="bbox 354 1217 1966 1297">
    <p class='ocr_par' dir='ltr' id='par_1_12' title="bbox 354 1217 1966 1297">
     <span class='ocr_line' id='line_1_12' title="bbox 354 1217 1966 1297; baseline -0.003 -20"><span class='ocrx_word' id='word_1_63' title='bbox 354 1224 520 1279; x_wconf 78' lang='grc' dir='ltr'>ὡσεὶ</span> <span class='ocrx_word' id='word_1_64' title='bbox 557 1226 804 1297; x_wconf 77' lang='grc' dir='ltr'><strong>ἀράχνης</strong></span> <span class='ocrx_word' id='word_1_65' title='bbox 842 1223 1009 1289; x_wconf 75' lang='grc' dir='ltr'>ἱστὸς,</span> <span class='ocrx_word' id='word_1_66' title='bbox 1042 1221 1315 1294; x_wconf 76' lang='grc' dir='ltr'>ἑπίμοχθα</span> <span class='ocrx_word' id='word_1_67' title='bbox 1353 1221 1448 1275; x_wconf 81' lang='grc' dir='ltr'>καὶ</span> <span class='ocrx_word' id='word_1_68' title='bbox 1497 1220 1857 1292; x_wconf 77' lang='grc' dir='ltr'><strong>ὀλιγοχρόνια.</strong></span> <span class='ocrx_word' id='word_1_69' title='bbox 1907 1217 1966 1272; x_wconf 87' lang='grc' dir='ltr'>Ὀ</span> 
     </span>
    </p>
   </div>
   <div class='ocr_carea' id='block_1_13' title="bbox 354 1309 1966 1391">
    <p class='ocr_par' dir='ltr' id='par_1_13' title="bbox 354 1309 1966 1391">
     <span class='ocr_line' id='line_1_13' title="bbox 354 1309 1966 1391; baseline -0.004 -19"><span class='ocrx_word' id='word_1_70' title='bbox 354 1319 494 1391; x_wconf 72' lang='grc' dir='ltr'><strong>γὰρ</strong></span> <span class='ocrx_word' id='word_1_71' title='bbox 526 1316 768 1382; x_wconf 81' lang='grc' dir='ltr'>τοιοῦτος</span> <span class='ocrx_word' id='word_1_72' title='bbox 800 1317 946 1380; x_wconf 71' lang='grc' dir='ltr'>ἱστὸς</span> <span class='ocrx_word' id='word_1_73' title='bbox 972 1314 1154 1386; x_wconf 81' lang='grc' dir='ltr'>πολλῷ</span> <span class='ocrx_word' id='word_1_74' title='bbox 1185 1314 1283 1386; x_wconf 76' lang='grc' dir='ltr'><strong>μὲν</strong></span> <span class='ocrx_word' id='word_1_75' title='bbox 1316 1315 1606 1383; x_wconf 72' lang='grc' dir='ltr'>ὑφαίνεται</span> <span class='ocrx_word' id='word_1_76' title='bbox 1650 1311 1836 1383; x_wconf 83' lang='grc' dir='ltr'>μόχθῳ</span> <span class='ocrx_word' id='word_1_77' title='bbox 1876 1309 1966 1365; x_wconf 82' lang='grc' dir='ltr'>διὰ</span> 
     </span>
    </p>
   </div>
   <div class='ocr_carea' id='block_1_14' title="bbox 351 1402 1967 1483">
    <p class='ocr_par' dir='ltr' id='par_1_14' title="bbox 351 1402 1967 1483">
     <span class='ocr_line' id='line_1_14' title="bbox 351 1402 1967 1483; baseline -0.005 -19"><span class='ocrx_word' id='word_1_78' title='bbox 351 1414 476 1483; x_wconf 74' lang='grc' dir='ltr'>τὴν</span> <span class='ocrx_word' id='word_1_79' title='bbox 504 1413 648 1481; x_wconf 76' lang='grc' dir='ltr'>ἄγαν</span> <span class='ocrx_word' id='word_1_80' title='bbox 670 1408 1001 1480; x_wconf 83' lang='grc' dir='ltr'>λεπτότητα,</span> <span class='ocrx_word' id='word_1_81' title='bbox 1053 1407 1251 1463; x_wconf 76' lang='grc' dir='ltr'>θᾶττον</span> <span class='ocrx_word' id='word_1_82' title='bbox 1309 1405 1368 1460; x_wconf 81' lang='grc' dir='ltr'><strong>δὲ</strong></span> <span class='ocrx_word' id='word_1_83' title='bbox 1409 1405 1692 1476; x_wconf 77' lang='grc' dir='ltr'>φθείρεται</span> <span class='ocrx_word' id='word_1_84' title='bbox 1740 1402 1829 1458; x_wconf 81' lang='grc' dir='ltr'>διὰ</span> <span class='ocrx_word' id='word_1_85' title='bbox 1865 1403 1967 1474; x_wconf 76' lang='grc' dir='ltr'>τὴν</span> 
     </span>
    </p>
   </div>
   <div class='ocr_carea' id='block_1_15' title="bbox 353 1501 691 1556">
    <p class='ocr_par' dir='ltr' id='par_1_15' title="bbox 353 1501 691 1556">
     <span class='ocr_line' id='line_1_15' title="bbox 353 1501 691 1556; baseline -0.006 0"><span class='ocrx_word' id='word_1_86' title='bbox 353 1501 691 1556; x_wconf 64' lang='grc' dir='ltr'>ἀσθένειαν.</span> 
     </span>
    </p>
   </div>
   <div class='ocr_carea' id='block_1_16' title="bbox 431 1764 1969 1837">
    <p class='ocr_par' dir='ltr' id='par_1_16' title="bbox 431 1764 1969 1837">
     <span class='ocr_line' id='line_1_16' title="bbox 431 1764 1969 1837; baseline -0.001 -16"><span class='ocrx_word' id='word_1_87' title='bbox 431 1768 515 1822; x_wconf 79' lang='grc' dir='ltr'>Δί</span> <span class='ocrx_word' id='word_1_88' title='bbox 540 1766 752 1836; x_wconf 76' lang='grc' dir='ltr'>ἡμέραι</span> <span class='ocrx_word' id='word_1_89' title='bbox 775 1765 893 1821; x_wconf 84' lang='grc' dir='ltr'><strong>τῶν</strong></span> <span class='ocrx_word' id='word_1_90' title='bbox 907 1765 1058 1820; x_wconf 77' lang='grc' dir='ltr'><strong>ἐτῶν</strong></span> <span class='ocrx_word' id='word_1_91' title='bbox 1079 1765 1250 1837; x_wconf 74' lang='grc' dir='ltr'><strong>ἡμῶν</strong></span> <span class='ocrx_word' id='word_1_92' title='bbox 1270 1766 1341 1820; x_wconf 79' lang='grc' dir='ltr'>ἐν</span> <span class='ocrx_word' id='word_1_93' title='bbox 1373 1765 1579 1832; x_wconf 82' lang='grc' dir='ltr'>αὐτοῖς</span> <span class='ocrx_word' id='word_1_94' title='bbox 1603 1764 1969 1836; x_wconf 53' lang='grc' dir='ltr'>ἐϐδομήκοντα</span> 
     </span>
    </p>
   </div>
   <div class='ocr_carea' id='block_1_17' title="bbox 354 1857 1963 1930">
    <p class='ocr_par' dir='ltr' id='par_1_17' title="bbox 354 1857 1963 1930">
     <span class='ocr_line' id='line_1_17' title="bbox 354 1857 1963 1930; baseline 0 -16"><span class='ocrx_word' id='word_1_95' title='bbox 354 1877 442 1914; x_wconf 73' lang='grc' dir='ltr'><strong>τα</strong></span> <span class='ocrx_word' id='word_1_96' title='bbox 469 1861 609 1927; x_wconf 76' lang='grc' dir='ltr'><strong>ἐτη·</strong></span> <span class='ocrx_word' id='word_1_97' title='bbox 634 1858 742 1914; x_wconf 78' lang='grc' dir='ltr'><strong>ἐὰν</strong></span> <span class='ocrx_word' id='word_1_98' title='bbox 779 1857 848 1912; x_wconf 79' lang='grc' dir='ltr'><strong>δὲ</strong></span> <span class='ocrx_word' id='word_1_99' title='bbox 868 1858 939 1913; x_wconf 81' lang='grc' dir='ltr'><strong>ἐν</strong></span> <span class='ocrx_word' id='word_1_100' title='bbox 966 1857 1382 1926; x_wconf 76' lang='grc' dir='ltr'><strong>δυναστείαις,</strong></span> <span class='ocrx_word' id='word_1_101' title='bbox 1429 1858 1807 1930; x_wconf 62' lang='grc' dir='ltr'>ὀγδοήκοντα</span> <span class='ocrx_word' id='word_1_102' title='bbox 1835 1858 1963 1926; x_wconf 77' lang='grc' dir='ltr'>ἔτη.</span> 
     </span>
    </p>
   </div>
   <div class='ocr_carea' id='block_1_18' title="bbox 2066 661 3654 733">
    <p class='ocr_par' dir='ltr' id='par_1_18' title="bbox 2066 661 3654 733">
     <span class='ocr_line' id='line_1_18' title="bbox 2066 661 3654 733; baseline 0.001 -17"><span class='ocrx_word' id='word_1_103' title='bbox 2066 662 2227 725; x_wconf 75' lang='lat' dir='ltr'><strong>dixit,</strong></span> <span class='ocrx_word' id='word_1_104' title='bbox 2257 661 2351 716; x_wconf 90' lang='lat' dir='ltr'><strong>sed</strong></span> <span class='ocrx_word' id='word_1_105' title='bbox 2405 676 2716 716; x_wconf 82' lang='lat' dir='ltr'><strong>sermonem</strong></span> <span class='ocrx_word' id='word_1_106' title='bbox 2751 663 2965 732; x_wconf 87' lang='lat' dir='ltr'><strong>repetit,</strong></span> <span class='ocrx_word' id='word_1_107' title='bbox 2999 677 3188 716; x_wconf 86' lang='lat' dir='ltr'><strong>eorum</strong></span> <span class='ocrx_word' id='word_1_108' title='bbox 3225 677 3394 730; x_wconf 87' lang='lat' dir='ltr'><strong>more,</strong></span> <span class='ocrx_word' id='word_1_109' title='bbox 3427 666 3517 733; x_wconf 89' lang='lat' dir='ltr'><strong>qui</strong></span> <span class='ocrx_word' id='word_1_110' title='bbox 3549 665 3654 718; x_wconf 84' lang='lat' dir='ltr'><strong>mi-</strong></span> 
     </span>
    </p>
   </div>
   <div class='ocr_carea' id='block_1_19' title="bbox 2065 751 2786 822">
    <p class='ocr_par' dir='ltr' id='par_1_19' title="bbox 2065 751 2786 822">
     <span class='ocr_line' id='line_1_19' title="bbox 2065 751 2786 822; baseline -0.001 -15"><span class='ocrx_word' id='word_1_111' title='bbox 2065 751 2427 808; x_wconf 86' lang='lat' dir='ltr'><strong>sericordiam</strong></span> <span class='ocrx_word' id='word_1_112' title='bbox 2464 753 2786 822; x_wconf 86' lang='lat' dir='ltr'><strong>implorant.</strong></span> 
     </span>
    </p>
   </div>
   <div class='ocr_carea' id='block_1_20' title="bbox 2136 843 3650 915">
    <p class='ocr_par' dir='ltr' id='par_1_20' title="bbox 2136 843 3650 915">
     <span class='ocr_line' id='line_1_20' title="bbox 2136 843 3650 915; baseline 0.004 -17"><span class='ocrx_word' id='word_1_113' title='bbox 2136 843 2306 900; x_wconf 72' lang='lat' dir='ltr'><strong>Vens.</strong></span> <span class='ocrx_word' id='word_1_114' title='bbox 2344 844 2432 901; x_wconf 72' lang='grc'>10.</span> <span class='ocrx_word' id='word_1_115' title='bbox 2471 845 2610 899; x_wconf 76' lang='lat' dir='ltr'><strong>Anni</strong></span> <span class='ocrx_word' id='word_1_116' title='bbox 2636 847 2805 900; x_wconf 79' lang='lat' dir='ltr'><strong>nostri</strong></span> <span class='ocrx_word' id='word_1_117' title='bbox 2827 845 2979 915; x_wconf 85' lang='lat' dir='ltr'><strong>quasi</strong></span> <span class='ocrx_word' id='word_1_118' title='bbox 3005 863 3204 899; x_wconf 87' lang='lat' dir='ltr'><strong>aranea</strong></span> <span class='ocrx_word' id='word_1_119' title='bbox 3237 847 3650 904; x_wconf 72' lang='lat' dir='ltr'><strong>meditabantur.</strong></span> 
     </span>
    </p>
   </div>
   <div class='ocr_carea' id='block_1_21' title="bbox 2064 937 3651 1009">
    <p class='ocr_par' dir='ltr' id='par_1_21' title="bbox 2064 937 3651 1009">
     <span class='ocr_line' id='line_1_21' title="bbox 2064 937 3651 1009; baseline 0.003 -16"><span class='ocrx_word' id='word_1_120' title='bbox 2064 937 2338 993; x_wconf 77' lang='lat' dir='ltr'><strong>Araneam</strong></span> <span class='ocrx_word' id='word_1_121' title='bbox 2395 938 2551 1008; x_wconf 87' lang='lat' dir='ltr'><strong>ponit</strong></span> <span class='ocrx_word' id='word_1_122' title='bbox 2583 952 2684 1009; x_wconf 90' lang='lat' dir='ltr'><strong>pro</strong></span> <span class='ocrx_word' id='word_1_123' title='bbox 2739 953 2954 994; x_wconf 74' lang='lat' dir='ltr'><strong>aranea:</strong></span> <span class='ocrx_word' id='word_1_124' title='bbox 3006 940 3142 993; x_wconf 83' lang='lat' dir='ltr'><strong>tela.</strong></span> <span class='ocrx_word' id='word_1_125' title='bbox 3183 937 3425 994; x_wconf 81' lang='lat' dir='ltr'><strong>Verbum</strong></span> <span class='ocrx_word' id='word_1_126' title='bbox 3469 951 3651 997; x_wconf 85' lang='lat' dir='ltr'><strong>autem</strong></span> 
     </span>
    </p>
   </div>
   <div class='ocr_carea' id='block_1_22' title="bbox 2067 1031 3649 1104">
    <p class='ocr_par' dir='ltr' id='par_1_22' title="bbox 2067 1031 3649 1104">
     <span class='ocr_line' id='line_1_22' title="bbox 2067 1031 3649 1104; baseline 0 -18"><span class='ocrx_word' id='word_1_127' title='bbox 2067 1031 2476 1086; x_wconf 79' lang='lat' dir='ltr'><strong>Meditabantur</strong></span> <span class='ocrx_word' id='word_1_128' title='bbox 2505 1033 2560 1086; x_wconf 91' lang='lat' dir='ltr'><strong>in</strong></span> <span class='ocrx_word' id='word_1_129' title='bbox 2589 1032 2807 1103; x_wconf 82' lang='lat' dir='ltr'><strong>passiva</strong></span> <span class='ocrx_word' id='word_1_130' title='bbox 2841 1033 2930 1089; x_wconf 88' lang='lat' dir='ltr'><strong>hic</strong></span> <span class='ocrx_word' id='word_1_131' title='bbox 2959 1033 3361 1104; x_wconf 79' lang='lat' dir='ltr'><strong>signiﬁcatione</strong></span> <span class='ocrx_word' id='word_1_132' title='bbox 3410 1037 3649 1104; x_wconf 89' lang='lat' dir='ltr'><strong>positum</strong></span> 
     </span>
    </p>
   </div>
   <div class='ocr_carea' id='block_1_23' title="bbox 2065 1124 3656 1196">
    <p class='ocr_par' dir='ltr' id='par_1_23' title="bbox 2065 1124 3656 1196">
     <span class='ocr_line' id='line_1_23' title="bbox 2065 1124 3656 1196; baseline -0.001 -15"><span class='ocrx_word' id='word_1_133' title='bbox 2065 1137 2174 1182; x_wconf 76' lang='grc' dir='ltr'>σει.</span> <span class='ocrx_word' id='word_1_134' title='bbox 2245 1141 2346 1196; x_wconf 90' lang='lat' dir='ltr'><strong>pro</strong></span> <span class='ocrx_word' id='word_1_135' title='bbox 2395 1125 2891 1188; x_wconf 82' lang='lat' dir='ltr'><strong>Existimabantur,</strong></span> <span class='ocrx_word' id='word_1_136' title='bbox 2948 1141 3044 1179; x_wconf 88' lang='lat' dir='ltr'><strong>seu</strong></span> <span class='ocrx_word' id='word_1_137' title='bbox 3092 1124 3530 1195; x_wconf 66' lang='lat' dir='ltr'><strong>lic-putabantur.</strong></span> <span class='ocrx_word' id='word_1_138' title='bbox 3586 1127 3656 1182; x_wconf 84' lang='lat' dir='ltr'><strong>Et</strong></span> 
     </span>
    </p>
   </div>
   <div class='ocr_carea' id='block_1_24' title="bbox 2067 1215 3652 1286">
    <p class='ocr_par' dir='ltr' id='par_1_24' title="bbox 2067 1215 3652 1286">
     <span class='ocr_line' id='line_1_24' title="bbox 2067 1215 3652 1286; baseline 0.001 -15"><span class='ocrx_word' id='word_1_139' title='bbox 2067 1231 2268 1271; x_wconf 85' lang='lat' dir='ltr'><strong>sensus</strong></span> <span class='ocrx_word' id='word_1_140' title='bbox 2299 1224 2408 1280; x_wconf 84' lang='lat' dir='ltr'><strong>est,</strong></span> <span class='ocrx_word' id='word_1_141' title='bbox 2441 1215 2586 1286; x_wconf 89' lang='lat' dir='ltr'><strong>quod</strong></span> <span class='ocrx_word' id='word_1_142' title='bbox 2613 1217 2744 1270; x_wconf 85' lang='lat' dir='ltr'><strong>anni</strong></span> <span class='ocrx_word' id='word_1_143' title='bbox 2775 1217 2950 1271; x_wconf 83' lang='lat' dir='ltr'><strong>nostri</strong></span> <span class='ocrx_word' id='word_1_144' title='bbox 2995 1231 3024 1269; x_wconf 92' lang='lat' dir='ltr'><strong>a</strong></span> <span class='ocrx_word' id='word_1_145' title='bbox 3067 1219 3229 1272; x_wconf 87' lang='lat' dir='ltr'><strong>nobis</strong></span> <span class='ocrx_word' id='word_1_146' title='bbox 3258 1219 3652 1273; x_wconf 79' lang='lat' dir='ltr'><strong>existimaban-</strong></span> 
     </span>
    </p>
   </div>
   <div class='ocr_carea' id='block_1_25' title="bbox 2065 1305 3655 1379">
    <p class='ocr_par' dir='ltr' id='par_1_25' title="bbox 2065 1305 3655 1379">
     <span class='ocr_line' id='line_1_25' title="bbox 2065 1305 3655 1379; baseline 0.004 -21"><span class='ocrx_word' id='word_1_147' title='bbox 2065 1314 2179 1371; x_wconf 89' lang='lat' dir='ltr'><strong>tur,</strong></span> <span class='ocrx_word' id='word_1_148' title='bbox 2233 1323 2334 1379; x_wconf 91' lang='lat' dir='ltr'><strong>pro</strong></span> <span class='ocrx_word' id='word_1_149' title='bbox 2387 1305 2805 1374; x_wconf 84' lang='lat' dir='ltr'><strong>Existimantur,</strong></span> <span class='ocrx_word' id='word_1_150' title='bbox 2867 1308 3025 1378; x_wconf 85' lang='lat' dir='ltr'><strong>quasi</strong></span> <span class='ocrx_word' id='word_1_151' title='bbox 3081 1323 3296 1364; x_wconf 68' lang='lat' dir='ltr'><strong>aranea:</strong></span> <span class='ocrx_word' id='word_1_152' title='bbox 3347 1309 3475 1371; x_wconf 88' lang='lat' dir='ltr'><strong>tela,</strong></span> <span class='ocrx_word' id='word_1_153' title='bbox 3533 1325 3655 1379; x_wconf 77' lang='lat' dir='ltr'><strong>qua:</strong></span> 
     </span>
    </p>
   </div>
   <div class='ocr_carea' id='block_1_26' title="bbox 2067 1398 3652 1471">
    <p class='ocr_par' dir='ltr' id='par_1_26' title="bbox 2067 1398 3652 1471">
     <span class='ocr_line' id='line_1_26' title="bbox 2067 1398 3652 1471; baseline 0.002 -19"><span class='ocrx_word' id='word_1_154' title='bbox 2067 1412 2283 1453; x_wconf 89' lang='lat' dir='ltr'><strong>summo</strong></span> <span class='ocrx_word' id='word_1_155' title='bbox 2333 1399 2390 1452; x_wconf 84' lang='lat' dir='ltr'><strong>iit</strong></span> <span class='ocrx_word' id='word_1_156' title='bbox 2444 1414 2567 1454; x_wconf 90' lang='lat' dir='ltr'><strong>cum</strong></span> <span class='ocrx_word' id='word_1_157' title='bbox 2604 1399 2811 1466; x_wconf 87' lang='lat' dir='ltr'><strong>labore,</strong></span> <span class='ocrx_word' id='word_1_158' title='bbox 2845 1409 2898 1454; x_wconf 91' lang='lat' dir='ltr'><strong>et</strong></span> <span class='ocrx_word' id='word_1_159' title='bbox 2934 1398 3151 1454; x_wconf 87' lang='lat' dir='ltr'><strong>modice</strong></span> <span class='ocrx_word' id='word_1_160' title='bbox 3188 1401 3350 1455; x_wconf 80' lang='lat' dir='ltr'><strong>durat</strong></span> <span class='ocrx_word' id='word_1_161' title='bbox 3385 1409 3652 1471; x_wconf 70' lang='lat' dir='ltr'><strong>tempore.</strong></span> 
     </span>
    </p>
   </div>
   <div class='ocr_carea' id='block_1_27' title="bbox 2065 1488 3653 1550">
    <p class='ocr_par' dir='ltr' id='par_1_27' title="bbox 2065 1488 3653 1550">
     <span class='ocr_line' id='line_1_27' title="bbox 2065 1488 3653 1550; baseline 0.003 -4"><span class='ocrx_word' id='word_1_162' title='bbox 2065 1488 2150 1546; x_wconf 88' lang='lat' dir='ltr'><strong>Ob</strong></span> <span class='ocrx_word' id='word_1_163' title='bbox 2201 1492 2499 1546; x_wconf 76' lang='lat' dir='ltr'><strong>maximam</strong></span> <span class='ocrx_word' id='word_1_164' title='bbox 2537 1493 2683 1546; x_wconf 91' lang='lat' dir='ltr'><strong>enim</strong></span> <span class='ocrx_word' id='word_1_165' title='bbox 2732 1507 2922 1547; x_wconf 85' lang='lat' dir='ltr'><strong>earum</strong></span> <span class='ocrx_word' id='word_1_166' title='bbox 2977 1495 3304 1547; x_wconf 84' lang='lat' dir='ltr'><strong>tenuitatem</strong></span> <span class='ocrx_word' id='word_1_167' title='bbox 3357 1509 3467 1548; x_wconf 88' lang='lat' dir='ltr'><strong>non</strong></span> <span class='ocrx_word' id='word_1_168' title='bbox 3539 1510 3653 1550; x_wconf 87' lang='lat' dir='ltr'><strong>me-</strong></span> 
     </span>
    </p>
   </div>
   <div class='ocr_carea' id='block_1_28' title="bbox 2067 1581 3651 1649">
    <p class='ocr_par' dir='ltr' id='par_1_28' title="bbox 2067 1581 3651 1649">
     <span class='ocr_line' id='line_1_28' title="bbox 2067 1581 3651 1649; baseline 0.003 -11"><span class='ocrx_word' id='word_1_169' title='bbox 2067 1581 2248 1638; x_wconf 91' lang='lat' dir='ltr'><strong>dioeri</strong></span> <span class='ocrx_word' id='word_1_170' title='bbox 2309 1591 2576 1639; x_wconf 81' lang='lat' dir='ltr'><strong>texuntur</strong></span> <span class='ocrx_word' id='word_1_171' title='bbox 2605 1599 2732 1640; x_wconf 91' lang='lat' dir='ltr'><strong>eum</strong></span> <span class='ocrx_word' id='word_1_172' title='bbox 2786 1583 2998 1649; x_wconf 85' lang='lat' dir='ltr'><strong>labore,</strong></span> <span class='ocrx_word' id='word_1_173' title='bbox 3055 1595 3114 1641; x_wconf 89' lang='lat' dir='ltr'><strong>et</strong></span> <span class='ocrx_word' id='word_1_174' title='bbox 3167 1585 3238 1640; x_wconf 88' lang='lat' dir='ltr'><strong>ob</strong></span> <span class='ocrx_word' id='word_1_175' title='bbox 3274 1585 3651 1644; x_wconf 75' lang='lat' dir='ltr'><strong>inﬁrmitatem</strong></span> 
     </span>
    </p>
   </div>
   <div class='ocr_carea' id='block_1_29' title="bbox 2069 1672 2600 1745">
    <p class='ocr_par' dir='ltr' id='par_1_29' title="bbox 2069 1672 2600 1745">
     <span class='ocr_line' id='line_1_29' title="bbox 2069 1672 2600 1745; baseline -0.002 -17"><span class='ocrx_word' id='word_1_176' title='bbox 2069 1672 2322 1729; x_wconf 86' lang='lat' dir='ltr'><strong>celeriter</strong></span> <span class='ocrx_word' id='word_1_177' title='bbox 2348 1681 2600 1745; x_wconf 87' lang='lat' dir='ltr'><strong>pereunt.</strong></span> 
     </span>
    </p>
   </div>
   <div class='ocr_carea' id='block_1_30' title="bbox 2141 1764 3653 1841">
    <p class='ocr_par' dir='ltr' id='par_1_30' title="bbox 2141 1764 3653 1841">
     <span class='ocr_line' id='line_1_30' title="bbox 2141 1764 3653 1841; baseline 0.003 -23"><span class='ocrx_word' id='word_1_178' title='bbox 2141 1764 2267 1819; x_wconf 82' lang='lat' dir='ltr'><strong>Dies</strong></span> <span class='ocrx_word' id='word_1_179' title='bbox 2289 1782 2550 1821; x_wconf 86' lang='lat' dir='ltr'><strong>annorum</strong></span> <span class='ocrx_word' id='word_1_180' title='bbox 2573 1777 2875 1823; x_wconf 82' lang='lat' dir='ltr'><strong>nostrorum</strong></span> <span class='ocrx_word' id='word_1_181' title='bbox 2899 1771 2952 1823; x_wconf 86' lang='lat' dir='ltr'><strong>in</strong></span> <span class='ocrx_word' id='word_1_182' title='bbox 2975 1769 3103 1837; x_wconf 86' lang='lat' dir='ltr'><strong>ipsis</strong></span> <span class='ocrx_word' id='word_1_183' title='bbox 3125 1773 3457 1841; x_wconf 82' lang='lat' dir='ltr'><strong>septuaginta</strong></span> <span class='ocrx_word' id='word_1_184' title='bbox 3479 1772 3607 1826; x_wconf 80' lang='lat' dir='ltr'><strong>anui</strong></span> <span class='ocrx_word' id='word_1_185' title='bbox 3633 1787 3653 1822; x_wconf 91' lang='lat'><strong><em>:</em></strong></span> 
     </span>
    </p>
   </div>
   <div class='ocr_carea' id='block_1_31' title="bbox 2070 1859 3649 1932">
    <p class='ocr_par' dir='ltr' id='par_1_31' title="bbox 2070 1859 3649 1932">
     <span class='ocr_line' id='line_1_31' title="bbox 2070 1859 3649 1932; baseline 0.004 -20"><span class='ocrx_word' id='word_1_186' title='bbox 2070 1859 2116 1912; x_wconf 80' lang='lat' dir='ltr'><strong>si</strong></span> <span class='ocrx_word' id='word_1_187' title='bbox 2154 1867 2328 1911; x_wconf 85' lang='lat' dir='ltr'><strong>autem</strong></span> <span class='ocrx_word' id='word_1_188' title='bbox 2358 1859 2410 1911; x_wconf 86' lang='lat' dir='ltr'><strong>in</strong></span> <span class='ocrx_word' id='word_1_189' title='bbox 2435 1861 2819 1927; x_wconf 80' lang='lat' dir='ltr'><strong>potentatibus,</strong></span> <span class='ocrx_word' id='word_1_190' title='bbox 2854 1862 3124 1932; x_wconf 80' lang='lat' dir='ltr'><strong>octoginta</strong></span> <span class='ocrx_word' id='word_1_191' title='bbox 3158 1863 3307 1916; x_wconf 85' lang='lat' dir='ltr'><strong>anni.</strong></span> <span class='ocrx_word' id='word_1_192' title='bbox 3343 1862 3649 1919; x_wconf 82' lang='lat' dir='ltr'><strong>Numerunt</strong></span> 
     </span>
    </p>
   </div>
   <div class='ocr_carea' id='block_1_32' title="bbox 368 1936 1960 2026">
    <p class='ocr_par' dir='ltr' id='par_1_32' title="bbox 368 1948 1960 2023">
     <span class='ocr_line' id='line_1_32' title="bbox 368 1948 1960 2023; baseline -0.003 -18"><span class='ocrx_word' id='word_1_193' title='bbox 368 1951 662 2006; x_wconf 81' lang='grc' dir='ltr'>Ἐνταῦθα</span> <span class='ocrx_word' id='word_1_194' title='bbox 688 1952 784 2005; x_wconf 84' lang='grc' dir='ltr'>τὸν</span> <span class='ocrx_word' id='word_1_195' title='bbox 816 1950 1052 2023; x_wconf 74' lang='grc' dir='ltr'>ἀριθμὸν</span> <span class='ocrx_word' id='word_1_196' title='bbox 1084 1951 1330 2016; x_wconf 79' lang='grc' dir='ltr'>ὁρίζεται</span> <span class='ocrx_word' id='word_1_197' title='bbox 1361 1951 1471 2004; x_wconf 86' lang='grc' dir='ltr'><strong>τῶν</strong></span> <span class='ocrx_word' id='word_1_198' title='bbox 1498 1949 1660 2015; x_wconf 74' lang='grc' dir='ltr'>ἑτῶν,</span> <span class='ocrx_word' id='word_1_199' title='bbox 1687 1951 1828 2003; x_wconf 81' lang='grc' dir='ltr'>πόσα</span> <span class='ocrx_word' id='word_1_200' title='bbox 1862 1948 1960 2021; x_wconf 81' lang='grc' dir='ltr'><strong>μέν</strong></span> 
     </span>
    </p>
   </div>
   <div class='ocr_carea' id='block_1_33' title="bbox 2062 1936 3650 2026">
    <p class='ocr_par' dir='ltr' id='par_1_33' title="bbox 2070 1949 3650 2026">
     <span class='ocr_line' id='line_1_33' title="bbox 2070 1949 3650 2026; baseline 0.004 -23"><span class='ocrx_word' id='word_1_201' title='bbox 2070 1964 2345 2004; x_wconf 87' lang='lat' dir='ltr'><strong>annorum</strong></span> <span class='ocrx_word' id='word_1_202' title='bbox 2382 1949 2733 2017; x_wconf 85' lang='lat' dir='ltr'><strong>determinat,</strong></span> <span class='ocrx_word' id='word_1_203' title='bbox 2765 1963 2899 2021; x_wconf 90' lang='lat' dir='ltr'><strong>quot</strong></span> <span class='ocrx_word' id='word_1_204' title='bbox 2942 1953 3055 2008; x_wconf 88' lang='lat' dir='ltr'><strong>sint</strong></span> <span class='ocrx_word' id='word_1_205' title='bbox 3083 1951 3344 2008; x_wconf 79' lang='lat' dir='ltr'><strong>nimirum</strong></span> <span class='ocrx_word' id='word_1_206' title='bbox 3376 1957 3505 2009; x_wconf 91' lang='lat' dir='ltr'><strong>anni</strong></span> <span class='ocrx_word' id='word_1_207' title='bbox 3542 1970 3650 2026; x_wconf 79' lang='lat' dir='ltr'><strong>po-</strong></span> 
     </span>
    </p>
   </div>
   <div class='ocr_carea' id='block_1_34' title="bbox 355 2041 1962 2115">
    <p class='ocr_par' dir='ltr' id='par_1_34' title="bbox 355 2041 1962 2115">
     <span class='ocr_line' id='line_1_34' title="bbox 355 2041 1962 2115; baseline -0.001 -18"><span class='ocrx_word' id='word_1_208' title='bbox 355 2044 486 2098; x_wconf 78' lang='grc' dir='ltr'>είσι</span> <span class='ocrx_word' id='word_1_209' title='bbox 518 2043 622 2115; x_wconf 83' lang='grc' dir='ltr'>τῆς</span> <span class='ocrx_word' id='word_1_210' title='bbox 650 2043 961 2111; x_wconf 70' lang='grc' dir='ltr'>δυνάμεως,</span> <span class='ocrx_word' id='word_1_211' title='bbox 992 2044 1134 2098; x_wconf 80' lang='grc' dir='ltr'>πόσα</span> <span class='ocrx_word' id='word_1_212' title='bbox 1184 2043 1241 2096; x_wconf 70' lang='grc' dir='ltr'><strong>δὲ</strong></span> <span class='ocrx_word' id='word_1_213' title='bbox 1276 2042 1344 2097; x_wconf 74' lang='grc' dir='ltr'>τὰ</span> <span class='ocrx_word' id='word_1_214' title='bbox 1382 2043 1481 2111; x_wconf 84' lang='grc' dir='ltr'>τῆς</span> <span class='ocrx_word' id='word_1_215' title='bbox 1511 2042 1654 2114; x_wconf 82' lang='grc' dir='ltr'>βίας.</span> <span class='ocrx_word' id='word_1_216' title='bbox 1684 2042 1825 2114; x_wconf 78' lang='grc' dir='ltr'>Φησὶ</span> <span class='ocrx_word' id='word_1_217' title='bbox 1851 2041 1962 2114; x_wconf 84' lang='grc' dir='ltr'>γὰρ</span> 
     </span>
    </p>
   </div>
   <div class='ocr_carea' id='block_1_35' title="bbox 351 2131 1961 2208">
    <p class='ocr_par' dir='ltr' id='par_1_35' title="bbox 351 2131 1961 2208">
     <span class='ocr_line' id='line_1_35' title="bbox 351 2131 1961 2208; baseline -0.004 -18"><span class='ocrx_word' id='word_1_218' title='bbox 351 2136 454 2191; x_wconf 78' lang='grc' dir='ltr'>ὅτι</span> <span class='ocrx_word' id='word_1_219' title='bbox 489 2138 549 2190; x_wconf 76' lang='grc' dir='ltr'>αἱ</span> <span class='ocrx_word' id='word_1_220' title='bbox 589 2136 796 2208; x_wconf 76' lang='grc' dir='ltr'>ἡμέραι</span> <span class='ocrx_word' id='word_1_221' title='bbox 824 2135 932 2189; x_wconf 83' lang='grc' dir='ltr'>τῶν</span> <span class='ocrx_word' id='word_1_222' title='bbox 961 2133 1102 2188; x_wconf 76' lang='grc' dir='ltr'>ἑτῶν</span> <span class='ocrx_word' id='word_1_223' title='bbox 1131 2134 1309 2207; x_wconf 74' lang='grc' dir='ltr'>ἡμῶν,</span> <span class='ocrx_word' id='word_1_224' title='bbox 1346 2132 1515 2205; x_wconf 71' lang='grc' dir='ltr'>ἤγουν</span> <span class='ocrx_word' id='word_1_225' title='bbox 1546 2131 1614 2187; x_wconf 81' lang='grc' dir='ltr'><strong>τὰ</strong></span> <span class='ocrx_word' id='word_1_226' title='bbox 1649 2131 1744 2203; x_wconf 76' lang='grc' dir='ltr'><strong>ἔτη</strong></span> <span class='ocrx_word' id='word_1_227' title='bbox 1778 2131 1961 2203; x_wconf 77' lang='grc' dir='ltr'>ἡμῶν,</span> 
     </span>
    </p>
   </div>
   <div class='ocr_carea' id='block_1_36' title="bbox 357 2225 1962 2300">
    <p class='ocr_par' dir='ltr' id='par_1_36' title="bbox 357 2225 1962 2300">
     <span class='ocr_line' id='line_1_36' title="bbox 357 2225 1962 2300; baseline -0.002 -18"><span class='ocrx_word' id='word_1_228' title='bbox 357 2230 429 2284; x_wconf 66' lang='grc' dir='ltr'>ἐν</span> <span class='ocrx_word' id='word_1_229' title='bbox 463 2229 659 2292; x_wconf 78' lang='grc' dir='ltr'>αὐτοῖς</span> <span class='ocrx_word' id='word_1_230' title='bbox 695 2229 814 2298; x_wconf 70' lang='grc' dir='ltr'>μὲν,</span> <span class='ocrx_word' id='word_1_231' title='bbox 859 2228 1028 2300; x_wconf 65' lang='grc' dir='ltr'>ἤγουν</span> <span class='ocrx_word' id='word_1_232' title='bbox 1057 2229 1115 2280; x_wconf 78' lang='grc' dir='ltr'>ὲν</span> <span class='ocrx_word' id='word_1_233' title='bbox 1156 2227 1393 2290; x_wconf 73' lang='grc' dir='ltr'>ἑαυτοῖς,</span> <span class='ocrx_word' id='word_1_234' title='bbox 1429 2225 1805 2298; x_wconf 76' lang='grc' dir='ltr'>ἑϐδομήκοντα</span> <span class='ocrx_word' id='word_1_235' title='bbox 1864 2225 1962 2295; x_wconf 78' lang='grc' dir='ltr'><strong>ἐτη</strong></span> 
     </span>
    </p>
   </div>
   <div class='ocr_carea' id='block_1_37' title="bbox 359 2319 1961 2392">
    <p class='ocr_par' dir='ltr' id='par_1_37' title="bbox 359 2319 1961 2392">
     <span class='ocr_line' id='line_1_37' title="bbox 359 2319 1961 2392; baseline -0.004 -14"><span class='ocrx_word' id='word_1_236' title='bbox 359 2322 550 2378; x_wconf 71' lang='grc' dir='ltr'>εἰσιν.</span> <span class='ocrx_word' id='word_1_237' title='bbox 590 2322 716 2375; x_wconf 75' lang='grc' dir='ltr'><strong>Ἐπὶ</strong></span> <span class='ocrx_word' id='word_1_238' title='bbox 753 2320 1009 2375; x_wconf 83' lang='grc' dir='ltr'>τοσοῦτον</span> <span class='ocrx_word' id='word_1_239' title='bbox 1038 2320 1148 2392; x_wconf 82' lang='grc' dir='ltr'><strong>γὰρ</strong></span> <span class='ocrx_word' id='word_1_240' title='bbox 1182 2319 1396 2373; x_wconf 73' lang='grc' dir='ltr'>ἑαυτῶν</span> <span class='ocrx_word' id='word_1_241' title='bbox 1435 2320 1627 2390; x_wconf 73' lang='grc' dir='ltr'>ἐσμεν,</span> <span class='ocrx_word' id='word_1_242' title='bbox 1656 2321 1961 2386; x_wconf 83' lang='grc' dir='ltr'>τουτέστιν,</span> 
     </span>
    </p>
   </div>
   <div class='ocr_carea' id='block_1_38' title="bbox 359 2411 1962 2487">
    <p class='ocr_par' dir='ltr' id='par_1_38' title="bbox 359 2411 1962 2487">
     <span class='ocr_line' id='line_1_38' title="bbox 359 2411 1962 2487; baseline -0.003 -16"><span class='ocrx_word' id='word_1_243' title='bbox 359 2415 598 2471; x_wconf 62' lang='grc' dir='ltr'>ἑαυτῶν</span> <span class='ocrx_word' id='word_1_244' title='bbox 627 2415 974 2487; x_wconf 80' lang='grc' dir='ltr'>κυριεύοντες</span> <span class='ocrx_word' id='word_1_245' title='bbox 1035 2412 1346 2483; x_wconf 75' lang='grc' dir='ltr'>ὲνδυνὰμως</span> <span class='ocrx_word' id='word_1_246' title='bbox 1379 2411 1700 2483; x_wconf 76' lang='grc' dir='ltr'>κινούμεθα.</span> <span class='ocrx_word' id='word_1_247' title='bbox 1750 2412 1878 2466; x_wconf 79' lang='grc' dir='ltr'>Ἐὰν</span> <span class='ocrx_word' id='word_1_248' title='bbox 1905 2413 1962 2466; x_wconf 82' lang='grc' dir='ltr'><strong>δὲ</strong></span> 
     </span>
    </p>
   </div>
   <div class='ocr_carea' id='block_1_39' title="bbox 359 2504 1964 2582">
    <p class='ocr_par' dir='ltr' id='par_1_39' title="bbox 359 2504 1964 2582">
     <span class='ocr_line' id='line_1_39' title="bbox 359 2504 1964 2582; baseline -0.004 -19"><span class='ocrx_word' id='word_1_249' title='bbox 359 2511 430 2563; x_wconf 76' lang='grc' dir='ltr'>ὲν</span> <span class='ocrx_word' id='word_1_250' title='bbox 477 2508 829 2572; x_wconf 74' lang='grc' dir='ltr'>δυναστείαις</span> <span class='ocrx_word' id='word_1_251' title='bbox 853 2525 941 2572; x_wconf 87' lang='grc' dir='ltr'><strong>τις</strong></span> <span class='ocrx_word' id='word_1_252' title='bbox 963 2507 1134 2580; x_wconf 75' lang='grc' dir='ltr'>μέλλῃ</span> <span class='ocrx_word' id='word_1_253' title='bbox 1169 2508 1291 2582; x_wconf 70' lang='grc' dir='ltr'>ζῇν,</span> <span class='ocrx_word' id='word_1_254' title='bbox 1321 2507 1348 2560; x_wconf 84' lang='grc' dir='ltr'>ὅ</span> <span class='ocrx_word' id='word_1_255' title='bbox 1375 2507 1522 2560; x_wconf 77' lang='grc' dir='ltr'>ἐστιν</span> <span class='ocrx_word' id='word_1_256' title='bbox 1552 2507 1610 2561; x_wconf 80' lang='grc' dir='ltr'>ὲν</span> <span class='ocrx_word' id='word_1_257' title='bbox 1635 2504 1748 2578; x_wconf 81' lang='grc' dir='ltr'>βίᾳ,</span> <span class='ocrx_word' id='word_1_258' title='bbox 1777 2504 1865 2558; x_wconf 79' lang='grc' dir='ltr'>διὰ</span> <span class='ocrx_word' id='word_1_259' title='bbox 1902 2505 1964 2558; x_wconf 84' lang='grc' dir='ltr'>τὸ</span> 
     </span>
    </p>
   </div>
   <div class='ocr_carea' id='block_1_40' title="bbox 369 2597 1818 2676">
    <p class='ocr_par' dir='ltr' id='par_1_40' title="bbox 369 2597 1818 2676">
     <span class='ocr_line' id='line_1_40' title="bbox 369 2597 1818 2676; baseline -0.004 -18"><span class='ocrx_word' id='word_1_260' title='bbox 369 2605 544 2676; x_wconf 74' lang='grc' dir='ltr'>μόγις</span> <span class='ocrx_word' id='word_1_261' title='bbox 573 2602 634 2658; x_wconf 68' lang='grc' dir='ltr'>τὸ</span> <span class='ocrx_word' id='word_1_262' title='bbox 660 2599 948 2670; x_wconf 80' lang='grc' dir='ltr'>δύνασθαι,</span> <span class='ocrx_word' id='word_1_263' title='bbox 977 2601 1313 2672; x_wconf 79' lang='grc' dir='ltr'>ὀγδοήκοντα</span> <span class='ocrx_word' id='word_1_264' title='bbox 1343 2598 1439 2671; x_wconf 64' lang='lat' dir='ltr'><strong>Ern</strong></span> <span class='ocrx_word' id='word_1_265' title='bbox 1475 2598 1594 2651; x_wconf 80' lang='grc' dir='ltr'>τότε</span> <span class='ocrx_word' id='word_1_266' title='bbox 1641 2597 1818 2667; x_wconf 77' lang='grc' dir='ltr'>ζήσει.</span> 
     </span>
    </p>
   </div>
   <div class='ocr_carea' id='block_1_41' title="bbox 453 2868 1962 2939">
    <p class='ocr_par' dir='ltr' id='par_1_41' title="bbox 453 2868 1962 2939">
     <span class='ocr_line' id='line_1_41' title="bbox 453 2868 1962 2939; baseline -0.007 -7"><span class='ocrx_word' id='word_1_267' title='bbox 453 2877 532 2932; x_wconf 84' lang='grc' dir='ltr'><strong>Τὸ</strong></span> <span class='ocrx_word' id='word_1_268' title='bbox 566 2876 637 2932; x_wconf 83' lang='grc' dir='ltr'><em>δὲ</em></span> <span class='ocrx_word' id='word_1_269' title='bbox 687 2871 904 2930; x_wconf 70' lang='grc' dir='ltr'>πλεῖον</span> <span class='ocrx_word' id='word_1_270' title='bbox 937 2870 1140 2929; x_wconf 77' lang='grc' dir='ltr'>αὐτῶν</span> <span class='ocrx_word' id='word_1_271' title='bbox 1194 2872 1385 2939; x_wconf 79' lang='grc' dir='ltr'>κόπος</span> <span class='ocrx_word' id='word_1_272' title='bbox 1415 2869 1517 2925; x_wconf 80' lang='grc' dir='ltr'>καὶ</span> <span class='ocrx_word' id='word_1_273' title='bbox 1547 2870 1756 2934; x_wconf 77' lang='grc' dir='ltr'>πόνος.</span> <span class='ocrx_word' id='word_1_274' title='bbox 1797 2868 1872 2921; x_wconf 82' lang='grc' dir='ltr'><strong>Τὸ</strong></span> <span class='ocrx_word' id='word_1_275' title='bbox 1904 2868 1962 2923; x_wconf 82' lang='grc' dir='ltr'><strong>δὲ</strong></span> 
     </span>
    </p>
   </div>
   <div class='ocr_carea' id='block_1_42' title="bbox 373 2959 1961 3034">
    <p class='ocr_par' dir='ltr' id='par_1_42' title="bbox 373 2959 1961 3034">
     <span class='ocr_line' id='line_1_42' title="bbox 373 2959 1961 3034; baseline -0.009 -9"><span class='ocrx_word' id='word_1_276' title='bbox 373 2971 641 3025; x_wconf 80' lang='grc' dir='ltr'>ἰπέκεινα</span> <span class='ocrx_word' id='word_1_277' title='bbox 684 2968 913 3034; x_wconf 83' lang='grc' dir='ltr'>τούτων,</span> <span class='ocrx_word' id='word_1_278' title='bbox 959 2967 1086 3020; x_wconf 77' lang='grc' dir='ltr'>ὅσον</span> <span class='ocrx_word' id='word_1_279' title='bbox 1116 2963 1272 3033; x_wconf 75' lang='grc' dir='ltr'>ζήσει</span> <span class='ocrx_word' id='word_1_280' title='bbox 1312 2980 1417 3028; x_wconf 88' lang='grc' dir='ltr'>τις,</span> <span class='ocrx_word' id='word_1_281' title='bbox 1454 2961 1623 3025; x_wconf 82' lang='grc' dir='ltr'>κόπος</span> <span class='ocrx_word' id='word_1_282' title='bbox 1657 2959 1752 3013; x_wconf 73' lang='grc' dir='ltr'>καὶ</span> <span class='ocrx_word' id='word_1_283' title='bbox 1797 2960 1961 3023; x_wconf 84' lang='grc' dir='ltr'>πόνος</span> 
     </span>
    </p>
   </div>
   <div class='ocr_carea' id='block_1_43' title="bbox 377 3051 1960 3132">
    <p class='ocr_par' dir='ltr' id='par_1_43' title="bbox 377 3051 1960 3132">
     <span class='ocr_line' id='line_1_43' title="bbox 377 3051 1960 3132; baseline -0.008 -14"><span class='ocrx_word' id='word_1_284' title='bbox 377 3065 539 3118; x_wconf 73' lang='grc' dir='ltr'>ἔσται</span> <span class='ocrx_word' id='word_1_285' title='bbox 600 3061 689 3116; x_wconf 74' lang='grc' dir='ltr'>διὰ</span> <span class='ocrx_word' id='word_1_286' title='bbox 757 3060 856 3132; x_wconf 80' lang='grc' dir='ltr'>τὴν</span> <span class='ocrx_word' id='word_1_287' title='bbox 907 3061 1051 3130; x_wconf 81' lang='grc' dir='ltr'>ἄγαν</span> <span class='ocrx_word' id='word_1_288' title='bbox 1094 3058 1402 3113; x_wconf 78' lang='grc' dir='ltr'>ἀσθένειαν.</span> <span class='ocrx_word' id='word_1_289' title='bbox 1436 3056 1620 3118; x_wconf 80' lang='grc' dir='ltr'>Κόπος</span> <span class='ocrx_word' id='word_1_290' title='bbox 1657 3053 1757 3124; x_wconf 78' lang='grc' dir='ltr'><strong>μὲν</strong></span> <span class='ocrx_word' id='word_1_291' title='bbox 1799 3051 1892 3106; x_wconf 77' lang='grc' dir='ltr'>οὖν</span> <span class='ocrx_word' id='word_1_292' title='bbox 1924 3053 1960 3124; x_wconf 77' lang='grc' dir='ltr'><strong>ἡ</strong></span> 
     </span>
    </p>
   </div>
   <div class='ocr_carea' id='block_1_44' title="bbox 373 3146 1962 3224">
    <p class='ocr_par' dir='ltr' id='par_1_44' title="bbox 373 3146 1962 3224">
     <span class='ocr_line' id='line_1_44' title="bbox 373 3146 1962 3224; baseline -0.008 -14"><span class='ocrx_word' id='word_1_293' title='bbox 373 3155 755 3224; x_wconf 75' lang='grc' dir='ltr'>ταλαιπωρία,</span> <span class='ocrx_word' id='word_1_294' title='bbox 814 3154 975 3216; x_wconf 80' lang='grc' dir='ltr'>πόνος</span> <span class='ocrx_word' id='word_1_295' title='bbox 1004 3151 1061 3206; x_wconf 80' lang='grc' dir='ltr'><strong>δὲ</strong></span> <span class='ocrx_word' id='word_1_296' title='bbox 1093 3154 1154 3206; x_wconf 86' lang='grc' dir='ltr'>τδ</span> <span class='ocrx_word' id='word_1_297' title='bbox 1199 3152 1380 3218; x_wconf 76' lang='grc' dir='ltr'>ἄλγος.</span> <span class='ocrx_word' id='word_1_298' title='bbox 1412 3149 1571 3213; x_wconf 82' lang='grc' dir='ltr'>Τινὲς</span> <span class='ocrx_word' id='word_1_299' title='bbox 1595 3147 1652 3202; x_wconf 79' lang='grc' dir='ltr'><strong>δὲ</strong></span> <span class='ocrx_word' id='word_1_300' title='bbox 1687 3148 1746 3200; x_wconf 78' lang='grc' dir='ltr'><strong>τὺ</strong></span> <span class='ocrx_word' id='word_1_301' title='bbox 1778 3146 1962 3200; x_wconf 84' lang='grc' dir='ltr'>πλεῖον</span> 
     </span>
    </p>
   </div>
   <div class='ocr_carea' id='block_1_45' title="bbox 376 3242 1958 3320">
    <p class='ocr_par' dir='ltr' id='par_1_45' title="bbox 376 3242 1958 3320">
     <span class='ocr_line' id='line_1_45' title="bbox 376 3242 1958 3320; baseline -0.007 -17"><span class='ocrx_word' id='word_1_302' title='bbox 376 3251 493 3304; x_wconf 82' lang='grc' dir='ltr'>τῶν</span> <span class='ocrx_word' id='word_1_303' title='bbox 527 3248 907 3320; x_wconf 78' lang='grc' dir='ltr'>ὲῦδομήκοντα</span> <span class='ocrx_word' id='word_1_304' title='bbox 942 3247 976 3319; x_wconf 77' lang='grc' dir='ltr'><strong>ἦ</strong></span> <span class='ocrx_word' id='word_1_305' title='bbox 1021 3245 1353 3318; x_wconf 78' lang='grc' dir='ltr'>ὀγδοήκοντα</span> <span class='ocrx_word' id='word_1_306' title='bbox 1394 3243 1532 3296; x_wconf 76' lang='grc' dir='ltr'>ἑτῶν</span> <span class='ocrx_word' id='word_1_307' title='bbox 1585 3242 1910 3313; x_wconf 76' lang='grc' dir='ltr'>νενοήκασιν</span> <span class='ocrx_word' id='word_1_308' title='bbox 1938 3251 1958 3269; x_wconf 84' lang='grc'>⁶</span> 
     </span>
    </p>
   </div>
   <div class='ocr_carea' id='block_1_46' title="bbox 377 3333 1958 3413">
    <p class='ocr_par' dir='ltr' id='par_1_46' title="bbox 377 3333 1958 3413">
     <span class='ocr_line' id='line_1_46' title="bbox 377 3333 1958 3413; baseline -0.009 -16"><span class='ocrx_word' id='word_1_309' title='bbox 377 3346 465 3397; x_wconf 76' lang='grc' dir='ltr'>ὅτι</span> <span class='ocrx_word' id='word_1_310' title='bbox 489 3341 647 3413; x_wconf 81' lang='grc' dir='ltr'>ὀλίγη</span> <span class='ocrx_word' id='word_1_311' title='bbox 668 3343 766 3411; x_wconf 81' lang='grc' dir='ltr'><strong>μὲν</strong></span> <span class='ocrx_word' id='word_1_312' title='bbox 788 3343 846 3395; x_wconf 68' lang='grc' dir='ltr'>ὲν</span> <span class='ocrx_word' id='word_1_313' title='bbox 863 3343 1077 3404; x_wconf 75' lang='grc' dir='ltr'>ἑαυτοῖς</span> <span class='ocrx_word' id='word_1_314' title='bbox 1099 3341 1132 3408; x_wconf 83' lang='grc' dir='ltr'>ἠ</span> <span class='ocrx_word' id='word_1_315' title='bbox 1165 3336 1378 3409; x_wconf 63' lang='grc' dir='ltr'>τέρψις,</span> <span class='ocrx_word' id='word_1_316' title='bbox 1418 3337 1595 3391; x_wconf 63' lang='grc' dir='ltr'>πλεῖον</span> <span class='ocrx_word' id='word_1_317' title='bbox 1613 3335 1669 3388; x_wconf 77' lang='grc' dir='ltr'><strong>δὲ</strong></span> <span class='ocrx_word' id='word_1_318' title='bbox 1716 3336 1750 3403; x_wconf 74' lang='grc' dir='ltr'>ἡ</span> <span class='ocrx_word' id='word_1_319' title='bbox 1781 3333 1958 3402; x_wconf 70' lang='grc' dir='ltr'>θλίψις</span> 
     </span>
    </p>
   </div>
   <div class='ocr_carea' id='block_1_47' title="bbox 378 3434 1254 3506">
    <p class='ocr_par' dir='ltr' id='par_1_47' title="bbox 378 3434 1254 3506">
     <span class='ocr_line' id='line_1_47' title="bbox 378 3434 1254 3506; baseline -0.005 -16"><span class='ocrx_word' id='word_1_320' title='bbox 378 3439 473 3491; x_wconf 72' lang='grc' dir='ltr'><strong>διὰ</strong></span> <span class='ocrx_word' id='word_1_321' title='bbox 501 3438 572 3490; x_wconf 72' lang='grc' dir='ltr'><strong>τὰ</strong></span> <span class='ocrx_word' id='word_1_322' title='bbox 606 3437 807 3506; x_wconf 76' lang='grc' dir='ltr'>συνεχῆ</span> <span class='ocrx_word' id='word_1_323' title='bbox 840 3434 1254 3505; x_wconf 70' lang='grc' dir='ltr'>συμπτώματα.</span> 
     </span>
    </p>
   </div>
   <div class='ocr_carea' id='block_1_48' title="bbox 375 3603 1962 3682">
    <p class='ocr_par' dir='ltr' id='par_1_48' title="bbox 375 3603 1962 3682">
     <span class='ocr_line' id='line_1_48' title="bbox 375 3603 1962 3682; baseline -0.008 -11"><span class='ocrx_word' id='word_1_324' title='bbox 375 3606 382 3612; x_wconf 62' lang='grc'><strong>’</strong></span> <span class='ocrx_word' id='word_1_325' title='bbox 457 3617 585 3670; x_wconf 78' lang='grc' dir='ltr'>Ὀτι</span> <span class='ocrx_word' id='word_1_326' title='bbox 606 3610 833 3682; x_wconf 69' lang='grc' dir='ltr'>ἐπῆλθε</span> <span class='ocrx_word' id='word_1_327' title='bbox 859 3613 1126 3682; x_wconf 82' lang='grc' dir='ltr'>πραότης</span> <span class='ocrx_word' id='word_1_328' title='bbox 1158 3606 1252 3679; x_wconf 62' lang='grc' dir='ltr'><strong>ἐφ’</strong></span> <span class='ocrx_word' id='word_1_329' title='bbox 1281 3607 1460 3677; x_wconf 77' lang='grc' dir='ltr'>ἡμᾶς,</span> <span class='ocrx_word' id='word_1_330' title='bbox 1496 3608 1590 3660; x_wconf 77' lang='grc' dir='ltr'><strong>καί</strong></span> <span class='ocrx_word' id='word_1_331' title='bbox 1641 3603 1962 3669; x_wconf 79' lang='grc' dir='ltr'>παιδευθη-</span> 
     </span>
    </p>
   </div>
   <div class='ocr_carea' id='block_1_49' title="bbox 380 3697 1962 3782">
    <p class='ocr_par' dir='ltr' id='par_1_49' title="bbox 380 3697 1962 3782">
     <span class='ocr_line' id='line_1_49' title="bbox 380 3697 1962 3782; baseline -0.01 -16"><span class='ocrx_word' id='word_1_332' title='bbox 380 3713 631 3782; x_wconf 79' lang='grc' dir='ltr'>σόμεθιι.</span> <span class='ocrx_word' id='word_1_333' title='bbox 665 3708 957 3779; x_wconf 58' lang='grc' dir='ltr'>Πραόττιτα</span> <span class='ocrx_word' id='word_1_334' title='bbox 1007 3703 1104 3761; x_wconf 81' lang='grc' dir='ltr'>νῦν</span> <span class='ocrx_word' id='word_1_335' title='bbox 1141 3707 1242 3775; x_wconf 81' lang='grc' dir='ltr'>τὴν</span> <span class='ocrx_word' id='word_1_336' title='bbox 1289 3703 1519 3774; x_wconf 83' lang='grc' dir='ltr'>μετρίαν</span> <span class='ocrx_word' id='word_1_337' title='bbox 1564 3702 1628 3754; x_wconf 79' lang='grc' dir='ltr'>ὲκ</span> <span class='ocrx_word' id='word_1_338' title='bbox 1667 3697 1804 3752; x_wconf 79' lang='grc' dir='ltr'>Θεοῦ</span> <span class='ocrx_word' id='word_1_339' title='bbox 1842 3715 1962 3750; x_wconf 81' lang='grc' dir='ltr'>παι·</span> 
     </span>
    </p>
   </div>
   <div class='ocr_carea' id='block_1_50' title="bbox 379 3791 1960 3873">
    <p class='ocr_par' dir='ltr' id='par_1_50' title="bbox 379 3791 1960 3873">
     <span class='ocr_line' id='line_1_50' title="bbox 379 3791 1960 3873; baseline -0.011 -14"><span class='ocrx_word' id='word_1_340' title='bbox 379 3807 532 3859; x_wconf 81' lang='grc' dir='ltr'>δείαν</span> <span class='ocrx_word' id='word_1_341' title='bbox 568 3803 844 3872; x_wconf 74' lang='grc' dir='ltr'>ὠνόμασε.</span> <span class='ocrx_word' id='word_1_342' title='bbox 871 3800 1162 3873; x_wconf 77' lang='grc' dir='ltr'>Πραότητα</span> <span class='ocrx_word' id='word_1_343' title='bbox 1196 3797 1252 3852; x_wconf 77' lang='grc' dir='ltr'><strong>δὲ</strong></span> <span class='ocrx_word' id='word_1_344' title='bbox 1279 3798 1452 3867; x_wconf 74' lang='grc' dir='ltr'>αὐτὴν</span> <span class='ocrx_word' id='word_1_345' title='bbox 1485 3792 1630 3859; x_wconf 77' lang='grc' dir='ltr'>εἶπε,</span> <span class='ocrx_word' id='word_1_346' title='bbox 1661 3793 1796 3862; x_wconf 74' lang='grc' dir='ltr'>πρὸς</span> <span class='ocrx_word' id='word_1_347' title='bbox 1825 3791 1960 3858; x_wconf 83' lang='grc' dir='ltr'>σύγ-</span> 
     </span>
    </p>
   </div>
   <div class='ocr_carea' id='block_1_51' title="bbox 380 3883 1960 3968">
    <p class='ocr_par' dir='ltr' id='par_1_51' title="bbox 380 3883 1960 3968">
     <span class='ocr_line' id='line_1_51' title="bbox 380 3883 1960 3968; baseline -0.01 -18"><span class='ocrx_word' id='word_1_348' title='bbox 380 3914 568 3968; x_wconf 70' lang='grc' dir='ltr'>κρισιν</span> <span class='ocrx_word' id='word_1_349' title='bbox 621 3890 689 3967; x_wconf 79' lang='grc' dir='ltr'>ἦς</span> <span class='ocrx_word' id='word_1_350' title='bbox 745 3897 911 3965; x_wconf 76' lang='grc' dir='ltr'>ἐσμεν</span> <span class='ocrx_word' id='word_1_351' title='bbox 941 3892 1081 3958; x_wconf 79' lang='grc' dir='ltr'>ἄξιοι</span> <span class='ocrx_word' id='word_1_352' title='bbox 1110 3891 1405 3962; x_wconf 81' lang='grc' dir='ltr'>τιμωρίας,</span> <span class='ocrx_word' id='word_1_353' title='bbox 1437 3887 1525 3941; x_wconf 78' lang='grc' dir='ltr'>διὰ</span> <span class='ocrx_word' id='word_1_354' title='bbox 1553 3887 1652 3944; x_wconf 70' lang='grc' dir='ltr'>τὰς</span> <span class='ocrx_word' id='word_1_355' title='bbox 1684 3883 1960 3955; x_wconf 80' lang='grc' dir='ltr'>ἁμαρτίας</span> 
     </span>
    </p>
   </div>
   <div class='ocr_carea' id='block_1_52' title="bbox 379 3987 560 4061">
    <p class='ocr_par' dir='ltr' id='par_1_52' title="bbox 379 3987 560 4061">
     <span class='ocr_line' id='line_1_52' title="bbox 379 3987 560 4061; baseline 0.011 -22"><span class='ocrx_word' id='word_1_356' title='bbox 379 3991 415 4061; x_wconf 74' lang='grc' dir='ltr'><strong>ἡ</strong></span> <span class='ocrx_word' id='word_1_357' title='bbox 424 3987 560 4059; x_wconf 69' lang='grc' dir='ltr'>μῶν.</span> 
     </span>
    </p>
   </div>
   <div class='ocr_carea' id='block_1_53' title="bbox 459 4261 1958 4342">
    <p class='ocr_par' dir='ltr' id='par_1_53' title="bbox 459 4261 1958 4342">
     <span class='ocr_line' id='line_1_53' title="bbox 459 4261 1958 4342; baseline -0.011 -15"><span class='ocrx_word' id='word_1_358' title='bbox 459 4276 553 4339; x_wconf 76' lang='grc' dir='ltr'>Τίς</span> <span class='ocrx_word' id='word_1_359' title='bbox 575 4272 854 4342; x_wconf 78' lang='grc' dir='ltr'>γινώσκει</span> <span class='ocrx_word' id='word_1_360' title='bbox 884 4269 951 4325; x_wconf 85' lang='grc' dir='ltr'>τὸ</span> <span class='ocrx_word' id='word_1_361' title='bbox 980 4268 1197 4339; x_wconf 81' lang='grc' dir='ltr'>κράτος</span> <span class='ocrx_word' id='word_1_362' title='bbox 1236 4264 1348 4333; x_wconf 81' lang='grc' dir='ltr'>τῆς</span> <span class='ocrx_word' id='word_1_363' title='bbox 1390 4261 1576 4333; x_wconf 76' lang='grc' dir='ltr'>ὀργῆς</span> <span class='ocrx_word' id='word_1_364' title='bbox 1614 4279 1731 4315; x_wconf 87' lang='grc' dir='ltr'><strong>σου</strong></span> <span class='ocrx_word' id='word_1_365' title='bbox 1761 4277 1779 4324; x_wconf 89' lang='lat'><em>;</em></span> <span class='ocrx_word' id='word_1_366' title='bbox 1832 4261 1958 4313; x_wconf 70' lang='grc' dir='ltr'><strong>Ὶεὰν</strong></span> 
     </span>
    </p>
   </div>
   <div class='ocr_carea' id='block_1_54' title="bbox 380 4353 1957 4439">
    <p class='ocr_par' dir='ltr' id='par_1_54' title="bbox 380 4353 1957 4439">
     <span class='ocr_line' id='line_1_54' title="bbox 380 4353 1957 4439; baseline -0.012 -17"><span class='ocrx_word' id='word_1_367' title='bbox 380 4373 414 4439; x_wconf 82' lang='grc' dir='ltr'><strong>ἡ</strong></span> <span class='ocrx_word' id='word_1_368' title='bbox 451 4366 629 4439; x_wconf 77' lang='grc' dir='ltr'>μικρὰ</span> <span class='ocrx_word' id='word_1_369' title='bbox 665 4383 761 4419; x_wconf 89' lang='grc' dir='ltr'><strong>σου</strong></span> <span class='ocrx_word' id='word_1_370' title='bbox 809 4361 1030 4416; x_wconf 81' lang='grc' dir='ltr'>παιδεία</span> <span class='ocrx_word' id='word_1_371' title='bbox 1065 4356 1337 4426; x_wconf 74' lang='grc' dir='ltr'>τοσαύτην</span> <span class='ocrx_word' id='word_1_372' title='bbox 1363 4359 1497 4427; x_wconf 75' lang='grc' dir='ltr'>ἡμῖν</span> <span class='ocrx_word' id='word_1_373' title='bbox 1537 4353 1795 4422; x_wconf 77' lang='grc' dir='ltr'>αἴσθησιν</span> <span class='ocrx_word' id='word_1_374' title='bbox 1843 4355 1957 4405; x_wconf 78' lang='grc' dir='ltr'>ἐνε-</span> 
     </span>
    </p>
   </div>
   <div class='ocr_carea' id='block_1_55' title="bbox 379 4445 1959 4532">
    <p class='ocr_par' dir='ltr' id='par_1_55' title="bbox 379 4445 1959 4532">
     <span class='ocr_line' id='line_1_55' title="bbox 379 4445 1959 4532; baseline -0.013 -16"><span class='ocrx_word' id='word_1_375' title='bbox 379 4463 600 4532; x_wconf 82' lang='grc' dir='ltr'>ποίησε,</span> <span class='ocrx_word' id='word_1_376' title='bbox 644 4462 727 4521; x_wconf 83' lang='grc' dir='ltr'><strong>τίς</strong></span> <span class='ocrx_word' id='word_1_377' title='bbox 766 4458 876 4527; x_wconf 77' lang='grc' dir='ltr'>ἄρα</span> <span class='ocrx_word' id='word_1_378' title='bbox 923 4453 1187 4523; x_wconf 83' lang='grc' dir='ltr'>γινώσκει</span> <span class='ocrx_word' id='word_1_379' title='bbox 1216 4451 1380 4518; x_wconf 66' lang='grc' dir='ltr'>πόση,</span> <span class='ocrx_word' id='word_1_380' title='bbox 1422 4448 1517 4501; x_wconf 80' lang='grc' dir='ltr'>καὶ</span> <span class='ocrx_word' id='word_1_381' title='bbox 1557 4449 1710 4511; x_wconf 86' lang='grc' dir='ltr'>ποία,</span> <span class='ocrx_word' id='word_1_382' title='bbox 1746 4446 1840 4499; x_wconf 73' lang='grc' dir='ltr'><strong>καὶ</strong></span> <span class='ocrx_word' id='word_1_383' title='bbox 1873 4445 1959 4508; x_wconf 86' lang='grc' dir='ltr'><strong>τίς</strong></span> 
     </span>
    </p>
   </div>
   <div class='ocr_carea' id='block_1_56' title="bbox 381 4537 1954 4622">
    <p class='ocr_par' dir='ltr' id='par_1_56' title="bbox 381 4537 1954 4622">
     <span class='ocr_line' id='line_1_56' title="bbox 381 4537 1954 4622; baseline -0.011 -15"><span class='ocrx_word' id='word_1_384' title='bbox 381 4558 531 4608; x_wconf 82' lang='grc' dir='ltr'>ἐστιν</span> <span class='ocrx_word' id='word_1_385' title='bbox 560 4553 595 4622; x_wconf 76' lang='grc' dir='ltr'>ή</span> <span class='ocrx_word' id='word_1_386' title='bbox 629 4551 784 4621; x_wconf 72' lang='grc' dir='ltr'>ἰσχὺς</span> <span class='ocrx_word' id='word_1_387' title='bbox 819 4548 918 4618; x_wconf 78' lang='grc' dir='ltr'>τῆς</span> <span class='ocrx_word' id='word_1_388' title='bbox 947 4546 1118 4617; x_wconf 85' lang='grc' dir='ltr'>ὀργῆς</span> <span class='ocrx_word' id='word_1_389' title='bbox 1151 4560 1281 4608; x_wconf 78' lang='grc' dir='ltr'>σονς</span> <span class='ocrx_word' id='word_1_390' title='bbox 1322 4542 1446 4595; x_wconf 78' lang='grc' dir='ltr'><strong>Ἐπὶ</strong></span> <span class='ocrx_word' id='word_1_391' title='bbox 1480 4541 1592 4602; x_wconf 85' lang='grc' dir='ltr'>τοῖς</span> <span class='ocrx_word' id='word_1_392' title='bbox 1623 4537 1954 4609; x_wconf 79' lang='grc' dir='ltr'>ἀνεπιστρό-</span> 
     </span>
    </p>
   </div>
   <div class='ocr_carea' id='block_1_57' title="bbox 379 4632 1751 4714">
    <p class='ocr_par' dir='ltr' id='par_1_57' title="bbox 379 4632 1751 4714">
     <span class='ocr_line' id='line_1_57' title="bbox 379 4632 1751 4714; baseline -0.012 -16"><span class='ocrx_word' id='word_1_393' title='bbox 379 4663 495 4714; x_wconf 80' lang='grc' dir='ltr'><strong>φως</strong></span> <span class='ocrx_word' id='word_1_394' title='bbox 531 4643 747 4713; x_wconf 74' lang='grc' dir='ltr'>ἔχουσιν</span> <span class='ocrx_word' id='word_1_395' title='bbox 783 4639 954 4701; x_wconf 78' lang='grc' dir='ltr'>ὅντως</span> <span class='ocrx_word' id='word_1_396' title='bbox 977 4635 1145 4705; x_wconf 83' lang='grc' dir='ltr'>πολλή</span> <span class='ocrx_word' id='word_1_397' title='bbox 1176 4632 1416 4686; x_wconf 75' lang='grc' dir='ltr'>ἐστικαὶ</span> <span class='ocrx_word' id='word_1_398' title='bbox 1451 4632 1751 4702; x_wconf 70' lang='grc' dir='ltr'>ἀφόρητος.</span> 
     </span>
    </p>
   </div>
   <div class='ocr_carea' id='block_1_58' title="bbox 451 4813 1957 4889">
    <p class='ocr_par' dir='ltr' id='par_1_58' title="bbox 451 4813 1957 4889">
     <span class='ocr_line' id='line_1_58' title="bbox 451 4813 1957 4889; baseline -0.007 -11"><span class='ocrx_word' id='word_1_399' title='bbox 451 4824 557 4878; x_wconf 81' lang='grc' dir='ltr'><strong>Καὶ</strong></span> <span class='ocrx_word' id='word_1_400' title='bbox 590 4822 709 4876; x_wconf 75' lang='grc' dir='ltr'><strong>ἀπὸ</strong></span> <span class='ocrx_word' id='word_1_401' title='bbox 729 4820 836 4874; x_wconf 81' lang='grc' dir='ltr'>τοῦ</span> <span class='ocrx_word' id='word_1_402' title='bbox 866 4820 1058 4889; x_wconf 69' lang='grc' dir='ltr'>φόϐου</span> <span class='ocrx_word' id='word_1_403' title='bbox 1084 4831 1202 4869; x_wconf 88' lang='grc' dir='ltr'>σου</span> <span class='ocrx_word' id='word_1_404' title='bbox 1234 4815 1339 4868; x_wconf 78' lang='grc' dir='ltr'><strong>τὸν</strong></span> <span class='ocrx_word' id='word_1_405' title='bbox 1364 4815 1557 4883; x_wconf 79' lang='grc' dir='ltr'>θυμόν</span> <span class='ocrx_word' id='word_1_406' title='bbox 1580 4829 1698 4868; x_wconf 84' lang='grc' dir='ltr'>σου</span> <span class='ocrx_word' id='word_1_407' title='bbox 1724 4813 1957 4882; x_wconf 79' lang='grc' dir='ltr'>ἐξαριθ-</span> 
     </span>
    </p>
   </div>
   <div class='ocr_carea' id='block_1_59' title="bbox 377 4907 1954 4989">
    <p class='ocr_par' dir='ltr' id='par_1_59' title="bbox 377 4907 1954 4989">
     <span class='ocr_line' id='line_1_59' title="bbox 377 4907 1954 4989; baseline -0.014 -17"><span class='ocrx_word' id='word_1_408' title='bbox 377 4919 692 4989; x_wconf 72' lang='grc' dir='ltr'>μήσασθαι</span> <span class='ocrx_word' id='word_1_409' title='bbox 716 4931 736 4980; x_wconf 85' lang='grc'><strong><em>;</em></strong></span> <span class='ocrx_word' id='word_1_410' title='bbox 764 4915 874 4967; x_wconf 72' lang='grc' dir='ltr'><strong>Καὶ</strong></span> <span class='ocrx_word' id='word_1_411' title='bbox 908 4912 991 4976; x_wconf 85' lang='grc' dir='ltr'><strong>τίς</strong></span> <span class='ocrx_word' id='word_1_412' title='bbox 1043 4909 1207 4964; x_wconf 74' lang='grc' dir='ltr'>πάλιν</span> <span class='ocrx_word' id='word_1_413' title='bbox 1239 4908 1498 4978; x_wconf 84' lang='grc' dir='ltr'>γινώσκει</span> <span class='ocrx_word' id='word_1_414' title='bbox 1550 4907 1824 4978; x_wconf 78' lang='grc' dir='ltr'>μετρῆσαι</span> <span class='ocrx_word' id='word_1_415' title='bbox 1862 4909 1954 4960; x_wconf 59' lang='grc' dir='ltr'><strong>τὸν</strong></span> 
     </span>
    </p>
   </div>
   <div class='ocr_carea' id='block_1_60' title="bbox 383 5001 1957 5080">
    <p class='ocr_par' dir='ltr' id='par_1_60' title="bbox 383 5001 1957 5080">
     <span class='ocr_line' id='line_1_60' title="bbox 383 5001 1957 5080; baseline -0.007 -16"><span class='ocrx_word' id='word_1_416' title='bbox 383 5012 557 5080; x_wconf 74' lang='grc' dir='ltr'>θυμόν</span> <span class='ocrx_word' id='word_1_417' title='bbox 592 5027 690 5063; x_wconf 89' lang='grc' dir='ltr'><strong>σου</strong></span> <span class='ocrx_word' id='word_1_418' title='bbox 722 5024 743 5073; x_wconf 85' lang='grc'><strong><em>;</em></strong></span> <span class='ocrx_word' id='word_1_419' title='bbox 777 5006 1026 5060; x_wconf 81' lang='grc' dir='ltr'>τουτέστι</span> <span class='ocrx_word' id='word_1_420' title='bbox 1079 5001 1378 5072; x_wconf 82' lang='grc' dir='ltr'>διαγνῶναι</span> <span class='ocrx_word' id='word_1_421' title='bbox 1408 5001 1572 5064; x_wconf 83' lang='grc' dir='ltr'>πόσος</span> <span class='ocrx_word' id='word_1_422' title='bbox 1611 5003 1778 5054; x_wconf 73' lang='grc' dir='ltr'>ἐστιν.</span> <span class='ocrx_word' id='word_1_423' title='bbox 1830 5001 1957 5054; x_wconf 83' lang='lat' dir='ltr'><strong>&#39;Uv-</strong></span> 
     </span>
    </p>
   </div>
   <div class='ocr_carea' id='block_1_61' title="bbox 383 5087 1955 5163">
    <p class='ocr_par' dir='ltr' id='par_1_61' title="bbox 383 5087 1955 5163">
     <span class='ocr_line' id='line_1_61' title="bbox 383 5087 1955 5163; baseline -0.007 -9"><span class='ocrx_word' id='word_1_424' title='bbox 383 5118 489 5163; x_wconf 80' lang='grc' dir='ltr'><strong>τως</strong></span> <span class='ocrx_word' id='word_1_425' title='bbox 515 5099 690 5162; x_wconf 77' lang='grc' dir='ltr'>οὓδεὶς</span> <span class='ocrx_word' id='word_1_426' title='bbox 716 5096 877 5150; x_wconf 79' lang='grc' dir='ltr'>τοῦτο</span> <span class='ocrx_word' id='word_1_427' title='bbox 898 5094 1215 5158; x_wconf 65' lang='grc' dir='ltr'>δυνήσεται,</span> <span class='ocrx_word' id='word_1_428' title='bbox 1245 5091 1336 5146; x_wconf 75' lang='grc' dir='ltr'>διὰ</span> <span class='ocrx_word' id='word_1_429' title='bbox 1373 5092 1434 5144; x_wconf 83' lang='grc' dir='ltr'>τὸ</span> <span class='ocrx_word' id='word_1_430' title='bbox 1463 5087 1603 5145; x_wconf 82' lang='grc' dir='ltr'>εἷναί</span> <span class='ocrx_word' id='word_1_431' title='bbox 1630 5107 1689 5144; x_wconf 87' lang='grc' dir='ltr'><strong>σε</strong></span> <span class='ocrx_word' id='word_1_432' title='bbox 1723 5089 1955 5161; x_wconf 67' lang='grc' dir='ltr'>φοϐερὸν</span> 
     </span>
    </p>
   </div>
   <div class='ocr_carea' id='block_1_62' title="bbox 383 5197 544 5264">
    <p class='ocr_par' dir='ltr' id='par_1_62' title="bbox 383 5197 544 5264">
     <span class='ocr_line' id='line_1_62' title="bbox 383 5197 544 5264; baseline -0.012 -15"><span class='ocrx_word' id='word_1_433' title='bbox 383 5197 544 5264; x_wconf 79' lang='grc' dir='ltr'>ἄγαν.</span> 
     </span>
    </p>
   </div>
   <div class='ocr_carea' id='block_1_63' title="bbox 459 5275 1953 5350">
    <p class='ocr_par' dir='ltr' id='par_1_63' title="bbox 459 5275 1953 5350">
     <span class='ocr_line' id='line_1_63' title="bbox 459 5275 1953 5350; baseline -0.006 -10"><span class='ocrx_word' id='word_1_434' title='bbox 459 5288 578 5350; x_wconf 77' lang='grc' dir='ltr'><strong>Τὴν</strong></span> <span class='ocrx_word' id='word_1_435' title='bbox 624 5281 836 5347; x_wconf 74' lang='grc' dir='ltr'>δεξιάν</span> <span class='ocrx_word' id='word_1_436' title='bbox 889 5297 1008 5336; x_wconf 85' lang='grc' dir='ltr'><strong>σου</strong></span> <span class='ocrx_word' id='word_1_437' title='bbox 1056 5279 1210 5335; x_wconf 84' lang='grc' dir='ltr'>οὕτω</span> <span class='ocrx_word' id='word_1_438' title='bbox 1259 5275 1558 5348; x_wconf 75' lang='grc' dir='ltr'>τνώρισόν</span> <span class='ocrx_word' id='word_1_439' title='bbox 1591 5295 1715 5348; x_wconf 79' lang='grc' dir='ltr'>μοι.</span> <span class='ocrx_word' id='word_1_440' title='bbox 1746 5277 1953 5345; x_wconf 75' lang='grc' dir='ltr'>Οὕτως,</span> 
     </span>
    </p>
   </div>
   <div class='ocr_carea' id='block_1_64' title="bbox 379 5371 1953 5452">
    <p class='ocr_par' dir='ltr' id='par_1_64' title="bbox 379 5371 1953 5452">
     <span class='ocr_line' id='line_1_64' title="bbox 379 5371 1953 5452; baseline -0.008 -18"><span class='ocrx_word' id='word_1_441' title='bbox 379 5384 548 5452; x_wconf 67' lang='grc' dir='ltr'>ἧγουν</span> <span class='ocrx_word' id='word_1_442' title='bbox 571 5379 629 5432; x_wconf 69' lang='grc' dir='ltr'>ἐν</span> <span class='ocrx_word' id='word_1_443' title='bbox 656 5375 926 5447; x_wconf 81' lang='grc' dir='ltr'>πραότητι</span> <span class='ocrx_word' id='word_1_444' title='bbox 959 5375 1055 5428; x_wconf 73' lang='grc' dir='ltr'>καὶ</span> <span class='ocrx_word' id='word_1_445' title='bbox 1084 5373 1283 5445; x_wconf 76' lang='grc' dir='ltr'>μετρίᾳ</span> <span class='ocrx_word' id='word_1_446' title='bbox 1311 5372 1528 5442; x_wconf 81' lang='grc' dir='ltr'>παιδείᾳ</span> <span class='ocrx_word' id='word_1_447' title='bbox 1554 5371 1833 5445; x_wconf 73' lang='grc' dir='ltr'><strong>ῥυθμίζων</strong></span> <span class='ocrx_word' id='word_1_448' title='bbox 1859 5391 1953 5442; x_wconf 80' lang='grc' dir='ltr'>με,</span> 
     </span>
    </p>
   </div>
   <div class='ocr_carea' id='block_1_65' title="bbox 381 5463 1955 5542">
    <p class='ocr_par' dir='ltr' id='par_1_65' title="bbox 381 5463 1955 5542">
     <span class='ocr_line' id='line_1_65' title="bbox 381 5463 1955 5542; baseline -0.006 -18"><span class='ocrx_word' id='word_1_449' title='bbox 381 5470 653 5542; x_wconf 74' lang='grc' dir='ltr'>γνώρισὸν</span> <span class='ocrx_word' id='word_1_450' title='bbox 679 5485 770 5539; x_wconf 78' lang='grc' dir='ltr'>μοι</span> <span class='ocrx_word' id='word_1_451' title='bbox 808 5465 908 5534; x_wconf 80' lang='grc' dir='ltr'>τὴν</span> <span class='ocrx_word' id='word_1_452' title='bbox 948 5463 1132 5530; x_wconf 78' lang='grc' dir='ltr'>δεξιάν</span> <span class='ocrx_word' id='word_1_453' title='bbox 1175 5479 1270 5516; x_wconf 91' lang='grc' dir='ltr'><strong>σου</strong></span> <span class='ocrx_word' id='word_1_454' title='bbox 1310 5463 1370 5518; x_wconf 78' lang='grc' dir='ltr'>ὲν</span> <span class='ocrx_word' id='word_1_455' title='bbox 1405 5466 1472 5535; x_wconf 80' lang='grc' dir='ltr'><strong>τῇ</strong></span> <span class='ocrx_word' id='word_1_456' title='bbox 1508 5463 1693 5534; x_wconf 74' lang='grc' dir='ltr'><strong>ήμέρᾳ</strong></span> <span class='ocrx_word' id='word_1_457' title='bbox 1719 5463 1812 5532; x_wconf 80' lang='grc' dir='ltr'>τῆς</span> <span class='ocrx_word' id='word_1_458' title='bbox 1837 5464 1955 5535; x_wconf 71' lang='grc' dir='ltr'><strong>ιιρί⁸</strong></span> 
     </span>
    </p>
   </div>
   <div class='ocr_carea' id='block_1_66' title="bbox 384 5555 1951 5632">
    <p class='ocr_par' dir='ltr' id='par_1_66' title="bbox 384 5555 1951 5632">
     <span class='ocr_line' id='line_1_66' title="bbox 384 5555 1951 5632; baseline -0.004 -17"><span class='ocrx_word' id='word_1_459' title='bbox 384 5561 857 5632; x_wconf 78' lang='grc' dir='ltr'>σεως.ῐ“νωρίσεις</span> <span class='ocrx_word' id='word_1_460' title='bbox 874 5575 964 5628; x_wconf 72' lang='grc' dir='ltr'>μοι</span> <span class='ocrx_word' id='word_1_461' title='bbox 987 5556 1045 5612; x_wconf 74' lang='grc' dir='ltr'><strong>δὲ</strong></span> <span class='ocrx_word' id='word_1_462' title='bbox 1063 5557 1257 5627; x_wconf 72' lang='grc' dir='ltr'>αὐτὴν,</span> <span class='ocrx_word' id='word_1_463' title='bbox 1282 5558 1485 5628; x_wconf 70' lang='grc' dir='ltr'>στήσας</span> <span class='ocrx_word' id='word_1_464' title='bbox 1516 5558 1575 5609; x_wconf 83' lang='grc' dir='ltr'>ἐν</span> <span class='ocrx_word' id='word_1_465' title='bbox 1601 5559 1664 5626; x_wconf 78' lang='grc' dir='ltr'>τῇ</span> <span class='ocrx_word' id='word_1_466' title='bbox 1688 5555 1836 5626; x_wconf 71' lang='grc' dir='ltr'>δεξιᾷ</span> <span class='ocrx_word' id='word_1_467' title='bbox 1859 5573 1951 5608; x_wconf 85' lang='grc' dir='ltr'><strong>σου</strong></span> 
     </span>
    </p>
   </div>
   <div class='ocr_carea' id='block_1_67' title="bbox 387 5645 1010 5718">
    <p class='ocr_par' dir='ltr' id='par_1_67' title="bbox 387 5645 1010 5718">
     <span class='ocr_line' id='line_1_67' title="bbox 387 5645 1010 5718; baseline -0.003 -16"><span class='ocrx_word' id='word_1_468' title='bbox 387 5649 528 5718; x_wconf 67' lang='grc' dir='ltr'>μετὰ</span> <span class='ocrx_word' id='word_1_469' title='bbox 556 5646 665 5701; x_wconf 83' lang='grc' dir='ltr'>τῶν</span> <span class='ocrx_word' id='word_1_470' title='bbox 695 5645 1010 5717; x_wconf 78' lang='grc' dir='ltr'>προϐάτων.</span> 
     </span>
    </p>
   </div>
   <div class='ocr_carea' id='block_1_68' title="bbox 455 5819 1950 5892">
    <p class='ocr_par' dir='ltr' id='par_1_68' title="bbox 455 5819 1950 5892">
     <span class='ocr_line' id='line_1_68' title="bbox 455 5819 1950 5892; baseline -0.001 -16"><span class='ocrx_word' id='word_1_471' title='bbox 455 5820 566 5876; x_wconf 69' lang='grc' dir='ltr'><strong>Καὶ</strong></span> <span class='ocrx_word' id='word_1_472' title='bbox 602 5821 748 5888; x_wconf 79' lang='grc' dir='ltr'>τοὺς</span> <span class='ocrx_word' id='word_1_473' title='bbox 784 5821 1235 5892; x_wconf 74' lang='grc' dir='ltr'>πεπεδημένους</span> <span class='ocrx_word' id='word_1_474' title='bbox 1270 5819 1345 5892; x_wconf 77' lang='grc' dir='ltr'>τῇ</span> <span class='ocrx_word' id='word_1_475' title='bbox 1393 5821 1604 5890; x_wconf 74' lang='grc' dir='ltr'>καρδίᾳ</span> <span class='ocrx_word' id='word_1_476' title='bbox 1637 5821 1706 5875; x_wconf 80' lang='grc' dir='ltr'><strong>ἐν</strong></span> <span class='ocrx_word' id='word_1_477' title='bbox 1743 5825 1950 5891; x_wconf 60' lang='grc' dir='ltr'>σοφίᾳ,</span> 
     </span>
    </p>
   </div>
   <div class='ocr_carea' id='block_1_69' title="bbox 383 5913 1952 5986">
    <p class='ocr_par' dir='ltr' id='par_1_69' title="bbox 383 5913 1952 5986">
     <span class='ocr_line' id='line_1_69' title="bbox 383 5913 1952 5986; baseline 0.001 -19"><span class='ocrx_word' id='word_1_478' title='bbox 383 5913 493 5968; x_wconf 69' lang='grc' dir='ltr'><strong>Καὶ</strong></span> <span class='ocrx_word' id='word_1_479' title='bbox 522 5914 604 5969; x_wconf 81' lang='grc' dir='ltr'><strong>ιτι</strong></span> <span class='ocrx_word' id='word_1_480' title='bbox 633 5915 901 5986; x_wconf 75' lang='grc' dir='ltr'>γνώρισόν</span> <span class='ocrx_word' id='word_1_481' title='bbox 931 5933 1024 5986; x_wconf 80' lang='grc' dir='ltr'>μοι</span> <span class='ocrx_word' id='word_1_482' title='bbox 1071 5917 1191 5971; x_wconf 80' lang='grc' dir='ltr'>τότε</span> <span class='ocrx_word' id='word_1_483' title='bbox 1220 5915 1350 5980; x_wconf 80' lang='grc' dir='ltr'>τοὺς</span> <span class='ocrx_word' id='word_1_484' title='bbox 1381 5915 1647 5983; x_wconf 79' lang='grc' dir='ltr'>δικαίους,</span> <span class='ocrx_word' id='word_1_485' title='bbox 1683 5915 1952 5981; x_wconf 67' lang='grc' dir='ltr'>συντάξας</span> 
     </span>
    </p>
   </div>
   <div class='ocr_carea' id='block_1_70' title="bbox 2067 2041 3652 2117">
    <p class='ocr_par' dir='ltr' id='par_1_70' title="bbox 2067 2041 3652 2117">
     <span class='ocr_line' id='line_1_70' title="bbox 2067 2041 3652 2117; baseline 0.004 -21"><span class='ocrx_word' id='word_1_486' title='bbox 2067 2041 2268 2108; x_wconf 83' lang='lat' dir='ltr'><strong>lentiae,</strong></span> <span class='ocrx_word' id='word_1_487' title='bbox 2313 2042 2418 2097; x_wconf 88' lang='lat' dir='ltr'><strong>hoc</strong></span> <span class='ocrx_word' id='word_1_488' title='bbox 2446 2052 2531 2098; x_wconf 89' lang='lat' dir='ltr'><strong>est</strong></span> <span class='ocrx_word' id='word_1_489' title='bbox 2560 2042 2797 2108; x_wconf 83' lang='lat' dir='ltr'><strong>roboris,</strong></span> <span class='ocrx_word' id='word_1_490' title='bbox 2848 2059 2944 2098; x_wconf 88' lang='lat' dir='ltr'><strong>seu</strong></span> <span class='ocrx_word' id='word_1_491' title='bbox 2979 2045 3176 2100; x_wconf 77' lang='lat' dir='ltr'><strong>vitium</strong></span> <span class='ocrx_word' id='word_1_492' title='bbox 3210 2062 3224 2102; x_wconf 88' lang='lat'><strong>:</strong></span> <span class='ocrx_word' id='word_1_493' title='bbox 3261 2056 3316 2101; x_wconf 89' lang='lat' dir='ltr'><strong>et</strong></span> <span class='ocrx_word' id='word_1_494' title='bbox 3362 2057 3495 2117; x_wconf 83' lang='lat' dir='ltr'><strong>quot</strong></span> <span class='ocrx_word' id='word_1_495' title='bbox 3539 2049 3652 2103; x_wconf 85' lang='lat' dir='ltr'><strong>sint</strong></span> 
     </span>
    </p>
   </div>
   <div class='ocr_carea' id='block_1_71' title="bbox 2067 2132 3650 2207">
    <p class='ocr_par' dir='ltr' id='par_1_71' title="bbox 2067 2132 3650 2207">
     <span class='ocr_line' id='line_1_71' title="bbox 2067 2132 3650 2207; baseline 0.004 -19"><span class='ocrx_word' id='word_1_496' title='bbox 2067 2135 2195 2189; x_wconf 89' lang='lat' dir='ltr'><strong>anni</strong></span> <span class='ocrx_word' id='word_1_497' title='bbox 2227 2132 2521 2189; x_wconf 67' lang='lat' dir='ltr'><strong>violentiae.</strong></span> <span class='ocrx_word' id='word_1_498' title='bbox 2554 2135 2645 2190; x_wconf 89' lang='lat' dir='ltr'><strong>Ait</strong></span> <span class='ocrx_word' id='word_1_499' title='bbox 2672 2134 2862 2206; x_wconf 79' lang='lat' dir='ltr'><strong>igitur,</strong></span> <span class='ocrx_word' id='word_1_500' title='bbox 2896 2136 3043 2207; x_wconf 90' lang='lat' dir='ltr'><strong>quod</strong></span> <span class='ocrx_word' id='word_1_501' title='bbox 3071 2136 3192 2194; x_wconf 86' lang='lat' dir='ltr'><strong>dies</strong></span> <span class='ocrx_word' id='word_1_502' title='bbox 3242 2154 3518 2194; x_wconf 87' lang='lat' dir='ltr'><strong>annorum</strong></span> <span class='ocrx_word' id='word_1_503' title='bbox 3545 2155 3650 2194; x_wconf 86' lang='lat' dir='ltr'><strong>no-</strong></span> 
     </span>
    </p>
   </div>
   <div class='ocr_carea' id='block_1_72' title="bbox 2067 2225 3646 2301">
    <p class='ocr_par' dir='ltr' id='par_1_72' title="bbox 2067 2225 3646 2301">
     <span class='ocr_line' id='line_1_72' title="bbox 2067 2225 3646 2301; baseline 0.004 -21"><span class='ocrx_word' id='word_1_504' title='bbox 2067 2233 2334 2290; x_wconf 84' lang='lat' dir='ltr'><strong>strorum,</strong></span> <span class='ocrx_word' id='word_1_505' title='bbox 2362 2225 2466 2281; x_wconf 86' lang='lat' dir='ltr'><strong>hoc</strong></span> <span class='ocrx_word' id='word_1_506' title='bbox 2493 2237 2599 2292; x_wconf 91' lang='lat' dir='ltr'><strong>est,</strong></span> <span class='ocrx_word' id='word_1_507' title='bbox 2636 2226 2785 2297; x_wconf 92' lang='lat' dir='ltr'><strong>quod</strong></span> <span class='ocrx_word' id='word_1_508' title='bbox 2820 2226 2950 2280; x_wconf 88' lang='lat' dir='ltr'><strong>anni</strong></span> <span class='ocrx_word' id='word_1_509' title='bbox 2987 2229 3191 2295; x_wconf 88' lang='lat' dir='ltr'><strong>nostri,</strong></span> <span class='ocrx_word' id='word_1_510' title='bbox 3230 2231 3284 2284; x_wconf 91' lang='lat' dir='ltr'><strong>in</strong></span> <span class='ocrx_word' id='word_1_511' title='bbox 3331 2230 3487 2299; x_wconf 77' lang='lat' dir='ltr'><strong>ipsis,</strong></span> <span class='ocrx_word' id='word_1_512' title='bbox 3522 2246 3646 2301; x_wconf 89' lang='lat' dir='ltr'><strong>pro,</strong></span> 
     </span>
    </p>
   </div>
   <div class='ocr_carea' id='block_1_73' title="bbox 2067 2316 3648 2393">
    <p class='ocr_par' dir='ltr' id='par_1_73' title="bbox 2067 2316 3648 2393">
     <span class='ocr_line' id='line_1_73' title="bbox 2067 2316 3648 2393; baseline 0.006 -22"><span class='ocrx_word' id='word_1_513' title='bbox 2067 2316 2122 2372; x_wconf 89' lang='lat' dir='ltr'><strong>in</strong></span> <span class='ocrx_word' id='word_1_514' title='bbox 2190 2316 2352 2373; x_wconf 89' lang='lat' dir='ltr'><strong>nobis</strong></span> <span class='ocrx_word' id='word_1_515' title='bbox 2413 2317 2570 2387; x_wconf 87' lang='lat' dir='ltr'><strong>ipsis,</strong></span> <span class='ocrx_word' id='word_1_516' title='bbox 2629 2325 2760 2374; x_wconf 84' lang='lat' dir='ltr'><strong>sunt</strong></span> <span class='ocrx_word' id='word_1_517' title='bbox 2794 2321 3143 2390; x_wconf 77' lang='lat' dir='ltr'><strong>septuaginta</strong></span> <span class='ocrx_word' id='word_1_518' title='bbox 3179 2322 3330 2376; x_wconf 91' lang='lat' dir='ltr'><strong>anni.</strong></span> <span class='ocrx_word' id='word_1_519' title='bbox 3386 2321 3648 2393; x_wconf 82' lang='lat' dir='ltr'><strong>Eousque</strong></span> 
     </span>
    </p>
   </div>
   <div class='ocr_carea' id='block_1_74' title="bbox 2063 2409 3648 2476">
    <p class='ocr_par' dir='ltr' id='par_1_74' title="bbox 2063 2409 3648 2476">
     <span class='ocr_line' id='line_1_74' title="bbox 2063 2409 3648 2476; baseline 0.003 -11"><span class='ocrx_word' id='word_1_520' title='bbox 2063 2410 2211 2465; x_wconf 90' lang='lat' dir='ltr'><strong>enim</strong></span> <span class='ocrx_word' id='word_1_521' title='bbox 2265 2422 2367 2464; x_wconf 89' lang='lat' dir='ltr'><strong>nos</strong></span> <span class='ocrx_word' id='word_1_522' title='bbox 2414 2409 2596 2465; x_wconf 87' lang='lat' dir='ltr'><strong>nostri</strong></span> <span class='ocrx_word' id='word_1_523' title='bbox 2633 2424 2851 2476; x_wconf 90' lang='lat' dir='ltr'><strong>sumus,</strong></span> <span class='ocrx_word' id='word_1_524' title='bbox 2891 2410 2997 2467; x_wconf 87' lang='lat' dir='ltr'><strong>hoc</strong></span> <span class='ocrx_word' id='word_1_525' title='bbox 3028 2420 3139 2476; x_wconf 88' lang='lat' dir='ltr'><strong>est,</strong></span> <span class='ocrx_word' id='word_1_526' title='bbox 3172 2414 3350 2467; x_wconf 89' lang='lat' dir='ltr'><strong>nostri</strong></span> <span class='ocrx_word' id='word_1_527' title='bbox 3390 2415 3648 2470; x_wconf 84' lang='lat' dir='ltr'><strong>domina-</strong></span> 
     </span>
    </p>
   </div>
   <div class='ocr_carea' id='block_1_75' title="bbox 2067 2502 3646 2574">
    <p class='ocr_par' dir='ltr' id='par_1_75' title="bbox 2067 2502 3646 2574">
     <span class='ocr_line' id='line_1_75' title="bbox 2067 2502 3646 2574; baseline 0.004 -17"><span class='ocrx_word' id='word_1_528' title='bbox 2067 2517 2214 2566; x_wconf 87' lang='lat' dir='ltr'><strong>mur,</strong></span> <span class='ocrx_word' id='word_1_529' title='bbox 2248 2502 2555 2573; x_wconf 84' lang='lat' dir='ltr'><strong>roboreque</strong></span> <span class='ocrx_word' id='word_1_530' title='bbox 2604 2518 2668 2557; x_wconf 90' lang='lat' dir='ltr'><strong>ac</strong></span> <span class='ocrx_word' id='word_1_531' title='bbox 2711 2503 2924 2559; x_wconf 85' lang='lat' dir='ltr'><strong>viribus</strong></span> <span class='ocrx_word' id='word_1_532' title='bbox 2962 2506 3172 2561; x_wconf 87' lang='lat' dir='ltr'><strong>nostris</strong></span> <span class='ocrx_word' id='word_1_533' title='bbox 3219 2523 3543 2574; x_wconf 81' lang='lat' dir='ltr'><strong>movemur;</strong></span> <span class='ocrx_word' id='word_1_534' title='bbox 3597 2510 3646 2564; x_wconf 90' lang='lat' dir='ltr'><strong>si</strong></span> 
     </span>
    </p>
   </div>
   <div class='ocr_carea' id='block_1_76' title="bbox 2068 2595 3643 2666">
    <p class='ocr_par' dir='ltr' id='par_1_76' title="bbox 2068 2595 3643 2666">
     <span class='ocr_line' id='line_1_76' title="bbox 2068 2595 3643 2666; baseline 0.005 -20"><span class='ocrx_word' id='word_1_535' title='bbox 2068 2605 2252 2648; x_wconf 86' lang='lat' dir='ltr'><strong>autem</strong></span> <span class='ocrx_word' id='word_1_536' title='bbox 2289 2595 2343 2649; x_wconf 93' lang='lat' dir='ltr'><strong>in</strong></span> <span class='ocrx_word' id='word_1_537' title='bbox 2381 2595 2759 2666; x_wconf 88' lang='lat' dir='ltr'><strong>potentatibus</strong></span> <span class='ocrx_word' id='word_1_538' title='bbox 2788 2595 2916 2665; x_wconf 86' lang='lat' dir='ltr'><strong>quis</strong></span> <span class='ocrx_word' id='word_1_539' title='bbox 2947 2597 3202 2654; x_wconf 89' lang='lat' dir='ltr'><strong>victurus</strong></span> <span class='ocrx_word' id='word_1_540' title='bbox 3250 2600 3345 2664; x_wconf 87' lang='lat' dir='ltr'><strong>sit,</strong></span> <span class='ocrx_word' id='word_1_541' title='bbox 3396 2602 3501 2655; x_wconf 84' lang='lat' dir='ltr'><strong>hoc</strong></span> <span class='ocrx_word' id='word_1_542' title='bbox 3534 2612 3643 2665; x_wconf 86' lang='lat' dir='ltr'><strong>est,</strong></span> 
     </span>
    </p>
   </div>
   <div class='ocr_carea' id='block_1_77' title="bbox 2069 2685 3643 2764">
    <p class='ocr_par' dir='ltr' id='par_1_77' title="bbox 2069 2685 3643 2764">
     <span class='ocr_line' id='line_1_77' title="bbox 2069 2685 3643 2764; baseline 0.006 -25"><span class='ocrx_word' id='word_1_543' title='bbox 2069 2685 2126 2741; x_wconf 87' lang='lat' dir='ltr'><strong>in</strong></span> <span class='ocrx_word' id='word_1_544' title='bbox 2162 2686 2446 2754; x_wconf 78' lang='lat' dir='ltr'><strong>violentia,</strong></span> <span class='ocrx_word' id='word_1_545' title='bbox 2476 2703 2542 2743; x_wconf 92' lang='lat' dir='ltr'><strong>eo</strong></span> <span class='ocrx_word' id='word_1_546' title='bbox 2571 2690 2718 2759; x_wconf 91' lang='lat' dir='ltr'><strong>quod</strong></span> <span class='ocrx_word' id='word_1_547' title='bbox 2766 2698 2900 2745; x_wconf 92' lang='lat' dir='ltr'><strong>tunc</strong></span> <span class='ocrx_word' id='word_1_548' title='bbox 2936 2691 3023 2744; x_wconf 95' lang='lat' dir='ltr'><strong>vix</strong></span> <span class='ocrx_word' id='word_1_549' title='bbox 3057 2691 3263 2762; x_wconf 86' lang='lat' dir='ltr'><strong>aliquid</strong></span> <span class='ocrx_word' id='word_1_550' title='bbox 3300 2693 3415 2747; x_wconf 86' lang='lat' dir='ltr'><strong>iieri</strong></span> <span class='ocrx_word' id='word_1_551' title='bbox 3446 2706 3643 2764; x_wconf 79' lang='lat' dir='ltr'><strong>potest,</strong></span> 
     </span>
    </p>
   </div>
   <div class='ocr_carea' id='block_1_78' title="bbox 2065 2780 2904 2851">
    <p class='ocr_par' dir='ltr' id='par_1_78' title="bbox 2065 2780 2904 2851">
     <span class='ocr_line' id='line_1_78' title="bbox 2065 2780 2904 2851; baseline 0.002 -17"><span class='ocrx_word' id='word_1_552' title='bbox 2065 2780 2349 2849; x_wconf 78' lang='lat' dir='ltr'><strong>octoginta</strong></span> <span class='ocrx_word' id='word_1_553' title='bbox 2384 2781 2547 2837; x_wconf 88' lang='lat' dir='ltr'><strong>annis</strong></span> <span class='ocrx_word' id='word_1_554' title='bbox 2581 2782 2706 2851; x_wconf 88' lang='lat' dir='ltr'><strong>quis</strong></span> <span class='ocrx_word' id='word_1_555' title='bbox 2734 2782 2904 2836; x_wconf 83' lang='lat' dir='ltr'><strong>vivet.</strong></span> 
     </span>
    </p>
   </div>
   <div class='ocr_carea' id='block_1_79' title="bbox 2139 2869 3644 2940">
    <p class='ocr_par' dir='ltr' id='par_1_79' title="bbox 2139 2869 3644 2940">
     <span class='ocr_line' id='line_1_79' title="bbox 2139 2869 3644 2940; baseline 0.006 -17"><span class='ocrx_word' id='word_1_556' title='bbox 2139 2869 2208 2924; x_wconf 82' lang='lat' dir='ltr'><strong>Et</strong></span> <span class='ocrx_word' id='word_1_557' title='bbox 2240 2871 2379 2940; x_wconf 81' lang='lat' dir='ltr'><strong>quod</strong></span> <span class='ocrx_word' id='word_1_558' title='bbox 2443 2873 2672 2940; x_wconf 82' lang='lat' dir='ltr'><strong>amplius</strong></span> <span class='ocrx_word' id='word_1_559' title='bbox 2721 2889 2905 2926; x_wconf 82' lang='lat' dir='ltr'><strong>eorum</strong></span> <span class='ocrx_word' id='word_1_560' title='bbox 2972 2873 3125 2926; x_wconf 85' lang='lat' dir='ltr'><strong>labor</strong></span> <span class='ocrx_word' id='word_1_561' title='bbox 3175 2885 3222 2928; x_wconf 85' lang='lat' dir='ltr'><strong>et</strong></span> <span class='ocrx_word' id='word_1_562' title='bbox 3262 2875 3436 2931; x_wconf 80' lang='lat' dir='ltr'><strong>dolor.</strong></span> <span class='ocrx_word' id='word_1_563' title='bbox 3487 2875 3644 2932; x_wconf 79' lang='lat' dir='ltr'><strong>Ultra</strong></span> 
     </span>
    </p>
   </div>
   <div class='ocr_carea' id='block_1_80' title="bbox 2067 2965 3643 3038">
    <p class='ocr_par' dir='ltr' id='par_1_80' title="bbox 2067 2965 3643 3038">
     <span class='ocr_line' id='line_1_80' title="bbox 2067 2965 3643 3038; baseline 0.006 -21"><span class='ocrx_word' id='word_1_564' title='bbox 2067 2965 2169 3019; x_wconf 85' lang='lat' dir='ltr'><strong>hos</strong></span> <span class='ocrx_word' id='word_1_565' title='bbox 2197 2979 2377 3020; x_wconf 88' lang='lat' dir='ltr'><strong>annos</strong></span> <span class='ocrx_word' id='word_1_566' title='bbox 2426 2965 2472 3020; x_wconf 89' lang='lat' dir='ltr'><strong>si</strong></span> <span class='ocrx_word' id='word_1_567' title='bbox 2521 2967 2650 3035; x_wconf 89' lang='lat' dir='ltr'><strong>quis</strong></span> <span class='ocrx_word' id='word_1_568' title='bbox 2686 2966 2906 3030; x_wconf 78' lang='lat' dir='ltr'><strong>vixerit,</strong></span> <span class='ocrx_word' id='word_1_569' title='bbox 2944 2966 3100 3020; x_wconf 71' lang='lat' dir='ltr'><strong>lator</strong></span> <span class='ocrx_word' id='word_1_570' title='bbox 3130 2967 3181 3021; x_wconf 90' lang='lat' dir='ltr'><strong>ei</strong></span> <span class='ocrx_word' id='word_1_571' title='bbox 3219 2968 3323 3022; x_wconf 91' lang='lat' dir='ltr'><strong>erit</strong></span> <span class='ocrx_word' id='word_1_572' title='bbox 3368 2978 3423 3024; x_wconf 91' lang='lat' dir='ltr'><strong>et</strong></span> <span class='ocrx_word' id='word_1_573' title='bbox 3462 2971 3643 3038; x_wconf 88' lang='lat' dir='ltr'><strong>dolor,</strong></span> 
     </span>
    </p>
   </div>
   <div class='ocr_carea' id='block_1_81' title="bbox 2065 3055 3644 3117">
    <p class='ocr_par' dir='ltr' id='par_1_81' title="bbox 2065 3055 3644 3117">
     <span class='ocr_line' id='line_1_81' title="bbox 2065 3055 3644 3117; baseline 0.004 -7"><span class='ocrx_word' id='word_1_574' title='bbox 2065 3056 2134 3110; x_wconf 90' lang='lat' dir='ltr'><strong>ob</strong></span> <span class='ocrx_word' id='word_1_575' title='bbox 2164 3071 2439 3110; x_wconf 87' lang='lat' dir='ltr'><strong>summam</strong></span> <span class='ocrx_word' id='word_1_576' title='bbox 2496 3055 2757 3110; x_wconf 89' lang='lat' dir='ltr'><strong>nimirum</strong></span> <span class='ocrx_word' id='word_1_577' title='bbox 2792 3056 2972 3111; x_wconf 77' lang='lat' dir='ltr'><strong>:rtatis</strong></span> <span class='ocrx_word' id='word_1_578' title='bbox 3012 3057 3411 3115; x_wconf 73' lang='lat' dir='ltr'><strong>infirmitatem.</strong></span> <span class='ocrx_word' id='word_1_579' title='bbox 3467 3059 3644 3117; x_wconf 86' lang='lat' dir='ltr'><strong>Labo-</strong></span> 
     </span>
    </p>
   </div>
   <div class='ocr_carea' id='block_1_82' title="bbox 2066 3146 3638 3221">
    <p class='ocr_par' dir='ltr' id='par_1_82' title="bbox 2066 3146 3638 3221">
     <span class='ocr_line' id='line_1_82' title="bbox 2066 3146 3638 3221; baseline 0.005 -21"><span class='ocrx_word' id='word_1_580' title='bbox 2066 3161 2179 3201; x_wconf 86' lang='lat' dir='ltr'><strong>rem</strong></span> <span class='ocrx_word' id='word_1_581' title='bbox 2210 3155 2391 3202; x_wconf 87' lang='lat' dir='ltr'><strong>autem</strong></span> <span class='ocrx_word' id='word_1_582' title='bbox 2423 3146 2510 3201; x_wconf 89' lang='lat' dir='ltr'><strong>hic</strong></span> <span class='ocrx_word' id='word_1_583' title='bbox 2544 3149 3317 3221; x_wconf 85' lang='lat' dir='ltr'><strong>posuitpromiscria.Aliqui</strong></span> <span class='ocrx_word' id='word_1_584' title='bbox 3350 3169 3412 3208; x_wconf 89' lang='lat' dir='ltr'><strong>ea</strong></span> <span class='ocrx_word' id='word_1_585' title='bbox 3441 3154 3638 3208; x_wconf 83' lang='lat' dir='ltr'><strong>verba:</strong></span> 
     </span>
    </p>
   </div>
   <div class='ocr_carea' id='block_1_83' title="bbox 2067 3237 3639 3315">
    <p class='ocr_par' dir='ltr' id='par_1_83' title="bbox 2067 3237 3639 3315">
     <span class='ocr_line' id='line_1_83' title="bbox 2067 3237 3639 3315; baseline 0.006 -23"><span class='ocrx_word' id='word_1_586' title='bbox 2067 3237 2137 3292; x_wconf 88' lang='lat' dir='ltr'><strong>Et</strong></span> <span class='ocrx_word' id='word_1_587' title='bbox 2169 3239 2310 3307; x_wconf 84' lang='lat' dir='ltr'><strong>quod</strong></span> <span class='ocrx_word' id='word_1_588' title='bbox 2342 3240 2571 3304; x_wconf 79' lang='lat' dir='ltr'><strong>amplius</strong></span> <span class='ocrx_word' id='word_1_589' title='bbox 2620 3257 2828 3306; x_wconf 87' lang='lat' dir='ltr'><strong>eorum,</strong></span> <span class='ocrx_word' id='word_1_590' title='bbox 2865 3241 2942 3295; x_wconf 85' lang='lat' dir='ltr'><strong>ita</strong></span> <span class='ocrx_word' id='word_1_591' title='bbox 2989 3243 3374 3299; x_wconf 83' lang='lat' dir='ltr'><strong>intellexerunt</strong></span> <span class='ocrx_word' id='word_1_592' title='bbox 3412 3249 3556 3315; x_wconf 90' lang='lat' dir='ltr'><strong>quod</strong></span> <span class='ocrx_word' id='word_1_593' title='bbox 3587 3249 3639 3301; x_wconf 87' lang='lat' dir='ltr'><strong>in</strong></span> 
     </span>
    </p>
   </div>
   <div class='ocr_carea' id='block_1_84' title="bbox 2067 3332 3641 3407">
    <p class='ocr_par' dir='ltr' id='par_1_84' title="bbox 2067 3332 3641 3407">
     <span class='ocr_line' id='line_1_84' title="bbox 2067 3332 3641 3407; baseline 0.006 -23"><span class='ocrx_word' id='word_1_594' title='bbox 2067 3332 2135 3386; x_wconf 92' lang='lat' dir='ltr'><strong>iis</strong></span> <span class='ocrx_word' id='word_1_595' title='bbox 2171 3333 2354 3399; x_wconf 88' lang='lat' dir='ltr'><strong>annis,</strong></span> <span class='ocrx_word' id='word_1_596' title='bbox 2413 3333 2507 3403; x_wconf 88' lang='lat' dir='ltr'><strong>qui</strong></span> <span class='ocrx_word' id='word_1_597' title='bbox 2567 3342 2699 3389; x_wconf 90' lang='lat' dir='ltr'><strong>sunt</strong></span> <span class='ocrx_word' id='word_1_598' title='bbox 2748 3336 2891 3388; x_wconf 86' lang='lat' dir='ltr'><strong>ultra</strong></span> <span class='ocrx_word' id='word_1_599' title='bbox 2945 3334 3120 3391; x_wconf 85' lang='lat' dir='ltr'><strong>dictos</strong></span> <span class='ocrx_word' id='word_1_600' title='bbox 3159 3343 3504 3407; x_wconf 75' lang='lat' dir='ltr'><strong>septuaginta</strong></span> <span class='ocrx_word' id='word_1_601' title='bbox 3557 3343 3641 3395; x_wconf 89' lang='lat' dir='ltr'><strong>vel</strong></span> 
     </span>
    </p>
   </div>
   <div class='ocr_carea' id='block_1_85' title="bbox 2063 3425 3641 3498">
    <p class='ocr_par' dir='ltr' id='par_1_85' title="bbox 2063 3425 3641 3498">
     <span class='ocr_line' id='line_1_85' title="bbox 2063 3425 3641 3498; baseline 0.007 -20"><span class='ocrx_word' id='word_1_602' title='bbox 2063 3425 2338 3494; x_wconf 81' lang='lat' dir='ltr'><strong>octoginta</strong></span> <span class='ocrx_word' id='word_1_603' title='bbox 2372 3441 2572 3492; x_wconf 89' lang='lat' dir='ltr'><strong>annos,</strong></span> <span class='ocrx_word' id='word_1_604' title='bbox 2613 3427 2828 3481; x_wconf 85' lang='lat' dir='ltr'><strong>modica</strong></span> <span class='ocrx_word' id='word_1_605' title='bbox 2861 3436 2944 3482; x_wconf 87' lang='lat' dir='ltr'><strong>est</strong></span> <span class='ocrx_word' id='word_1_606' title='bbox 2989 3429 3043 3482; x_wconf 91' lang='lat' dir='ltr'><strong>in</strong></span> <span class='ocrx_word' id='word_1_607' title='bbox 3079 3430 3159 3485; x_wconf 90' lang='lat' dir='ltr'><strong>eis</strong></span> <span class='ocrx_word' id='word_1_608' title='bbox 3190 3431 3504 3498; x_wconf 85' lang='lat' dir='ltr'><strong>delectatio,</strong></span> <span class='ocrx_word' id='word_1_609' title='bbox 3543 3437 3641 3489; x_wconf 84' lang='lat' dir='ltr'><strong>sed</strong></span> 
     </span>
    </p>
   </div>
   <div class='ocr_carea' id='block_1_86' title="bbox 2065 3516 3466 3591">
    <p class='ocr_par' dir='ltr' id='par_1_86' title="bbox 2065 3516 3466 3591">
     <span class='ocr_line' id='line_1_86' title="bbox 2065 3516 3466 3591; baseline 0.008 -23"><span class='ocrx_word' id='word_1_610' title='bbox 2065 3516 2242 3584; x_wconf 86' lang='lat' dir='ltr'><strong>major</strong></span> <span class='ocrx_word' id='word_1_611' title='bbox 2269 3527 2352 3572; x_wconf 90' lang='lat' dir='ltr'><strong>est</strong></span> <span class='ocrx_word' id='word_1_612' title='bbox 2380 3517 2626 3581; x_wconf 87' lang='lat' dir='ltr'><strong>alllictio,</strong></span> <span class='ocrx_word' id='word_1_613' title='bbox 2665 3529 2888 3589; x_wconf 89' lang='lat' dir='ltr'><strong>propter</strong></span> <span class='ocrx_word' id='word_1_614' title='bbox 2923 3520 3244 3591; x_wconf 83' lang='lat' dir='ltr'><strong>frequentes</strong></span> <span class='ocrx_word' id='word_1_615' title='bbox 3276 3538 3466 3579; x_wconf 92' lang='lat' dir='ltr'><strong>casus.</strong></span> 
     </span>
    </p>
   </div>
   <div class='ocr_carea' id='block_1_87' title="bbox 2135 3609 3642 3682">
    <p class='ocr_par' dir='ltr' id='par_1_87' title="bbox 2135 3609 3642 3682">
     <span class='ocr_line' id='line_1_87' title="bbox 2135 3609 3642 3682; baseline 0.009 -21"><span class='ocrx_word' id='word_1_616' title='bbox 2135 3609 2395 3674; x_wconf 83' lang='lat' dir='ltr'><strong>Quoniam</strong></span> <span class='ocrx_word' id='word_1_617' title='bbox 2428 3615 2726 3680; x_wconf 75' lang='lat' dir='ltr'><strong>supervenit</strong></span> <span class='ocrx_word' id='word_1_618' title='bbox 2750 3617 3095 3668; x_wconf 85' lang='lat' dir='ltr'><strong>mansuetudo</strong></span> <span class='ocrx_word' id='word_1_619' title='bbox 3124 3619 3178 3670; x_wconf 87' lang='lat' dir='ltr'><strong>in</strong></span> <span class='ocrx_word' id='word_1_620' title='bbox 3206 3634 3322 3682; x_wconf 85' lang='lat' dir='ltr'><strong>nos,</strong></span> <span class='ocrx_word' id='word_1_621' title='bbox 3353 3628 3404 3672; x_wconf 83' lang='lat' dir='ltr'><strong>et</strong></span> <span class='ocrx_word' id='word_1_622' title='bbox 3431 3620 3642 3675; x_wconf 81' lang='lat' dir='ltr'><strong>erudie-</strong></span> 
     </span>
    </p>
   </div>
   <div class='ocr_carea' id='block_1_88' title="bbox 2065 3702 3639 3782">
    <p class='ocr_par' dir='ltr' id='par_1_88' title="bbox 2065 3702 3639 3782">
     <span class='ocr_line' id='line_1_88' title="bbox 2065 3702 3639 3782; baseline 0.01 -29"><span class='ocrx_word' id='word_1_623' title='bbox 2065 3719 2202 3756; x_wconf 84' lang='lat' dir='ltr'><strong>mur.</strong></span> <span class='ocrx_word' id='word_1_624' title='bbox 2240 3702 2345 3758; x_wconf 82' lang='lat' dir='ltr'><strong>Per</strong></span> <span class='ocrx_word' id='word_1_625' title='bbox 2385 3707 2876 3760; x_wconf 85' lang='lat' dir='ltr'><strong>mansuetudinem</strong></span> <span class='ocrx_word' id='word_1_626' title='bbox 2932 3709 3202 3764; x_wconf 75' lang='lat' dir='ltr'><strong>modicam</strong></span> <span class='ocrx_word' id='word_1_627' title='bbox 3248 3710 3342 3765; x_wconf 86' lang='lat' dir='ltr'><strong>Dei</strong></span> <span class='ocrx_word' id='word_1_628' title='bbox 3394 3715 3639 3782; x_wconf 87' lang='lat' dir='ltr'><strong>castiga-</strong></span> 
     </span>
    </p>
   </div>
   <div class='ocr_carea' id='block_1_89' title="bbox 2065 3795 3639 3865">
    <p class='ocr_par' dir='ltr' id='par_1_89' title="bbox 2065 3795 3639 3865">
     <span class='ocr_line' id='line_1_89' title="bbox 2065 3795 3639 3865; baseline 0.009 -19"><span class='ocrx_word' id='word_1_629' title='bbox 2065 3795 2270 3847; x_wconf 84' lang='lat' dir='ltr'><strong>tionem</strong></span> <span class='ocrx_word' id='word_1_630' title='bbox 2329 3795 2606 3865; x_wconf 87' lang='lat' dir='ltr'><strong>iutelligit.</strong></span> <span class='ocrx_word' id='word_1_631' title='bbox 2673 3799 2749 3851; x_wconf 90' lang='lat' dir='ltr'><strong>lta</strong></span> <span class='ocrx_word' id='word_1_632' title='bbox 2803 3798 2947 3852; x_wconf 68' lang='lat' dir='ltr'><strong>etaim</strong></span> <span class='ocrx_word' id='word_1_633' title='bbox 3008 3801 3210 3855; x_wconf 87' lang='lat' dir='ltr'><strong>mitiori</strong></span> <span class='ocrx_word' id='word_1_634' title='bbox 3247 3803 3468 3858; x_wconf 86' lang='lat' dir='ltr'><strong>nomine</strong></span> <span class='ocrx_word' id='word_1_635' title='bbox 3519 3820 3639 3860; x_wconf 87' lang='lat' dir='ltr'><strong>eam</strong></span> 
     </span>
    </p>
   </div>
   <div class='ocr_carea' id='block_1_90' title="bbox 2061 3873 3639 3964">
    <p class='ocr_par' dir='ltr' id='par_1_90' title="bbox 2061 3873 3639 3964">
     <span class='ocr_line' id='line_1_90' title="bbox 2061 3873 3639 3964; baseline 0.009 -26"><span class='ocrx_word' id='word_1_636' title='bbox 2061 3888 2395 3956; x_wconf 76' lang='lat' dir='ltr'><strong>appellavit:</strong></span> <span class='ocrx_word' id='word_1_637' title='bbox 2427 3892 2552 3959; x_wconf 85' lang='lat' dir='ltr'><strong>quia</strong></span> <span class='ocrx_word' id='word_1_638' title='bbox 2597 3891 2643 3945; x_wconf 90' lang='lat' dir='ltr'><strong>si</strong></span> <span class='ocrx_word' id='word_1_639' title='bbox 2695 3893 3042 3964; x_wconf 83' lang='lat' dir='ltr'><strong>eastigationi</strong></span> <span class='ocrx_word' id='word_1_640' title='bbox 3095 3902 3144 3946; x_wconf 90' lang='lat' dir='ltr'><strong>et</strong></span> <span class='ocrx_word' id='word_1_641' title='bbox 3177 3873 3507 3952; x_wconf 80' lang='lat' dir='ltr'><strong>correctioni</strong></span> <span class='ocrx_word' id='word_1_642' title='bbox 3561 3899 3639 3952; x_wconf 85' lang='lat' dir='ltr'><strong>illi</strong></span> 
     </span>
    </p>
   </div>
   <div class='ocr_carea' id='block_1_91' title="bbox 2062 3989 3638 4064">
    <p class='ocr_par' dir='ltr' id='par_1_91' title="bbox 2062 3989 3638 4064">
     <span class='ocr_line' id='line_1_91' title="bbox 2062 3989 3638 4064; baseline 0.008 -28"><span class='ocrx_word' id='word_1_643' title='bbox 2062 3994 2430 4052; x_wconf 80' lang='lat' dir='ltr'><strong>comparetur,</strong></span> <span class='ocrx_word' id='word_1_644' title='bbox 2470 4001 2575 4056; x_wconf 84' lang='lat' dir='ltr'><strong>qua</strong></span> <span class='ocrx_word' id='word_1_645' title='bbox 2629 3989 2699 4041; x_wconf 91' lang='lat' dir='ltr'><strong>ob</strong></span> <span class='ocrx_word' id='word_1_646' title='bbox 2731 4004 2945 4043; x_wconf 87' lang='lat' dir='ltr'><strong>summa</strong></span> <span class='ocrx_word' id='word_1_647' title='bbox 2994 3990 3192 4044; x_wconf 87' lang='lat' dir='ltr'><strong>delicta</strong></span> <span class='ocrx_word' id='word_1_648' title='bbox 3244 4003 3433 4046; x_wconf 81' lang='lat' dir='ltr'><strong>nostra</strong></span> <span class='ocrx_word' id='word_1_649' title='bbox 3488 3995 3638 4064; x_wconf 86' lang='lat' dir='ltr'><strong>digni</strong></span> 
     </span>
    </p>
   </div>
   <div class='ocr_carea' id='block_1_92' title="bbox 2062 4081 3637 4157">
    <p class='ocr_par' dir='ltr' id='par_1_92' title="bbox 2062 4081 3637 4157">
     <span class='ocr_line' id='line_1_92' title="bbox 2062 4081 3637 4157; baseline 0.01 -29"><span class='ocrx_word' id='word_1_650' title='bbox 2062 4093 2342 4140; x_wconf 74' lang='lat' dir='ltr'><strong>essemus.</strong></span> <span class='ocrx_word' id='word_1_651' title='bbox 2395 4094 2500 4132; x_wconf 88' lang='lat' dir='ltr'><strong>non</strong></span> <span class='ocrx_word' id='word_1_652' title='bbox 2535 4081 2846 4148; x_wconf 80' lang='lat' dir='ltr'><strong>castigatio,</strong></span> <span class='ocrx_word' id='word_1_653' title='bbox 2895 4083 2989 4137; x_wconf 88' lang='lat' dir='ltr'><strong>sed</strong></span> <span class='ocrx_word' id='word_1_654' title='bbox 3045 4085 3412 4140; x_wconf 76' lang='lat' dir='ltr'><strong>mansuetudo</strong></span> <span class='ocrx_word' id='word_1_655' title='bbox 3453 4089 3637 4157; x_wconf 85' lang='lat' dir='ltr'><strong>potius</strong></span> 
     </span>
    </p>
   </div>
   <div class='ocr_carea' id='block_1_93' title="bbox 2062 4167 2484 4238">
    <p class='ocr_par' dir='ltr' id='par_1_93' title="bbox 2062 4167 2484 4238">
     <span class='ocr_line' id='line_1_93' title="bbox 2062 4167 2484 4238; baseline 0.012 -18"><span class='ocrx_word' id='word_1_656' title='bbox 2062 4167 2231 4221; x_wconf 82' lang='lat' dir='ltr'><strong>videri</strong></span> <span class='ocrx_word' id='word_1_657' title='bbox 2265 4170 2484 4238; x_wconf 88' lang='lat' dir='ltr'><strong>poterit.</strong></span> 
     </span>
    </p>
   </div>
   <div class='ocr_carea' id='block_1_94' title="bbox 2131 4259 3634 4328">
    <p class='ocr_par' dir='ltr' id='par_1_94' title="bbox 2131 4259 3634 4328">
     <span class='ocr_line' id='line_1_94' title="bbox 2131 4259 3634 4328; baseline 0.009 -15"><span class='ocrx_word' id='word_1_658' title='bbox 2131 4259 2295 4315; x_wconf 68' lang='lat' dir='ltr'><strong>Vens.</strong></span> <span class='ocrx_word' id='word_1_659' title='bbox 2341 4261 2429 4318; x_wconf 78' lang='lat' dir='ltr'><strong>il.</strong></span> <span class='ocrx_word' id='word_1_660' title='bbox 2471 4263 2603 4328; x_wconf 77' lang='lat' dir='ltr'><strong>Quis</strong></span> <span class='ocrx_word' id='word_1_661' title='bbox 2637 4265 2779 4319; x_wconf 85' lang='lat' dir='ltr'><strong>novit</strong></span> <span class='ocrx_word' id='word_1_662' title='bbox 2824 4265 2981 4319; x_wconf 84' lang='lat' dir='ltr'><strong>robur</strong></span> <span class='ocrx_word' id='word_1_663' title='bbox 3013 4268 3108 4323; x_wconf 72' lang='lat' dir='ltr'><strong>ira’</strong></span> <span class='ocrx_word' id='word_1_664' title='bbox 3139 4276 3243 4323; x_wconf 73' lang='lat' dir='ltr'><strong>tua</strong></span> <span class='ocrx_word' id='word_1_665' title='bbox 3269 4269 3296 4323; x_wconf 80' lang='lat'><strong>.’</strong></span> <span class='ocrx_word' id='word_1_666' title='bbox 3333 4268 3390 4323; x_wconf 89' lang='lat' dir='ltr'><strong>Si</strong></span> <span class='ocrx_word' id='word_1_667' title='bbox 3423 4272 3634 4326; x_wconf 80' lang='lat' dir='ltr'><strong>modica</strong></span> 
     </span>
    </p>
   </div>
   <div class='ocr_carea' id='block_1_95' title="bbox 2061 4355 3635 4434">
    <p class='ocr_par' dir='ltr' id='par_1_95' title="bbox 2061 4355 3635 4434">
     <span class='ocr_line' id='line_1_95' title="bbox 2061 4355 3635 4434; baseline 0.01 -29"><span class='ocrx_word' id='word_1_668' title='bbox 2061 4355 2352 4423; x_wconf 84' lang='lat' dir='ltr'><strong>castigatio</strong></span> <span class='ocrx_word' id='word_1_669' title='bbox 2408 4363 2621 4409; x_wconf 83' lang='lat' dir='ltr'><strong>tantum</strong></span> <span class='ocrx_word' id='word_1_670' title='bbox 2683 4358 2842 4411; x_wconf 85' lang='lat' dir='ltr'><strong>nobis</strong></span> <span class='ocrx_word' id='word_1_671' title='bbox 2901 4376 3122 4414; x_wconf 73' lang='lat' dir='ltr'><strong>sensum</strong></span> <span class='ocrx_word' id='word_1_672' title='bbox 3184 4364 3459 4432; x_wconf 74' lang='lat' dir='ltr'><strong>prtestitit,</strong></span> <span class='ocrx_word' id='word_1_673' title='bbox 3508 4365 3635 4434; x_wconf 85' lang='lat' dir='ltr'><strong>quis</strong></span> 
     </span>
    </p>
   </div>
   <div class='ocr_carea' id='block_1_96' title="bbox 2063 4451 3633 4520">
    <p class='ocr_par' dir='ltr' id='par_1_96' title="bbox 2063 4451 3633 4520">
     <span class='ocr_line' id='line_1_96' title="bbox 2063 4451 3633 4520; baseline 0.008 -21"><span class='ocrx_word' id='word_1_674' title='bbox 2063 4462 2227 4502; x_wconf 90' lang='lat' dir='ltr'><strong>nosse</strong></span> <span class='ocrx_word' id='word_1_675' title='bbox 2275 4451 2478 4517; x_wconf 86' lang='lat' dir='ltr'><strong>poterit</strong></span> <span class='ocrx_word' id='word_1_676' title='bbox 2525 4459 2744 4520; x_wconf 74' lang='lat' dir='ltr'><strong>quanta:</strong></span> <span class='ocrx_word' id='word_1_677' title='bbox 2788 4461 2842 4504; x_wconf 92' lang='lat' dir='ltr'><strong>et</strong></span> <span class='ocrx_word' id='word_1_678' title='bbox 2899 4452 3092 4519; x_wconf 85' lang='lat' dir='ltr'><strong>quales</strong></span> <span class='ocrx_word' id='word_1_679' title='bbox 3126 4452 3240 4508; x_wconf 88' lang='lat' dir='ltr'><strong>sint</strong></span> <span class='ocrx_word' id='word_1_680' title='bbox 3290 4455 3383 4511; x_wconf 70' lang='lat' dir='ltr'><strong>ira:</strong></span> <span class='ocrx_word' id='word_1_681' title='bbox 3416 4467 3522 4511; x_wconf 75' lang='lat' dir='ltr'><strong>tua:</strong></span> <span class='ocrx_word' id='word_1_682' title='bbox 3551 4459 3633 4512; x_wconf 80' lang='lat' dir='ltr'><strong>vi-</strong></span> 
     </span>
    </p>
   </div>
   <div class='ocr_carea' id='block_1_97' title="bbox 2062 4541 3632 4617">
    <p class='ocr_par' dir='ltr' id='par_1_97' title="bbox 2062 4541 3632 4617">
     <span class='ocr_line' id='line_1_97' title="bbox 2062 4541 3632 4617; baseline 0.009 -26"><span class='ocrx_word' id='word_1_683' title='bbox 2062 4555 2172 4605; x_wconf 87' lang='lat' dir='ltr'><strong>res,</strong></span> <span class='ocrx_word' id='word_1_684' title='bbox 2199 4541 2402 4609; x_wconf 91' lang='lat' dir='ltr'><strong>quibus</strong></span> <span class='ocrx_word' id='word_1_685' title='bbox 2430 4542 2603 4596; x_wconf 87' lang='lat' dir='ltr'><strong>uteris</strong></span> <span class='ocrx_word' id='word_1_686' title='bbox 2626 4541 2890 4596; x_wconf 83' lang='lat' dir='ltr'><strong>adversus</strong></span> <span class='ocrx_word' id='word_1_687' title='bbox 2915 4559 3030 4609; x_wconf 85' lang='lat' dir='ltr'><strong>eos,</strong></span> <span class='ocrx_word' id='word_1_688' title='bbox 3058 4547 3149 4615; x_wconf 90' lang='lat' dir='ltr'><strong>qui</strong></span> <span class='ocrx_word' id='word_1_689' title='bbox 3176 4561 3299 4600; x_wconf 90' lang='lat' dir='ltr'><strong>cum</strong></span> <span class='ocrx_word' id='word_1_690' title='bbox 3334 4550 3500 4603; x_wconf 87' lang='lat' dir='ltr'><strong>multa</strong></span> <span class='ocrx_word' id='word_1_691' title='bbox 3517 4567 3632 4617; x_wconf 84' lang='lat' dir='ltr'><strong>per-</strong></span> 
     </span>
    </p>
   </div>
   <div class='ocr_carea' id='block_1_98' title="bbox 1983 4634 3635 4711">
    <p class='ocr_par' dir='ltr' id='par_1_98' title="bbox 1983 4634 3635 4711">
     <span class='ocr_line' id='line_1_98' title="bbox 1983 4634 3635 4711; baseline 0.012 -28"><span class='ocrx_word' id='word_1_692' title='bbox 1983 4637 2035 4694; x_wconf 83' lang='grc' dir='ltr'>Ῑ)</span> <span class='ocrx_word' id='word_1_693' title='bbox 2065 4649 2216 4688; x_wconf 85' lang='lat' dir='ltr'><strong>verse</strong></span> <span class='ocrx_word' id='word_1_694' title='bbox 2249 4645 2504 4704; x_wconf 86' lang='lat' dir='ltr'><strong>egerunt,</strong></span> <span class='ocrx_word' id='word_1_695' title='bbox 2533 4634 2779 4690; x_wconf 87' lang='lat' dir='ltr'><strong>converti</strong></span> <span class='ocrx_word' id='word_1_696' title='bbox 2811 4635 3045 4691; x_wconf 89' lang='lat' dir='ltr'><strong>nolunt?</strong></span> <span class='ocrx_word' id='word_1_697' title='bbox 3077 4636 3285 4711; x_wconf 74' lang='lat' dir='ltr'><strong>Magna:</strong></span> <span class='ocrx_word' id='word_1_698' title='bbox 3314 4657 3449 4698; x_wconf 86' lang='lat' dir='ltr'><strong>sane</strong></span> <span class='ocrx_word' id='word_1_699' title='bbox 3488 4645 3635 4702; x_wconf 86' lang='lat' dir='ltr'><strong>vires</strong></span> 
     </span>
    </p>
   </div>
   <div class='ocr_carea' id='block_1_99' title="bbox 2063 4725 3214 4796">
    <p class='ocr_par' dir='ltr' id='par_1_99' title="bbox 2063 4725 3214 4796">
     <span class='ocr_line' id='line_1_99' title="bbox 2063 4725 3214 4796; baseline 0.008 -17"><span class='ocrx_word' id='word_1_700' title='bbox 2063 4725 2170 4779; x_wconf 70' lang='lat' dir='ltr'><strong>illae</strong></span> <span class='ocrx_word' id='word_1_701' title='bbox 2205 4741 2328 4781; x_wconf 87' lang='lat' dir='ltr'><strong>esse</strong></span> <span class='ocrx_word' id='word_1_702' title='bbox 2362 4727 2584 4790; x_wconf 67' lang='lat' dir='ltr'><strong>debent,</strong></span> <span class='ocrx_word' id='word_1_703' title='bbox 2620 4739 2782 4796; x_wconf 89' lang='lat' dir='ltr'><strong>atque</strong></span> <span class='ocrx_word' id='word_1_704' title='bbox 2815 4729 3214 4787; x_wconf 84' lang='lat' dir='ltr'><strong>intolerabiles.</strong></span> 
     </span>
    </p>
   </div>
   <div class='ocr_carea' id='block_1_100' title="bbox 2131 4818 3636 4892">
    <p class='ocr_par' dir='ltr' id='par_1_100' title="bbox 2131 4818 3636 4892">
     <span class='ocr_line' id='line_1_100' title="bbox 2131 4818 3636 4892; baseline 0.011 -20"><span class='ocrx_word' id='word_1_705' title='bbox 2131 4818 2199 4872; x_wconf 84' lang='lat' dir='ltr'><strong>Et</strong></span> <span class='ocrx_word' id='word_1_706' title='bbox 2238 4837 2349 4888; x_wconf 77' lang='lat' dir='ltr'><strong>pra:</strong></span> <span class='ocrx_word' id='word_1_707' title='bbox 2396 4822 2586 4874; x_wconf 81' lang='lat' dir='ltr'><strong>timore</strong></span> <span class='ocrx_word' id='word_1_708' title='bbox 2615 4833 2703 4874; x_wconf 90' lang='lat' dir='ltr'><strong>tuo</strong></span> <span class='ocrx_word' id='word_1_709' title='bbox 2746 4822 3159 4892; x_wconf 82' lang='lat' dir='ltr'><strong>indignationem</strong></span> <span class='ocrx_word' id='word_1_710' title='bbox 3203 4838 3348 4881; x_wconf 85' lang='lat' dir='ltr'><strong>tuam</strong></span> <span class='ocrx_word' id='word_1_711' title='bbox 3380 4831 3636 4888; x_wconf 76' lang='lat' dir='ltr'><strong>dinume—</strong></span> 
     </span>
    </p>
   </div>
   <div class='ocr_carea' id='block_1_101' title="bbox 2060 4911 3635 4982">
    <p class='ocr_par' dir='ltr' id='par_1_101' title="bbox 2060 4911 3635 4982">
     <span class='ocr_line' id='line_1_101' title="bbox 2060 4911 3635 4982; baseline 0.013 -20"><span class='ocrx_word' id='word_1_712' title='bbox 2060 4913 2227 4964; x_wconf 82' lang='lat' dir='ltr'><strong>rare?</strong></span> <span class='ocrx_word' id='word_1_713' title='bbox 2269 4911 2332 4965; x_wconf 86' lang='lat' dir='ltr'><strong>Et</strong></span> <span class='ocrx_word' id='word_1_714' title='bbox 2363 4914 2490 4981; x_wconf 90' lang='lat' dir='ltr'><strong>quis</strong></span> <span class='ocrx_word' id='word_1_715' title='bbox 2513 4929 2708 4968; x_wconf 84' lang='lat' dir='ltr'><strong>rursus</strong></span> <span class='ocrx_word' id='word_1_716' title='bbox 2741 4914 2880 4969; x_wconf 87' lang='lat' dir='ltr'><strong>iram</strong></span> <span class='ocrx_word' id='word_1_717' title='bbox 2915 4927 3062 4970; x_wconf 88' lang='lat' dir='ltr'><strong>tuam</strong></span> <span class='ocrx_word' id='word_1_718' title='bbox 3100 4919 3249 4974; x_wconf 91' lang='lat' dir='ltr'><strong>novit</strong></span> <span class='ocrx_word' id='word_1_719' title='bbox 3286 4923 3507 4978; x_wconf 81' lang='lat' dir='ltr'><strong>metiri?</strong></span> <span class='ocrx_word' id='word_1_720' title='bbox 3533 4927 3635 4982; x_wconf 85' lang='lat' dir='ltr'><strong>ltoc</strong></span> 
     </span>
    </p>
   </div>
   <div class='ocr_carea' id='block_1_102' title="bbox 2057 5006 3629 5084">
    <p class='ocr_par' dir='ltr' id='par_1_102' title="bbox 2057 5006 3629 5084">
     <span class='ocr_line' id='line_1_102' title="bbox 2057 5006 3629 5084; baseline 0.01 -29"><span class='ocrx_word' id='word_1_721' title='bbox 2057 5015 2160 5064; x_wconf 85' lang='lat' dir='ltr'><strong>est.</strong></span> <span class='ocrx_word' id='word_1_722' title='bbox 2195 5018 2555 5074; x_wconf 82' lang='lat' dir='ltr'><strong>cognoscere,</strong></span> <span class='ocrx_word' id='word_1_723' title='bbox 2606 5019 2812 5075; x_wconf 88' lang='lat' dir='ltr'><strong>quanta</strong></span> <span class='ocrx_word' id='word_1_724' title='bbox 2853 5007 2942 5060; x_wconf 91' lang='lat' dir='ltr'><strong>sit.</strong></span> <span class='ocrx_word' id='word_1_725' title='bbox 2992 5006 3129 5063; x_wconf 78' lang='lat' dir='ltr'><strong>Vere</strong></span> <span class='ocrx_word' id='word_1_726' title='bbox 3163 5012 3348 5066; x_wconf 90' lang='lat' dir='ltr'><strong>nullus</strong></span> <span class='ocrx_word' id='word_1_727' title='bbox 3380 5016 3629 5084; x_wconf 85' lang='lat' dir='ltr'><strong>poterit;</strong></span> 
     </span>
    </p>
   </div>
   <div class='ocr_carea' id='block_1_103' title="bbox 2060 5096 3401 5166">
    <p class='ocr_par' dir='ltr' id='par_1_103' title="bbox 2060 5096 3401 5166">
     <span class='ocr_line' id='line_1_103' title="bbox 2060 5096 3401 5166; baseline 0.01 -18"><span class='ocrx_word' id='word_1_728' title='bbox 2060 5096 2322 5166; x_wconf 82' lang='lat' dir='ltr'><strong>quoniam</strong></span> <span class='ocrx_word' id='word_1_729' title='bbox 2356 5105 2414 5152; x_wconf 91' lang='lat' dir='ltr'><strong>tu</strong></span> <span class='ocrx_word' id='word_1_730' title='bbox 2446 5097 2600 5154; x_wconf 75' lang='lat' dir='ltr'><strong>valde</strong></span> <span class='ocrx_word' id='word_1_731' title='bbox 2629 5098 2890 5156; x_wconf 87' lang='lat' dir='ltr'><strong>terribilis</strong></span> <span class='ocrx_word' id='word_1_732' title='bbox 2919 5115 2984 5155; x_wconf 89' lang='lat' dir='ltr'><strong>ac</strong></span> <span class='ocrx_word' id='word_1_733' title='bbox 3012 5102 3290 5158; x_wconf 85' lang='lat' dir='ltr'><strong>timendus</strong></span> <span class='ocrx_word' id='word_1_734' title='bbox 3318 5121 3401 5162; x_wconf 85' lang='lat' dir='ltr'><strong>es.</strong></span> 
     </span>
    </p>
   </div>
   <div class='ocr_carea' id='block_1_104' title="bbox 2131 5273 3627 5351">
    <p class='ocr_par' dir='ltr' id='par_1_104' title="bbox 2131 5273 3627 5351">
     <span class='ocr_line' id='line_1_104' title="bbox 2131 5273 3627 5351; baseline 0.007 -23"><span class='ocrx_word' id='word_1_735' title='bbox 2131 5273 2296 5330; x_wconf 74' lang='lat' dir='ltr'><strong>Vens.</strong></span> <span class='ocrx_word' id='word_1_736' title='bbox 2339 5274 2426 5329; x_wconf 75' lang='lat' dir='ltr'><strong>l2.</strong></span> <span class='ocrx_word' id='word_1_737' title='bbox 2472 5276 2754 5332; x_wconf 75' lang='lat' dir='ltr'><strong>Dexteram</strong></span> <span class='ocrx_word' id='word_1_738' title='bbox 2791 5289 2934 5333; x_wconf 84' lang='lat' dir='ltr'><strong>tuam</strong></span> <span class='ocrx_word' id='word_1_739' title='bbox 2980 5280 3057 5334; x_wconf 78' lang='lat' dir='ltr'><strong>sic</strong></span> <span class='ocrx_word' id='word_1_740' title='bbox 3109 5290 3289 5336; x_wconf 81' lang='lat' dir='ltr'><strong>notam</strong></span> <span class='ocrx_word' id='word_1_741' title='bbox 3335 5283 3422 5351; x_wconf 76' lang='lat' dir='ltr'><strong>[ac</strong></span> <span class='ocrx_word' id='word_1_742' title='bbox 3475 5287 3627 5340; x_wconf 79' lang='lat' dir='ltr'><strong>mihi.</strong></span> 
     </span>
    </p>
   </div>
   <div class='ocr_carea' id='block_1_105' title="bbox 2060 5365 3630 5440">
    <p class='ocr_par' dir='ltr' id='par_1_105' title="bbox 2060 5365 3630 5440">
     <span class='ocr_line' id='line_1_105' title="bbox 2060 5365 3630 5440; baseline 0.009 -21"><span class='ocrx_word' id='word_1_743' title='bbox 2060 5365 2165 5430; x_wconf 88' lang='lat' dir='ltr'><strong>Tu,</strong></span> <span class='ocrx_word' id='word_1_744' title='bbox 2197 5369 2396 5438; x_wconf 68' lang='lat' dir='ltr'><strong>inquit,</strong></span> <span class='ocrx_word' id='word_1_745' title='bbox 2431 5370 2511 5423; x_wconf 88' lang='lat' dir='ltr'><strong>sie</strong></span> <span class='ocrx_word' id='word_1_746' title='bbox 2542 5372 2789 5440; x_wconf 81' lang='lat' dir='ltr'><strong>dirigens</strong></span> <span class='ocrx_word' id='word_1_747' title='bbox 2823 5386 2931 5436; x_wconf 89' lang='lat' dir='ltr'><strong>me,</strong></span> <span class='ocrx_word' id='word_1_748' title='bbox 2986 5372 3041 5426; x_wconf 90' lang='lat' dir='ltr'><strong>in</strong></span> <span class='ocrx_word' id='word_1_749' title='bbox 3075 5377 3502 5433; x_wconf 86' lang='lat' dir='ltr'><strong>mansuetudine</strong></span> <span class='ocrx_word' id='word_1_750' title='bbox 3543 5382 3630 5433; x_wconf 83' lang='lat' dir='ltr'><strong>ui-</strong></span> 
     </span>
    </p>
   </div>
   <div class='ocr_carea' id='block_1_106' title="bbox 2060 5460 3629 5533">
    <p class='ocr_par' dir='ltr' id='par_1_106' title="bbox 2060 5460 3629 5533">
     <span class='ocr_line' id='line_1_106' title="bbox 2060 5460 3629 5533; baseline 0.008 -21"><span class='ocrx_word' id='word_1_751' title='bbox 2060 5460 2258 5514; x_wconf 89' lang='lat' dir='ltr'><strong>mirum</strong></span> <span class='ocrx_word' id='word_1_752' title='bbox 2307 5471 2472 5531; x_wconf 88' lang='lat' dir='ltr'><strong>atque</strong></span> <span class='ocrx_word' id='word_1_753' title='bbox 2527 5463 2579 5516; x_wconf 93' lang='lat' dir='ltr'><strong>in</strong></span> <span class='ocrx_word' id='word_1_754' title='bbox 2633 5462 2849 5518; x_wconf 85' lang='lat' dir='ltr'><strong>modica</strong></span> <span class='ocrx_word' id='word_1_755' title='bbox 2894 5465 3262 5533; x_wconf 86' lang='lat' dir='ltr'><strong>correctione,</strong></span> <span class='ocrx_word' id='word_1_756' title='bbox 3314 5477 3497 5523; x_wconf 85' lang='lat' dir='ltr'><strong>notam</strong></span> <span class='ocrx_word' id='word_1_757' title='bbox 3546 5469 3629 5525; x_wconf 83' lang='lat' dir='ltr'><strong>fac</strong></span> 
     </span>
    </p>
   </div>
   <div class='ocr_carea' id='block_1_107' title="bbox 2057 5551 3632 5627">
    <p class='ocr_par' dir='ltr' id='par_1_107' title="bbox 2057 5551 3632 5627">
     <span class='ocr_line' id='line_1_107' title="bbox 2057 5551 3632 5627; baseline 0.008 -21"><span class='ocrx_word' id='word_1_758' title='bbox 2057 5551 2190 5606; x_wconf 87' lang='lat' dir='ltr'><strong>mibi</strong></span> <span class='ocrx_word' id='word_1_759' title='bbox 2241 5552 2519 5612; x_wconf 80' lang='lat' dir='ltr'><strong>dexteram</strong></span> <span class='ocrx_word' id='word_1_760' title='bbox 2563 5563 2711 5608; x_wconf 86' lang='lat' dir='ltr'><strong>tuam</strong></span> <span class='ocrx_word' id='word_1_761' title='bbox 2769 5556 2822 5608; x_wconf 92' lang='lat' dir='ltr'><strong>in</strong></span> <span class='ocrx_word' id='word_1_762' title='bbox 2870 5556 2960 5613; x_wconf 86' lang='lat' dir='ltr'><strong>die</strong></span> <span class='ocrx_word' id='word_1_763' title='bbox 2987 5557 3204 5627; x_wconf 85' lang='lat' dir='ltr'><strong>judicii.</strong></span> <span class='ocrx_word' id='word_1_764' title='bbox 3253 5558 3447 5615; x_wconf 77' lang='lat' dir='ltr'><strong>Notam</strong></span> <span class='ocrx_word' id='word_1_765' title='bbox 3499 5577 3632 5619; x_wconf 83' lang='lat' dir='ltr'><strong>vero</strong></span> 
     </span>
    </p>
   </div>
   <div class='ocr_carea' id='block_1_108' title="bbox 2057 5646 3627 5725">
    <p class='ocr_par' dir='ltr' id='par_1_108' title="bbox 2057 5646 3627 5725">
     <span class='ocr_line' id='line_1_108' title="bbox 2057 5646 3627 5725; baseline 0.008 -25"><span class='ocrx_word' id='word_1_766' title='bbox 2057 5662 2178 5700; x_wconf 86' lang='lat' dir='ltr'><strong>eam</strong></span> <span class='ocrx_word' id='word_1_767' title='bbox 2207 5646 2336 5700; x_wconf 81' lang='lat' dir='ltr'><strong>mihi</strong></span> <span class='ocrx_word' id='word_1_768' title='bbox 2373 5647 2561 5710; x_wconf 81' lang='lat' dir='ltr'><strong>iacies.</strong></span> <span class='ocrx_word' id='word_1_769' title='bbox 2594 5650 2638 5702; x_wconf 77' lang='lat' dir='ltr'><strong>si</strong></span> <span class='ocrx_word' id='word_1_770' title='bbox 2672 5651 2726 5703; x_wconf 90' lang='lat' dir='ltr'><strong>in</strong></span> <span class='ocrx_word' id='word_1_771' title='bbox 2756 5651 2983 5706; x_wconf 79' lang='lat' dir='ltr'><strong>dextera</strong></span> <span class='ocrx_word' id='word_1_772' title='bbox 3009 5652 3193 5706; x_wconf 86' lang='lat' dir='ltr'><strong>ovium</strong></span> <span class='ocrx_word' id='word_1_773' title='bbox 3223 5663 3439 5709; x_wconf 83' lang='lat' dir='ltr'><strong>tuarum</strong></span> <span class='ocrx_word' id='word_1_774' title='bbox 3473 5665 3627 5725; x_wconf 80' lang='lat' dir='ltr'><strong>parte</strong></span> 
     </span>
    </p>
   </div>
   <div class='ocr_carea' id='block_1_109' title="bbox 2057 5740 2456 5794">
    <p class='ocr_par' dir='ltr' id='par_1_109' title="bbox 2057 5740 2456 5794">
     <span class='ocr_line' id='line_1_109' title="bbox 2057 5740 2456 5794; baseline 0.003 -2"><span class='ocrx_word' id='word_1_775' title='bbox 2057 5755 2142 5792; x_wconf 87' lang='lat' dir='ltr'><strong>tne</strong></span> <span class='ocrx_word' id='word_1_776' title='bbox 2176 5740 2456 5794; x_wconf 81' lang='lat' dir='ltr'><strong>statueris.</strong></span> 
     </span>
    </p>
   </div>
   <div class='ocr_carea' id='block_1_110' title="bbox 2126 5828 3626 5904">
    <p class='ocr_par' dir='ltr' id='par_1_110' title="bbox 2126 5828 3626 5904">
     <span class='ocr_line' id='line_1_110' title="bbox 2126 5828 3626 5904; baseline 0.011 -22"><span class='ocrx_word' id='word_1_777' title='bbox 2126 5828 2196 5885; x_wconf 86' lang='lat' dir='ltr'><strong>Et</strong></span> <span class='ocrx_word' id='word_1_778' title='bbox 2239 5832 2434 5886; x_wconf 80' lang='lat' dir='ltr'><strong>uinctos</strong></span> <span class='ocrx_word' id='word_1_779' title='bbox 2464 5834 2618 5886; x_wconf 82' lang='lat' dir='ltr'><strong>corde</strong></span> <span class='ocrx_word' id='word_1_780' title='bbox 2669 5835 2720 5887; x_wconf 90' lang='lat' dir='ltr'><strong>in</strong></span> <span class='ocrx_word' id='word_1_781' title='bbox 2771 5835 3053 5904; x_wconf 79' lang='lat' dir='ltr'><strong>sapientia.</strong></span> <span class='ocrx_word' id='word_1_782' title='bbox 3104 5835 3169 5891; x_wconf 73' lang='lat' dir='ltr'><strong>Et</strong></span> <span class='ocrx_word' id='word_1_783' title='bbox 3212 5854 3409 5894; x_wconf 87' lang='lat' dir='ltr'><strong>rursus</strong></span> <span class='ocrx_word' id='word_1_784' title='bbox 3443 5839 3626 5898; x_wconf 80' lang='lat' dir='ltr'><strong>indica</strong></span> 
     </span>
    </p>
   </div>
   <div class='ocr_carea' id='block_1_111' title="bbox 2057 5922 3622 6004">
    <p class='ocr_par' dir='ltr' id='par_1_111' title="bbox 2057 5922 3622 6004">
     <span class='ocr_line' id='line_1_111' title="bbox 2057 5922 3622 6004; baseline 0.006 -28"><span class='ocrx_word' id='word_1_785' title='bbox 2057 5922 2193 5987; x_wconf 82' lang='lat' dir='ltr'><strong>mihi</strong></span> <span class='ocrx_word' id='word_1_786' title='bbox 2219 5924 2401 5994; x_wconf 82' lang='lat' dir='ltr'><strong>justos</strong></span> <span class='ocrx_word' id='word_1_787' title='bbox 2429 5925 2703 5995; x_wconf 80' lang='lat' dir='ltr'><strong>homines,</strong></span> <span class='ocrx_word' id='word_1_788' title='bbox 2730 5927 2838 5984; x_wconf 75' lang='lat' dir='ltr'><strong>illis</strong></span> <span class='ocrx_word' id='word_1_789' title='bbox 2862 5927 3114 5985; x_wconf 85' lang='lat' dir='ltr'><strong>videlicet</strong></span> <span class='ocrx_word' id='word_1_790' title='bbox 3138 5945 3229 5988; x_wconf 87' lang='lat' dir='ltr'><strong>me</strong></span> <span class='ocrx_word' id='word_1_791' title='bbox 3255 5931 3622 6004; x_wconf 69' lang='lat' dir='ltr'><strong>coniungens,</strong></span> 
     </span>
    </p>
   </div>
  </div>
