4194 6302
343 181 451 246 93⁸1

1500 180 1709 243 COMM
1722 182 1813 242 tt'..\’
1822 183 1889 243 Τ.
1924 181 2002 241 ΙΝ
2040 180 2399 240 PSALMOS.

3494 171 3608 238 938

344 303 562 376 χειρῶν,
599 298 665 361 ἃς
703 296 1132 368 κατευθυνθῆναι
1163 298 1430 368 δεόμεθα,
1463 299 1536 363 ὡς
1586 300 1661 369 μὴ
1703 315 1914 370 παρεκ-

2032 313 2191 354 tersae
2248 296 2494 352 actiones
2560 308 2709 359 sunt,
2766 307 2887 363 qua:
2942 308 3040 363 per
3088 307 3285 348 manus
3342 292 3508 357 linnt,
3560 303 3609 347 οι

345 397 521 450 κϊίναι
553 394 651 464 τῆς
683 390 1003 461 εὐθύτητος,
1048 392 1168 462 ἦτοι
1195 390 1291 444 τοῦ
1348 391 1681 462 πρέποντος.
1715 392 1919 461 Ἔργον

344 489 399 542 δὲ
431 485 631 558 χειρῶν
675 483 986 547 ἰδιαζόντως
1038 483 1183 545 τινὲς
1214 482 1316 553 τὴν
1352 482 1727 553 ἐλεημοσύνην
1767 481 1926 551 ἐνόη-

347 600 468 644 σαν,
500 579 575 649 τῷ
603 576 934 648 κεχωρίσθαι
958 575 1310 646 τιμηθεῖστν,
1336 574 1525 646 ὥσπερ
1544 574 1926 646 πεφιλημένην

347 673 491 742 μάλα
535 669 673 739 Θεῷ.
706 669 990 738 Ἑλεήμων
1048 668 1106 721 δὲ
1144 669 1244 739 οὐχ
1287 670 1313 721 ὁ
1342 668 1519 731 διδοὺς
1564 667 1746 736 μόνον,
1794 665 1931 720 ἀλλὰ

347 768 440 818 καί
462 766 488 817 ὁ
513 764 853 832 συμπάσχων
876 779 889 793 ·
916 765 979 817 ὲκ
1003 760 1113 816 τῶν
1141 762 1217 831 μὴ
1258 764 1492 831 ἑχόντων
1535 759 1645 830 γὰρ
1667 762 1927 829 χρήματα

347 857 664 925 συμπάθεια
746 856 909 926 μόνον
986 856 1305 908 ἀπαιτεῑται
1391 851 1486 905 καὶ
1555 849 1923 920 παράκλησις.

349 948 531 1001 Ἄλλοι
574 947 630 1001 δὲ
672 949 809 1016 ἔργα
846 947 1047 1017 χειρῶν
1074 942 1228 999 εἷπον
1254 944 1324 998 τὰ
1353 944 1449 1013 τῆς
1506 942 1815 1012 πρακτικῆς
1849 941 1924 1004 ὡς

344 1042 578 1111 διάφορα
607 1060 618 1071 ·
649 1043 831 1112 χεῖρες
870 1040 981 1110 γὰρ
1010 1042 1041 1110 ἠ
1076 1040 1356 1108 πρακτικὴ
1388 1036 1652 1099 πολλάκις
1694 1036 1917 1088 νοεῖται.

349 1134 550 1200 Ἔργον
580 1132 636 1184 δὲ
668 1134 869 1203 χειρῶν
907 1132 970 1186 τὸ
996 1133 1093 1202 τῆς
1119 1130 1458 1200 θεωρητικῆς
1493 1128 1568 1191 ῶς
1620 1125 1916 1197 μονοειδές·

244 1217 250 1221 ⁴
346 1227 528 1294 χεῖρες
558 1225 666 1293 γὰρ
706 1224 909 1296 τρόπον
932 1226 1052 1279 τινὰ
1091 1226 1182 1277 καὶ
1206 1223 1235 1275 ὁ
1265 1221 1412 1287 νοῦς,
1460 1218 1534 1283 ῶς
1560 1216 1919 1290 χειραγωγῶν

344 1319 438 1369 καὶ
464 1317 681 1384 ἀνάγων
705 1318 803 1386 τὴν
841 1317 1043 1387 ψυχήν.

2022 404 2160 460 quas
2198 388 2355 461 dirigi
2404 403 2717 458 precamur,
2765 403 2834 442 ne
2870 386 3151 441 declinent
3189 400 3218 439 a
3255 386 3606 451 rectitudine,

2027 484 2132 538 hoc
2160 493 2265 548 est,
2305 498 2337 536 a
2393 483 2613 537 decoro.
2660 480 2763 536 Per
2805 496 2947 551 opus
2977 491 3159 535 autem
3208 496 3468 535 manuum
3499 480 3606 536 sin-

2028 576 2204 646 gulari
2249 589 2503 635 numero,
2550 574 2769 643 quidam
2846 573 3133 643 speciatim
3204 572 3503 644 signiﬁcari
3532 573 3607 626 tli-

2035 675 2236 722 xerunt
2281 666 2704 737 eleemosynam.
2764 666 2925 735 cujus
2987 665 3301 736 separatim,
3343 673 3399 720 et
3455 662 3614 734 quasi

2037 759 2278 829 quodam
2311 774 2436 815 cum
2466 759 2674 813 honore
2702 758 3016 813 meminisse
3039 757 3368 828 PrOpht-tam
3397 758 3614 817 dicunt.

2035 851 2202 908 veluti
2246 855 2583 923 praecipuum
2620 849 2897 921 quoddam
2949 866 3087 921 opus
3115 851 3207 912 sit.
3242 858 3295 903 et
3328 850 3435 905 Deo
3496 867 3615 903 ma-

2031 944 2178 1000 xime
2213 952 2459 1016 gratum.
2513 943 2628 997 Non
2686 952 2894 997 tantum
2950 951 3128 996 autem
3161 943 3249 997 ille
3281 944 3481 998 dicitur
3508 942 3616 997 mi-

2032 1037 2299 1100 sericors,
2330 1036 2423 1107 qui
2471 1036 2724 1105 largitur,
2772 1038 2869 1089 sed
2918 1036 3080 1088 etiam
3134 1036 3223 1104 qui
3261 1034 3615 1103 compalitttr.

2029 1127 2162 1183 Nam
2198 1128 2267 1182 ab
2301 1128 2372 1183 iis
2410 1127 2504 1198 qui
2539 1127 2718 1182 nullas
2775 1127 2981 1181 habent
3033 1126 3347 1192 facultates,
3380 1128 3494 1183 sola
3523 1144 3618 1196 pc-

2036 1221 2173 1276 titur
2224 1220 2539 1292 eompassio
2585 1229 2636 1274 et
2692 1219 3019 1274 consolatio.
3050 1218 3156 1273 Alii
3211 1234 3307 1289 per
3358 1234 3615 1273 manuum

2030 1313 2250 1384 quidetn
2285 1328 2474 1384 Opera,
2521 1314 2673 1367 varia
2723 1311 2935 1367 {activae
2966 1312 3187 1367 virtutis
3222 1327 3392 1385 Opera
3449 1314 3616 1368 intt-l.

344 1411 615 1466 texerunt.
678 1412 869 1467 Manus
933 1412 1080 1466 enim
1146 1424 1390 1481 persaepe
1456 1422 1555 1481 pro
1611 1402 1923 1478 huiusmodi
2002 1405 2208 1461 virtute
2276 1406 2652 1477 accipiuntur.
2713 1404 2818 1462 Per
2884 1419 3025 1475 opus
3090 1416 3270 1462 autem
3357 1422 3615 1461 manuum

343 1501 609 1573 singulari
647 1516 929 1571 sermone,
974 1504 1145 1572 ipsam
1192 1499 1731 1571 contemplationem,
1763 1495 1929 1553 veluti
1968 1497 2102 1567 quid
2131 1498 2186 1552 in
2217 1513 2318 1553 sua
2376 1499 2561 1568 specie
2611 1498 2788 1567 magis
2844 1496 3140 1552 uniforme.
3192 1496 3327 1553 Nam
3392 1509 3446 1554 et
3504 1514 3615 1552 Ina-

345 1608 450 1646 nns
490 1601 643 1649 certo
687 1594 923 1665 quodam
977 1596 1141 1650 modo
1190 1608 1291 1665 pro
1340 1593 1461 1665 ipso
1489 1594 1657 1649 etiam
1702 1588 1996 1660 capiuntur
2026 1587 2353 1647 intellectu:
2414 1606 2484 1645 eo
2515 1589 2662 1660 quod
2731 1604 2827 1661 per
2878 1590 3081 1661 ipsum,
3152 1588 3322 1645 veluti
3390 1590 3613 1660 quibus-

348 1687 477 1742 dam
513 1689 782 1753 manibus,
813 1689 994 1744 anima
1050 1697 1241 1743 nostra
1277 1687 1549 1757 dirigatur
1577 1686 1643 1740 ad
1673 1685 1929 1745 virtutes,
1970 1687 2025 1735 et
2054 1679 2289 1737 ducatur
2316 1684 2384 1738 ad
2405 1683 2594 1738 Deum.

638 1782 885 1852 Ψαλμὸς
911 1779 993 1847 τῷ
1018 1782 1197 1836 Δαϐξδ
1222 1782 1647 1851 ἀνεπίγραφος.

936 1876 1233 1930 ΨΑΑΜΟΣ
1271 1875 1342 1942 t3.

411 1968 529 2020 Καὶ
584 1969 710 2037 περὶ
747 1966 845 2039 μὲν
892 1967 1001 2021 τῶν
1055 1968 1450 2038 άνεπιγράφων
1485 1967 1702 2038 εἴρηται
1750 1967 1809 2019 ἓν
1848 1966 1923 2035 τῷ

343 2061 626 2132 προοιμίῳ
657 2061 756 2131 τῆς
786 2060 999 2132 βίϐλου.
1027 2060 1282 2115 Διδάσκει
1310 2060 1367 2114 δὲ
1393 2062 1422 2114 ὁ
1451 2059 1668 2132 ψαλμὺς
1708 2062 1809 2130 τῆς
1835 2062 1919 2123 εἰς

343 2155 483 2209 θεὸν
515 2153 731 2217 ἐλπίδος
756 2153 817 2206 τδ
841 2152 1077 2224 ἄμαχον.

430 2333 498 2387 '0
518 2331 810 2386 κατοικῶν
830 2331 898 2385 ἐν
912 2330 1164 2400 ,ϐοηθείᾳ
1185 2328 1291 2384 τοῦ
1305 2329 1317 2342 ’
1330 2330 1619 2399 Υψίοττου,
1635 2328 1703 2383 ἐν
1723 2328 1925 2398 σκέπῃ

344 2427 452 2481 τοῦ
484 2424 635 2480 Θεοῦ
682 2424 787 2479 τοῦ
817 2424 1076 2492 οὐρανοῦ
1108 2424 1568 2491 αὐλισθήσεται.
1625 2422 1682 2478 Ὀ
1709 2423 1927 2493 χρώμεο

345 2533 436 2579 νος
466 2517 546 2577 ὡς
592 2516 856 2586 οἰκήματι
898 2518 962 2586 τῇ
999 2515 1221 2587 βοηθείᾳ
1251 2520 1317 2587 τῇ
1349 2515 1459 2570 ἀπὸ
1492 2515 1587 2569 τοῦ
1642 2516 1926 2584 Ὑψίστου,

344 2610 652 2674 τουτέστιν,
675 2610 701 2661 ὁ
727 2610 802 2680 μὴ
825 2610 1029 2677 διάγων
1059 2608 1165 2674 ἔξω
1194 2609 1399 2677 ταύτης
1420 2609 1545 2661 ὅσον
1572 2610 1663 2660 ἐπὶ
1689 2608 1765 2678 τῷ
1792 2608 1929 2679 θαρ-

352 2704 469 2771 ρεῖν
501 2701 596 2753 ἐπὶ
642 2700 814 2773 ταύτῃ
855 2701 993 2772 μόνῃ
1014 2716 1029 2732 ⁸
1072 2696 1227 2763 οὗτος
1259 2702 1317 2752 ἐν
1356 2702 1425 2771 τῇ
1455 2700 1637 2773 σκέπῃ
1661 2698 1928 2769 διατηρη-

354 2792 584 2860 θήσεται
611 2791 705 2845 τοῦ
729 2792 886 2857 Θεοῦ,
906 2794 1027 2862 ἦτοι
1048 2790 1495 2861 σκεπασθήσεται
1522 2790 1626 2843 ὑπὸ
1647 2791 1741 2843 τοῦ
1768 2790 1925 2845 Θεοῦ.

352 2881 487 2946 Θεὸς
523 2883 579 2935 δὲ
607 2882 827 2950 λέγεται
871 2883 966 2935 τοῦ
1005 2880 1239 2953 οὐρανοῦ
1288 2881 1363 2943 ὡς
1427 2881 1707 2950 Δεσπότης
1731 2895 1743 2910 ⁸
1777 2881 1826 2932 εί
1872 2880 1929 2933 δὲ

353 2976 486 3039 Θεζς
514 2976 605 3029 τοῦ
629 2975 882 3044 οὐρανοῦ,
905 2974 1150 3044 δηλονότι
1182 2974 1274 3026 καὶ
1302 2972 1403 3042 τῆς
1425 2972 1550 3041 γῆς,
1582 2973 1678 3026 καὶ
1710 2972 1929 3025 πάντων

352 3069 561 3133 ἁπλῶς.
614 3068 836 3121 Νοεῑται
867 3068 924 3121 δὲ
971 3067 1196 3140 βοήθεια
1225 3067 1317 3120 τοῦ
1364 3066 1503 3120 Θεοῦ
1548 3068 1643 3119 καὶ
1681 3066 1708 3117 ὀ
1757 3064 1922 3135 νόμος

352 3162 463 3213 τῶν
494 3163 655 3214 θείων
691 3164 944 3226 ἐντολῶν,
996 3162 1055 3215 ὃν
1097 3160 1298 3215 δέδωκε
1333 3163 1448 3224 τοῖς
1491 3157 1799 3229 ἀνθρώποις
1848 3160 1928 3221 εἰς

353 3252 608 3324 β-ιίλθειαν
638 3257 778 3308 κατὰ
800 3254 907 3307 τῶν
929 3253 1222 3324 δαιμόνων.

425 3432 588 3500 Ἐριςῖ
607 3431 684 3497 τῷ
717 3434 911 3500 Καρίῳ
932 3450 943 3462 ·
965 3431 1370 3501 Ἀντιλήπτωρ
1379 3449 1501 3500 μου
1529 3428 1605 3495 εἴ,
1626 3430 1723 3485 καὶ
1750 3447 1929 3485 κατα·

351 3526 516 3593 φυγή
554 3537 693 3594 porr.
738 3525 886 3594 Ἐρεῖ
920 3525 998 3594 τῷ
1040 3524 1233 3593 Κυρίῳ
1298 3522 1442 3593 μετὰ
1481 3524 1813 3594 παρρησίας,
1847 3522 1930 3574 ὅτι

366 3613 740 3686 ’Δντιλήπτωρ
773 3631 875 3685 μου
904 3611 973 3681 εί,
998 3615 1096 3668 καὶ
1125 3614 1414 3685 καταφυγή
1442 3629 1547 3684 μου
1578 3612 1645 3665 σὺ
1673 3613 1854 3682 μόνος.

436 3802 500 3855 Ὀ
546 3804 693 3869 Θεὸς
741 3820 884 3872 μου,
927 3802 1023 3856 καὶ
1075 3802 1307 3855 ἐλπίσω
1362 3801 1455 3854 ἐπ’
1506 3801 1713 3855 αὐτόν.
1764 3801 1928 3855 Ἀλλὰ

350 3894 448 3946 καὶ
478 3895 707 3947 ἐνώπιον
734 3892 909 3946 ἄλλων
951 3895 1088 3962 ἐρεῖ,
1127 3893 1210 3944 ὅτι
1252 3890 1383 3954 Θεὸς
1416 3890 1519 3961 μού
1565 3893 1717 3943 ἐστιν
1751 3888 1926 3956 οὗτος,

350 3988 447 4039 καὶ
477 3987 648 4040 ὲλπιῶ
670 3989 759 4039 ἐπ’
779 3986 944 4039 αὐτόν
962 4003 975 4016 ·
999 3988 1249 4037 τουτέστι
1270 4026 1283 4050 ,
1318 3986 1414 4036 καὶ
1447 3986 1574 4054 παρ’
1602 3984 1783 4049 ἄλλοις
1798 3988 1933 4056 ὁμο-

352 4078 599 4149 λογήσει,
632 4081 715 4133 ὅτι
745 4080 875 4142 Θεὸς
904 4080 1069 4133 αὐτοῦ
1103 4081 1269 4131 ἐστιν.

427 4176 561 4229 Ὅτι
603 4173 788 4241 αὐτὸς
815 4173 1072 4240 ῥύσεταί
1109 4189 1184 4226 σε
1226 4172 1294 4225 ἐκ
1329 4172 1577 4242 παγίδος
1608 4172 1928 4241 θηίευτῶνν

349 4266 453 4319 καί
490 4267 610 4322 ἀπὸ
649 4268 838 4334 λόγου
890 4264 1294 4334 ταραχώδους.
1331 4266 1562 4333 Παγίδες
1594 4268 1704 4318 τῶν
1732 4266 1929 4334 αἰσθη-

347 4363 460 4417 τῶν
498 4362 711 4435 ἐχθρῶν
742 4361 852 4413 τῶν
896 4361 1243 4430 θηρευόντων
1298 4362 1367 4415 τὰ
1404 4361 1635 4430 σώματα
1679 4361 1789 4413 τῶν
1835 4363 1931 4414 άν-

2245 1776 2494 1834 Psalmus
2517 1778 2617 1847 ipsi
2658 1777 2829 1831 Darid
2851 1778 2968 1832 sine
3009 1777 3373 1846 inscriptione.

2584 1870 2905 1927 PSALMUS
2949 1872 3065 1926 XC.

2105 1968 2180 2023 De
2229 1965 2488 2033 Psalmis,
2536 1967 2630 2037 qui
2674 1965 3093 2037 inscriptionem
3156 1966 3360 2021 nullam
3393 1966 3613 2034 habent,

2030 2060 2240 2115 dictum
2270 2069 2355 2115 est
2404 2059 2459 2114 in
2514 2058 2789 2115 Prooemio
2845 2058 3054 2130 operis.
3118 2057 3385 2114 Doeemur
3429 2070 3610 2112 autem

2030 2152 2136 2207 hoc
2193 2150 2441 2218 Psalmo,
2510 2161 2729 2222 quanta:
2795 2163 2851 2207 et
2913 2166 3077 2221 quam
3157 2151 3612 2221 incomparabiles

2030 2245 2142 2300 sint
2174 2244 2322 2299 illius
2368 2243 2487 2314 spei
2545 2244 2710 2307 vires,
2757 2257 2877 2313 qua“:
2925 2244 2978 2296 in
3011 2243 3120 2298 Deo
3149 2252 3252 2298 est.

2098 2334 2273 2392 Vnus.
2303 2336 2357 2391 1.
2402 2334 2508 2402 Qui
2535 2333 2742 2388 habitat
2796 2336 2852 2388 in
2902 2334 3170 2403 adjutorio
3239 2334 3522 2398 Altissimi,
3554 2336 3609 2388 in

2028 2428 2351 2496 protectione
2385 2426 2484 2482 Dei
2520 2428 2639 2482 caeli
2684 2426 3117 2482 commorabitur.
3151 2427 3265 2494 ille,
3310 2428 3401 2496 qui
3426 2428 3612 2482 divina

2033 2520 2239 2574 auxilio
2273 2522 2347 2574 ita
2400 2521 2594 2584 utitur,
2632 2520 2800 2575 veluti
2840 2518 3179 2574 habitatione
3227 2519 3486 2589 quadam,
3514 2528 3611 2573 aut

2030 2614 2216 2678 domo,
2248 2614 2348 2667 hoe
2384 2628 2486 2677 ρει,
2540 2613 2631 2666 ille
2689 2612 2781 2681 qui
2834 2622 2988 2667 extra
3047 2612 3150 2667 hoc
3174 2612 3418 2666 divinum
3451 2616 3612 2667 auxi-

2031 2704 2163 2758 lium
2213 2720 2324 2757 non
2386 2714 2652 2767 moratur,
2682 2702 2775 2758 sed
2828 2703 2884 2756 in
2915 2716 2983 2757 eo
3035 2701 3211 2756 solum
3252 2703 3494 2767 contidit,
3553 2705 3608 2759 in

2033 2798 2284 2852 euswdia
2336 2806 2500 2866 atque
2550 2797 2603 2850 in
2641 2796 2985 2865 protectione
3014 2795 3109 2850 Dci
3143 2796 3471 2862 servabitur,
3497 2797 3603 2850 hoe

2033 2901 2137 2954 est,
2200 2899 2573 2961 protegetura
2634 2890 2767 2944 Deo.
2824 2887 2993 2945 Deum
3026 2898 3207 2944 autem
3266 2889 3390 2945 coeli
3448 2889 3608 2951 dixit,

2036 2993 2095 3037 ut
2127 2981 2440 3037 Dominum.
2476 2979 2633 3047 Quod
2684 2981 2730 3037 si
2777 2981 2901 3035 coeli
2943 2981 3210 3037 Dominus
3240 2988 3342 3046 est,
3394 2982 3606 3037 clarum

2033 3079 2118 3126 est
2148 3072 2291 3141 quod
2324 3079 2378 3126 et
2396 3079 2556 3125 terrae
2591 3078 2645 3126 et
2677 3082 2999 3126 caeterorutn
3032 3073 3273 3127 omnium
3330 3081 3415 3129 est
3442 3072 3608 3129 Deus.

2033 3162 2137 3218 Per
2175 3165 2442 3219 auxilium
2480 3173 2686 3229 autem,
2711 3179 2931 3234 semper
2962 3165 3295 3236 adiutorium
3319 3168 3611 3222 Λιιίεείιιιί.

2033 3256 2348 3310 divinorum
2393 3256 2782 3309 mandatorum
2845 3256 3021 3325 legem
3056 3258 3317 3329 intellige,
3356 3274 3520 3329 quam
3553 3262 3610 3316 in

2034 3349 2302 3403 auxilium
2336 3347 2655 3403 hominibus
2684 3348 2834 3402 dedit
2854 3358 3044 3404 contra
3084 3350 3380 3407 dtentones.

2100 3438 2267 3494 Vens.
2292 3439 2346 3492 2.
2383 3438 2536 3492 Dicet
2579 3438 2801 3493 Domino
2832 3456 2851 3494 :
2883 3440 3112 3510 Adjntor
3158 3459 3303 3497 meus
3333 3460 3387 3499 es
3431 3454 3509 3512 tu,
3557 3455 3609 3501 et

2034 3533 2292 3602 rrfngium
2318 3547 2512 3586 meum.
2564 3530 2616 3586 ls
2672 3532 2821 3587 dicet
2880 3532 3112 3589 Domino
3141 3550 3334 3605 magna
3370 3553 3495 3592 cum
3538 3538 3608 3591 li-

2034 3626 2247 3681 bertate
2279 3642 2294 3679 :
2331 3625 2560 3680 Domine
2584 3666 2600 3691 ,
2634 3632 2692 3680 tu
2730 3641 2788 3680 es
2813 3626 3033 3695 adjutor
3080 3643 3256 3692 ruens,
3285 3637 3342 3686 et
3371 3638 3427 3685 tu
3457 3630 3609 3685 solus

2033 3728 2094 3768 es
2125 3713 2394 3783 refugium
2415 3728 2618 3768 meum.

2104 3806 2244 3861 Deus
2272 3823 2441 3872 meus,
2460 3807 2682 3874 sperabo
2712 3808 2763 3861 in
2796 3824 2937 3861 eum.
2968 3807 3075 3863 Nec
3109 3812 3402 3864 tantutnatl
3428 3811 3610 3882 ipsum

2036 3900 2204 3952 Deum
2238 3913 2423 3951 secum
2458 3898 2575 3966 ipse
2610 3899 2687 3952 ita
2740 3896 2907 3963 dicet,
2937 3899 3031 3954 sed
3075 3914 3259 3953 coram
3287 3902 3412 3957 aliis
3465 3913 3609 3959 atte-

2034 3972 2273 4043 stahitnr
2329 3988 2488 4042 iidem
2520 3989 2663 4042 hanc
2713 4003 2893 4055 suam,
2927 3990 3118 4045 dicens
3152 4009 3165 4044 :
3200 3991 3299 4046 llic
3323 4000 3411 4047 est
3464 3992 3608 4050 Deus

2033 4098 2208 4143 incus,
2239 4093 2289 4136 et
2321 4083 2553 4151 sperabo
2604 4084 2656 4135 itt
2690 4098 2839 4137 eum.

2107 4171 2275 4228 Vens.
2305 4175 2358 4229 3.
2394 4174 2657 4241 Quoniam
2690 4175 2799 4240 ipse
2826 4173 3006 4239 eripiet
3035 4184 3081 4229 te
3106 4177 3168 4229 de
3200 4176 3383 4242 laqueo
3420 4196 3609 4233 cenan-

2035 4269 2188 4330 tium.
2218 4281 2262 4322 et
2308 4286 2340 4320 a
2373 4269 2523 4321 verbo
2552 4270 3031 4335 perturbationum.
3066 4269 3265 4339 Laquei
3302 4274 3458 4327 nobis
3490 4281 3611 4328 ten-

2034 4364 2360 4415 dunturtam
2378 4360 2740 4421 avisibilihus.
2764 4378 2929 4431 quam
2948 4361 3396 4419 abinoisibilibus
3425 4366 3604 4419 inimi-

274 4445 281 4453 ’
349 4454 589 4523 θρώπων
629 4456 686 4507 αἱ
726 4453 938 4523 ἐνέδραι
980 4453 1073 4505 καὶ
1112 4454 1161 4504 οἱ
1201 4452 1367 4522 λόχοι.
1439 4453 1559 4505 Τῶν
1593 4455 1651 4506 δὲ
1710 4454 1921 4521 νοητῶν

2032 4456 2134 4509 cis.
2158 4454 2332 4523 Hujus
2348 4452 2547 4522 quippe
2562 4453 2749 4507 mundi
2768 4456 2969 4517 hostes,
2986 4456 3078 4523 qui
3092 4456 3329 4510 humana
3345 4471 3612 4512 venantur

347 4551 460 4601 τῶν
522 4549 865 4621 θηρευόντων
921 4547 1019 4610 τὰς
1093 4546 1274 4616 ψυχὰς
1332 4548 1390 4599 αἱ
1445 4548 1579 4617 πρὸς
1628 4548 1697 4601 τὶ
1749 4547 1930 4614 φαῦλα

355 4644 686 4713 συμϐουλαὶ,
741 4642 798 4693 αἱ
847 4639 1153 4711 ἐπιθυμίαι,
1192 4642 1283 4692 καὶ
1338 4641 1395 4693 αἱ
1439 4639 1527 4692 διὰ
1578 4640 1688 4691 τιὶν
1742 4640 1930 4691 παθῶν

354 4736 680 4790 ὲπιϐουλαίο
728 4735 820 4787 τὸν
864 4733 920 4786 δὲ
963 4730 1270 4801 ταραχώδη
1314 4732 1931 4803 λόγογοὲπηρεαστικὸν

358 4826 520 4895 λόγον
568 4829 828 4894 ἐξέδωκεν
877 4830 905 4879 ὁ
958 4825 1284 4894 Σύμμαχος,
1335 4823 1609 4885 τουτέστι,
1654 4839 1930 4890 συκοφαν-

361 4919 549 4971 τικόν·
590 4922 856 4989 ταράσσει
912 4918 1020 4986 γὰρ
1061 4916 1161 4987 τὴν
1197 4915 1377 4986 ψυχὴν
1424 4916 1518 4967 τοῦ
1558 4931 1932 4983 συκοφαντου-

360 5010 546 5077 μένου.
599 5009 936 5078 Ἕπέστρειξκε
984 5009 1040 5061 δὲ
1074 5010 1164 5061 τὸν
1212 5009 1371 5074 λόγον
1409 5007 1439 5059 ὁ
1477 5008 1763 5078 προφήτης
1794 5007 1931 5077 πρὸς

356 5102 451 5156 τὸν
492 5102 740 5156 τοιοῦτον
792 5100 1101 5169 ἄνθρωπον,
1139 5099 1383 5168 δηλονότι
1431 5098 1522 5152 τὸν
1567 5097 1927 5151 κατοικοῦντα

360 5194 420 5244 ἐν
475 5198 543 5267 τῇ
600 5194 823 5266 βοηθείᾳ
868 5192 961 5245 τοῦ
1026 5191 1308 5260 ἰ’ψίστου,
1364 5191 1459 5242 καὶ
1515 5189 1930 5261 παραθαρρύνει

357 5285 548 5344 αὑτὸν.

445 5549 552 5606 Ἐν
581 5552 707 5612 τοῖς
756 5548 1145 5619 μεταφρένοις
1197 5546 1380 5601 αὑτοῦ
1417 5545 1759 5601 ἐπισκιάσει
1809 5563 1929 5602 σοι.

365 5638 672 5713 Προαππεεῖ
728 5660 839 5699 σου,
876 5638 1259 5711 Μεταφορικός
1310 5639 1367 5691 δὲ
1410 5640 1439 5693 ὁ
1485 5639 1662 5707 λόγος.
1707 5640 1766 5693 '0
1820 5641 1931 5711 γὰρ

645 5736 919 5797 Ρηιιιιι..
949 5735 1066 5796 Gtt.
1098 5729 1425 5793 CXXVIII.

2031 4561 2284 4615 corpora,
2332 4545 2559 4612 laqueos
2615 4547 2835 4600 tendere
2870 4547 3153 4607 dicuntur,
3210 4564 3334 4602 eum
3380 4549 3611 4604 insidias

2032 4648 2245 4707 pztrttttl.
2277 4637 2678 4691 Intellectnales
2703 4646 2885 4691 autem
2907 4639 3113 4701 hostes,
3143 4639 3234 4708 qui
3256 4655 3363 4693 non
3377 4655 3607 4709 corpora

2029 4739 2321 4790 venantur.
2342 4729 2434 4785 sed
2460 4731 2693 4794 animas,
2715 4733 2938 4800 laqueos
2956 4731 3222 4785 adversus
3244 4747 3341 4785 nos
3365 4744 3609 4805 Strnunt,

2030 4836 2156 4874 cum
2210 4832 2307 4874 aut
2335 4836 2497 4890 prava
2535 4833 2833 4891 suggerunt
2888 4821 3141 4887 consilia,
3165 4831 3258 4874 aut
3288 4822 3354 4875 ad
3399 4837 3606 4877 C0n('ll~

2035 4910 2332 4983 piscentias
2367 4927 2468 4967 nos
2503 4922 2669 4983 atque
2694 4914 2763 4968 ad
2818 4913 3107 4983 passiones
3133 4914 3388 4969 incitant.
3453 4916 3613 4984 Sym~

2034 5006 2265 5059 machus
2317 5020 2420 5073 pro
2483 5004 2639 5058 uerbo
2688 5005 3100 5071 perturbationis
3132 5046 3148 5072 ,
3220 5006 3612 5059 calumniarum

2034 5111 2326 5149 sermonem
2355 5096 2527 5147 reddit
2554 5112 2569 5160 ;
2604 5097 2928 5163 perturbant
2955 5099 3097 5150 enim
3134 5097 3368 5150 animant
3401 5096 3610 5150 calum-

2036 5187 2159 5240 nim.
2216 5186 2504 5240 Convertit
2551 5196 2733 5241 autem
2795 5186 3065 5257 Propheta
3104 5203 3411 5243 sermonem
3444 5203 3606 5241 suum

2039 5280 2106 5332 ad
2144 5280 2459 5348 hujusmodi
2496 5280 2796 5345 hominem,
2835 5281 2928 5348 qui
2976 5281 3031 5333 in
3070 5279 3161 5333 Dei
3205 5280 3480 5349 atljntorio
3512 5278 3613 5332 ha-

2042 5370 2202 5434 bitat,
2246 5372 2501 5440 viresque
2535 5380 2700 5441 atque
2736 5372 2979 5426 animum
3014 5382 3302 5441 prazstans,
3338 5372 3613 5425 conlidere

2039 5478 2164 5517 cum
2212 5464 2394 5528 jubet.
2436 5464 2626 5518 dicens
2661 5480 2675 5516 :

2110 5553 2277 5609 Vrns.
2311 5556 2366 5609 4.
2415 5555 2663 5622 Scapulis
2698 5556 2810 5609 suis
2844 5554 3174 5608 obumbrabit
3207 5553 3323 5607 tibi.
3370 5552 3484 5607 Hoc
3510 5562 3613 5618 est,

2051 5650 2298 5715 proteget
2342 5651 2415 5698 te.
2456 5643 2549 5699 Est
2592 5652 2774 5698 autem
2811 5645 2898 5699 hic
2922 5659 3107 5700 sermo
3142 5642 3611 5714 Incthapltoricus.

3110 5734 3183 5794 3i)
