4120 6296
605 294 714 358 995

604 495 845 550 Domine.
893 497 952 551 In
996 510 1242 565 cantum,
1281 504 1476 574 inquit,
1518 505 1616 561 tibi
1670 508 1893 562 oil'eram
1956 512 2176 565 miscri-

600 589 841 642 cordiam
870 591 1207 661 ctjudicium
1230 602 1409 660 tuum,
1442 612 1645 654 canens
1675 601 1958 668 nimirum,
1986 618 2175 671 quem—

601 679 899 736 admodum
934 685 986 737 in
1021 689 1274 754 presenti
1308 690 1417 743 vita
1454 691 1756 756 misereris,
1786 702 1839 748 ct
1865 694 2081 763 iudicas
2116 695 2170 749 in

599 770 785 826 futura
826 774 947 829 :vel
973 791 1196 839 canens,
1227 781 1370 847 quod
1422 783 1799 839 misericordia
1827 796 1918 839 tua
1959 785 2173 855 judicio

598 878 706 917 non
740 875 908 929 caret,
945 882 1046 921 nec
1080 868 1354 938 judicium
1397 882 1549 928 tuum
1608 878 2007 933 misericordia.
2040 878 2171 933 lmi-

598 956 753 1009 tabor
785 966 1046 1026 praetcrea
1087 977 1149 1014 ea
1183 978 1303 1031 quae
1331 974 1495 1019 cantu
1525 982 1643 1021 meo
1692 968 2005 1031 lau:lavero,
2037 969 2172 1023 alio-

593 1057 716 1098 rum
748 1047 957 1103 scilicet
994 1052 1305 1107 miserendo
1341 1063 1394 1108 et
1426 1066 1577 1111 recte
1606 1059 1742 1113 alios
1770 1058 2097 1127 judicando.

668 1134 834 1191 Vens.
875 1139 930 1193 ‘2.
978 1137 1241 1209 Psallam,
1273 1155 1323 1196 et
1359 1146 1651 1216 intelligam
1683 1150 1736 1201 in
1790 1149 1873 1203 via
1906 1150 2167 1204 immacu-

592 1226 728 1282 lata.
759 1227 1265 1301 lrrepreliensibilis
1300 1237 1556 1293 incedens
1590 1240 1836 1310 psallam,
1874 1251 1928 1297 et
1962 1244 2167 1297 intelli-

591 1334 737 1388 gam.
790 1319 1016 1390 Oportet
1068 1324 1213 1379 enim
1271 1328 1594 1395 psallentem
1651 1332 1977 1404 intelligere,
2032 1336 2165 1405 quid

593 1412 808 1479 psallat,
846 1421 939 1466 aut
973 1422 1176 1470 cantet.
1208 1416 1311 1473 Per
1344 1421 1749 1478 immaculatam
1781 1435 1964 1481 autem
1995 1430 2162 1494 viam,

594 1502 901 1572 intelligere
928 1520 1222 1573 possumus
1243 1512 1475 1569 virtutes
1503 1517 1624 1572 illas
1652 1532 1772 1587 qua:
1801 1520 2020 1573 actione
2044 1538 2165 1590 per-

592 1592 882 1661 ﬁciuntur;
915 1598 1150 1666 psallere
1180 1617 1310 1657 vero
1339 1621 1435 1673 pro
1464 1610 1819 1678 cmntemplari
1854 1628 1867 1665 :
1902 1612 1984 1666 vel
2018 1614 2165 1682 psal-

591 1685 725 1750 lere,
762 1702 862 1756 pro
914 1693 1127 1756 operari
1164 1708 1259 1761 per
1315 1697 1593 1761 virtutem,
1628 1701 1933 1772 intelligere
1979 1713 2158 1758 autem

590 1791 690 1843 pro
727 1780 1082 1848 contemplari
1116 1799 1132 1839 :
1183 1798 1416 1854 quorum
1457 1798 1746 1861 utrumque
1786 1794 1840 1847 in
1896 1794 2162 1850 immacu-

593 1867 698 1923 lata
740 1879 905 1939 atque
938 1871 1405 1941 irrepreliensibili
1443 1881 1551 1936 vita
1590 1886 1897 1953 perﬁcitur.

663 1963 891 2031 Quando
953 1974 1120 2025 venies
1156 1973 1224 2027 ad
1255 1978 1376 2030 me?
1403 1976 1481 2029 Ad
1515 1994 1621 2042 me,
1653 1980 1894 2049 inquam,
1920 1983 2012 2053 qui
2043 1982 2163 2040 ideo

591 2055 979 2119 immaculatus
1063 2072 1226 2134 atque
1302 2071 1799 2138 irrepreliensiliilis
1896 2078 2158 2142 ambulo,

590 2149 785 2217 psallo,
826 2164 878 2206 et
907 2154 1174 2225 intelligo,
1211 2166 1264 2211 ut
1297 2171 1347 2214 te
1378 2164 1545 2216 fruar.
1580 2163 1695 2227 Vel,
1729 2169 1950 2234 quando
1977 2172 2161 2226 venies

590 2241 658 2296 ad
701 2259 805 2308 me,
841 2247 932 2313 qni
990 2249 1280 2305 adventum
1311 2263 1361 2306 ct
1403 2261 1746 2322 prtesentinm
1780 2271 1926 2314 tuam
1960 2264 2162 2318 arden-

587 2334 803 2390 tissime
829 2341 1188 2408 concupisco,
1221 2342 1374 2411 juxta
1406 2347 1537 2401 illud
1569 2367 1583 2402 :
1624 2349 1682 2403 Si
1712 2355 1829 2419 quis
1853 2354 2024 2424 diligit
2056 2373 2158 2423 me,

586 2434 635 2478 et
659 2427 809 2480 verba
829 2446 940 2481 mea
961 2433 1207 2493 servabit,
1228 2444 1276 2486 et
1303 2434 1465 2489 Pater
1486 2455 1629 2493 meus
1651 2444 1832 2511 diliget
1854 2461 1995 2510 eum,
2022 2459 2068 2500 et
2091 2448 2160 2503 ad

589 2529 711 2571 eum
740 2522 1024 2587 renienms,
1054 2534 1102 2576 et
1140 2529 1457 2582 mansionem
1488 2534 1628 2599 apud
1657 2552 1774 2588 eunt
1809 2538 2065 2606 faciemus
2092 2542 2155 2597 ¹⁵.

655 2610 1103 2666 Perantbulabam
1130 2616 1183 2668 in
1220 2617 1515 2673 innocentia
1539 2627 1711 2678 cordis
1740 2630 1860 2690 mei,
1893 2630 1946 2682 in
1989 2635 2158 2687 medio

584 2701 769 2755 domus
798 2720 944 2757 mea'.
1011 2702 1301 2776 Versabar,
1337 2711 1533 2780 inquit,
1570 2715 1624 2771 in
1653 2720 1918 2775 munditia
1947 2725 2153 2779 cordis.

654 2878 820 2935 Vens.
854 2883 908 2936 3.
954 2881 1077 2939 Non
1112 2889 1463 2956 proponebam
1495 2904 1616 2948 ante
1657 2898 1839 2951 oculos
1882 2917 2022 2955 meos
2049 2919 2155 2958 rem

582 2972 840 3041 iniquam.
873 2973 1060 3047 Neque
1098 2990 1225 3035 ante
1262 2997 1576 3053 corporeus,
1614 3004 1788 3058 neque
1828 3002 1955 3049 ante
1984 2996 2154 3052 animi

583 3064 797 3130 oculos,
843 3068 945 3122 hoc
970 3079 1074 3134 eat,
1105 3088 1214 3126 non
1265 3077 1605 3134 sustinebam
1646 3083 1826 3139 videre
1858 3096 1953 3140 ant
2001 3088 2154 3159 cogi-

583 3166 700 3213 tare
728 3161 972 3233 iniquum
1000 3165 1226 3235 aliquid.

653 3247 931 3308 Faeientes
983 3262 1455 3329 transgressionem
1516 3266 1676 3323 odivi.
1729 3269 1835 3327 Eos
1892 3274 2149 3331 nimirum

582 3340 853 3410 homines,
904 3352 998 3417 qui
1051 3354 1197 3419 quod
1244 3355 1449 3421 justum
1507 3371 1593 3414 est
1648 3364 2152 3435 transgrediuntur,

580 3436 701 3489 sive
735 3437 786 3492 id
814 3439 880 3493 ad
912 3440 1164 3499 Inoinincs
1198 3449 1486 3515 pertineat,
1520 3454 1635 3509 sive
1664 3456 1728 3508 ad
1766 3457 1953 3513 Deum.

649 3524 816 3585 Vens.
856 3533 908 3585 4.
946 3532 1069 3587 Non
1093 3538 1317 3593 adluesit
1355 3543 1481 3597 mihi
1511 3561 1605 3600 cor
1625 3563 1946 3615 perversum.
1981 3550 2152 3609 Recto

576 3621 721 3673 enim
761 3638 1074 3691 perversum
1104 3644 1210 3683 non
1251 3637 1528 3702 congruit.

654 3710 1016 3769 Declinantent
1062 3735 1093 3770 a
1147 3738 1226 3775 me
1262 3725 1547 3795 malignum
1598 3746 1699 3784 non
1753 3738 2150 3804 cognoscebam.

580 3801 768 3874 Neque
796 3808 941 3861 cnim
986 3812 1347 3883 malignorum
1398 3819 1682 3877 hominum
1715 3827 1989 3882 amicitias
2018 3834 2151 3886 reti-

578 3912 710 3951 nere
749 3907 986 3966 oportet,
1022 3904 1114 3956 scd
1147 3920 1364 3971 curare,
1402 3920 1460 3964 ut
1504 3926 1696 3969 omnes
1727 3918 2052 3977 accedentes
2085 3923 2149 3977 ad

581 4002 703 4046 nos,
750 3991 1009 4046 meliores
1045 3994 1374 4063 elliciantur,
1408 4010 1462 4055 et
1493 4006 1812 4063 recedentes
1844 4010 2147 4081 despicere.

580 4079 905 4150 lntelligitur
951 4086 1115 4139 etiam
1176 4089 1265 4144 hic
1326 4093 1629 4150 versiculus
1686 4097 1753 4154 de
1797 4079 2036 4169 diabolo,
2092 4116 2150 4161 ut

580 4187 777 4229 sensus
804 4176 875 4229 sit
905 4194 919 4230 :
949 4175 1188 4233 Daemoni
1214 4184 1280 4237 ad
1307 4200 1393 4238 me
1421 4201 1706 4243 accessum
1734 4193 1947 4249 nullum
1979 4196 2101 4253 dedi
2132 4218 2147 4255 :

577 4274 741 4335 atque
776 4268 980 4324 idcirco
1019 4287 1127 4326 non
1169 4277 1418 4345 contigit,
1460 4290 1518 4334 ut
1547 4282 1840 4353 aliquando
1872 4303 1901 4342 a
1939 4305 2024 4344 me
2053 4292 2150 4348 dc-

577 4360 803 4420 clinarc.
841 4362 941 4415 hoc
978 4372 1084 4429 est,
1118 4368 1370 4423 recedere
1393 4385 1515 4425 eum
1546 4388 1954 4446 cognoscerem.

1836 304 2151 369 EUTIIYM
2163 306 2222 367 ll
2261 306 2623 371 ZIGABENI

676 408 840 463 Vens.
878 408 928 464 l.
967 408 1389 467 Misericordiam
1435 424 1483 469 et
1510 414 1775 484 judicium
1804 420 2028 473 cantabo
2058 418 2173 486 tibi,
2207 424 2252 480 Α

3755 315 3877 378 996

2355 421 2576 475 Ἕλεον
2607 421 2704 476 καί
2731 423 2935 491 κρίσιν
2984 424 3211 496 ᾄσομαί
3244 443 3363 494 σοι,
3409 431 3604 498 Κύριε.
3668 429 3877 503 ’ᾼσμα

2280 515 2559 584 προσοίσω
2592 513 2682 568 τὸν
2709 516 2857 569 ἔλεον
2916 519 3007 571 καὶ⁵
3032 519 3130 591 τὴν
3193 523 3397 591 κρίσιν,
3463 525 3604 595 ᾷδων
3634 525 3703 578 τὰ
3729 530 3877 595 περὶ

2275 605 2368 659 τοῦ
2398 607 2584 669 ἐλέους
2647 626 2742 660 σου
2809 609 2906 662 καὶ
2966 611 3068 679 τῆς
3118 614 3381 682 κρίσεως,
3412 617 3496 668 ὅτι
3542 616 3714 677 ἐλεεῖς
3754 618 3870 687 μὲν

2276 700 2417 753 κατὰ
2440 700 2540 771 τὴν
2569 700 2853 770 παροῦσαν
2883 703 3059 773 ζωήνο
3095 706 3304 773 κρίνεις
3336 708 3390 759 δὲ
3422 709 3566 760 κατὰ
3600 710 3699 776 τὴν
3727 710 3871 778 μέλη

2274 792 2493 848 λουσαν.
2534 796 2603 848 Ἥ
2635 797 2717 848 ὅτι
2781 795 2905 849 οὔτε
2935 800 2962 849 ὁ
3000 797 3146 860 ἔλεός
3182 815 3278 851 σου
3334 800 3582 869 ἄκριτος,
3638 800 3766 854 οὔτε
3826 802 3867 870 ἡ

2272 886 2455 955 κρίσις
2509 886 2740 956 ἁνήλεος
2769 903 2783 917 ο
2816 889 2940 940 ἐπεὶ
2962 888 3018 941 δὲ
3049 888 3227 942 ταῦτα
3287 889 3518 959 ᾄσομαι,
3564 890 3739 943 ταῦτα
3763 893 3864 944 καὶ

2276 975 2612 1045 μιμήσομαι,
2666 976 2835 1030 ἐλεῶν
2870 979 2965 1030 καὶ
3002 978 3207 1049 κρίνων
3230 979 3429 1048 ὀρθῶς.

2346 1156 2529 1209 Ψαλῶ
2600 1159 2697 1211 καὶ
2758 1159 3014 1228 συνήσω
3038 1160 3109 1213 ἐν
3168 1159 3285 1226 ὁδῷ
3336 1163 3574 1231 ἀμώμῳ.
3621 1164 3863 1218 Ὀδεύων

2269 1248 2537 1319 ἀμώμως,
2572 1249 2729 1318 ψαλῶ
2794 1254 2887 1305 καὶ
2936 1252 3156 1321 συνήσω
3186 1269 3200 1283 ⁸
3238 1254 3345 1324 χρὴ
3394 1256 3502 1323 γὰρ
3557 1254 3648 1307 τὸν
3710 1256 3861 1323 ψάλ-

2268 1343 2429 1395 λοντα
2462 1345 2556 1397 καὶ
2591 1345 2833 1399 συνιέναι
2868 1347 2935 1398 τὰ
2958 1344 3275 1413 ψαλλόμενα
3298 1364 3311 1376 ·
3349 1347 3435 1414 εἴη
3470 1346 3515 1397 δ’
3559 1348 3626 1400 ἂν
3666 1348 3727 1399 τὸ
3749 1349 3859 1417 μὲν

2266 1436 2476 1489 ὁδεύειν
2506 1435 2776 1507 ἀμώμως,
2799 1438 2900 1507 τῆς
2924 1438 3244 1507 πρακτικῆς
3266 1455 3279 1469 ⁶
3321 1440 3383 1491 τὸ
3411 1440 3468 1492 δὲ
3494 1439 3720 1507 ψάλλειν
3755 1443 3860 1493 καὶ

2269 1533 2530 1595 συνιέναι,
2563 1529 2663 1599 τῆς
2694 1530 3063 1602 θεωρητικῆς.
3087 1533 3153 1584 Ἦ
3181 1532 3267 1584 διὰ
3302 1532 3402 1599 μὲν
3456 1533 3550 1585 τοῦ
3597 1534 3851 1601 ψάλλειν,

2264 1622 2363 1691 τὴν
2420 1624 2735 1691 πρακτικὴν
2785 1622 3050 1691 ἐνέφηνεν
3073 1638 3088 1653 ο
3144 1623 3230 1675 διὰ
3262 1622 3318 1673 δὲ
3345 1621 3441 1674 τοῦ
3470 1622 3715 1675 συνιέιαι
3745 1621 3852 1691 τὴν

2267 1714 2637 1786 θεωρητικὴν,
2700 1713 2847 1785 ἅπερ
2891 1714 3060 1785 ἄμφω
3103 1715 3361 1785 κατορθοῖ
3402 1733 3483 1778 τις
3514 1715 3699 1769 ἕνεκεν
3722 1714 3850 1768 ὁδσῦ

2266 1809 2527 1878 ἀμώμου.

2333 1972 2485 2025 Πότε
2550 1970 2717 2039 ἥξεις
2764 1970 2912 2037 πρός
2967 1984 3085 2037 με;
3136 1968 3240 2021 Τὸν
3270 1968 3357 2022 διὰ
3408 1968 3563 2022 τοῦτο
3589 1967 3848 2022 ὁδεύοντι

2263 2065 2535 2136 ἀμώμως,
2573 2065 2669 2117 καὶ
2717 2063 3013 2132 ψάλλοντα,
3050 2063 3144 2115 καὶ
3179 2063 3455 2115 συνιέντα.
3486 2064 3575 2125 Ἦ,
3607 2061 3695 2113 τὸν
3720 2062 3850 2113 δια-

2264 2158 2451 2227 πύρως
2510 2156 2882 2225 ἐπιθυμοῦντα
2939 2157 3038 2227 τῆς
3091 2160 3396 2227 παρουσίας
3465 2174 3584 2209 σου.
3632 2157 3843 2227 Εἴρηκι

2262 2250 2371 2320 γὰρ
2393 2252 2421 2303 ὁ
2453 2249 2683 2320 Χριστός
2708 2265 2723 2279 ο
2772 2248 2915 2303 Ἐάν
2943 2266 3032 2313 τις
3066 2249 3140 2314 μὲ
3190 2245 3411 2317 ἀγαπᾷ,
3446 2248 3542 2301 καὶ
3592 2247 3699 2301 τὸν
3742 2250 3849 2301 ,λό-

2260 2361 2372 2414 γον
2420 2360 2542 2412 μου
2600 2341 2874 2410 τηρήσει,
2945 2340 3042 2394 καί
3078 2342 3111 2393 ὀ
3165 2342 3369 2406 Πατήρ
3392 2356 3511 2407 μου
3540 2338 3846 2406 ἀγαπήσει

2274 2439 2485 2502 αὐτὸν,
2514 2437 2613 2489 καὶ
2662 2438 2812 2505 πρὸς
2874 2433 3063 2489 αὑτὸν
3095 2433 3490 2501 ἐλευσόμεθα,
3519 2435 3615 2487 καί
3636 2435 3845 2503 μονὴν·

2262 2533 2399 2599 παρ’
2426 2530 2588 2595 αὐτῷ
2617 2530 2973 2598 ποιήσομεν.

2330 2621 2774 2691 Διεπορευόμην
2788 2620 2857 2673 ἐν
2890 2618 3109 2686 ἀκακία
3135 2615 3382 2685 καρδίας
3404 2635 3543 2685 μου,
3563 2617 3635 2670 ἐν
3665 2618 3843 2685 μέσῳ

2260 2715 2368 2769 τοῦ
2425 2715 2597 2768 οἴκου
2648 2730 2792 2782 μου.
2855 2710 3295 2784 Ἀνεστρεφόμην
3371 2711 3429 2762 ἐν
3501 2709 3841 2779 καθαρότητι

2260 2807 2508 2877 καρδίας.
3331 2893 3355 2902 _
3686 2892 3715 2902 _

2323 2901 2405 2952 Οὐ
2457 2899 2849 2967 προετιθέμην
2905 2897 3020 2966 πρὸ
3078 2893 3402 2964 ὀφθαλμῶν
3436 2912 3555 2963 μου
3596 2893 3837 2962 πρᾶγμα

2258 2989 2626 3061 παράνομον.
2662 2991 2797 3044 Οὔτε
2825 2992 2930 3061 πρδ
2966 2989 3074 3043 τῶν
3113 2988 3413 3056 αἰσθητῶν,
3450 2986 3573 3040 οὔτε
3596 2989 3698 3056 πρὸ
3724 2988 3837 3039 τῶν

2259 3082 2468 3150 νοητῶν
2495 3098 2511 3114 ο
2540 3084 2841 3149 τουτέστιν,
2874 3083 2974 3136 οὐκ
3000 3083 3294 3153 ἠνειχόμην
3326 3079 3448 3133 οὕτε
3510 3081 3664 3151 ὀρᾷν,
3705 3078 3833 3132 οὔτε

2256 3174 2611 3245 ἐνθυμεῖσθαι
2644 3176 3016 3246 παρανομίαν.

2325 3268 2655 3334 Ιιοιοῦντας
2697 3267 3064 3335 παραϐάσεις
3115 3266 3401 3337 ἐμίσησα.
3465 3265 3605 3328 Τοὺς
3649 3283 3832 3336 παραυ

2255 3360 2539 3423 ϐαίνοντας
2568 3361 2630 3413 τὸ
2656 3361 2887 3426 δίκαιον,
2922 3361 3034 3413 εἴτε
3065 3361 3201 3429 πρὸς
3230 3359 3383 3425 Θεὸν,
3418 3359 3529 3411 εἴτε
3574 3358 3709 3429 πρὸς
3737 3360 3832 3411 άν-

2254 3454 2282 3507 θ
2288 3455 2528 3526 ρώπους.

2318 3550 2439 3603 Οὐκ
2485 3546 2789 3614 ἐκολλήθη
2833 3565 2937 3616 μοι
2984 3547 3197 3616 καρδία
3237 3546 3501 3617 σκαμϐή.
3563 3547 3655 3618 Τῷ
3716 3546 3829 3617 γὰρ

2253 3642 2400 3695 εύθεί
2424 3642 2481 3694 τὸ
2506 3642 2762 3711 στρεϐλὸν
2793 3642 3156 3711 ἀνάρμοστον.

2335 3738 2760 3800 Ἐκκλίνοντος
2780 3736 2881 3788 ἀπ’
2913 3734 3060 3804 ἐμοῦ
3104 3734 3210 3788 τοῦ
3267 3733 3537 3802 πονηροῦ
3568 3735 3678 3789 οὐκ
3703 3733 3826 3802 ἐγίο

2252 3842 2510 3882 νωσκον.
2536 3828 2611 3880 Οὐ
2645 3826 2750 3896 χρὴ
2777 3826 2885 3895 γὰρ
2914 3827 3014 3895 τῆς
3046 3824 3138 3878 τοῦ
3173 3824 3412 3896 πονηροῦ
3453 3826 3634 3894 φιλίας
3672 3827 3826 3879 ἀντὶ·

2252 3920 2469 3991 χεσθαι,
2534 3919 2671 3971 ἀλλὰ
2732 3917 3168 3989 προσεδρεύοντα
3221 3917 3342 3983 μὲν,
3386 3918 3678 3989 πειρᾶσθαι
3704 3917 3825 3987 βελ-

2250 4013 2424 4077 τιοῦν,
2490 4011 2911 4082 ἀναχωροῦντος
2945 4011 3025 4074 δὲ,
3074 4014 3461 4082 καταφρονεῖν.
3513 4011 3734 4064 Νοεῖται
3770 4011 3825 4063 δὲ

2253 4107 2347 4159 καὶ
2378 4104 2621 4175 περὶτοῦ
2648 4102 2919 4167 διαϐάλου,
2970 4104 3051 4157 ὅτι
3084 4105 3161 4174 μὴ
3186 4104 3362 4168 διδοὺς
3388 4102 3538 4174 αὖτῷ
3572 4104 3823 4175 πάροδον,

2252 4197 2361 4252 οὐδ’
2386 4198 2800 4269 ἀναχωροῦντος
2828 4197 3148 4266 ἐγίνωσκον.

650 4448 818 4503 Vens.
854 4452 906 4505 5.
942 4454 1305 4511 Dura/tentem
1337 4473 1533 4517 secreto
1571 4469 1811 4533 proximo
1848 4489 1965 4539 suo,
2007 4475 2143 4529 hunc

2330 4485 2439 4537 Τὸν
2468 4484 2933 4541 καταλαλοῦντα
2957 4484 3149 4555 λάθρα
3177 4488 3281 4540 τὸν
3312 4491 3582 4555 πλησίον
3606 4491 3821 4554 αὐτοῦ,

579 4550 952 4611 ucrsequcbar.
1007 4545 1288 4617 Tanquam
1346 4554 1506 4609 malis
1560 4559 1845 4625 praaditum
1904 4565 2152 4619 moribus

576 4646 740 4704 atque
777 4639 1119 4706 illiberalem,
1168 4659 1231 4697 ac
1269 4645 1433 4700 veluti
1490 4661 1680 4703 canem
1720 4654 1953 4711 latenter
2001 4673 2150 4713 mor-

575 4730 814 4785 dentem.
850 4731 1057 4785 Secreto
1090 4742 1291 4798 autem,
1348 4737 1448 4791 hoc
1484 4748 1593 4805 est,
1623 4742 1783 4809 clam,
1822 4748 1940 4802 ideo
1980 4764 2149 4820 appo-

579 4822 710 4885 suit,
770 4823 899 4891 quia
938 4827 983 4878 is
1014 4825 1107 4893 qui
1136 4827 1393 4895 przcsenti
1422 4827 1683 4896 detrahit,
1716 4836 1894 4893 minus
1935 4852 2145 4907 peccat,

574 4925 697 4965 cum
744 4912 791 4965 is
820 4914 911 4981 qui
956 4931 1196 4984 praesens
1232 4928 1337 4983 est,
1397 4919 1466 4973 ab
1516 4921 1752 4993 irrogata
1802 4928 2027 4985 infamia
2081 4948 2140 4989 se

572 5007 712 5059 tueri
752 5009 945 5076 possit.

643 5098 878 5167 Superbo
910 5102 1060 5153 oculo
1109 5111 1157 5154 ct
1207 5104 1495 5159 insatiabili
1531 5109 1706 5173 corde,
1745 5128 1863 5164 cum
1908 5112 2005 5167 Itoe
2035 5131 2137 5169 non

568 5191 804 5245 edebam.
837 5193 947 5247 Hoc
972 5204 1070 5257 est,
1100 5213 1204 5249 non
1232 5197 1492 5268 degebant
1516 5215 1639 5255 Cum
1664 5218 1747 5257 eo.
1786 5204 1886 5259 Pet“
1917 5206 2135 5261 oculum

572 5292 751 5334 autem
784 5286 1102 5350 superbum,
1134 5302 1517 5358 quemcunque
1543 5296 1833 5360 superbum
1867 5294 2138 5349 hominem

572 5372 842 5439 intelligit,
877 5376 1039 5426 relati
1070 5392 1097 5425 ιι
1138 5386 1289 5444 parte
1316 5389 1488 5434 totum
1518 5402 1530 5435 :
1558 5392 1612 5435 et
1637 5384 1801 5436 simili
1827 5385 2009 5451 modo,
2046 5402 2140 5455 per

572 5463 878 5517 insntialiile
911 5481 1025 5528 cor,
1062 5484 1283 5522 avarum
1338 5470 1635 5527 hominem.
1676 5473 1978 5547 Utrumque
2012 5496 2138 5533 vero

571 5568 825 5609 sermone
858 5558 1291 5630 comprehcndit,
1327 5567 1514 5623 dicens
1550 5587 1563 5621 :
1598 5566 1731 5622 Cum
1762 5569 1855 5624 hoc
1889 5589 1988 5627 non
2019 5574 2139 5627 etle-

567 5650 708 5701 ιιιμι.

642 5764 684 5794 ’⁵
718 5760 876 5818 Joan.
932 5782 1041 5833 xiv,
1082 5768 1165 5823 25.

2247 4576 2468 4630 τοῦτον
2512 4576 2850 4638 ἐξεδίωκον.
2902 4577 2986 4640 Ὠς
3031 4580 3280 4649 κακοήθη
3327 4580 3417 4631 καὶ
3445 4580 3822 4652 ἀνελεύθερον,

2249 4673 2345 4721 καὶ
2394 4672 2530 4721 κύνα
2588 4666 2975 4738 λαθρόδηκτον.
3016 4669 3087 4729 Τὸ
3140 4670 3336 4736 ,λάθρα
3360 4669 3417 4721 δὲ
3458 4672 3819 4740 προσέθηκεν,

2247 4762 2330 4814 ὅτι
2360 4762 2386 4813 ὁ
2410 4759 2501 4812 τοῦ
2534 4759 2798 4829 παρόντος
2824 4760 3165 4821 καταλαλῶν,
3201 4762 3262 4814 ού
3288 4760 3541 4817 τοσοῦτον
3568 4766 3822 4836 ἁμαρτὰς

2248 4869 2358 4906 νει⁹
2396 4852 2588 4923 παρὼν
2619 4854 2728 4923 γὰρ
2751 4854 2961 4917 ἐκεῖνος
2986 4854 3406 4925 ἀπολογήσεται.

2333 5123 2723 5191 ’Υπερηφὰνῳ
2754 5124 3041 5193 egoen";
3098 5129 3192 5181 καὶ
3254 5131 3550 5201 ἀπλήστῳ
3583 5137 3813 5207 καρδίᾳ,

2247 5219 2436 5283 τούτῳ
2466 5219 2535 5269 οὐ
2586 5214 2947 5283 συισήσθιογ.
2984 5219 3059 5271 Οὐ
3118 5222 3519 5292 συνδιῃτώμην,
3576 5228 3817 5303 ’Υπερή-

2251 5328 2413 5380 φθίνον
2443 5309 2789 5380 δὲὸφοαλμδν
2819 5310 2986 5378 λέγει,
3020 5311 3108 5364 τὸν
3138 5315 3486 5385 ὑπερήφανον
3504 5321 3813 5392 ἄνθρωπον

2249 5404 2355 5455 ἀπὸ
2388 5405 2588 5472 μέρους
2620 5404 2679 5454 τὸ
2706 5402 2827 5454 ὅλον
2850 5418 2863 5430 ·
2901 5405 2992 5455 καὶ
3028 5400 3189 5467 αὖθις
3228 5407 3505 5479 ἄπληστον
3564 5415 3812 5485 καρδίαν,

2246 5497 2337 5548 τὸν
2380 5496 2701 5561 ἀκὸρεστον,
2734 5478 2825 5546 τὸν
2860 5493 3213 5567 πλεονέκτην.
3263 5500 3351 5551 Διὸ
3383 5502 3476 5554 καὶ
3506 5503 3566 5556 τὸ
3624 5508 3818 5570 τούτῳ

2248 5587 2418 5658 πρυσο
2430 5588 2525 5653 εἰς,
2553 5587 2813 5657 ἑκάτερον
2844 5586 3122 5656 ἐνέφηνεν.
