4120 6296
469 284 613 348 1015

466 501 519 548 et
551 490 778 561 pulchra
813 492 1018 560 specie,
1052 509 1172 546 mox
1209 499 1554 566 separatione
1587 496 1781 551 auium
1823 497 2036 550 tabefa-

467 593 588 639 ctus
638 592 691 638 et
717 592 1030 653 corruptus.

542 698 710 755 Vens.
739 700 824 754 i5.
864 701 1124 764 Quoniam
1151 704 1373 770 spiritus
1417 706 1754 774 pertransivit
1813 708 1867 760 in
1925 708 2038 761 illo.

466 791 818 864 Quaecunque
847 809 1051 856 acrem,
1084 810 1178 850 seu
1199 797 1452 866 spiritum
1487 800 1740 867 trahunt;
1762 809 1811 854 et
1849 801 2042 855 remito

469 895 617 950 tunt,
659 886 1042 956 corruptibilia
1105 899 1255 944 sunt.
1295 884 1389 944 Vel
1446 906 1545 962 per
1579 891 1854 962 spiritum,
1918 893 2040 946 aui—

469 993 614 1033 mam
673 979 958 1050 intelligo,
1003 996 1124 1049 quae
1165 981 1218 1036 in
1261 983 1581 1040 universum
1649 1000 1851 1054 corpus
1913 999 2040 1054 per-

468 1070 702 1136 transit,
744 1077 797 1126 et
839 1075 1047 1127 statuto
1089 1087 1152 1127 ac
1192 1073 1560 1129 determinato
1599 1082 1844 1146 tempore
1877 1077 1948 1132 ab
1972 1093 2040 1133 eo

467 1160 600 1216 exit.

538 1273 609 1329 Et
639 1294 741 1331 non
765 1278 1035 1338 subsistet.
1063 1281 1121 1335 lo
1142 1283 1394 1350 praesenti
1413 1283 1626 1339 scilicet
1651 1285 1760 1340 vita
1780 1285 2041 1352 moriens,

470 1368 528 1420 ut
561 1367 748 1421 homo.

538 1477 607 1530 Et
648 1487 748 1532 non
791 1490 1067 1548 cognoscet
1098 1478 1323 1550 amplius
1357 1484 1528 1537 locum
1559 1502 1732 1540 suum.
1767 1485 1845 1540 Ad
1879 1486 2040 1540 aliam

468 1568 784 1638 demigrans
812 1571 1233 1630 habitationem.
1290 1575 1395 1630 Sed
1430 1592 1606 1646 neque
1659 1579 1797 1648 ipse,
1837 1579 2041 1648 inquit,

468 1662 719 1731 spiritus,
752 1665 853 1718 hoc
881 1672 985 1734 est,
1019 1666 1137 1738 ipsa
1169 1667 1372 1734 anima,
1412 1671 1577 1726 simul
1604 1686 1669 1726 ac
1717 1673 1880 1743 hujus
1913 1688 2042 1729 cor-

469 1756 620 1823 poris
654 1757 873 1813 vincula
908 1762 1312 1828 pertransierit,
1362 1764 1634 1820 subsistet
1695 1766 1935 1836 amplius
1986 1766 2040 1820 in

471 1851 592 1916 ipso
615 1864 870 1918 corpore,
896 1860 992 1906 aut
1033 1853 1146 1908 illic
1189 1858 1426 1924 amplius
1464 1857 1752 1926 habitabit,
1790 1875 1892 1914 nec
1945 1875 2040 1915 co-

1687 295 2073 355 EU'l‘IlYMll
2112 292 2482 353 ZlGABENI

545 395 818 465 Tanquam
846 397 943 465 ﬂos
969 399 1083 465 tigri
1114 401 1189 452 sic
1220 403 1490 471 cﬁlorabit.
1531 401 1686 457 Modo
1743 405 2044 466 formosus,
2081 411 2119 463 Α

3599 293 3736 358 iﬁlli

2237 400 2395 453 'Qoei
2430 397 2614 464 ἄνθος
2667 399 2775 454 τοῦ
2805 399 2994 471 ἀγροῦ
3027 401 3214 467 οὕτως
3241 400 3587 468 ἐξανθιξσει.
3618 404 3735 457 Νῦν

2152 495 2249 562 μὲν
2278 493 2476 562 ὡραῖος
2511 493 2606 555 ὢν,
2652 493 2882 564 ὕστερον
2922 494 2981 548 δὲ
3036 496 3437 567 μαραινόμενος
3480 498 3576 550 καὶ
3621 499 3735 553 δια-

2154 584 2507 655 φθειρόμενος
2540 583 2680 645 κατά
2709 586 2808 655 τὴν
2845 585 3135 650 διάζευξιν.

2226 699 2356 752 Ὀτι
2403 698 2642 768 πνεῦμα
2688 699 2940 768 διῆλθεν
2991 699 3062 753 ἐν
3116 699 3296 766 αὐτῷ.
3353 703 3466 756 Πᾶν
3522 701 3632 774 γὰρ
3680 702 3739 755 τὺ

2156 790 2306 843 σπῶν
2342 791 2483 862 ἀέρα
2529 791 2954 858 διαυλωνὶζοντα
2984 793 3226 863 φθαρτόν
3276 793 3467 846 ἐστιν’
3509 794 3542 864 ἢ
3579 796 3741 847 πνεῦ-

2155 900 2232 953 μα
2273 883 2372 954 τὴν
2418 882 2598 955 ψυχὴν
2651 884 3015 953 ὑποληπτέον,
3059 884 3422 957 διηθουμένην
3463 886 3585 939 ὅλου
3646 886 3742 940 τοῦ

2155 974 2431 1044 σώματος,
2486 973 2580 1030 καὶ
2615 974 2759 1030 κατὰ
2799 975 2892 1032 τὸν
2957 976 3266 1050 ὡρισμένον
3323 977 3516 1048 καιρὸν
3587 978 3741 1049 ἐξερ-

2153 1066 2414 1136 χομένην.

2226 1266 2332 1324 Καὶ
2383 1269 2497 1340 οὐχ
2549 1270 2825 1341 ὑπάρξει.
2859 1270 3015 1328 Κατὰ
3041 1272 3135 1327 τὸν
3161 1275 3409 1347 παρόντα
3441 1273 3578 1346 βίον,
3609 1277 3746 1330 ἀπὸ·

2155 1361 2410 1433 θνήσκων
2431 1367 2460 1416 ὁ
2496 1366 2594 1420 ἀνθ
2604 1383 2807 1436 ρωπος.

2227 1481 2335 1535 Καὶ
2377 1482 2490 1535 οὐκ
2540 1481 2932 1552 ἐπιγνώσεται
2977 1482 3065 1538 ἐτι
3121 1482 3231 1537 τὸν
3279 1485 3468 1538 τόπον
3534 1480 3748 1543 αὐτοῦ,

2155 1571 2302 1642 Πρὸς
2331 1573 2525 1642 ἑτέραν
2553 1575 2844 1629 κατοικίαν
2868 1573 3297 1644 μεταναστεύων
3321 1595 3335 1609 ο
3366 1577 3487 1631 ἀλλ’
3542 1581 3662 1632 οὐδὲ
3684 1579 3748 1634 τδ

2154 1661 2396 1733 πνεῦμα,
2425 1665 2592 1736 ἤγουν
2622 1666 2656 1734 ὴ
2695 1665 2864 1736 ψυχὴ,
2897 1666 3106 1720 διελθὸν
3143 1667 3235 1719 τὸν
3261 1667 3462 1738 δεσμὸν
3494 1667 3592 1721 τοῦ
3637 1670 3746 1723 σὼ-

2158 1771 2348 1826 ματος,
2375 1755 2674 1824 ἐνυπάρξει
2696 1755 2892 1827 τούτῳ,
2920 1759 3040 1812 οὐδὲ
3064 1762 3512 1831 κατασκηνώσει,
3559 1766 3747 1830 καθὼς

2155 1846 2248 1899 καὶ
2275 1846 2546 1917 πρότερον
2569 1864 2585 1880 ο
2617 1847 2740 1902 οὑδδ
2768 1848 3140 1917 ἐπιγνώσεται
3163 1852 3252 1905 τὸν
3282 1854 3450 1906 τόπον
3477 1857 3574 1926 τῆς
3612 1875 3749 1910 κατα

469 1951 701 2010 gnoscet
759 1943 939 1999 locum
987 1945 1346 2005 habitationis
1403 1967 1534 2014 suae,
1571 1953 1749 2022 ipsum
1782 1957 2038 2010 nimirum

2152 1939 2320 1999 amid;
2382 1940 2573 2007 αὑτοῦ,
2599 1941 2744 2009 λέγω
2770 1941 2826 1996 δὲ
2849 1941 2911 1996 τὸ
2943 1944 3102 2014 σῶμα
3140 1963 3154 1977 ο
3190 1949 3237 1998 εἰ
3273 1947 3383 2020 γὰρ
3441 1949 3538 2002 καὶ
3601 1953 3749 2006 κατὰ

463 2047 692 2102 corpus.
720 2033 876 2102 Nam,
905 2037 1011 2091 etsi
1069 2039 1270 2094 anima:
1321 2044 1746 2098 resurreCtionis
1789 2053 2042 2116 tempore

465 2126 688 2195 propria
727 2142 958 2198 corpora
979 2132 1093 2185 sint
1118 2142 1446 2204 recepturtc,
1487 2153 1592 2190 non
1627 2147 1808 2194 tamen
1850 2143 2040 2196 eadem

466 2219 735 2284 recipient
762 2225 1108 2291 corruptioni
1142 2227 1377 2296 amplius
1406 2229 1677 2298 sulijecm,
1715 2243 1810 2286 aut
1859 2243 2041 2288 muta-

465 2306 716 2362 tionibus
751 2307 990 2364 obnoxia
1029 2329 1044 2364 :
1076 2313 1224 2378 unde
1261 2318 1458 2371 merito
1490 2319 1559 2371 ob
1587 2319 1905 2388 huiusmodi
1939 2324 2042 2376 im-

466 2400 821 2455 mutationem
852 2417 917 2456 ea
940 2404 1176 2474 amplius
1204 2422 1313 2462 non
1344 2423 1700 2479 cognoscent.

539 2509 704 2569 Vsus.
744 2515 828 2572 16.
864 2516 1232 2575 Misericordia
1268 2533 1444 2578 autem
1473 2525 1685 2582 Domini
1707 2547 1739 2583 a
1767 2530 1960 2585 saeculo
1990 2530 2042 2586 iit

465 2606 718 2661 stt-culum
747 2626 903 2678 super
947 2613 1187 2668 timentes
1236 2632 1374 2673 eum.
1432 2619 1478 2672 A
1531 2625 1787 2690 priesenti
1842 2629 2045 2681 saeculo

466 2701 716 2770 usquein
743 2701 1014 2770 futurum,
1036 2705 1139 2761 hoc
1166 2716 1274 2774 est,
1309 2711 1362 2764 in
1395 2715 1656 2782 praesenti
1684 2725 1739 2772 et
1768 2717 1822 2772 in
1855 2717 2044 2772 futuro

465 2790 691 2846 saeculo.
753 2791 1022 2864 Perpetua
1076 2798 1224 2852 enim
1270 2800 1360 2855 hic
1459 2811 1625 2874 atque
1675 2806 1788 2863 illic
1824 2817 1907 2864 est
1949 2809 2049 2872 Dei

468 2881 875 2951 misericordia,
925 2896 981 2942 et
1017 2903 1301 2960 nunquam
1334 2896 1601 2952 cessabit.
1641 2896 1775 2953 Nam
1805 2910 1857 2954 et
1889 2900 1981 2956 hic
2013 2913 2042 2955 a

468 2976 834 3042 praesentibus
861 2995 964 3035 nos
992 2981 1159 3050 eripit
1192 2985 1480 3052 periculis,
1524 2999 1578 3043 et
1626 2990 1740 3046 illie
1768 3008 1797 3045 a
1829 2995 2042 3064 suppli-

464 3066 570 3121 ciis
619 3068 815 3124 liberat
866 3074 1112 3130 aeternis.
1170 3075 1265 3133 Est
1298 3092 1480 3136 autem
1514 3082 1632 3143 haec
1661 3085 2043 3145 misericordia

467 3175 636 3228 super
669 3176 786 3226 eos,
818 3165 910 3235 qui
942 3165 1142 3222 timent
1173 3169 1488 3228 Dominum.

541 3251 706 3308 Vens.
738 3255 827 3311 l7.
870 3257 938 3311 Et
981 3259 1203 3328 justitia
1242 3263 1387 3319 illius
1422 3267 1476 3319 in
1503 3267 1632 3337 ﬁliis
1661 3269 1920 3339 ﬁliorum.
1947 3271 2044 3331 Ju-

472 3344 680 3400 stitiam
714 3347 873 3415 dixit,
922 3367 1024 3421 pro
1056 3355 1425 3414 retributione
1483 3361 1753 3418 bonorum
1791 3381 2042 3436 operum.

468 3437 547 3490 Ad
576 3438 721 3494 hunc
754 3442 898 3495 cnim
933 3457 1159 3499 sensum
1204 3447 1568 3517 Symmachus
1601 3458 1904 3512 transtulit.
1959 3458 2049 3516 Di~

469 3532 545 3584 cit
578 3530 745 3602 igitur
767 3533 916 3604 quod
941 3536 1260 3606 huiusmodi
1297 3543 1517 3611 justitia
1550 3558 1816 3618 perpetua
1856 3564 1959 3621 ρει,
1993 3563 2048 3610 et

469 3625 614 3691 ψιοδ
672 3640 772 3694 per
824 3636 1136 3699 temporum
1192 3639 1600 3705 successiones,
1630 3642 1758 3700 ﬁliis
1812 3646 2048 3703 ﬁliorum

471 3717 760 3783 retribuet,
791 3719 884 3786 iis,
904 3719 1154 3791 inquam,
1179 3725 1328 3791 ﬁliis,
1355 3731 1448 3796 qui
1475 3729 1636 3798 juxta
1659 3745 1876 3802 patrum
1904 3740 2045 3794 viam

471 3809 895 3867 ambulaverint.
932 3815 1141 3873 Deinde
1175 3835 1269 3875 eos
1299 3823 1471 3890 pooit,
1505 3826 1648 3896 apud
1682 3843 1824 3899 quos
1853 3831 2047 3902 hujus-

475 3901 619 3956 modi
643 3903 860 3972 justitia
896 3909 1183 3977 reperitur.

546 4015 625 4071 lis
653 4021 745 4088 qui
791 4031 1003 4075 servant
1033 4034 1406 4081 testamentum
1449 4029 1586 4098 ejus.
1638 4029 2047 4092 Testamentuin

470 4109 595 4164 dico
628 4111 942 4168 divinorum
997 4117 1407 4184 mandatorum,
1460 4123 1607 4189 quod
1641 4125 1917 4195 disposuit
1951 4146 2050 4198 pro

473 4204 751 4273 adoptatis
785 4207 891 4263 sibi
934 4209 1087 4275 ﬁliis,
1114 4213 1393 4280 pollicitus
1420 4231 1517 4285 per
1543 4217 1675 4273 illud
1705 4221 1784 4276 eis
1821 4221 2052 4278 ha‘rcdi-

474 4305 663 4352 tatem.

544 4411 712 4468 Vsus.
755 4413 839 4469 18.
887 4413 954 4468 Et
988 4431 1240 4474 memores
1271 4431 1393 4474 sunt
1425 4425 1806 4481 mandatorum
1862 4430 2053 4498 ipsius,

475 4515 532 4558 ut
570 4505 778 4572 faciant
827 4524 914 4563 ea.
945 4509 1073 4576 Qui,
1108 4512 1310 4584 inquit,
1347 4532 1619 4576 memores
1661 4529 1817 4585 sunt,
1851 4540 1958 4576 non
1991 4531 2054 4578 ut

474 4613 536 4651 ea
573 4599 750 4653 sciant
781 4602 1133 4671 simpliciter,
1166 4607 1264 4661 sed
1298 4615 1357 4660 ut
1386 4625 1553 4678 opere
1589 4615 1895 4682 perﬁciant.
1930 4616 2054 4674 Filii

2143 2031 2242 2101 τὴν
2301 2032 2604 2087 ἀνάστασιν
2668 2034 3156 2105 ἀπολαμϐάνουσιν
3205 2039 3262 2090 αἱ
3314 2039 3484 2110 ψυχαὶ
3525 2042 3595 2094 τὰ
3637 2041 3748 2095 ἴδια

2144 2124 2395 2197 σώματι,
2426 2119 2542 2178 ἀλλ’
2577 2126 2676 2197 οὐχ
2716 2124 2805 2181 οἷα
2840 2130 3105 2200 πρότερον
3160 2127 3321 2199 ἦσαν,
3397 2133 3744 2201 ὑποκείμενα

2145 2218 2346 2287 φθορᾷ,
2371 2217 2464 2271 καὶ
2498 2222 2759 2290 τροπαῖς⁶
2800 2222 3030 2285 εἰκότως
3054 2219 3148 2277 οὖν
3172 2223 3258 2277 διὰ
3289 2226 3386 2294 τὴν
3443 2226 3748 2298 ἐναλλαγὴν

2143 2311 2243 2365 οὐκ
2276 2313 2700 2381 ἐπιγινώσκωσι
2723 2317 2919 2374 ταῦτα.

2225 2499 2297 2562 Τὸ
2331 2506 2398 2563 δὲ
2419 2508 2594 2578 ἕλεος
2623 2513 2732 2569 τοῦ
2765 2515 2989 2583 Κυρίου
3039 2515 3159 2572 ἀπὸ
3209 2521 3320 2575 τοῦ
3363 2522 3578 2590 αἰῶνος
3643 2536 3745 2580 και

2145 2599 2254 2666 ἕως
2284 2599 2389 2655 τοῦ
2415 2601 2633 2670 αἰῶνος
2657 2605 2757 2658 ἐπὶ
2781 2605 2907 2671 τοῖς
2932 2609 3330 2679 φοϐουμένοις
3359 2615 3568 2669 αὐτόν.
3607 2615 3746 2669 Ἀπὸ

2144 2691 2238 2745 τοῦ
2263 2696 2530 2763 παρόντος
2557 2695 2753 2760 αἰῶνος
2776 2697 2872 2750 καὶ
2903 2698 3008 2762 ἕως
3031 2701 3124 2754 τοῦ
3152 2703 3464 2772 μέλλοντος,
3493 2710 3744 2760 τουτέστι

2146 2784 2242 2837 καὶ
2296 2786 2355 2838 ὲν
2393 2784 2472 2857 τῷ
2517 2791 2772 2856 παρόντι,
2819 2790 2915 2843 καὶ
2956 2791 3016 2844 ἐν
3057 2794 3131 2863 τῷ
3184 2794 3460 2867 μέλλοντι·
3512 2802 3606 2851 καὶ
3637 2793 3742 2853 ὧδε

2146 2876 2311 2928 κάκεῖ
2337 2875 2604 2947 διηνεκῶς
2632 2878 2800 2948 ἐλεεῖ,
2834 2880 2927 2934 καὶ
2971 2881 3233 2937 οὐδέποτε
3280 2883 3554 2940 παύσεται
3583 2905 3596 2919 ·
3652 2889 3743 2940 ὲν-

2144 2967 2316 3022 ταῦθα
2349 2969 2449 3040 μὲν
2475 2970 2583 3024 τῶν
2612 2972 2850 3029 ἐνταῦθα
2885 2975 3149 3030 κινδύνων
3191 2979 3485 3050 ῥυόμενος,
3516 2980 3636 3033 τότε
3687 2980 3744 3033 δὲ

2144 3061 2253 3115 τῶν
2282 3063 2405 3116 τότε
2462 3062 2844 3136 κολαστηρίων
2905 3068 3342 3140 ἐξαιρούμενος·
3400 3071 3519 3126 ἐστι
3583 3073 3638 3126 δὲ
3682 3074 3744 3128 τὸ

2144 3156 2388 3211 τοιοῦτον
2426 3157 2577 3222 ἕλεος
2613 3159 2780 3213 αὐτοῦ
2819 3163 2877 3214 ὲν
2901 3163 3015 3226 τοῖς
3049 3164 3410 3234 φοϐουμένοις
3444 3167 3628 3220 αὐτόν.

2218 3249 2325 3304 Καὶ
2351 3246 2389 3320 ἡ
2443 3249 2803 3321 δικαιοσύνη
2839 3255 3029 3310 αὑτοῦ
3059 3257 3159 3308 ἐπὶ
3208 3257 3362 3324 υἱοῖς
3411 3257 3582 3312 υἱῶν.
3635 3259 3744 3311 Καὶ

2150 3343 2352 3414 ἀμοιϐὴ
2394 3344 2503 3398 τῶν
2534 3347 2981 3418 κατορθωμάτων
3010 3366 3024 3380 °
3063 3348 3207 3403 οὕτω
3239 3350 3348 3422 γὰρ
3377 3353 3404 3405 ὁ
3443 3351 3742 3422 Σύμμαχος

2149 3435 2401 3503 ἐξέδωκε.
2431 3439 2596 3509 Λέγει
2622 3443 2826 3510 τοίνυν,
2863 3443 2946 3496 ὅτι
2970 3443 3065 3497 καὶ
3088 3446 3122 3516 η
3148 3445 3376 3516 τοιαύτη
3424 3445 3742 3513 δικαιοσύνη

2149 3533 2351 3603 ὁμοίως
2382 3535 2501 3588 ἐστὶ
2554 3534 2835 3607 διηνεκὴς,
2895 3538 3039 3592 κατὰ
3079 3540 3338 3611 διαδοχὴν
3386 3541 3740 3610 παρεχομένη

2149 3629 2263 3689 τοῖς
2291 3628 2427 3691 υἱοῖς
2447 3628 2557 3682 τῶν
2598 3628 2733 3683 υἱῶν
2769 3645 2784 3661 ·
2811 3631 2908 3685 καὶ
2937 3631 3111 3695 οὕτως
3176 3635 3378 3704 ἐφεξῆς
3443 3635 3703 3688 ὁδεύουσα
3728 3652 3742 3664 ·

2150 3720 2249 3773 καὶ
2277 3720 2516 3776 ἐνταῦθα
2546 3722 2710 3776 κάκεῖ
2748 3724 2975 3789 τούτους
3008 3726 3105 3780 τοῦ
3151 3727 3284 3781 Θεοῦ
3332 3728 3702 3798 ἀμειϐομένου
3725 3737 3740 3759 ⁸

2149 3808 2271 3868 εἶτα
2326 3813 2477 3884 λέγει
2526 3817 2623 3871 καὶ
2670 3818 2766 3871 ἐπὶ
2817 3817 2962 3873 τίσιν
3007 3821 3157 3874 ἐστὶν
3198 3821 3229 3892 ἡ
3274 3821 3502 3892 ρηοείσα
3531 3822 3741 3875 δικαιο⁴

2153 3906 2312 3977 σύνη.
2852 3987 2856 3991 ἱ

2227 4017 2362 4085 Τοῖς
2419 4021 2822 4089 φυλάσσουσι
2883 4020 3001 4089 τὴν
3065 4021 3467 4089 δικαιοσύνην
3531 4022 3740 4077 αὑτοῦ.

2153 4110 2266 4181 Τὴν
2294 4111 2559 4182 διαθήκην
2591 4114 2700 4167 τῶν
2729 4113 2990 4180 ἐντολῶν,
3035 4116 3104 4181 ἢν
3167 4115 3378 4168 διέθετο
3447 4115 3588 4184 ὑπὲρ
3632 4116 3744 4168 τῶν

2155 4203 2751 4277 υἱοποιηθέντωναύτῷ
2782 4206 3172 4278 κληρονομίαν,
3231 4208 3418 4270 αὐτοῖς
3479 4209 3741 4278 ἐπαγγεμ

2154 4294 2387 4366 λάμενος
2412 4296 2479 4349 δι’
2505 4297 2700 4366 αὐτῆς.

2227 4411 2336 4468 Καὶ
2387 4411 2794 4481 μεμνημένοις
2849 4412 2968 4467 τῶν
3022 4415 3291 4470 ἐντολῶν
3342 4418 3529 4473 αὑτοῦ
3556 4460 3570 4481 ,
3640 4417 3744 4472 τοῦ

2157 4500 2406 4568 ποιῆσαι
2461 4503 2668 4569 αὑτάς.
2703 4505 3091 4573 Μεμνημὲνοις
3147 4506 3350 4569 αὐτῶν,
3401 4508 3502 4560 οὐκ
3544 4507 3637 4558 ἐπὶ
3666 4507 3743 4576 τῷ

2162 4591 2453 4660 γινώσκειν
2501 4592 2710 4655 ἁπλῶς,
2776 4594 2892 4646 ἀλλ’
2945 4595 3040 4646 ἐπὶ
3076 4593 3155 4664 τῷ
3193 4594 3486 4665 πληρῶσαι
3543 4595 3740 4660 αὑτάς.

472 4693 664 4744 autem
727 4691 986 4756 ﬁliorum,
1045 4711 1153 4752 non
1207 4708 1419 4755 tantum
1452 4703 1487 4756 ii
1517 4715 1666 4770 sunt,
1699 4708 1790 4776 qui
1831 4724 1926 4777 per
1959 4726 2048 4766 co-

2160 4683 2279 4737 Υἱοὶ
2305 4684 2362 4737 δὲ
2397 4685 2529 4736 υἱῶν
2559 4686 2620 4736 οὐ
2647 4685 2807 4754 μόνον
2833 4687 2879 4738 oi
2903 4687 3048 4739 κατὰ
3089 4686 3340 4758 διαδοχὴν
3391 4687 3739 4755 συγγενείας,

473 4777 754 4849 gnalionis
783 4788 1196 4841 successionem
1224 4801 1581 4860 generantur,
1616 4797 1711 4851 sed
1748 4798 1826 4852 illi
1862 4800 2052 4869 etiam,

472 4872 566 4935 qui
598 4871 818 4938 pietatis
842 4889 906 4929 ac
938 4876 1220 4947 religionis
1255 4880 1499 4938 hatredes
1541 4893 1693 4950 sunt,
1724 4903 1788 4943 ac
1823 4904 2052 4948 succes-

475 4978 655 5018 SOI'CS.

547 5055 715 5114 Vens.
749 5059 836 5114 19.
869 5060 1125 5117 Dominus
1148 5066 1203 5119 in
1236 5067 1365 5121 coelo
1385 5073 1590 5137 paravit
1608 5075 1853 5129 thronum
1878 5090 2054 5133 suum.

475 5149 581 5214 Qui
615 5151 784 5220 igitur
813 5154 959 5209 illius
991 5157 1190 5213 throno
1231 5163 1496 5219 assistere
1524 5169 1778 5235 cupiunt,
1814 5169 2059 5238 cogitent

475 5242 749 5308 emlcstia,
786 5256 840 5299 ct
867 5257 1093 5304 terrena
1127 5251 1458 5322 deSpiciant.
1501 5257 1808 5313 Denotatur
1865 5273 2052 5315 autem

479 5335 567 5391 his
590 5337 769 5392 verbis
787 5355 1001 5394 summa
1029 5342 1118 5398 Dei
1148 5348 1444 5400 celsitudo.
1478 5349 1543 5402 Et
1576 5351 1699 5406 vide
1733 5353 1787 5407 in
1815 5355 2062 5408 secundo

477 5430 695 5497 psalmo
728 5435 1130 5501 espositionem
1169 5441 1326 5495 illius
1379 5444 1637 5498 versiculi
1676 5445 1820 5510 :Qm‘
1855 5447 2060 5500 habitat

469 5523 533 5575 in
557 5525 702 5578 cretis
739 5527 1005 5584 irridebit.

552 5701 621 5754 Et
662 5720 875 5774 regnum
905 5709 1072 5776 ipsius
1129 5713 1367 5765 omnibus
1434 5711 1814 5765 dominabitur.
1880 5712 2062 5766 Veluti

2151 4779 2290 4835 ἀλλὰ
2320 4783 2414 4833 καὶ
2445 4782 2496 4833 οἰ
2533 4782 2677 4835 κατὰ
2726 4781 2980 4853 διαδοχὴν
3023 4782 3305 4847 εὐσεϐείας
3339 4784 3435 4839 καὶ
3485 4786 3744 4857 ἐναρέτου

2156 4873 2458 4936 πολιτείας.

2228 5060 2442 5128 Κύριος
2494 5059 2565 5114 ἐν
2619 5058 2700 5124 τῷ
2757 5060 2994 5129 οὐρανῷ
3041 5061 3335 5128 ήτο¹μασε
3379 5060 3488 5114 τὸν
3526 5063 3746 5130 θρόνον

2158 5155 2366 5209 αὐτοῦ.
2410 5155 2611 5208 Λοιπὸν
2629 5155 2678 5206 οἱ
2712 5153 2790 5223 τῷ
2823 5153 3000 5223 θρόνῳ
3031 5153 3198 5206 αὑτοῦ
3229 5156 3586 5224 παραστῆναι
3622 5152 3747 5223 βου-

2159 5247 2375 5316 λόμενοι
2433 5245 2659 5314 οὐράνια
2717 5245 3112 5313 φρονείτωσαν,
3174 5244 3284 5297 τῶν
3364 5245 3570 5313 γηΐνων
3643 5261 3746 5298 κα-

2161 5337 2565 5407 ταφρονοῦντες
2599 5355 2611 5367 ·
2649 5339 2711 5390 τὸ
2746 5337 2879 5406 ὕψος
2909 5339 2966 5392 δὲ
2999 5340 3098 5407 τῆς
3147 5338 3424 5408 βασιλείας
3481 5338 3575 5391 τοῦ
3609 5336 3746 5391 Θεοῦ

2163 5429 2225 5482 τὸ
2259 5431 2421 5498 ῥητὸν
2454 5429 2734 5498 ἐμφαίνει.
2782 5431 3026 5500 Ζήτησον
3051 5432 3108 5484 δὲ
3135 5432 3229 5483 καὶ
3253 5433 3312 5483 ὲν
3338 5429 3413 5498 τῷ
3445 5430 3489 5499 β’
3523 5429 3744 5500 ψαλμῷ,

2165 5526 2265 5593 τὴν
2304 5523 2674 5592 παραγραφὴν
2704 5523 2804 5592 τῆς
2838 5525 3151 5593 ἐξηγήσεως
3213 5522 3329 5588 τοῦ,
3374 5523 3429 5575 '0
3453 5521 3748 5576 κατοικῶν

2170 5616 2238 5666 ἐν
2264 5615 2545 5680 οὐρανοῖς
2578 5613 2968 5680 ὲκγελάσεται
3005 5614 3249 5679 αὐτούς.

2246 5706 2350 5761 Καὶ
2387 5709 2420 5771 ὴ
2448 5706 2740 5769 ,ϐασιλεία
2788 5707 2975 5762 αὐτοῦ
3034 5707 3275 5760 πάντων
3315 5707 3615 5768 δεσπόζε..
3659 5709 3747 5770 Ὠς
