4120 6296
327 312 467 378 105Ἷ

1468 310 1860 374 COMMENT.
1918 312 1999 373 IN
2040 314 2402 375 PSALMOS.

3447 315 3587 379 1058

397 431 505 486 Καὶ
541 429 1036 496 ἐταπεινώθησαν
1062 427 1130 481 ἐν
1165 426 1294 493 ταῖς
1355 426 1610 497 ἀνομίας
1682 425 1902 481 αὐτῶν.

2086 427 2154 481 Et
2179 429 2452 480 humiliati
2474 437 2598 480 sunt
2622 428 2674 482 in
2699 429 3065 499 iniquitatibus
3094 431 3229 485 suis.
3263 430 3594 485 Deciderunt

327 523 798 595 Κατεπτώοησαν,
822 523 1159 593 ἡσθένησαν.

399 710 509 766 Καὶ
533 704 654 763 εἶδε
678 709 891 773 Κύριος
927 706 996 760 ἐν
1022 705 1101 771 τῷ
1119 706 1432 760 θλίϐεσθαι
1455 705 1705 771 αὐτοὺς,
1738 704 1809 756 ἐν
1827 702 1905 772 τῷ

328 803 687 858 εἰσακοῦσαι
706 799 814 868 τῆς
838 797 1109 865 δεήσεως
1132 796 1352 861 αὐτῶν,
1374 798 1470 851 xal
1501 795 1775 865 ἐμνήσθη
1795 795 1906 863 τῆς

329 895 621 963 διαθήκης
650 893 857 948 αὑτοῦ.
889 892 1004 960 Τῆς
1033 891 1171 962 πρὸς
1212 890 1487 961 Ἀϐραὰμ,
1540 891 1635 944 καὶ
1693 889 1907 952 Ἰσαὰκ,

329 991 426 1044 καὶ
491 987 712 1042 Ἰακώϐ.

400 1083 511 1138 Kal
564 1081 895 1150 ἐμελετήθη
944 1080 1095 1135 κατὰ
1142 1078 1213 1131 τὸ
1263 1074 1500 1146 πλῆθος
1528 1076 1635 1131 τοῦ
1693 1074 1910 1139 ἐλέους

328 1171 538 1228 αὐτοῦ.
582 1171 867 1228 Μετέϐαλε
896 1171 998 1239 τὴν
1023 1168 1196 1242 ὀργὴν
1258 1171 1340 1233 εις
1388 1165 1590 1234 οἶκτον,
1626 1169 1701 1232 ὡς
1746 1169 1910 1221 πολυ-

333 1266 504 1328 έλεος.

403 1357 514 1412 Καὶ
545 1356 772 1412 ἔδωκεν
817 1355 1045 1424 αὐτοὺς
1065 1359 1156 1421 εἷς
1209 1353 1570 1425 οὶκτιρμούς.
1621 1355 1911 1427 ’ῼκτειρεν

333 1448 556 1511 αὐτούς.

413 1539 727 1594 Ἐναντιον
794 1539 1043 1592 πάντων
1099 1536 1220 1591 τῶν
1285 1535 1912 1605 αὶχμαλωτευσάντων

332 1631 577 1696 αὐτούς.
631 1627 1118 1702 Περιφραστικῶς,
1148 1626 1290 1680 ὥστε
1329 1627 1547 1690 πάντας
1589 1625 1753 1679 τοῦτο
1809 1642 1914 1690 μα-

333 1722 449 1777 θεῖν
477 1723 607 1786 τοὺς
639 1718 1204 1790 αἰχμαλωτεύσαντας
1230 1719 1452 1780 αὐτούς.
1494 1717 1742 1787 Διάφορα
1802 1717 1910 1784 γὰρ

2014 521 2161 574 enim
2193 522 2261 573 ab
2295 521 2509 591 adeptis
2530 522 2768 588 viribus,
2802 523 3116 593 inﬁrmique
3171 539 3234 577 ac
3272 523 3482 578 debiles
3509 522 3593 578 ef-

2020 614 2149 666 fecti
2181 623 2328 666 sunt.

2088 697 2257 753 Vens.
2293 700 2380 764 44,
2414 701 2504 756 45.
2538 701 2607 754 Ει
2631 703 2756 756 uidit
2810 704 3067 761 Dominus
3101 723 3220 760 eum
3275 709 3598 762 tributaren-

2019 802 2124 855 tur.
2155 795 2279 847 dum
2304 797 2575 850 exaudivit
2610 799 2902 853 oralionem
2935 819 3136 866 eorum,
3163 811 3212 856 et
3238 820 3436 858 memor
3491 805 3596 871 fuit

2020 889 2323 938 testamenti
2354 888 2461 940 sui.
2503 888 2870 952 Testamenti,
2906 891 3156 962 inquam,
3179 892 3243 946 ad
3294 893 3595 960 Abraham,

2022 977 2177 1032 Isaac
2203 986 2257 1031 et
2276 977 2469 1034 Jacob.
2891 1048 2896 1054 η

2093 1069 2160 1122 Et
2189 1072 2434 1138 pmnituit
2464 1089 2580 1126 eum
2621 1059 2905 1128 secundum
2947 1077 3337 1132 multitudinem
3396 1079 3600 1131 miseri—

2019 1160 2216 1216 cordia:
2247 1163 2942 1220 sua-.Commutavitenim
2978 1167 3117 1219 iram
3168 1168 3221 1221 in
3279 1168 3600 1224 misericorc

2022 1250 2192 1304 diam.
2224 1252 2320 1305 Est
2349 1255 2553 1307 etenim
2591 1257 2746 1309 valde
2786 1257 3128 1312 misericors.

2097 1341 2259 1397 Vens.
2295 1345 2384 1398 46.
2425 1345 2492 1399 Et
2532 1347 2675 1401 dedit
2703 1365 2789 1402 eos
2831 1351 2884 1403 in
2921 1352 3345 1408 misericordias.
3394 1355 3598 1410 Eorum

2021 1435 2285 1490 misertus
2313 1445 2414 1490 est.

2092 1526 2160 1580 In
2204 1539 2486 1598 conspectu
2512 1533 2769 1594 omnium,
2829 1533 2918 1600 qui
2978 1545 3223 1602 ceperant
3285 1553 3393 1590 eos.
3451 1537 3602 1592 Adeo

2021 1621 2197 1689 palam
2234 1632 2397 1691 atque
2433 1623 2570 1677 adeo
2594 1624 2886 1679 manifeste
2917 1642 3110 1680 eorum
3155 1606 3428 1684 misertus
3487 1640 3596 1692 est,

2021 1720 2080 1765 ut
2106 1727 2326 1772 omnes.
2361 1714 2451 1782 qui
2503 1713 2760 1768 fecerant
2786 1732 2878 1771 eos
2901 1719 3175 1786 captivos,
3225 1723 3513 1791 perspicue
3546 1724 3600 1776 id

333 1817 463 1886 ἔθνη
529 1813 672 1869 κατὰ
696 1812 992 1883 διαφόρους
1027 1814 1256 1881 καιροὺς
1317 1810 1755 1883 ᾑχμαλώτευσαν
1818 1810 1918 1860 αὐ-

2022 1806 2401 1875 cognoverint.
2437 1807 2611 1860 Variae
2640 1807 2785 1861 enim
2837 1819 3053 1877 gentes,
3115 1814 3283 1867 variis
3336 1817 3602 1883 tempori-

333 1907 588 1971 τοϋς,ὡς
632 1907 666 1976 ἠ
711 1903 1018 1974 δηλωθείσα
1064 1904 1249 1972 βίϐλος
1318 1903 1549 1974 ἱστορεῖ.
1601 1902 1800 1969 Γέγονε
1858 1901 1917 1953 δὲ

2027 1899 2130 1952 bus
2155 1913 2251 1952 eos
2280 1900 2332 1951 in
2361 1901 2688 1954 servitutem
2734 1902 3086 1970 redegerunt,
3126 1908 3600 1972 quemadmodum

340 1999 503 2054 τοῦτο
564 1999 660 2051 ἐπὶ
713 1997 925 2066 Κύρου,
981 1997 1074 2046 καὶ
1119 1995 1375 2065 Δαρείου,
1409 1995 1505 2048 καὶ
1548 1992 1918 2064 Ἀρταξέρξου

2023 1989 2078 2045 in
2108 1991 2371 2060 prazdicto
2417 1992 2671 2045 Judicum
2728 1993 2868 2047 libro
2929 1994 3188 2050 traditur.
3235 1998 3466 2052 Factum
3517 2012 3604 2053 est

339 2092 452 2146 τῶν
479 2089 773 2162 βασιλέων,
803 2089 881 2152 ὡς
911 2088 1154 2158 Ἔσδρας
1180 2085 1418 2158 ἔγραψε.

411 2272 625 2327 Σῶσον
647 2270 827 2342 ἡμᾶς.
852 2271 1051 2338 Κύριε,
1089 2271 1122 2322 ὀ
1158 2267 1304 2334 Θεὸς
1319 2265 1509 2336 ἡμῶν.
1530 2267 1629 2330 Εἰς
1653 2281 1753 2336 την
1789 2280 1920 2331 προ-

341 2367 508 2434 τέραν
539 2363 697 2428 αὖθις
726 2363 1003 2434 ἀνέδραμε
1030 2361 1266 2416 ἱκεσίαν.

409 2459 521 2516 Καὶ
565 2455 981 2525 ὲπισυνάγαγε
1011 2454 1172 2523 ἡμᾶς
1209 2454 1281 2507 ἐκ
1311 2453 1430 2506 τῶν
1476 2450 1693 2508 ἐθνῶν.
1745 2447 1921 2520 Οἶμαι

345 2549 625 2622 προσώπῳ
647 2550 748 2617 τῆς
773 2549 832 2615 ἐξ
859 2548 1031 2602 ἐθνῶν
1060 2547 1398 2616 Ἐκκλησιας
1466 2546 1500 2615 ή
1547 2544 1917 2616 παράκλησις·

345 2647 476 2707 ῐσως
506 2645 563 2698 δὲ
588 2643 683 2697 καὶ
698 2642 808 2695 τῶν
829 2641 1250 2712 διασπαρέντων
1270 2639 1412 2710 μετὰ
1432 2637 1534 2710 τὴν
1567 2642 1720 2709 παρὰ
1742 2635 1922 2690 Βαϐυ-

345 2737 556 2792 λωνίων
591 2733 1000 2806 αἰχμαλωσίαν.

419 2914 531 2972 Τοῦ
586 2909 1150 2982 ἐξομολογήσασθαι
1223 2923 1294 2962 εν
1348 2908 1431 2973 τῷ
1482 2908 1735 2977 ὀνόματί
1801 2922 1920 2961 σου

344 3008 424 3074 τῷ
445 3009 608 3077 ἁγίῳ.
637 3004 747 3058 Τοῦ
788 3001 1211 3073 εὐχαριστῆσαι,
1236 3000 1313 3061 ὡς
1366 2998 1588 3071 Σωτῆρι
1638 2999 1734 3051 καὶ
1767 2999 1921 3050 ἐλευ-

346 3101 586 3172 θερωτῇ.

2023 2091 2206 2138 autem
2277 2086 2400 2148 hoc,
2432 2093 2680 2153 tempore
2725 2084 2875 2155 Cyri,
2944 2087 3097 2141 Darii
3148 2098 3202 2143 et
3249 2093 3601 2159 Artaxerxis,

2026 2185 2086 2229 ut
2129 2174 2333 2232 Esdras
2366 2176 2578 2232 scribit.

2102 2268 2263 2324 Vens.
2299 2268 2388 2322 47.
2431 2269 2620 2324 Salvos
2654 2270 2739 2336 [ac
2770 2287 2887 2338 nos,
2942 2272 3167 2327 Domine
3209 2274 3351 2330 Deus
3403 2285 3599 2331 noster.

2023 2357 2222 2412 lterum
2257 2360 2322 2412 ad
2361 2376 2554 2428 preces
2586 2365 2842 2417 recurrit.

2103 2453 2169 2504 Et
2199 2469 2459 2522 congrege
2491 2472 2584 2508 nos
2617 2457 2680 2508 de
2709 2459 3037 2512 nationibus.
3082 2461 3220 2513 Puto
3279 2461 3600 2529 petitionem

2025 2539 2170 2592 hanc
2194 2540 2428 2608 proferri
2465 2558 2533 2596 ex
2575 2559 2808 2612 persona
2843 2546 3123 2615 Ecclesiae,
3148 2565 3271 2616 quae
3311 2552 3380 2605 de
3429 2554 3604 2620 genti-

2025 2628 2128 2684 bus
2165 2642 2495 2700 congregata
2533 2644 2616 2688 est
2653 2652 2666 2689 :
2701 2637 2779 2691 vel
2824 2637 2965 2694 forte
2991 2655 3057 2694 ex
3097 2657 3334 2710 persona
3390 2644 3606 2700 Judmo.

2022 2735 2168 2787 rum,
2200 2723 2294 2792 qui
2350 2733 2475 2793 post
2518 2727 2903 2798 Babylonicam
2944 2735 3318 2803 captivitatem
3367 2736 3602 2806 dispersi

2023 2825 2182 2869 sunt.
2600 2815 2604 2818 ’

2099 2907 2168 2961 Ut
2194 2910 2548 2977 conﬁteantur
2579 2913 2778 2966 nomini
2807 2924 2894 2969 tuo
2920 2925 3127 2972 saneto.
3155 2918 3226 2975 Ut
3265 2921 3476 2989 gratias
3501 2921 3600 2977 tibi

2023 3013 2277 3068 agamus,
2306 3011 2570 3072 tanquam
2599 3006 2875 3060 Salvatori
2923 3022 2988 3062 ac
3043 3011 3330 3066 liberatori
3387 3023 3604 3070 nostro.

422 3150 976 3257 ἀζοιῖηέτκαυχᾶσθαι
1001 3183 1070 3237 ἐν
1089 3182 1162 3250 τῇ
1193 3181 1422 3238 αἰνέσει
1439 3196 1578 3236 σου.
1615 3180 1777 3247 Μέγα
1808 3180 1918 3250 γὰρ

2097 3176 2167 3229 Et
2191 3178 2481 3246 gloriemur
2504 3181 2559 3233 iu
2593 3181 2750 3234 laude
2784 3190 2894 3237 tua.
2928 3184 3180 3254 Magnum
3218 3190 3420 3242 etenim
3470 3192 3601 3261 quid

347 3286 595 3352 τδαίνεῑν
651 3297 751 3334 σε·
813 3282 909 3334 καὶ
962 3279 1234 3348 καύχησις
1292 3279 1408 3339 τοῖς
1449 3275 1698 3329 αἰνοῦσιν
1725 3273 1923 3339 ὅντως,

350 3378 434 3432 ὃτι
463 3373 742 3441 αςιοῦνται
774 3373 1065 3442 ὑμνολὸγοι
1091 3368 1350 3440 γενέσθαι
1372 3367 1619 3423 τοιούτου
1657 3366 1818 3420 Θεοῦ.

418 3551 767 3626 Εὐλογητὸς
819 3551 1030 3618 Κύριος
1076 3552 1108 3603 ό
1162 3546 1306 3612 Θεός
1371 3543 1623 3613 Ἰσραὴλ
1663 3543 1783 3598 ἀπὸ
1815 3540 1925 3596 τοῦ

348 3647 565 3715 αἰῶνος
596 3648 691 3700 καὶ
715 3645 830 3712 ἓως
861 3643 972 3699 τοῦ
1013 3642 1254 3708 αἰῶνος.
1293 3637 1653 3710 Εὐφημητδς,
1709 3636 1925 3699 utve-cor;

351 3743 529 3883 (Riihl
557 3827 682 3896 ἐρεῖ
707 3826 824 3892 πᾶς
852 3827 889 3879 ὁ
914 3823 1092 3887 λαός·
1111 3821 1375 3881 Γένοιτο.
1392 3820 1641 3892 γένοιτο.
1669 3819 1822 3890 Ἐρεῖ
1842 3818 1922 3885 τὸ,

360 3920 687 3990 Ἐὐλογητὸς
717 3921 744 3973 ὁ
782 3917 1024 3987 Κύριοςο
1051 3915 1085 3986 ἢ
1126 3915 1213 3981 τὸ,
1277 3913 1501 3968 Γένοιτο
1530 3911 1849 3981 εὐλογητός.

913 4093 1304 4158 Ἀλληλούια.

879 4180 1176 4234 ΨΑΛΜΟΣ
1213 4179 1354 4245 PG".

420 4277 531 4330 Καὶ
554 4269 709 4338 οὗτος
735 4274 765 4325 ὁ
785 4273 1023 4342 ψαλμδς,
1056 4271 1268 4338 διεξιὼν
1299 4273 1619 4343 εὐεργεσίας
1647 4271 1740 4325 τοῦ
1761 4271 1922 4334 Θεοῦ,

351 4371 449 4441 τὴν
479 4368 651 4438 αὐτὴν
681 4365 760 4437 τῷ
795 4364 1130 4436 προλαϐόντι
1173 4364 1405 4428 δικαίως
1449 4364 1643 4432 ἔλαχεν
1686 4365 1923 4432 ιπιγρα-

351 4456 480 4526 φῆν·

431 4634 926 4705 Ἐξομολογεῖσθε
956 4631 1036 4697 τῷ
1064 4631 1255 4701 Κυρίῳ
1277 4630 1365 4685 ὅτι
1401 4629 1690 4700 χρηστὸς,
1723 4628 1811 4683 ὅτι
1840 4630 1925 4691 sic

349 4732 454 4785 τὸν
473 4728 658 4783 αἰῶνα
680 4730 746 4781 τὸ
778 4726 951 4790 ἔλεος
983 4724 1192 4779 αὑτοῦ.
1218 4721 1473 4775 Τοιοῦτον
1501 4721 1614 4791 ἔχει
1639 4718 1926 4792 προοίμιον

352 4819 448 4870 καὶ
483 4818 512 4868 ὁ
541 4817 649 4886 πρὸ
673 4813 864 4868 τούτου
883 4812 1122 4882 ψαλμὸς.

421 4997 780 5054 Ειπάτωσαν
811 4999 865 5050 οὶ
889 4992 1323 5063 λελυτρωμένοι
1351 4995 1465 5050 ὑπὸ
1494 4995 1729 5061 Κυρίου.
1757 4993 1929 5047 Εἰπὰ-

350 5109 530 5145 τωσαν
567 5091 650 5143 ὅτι
676 5087 912 5158 χρηστὸς
946 5087 1040 5138 καὶ
1068 5088 1130 5138 τὸ
1164 5085 1313 5154 ἑξῆς.

418 5183 535 5247 Οὓς
549 5178 932 5246 ἐλυτρώσατο
960 5177 1028 5230 ἐκ
1054 5175 1249 5245 χειρὸς
1266 5178 1501 5246 ἐχθροῦ.
1524 5179 1630 5232 Τοῦ
1649 5180 1920 5237 διαϐόλου.

351 5272 486 5341 Περὶ
533 5273 642 5342 γὰρ
675 5271 780 5322 τῶν
811 5268 1224 5322 πιστευσάντων
1280 5270 1361 5330 εἰς
1399 5271 1630 5338 Χριστὸν
1683 5275 1710 5326 ὁ
1745 5275 1923 5340 λόγος,

354 5367 403 5418 εἰ
444 5367 539 5418 καὶ
584 5363 828 5416 Ἰουδαῖοι
868 5361 1241 5430 φιλονεικοῦσι
1297 5361 1540 5414 νοεῖσθαι
1588 5364 1679 5416 τὸν
1712 5364 1927 5433 ψαλμὸν

352 5459 480 5527 περὶ
508 5456 616 5509 τῶν
656 5457 791 5524 μετὰ
827 5458 924 5524 τὴν
959 5453 1109 5523 παρὰ
1140 5452 1499 5506 Βαϐυλωνίων
1541 5455 1922 5524 αἰχμαλωσίαν

352 5547 792 5617 ἀνακληοέντων.
817 5547 948 5599 Τινᾶ
977 5545 1032 5598 δὲ
1062 5544 1172 5597 τῶν
1221 5546 1598 5616 ἀντιγράφων,
1630 5548 1697 5601 ἐκ
1724 5551 1924 5617 χειρὸς

357 5635 602 5709 ἐχθρῶν,
635 5638 963 5710 γράφουσιν,
999 5637 1118 5706 ἦτοι
1139 5637 1248 5690 τῶν
1277 5639 1568 5707 δαιμόνων.

2025 3274 2132 3328 est,
2156 3264 2326 3322 Deum
2355 3269 2603 3325 laudare.
2650 3268 2793 3326 Vera
2845 3274 3009 3327 etiam
3043 3291 3108 3329 ac
3152 3293 3366 3331 summa
3399 3281 3606 3351 gloria~

2025 3359 2107 3412 tio
2135 3369 2222 3414 est
2249 3362 2530 3426 omnibus,
2586 3366 2680 3433 qui
2751 3381 2877 3418 eum
2931 3368 3200 3422 laudant:
3259 3386 3320 3423 ea
3390 3374 3603 3430 ratione

2026 3450 2301 3515 videlicet,
2332 3456 2477 3518 quod
2509 3455 2655 3523 digni
2689 3455 2865 3510 eiTecti
2900 3471 3031 3510 sunt
3063 3469 3220 3516 tanto
3272 3464 3600 3519 ministerio.

2099 3539 2269 3596 Vens.
2310 3544 2398 3597 ιε.
2451 3545 2764 3599 Benedictus
2811 3547 3066 3602 Dominus
3124 3552 3261 3606 Deus
3321 3551 3513 3621 Israel,
3569 3575 3604 3612 a

2028 3634 2224 3688 secuto
2263 3644 2310 3688 et
2345 3652 2505 3704 usque
2552 3639 2604 3688 in
2639 3638 2913 3693 siccatum.
2979 3640 3387 3700 Benedicendus
3452 3649 3600 3702 enim

2028 3739 2250 3794 semper
2279 3739 2383 3789 est,
2411 3740 2465 3782 et
2499 3730 2828 3785 laudandus.

2104 3815 2174 3869 Et
2199 3817 2340 3871 dicet
2379 3822 2550 3874 omnis
2581 3826 2848 3888 populus:
2880 3823 3030 3891 Fiat,
3065 3828 3182 3894 fiat.
3218 3829 3369 3884 Dicet
3421 3838 3601 3889 omnis

2026 3909 2266 3977 populus
2311 3926 2326 3961 :
2368 3909 2702 3966 Benedictus
2737 3914 3047 3978 Dominus:
3086 3921 3168 3973 vel
3215 3921 3360 3975 dicet
3421 3930 3601 3981 omnis

2030 4001 2269 4070 populus
2306 4018 2319 4055 :
2356 4000 2498 4068 Fiat,
2532 4005 2778 4073 inquam,
2813 4009 2902 4061 tlat
2940 4010 3259 4068 benedictus
3320 4013 3600 4074 Dominus.

2694 4097 2953 4153 Alleluia.

2575 4185 2892 4244 PSALMUS
2925 4190 3056 4246 CVI.

2098 4273 2236 4329 Cum
2288 4275 2378 4331 hic
2430 4277 2676 4346 psalmus
2746 4281 2910 4335 simili
2969 4284 3131 4341 modo
3185 4288 3452 4345 beneﬁcia
3504 4292 3600 4350 Dei

2026 4373 2216 4419 narret
2247 4367 2301 4420 in
2333 4367 2630 4422 humanum
2667 4387 2846 4439 genus
2914 4376 3132 4443 collata,
3178 4382 3425 4437 eamdem
3492 4401 3604 4442 me-

1958 4457 2141 4545 l)rito
2194 4472 2319 4512 cum
2377 4462 2818 4527 przeccdcutibus
2890 4468 3117 4535 psalmis
3178 4471 3600 4545 inscriptionem

2033 4550 2263 4604 sortitus
2285 4561 2390 4606 est.

2103 4641 2270 4697 Vsus.
2327 4643 2376 4696 1.
2429 4643 2768 4714 Conﬁternini
2822 4649 3066 4718 Domino,
3108 4659 3359 4725 quoniam
3416 4661 3602 4732 bonus,

2031 4732 2284 4800 quoniam
2345 4733 2399 4785 in
2456 4737 2710 4789 sa’culum
2780 4741 3145 4800 misericordia
3206 4748 3342 4816 ejus.
3385 4751 3601 4810 Eisdem

2031 4824 2212 4878 verbis
2268 4823 2540 4895 Propheta
2609 4829 2666 4883 in
2725 4833 3053 4899 praecedenti
3100 4840 3312 4907 psalmo
3368 4858 3602 4900 exorsus

2029 4928 2134 4972 est.

2103 5008 2266 5064 Vens.
2302 5011 2352 5066 ιζ.
2397 5011 2581 5066 Dicant
2606 5017 2696 5083 qui
2725 5017 2976 5085 redempti
3019 5031 3142 5074 sunt
3171 5040 3204 5075 α
3239 5024 3459 5080 Domino
3516 5028 3606 5084 lli-

2029 5113 2181 5170 cant,
2211 5106 2457 5174 inquam.
2499 5107 2642 5172 quod
2684 5108 2859 5165 bonus
2889 5123 2993 5176 cst,
3023 5124 3075 5167 et
3109 5131 3228 5183 qua:
3268 5131 3598 5189 sequuntur.

2104 5196 2250 5262 Quos
2286 5198 2504 5252 redemit
2524 5198 2588 5251 de
2624 5218 2782 5253 manu
2816 5204 3037 5258 inimici.
3086 5207 3300 5264 Diaboli
3356 5215 3598 5268 scilicet.

2030 5285 2128 5341 Est
2157 5289 2303 5342 enim
2342 5304 2528 5344 sermo
2556 5291 2623 5344 de
2684 5291 2935 5349 ﬁdelibus
3000 5299 3364 5367 Christianis;
3423 5322 3602 5372 quam

2029 5397 2196 5451 quam
2232 5383 2402 5436 Judaei
2439 5386 2775 5440 contendant
2838 5392 3106 5459 psalmum
3158 5395 3303 5448 hunc
3365 5399 3597 5469 intelligi

2030 5474 2232 5529 debere
2267 5474 2334 5529 de
2361 5476 2428 5530 iis
2458 5478 2550 5545 qui
2581 5492 2643 5530 ex
2696 5478 3017 5549 Babylonica
3083 5488 3398 5552 captivitate
3444 5506 3599 5544 revo-

2028 5568 2138 5619 cati
2180 5566 2398 5621 suntin
2470 5571 2727 5637 patriam.
2771 5570 3025 5638 Qntcdam
3082 5594 3210 5632 vero
3269 5585 3596 5653 exemplaria

2029 5659 2230 5711 habent
2266 5678 2278 5711 :
2329 5659 2402 5712 De
2436 5677 2597 5714 manu
2628 5665 2980 5733 inimicorum,
3016 5670 3116 5722 hoc
3163 5681 3268 5736 est,
3320 5672 3391 5727 De
3443 5683 3594 5742 pote—

2027 5759 2166 5804 state
2182 5753 2514 5806 daemonum.
