4094 6280
543 362 689 427 1059

1750 360 2125 427 EUTIIYMII
2167 365 2523 428 ZIGABENI

3666 368 3801 434 loco

612 483 683 538 Et
722 484 786 540 de
816 483 1111 555 regionibus
1139 487 1472 557 congregavit
1506 504 1615 542 eos.
1645 484 1719 543 De
1791 490 2112 560 regionibus

2291 490 2401 544 Καὶ
2462 491 2534 544 ἐκ
2606 487 2725 543 τῶν
2778 489 2989 559 χωρῶν
3035 491 3386 561 συνήγαγεν
3416 492 3661 558 αὐτούς.
3712 482 3803 547 Ἐκ

532 581 785 653 gentium
807 586 1191 650 congregatos,
1227 581 1280 635 in
1308 598 1471 636 unam
1494 582 1828 651 Ecclesiam,
1864 594 2027 653 atque
2062 584 2118 638 in

537 673 760 726 unicam
789 669 947 724 ﬁdem
990 670 1302 741 conjunxit.

608 762 777 817 Vens.
802 764 855 815 5.
893 764 937 815 Α
973 763 1103 817 solis
1140 773 1284 829 ortu,
1318 775 1367 817 et
1397 781 1612 830 occasu,
1638 768 1703 820 ab
1742 769 2016 839 aquilone,
2066 779 2119 824 et

537 857 698 911 mari.
726 855 802 909 Ex
832 865 1069 919 quatuor
1098 859 1243 913 enim
1275 859 1466 912 mundi
1516 862 1768 928 partibus
1824 862 1878 915 in
1943 870 2113 918 unum

539 947 858 1017 congregati
894 956 1024 1001 sunt
1059 963 1073 1000 :
1112 948 1241 1017 quia
1282 950 1335 1001 in
1360 964 1563 1002 omnem
1596 959 1796 1005 terram
1824 952 1987 1006 exivit
2029 970 2118 1008 so-

538 1056 635 1091 nus
671 1038 1071 1106 apostolorum,
1104 1048 1153 1091 et
1180 1038 1389 1107 in'ﬁncs
1419 1042 1560 1096 urbis
1602 1053 1757 1097 terrte
1812 1044 1968 1098 verba
2030 1060 2121 1099 eo-

533 1148 651 1184 rum
683 1133 748 1187 ⁸⁸.

610 1227 780 1281 Vens.
811 1226 863 1280 4.
914 1224 1243 1281 Erraocrunt
1284 1229 1338 1280 in
1381 1229 1696 1293 solitudine,
1729 1231 1783 1284 in
1834 1231 2113 1301 inaguoso.

535 1319 805 1373 Errabant
832 1320 958 1372 olim
994 1326 1187 1388 gentes
1204 1335 1396 1375 omnes
1427 1322 1776 1379 ambulantes
1804 1324 1857 1377 in
1884 1340 2119 1381 conver-

538 1414 751 1468 satione
785 1414 1021 1482 quadam
1052 1412 1269 1466 deserta
1301 1413 1657 1485 solitariaque
1677 1430 1741 1469 ac
1765 1417 1989 1470 viduata
2010 1422 2120 1470 vir-

534 1514 714 1559 tutum
777 1504 1073 1565 truetibus,
1130 1513 1183 1558 et
1237 1506 1387 1558 omni
1442 1521 1614 1562 sacrae
1666 1506 1932 1562 doctrina:
1984 1520 2115 1579 pout

536 1611 767 1665 prorsus
798 1605 1041 1651 carcnte‘.

618 1688 769 1742 Viam
795 1690 1025 1743 ciuitatis
1048 1689 1342 1746 habitaculi
1378 1710 1481 1746 non
1520 1691 1850 1747 invenerunt.
1904 1691 2113 1749 Civitas

534 1780 833 1833 habitaculi
865 1782 1087 1852 proprie
1111 1784 1315 1837 coelum
1349 1792 1432 1838 est
1459 1803 1471 1837 :
1499 1781 1657 1851 cujus
1691 1784 1829 1837 viam
1889 1801 1999 1839 non
2032 1787 2113 1839 in-

2222 584 2333 636 τῶν
2362 584 2560 653 χωρῶν
2605 583 2715 636 τῶν
2754 583 2926 637 ἐθνῶν
3011 586 3091 645 είς
3141 586 3274 655 μίαν
3339 584 3673 655 Ἐκκλησίαν
3708 586 3799 639 καῖ

2222 676 2433 731 πίστιν.

2308 767 2445 821 Ἀπὸ
2474 764 2814 835 ἀνατολῶν,
2852 768 2950 821 καί
2979 766 3251 836 δυσμων,
3280 767 3380 821 καί
3418 765 3639 835 βορρᾶ,
3703 767 3803 820 καὶ

2222 855 2574 927 θαλάσσης.
2636 861 2728 914 Ἐκ
2761 861 2872 914 τῶν
2912 859 3196 931 τεσσάρων
3244 862 3357 933 γὰρ
3408 862 3666 930 περάτων
3712 858 3807 912 τοῦ

2222 954 2430 1021 κόσμου
2461 953 2840 1023 συνήχθησαν.
2896 944 3018 1019 Ἐἲς
3060 951 3272 1008 πᾶσαν
3319 955 3448 1022 γὰρ,
3482 952 3640 1022 enat,
3692 951 3809 1016 τὴν

2223 1046 2341 1114 γῆν
2355 1046 2620 1111 ἐξῆλθεν
2637 1050 2668 1099 ό
2694 1048 2957 1115 φθόγγος
3004 1046 3117 1098 τῶν
3140 1044 3479 1109 ἀποστόλων,
3504 1044 3600 1098 καί
3632 1047 3718 1109 εἰς
3738 1045 3810 1096 τὰ

2221 1138 2449 1207 πέρατα
2470 1139 2580 1206 τῆς
2614 1133 2975 1208 οἰκουμένης
3003 1140 3075 1192 τὰ
3106 1137 3347 1206 ῥήματα
3371 1135 3592 1190 αὐτῶν.

2304 1234 2780 1300 Ἐπλανήθησαν
2803 1233 2875 1286 ἐν
2892 1231 2966 1300 τῇ
2983 1232 3185 1300 ἐρήμῳ
3204 1231 3275 1285 ἐν
3289 1231 3548 1298 ἀνύδρῳ.
3593 1229 3801 1282 Ἐπλα-

2229 1326 2475 1395 νήθησαν
2504 1326 2776 1397 πρότερον
2799 1327 2859 1378 ἑν
2888 1329 2957 1396 τῇ
2983 1325 3232 1396 πολιτείᾳ
3255 1326 3323 1394 τῇ
3345 1325 3545 1393 ἐρήμῳ
3575 1320 3809 1393 καρπῶν

2221 1417 2451 1488 ἀρετῆς,
2482 1416 2559 1490 μὴ
2588 1416 2794 1490 ἐχούσῃ
2822 1417 2976 1488 πόμα
3003 1416 3359 1480 διδασκαλίας
3384 1414 3561 1479 θείας.

2303 1685 2480 1740 ὀδόν
2516 1687 2749 1751 πόλεως
2774 1684 3240 1751 κατοικητηρίου
3267 1684 3382 1751 οὐκ
3407 1676 3610 1750 εὖρον.
3642 1678 3806 1744 Πόλις

2224 1777 2655 1848 κατοικητηρίου
2714 1777 2744 1828 ό
2768 1776 3025 1846 οὐρανὸς,
3057 1769 3119 1829 οὗ
3160 1775 3263 1842 τὴν
3287 1774 3409 1827 ὁδὸν
3433 1773 3534 1843 οὐχ
3567 1767 3730 1843 εὖρον
3757 1774 3804 1826 oi

537 1880 826 1933 w-nerant,
864 1872 1034 1925 Veluti
1064 1874 1359 1928 errabundi
1398 1894 1412 1929 :
1446 1876 1527 1929 vel
1558 1875 1678 1944 ipsa
1712 1875 1879 1931 etiam
1919 1878 2114 1948 cogni-

2226 1871 2568 1939 πλανώμενοι
2592 1885 2604 1898 ·
2638 1869 2725 1941 εἴη
2749 1868 2797 1922 δ’
2824 1870 2891 1923 ἂν
2915 1871 2950 1939 ὴ
2980 1866 3301 1937 Θεοτνωσξα,
3334 1869 3431 1921 καὶ
3463 1868 3497 1935 ἠ
3526 1864 3803 1929 εὐσέϐεια,

544 1962 771 2048 tioillei,
807 1964 1114 2035 virtusque,
1138 1974 1194 2020 et
1228 1968 1439 2036 religio.

616 2052 783 2109 Vens.
820 2054 874 2108 5.
940 2054 1253 2111 Esurientes
1286 2067 1335 2112 et
1361 2058 1615 2112 sitientes.
1651 2056 1822 2113 Erant
1844 2060 2061 2118 scilicet
2096 2078 2112 2119 :

532 2162 712 2216 neque
742 2148 889 2201 enim
926 2149 1303 2219 cognitionem
1350 2151 1445 2207 Dei
1503 2160 1600 2206 aut
1663 2152 1974 2209 doctrinam
2034 2156 2118 2211 ul-

539 2242 649 2293 lam
679 2241 979 2304 babebant,
1023 2257 1132 2313 qua
1176 2244 1359 2298 cibum
1420 2254 1516 2299 aut
1572 2254 1762 2316 potum
1824 2248 2118 2304 animabus

536 2335 653 2387 suis
683 2342 1035 2403 pra-starent.

611 2424 801 2479 Anima
829 2443 1012 2481 eorum
1046 2428 1100 2480 in
1134 2428 1263 2495 ipsis
1288 2428 1499 2497 defecit.
1536 2428 1595 2483 In
1660 2434 1901 2498 peccatis
1956 2431 2120 2485 nimi-

534 2533 659 2571 rum
692 2520 953 2585 contrita,
988 2527 1154 2589 atque
1177 2520 1289 2573 imo
1351 2522 1519 2573 etiam
1564 2518 1754 2576 eﬂ‘ecta
1809 2522 2008 2578 debilis
2064 2531 2120 2577 et

534 2610 773 2665 inﬁrma.

609 2702 776 2758 Vens.
808 2704 864 2758 6.
910 2704 976 2757 Et
1001 2706 1369 2758 clamauerunt
1397 2704 1466 2758 ad
1535 2706 1819 2759 Dominum
1853 2721 1971 2759 cum
2021 2708 2120 2761 lri-

536 2801 870 2856 bularentur.
896 2802 1221 2858 Clamabunt
1257 2804 1545 2872 prophetae
1578 2804 1643 2856 ad
1677 2803 1998 2867 Dominum,
2032 2818 2121 2858 sa-

536 2894 707 2948 lutem
748 2911 813 2950 ac
854 2898 1287 2966 redemptionem
1314 2897 1557 2966 gentium
1587 2906 1881 2964 optantes;
1909 2896 2122 2965 ipsique

536 2990 715 3058 angeli
764 2993 991 3058 pariter,
1050 2991 1143 3058 qui
1206 2988 1483 3043 universis
1542 2990 1745 3042 sortito
1798 2988 2120 3045 nationibus

536 3087 798 3145 prassunt.

2220 1962 2315 2015 καὶ
2332 1961 2391 2015 αί
2412 1960 2629 2031 ἀρεταί.

2290 2053 2622 2118 Πεινῶντες
2653 2052 2755 2107 καὶ
2794 2052 3111 2120 διψῶντες.
3205 2051 3360 2105 Ησαν
3391 2048 3661 2119 δηλονοπιε
3701 2048 3803 2102 οὐκ

2218 2143 2365 2217 εἶχον
2397 2147 2508 2219 γὰρ
2549 2146 2888 2214 θεογνωσίαν
2910 2145 2943 2215 ἢ
2968 2141 3330 2197 διδασκαλίαν
3362 2140 3674 2212 τρέφουσαν
3710 2142 3803 2195 καὶ

2221 2242 2555 2307 ποτίζουσαν
2587 2240 2792 2311 ψυχάς.

2303 2421 2374 2483 ’11
2415 2423 2587 2494 ψυχὴ
2616 2423 2817 2478 αὐτῶν
2838 2422 2907 2478 ἐν
2932 2420 3140 2489 αὐτοῖς
3162 2421 3466 2488 ἐξέλιπεν.
3512 2411 3601 2475 Ἑν
3618 2422 3800 2490 duap-

2219 2525 2312 2595 τίᾳ
2346 2522 2671 2594 κατετρίόη,
2703 2518 3061 2589 ἐξησθένησε.

2290 2704 2399 2760 Kal
2430 2702 2772 2772 ἐκέκραξαν
2801 2703 2956 2771 πρὸς
2989 2701 3213 2771 Κύριον
3256 2699 3327 2754 ἐν
3348 2696 3432 2764 τῷ
3492 2698 3801 2754 θλίϐεσθαι

2220 2802 2465 2863 αὐτούς.
2494 2796 2840 2867 Ἐκέκραξαν
2865 2797 2913 2849 οἱ
2948 2796 3229 2863 προφῆται
3260 2790 3403 2860 ὑπὲρ
3448 2789 3655 2854 αὐτῶν,
3704 2803 3799 2843 και

2221 2896 2272 2948 οἱ
2303 2895 2436 2947 θεῖοι
2470 2892 2719 2961 ἄγγελοι,
2749 2891 2800 2942 οἱ
2829 2886 3233 2960 προεστηκότες
3262 2884 3374 2939 τῶν
3410 2883 3607 2939 ἐθνῶν.

611 3165 677 3217 Et
703 3168 766 3219 de
792 3165 1038 3219 omnibus
1082 3165 1486 3219 necessitatibus
1546 3182 1728 3219 eorum
1772 3169 1968 3234 eripuit
2011 3185 2117 3223 eos.

2297 3154 2405 3210 Kal
2434 3153 2503 3207 ἐκ
2544 3152 2664 3207 τῶν
2701 3148 2987 3220 ἀναγκῶν
3014 3145 3212 3202 αὐτῶν
3235 3143 3531 3214 ἐρρύσατο
3554 3139 3799 3206 αὐτούς.

540 3252 611 3303 υς·
642 3254 934 3323 multiplici
967 3254 1179 3307 scilicet
1214 3253 1524 3305 daemonum
1559 3253 1868 3323 tyrannide.

2238 3251 2335 3304 Ἐκ
2365 3247 2475 3300 τῶν
2509 3243 2845 3314 τυραννίδων
2866 3240 2977 3294 τῶν
3002 3239 3299 3309 δαιμόνων.
3377 3306 3386 3316 1

614 3340 771 3395 Vane.
808 3342 859 3393 7.
891 3338 958 3391 Et
992 3341 1213 3393 deduxit
1239 3357 1325 3393 eos
1364 3341 1420 3392 in
1446 3341 1585 3393 viam
1623 3351 1845 3395 rectam.
1880 3340 2012 3407 Qua
2051 3341 2118 3396 ad

2296 3343 2405 3397 Kal
2462 3339 2783 3409 ὡδήγησεν
2819 3334 3045 3399 αὐτοὺς
3078 3335 3166 3397 εις
3194 3331 3340 3385 ὀδόν
3371 3328 3631 3383 εὐθεῖαν.
3689 3326 3802 3393 Τὴν

538 3432 741 3483 coelqu
773 3429 951 3493 ducit,
981 3442 1146 3496 quam
1178 3436 1339 3483 antea
1380 3441 1491 3481 non
1529 3429 1886 3493 invenerunt,
1905 3443 2029 3484 cum
2059 3430 2117 3484 in

2226 3436 2536 3504 ἀνάγουσαν
2562 3432 2699 3502 πρὸς
2737 3430 2831 3483 τὸν
2859 3426 3125 3497 οὐρανὸν,
3158 3424 3226 3495 ἦν
3250 3421 3518 3491 πρότερον
3552 3410 3676 3489 οὐχ’
3711 3410 3801 3470 εὗ-

536 3536 728 3575 errore
756 3522 1023 3589 degerent
1058 3543 1070 3574 :
1113 3520 1437 3575 incarnatus
1464 3533 1595 3574 vero
1621 3517 1768 3575 Deus
1801 3518 1994 3574 docuit
2022 3536 2118 3576 eos

2228 3543 2317 3595 ρον
2346 3528 2405 3579 ὲν
2440 3524 2620 3596 πλάνῃ
2647 3521 2928 3588 διάγοντες
2949 3534 2963 3549 ο
2996 3514 3431 3589 ὲνανΘρωπήσας
3462 3515 3571 3583 γὰρ
3626 3512 3799 3566 ἐδίδα-

538 3626 757 3665 omnem
782 3611 1099 3664 veritatem.

619 3701 688 3755 Ut
713 3704 847 3756 irent
871 3704 924 3755 in
953 3704 1219 3757 civitatem
1247 3702 1566 3758 habitaculi.
1591 3702 1667 3756 De
1696 3716 1803 3772 qua
1828 3701 1990 3771 paulo
2030 3718 2124 3758 su-

540 3795 727 3865 perius
754 3794 1025 3848 diximus.

614 3884 775 3937 Vens.
814 3885 867 3939 8.
897 3883 1262 3949 Con/iteantur
1289 3884 1512 3940 Domino
1543 3883 1925 3939 misericordia:
1980 3886 2121 3955 ejus.

537 3977 901 4040 Anuuutient,
932 3977 1134 4046 inquit,
1170 3977 1588 4033 misericordias
1620 3976 1712 4031 Dei
1746 3991 1874 4046 erga
1893 3992 1972 4031 se.

615 4067 679 4121 Et
712 4069 985 4122 mirabilia
1014 4070 1130 4138 ejus
1155 4068 1286 4137 ﬁliis
1310 4071 1603 4125 hominum.
1632 4070 1698 4123 Et
1740 4078 1989 4135 narrent,
2036 4070 2115 4122 in-

537 4162 681 4229 quit,
738 4160 863 4214 liliis
928 4162 1214 4216 hominum
1274 4164 1329 4217 id
1386 4163 1787 4224 nescientibus,
1840 4161 2114 4215 mirabilia

540 4252 632 4303 Di-i
666 4266 831 4320 opera
865 4252 918 4305 in
958 4266 1079 4314 eos,
1116 4268 1212 4306 seu
1242 4262 1468 4322 propter
1507 4269 1603 4309 eos
1636 4253 1804 4307 facta.

616 4342 779 4397 Vens.
814 4345 867 4399 9.
914 4344 1056 4409 Quia
1084 4347 1301 4399 satiavit
1325 4348 1565 4400 animam
1612 4347 1845 4400 inanem.
1901 4343 2121 4400 Vacuas

543 4451 606 4489 ac
637 4438 945 4490 esurientes
965 4438 1178 4492 animas
1202 4440 1388 4492 divino
1414 4453 1554 4507 pane
1586 4438 1833 4508 implevit
1878 4444 2122 4507 potuquc

546 4527 763 4580 vivitico
798 4542 813 4579 :
855 4528 1169 4597 evangelica
1206 4528 1463 4582 nimirum
1491 4528 1765 4581 doctrina.

621 4618 689 4670 lat
722 4618 955 4671 anintam
990 4620 1308 4673 esurientem
1336 4619 1556 4674 satiavit
1612 4617 1783 4672 bonis.
1832 4618 1977 4674 Idem
2041 4634 2125 4672 re-

548 4712 682 4779 petit
710 4712 832 4765 aliis
866 4712 1070 4767 verbis.

614 4824 781 4878 Vens.
813 4824 901 4878 10.
930 4824 1181 4880 Sedentes
1234 4826 1287 4878 in
1330 4823 1559 4878 tenebris
1594 4835 1643 4877 et
1673 4822 1863 4876 umbra
1914 4824 2123 4878 mortis.

544 4916 660 4972 lloc
688 4925 772 4970 est
799 4918 854 4971 in
886 4917 1132 4971 tenebris
1162 4916 1389 4969 erroris.
1442 4915 1613 4969 Error
1663 4915 1869 4969 etenim
1927 4914 2121 4967 umbra

542 5018 647 5070 est,
674 5019 842 5077 atque
873 5009 1055 5076 imago
1088 5020 1368 5075 corporea:
1396 5006 1559 5076 hujus
1609 5008 1830 5067 mortis,
1897 5004 2029 5059 dum
2085 5016 2116 5056 α

546 5117 668 5155 vera
698 5114 761 5153 ac
792 5110 1055 5169 perpetua
1077 5098 1290 5153 ctelesti
1316 5096 1428 5150 vita
1459 5110 1558 5151 nos
1584 5104 1824 5166 separat,
1848 5096 2116 5167 quemad-

548 5191 769 5245 modum
803 5191 891 5245 illa
918 5206 945 5243 a
989 5192 1267 5259 praesenti.

630 5282 841 5336 Vinctos
875 5283 928 5335 in
961 5282 1294 5334 mendicitate
1329 5289 1380 5333 et
1421 5280 1584 5347 ferro.
1631 5279 1688 5333 ln
1746 5281 2117 5341 mendicitate.

562 5375 663 5427 boc
688 5383 793 5435 est,
822 5374 1001 5440 inopia
1027 5371 1291 5425 virtutum
1318 5372 1371 5423 in
1406 5371 1531 5425 forti
1561 5382 1821 5441 praeterea
1857 5388 1917 5427 ac
1971 5372 2121 5440 gravi

571 5475 759 5519 catena
785 5474 1130 5532 peccatorum
1158 5481 1168 5514 :
1200 5461 1413 5517 Catenis
1442 5465 1610 5522 enim,
1649 5465 1845 5534 inquit,
1882 5473 2125 5532 peccato.

562 5573 676 5610 rum
701 5572 916 5610 suorum
952 5556 1310 5624 unusquisque
1341 5558 1744 5626 constringitur.

627 5646 788 5701 Vens.
821 5648 904 5699 ll.
933 5645 1072 5709 Quia
1095 5646 1537 5700 cxucerbavcrunt
1587 5647 1793 5718 eloquia
1843 5646 1958 5701 Dei.
2013 5644 2127 5700 Hoc

636 5830 675 5855 ’°
719 5825 857 5877 l‘sd.
901 5836 1055 5885 mn,

2224 3620 2316 3686 ξεν
2348 3618 2547 3680 αὐτοὺς
2576 3617 2680 3685 τὴν
2708 3614 2989 3685 ἀλήθειαν.

2301 3713 2413 3767 Τοῦ
2442 3708 2810 3780 πορευθῆναι
2840 3710 2927 3773 εις
2947 3709 3133 3761 πόλιν
3163 3701 3639 3771 κατοικήτηριον.
3665 3700 3801 3770 Περὶ

2223 3797 2285 3859 οὗ
2317 3805 2514 3875 μικρὸν
2539 3801 2799 3871 ἀνωτέρω
2828 3798 3172 3868 διελάὸομεν.

2306 3889 3027 3963 Ἐξομολογησάσθωσαν
3070 3885 3149 3953 τῷ
3186 3886 3382 3954 Κυρίῳ
3413 3886 3486 3938 τὰ
3519 3885 3662 3951 eam
3691 3887 3800 3937 (ti:-

2226 3987 2358 4041 τοῦ.
2410 3983 2973 4052 Ἐξαγορευσάτωσαν
3004 3979 3074 4033 τὰ
3097 3980 3177 4041 είς
3212 3977 3410 4039 αὐτοὺς
3450 3975 3573 4044 ὲλέη
3611 3976 3795 4027 αὑτοῦ.

2298 4078 2405 4133 Kal
2428 4077 2498 4131 τὰ
2530 4074 2839 4145 θαυμάσια
2863 4071 3049 4126 αὑτοῦ
3104 4069 3227 4135 τοῖς
3255 4066 3409 4134 υἱοῖς
3441 4068 3556 4121 τῶν
3580 4069 3803 4133 ἀνσίὼ-

2227 4189 2381 4225 πων.
2412 4170 2490 4223 Τὰ
2516 4173 2595 4232 εἰς
2626 4168 2823 4228 αὐτοὺς
2854 4166 2886 4235 ἦ
2916 4165 2984 4217 δι’
3004 4164 3201 4226 αὐτοὺς
3224 4162 3508 4230 θαυμάσια
3532 4161 3801 4228 διηγησα-

2226 4264 2447 4316 σθωσαν
2479 4263 2593 4323 τοῖς
2616 4256 2905 4325 ἀγνοοῦσιν
2941 4253 3105 4307 αὐτά.

2297 4354 2426 4405 Ὀτι
2461 4352 2754 4419 ἐχόρτασε
2787 4346 3003 4415 ψυχὴν
3036 4343 3246 4411 κενήν.
3270 4344 3462 4413 Ψυχὰς
3531 4340 3802 4401 πεινώσας

2226 4446 2493 4514 ἐνέπλησε
2519 4442 2666 4495 Θείου
2694 4441 2860 4512 ἄρτου
2881 4442 2976 4494 καὶ
3004 4438 3248 4508 πόματος
3284 4436 3604 4507 ζωηρῤὑτου
3622 4451 3634 4464 ·
3658 4434 3804 4502 λέγω

2226 4535 2291 4606 δὴ
2326 4534 2426 4602 τῆς
2472 4530 2841 4599 εὐαγγελικῆς
2894 4527 3267 4587 διδασκαλίας.

2301 4624 2410 4679 Kal
2437 4620 2651 4692 ψυχὴν
2705 4617 3018 4673 πεινῶσαν
3040 4616 3385 4682 ἐνέπλησεν
3419 4610 3677 4682 ἀγαθῶν.
3728 4612 3801 4663 Τὸ

2228 4720 2365 4772 αὐτὸ
2398 4717 2546 4784 λέγει
2587 4712 2772 4769 πάλιν.

2301 4809 2690 4878 Καθημένους
2741 4805 2814 4859 ἐν
2840 4804 3049 4858 σκότει
3076 4800 3171 4855 καὶ
3204 4796 3349 4869 σκιᾷ
3375 4798 3659 4855 θανάτου.
3716 4797 3803 4849 Ἐν

2232 4903 2418 4957 σκότει
2450 4902 2684 4970 πλάνης,
2736 4898 2862 4968 ἥτις
2898 4898 3047 4950 ἐστὶν
3108 4895 3272 4949 εἰκὼν
3335 4892 3593 4957 θανάτου,
3637 4892 3802 4961 χωρί-

2230 4990 2403 5053 ζουσα
2427 4989 2526 5059 τῆς
2555 4986 2822 5057 ἀληθινῆς
2849 4984 3021 5055 ζωῆς,
3049 4985 3127 5048 ὡς
3157 4984 3187 5037 ό
3220 4982 3456 5045 θανάτος
3478 4984 3579 5052 τῆς
3603 4980 3804 5049 παρού-

2232 5095 2351 5148 σης.

2303 5262 2767 5333 Πεπεδημένους
2830 5262 2899 5315 ἐν
2968 5260 3232 5327 πτωχείᾳ
3269 5255 3370 5311 καὶ
3417 5254 3667 5324 σιδήρῳ.
3715 5256 3799 5305 Ἑν.

2234 5357 2478 5427 πτωχείᾳ
2536 5354 2771 5426 ἀρετῶν,
2815 5354 2909 5406 καὶ
2970 5350 3139 5420 κλοιῷ
3207 5348 3415 5420 ἰσχυρῷ
3500 5348 3593 5399 καὶ
3652 5346 3800 5414 βαρεῖ

2236 5450 2678 5521 ἁμαρτημάτων.
2737 5446 2967 5515 Σειραῖς
2991 5431 3123 5515 γὰρ,
3145 5443 3332 5514 ςησὶν,
3359 5442 3629 5505 ἕκαστος
3668 5440 3799 5491 ἐαυ-

2244 5547 2363 5602 τῶν
2399 5542 2840 5613 ἁμαρτημάτων
2868 5540 3347 5608 περισφίγγεται.

2310 5640 2442 5692 Ὀτι
2485 5634 2939 5704 παρεπίκραναν
2974 5629 3045 5685 τὰ
3075 5632 3251 5698 λόγια
3284 5626 3390 5681 τοῦ
3420 5625 3589 5679 Θεοῦ.
3651 5623 3801 5674 Ἤτοι
