4120 6296
426 320 564 389 1085

1582 331 1976 397 COMMENT.
2009 336 2094 398 IN
2133 336 2493 399 PSALMOS.

3548 337 3684 403 1086

420 436 625 504 ρανοτς,
656 436 691 510 ἢ
728 436 793 493 ὲκ
833 437 994 504 Σιὼν,
1037 439 1139 510 τῆς
1168 439 1226 494 ἐν
1279 440 1702 515 Ἱεροσολύμοις.
1750 447 1974 502 Ἐκετθεπ

2094 462 2160 504 ex
2189 448 2407 506 cmletti
2442 448 2576 504 Sion
2595 488 2612 515 ,
2643 446 2725 504 vel
2757 463 2821 504 ex
2857 447 3015 512 Sion.
3062 461 3184 517 qua:
3211 457 3332 506 erat
3359 447 3681 521 Hierosoly-

416 528 525 600 γὰρ
565 529 772 602 ἤρξατο
800 533 894 587 καὶ
919 535 952 606 ἡ
976 535 1086 588 τῶν
1116 538 1563 608 κατορθωμάτων
1614 539 1871 613 δύναμις,
1903 544 1998 598 καὶ

415 621 449 690 ἠ
475 621 569 677 τοῦ
599 625 965 697 κηρύγματος
991 645 1006 658 ·
1044 631 1269 703 νοηθείη
1296 631 1342 685 δ’
1371 634 1438 687 ἀν
1463 634 1659 705 ῥάϐδος
1682 635 1993 706 δυνάμεως,

416 716 509 768 καὶ
568 721 596 770 ὁ
632 720 885 790 σταυρός.
943 720 1010 774 Τί
1055 723 1164 795 γὰρ
1195 724 1594 797 δυνατώτερον,
1626 726 1802 793 οὕτως
1837 728 1995 799 εὐχε-

415 803 528 877 ρῶς
549 815 923 882 τρυπωμένου
944 816 1072 879 τοὺς
1107 815 1343 886 ἐχθρούς
1369 835 1386 884 ;

481 1071 588 1125 Καὶ
654 1077 1054 1143 κατακυρίευε
1100 1076 1170 1131 ἐν
1207 1074 1380 1146 μέσῳ
1427 1078 1545 1134 τῶν
1571 1079 1803 1152 ἐχθρῶν
1848 1098 1990 1141 σου.

419 1160 777 1218 Ὕποτάττων
823 1166 1046 1233 αὐτοὺς,
1113 1169 1212 1223 καὶ
1267 1172 1737 1240 κατεξουσιάζων,
1788 1176 1884 1230 καὶ
1921 1180 1988 1250 τῇ

405 1251 609 1323 ζεύγλῃ
637 1254 749 1309 τῶν
783 1257 1165 1327 εὐαγγελικῶν
1205 1278 1299 1314 σου
1323 1263 1506 1334 νόμων
1530 1264 1780 1336 ὑπάγων.
1815 1269 1990 1338 Τοῦτο

403 1340 513 1412 γὰρ
546 1338 613 1413 ἧν
637 1345 698 1397 τὸ
725 1348 1051 1417 παράδοξον.
1113 1351 1196 1406 ὅτι
1223 1352 1389 1423 μέσον
1435 1356 1551 1411 τῶν
1576 1358 1791 1429 ἑχθριῖιν
1864 1363 1988 1415 ενα-

403 1436 775 1509 πειλήμμενοι
802 1444 1149 1515 πανταχόθεν
1171 1447 1221 1500 οε
1251 1447 1545 1504 ἀπόστολοι
1576 1454 1985 1524 περιεγένοντο,

401 1527 499 1582 καὶ
544 1531 645 1602 οὐχ
693 1533 885 1600 ἁπλῶς
944 1537 1216 1610 ἐκράτουν
1248 1581 1264 1608 ,
1322 1541 1442 1596 ἀλλ’
1503 1543 1986 1618 δπιτατικωτέρως

403 1623 675 1696 ὶκράτουν
699 1627 838 1700 (24).
935 1637 940 1642 “

469 1809 636 1867 Μετὰ
656 1813 774 1869 σοῦ
794 1815 833 1884 ή
865 1817 1048 1887 ἀρχὴ,
1071 1818 1340 1890 armum
1364 1821 1478 1893 τῆς
1501 1821 1815 1895 δυνάμεώς
1839 1841 1977 1883 σου.
2015 1787 2059 1847 ⁸

411 1901 500 1956 Ἔν
531 1906 718 1978 ἡμέρᾳ
735 1908 824 1962 ὅτε
851 1912 885 1979 ἡ
913 1911 1148 1983 δύναμίς
1202 1931 1298 1968 σου
1340 1915 1642 1984 δείκνυται,
1685 1921 1808 1973 τότε
1842 1922 1983 1989 μετά

399 1993 496 2049 σοῦ
529 1996 626 2049 καὶ
651 1999 686 2061 ἡ
721 2000 865 2070 ἀρχή
892 2015 908 2032 ·
939 2004 1244 2068 τουτέστιν,
1276 2006 1337 2060 ἑν
1367 2007 1452 2061 σοὶ
1475 2008 1509 2078 ἡ
1540 2007 1818 2079 βασιλεία,
1878 2011 1982 2065 οὐκ

397 2083 598 2150 ἔξωθεν
619 2091 1003 2162 ὲπιγινομένη,
1029 2094 1147 2149 ἀλλ’
1198 2097 1402 2152 ἐνοῦσα
1431 2102 1498 2172 τῇ
1527 2100 1689 2168 φύσει
1718 2104 1821 2172 τῆς
1863 2102 1984 2157 6e6-

395 2177 557 2248 τητός
588 2196 684 2234 σου
703 2199 721 2217 ·
761 2184 847 2254 εἴη
877 2185 924 2240 δ’
961 2186 1026 2240 ἂν
1047 2187 1231 2258 ἀρχὴ,
1253 2191 1351 2243 καὶ
1373 2192 1403 2244 ὁ
1431 2191 1562 2256 Υἱὸς
1587 2191 1682 2246 τοῦ
1717 2193 1876 2261 Θεοῦ,
1903 2196 1979 2261 ὡς

394 2270 566 2336 αἴτιος
615 2274 872 2342 πάντων,
932 2280 1052 2350 ἦτοι
1116 2283 1484 2355 Δημιουργδς,
1552 2286 1612 2350 ὃς
1663 2289 1779 2342 εστι
1841 2289 1982 2358 μετὰ

392 2364 489 2419 τοῦ
523 2366 772 2442 Πατρόςο
840 2373 1035 2445 ἡμέρα
1063 2373 1120 2428 δὲ
1155 2374 1491 2445 δυνάμεως,
1541 2379 1700 2451 ήτῆς
1751 2380 1981 2450 πρώτης

392 2459 560 2514 αὐτοῦ
593 2468 925 2534 παρουσίας,
955 2470 1050 2522 καὶ
1079 2469 1189 2522 τῶν
1226 2468 1474 2543 ἀπείρων
1501 2468 1804 2540 θαυμάτων
1827 2486 1843 2504 ⁶
1874 2472 1908 2542 ἢ
1944 2473 1978 2544 ή

391 2550 489 2620 τῆς
515 2551 777 2624 δευτέρας
805 2558 903 2611 καὶ
926 2559 1027 2630 τῆς
1055 2561 1295 2635 ἐσχάτης
1336 2561 1664 2633 σάλπιγγος,
1700 2563 1800 2634 τῆς
1855 2565 1978 2619 ἀνι-

395 2642 613 2715 στώσης
640 2647 768 2710 τοὺς
801 2649 1054 2723 νεκρούς.

468 2922 577 2978 'Er
625 2922 755 2990 ταῖς
810 2923 1196 2995 λαμπρότησι
1243 2922 1366 2979 τῶν
1413 2923 1602 2995 ἁγίων
1648 2939 1788 2986 σου.
1842 2923 1976 2982 Ὅτε

387 3014 681 3086 λάμψωσιν
729 3015 782 3068 οἱ
835 3015 984 3084 ἅγιοι
1027 3032 1146 3073 σου.
1189 3015 1256 3071 Ti
1301 3016 1411 3087 γὰρ
1454 3017 1839 3090 λαμπρότερον
1864 3019 1976 3074 τῶν

386 3105 704 3161 ἀποστόλων
725 3122 743 3174 ;
780 3105 830 3161 οἶ
862 3108 1219 3178 περιέτρεχον
1241 3105 1342 3177 τὴν
1362 3108 1699 3178 οἰκουμένην
1721 3110 1976 3180 λάμπον·
2001 3140 2048 3202 c

387 3215 501 3265 τις,
525 3201 601 3264 ὡς
629 3202 659 3255 ὁ
687 3199 842 3271 ἥλιος
871 3204 994 3265 ταῖς
1040 3200 1152 3256 τῶν
1190 3201 1408 3270 ἀρετῶν
1433 3202 1651 3256 ἀκτῖσιν
1678 3218 1694 3233 ο
1731 3201 1859 3256 εἰδὲ
1881 3203 1970 3258 ὲν-

384 3292 564 3347 ταῦθα
593 3292 852 3358 τοιοῦτοι,
884 3292 1123 3347 ποταποὶ
1161 3294 1220 3347 ὲν
1241 3296 1308 3364 τῇ
1345 3293 1649 3348 ἀναστάσει
1706 3294 1969 3361 ἔσονται,

385 3386 479 3442 ὅτε
517 3390 582 3442 οι
628 3386 847 3441 δίκαιοι
872 3386 954 3454 ὡς
975 3391 1010 3442 ό
1040 3387 1215 3456 ἣλιος
1278 3388 1616 3457 Idne-ovat,
1676 3390 1822 3443 κατὰ
1868 3389 1971 3461 τὴν

387 3481 574 3552 φωνὴν
630 3477 875 3550 κυρίους
906 3478 973 3533 Et
1009 3496 1069 3533 τε
1119 3478 1228 3551 γὰρ
1286 3479 1381 3534 ἐπὶ
1438 3480 1542 3550 τῆς
1583 3479 1970 3554 παρελθούσης

384 3571 624 3643 ἡμέρας,
669 3570 782 3624 εἴτε
824 3572 918 3626 ἐπὶ
942 3574 1043 3643 τῆς
1075 3572 1405 3644 μελλούσης,
1435 3571 1513 3637 ὡς
1547 3572 1768 3646 εἴρηται
1807 3571 1969 3628 τοῦτο

385 3666 618 3737 νοήσεις,
649 3667 746 3735 οὐχ
775 3664 1000 3734 ἀμαρτή
1009 3680 1144 3728 σεις.

466 3845 563 3898 Ἐκ
628 3843 889 3912 γαστρὸς
938 3842 1054 3912 πρὸ
1091 3842 1408 3912 ἑωσφόρον
1435 3841 1745 3912 ἐγέννησά
1769 3859 1866 3899 σε.
1890 3847 1966 3901 Τὸ

387 3933 510 4004 μὲν,
547 3933 745 3989 Κάθου
779 3934 850 3987 ἐκ
888 3933 1109 3997 δεξιῶν
1137 3951 1282 4002 μον,
1312 3935 1409 3988 καὶ
1437 3933 1520 3997 τὸ,
1559 3935 1664 3990 Ἐκ
1702 3937 1966 4004 γαστρὸς

383 4029 496 4098 πρὸ
519 4027 832 4096 ἑωσφόρον
853 4027 1159 4095 ἐγέννησά
1183 4042 1280 4092 σε,
1306 4024 1590 4098 προσώπῳ
1616 4026 1711 4081 τοῦ
1751 4030 1963 4100 ﬂat-pb;

382 4121 598 4190 εἴρηται
615 4118 752 4191 πρὸς
777 4117 869 4172 τὸν
888 4118 1019 4172 Υἱὸν
1034 4137 1051 4154 °
1073 4119 1131 4173 τὺ
1154 4120 1233 4184 δὲ,
1248 4119 1494 4174 Ῥἁὸδον
1509 4122 1846 4192 δυνάμεως,
1866 4122 1964 4177 καὶ

381 4211 442 4264 τὸ
473 4209 633 4264 Μετὰ
666 4208 784 4264 σοῦ
809 4209 848 4276 ἠ
877 4208 1056 4277 ἁρχὴ.
1093 4209 1374 4283 προσώπῳ
1399 4211 1495 4264 τοῦ
1522 4215 1827 4281 προφήτου.
1852 4215 1961 4268 Καὶ

383 4297 444 4350 τὸ
470 4297 571 4366 μὲν
596 4298 697 4351 Ἐκ
732 4297 1091 4366 ταστρὸς,ζτδ
1103 4301 1326 4369 γνήσιον
1344 4300 1498 4369 δηλοί
1512 4302 1614 4372 τῆς
1625 4305 1957 4374 γεννήσεως,

380 4390 476 4444 καὶ
497 4388 560 4442 τὸ
583 4389 781 4442 ταύτὸν
808 4390 909 4458 τῆς
929 4390 1140 4452 οὐσίας.
1170 4391 1252 4446 Τὰ
1275 4393 1478 4464 γνήσια
1499 4394 1610 4464 γὰρ
1638 4397 1960 4466 γεννήματα

2099 539 2228 595 mis.
2273 540 2434 595 illinc
2474 542 2623 596 enim
2659 540 2900 611 potentia
2935 540 3346 609 operationum,
3379 550 3435 595 et
3477 543 3678 610 praedi-

2099 632 2338 690 cationis
2378 633 2608 700 Christi,
2666 635 3004 706 principium
3056 637 3313 705 sumpsit.
3364 634 3677 704 Intelligere

2096 725 2262 779 etiam
2316 741 2638 797 possumus,
2693 742 2791 797 per
2846 728 3058 798 virgam
3114 726 3361 788 virtutis,
3421 735 3674 780 sanctam

2097 831 2318 872 crucem
2357 818 2588 874 Christi.
2624 818 2767 884 Quid
2827 817 2974 874 enim
3007 831 3071 874 ea
3104 818 3385 887 potentius
3415 826 3520 879 est,
3578 824 3676 870 aut

2093 907 2391 972 eiiicacius,
2417 924 2546 964 cum
2577 917 2686 964 tam
2713 909 2871 964 facile
2898 908 3162 966 inimicos
3187 923 3380 965 omnes
3406 908 3460 963 in
3489 909 3673 978 togam

2094 1009 2382 1056 convertat
2401 1001 2425 1053 ?

2165 1092 2236 1147 Et
2268 1093 2548 1152 dominare
2576 1096 2628 1149 in
2663 1096 2836 1150 medio
2859 1096 3199 1151 inimicorum
3227 1103 3461 1150 tuorum.
3497 1094 3553 1149 In
3583 1094 3674 1149 di-

2090 1183 2294 1241 tionem
2325 1192 2490 1256 atque
2531 1185 2588 1241 in
2617 1186 2928 1241 dominium
2969 1193 3100 1242 tuos
3149 1186 3406 1242 inimicos
3433 1185 3676 1256 compel-

2091 1276 2232 1339 lens.
2285 1284 2340 1331 et
2380 1274 2514 1348 iugo
2561 1276 2880 1348 evangelica
2928 1277 3284 1332 submittens.
3329 1276 3445 1332 Hoc
3485 1284 3667 1331 autem

2089 1382 2307 1424 summa
2336 1367 2705 1424 admiratione
2734 1369 2960 1438 dignum
2991 1368 3119 1434 luit,
3163 1369 3312 1440 quod
3345 1368 3581 1439 apostoli
3614 1370 3670 1424 in

2089 1459 2270 1515 medio
2302 1459 2652 1515 inimicorum
2701 1460 3016 1524 constituti,
3061 1461 3340 1532 minisque
3381 1475 3446 1516 ac
3472 1476 3669 1530 perse-

2087 1551 2409 1607 cutionihus
2440 1559 2798 1622 tyrannorum
2841 1551 3084 1622 undique
3123 1552 3380 1622 impetiti,
3410 1567 3518 1607 non
3547 1560 3668 1607 tan-

2093 1655 2204 1698 tum
2248 1645 2468 1699 illorum
2521 1658 2717 1700 manus
2767 1648 3071 1712 evaserint,
3136 1644 3232 1700 sed
3287 1644 3670 1714 potentissime

2088 1735 2254 1792 etiam
2289 1752 2386 1792 eos
2421 1735 2829 1806 superaverint.

2163 1828 2324 1882 Vens.
2357 1829 2413 1884 ὅ.
2446 1826 2637 1884 Tecum
2661 1830 2991 1898 principatus
3011 1828 3068 1883 in
3097 1828 3183 1884 die
3205 1832 3417 1884 virtutis
3446 1839 3572 1884 tua.
3606 1826 3666 1885 In

2087 1919 2202 1982 illa,
2241 1921 2442 1990 inquit,
2478 1921 2568 1975 die
2600 1920 2827 1991 quando
2857 1921 3030 1976 virtus
3064 1931 3122 1976 et
3185 1921 3427 1994 potentia
3465 1931 3557 1976 tua
3594 1923 3662 1978 il-

2083 2010 2438 2078 lustrabitnr,
2487 2022 2667 2067 tecum
2702 2013 2810 2068 erit
2864 2014 3228 2083 principatus,
3281 2014 3385 2069 hoc
3431 2023 3536 2080 est,
3574 2030 3665 2069 rc-

2084 2120 2254 2174 gnum
2298 2115 2454 2159 tuum
2507 2112 2642 2160 tunc
2681 2105 2790 2159 erit
2849 2105 2906 2159 in
2945 2114 3018 2171 te,
3053 2119 3163 2160 non
3202 2104 3425 2160 aliunde
3456 2106 3667 2162 scilicet

2085 2197 2411 2263 adveniens,
2441 2197 2538 2254 sed
2581 2197 2883 2253 divinitatis
2925 2207 3031 2253 tuae
3059 2206 3273 2253 naturae
3310 2199 3664 2269 conjunctus.

2083 2287 2174 2360 (Et
2195 2289 2324 2359 quia
2352 2291 2525 2345 dictio
2557 2290 2726 2360 ἀρχὴ,
2754 2291 3082 2359 principium
3104 2290 3401 2362 signiﬁcat,
3432 2300 3485 2345 et
3517 2292 3668 2359 prin-

2081 2382 2338 2452 cipatum)
2395 2382 2704 2454 intelligere
2757 2398 3077 2454 possumus,
3117 2383 3263 2454 quod
3321 2383 3660 2454 principium

2080 2476 2189 2532 hoc
2236 2475 2290 2529 in
2345 2474 2467 2531 loco
2523 2477 2830 2548 accipiatur
2882 2490 2982 2547 pro
3033 2476 3175 2532 Filio
3228 2474 3349 2542 Dei,
3399 2485 3660 2546 tanquam

2081 2578 2248 2621 causa
2283 2568 2550 2632 omnium,
2578 2567 2707 2636 quia
2735 2566 2902 2621 simul
2936 2575 3021 2621 est
3051 2581 3177 2620 cum
3208 2564 3405 2634 Patre;
3438 2566 3663 2635 etquod

2080 2656 2200 2713 dies
2247 2658 2471 2714 virtutis
2516 2657 2588 2712 sit
2623 2659 2837 2728 primus
2870 2658 2990 2729 ejus
3018 2656 3313 2722 adventus,
3348 2673 3460 2727 quo
3489 2660 3661 2712 multa

2081 2747 2213 2805 fecit
2250 2749 2516 2804 miracula
2545 2766 2560 2804 :
2592 2751 2677 2805 vel
2700 2751 2866 2805 etiam
2889 2751 3191 2815 secundus,
3213 2749 3432 2821 quando
3465 2749 3660 2805 ultima

2079 2841 2215 2898 tuba
2250 2852 2500 2899 mortuos
2528 2857 2723 2898 omnes
2759 2842 3070 2899 suscitabit.

2150 2931 2218 2987 In
2241 2932 2610 3004 splendoribus
2634 2944 2941 2989 sanctorum
2963 2945 3196 2990 tuorum.
3221 2933 3452 3002 Quando
3473 2933 3663 3007 splen-

2078 3024 2293 3081 debunt
2327 3025 2508 3083 sancti
2539 3027 2642 3081 tui.
2675 3024 2818 3092 Quid
2853 3025 3002 3082 enim
3046 3027 3312 3097 apostolis
3338 3025 3442 3081 fuit
3479 3027 3664 3097 splen-

2084 3115 2290 3186 didius,
2339 3122 2434 3192 qui
2469 3119 2606 3177 solis
2641 3118 2838 3186 instar,
2872 3128 3046 3176 totum
3076 3118 3264 3177 orbem
3314 3119 3665 3176 circumeun-

2080 3219 2186 3276 tes,
2211 3211 2473 3268 virtutum
2498 3227 2723 3268 suarum
2753 3211 2924 3268 radiis
2945 3224 3072 3267 eum
3101 3210 3486 3267 illustrarunt?
3505 3211 3659 3280 Quod

2079 3305 2130 3359 si
2159 3303 2216 3359 in
2248 3305 2509 3376 praesenti
2541 3305 2651 3362 vita
2688 3304 2827 3361 adeo
2858 3305 2992 3359 clari
3040 3315 3204 3376 atque
3243 3305 3487 3362 illustres
3539 3306 3662 3362 fue-

2077 3406 2225 3461 rant,
2257 3395 2450 3468 quales
2481 3396 2700 3454 futuros
2757 3413 2854 3454 eos
2883 3411 3006 3454 esse
3051 3396 3389 3452 credendum
3428 3404 3534 3461 est,
3569 3411 3662 3453 re-

2077 3489 2440 3548 surrectionis
2493 3490 3038 3562 tempore,quando,
3101 3488 3260 3558 juxta
3311 3487 3528 3544 Domini
3561 3501 3662 3543 vo-

2075 3595 2219 3647 cem,
2289 3579 2597 3652 Fulgebunt
2627 3582 2760 3652 iusti
2813 3582 2950 3635 sicut
2980 3579 3061 3634 sol
3097 3576 3197 3633 "1
3234 3577 3359 3634 Sive
3392 3577 3559 3648 igitur
3591 3579 3659 3635 de

2077 3673 2258 3742 primo
2307 3673 2427 3728 sive
2459 3673 2529 3728 de
2583 3672 2828 3729 secundo
2863 3671 3102 3727 adventu
3144 3672 3251 3728 hoc
3287 3671 3655 3739 inteilexeris,

2074 3779 2184 3818 non
2218 3764 2457 3820 errabis.

2146 3855 2233 3911 Ea:
2266 3865 2418 3911 utero
2462 3866 2585 3911 ante
2630 3855 2915 3927 luciferum
2961 3861 3117 3930 genui
3165 3868 3234 3913 te.
3274 3856 3450 3913 Verba
3510 3858 3599 3913 illa
3637 3877 3652 3916 :

2073 3947 2210 4004 Sede
2233 3967 2265 4003 a
2289 3949 2496 4006 dextris
2522 3950 2674 4016 meis,
2710 3951 2842 4007 item
2875 3950 2978 4008 ista
3013 3970 3030 4009 :
3065 3951 3148 4006 Ea:
3173 3959 3323 4006 utero
3355 3963 3476 4007 ante
3520 3953 3652 4006 luci~

2071 4042 2241 4110 ferum
2274 4043 2432 4112 genui
2462 4051 2532 4108 te,
2564 4042 2707 4098 dicta
2744 4044 2876 4098 mihi
2921 4057 3046 4099 esse
3080 4045 3354 4108 videntur,
3386 4046 3551 4102 veluti
3585 4063 3648 4102 ex

2070 4148 2308 4202 persona
2345 4134 2526 4188 Patris
2563 4135 2632 4189 ad
2664 4134 2889 4190 Filium.
2917 4136 3010 4190 Illa
3045 4152 3215 4193 vero:
3254 4137 3408 4206 Virga
3436 4139 3650 4193 virtutis

2071 4234 2123 4277 tu
2135 4241 2201 4287 cu,
2222 4225 2351 4278 item
2378 4224 2469 4278 illa
2493 4242 2507 4277 :
2537 4224 2730 4279 Tecum
2749 4227 3074 4296 principatus
3099 4227 3153 4281 in
3181 4229 3265 4282 die
3287 4229 3495 4283 virtutis
3518 4239 3646 4293 tna',

2068 4317 2135 4371 ad
2161 4316 2359 4373 Filium
2395 4317 2638 4388 quidem,
2679 4321 2774 4376 sed
2812 4335 2879 4376 ex
2919 4320 3202 4391 Prophetas
3235 4336 3492 4390 persona,
3525 4337 3651 4390 pro-

2067 4408 2218 4464 ferri.
2255 4409 2319 4464 Et
2362 4411 2475 4465 haec
2509 4412 2727 4480 quidem
2765 4412 2930 4466 verba
2987 4411 3117 4466 :Ex
3147 4421 3318 4478 utero,
3364 4427 3546 4466 veram
3583 4429 3647 4467 ac

377 4486 445 4537 ὲκ
478 4484 714 4554 γαστρὸς
747 4484 857 4538 τῶν
890 4487 1096 4552 γονέων
1120 4485 1558 4554 ἀπογεννῶνται.
1607 4489 1680 4542 Τὸ
1711 4489 1792 4555 δὲ,
1834 4493 1956 4560 Πρὸ

2076 4516 2378 4571 germanum
2413 4503 2561 4557 illam
2590 4504 2830 4558 divinam
2858 4505 3267 4573 generationem
3306 4505 3644 4574 signiﬁcant,

379 4577 712 4646 ἑωσφόρον,
741 4579 803 4630 τὸ
834 4578 942 4647 πρδ
991 4578 1090 4632 τοῦ
1125 4578 1382 4647 γενέσθαι
1412 4582 1506 4634 τὸν
1527 4582 1683 4654 ἦλιον
1706 4598 1720 4615 ⁸
1761 4583 1857 4639 καὶ
1901 4586 1962 4637 ὲν

376 4668 456 4740 τῷ
481 4666 560 4722 οα¹
605 4669 810 4741 ψαλμῷ
836 4688 1005 4740 φησιν
1031 4687 1047 4704 ο
1105 4673 1229 4740 Πρὸ
1250 4673 1360 4728 τοῦ
1387 4675 1571 4742 ἣλιον
1598 4675 1864 4748 διαμένει
1886 4677 1956 4732 τὸ

375 4764 567 4832 ὄνομα
593 4763 661 4816 ai
673 4761 800 4817 τοῦ·
823 4763 878 4815 τι
903 4762 1031 4830 οὖν;
1061 4763 1168 4834 πρὸ
1187 4764 1279 4817 τοῦ
1299 4763 1452 4836 ἡλίου
1478 4767 1641 4834 μόνον
1662 4768 1954 4836 ἐγέννησεν

376 4854 575 4919 (madv;
604 4851 890 4923 Οὐδαμῶς,
916 4855 1040 4908 ἐπεὶ
1071 4855 1170 4909 καὶ
1193 4855 1431 4928 ἀλλαχοῦ
1471 4875 1660 4927 φησιν.
1696 4860 1804 4914 Καὶ
1833 4860 1954 4915 ἀπὸ

374 4944 484 5000 τοῦ
513 4942 727 5010 αἰῶνος
755 4944 868 5012 ἕως
889 4945 996 5000 τοῦ
1012 4946 1232 5015 αεῶνος
1263 4948 1345 5004 σὺ
1368 4946 1427 5003 sl
1450 4969 1462 4981 ·
1497 4953 1676 5005 καίτοι
1707 4953 1808 5005 οὐκ
1844 4955 1952 5008 ἀπὸ

375 5035 472 5090 τοῦ
495 5037 692 5101 aliove;
725 5039 912 5108 μόνον.
935 5038 1072 5093 ἀλλὰ
1107 5040 1203 5096 καὶ
1223 5041 1331 5112 πρὸ
1354 5041 1450 5098 τοῦ
1479 5044 1697 5109 αἰῶνοςο
1727 5045 1823 5099 καὶ
1851 5047 1951 5118 οὐχ

376 5129 482 5191 ἕως
495 5127 590 5183 τοῦ
609 5129 802 5191 αῑῶνος
825 5131 1008 5200 μόνον,
1030 5132 1145 5186 ἀλλ’
1167 5134 1492 5205 ἀπέραντος.
1509 5135 1842 5208 Θεοπρεπῶς
1858 5134 1952 5193 οὖν

376 5221 445 5273 τὰ
466 5219 696 5276 τοιαῦτα
749 5221 855 5293 χρὴ
873 5222 1149 5293 δέχεσθαι,
1201 5226 1298 5279 καὶ
1322 5227 1385 5280 τὸ
1417 5228 1526 5297 πρὸ
1552 5229 1775 5285 πάντων
1806 5234 1952 5284 νοεῖν

376 5314 440 5366 ἐκ
467 5316 675 5366 τούτων
727 5316 823 5369 καὶ
855 5315 918 5368 τὸ
969 5318 1320 5387 προαιὼνιον.
1347 5319 1414 5372 Οῑ
1445 5318 1505 5374 δι
1533 5321 1782 5385 νοοῦντες
1823 5323 1944 5392 Πρὸ

374 5405 686 5475 ἑωσφόρον
743 5408 844 5479 τὴν
884 5409 1057 5463 νύκτα
1110 5411 1225 5482 (25)
1269 5411 1396 5467 καθ’
1445 5414 1517 5486 ἢν
1571 5415 1664 5470 τὸν
1711 5417 1946 5487 Χριστὸν

465 5522 510 5554 ⁸ο
535 5520 729 5578 Matth.
781 5538 899 5592 xtn,
939 5524 1030 5581 45.

2061 4603 2228 4664 atque
2259 4596 2599 4650 identitatem
2638 4597 2986 4652 substantiae.
3021 4596 3158 4652 Vera
3205 4598 3410 4651 etenim
3461 4598 3645 4666 proles

2059 4689 2130 4743 de
2163 4703 2354 4744 ventre
2375 4699 2661 4759 parentum
2689 4701 3010 4761 generatur.
3045 4691 3138 4743 Illa
3175 4704 3305 4745 vero
3341 4707 3356 4743 :
3392 4690 3527 4743 Ante
3556 4690 3645 4743 lu-

2060 4782 2307 4851 ciferum,
2359 4783 2720 4838 aeternitatem
2776 4783 2978 4837 divinae
3033 4782 3197 4851 hujus
3250 4782 3643 4852 generationis,

2059 4873 2192 4929 dum
2242 4885 2370 4928 ante
2400 4875 2693 4930 luciferum
2747 4889 2866 4929 eam
2926 4874 3098 4930 [uisse
3146 4882 3502 4941 attestantur,
3535 4875 3641 4928 hoc

2059 4973 2165 5029 est,
2213 4975 2510 5036 antequam
2573 4966 2695 5036 ipse
2733 4966 2818 5022 sol
2868 4975 3088 5021 creatus
3142 4973 3290 5021 esset
3340 4982 3354 5019 :
3413 4982 3523 5036 quo
3564 4967 3641 5020 lo-

2056 5057 2262 5127 quendi
2325 5058 2490 5113 modo
2528 5058 2660 5113 alibi
2719 5058 2886 5113 etiam
2927 5056 3199 5127 Propheta
3235 5073 3370 5113 usus
3427 5067 3534 5121 est,
3582 5060 3637 5112 in

2059 5149 2269 5216 psalmo
2308 5165 2434 5203 LXXI
2467 5148 2658 5204 dicens
2690 5165 2705 5203 :
2740 5149 2875 5204 Ante
2904 5151 3070 5202 solem
3123 5160 3394 5218 permanet
3446 5167 3639 5205 nomen

2057 5240 2212 5309 eius;
2241 5241 2334 5298 sed
2362 5241 2612 5311 nunquid
2651 5240 2789 5296 forte
2818 5241 2925 5296 hoc
2973 5240 3047 5294 ita
3080 5241 3490 5310 intelligendum
3525 5254 3632 5307 est,

2061 5341 2122 5387 ut
2174 5335 2554 5389 tantummodo
2581 5349 2700 5388 eum
2729 5331 2892 5388 Pater
2918 5341 3046 5387 ante
3076 5334 3245 5387 solem
3282 5336 3550 5404 genuerit,
3575 5346 3632 5390 et

2056 5439 2165 5480 non
2199 5427 2398 5482 antea?
2426 5427 2666 5481 Minime.
2699 5424 2834 5481 Nam
2869 5434 2921 5481 et
2961 5425 3089 5480 alihi
3121 5427 3200 5480 ait
3229 5446 3240 5480 :
3274 5427 3313 5480 Α
3357 5429 3549 5482 aa’culo
3578 5441 3630 5484 et

1707 5621 1911 5686 Variae
1964 5627 2296 5694 lectiones.

447 5717 573 5800 (28),
599 5717 843 5788 Corrige,
880 5721 1344 5800 extravtxdnepov
1375 5724 1753 5800 uarsupd'rouv
1785 5743 1800 5760 ’
1846 5744 1943 5783 ur-

377 5796 465 5858 get
487 5793 633 5844 enim
668 5793 1034 5864 compositum
1066 5793 1452 5866 κατακρατεῖν.
1486 5793 1775 5855 ΜΑττιιΛει.

2129 5735 2242 5804 (ἳῦ)
2275 5739 2350 5789 lta
2384 5737 2535 5791 locus
2570 5736 2659 5791 hic
2681 5737 2993 5802 explicatur
3040 5739 3092 5790 in
3152 5739 3366 5793 scholio
3411 5739 3618 5792 codicis

2055 5806 2398 5872 Musquensis
2427 5809 2476 5860 in
2519 5810 2570 5871 8,
2601 5824 2654 5861 ιι.
2686 5808 2826 5861 538:
2862 5808 2985 5860 Ὅτι
3018 5810 3115 5878 μὲν
3143 5811 3199 5860 ὲν
3232 5811 3390 5861 νυκτὶ
3442 5804 3620 5878 (οὗτος
