4120 6296
532 293 597 358 10
611 293 677 356 8Ἰ
1805 291 2151 353 EUTHYMI

2251 292 2597 354 LIGABENI
3698 295 3875 361 1088

526 420 693 475 usque
736 404 806 459 ad
835 404 1088 459 scrcnlum
1145 411 1200 457 tu
1227 420 1281 458 es
1312 403 1380 471 “,
1444 402 1661 459 tametsi
1699 415 1799 459 nec
1831 414 1859 456 a
1916 404 2120 459 sa:cnlo
2150 458 2151 463 η

2256 403 2520 475 γέννησεν
2552 400 2906 477 ήῙῘαρθένος,
2936 406 3153 479 εὐδοκία
3185 408 3423 478 Πατρὸς,
3485 410 3583 463 καὶ
3616 427 3862 478 συνερ-

529 510 769 562 tantum,
798 499 891 555 sed
924 508 977 553 et
1009 508 1135 553 ante
1163 498 1421 553 sarculum
1456 512 1470 553 :
1515 512 1697 567 neque
1725 512 1901 565 usque
1934 497 1989 551 in
2021 511 2125 553 ste-

2251 497 2356 568 Γείᾳ
2387 496 2709 567 Πνεύματος
2734 498 2913 568 ἁγξου,
2942 500 3133 565 κακῶς
3163 501 3270 573 ἄρα
3294 500 3525 555 νοοῦσιν·
3562 503 3685 557 ἔδει
3722 506 3861 569 γὰρ

527 595 716 648 culum
747 600 986 654 tantum,
1018 590 1114 644 sed
1168 590 1333 643 etiam
1369 590 1487 644 sine
1536 589 1641 643 ﬁne
1693 602 1818 643 eum
1854 602 2002 652 esse,
2039 586 2129 642 di-

2251 588 2507 661 ,ἱρῆσοαι,
2552 591 2675 661 Πρό
2698 592 3021 647 ἀνατολῶν
3054 594 3413 665 ἑωσφόρον,
3453 596 3550 650 καὶ
3585 596 3668 667 μὴ
3721 599 3870 663 Πρὸ

531 687 658 739 vina
712 682 938 737 tradant
997 679 1249 749 Eloquia.
1309 678 1539 750 Oportet
1576 681 1745 750 igitur
1804 681 1972 737 verba
2014 682 2128 736 hac

2251 681 2542 752 ἑωσφόρον
2585 685 2781 754 μόνον
2811 699 2825 715 ·
2877 686 2965 740 ἀεὶ
2989 686 3099 757 γὰρ
3138 688 3200 741 τὸ
3230 689 3346 759 Πρὸ
3393 688 3570 761 ήλῑου,
3607 688 3863 751 ἁπλῶς,

528 778 694 847 digne
726 773 839 830 Deo
864 773 1195 842 intelligere,
1228 782 1394 843 atque
1427 772 1561 827 illud
1586 773 1942 839 concludere,
1977 771 2125 843 quod

2251 774 2291 826 ςδ
2328 776 2435 845 πρὸ
2474 776 2575 848 τῆς
2636 777 2926 850 ὑπάρξεως
2990 780 3158 834 αὑτοῦ
3219 778 3474 850 βούλεται
3497 782 3851 850 σημαίνειν,

531 880 662 928 ante
702 869 911 931 omnis,
948 867 1114 922 etiam
1154 875 1284 921 ante
1320 867 1438 936 ipsa
1471 866 1694 931 saecula,
1718 881 1934 936 semper
1961 865 2129 919 fuerit

2251 866 2415 935 ὅσπερ
2445 869 2541 922 καὶ
2572 869 2654 933 τὸ,
2686 870 2802 941 Πρὸ
2822 870 3086 942 ἀνατολῆς
3116 871 3308 937 αὐτοῦ,
3329 872 3422 928 τὸν
3459 873 3661 944 δρθρον
3695 871 3859 942 (26).

532 968 647 1020 haec
702 966 887 1021 divina
920 963 1226 1036 generatio.
1283 961 1325 1017 li
1378 963 1567 1030 itaque
1619 956 1713 1027 qui
1755 956 1923 1012 verba
1983 956 2072 1011 illa
2108 973 2121 1010 :
2163 959 2299 1012 Ante
2326 958 2633 1029 luciferum,
2699 963 2950 1019 referunt
3000 965 3067 1019 ad
3103 975 3321 1021 noctem
3374 982 3483 1040 qua
3564 966 3862 1020 Christus

525 1059 840 1113 secundum
901 1070 1128 1114 carnem
1185 1060 1355 1111 natus
1416 1061 1524 1119 est,
1586 1049 1768 1106 Patris
1797 1049 2055 1105 nimirum
2085 1051 2453 1120 beueplaclto,
2490 1062 2548 1109 et
2583 1054 2976 1127 cooperatione
3007 1061 3186 1114 sancti
3219 1060 3488 1133 Spiritus,
3520 1076 3637 1115 non
3675 1067 3861 1113 recte

530 1151 815 1222 PrOphetze
854 1162 1167 1208 sermonem
1206 1148 1541 1219 intelligunt.
1596 1144 1952 1214 Oportuisset
1988 1145 2136 1199 enim
2172 1144 2357 1203 dicere
2399 1165 2414 1202 :
2463 1149 2606 1205 Ante
2637 1159 2821 1205 ortum
2858 1152 3116 1220 luciferi,
3167 1164 3222 1209 et
3257 1170 3366 1208 non
3428 1152 3565 1209 Ante
3635 1154 3859 1222 lucife-

528 1265 674 1303 rum.
709 1243 842 1301 Nam
897 1246 1042 1317 quod
1102 1241 1430 1315 simpliciter
1477 1240 1713 1303 dicitur,
1748 1241 1892 1296 Ante
1927 1241 2121 1304 solem,
2163 1249 2383 1311 tempus
2422 1242 2727 1313 signiﬁcat,
2763 1248 2913 1316 quod
2956 1246 3060 1303 fuit
3101 1258 3230 1305 ante
3279 1250 3457 1320 ipsius
3522 1249 3662 1306 solis

533 1353 739 1408 turam,
774 1340 1239 1412 quemadmodum
1274 1345 1488 1403 contra,
1522 1337 1592 1402 si,
1626 1337 1771 1391 Ante
1802 1336 1935 1391 solis
1964 1346 2173 1399 ortum,
2200 1336 2428 1403 dixeris,
2463 1347 2681 1408 tempus
2716 1338 2947 1397 diluculi
2981 1343 3343 1413 signiﬁcabis.
3389 1344 3644 1414 (mgnus
3738 1344 3859 1397 Ba-

530 1432 692 1491 silius
726 1434 783 1488 iu
823 1441 1083 1489 sermone
1130 1432 1197 1488 de
1219 1431 1429 1499 Spiritu
1462 1436 1671 1496 sancto,
1709 1427 1809 1495 ait,
1838 1426 2009 1498 quod,
2049 1427 2253 1482 dicitur
2280 1427 2412 1498 quid
2448 1444 2517 1483 ex
2572 1428 2762 1499 aliquo
2808 1446 2955 1495 esse,
3026 1432 3115 1490 vel
3195 1434 3415 1488 ratione
3495 1433 3855 1495 creationis,

533 1531 692 1599 juxta
726 1530 859 1585 illud
892 1542 910 1586 :
948 1527 1095 1585 Unus
1127 1540 1203 1585 est
1241 1526 1381 1584 Deus
1420 1524 1584 1583 Pater
1636 1541 1701 1580 ea:
1731 1540 1832 1596 quo
1867 1525 2044 1578 omnia
2067 1526 2111 1559 ⁹¹
2142 1543 2156 1591 ;
2196 1526 2283 1582 vel
2342 1524 2557 1582 ratione
2590 1537 2821 1595 naturae,
2888 1528 3047 1599 juxta
3125 1531 3259 1586 illud
3289 1551 3304 1587 :
3341 1530 3594 1599 Operatio
3653 1540 3863 1585 nostra

537 1641 608 1684 σιτ
643 1625 796 1683 nobis
845 1636 947 1691 est,
983 1637 1039 1682 et
1076 1623 1541 1697 quemadmodum
1632 1619 1891 1691 splendor
1938 1618 2075 1674 solis
2137 1633 2207 1673 ex
2245 1619 2394 1686 sole;
2440 1620 2522 1674 vel
2577 1619 2792 1676 ratione
2844 1622 3245 1692 generationis,
3301 1627 3456 1692 juxta
3492 1624 3627 1679 illud
3666 1642 3680 1679 :
3718 1621 3850 1694 Ego

525 1719 673 1775 exivi
696 1735 764 1776 ea:
800 1718 963 1776 Patre
987 1722 1059 1777 ⁹¹.
1088 1721 1220 1775 Item
1255 1720 1401 1788 quod
1439 1719 1530 1773 hic
1557 1716 1832 1787 legimus:
1868 1712 1951 1769 Ea:
1981 1723 2131 1768 utero
2168 1700 2293 1769 ante
2325 1714 2607 1785 luciferum
2626 1717 2786 1787 genui
2816 1726 2887 1783 Ie,
2914 1732 3022 1773 non
3052 1721 3200 1789 quod
3236 1718 3383 1775 Deus
3450 1728 3669 1775 uterum
3748 1720 3861 1774 hac

533 1821 687 1885 beat,
723 1817 821 1875 sed
847 1819 976 1890 quia
1010 1819 1128 1874 veri
1161 1829 1328 1887 atque
1383 1813 1610 1885 ingenui
1676 1813 1862 1878 liberi,
1932 1828 2000 1869 ex
2050 1821 2211 1868 utero
2246 1822 2534 1882 parentum
2575 1816 2731 1871 nasci
2784 1817 2986 1871 solent.
3022 1816 3135 1872 Hac
3170 1817 3336 1888 igitur
3368 1817 3603 1882 ratione,
3647 1818 3761 1872 hoc
3794 1817 3857 1872 in

533 1914 660 1967 loco
692 1913 840 1968 Deus
869 1922 1120 1969 ventrem
1161 1929 1220 1966 se
1254 1913 1309 1967 in
1365 1911 1724 1981 generatione
1755 1908 1883 1963 Filii
1919 1908 2129 1964 habere
2167 1906 2331 1974 dixit,
2370 1909 2451 1965 ad
2528 1909 2913 1967 confusionem
2991 1912 3286 1981 impiorum
3332 1928 3346 1965 :
3401 1919 3458 1965 ut
3508 1912 3563 1966 in
3618 1912 3841 1980 seipsis

537 2009 820 2083 propriam
854 2007 934 2067 illi
986 2009 1411 2065 considerantes
1469 2017 1747 2074 naturam,
1801 2008 2023 2063 discant
2054 2004 2278 2072 Filium,
2307 2022 2499 2062 verum
2549 2006 2795 2063 fructum
2823 2021 2951 2065 esse
2983 2022 3053 2062 ex
3110 2009 3294 2072 Patre,
3355 2006 3527 2062 veluti
3602 2007 3703 2077 qui
3778 2022 3849 2062 es

536 2104 687 2160 illius
716 2109 913 2158 ventre
942 2099 1149 2156 dicitur
1184 2114 1309 2155 esse
1347 2097 1686 2169 generatus.)

609 2201 777 2257 Vsus.
807 2198 866 2254 4.
890 2194 1109 2251 Iuravit
1154 2196 1439 2252 Dominus.
1483 2193 1554 2251 Ut
1592 2194 1902 2267 indignatio
1935 2194 1989 2248 in
2024 2191 2137 2247 Deo
2167 2191 2214 2253 Β

539 2287 1017 2363 perturbationem
1053 2305 1162 2343 non
1192 2287 1493 2356 signiﬁcat,
1546 2287 1640 2343 sed
1676 2294 1888 2341 motum
1940 2283 2144 2340 divina:

540 2384 833 2454 potestatis
878 2382 947 2437 ad
982 2382 1305 2446 vindictam,
1344 2379 1417 2435 ita
1464 2382 1841 2449 juramentum
1894 2380 1987 2433 Dei
2032 2394 2142 2432 non

542 2477 817 2530 humanos
842 2472 1064 2542 jurandi
1126 2472 1286 2536 ritus,
1331 2470 1429 2526 sed
1478 2469 1952 2526 eonﬁrtnationem
1984 2480 2147 2541 atque

542 2566 1005 2621 asseverationem
1036 2565 1313 2631 signiﬁcat
1345 2562 1548 2617 divinae
1582 2563 1890 2617 sententiae.

618 2653 687 2709 Et
716 2671 818 2710 non
849 2656 1122 2723 paenitebit
1152 2671 1291 2707 eum.
1344 2651 1457 2708 Hoc
1491 2660 1598 2713 est.
1637 2668 1746 2707 non
1781 2654 2019 2709 mutabit
2050 2654 2145 2709 de-

543 2752 784 2810 cretum,
841 2741 1308 2813 quemadmodum
1373 2755 1755 2809 saepenumero
1809 2740 1953 2796 Deus
2014 2756 2147 2796 con-

548 2838 699 2891 sulto
731 2835 921 2889 multis
953 2834 1007 2887 in
1048 2835 1215 2889 rebus
1250 2833 1401 2888 facit.
1441 2831 1584 2899 Quid
1640 2843 1819 2888 autem
1850 2834 2143 2904 juraverit,

550 2932 654 2984 hoc
676 2936 784 2992 est,
810 2927 943 2998 quid
973 2935 1359 2982 asseveranter
1385 2926 1721 2993 decreverit,
1762 2928 1889 2981 audi
1915 2944 1930 2981 :

623 3020 703 3076 Tu
754 3038 806 3076 es
866 3020 1117 3075 sacerdos
1158 3022 1209 3073 in
1241 3029 1518 3081 azternum,
1580 3018 1867 3073 secundum
1906 3020 2147 3075 ordinem

549 3113 955 3169 Melchisedech.
1001 3111 1274 3166 Sacerdos
1315 3112 1538 3180 quidem
1592 3112 1764 3166 veluti
1815 3112 1907 3182 qni
1954 3114 2150 3183 mysti-

550 3222 678 3260 cum
715 3222 908 3274 panem
957 3214 1014 3260 et
1051 3207 1239 3258 vinum
1276 3200 1331 3258 in
1365 3203 1536 3259 Ccena
1573 3206 1844 3272 apostolis
1892 3205 2147 3270 tradidit,

550 3297 1010 3368 quemadmodum
1073 3295 1478 3352 Melchisedech
1557 3296 1791 3351 Abrahae
1844 3306 1902 3350 et
1977 3295 2151 3352 sociis

549 3394 702 3448 dedit
736 3392 1094 3447 redeuntibus
1124 3408 1154 3445 e
1187 3391 1349 3447 bello.
1385 3391 1673 3447 [Eternum
1716 3398 1899 3445 autem
1934 3397 2017 3445 est
2044 3388 2151 3443 hoc

555 3488 954 3551 sacerdotium,
1009 3485 1135 3553 quia
1171 3500 1269 3540 nec
1316 3484 1654 3555 principium
1698 3482 1935 3546 dierum,
1970 3498 2149 3553 neque

550 3584 680 3634 vita:
737 3579 899 3637 ﬁnem
967 3578 1135 3633 habet
1186 3580 1455 3633 :ratione
1520 3578 1777 3633 nimirum
1838 3576 2149 3634 divinitatis

548 3674 786 3741 Christi,
823 3671 1290 3741 quemadmodum
1348 3686 1449 3727 nec
1481 3671 1650 3725 ullum
1688 3670 1947 3725 habuisse
1979 3670 2145 3740 prin-

552 3768 780 3836 cipium,
828 3776 923 3819 aut
981 3766 1145 3819 ﬁnem
1207 3766 1385 3833 ipsum
1441 3763 1677 3834 legimus
1724 3762 2146 3818 Melchisedech.

552 3861 757 3915 Verum
819 3860 966 3914 hunc
1006 3857 1407 3913 Melchisedech
1458 3856 1793 3927 principium
1837 3864 1929 3909 aut
1986 3855 2147 3909 ﬁnem

2318 2189 2545 2257 Ὄμοσε
2570 2187 2814 2256 Κύριος.
2847 2186 3063 2257 Ὠσπερ
3084 2186 3113 2239 ὁ
3136 2186 3309 2257 θυμὸς
3334 2187 3431 2241 ἐπὶ
3484 2185 3624 2240 Θεοῦ
3688 2186 3855 2255 λεγό·

2250 2298 2435 2352 μενος,
2469 2281 2529 2334 οὐ
2558 2279 2820 2350 σημαίνει
2890 2277 3087 2343 πάθος,
3137 2278 3279 2333 ἀλλὰ
3326 2280 3429 2349 τὴν
3497 2281 3723 2351 κίνησιν
3747 2282 3856 2343 τῆς

2247 2374 2631 2443 τιμωρητικῆς
2684 2370 2995 2439 δυνάμεως,
3072 2370 3221 2426 οὕτω
3247 2373 3399 2425 καὶὸ
3432 2372 3600 2443 ὅρκος
3650 2372 3854 2433 αὑτοῦ,

2247 2467 2349 2537 τὴν
2381 2466 2678 2538 βεϐαίωσιν
2700 2464 2873 2535 δηλοῖ,
2901 2468 2995 2518 καὶ
3018 2465 3081 2520 οὐ
3102 2466 3196 2519 τὸν
3231 2468 3366 2537 παρ’
3398 2467 3537 2537 ἡμῖν
3558 2466 3855 2536 γινόμενον

2246 2560 2433 2629 ὅρκον.

2319 2651 2432 2707 Καὶ
2479 2653 2554 2707 οὐ
2613 2651 3203 2722 μεταμεληθήσεται.
3279 2654 3359 2707 Ou
3431 2650 3739 2721 μεταϐελεῖ
3789 2650 3853 2702 τὸ

2247 2745 2595 2817 δεδογμένον,
2624 2748 2727 2800 οὐκ
2754 2744 3067 2811 ἀλλοιώσει,
3112 2745 3370 2814 καθάπερ
3404 2746 3551 2798 ποιεῖ
3581 2744 3850 2805 πολλάκις

2249 2836 2565 2901 ἐπ’ἀλλων,
2620 2837 2689 2891 δι’
2718 2837 3059 2908 οἰκονομίας.
3126 2838 3192 2891 Τ(
3224 2836 3282 2890 δὲ
3329 2835 3539 2907 ὤμοσε,
3594 2835 3848 2889 τουτέστι

2251 2929 2486 3001 βεϐαίως
2519 2930 2865 3001 ἀπεφήνατο,
2906 2930 3167 2985 ἄκουσον.

2322 3024 2409 3080 Σὺ
2435 3019 2494 3077 εἴ
2531 3024 2721 3092 ἱερεὺς
2769 3026 2859 3090 εἰς
2918 3024 3028 3078 τὸν
3067 3023 3276 3091 αἰῶνα,
3322 3024 3475 3081 κατὰ
3517 3024 3637 3093 τὴν
3672 3025 3848 3089 τάξιν

2250 3116 2660 3186 Μελχισεδέκ..
2700 3116 2907 3187 ’ἱερεὺς
2939 3118 3059 3187 μὲν,
3094 3116 3170 3183 ὡς
3200 3118 3371 3189 ἄρτου
3422 3120 3519 3173 καὶ
3565 3118 3713 3171 οἴνου
3751 3134 3848 3187 με·

2250 3211 2447 3275 ταδοὺς
2492 3212 2607 3276 τοῖς
2652 3211 3001 3277 ἀποστόλοις,
3056 3212 3117 3264 ἐν
3173 3212 3252 3284 τῷ
3308 3211 3563 3282 μυστικῷ
3619 3212 3845 3286 δείπνῳ.

2250 3303 2567 3376 καθάπερὸ
2618 3304 2959 3375 Μελχισεδὲκ
3008 3306 3124 3369 τοῖς
3203 3306 3333 3379 περὶ
3410 3306 3686 3377 Ἀδραὰμ,
3752 3311 3843 3363 ὅτε

2250 3396 2610 3467 ὑπέστρεψαν
2670 3398 2783 3450 ἀπὸ
2838 3398 2936 3452 τοῦ
2991 3398 3261 3467 πολέμου.
3306 3399 3397 3463 Ei;
3455 3400 3633 3463 αἰῶνα
3659 3401 3738 3463 δὲ,
3767 3401 3845 3464 ὡς

2257 3488 2396 3557 μήτε
2434 3488 2617 3559 ἀρχὴν
2652 3488 2907 3561 ἡμερῶν,
2940 3490 3081 3561 μήτε
3123 3489 3270 3559 ζωῆς
3310 3492 3461 3556 τέλος
3485 3492 3650 3563 ἔχων,
3703 3495 3845 3547 κατὰ

2253 3579 2352 3650 τὴν
2375 3580 2638 3651 θεότητα,
2670 3581 2864 3653 ὥσπερ
2902 3586 2929 3637 ὁ
2961 3583 3329 3655 Μελχισεδὲκ,
3388 3586 3533 3640 κατὰ
3565 3585 3663 3657 τὴν
3706 3587 3844 3637 ιστο-

2257 3671 2404 3743 ρίαν.
2446 3673 2609 3727 Ἀλλὰ
2634 3674 2975 3747 Μελχισεδὲκ
3015 3678 3135 3742 μὲν,
3160 3678 3261 3732 οὐκ
3295 3678 3405 3750 ἔχει
3443 3677 3639 3743 ταῦτα,
3670 3678 3756 3731 διὰ
3784 3678 3845 3729 τὸ

2257 3768 2770 3840 παρασιωπηθῆναι
2824 3773 2890 3842 τῇ
2942 3772 3158 3844 ἱστορίᾳ
3221 3773 3324 3844 τῆς
3374 3773 3642 3845 Γραφῆς’
3696 3775 3724 3827 ὁ
3785 3772 3840 3824 δὲ

2256 3858 2513 3928 Χριστὸς,
2543 3862 2632 3915 διὰ
2662 3863 2761 3934 τὴν
2792 3864 3074 3936 ἀλήθειαν.

554 3971 664 4009 non
729 3955 929 4009 habere
980 3953 1240 4018 dicimus,
1282 3954 1410 4023 quia
1474 3950 1704 4007 historia
1749 3948 1801 4003 id
1840 3950 2037 4003 tacuit.
2113 3952 2185 4007 At
2248 3951 2506 4010 Christus
2576 3955 2886 4013 divinitatis
2965 3973 3081 4014 sua:
3142 3959 3355 4014 nullum
3412 3975 3541 4015 vere
3603 3976 3835 4032 unquam

555 4048 885 4118 principium
916 4046 1128 4106 habuit,
1161 4060 1263 4100 nec
1292 4045 1454 4099 ﬁnem
1488 4044 1664 4097 ullum
1715 4040 2011 4095 habiturus
2040 4051 2148 4097 est.

627 4144 792 4200 Vens.
833 4144 885 4202 5.
945 4143 1200 4197 Dominus
1243 4160 1275 4195 a
1317 4141 1515 4197 dextris
1572 4140 1697 4193 tuis.
1760 4139 2038 4193 Auxilium
2094 4139 2145 4193 ci

2316 4143 2533 4209 Κύριος
2557 4141 2626 4195 ἐκ
2654 4140 2873 4206 δεξιῶν
2891 4157 3030 4197 σου.
3060 4142 3283 4209 Βοηοῶν
3304 4142 3379 4205 ὡς
3409 4143 3701 4216 ἀνθρώπῳ.
3731 4146 3831 4199 Καὶ

556 4239 726 4295 veluti
781 4236 989 4291 homini
1049 4236 1282 4289 laturus.
1323 4235 1457 4290 Nam
1499 4241 1552 4289 et
1607 4235 1659 4286 in
1701 4232 1916 4303 psalmo
1959 4247 2027 4284 xv
2081 4248 2144 4285 ex

2251 4236 2311 4287 ὲν
2341 4234 2419 4305 τῷ
2459 4233 2521 4287 ιε’
2547 4233 2749 4304 ψαλμῷ
2774 4235 3089 4304 γέγραπται
3124 4253 3138 4267 ο
3168 4236 3536 4305 Προιρρώμην
3578 4238 3683 4290 τὸν
3724 4241 3833 4292 Κύ-

558 4345 793 4403 persona
854 4330 1066 4385 Christi
1126 4328 1393 4397 scriptum
1445 4326 1731 4393 legimus:
1796 4320 2146 4378 Providebam

558 4425 843 4479 Dominum
887 4422 942 4475 in
969 4433 1249 4490 conspectu
1283 4437 1393 4473 meo
1422 4436 1646 4491 semper,
1677 4418 1929 4487 quoniam
1958 4436 1989 4471 a
2018 4418 2149 4471 dex-

559 4520 655 4572 tris
687 4527 763 4571 est
794 4518 945 4581 mihi,
973 4534 1034 4569 ne
1057 4531 1407 4569 commoveor.

632 4610 905 4679 Confregit
940 4609 993 4662 in
1030 4610 1113 4661 die
1166 4610 1260 4660 ira,-
1314 4622 1424 4660 sum
1457 4622 1621 4675 reges.
1684 4602 1759 4659 De
1819 4603 1908 4659 die
1958 4603 2153 4674 judicii

559 4719 745 4758 sermo
784 4712 892 4766 est,
941 4701 1165 4771 quando
1210 4699 1409 4769 impios
1468 4714 1624 4769 reges
1676 4708 1930 4752 conteret
1981 4697 2149 4761 Deus,

2245 4341 2381 4392 ριον
2408 4323 2665 4377 ἐνώπιόν
2689 4341 2809 4392 μου
2846 4325 2944 4379 διὰ
2976 4326 3226 4391 παντὸς,
3260 4325 3351 4379 ὅτι
3392 4326 3461 4381 ἐκ
3492 4326 3708 4391 δεξιῶν
3721 4346 3832 4398 μου

2254 4416 2448 4478 ἐστὶν,
2480 4418 2580 4472 ἵνα
2604 4415 2691 4486 μὴ
2721 4416 3022 4473 σαλευθῶ.

2324 4597 2715 4652 Συνέθλασεν
2746 4598 2817 4651 ἐν
2844 4596 3032 4667 ἡμέρᾳ
3056 4596 3240 4666 ὀργῆς
3289 4595 3479 4652 αὐτοῦ
3530 4598 3827 4663 βασιλεῖς.

2257 4691 2395 4764 Περὶ
2426 4690 2524 4761 τῆς
2579 4690 2795 4761 ἡμέρας
2822 4693 2921 4760 τῆς
2953 4691 3189 4761 κρίσεως
3232 4693 3260 4743 ὁ
3299 4691 3481 4760 λόγος,
3511 4692 3598 4745 ὅτι
3625 4692 3829 4761 συντρί-

561 4796 787 4848 statutis
822 4794 1081 4847 nimirum
1120 4794 1187 4845 ab
1214 4808 1280 4844 eo
1318 4790 1518 4860 pmnis.
1549 4791 1705 4857 Quod
1736 4791 1782 4846 si
1809 4804 1963 4859 rcges
2001 4789 2151 4857 ipsos

2251 4786 2340 4854 ψει
2369 4784 2497 4847 τοὺς
2526 4783 2744 4846 ἀσεϐεῖς
2777 4781 3044 4853 βασιλεῖς,
3091 4783 3152 4835 ὲν
3197 4785 3317 4845 ταῖς
3364 4783 3825 4851 ἁποτεταγμὲναις

561 4886 905 4949 contriverit,
951 4884 1306 4953 perspicuum
1358 4895 1439 4936 est
1491 4883 1634 4949 quod
1695 4884 1871 4937 multo
1924 4879 2148 4933 facilius

2252 4879 2561 4932 κολάσεσιν.
2601 4876 2661 4930 Ei
2688 4875 2745 4929 δὲ
2773 4876 2901 4941 τοὺς
2928 4873 3193 4946 βασιλεῖς,
3235 4874 3395 4944 δῆλον
3430 4876 3525 4930 καὶ
3565 4877 3691 4939 τοὺς
3735 4876 3821 4929 ἆλ-

564 4982 790 5032 cmteros
830 4991 1022 5031 omucs
1054 4978 1265 5045 puniet,
1291 4977 1381 5042 qui
1416 4976 1681 5032 adversus
1716 4990 1841 5031 eum
1884 4972 2136 5041 delique-

2251 4975 2368 5041 λους
2402 4973 2635 5035 πάντας.

566 5071 699 5125 rint.

639 5306 685 5340 ὀ
722 5303 867 5360 l‘sal.
916 5322 1136 5372 Luxu,
1165 5305 1220 5359 2.
1294 5307 1338 5338 “
1382 5307 1398 5361 l
1432 5303 1557 5361 Cor.
1593 5322 1710 5370 vnn,
1744 5305 1795 5359 ti.
1875 5306 1917 5338 "
1967 5301 2128 5357 Joan.
2183 5313 2295 5362 xw,
2324 5295 2415 5351 58.

1891 5421 2096 5482 Varia}
2128 5415 2458 5478 lectiones.

574 5522 685 5594 γάρ
730 5523 879 5576 ἐστιν
908 5526 935 5577 ὁ
967 5524 1073 5593 πρὸ
1121 5524 1430 5592 Ἑωσφόρου
1467 5520 1677 5593 καιρός)
1714 5524 1749 5594 ὁ,
1786 5516 2162 5594 Χριστὸς-ἑτέ.-

575 5589 699 5665 χίὶὴ,
736 5595 794 5645 τὸ
846 5594 984 5647 κατὰ
1013 5589 1638 5665 ’ΛουκᾶνῚ-Ῑὺαγγέλιον
1662 5589 1937 5665 δείκνυσι.
2010 5589 2159 5665 Siqui.

705 5706 717 5727 ,
764 5666 844 5719 ὅτι
871 5666 974 5719 τῶν
996 5667 1269 5735 ποιμένων
1300 5664 1739 5734 ἀγραυλούντων,
1765 5681 1818 5715 κ.
1848 5681 1897 5716 τ.
1926 5662 1975 5716 λ.
2010 5660 2154 5714 Mn-

576 5751 735 5792 'I'li/Ei.

2334 5514 2444 5583 (2(3)
2481 5512 2661 5568 Locus
2697 5512 2884 5568 Basilii
2918 5513 3096 5582 Magni
3131 5511 3294 5583 quem
3318 5508 3697 5583 habetjcrsio
3722 5506 3814 5583 La-

2263 5580 2398 5648 tina,
2428 5580 2584 5639 deest
2638 5584 2804 5637 etiam
2841 5585 2894 5636 in
2944 5580 3085 5638 meis
3148 5580 3437 5637 codicibus
3498 5580 3809 5648 Mosqucnsi-

2270 5660 2390 5713 lius.
2429 5655 2501 5707 lu.
2540 5684 2609 5696 —-
2643 5654 2778 5708 Cod.
2805 5653 3152 5721 Musquensis
3192 5654 3225 5709 5
3270 5652 3421 5707 addit
3449 5668 3465 5706 :
3494 5652 3660 5705 Τοῦτο
3690 5648 3809 5721 δὲτὸ

2274 5728 2434 5799 ῥητὸν
2460 5727 2765 5795 ἡρμήνευσε
2800 5718 2978 5793 σοφῶς
3002 5725 3111 5794 ἄρα
3136 5723 3225 5778 καὶ
3253 5723 3437 5793 σαφῶς
3454 5725 3481 5777 ὁ
3505 5724 3673 5795 μέγας
3692 5718 3810 5773 ﬂag.
