4120 6296
462 359 595 428 1091

1680 359 2069 422 EUTHYMII
2105 360 2464 422 ZIGABENI

3577 363 3717 430 1092

453 492 642 549 peram
678 474 904 540 factum,
941 473 1076 529 nihil
1104 472 1283 527 minus
1314 482 1521 544 aptum,
1555 484 1648 527 aut
1696 488 1797 529 suo
1829 472 2025 544 Opiﬁce

2136 491 2222 537 κις
2253 472 2480 528 τοιαῦτα
2507 473 2674 541 δοκεῖ,
2709 472 2797 529 διὰ
2835 477 2897 527 τὸ
2938 476 3316 548 ἐστραμμένον
3361 479 3461 549 τῆς
3509 485 3712 554 φρονή-

456 572 737 641 iudignum
771 568 1079 623 inveniunt.
1129 566 1323 621 Omnia
1353 567 1501 623 enim
1536 567 1868 621 adamussim
1901 582 2030 635 pro-

2135 584 2271 632 σεως
2301 568 2502 625 αὐτῶν.

452 681 633 727 creata
660 680 810 734 sunt,
840 679 895 724 ct
918 684 1010 725 sua
1072 669 1285 727 ratione
1335 668 1668 735 consistunt,
1742 669 1965 726 tametsi
2031 684 2411 741 sapenumero
2458 673 2669 738 multis,
2719 673 2793 729 ob
2846 672 3169 744 depravatae
3219 691 3410 730 eorum
3478 688 3711 756 mentes,

451 776 615 820 secus
641 765 817 819 visum
847 761 1033 818 fuerit.

526 861 806 932 Exquisita
855 862 908 916 in
975 876 1152 915 omnes
1208 862 1502 916 voluntates
1550 861 1688 931 ejus.
1735 860 1850 917 Hoc
1900 869 2021 927 est,

449 962 643 1009 exacte
669 968 732 1007 ac
758 952 1053 1022 diligenter
1083 950 1253 1017 facta,
1301 962 1359 1006 et
1393 952 1853 1023 quemadmodum
1884 953 2026 1009 alius

450 1046 725 1115 interpres
765 1044 1176 1115 signiﬁcantius
1222 1044 1501 1108 reddidit,
1544 1045 1803 1115 praedicta
1857 1060 2028 1116 opera

450 1137 697 1209 perfecta
723 1145 881 1203 sunt,
922 1144 980 1192 et
1020 1137 1436 1192 accommodata
1474 1136 1542 1192 ad
1573 1153 1767 1195 omnes
1796 1136 1890 1193 Dei
1935 1155 2032 1195 vo-

447 1235 710 1287 luntates.
764 1230 1074 1301 Disponunt
1127 1231 1331 1287 etenim
1383 1232 1586 1299 probos
1641 1246 1707 1286 ac
1755 1232 2033 1303 sapientes

452 1324 625 1385 viros,
661 1321 726 1378 ad
776 1322 1108 1392 implendam
1157 1322 1280 1391 ejus
1317 1321 1679 1378 voluntatem.
1730 1322 1866 1377 Nam
1909 1326 2035 1395 quis

448 1425 555 1480 est,
588 1418 680 1487 qui
732 1417 940 1480 videat,
996 1423 1093 1471 aut
1142 1415 1333 1471 audiat
1389 1415 1708 1483 huiusmodi
1755 1432 1943 1488 opera,
1980 1427 2036 1474 et

449 1527 557 1567 non
588 1512 859 1567 excitetur
895 1511 962 1565 ad
998 1511 1325 1567 sectandum
1360 1510 1730 1581 quodcunque
1774 1511 1884 1565 Deo
1913 1526 2036 1579 gra-

445 1611 563 1658 tum
595 1618 719 1658 esse
745 1601 1100 1672 judicaverit,
1155 1601 1465 1670 intelligens
1493 1616 1560 1656 ex
1586 1600 1672 1655 his
1703 1601 1872 1657 Deum
1908 1617 2035 1658 vere

442 1710 593 1761 esse,
621 1703 674 1750 et
705 1710 832 1749 vere
862 1693 1272 1749 misericordem
1299 1696 1469 1751 esse?
1495 1693 1819 1752 Voluntates
1847 1705 2032 1753 autem

446 1787 541 1843 Dei
571 1797 703 1843 sunt
726 1788 848 1857 ejus
882 1788 1165 1843 mandata.

2214 860 2637 931 Ἐξεζητημένα
2676 863 2765 929 εις
2799 863 2997 918 πάντα
3026 868 3097 917 τὰ
3137 866 3442 933 θελήματα
3496 866 3702 922 αὐτοῦ.

2132 951 2645 1023 Ἐξηκριϐωμένως,
2665 952 2847 1018 καθὼς
2868 955 3051 1025 ἕτερος
3070 957 3411 1027 ἑρμηνευτὴς
3430 956 3710 1023 ἐξέδωκεν,

2130 1045 2515 1116 ἀπηρτισμένα
2568 1046 2637 1099 τὰ
2691 1046 2928 1117 ρηθέντα
2976 1047 3135 1118 ἔργα,
3195 1050 3478 1103 τουτέστιν
3516 1052 3708 1120 ἐπιτή-

2130 1137 2250 1192 δεια
2270 1138 2351 1201 είς
2380 1137 2557 1192 πάντα
2575 1137 2644 1191 τὰ
2678 1136 2960 1211 Θελήματα
2989 1139 3180 1204 αὑτοῦ,
3215 1142 3709 1212 παρασκευάζοντα

2133 1229 2260 1295 τοὺς
2291 1229 2545 1294 συνετοὺς
2567 1232 2740 1286 ποιεῖν
2763 1232 2923 1291 αὑτά.
2958 1232 3054 1296 Τίς
3080 1234 3187 1306 γὰρ
3209 1234 3350 1304 ὁρῶν
3370 1235 3461 1288 καὶ
3495 1235 3712 1289 ἀκούων

2132 1321 2202 1376 τὰ
2236 1322 2464 1378 τοιαῦτα
2507 1322 2669 1395 ἔργα,
2711 1325 2775 1378 οὐ
2820 1322 2889 1378 δι’
2919 1324 3101 1379 αὐτῶν
3160 1326 3530 1398 ἀναχθήσεται
3578 1329 3715 1398 πρὸς

2132 1414 2531 1487 ἀποπλήρωσιν
2563 1415 2673 1470 τῶν
2702 1415 3028 1488 θελημάτων
3059 1416 3153 1472 τοῦ
3187 1420 3559 1489 ἐργασομένου
3615 1421 3715 1475 αὖ·

2131 1506 2220 1574 τά,
2263 1510 2465 1571 συνιεὶς
2486 1509 2570 1564 ὅτι
2606 1508 2740 1574 Θεός
2768 1510 2915 1565 ἔστιν
2943 1511 3133 1578 ὅντως,
3177 1512 3269 1565 καὶ
3334 1511 3716 1586 φιλάνθρωπος

2132 1596 2333 1668 δντωςς
2366 1599 2662 1674 Θιλήματα
2692 1601 2772 1667 δὲ,
2810 1604 2867 1659 ai
2899 1604 3115 1657 ἐντολαὶ
3149 1604 3340 1659 αὐτοῦ.

511 1902 676 1958 Vsus.
706 1904 758 1958 ὅ.
787 1901 1066 1972 Confessio
1091 1913 1144 1957 et
1164 1903 1557 1974 magniﬁcentia
1579 1920 1708 1974 opus
1731 1905 1866 1974 ejus.
1890 1904 2025 1961 Gra-

2207 1897 2677 1968 Ἐξομολόγησις
2697 1898 2795 1953 καὶ
2812 1900 3299 1971 μεγαλοπρέπεια
3328 1900 3397 1954 τὸ
3410 1900 3587 1972 ἔργον
3609 1904 3717 1957 αἰν-

442 1994 646 2047 tiarum
678 1993 843 2057 actio,
893 2002 947 2048 et
988 1994 1277 2061 magniﬁca
1323 1996 1466 2063 laus,
1502 2006 1630 2052 sunt
1679 1995 1773 2052 Dei
1810 2010 1976 2068 opera
2013 2014 2028 2051 :

442 2100 551 2139 non
603 2092 817 2139 tantum
853 2089 979 2149 hoc,
1015 2090 1263 2158 inquam,
1305 2097 1403 2144 aut
1454 2088 1590 2144 illud
1623 2104 1785 2160 opus,
1837 2090 1935 2145 sed
1974 2090 2029 2145 in

441 2179 757 2233 universum
805 2180 991 2233 omnia
1024 2180 1117 2236 Dei
1165 2196 1358 2251 opera,
1402 2190 1456 2235 et
1490 2182 1834 2252 coniunctim
1857 2192 1912 2238 et
1949 2182 2032 2239 di-

438 2269 599 2325 visim
640 2270 917 2339 ejusmodi
956 2281 1106 2336 sunt,
1138 2282 1198 2326 ut
1230 2272 1296 2327 ad
1342 2272 1641 2342 gratiarum
1672 2273 1944 2337 actiones,
1974 2283 2031 2328 et

438 2359 510 2416 ad
553 2361 874 2432 magnificas
909 2360 1004 2416 Dei
1041 2362 1235 2417 laudes
1271 2377 1490 2418 movere
1523 2378 1620 2419 eos
1651 2364 1883 2432 possint,
1934 2364 2027 2435 qui

439 2466 500 2505 ea
526 2459 621 2507 aut
648 2453 909 2514 viderint,
949 2461 1046 2509 aut
1074 2454 1371 2509 audierint.
1418 2453 1605 2511 Potest
1640 2456 1807 2511 etiam
1839 2455 1944 2511 hoc
1971 2455 2027 2510 in

440 2544 561 2599 loco
592 2544 737 2599 istud
780 2559 919 2615 opus
946 2545 1355 2616 particulariter
1384 2548 1584 2619 accipi,
1619 2562 1719 2618 pro
1770 2548 2029 2603 incarna-

437 2634 586 2691 tione
611 2634 848 2692 Domini.

508 2747 578 2802 Et
600 2749 820 2818 iustitia
853 2766 965 2818 ejus
990 2760 1163 2804 manet
1194 2749 1246 2803 in
1269 2750 1521 2805 saxulum
1552 2752 1759 2805 seculi.
1810 2751 1924 2809 Hoc
1957 2753 2025 2808 ad

440 2841 689 2897 solamen
718 2857 906 2898 eorum
934 2842 1140 2897 dictum
1172 2852 1279 2911 est,
1312 2844 1405 2912 qui
1442 2844 1756 2898 abiciuntur
1778 2846 2023 2916 injuriis,

432 2944 487 2988 et
522 2934 588 2989 ad
623 2933 989 2990 eruditionem
1024 2936 1189 2989 etiam
1227 2950 1420 2990 eorum
1486 2937 1578 3007 qui
1615 2938 1848 3009 injurias
1890 2938 2029 2993 infe-

435 3028 586 3083 runt,
638 3036 762 3077 cum
798 3021 1011 3091 justum
1089 3033 1252 3092 atque.
1298 3036 1559 3079 aeternum
1611 3035 1876 3096 utrosque
1930 3026 2025 3082 Dei

430 3111 703 3182 judicium
745 3126 987 3181 maneat,
1030 3131 1139 3185 quo
1189 3117 1345 3171 alteri
1378 3119 1648 3187 requiem,
1692 3120 1844 3174 alteri
1895 3136 2026 3175 vero

2131 1990 2263 2046 τοῦ.
2295 1990 2631 2061 Εὐχαριστία
2653 1991 2747 2047 καὶ
2776 1989 3205 2063 μεγαλοπρεπὴς
3232 1994 3441 2058 αῐνεσις
3483 1994 3553 2048 τὰ
3576 1995 3714 2065 ἔργα

2133 2080 2300 2136 αὐτοῦ
2324 2099 2338 2113 ·
2366 2083 2487 2152 οὐχὶ
2516 2082 2635 2137 τόδε
2659 2084 2691 2153 ἢ
2725 2084 2870 2151 τόδε,
2903 2083 3024 2139 ἀλλ’
3055 2085 3243 2149 ἁπλῶς
3268 2087 3400 2151 πᾶν,
3426 2085 3504 2150 ὡς
3530 2089 3715 2142 ἱκανὸν

2130 2177 2305 2229 κινεῖν
2344 2175 2425 2239 είς
2473 2174 2867 2247 μεγαλοπρεπῆ
2930 2174 3160 2243 ατνεσιν,
3216 2176 3311 2231 καὶ
3357 2177 3715 2248 εδχαριστῐαν

2130 2266 2225 2320 τοῦ
2292 2268 2578 2331 κτίσαντος
2629 2268 2773 2322 αὐτὰ
2830 2268 2925 2322 τὸν
2983 2267 3202 2339 δρῶντα
3268 2270 3363 2323 καὶ
3419 2269 3711 2323 ἀκούοντα.

2130 2360 2352 2415 Noctem
2380 2358 2437 2413 δὲ
2460 2358 2555 2415 καὶ
2587 2360 2771 2425 ίδικῶς
2802 2359 2967 2432 ἔργον
2998 2360 3246 2416 τοιοῦτον
3270 2362 3325 2438 ,η
3355 2362 3711 2435 ἐνανθρώπη-

2132 2468 2216 2517 σις
2237 2452 2424 2508 αὑτοῦ.

2200 2742 2311 2799 Kal
2356 2744 2394 2811 ἠ
2449 2743 2805 2809 δικαιοσύνη
2834 2743 3023 2798 αὐτοῦ
3074 2744 3243 2814 μένει
3267 2747 3354 2811 εις
3386 2746 3493 2801 τὸν
3522 2746 3710 2803 αἰῶνα

2128 2836 2237 2890 τοῦ
2255 2835 2492 2903 αἰῶνος.
2530 2835 2726 2902 Τοῦτο,
2765 2835 2904 2908 πρὸς
2938 2838 3298 2909 παραμυθίαν
3349 2840 3459 2895 τῶν
3493 2841 3709 2895 ἀδικου-

2130 2928 2336 2998 μένων,
2368 2928 2754 2998 σωφρονισμδν
2793 2927 2851 2981 δὲ
2876 2927 2985 2981 τῶν
3015 2928 3353 2983 ἀδικούντων
3378 2946 3393 2961 ο
3439 2931 3520 2983 ὅτι
3555 2932 3587 3002 η
3624 2931 3707 2984 δι-

2126 3021 2260 3076 καία
2288 3020 2463 3089 κρίσις
2491 3019 2680 3087 αὐτοῦ,
2715 3022 2867 3089 μένει
2895 3020 3091 3085 αὐτοὺς
3116 3061 3132 3088 ,
3182 3022 3352 3086 ἀΐδιος
3401 3021 3555 3089 οὖσα,
3611 3026 3707 3079 καὶ

2128 3117 2241 3177 τοῖς
2296 3114 2398 3183 μὲν
2438 3114 2644 3177 ἄνεσιν,
2704 3114 2823 3176 τοῖς
2876 3111 2932 3167 δὲ
2974 3113 3198 3168 κόλασιν
3232 3114 3423 3180 ἐπάξει
3452 3117 3523 3186 ’ἢ
3556 3118 3637 3171 ὅτι
3671 3120 3706 3190 ἡ

428 3206 701 3275 Supplicia
732 3224 796 3264 ac
852 3223 1044 3277 ptenas
1075 3208 1474 3263 sustinebunt:
1518 3211 1601 3265 vel
1641 3212 1768 3281 quia
1807 3213 2021 3282 justitia

2127 3206 2444 3275 δικαιοσύνη
2481 3206 2646 3259 αὐτοῦ
2680 3205 2939 3277 διηνεκὴς
2996 3207 3165 3270 ἐστιν,
3189 3208 3389 3276 εῐτουν,
3438 3210 3706 3280 ἀμετακί-

434 3299 554 3380 ejus
581 3311 845 3377 perpetua
877 3309 985 3363 est,
1014 3301 1118 3356 hoc
1151 3312 1257 3365 est,
1284 3302 1659 3357 immutabilis.

494 3422 662 3477 Vsus.
696 3420 754 3474 4.
811 3415 1131 3471 Memoriam
1213 3416 1338 3485 fecit
1397 3419 1732 3471 mirubilium
1784 3436 2021 3473 suorum.

436 3518 703 3578 Verbum,
741 3510 1003 3577 Meminit,
1034 3525 1152 3574 seu,
1229 3508 1545 3564 Memoriam
1636 3511 1782 3579 fecit,
1822 3520 1877 3567 et
1917 3513 2025 3565 alia

437 3604 782 3678 hujusmodi,
825 3602 1009 3659 solent
1058 3602 1333 3670 prepheta:
1386 3617 1767 3671 saepenumero
1825 3619 2027 3673 ponere

439 3717 541 3775 pro
587 3699 842 3771 Operari,
886 3694 1355 3767 quemadmodum
1420 3698 1550 3751 alibi
1606 3697 1867 3752 diximus.
1936 3698 2028 3751 Ait

441 3796 608 3867 igitur
665 3790 966 3860 propheta,
1008 3788 1153 3858 quod
1213 3786 1357 3842 Deus
1411 3797 1669 3857 operatur
1727 3790 2023 3853 mirabilia,

440 3902 545 3943 nec
597 3883 894 3954 aliquando
947 3889 1134 3937 cessat
1194 3881 1261 3936 ab
1306 3882 1623 3948 liujusmodi
1682 3886 2023 3954 operatione,

442 3990 505 4037 ut
540 3995 639 4049 per
673 3993 736 4032 ea
772 3978 1079 4032 crassiores
1125 3990 1190 4029 ac
1241 3974 1497 4031 rudiores
1538 3991 1787 4047 quosque
1849 3978 2029 4032 homi-

440 4088 543 4128 nes
580 4070 646 4126 ad
704 4085 765 4124 se
817 4068 1087 4124 traducnt.
1150 4068 1478 4137 Hujusmodi
1559 4078 1743 4124 autem
1803 4068 2029 4125 fuerunt

438 4180 503 4219 ea
534 4178 658 4234 qua:
710 4161 842 4216 fecit
895 4171 1139 4230 tempore
1170 4160 1384 4224 diluvii,
1419 4172 1471 4215 et
1540 4178 1662 4231 qua:
1714 4164 1777 4217 in
1831 4163 2028 4217 coniu—

440 4259 594 4313 sione
624 4255 960 4325 linguarum,
999 4261 1095 4308 aut
1131 4268 1253 4323 quae
1306 4253 1719 4308 Sodomilarum
1753 4264 2026 4323 tempore,

439 4351 569 4405 item
621 4364 745 4418 qua:
787 4348 842 4402 in
896 4354 1141 4415 tempore
1188 4346 1485 4409 Abraham,
1521 4346 1671 4402 Isaac
1741 4357 1797 4404 et
1823 4345 2020 4403 Jacob.

2122 3316 2303 3370 νητος.

2198 3419 2430 3473 Μνείαν
2472 3416 2807 3484 ἐποιήσατο
2846 3415 2967 3472 τῶν
2999 3420 3353 3487 θαυμασίων
3380 3423 3588 3478 αὑτοῦ.
3631 3424 3706 3479 Τὸ

2139 3510 2476 3581 Ἐμνήσθη,
2506 3510 2600 3563 καὶ
2628 3509 2689 3563 τὸ
2712 3510 2945 3564 Μνείαν
2977 3509 3329 3578 ἐποιήσατο,
3366 3515 3460 3567 καὶ
3490 3516 3555 3568 ea
3594 3533 3706 3571 τοι·

2129 3606 2268 3660 αὔτα
2323 3607 2420 3659 tul.
2463 3604 2565 3675 τῆς
2604 3602 2887 3674 ἐνεργείας
2932 3603 2982 3657 οι
3032 3604 3314 3675 προφῆται
3369 3605 3705 3676 λαμϐάνουσι

2128 3699 2413 3763 πολλάκις,
2447 3698 2525 3762 ὡς
2555 3696 2652 3752 καὶ⁵
2688 3698 2749 3751 ἐν
2786 3697 2969 3762 ἄλλοις
2996 3697 3324 3769 εἰρήκαμεν.
3356 3700 3521 3767 Λέγει
3570 3700 3707 3770 γοῦν

2128 3782 2211 3847 ὅτι
2265 3794 2483 3863 ἐνεργεῖ
2529 3792 2601 3845 τὰ
2655 3791 2938 3862 Θαυμάσια
2999 3791 3191 3861 αὑτοῦ,
3234 3793 3330 3848 καὶ
3371 3796 3435 3849 οὐ
3473 3795 3701 3849 παύεται

2130 3884 2589 3955 θαυματουργῶν,
2634 3882 2722 3938 διὰ
2768 3883 2953 3954 πάσης
2983 3887 3199 3953 γενεᾶς,
3231 3884 3318 3939 ἵνα
3363 3887 3488 3950 τοὺς
3527 3903 3703 3958 παχυ-

2126 3980 2322 4046 τέρους
2355 3979 2654 4046 ἔπάγηται,
2680 3976 2772 4030 διὰ
2800 3976 2911 4029 τῶν
2931 3977 3253 4047 τεραστίων,
3282 3971 3370 4031 οἷα
3394 3977 3462 4031 τὰ
3489 3979 3582 4031 ἐπὶ
3608 3978 3701 4032 τοῦ

2128 4068 2547 4138 κατακλυσμοῦ,
2571 4067 2640 4122 τὰ
2669 4068 2765 4121 ἐπὶ
2794 4068 2891 4138 τῆς
2934 4068 3250 4139 συγχύσεως
3278 4070 3388 4122 τῶν
3417 4070 3701 4139 γλωσσῶν,

2126 4163 2197 4216 τὰ
2239 4163 2334 4216 ὲπί
2365 4160 2636 4231 Σοδόμων,
2673 4159 2743 4213 τά
2782 4161 2876 4213 ἐπὶ
2918 4158 3192 4232 Ἁϐραάμ,
3245 4164 3337 4215 καὶ
3372 4162 3577 4229 Ἰσαὰκ,
3610 4166 3704 4219 καὶ

2140 4256 2359 4324 Ἰακὼϐ,
2383 4255 2453 4310 τὰ
2485 4256 2544 4308 ἐν
2573 4252 2859 4324 Αἰγύπτῳ,
2900 4254 2969 4306 τὰ
3004 4256 3063 4309 ὲν
3102 4257 3169 4324 τῇ
3223 4253 3389 4326 ἐξόδῳ
3420 4257 3529 4308 τῶν
3578 4257 3705 4311 ’1ου-

2126 4351 2317 4411 δαίων,
2355 4352 2424 4402 τά
2448 4350 2510 4401 ὲν
2538 4350 2604 4419 τῇ
2630 4348 2842 4418 ἐρήμῳ,
2866 4348 2936 4399 τὰ
2960 4349 3018 4399 ὲν
3043 4350 3108 4418 τῇ
3129 4349 3309 4418 γῇτῆς
3346 4350 3699 4416 ἐπαγγελίας,

437 4442 507 4497 Et
532 4458 653 4514 qua:
686 4442 740 4495 in
790 4439 1053 4512 Egypto,
1098 4452 1195 4495 aut
1260 4442 1315 4494 in
1379 4441 1527 4495 exitu
1583 4440 1899 4496 Judmorum
1952 4439 2023 4496 ab

2127 4441 2197 4496 τά
2222 4441 2280 4493 ὲν
2314 4436 2618 4501 Βαϐυλῶνι,
2643 4436 2711 4491 τὰ
2743 4436 2886 4491 κατὰ
2916 4438 3014 4508 τὴν
3057 4437 3319 4491 ἐπάνοδον
3362 4440 3427 4492 ὲκ
3451 4437 3702 4491 Βαϐυλῶ-

438 4536 705 4607 JEgypto,
736 4550 964 4604 qumque
1000 4538 1053 4587 in
1072 4534 1313 4595 deserto,
1351 4534 1403 4585 in
1438 4544 1583 4587 terra
1613 4534 2025 4601 promissionis.

444 4632 499 4683 in
548 4627 845 4700 Babylone,
890 4636 982 4679 aut
1040 4635 1287 4695 tempore
1329 4623 1789 4690 Machabaaorum,
1820 4634 1873 4680 et
1904 4639 2027 4693 quat

438 4725 493 4778 in
524 4722 726 4776 Christi
780 4720 1040 4780 adventu,
1090 4726 1147 4772 et
1189 4725 1316 4786 post
1364 4717 1516 4770 illum
1586 4716 1878 4781 hactenus,
1909 4717 2025 4785 pri-

436 4817 600 4869 vatim
666 4830 728 4869 ac
758 4813 1000 4882 publice,
1042 4811 1533 4883 apostolorumque
1581 4824 1646 4863 ac
1699 4819 2023 4879 martyrum,

438 4921 493 4963 ct
530 4907 764 4961 aliorum
807 4906 1173 4974 temporibus,
1236 4904 1290 4957 in
1346 4903 1578 4972 privatis
1631 4900 1910 4965 domibus,
1961 4901 2017 4954 in

432 5000 771 5061 civitatibus,
807 5006 863 5053 et
936 4998 1140 5067 ubique
1201 4998 1444 5066 gentium
1480 4992 1619 5048 facta
1655 5002 1803 5047 sunt.

508 5091 814 5146 Misericors
845 5098 892 5143 et
924 5090 1212 5141 miserator
1253 5087 1537 5141 Dominus.
1593 5084 1699 5150 Qui
1755 5084 2015 5155 praedicta

431 5182 621 5240 omnia
682 5182 834 5246 facit,
892 5194 1089 5250 magna
1124 5193 1250 5233 cum
1280 5175 1683 5242 misericordia,
1706 5184 1760 5231 et
1781 5175 2014 5242 salutem

434 5278 719 5333 hominum
774 5274 952 5343 cupit.

503 5389 669 5445 Vsus.
707 5389 759 5443 5.
803 5386 995 5442 Escam
1063 5387 1206 5441 dedit
1253 5384 1557 5439 timentibus
1621 5401 1698 5439 se.
1740 5384 1903 5454 Atqui
1958 5390 2014 5437 et

431 5498 544 5539 non
584 5481 911 5535 timentibus
943 5496 1004 5535 se
1049 5478 1232 5534 cibum
1281 5487 1524 5549 praestat.
1585 5476 1788 5532 Verum
1826 5478 1927 5530 hoc
1957 5477 2012 5529 in

432 5575 556 5628 loco
598 5571 924 5627 rationalem
991 5585 1054 5625 ac
1104 5570 1406 5641 spiritalem
1443 5568 1639 5623 anima:
1680 5573 1860 5622 cibum
1928 5567 2015 5620 in-

434 5666 655 5734 telligit,
714 5664 1018 5727 cmlestem,
1093 5664 1341 5729 inquam,
1392 5676 1614 5733 panem.
1670 5674 1832 5729 quem
1878 5660 2012 5714 solis

433 5770 496 5808 se
538 5755 863 5809 timentibus
894 5753 1108 5808 tribuit.
1151 5752 1390 5807 Possunt
1423 5754 1585 5807 etiam
1620 5752 1850 5821 intelligi
1893 5752 2007 5805 haac

436 5845 599 5897 verba
656 5845 726 5897 de
780 5859 920 5912 pane
990 5844 1265 5912 mystico;
1305 5845 1387 5898 vel
1441 5844 1570 5911 quia
1631 5857 2010 5911 stepcnumero

2124 4550 2236 4599 νος,
2269 4535 2339 4588 τά
2394 4532 2489 4586 ἐπὶ
2537 4532 2648 4586 τῶν
2687 4531 3066 4603 Μακκαϐαίων
3098 4549 3113 4565 ·
3148 4530 3216 4587 τὰ
3240 4533 3300 4585 ὲν
3350 4532 3559 4585 ἐλεύσει
3607 4532 3698 4586 τοῦ

2122 4626 2385 4697 Χριστοῦ,
2415 4625 2485 4677 τὰ
2516 4625 2642 4693 μετ’
2670 4625 2846 4696 αὐτὴν
2876 4624 3007 4695 ἄχρι
3070 4623 3164 4677 καὶ
3198 4623 3292 4675 νῦν
3330 4623 3437 4676 [δια
3482 4625 3576 4678 καὶ
3608 4624 3697 4693 δηο

2127 4720 2316 4790 μόσια,
2367 4718 2461 4773 ἐπί
2494 4735 2554 4772 τε
2585 4717 2697 4770 τῶν
2724 4716 3067 4779 ἀποστόλων,
3106 4716 3200 4769 καὶ
3236 4716 3348 4769 τῶν
3382 4716 3697 4787 μαρτύρων,

2125 4814 2222 4867 καὶ
2255 4812 2363 4865 τῶν
2390 4812 2569 4866 ἀλλων
2604 4810 2799 4877 ἁγίων,
2828 4810 2924 4862 καὶ
2947 4809 3257 4876 ἕνὀὶκίαις,
3287 4809 3382 4863 καὶ
3401 4812 3461 4863 ὲν
3490 4809 3698 4877 πόλεσι,

2124 4906 2219 4959 καὶ
2246 4903 2525 4975 πανταχοῦ
2559 4900 3098 4974 τερατουργούμενα.

2203 5082 2510 5151 Ἔλεήμων
2534 5080 2631 5136 καί
2651 5080 2969 5151 οικτίρμων
2993 5081 3028 5134 ό
3050 5081 3289 5149 Κύριος.
3321 5080 3379 5136 ’0
3402 5081 3471 5137 τὰ
3500 5082 3695 5155 ῥηθένο

2119 5193 2187 5231 τι
2218 5176 2413 5238 ποιῶν,
2437 5174 2606 5227 ἐλεῶν
2630 5173 2740 5243 γὰρ
2769 5174 2866 5228 καὶ
2893 5172 3181 5244 οίκτείρων
3204 5172 3380 5229 ταῦτα
3403 5177 3567 5242 ποιεῖ,
3600 5174 3695 5230 καὶ

2119 5268 2291 5322 θέλων
2314 5268 2413 5339 τὴν
2441 5266 2719 5338 σωτηρίαν
2754 5265 2864 5321 τῶν
2890 5264 3220 5338 ἀνθρώπων.

2199 5381 2433 5451 Τροφὴν
2484 5382 2671 5435 ἔδωκε
2716 5380 2844 5448 τοῖς
2902 5380 3301 5451 φοϐουμένοις
3345 5383 3551 5438 αὐτόν.
3584 5384 3693 5438 Καὶ

2122 5477 2232 5547 μὴν
2261 5476 2494 5537 καὶτοῖς
2531 5474 2607 5543 μὴ
2649 5473 3014 5544 φοϐουμένοις
3048 5474 3213 5529 αὐτόν
3261 5491 3278 5505 ο
3318 5476 3458 5530 ἀλλὰ
3486 5477 3691 5547 τροφὴν

2119 5568 2377 5632 ἐνταῦθα,
2432 5568 2532 5637 τὴν
2581 5567 2821 5637 ψυχικὴν
2879 5567 3053 5635 λέγει,
3116 5568 3218 5639 τὴν
3286 5567 3533 5639 λογικὴν,
3591 5569 3690 5639 τὴν

2118 5661 2522 5729 πνευματικὴν,
2553 5659 2643 5713 τὸν
2668 5659 2920 5728 οὐράνιον
2957 5661 3126 5730 ἄρτον
3147 5701 3161 5723 ,
3192 5661 3261 5731 ἢν
3290 5662 3584 5733 ἐξαιρέτως
3610 5662 3690 5715 δίο

2114 5754 2246 5805 δωσι
2283 5750 2466 5822 μόνοις
2495 5753 2608 5814 τοῖς
2656 5752 3010 5822 φοϐουμένοις
3037 5754 3222 5807 αὐτόν.
3262 5753 3502 5824 Νοηοείη
3529 5753 3575 5806 δ’
3597 5752 3685 5817 ἃν,

2119 5844 2213 5900 καὶ
2248 5847 2274 5897 δ
2308 5845 2572 5914 μυστικὸς
2606 5844 2843 5909 δεῖπνος,
2874 5847 2909 5917 ῆ
2944 5846 3036 5900 καὶ
3070 5846 3153 5900 ὅτι
3190 5846 3379 5917 τρέφει
3427 5845 3687 5909 πολλάκις
