4120 6296
586 302 722 371 1095
1826 313 2210 375 EUTii't'Mll

2246 316 2608 379 ZlGABENI
3701 315 3840 381 1096

581 440 703 496 quae
750 438 845 497 per
874 424 1043 495 legem
1106 424 1276 496 Moysi
1328 425 1552 495 scriptis
1601 426 1799 481 tradita
1856 437 2007 483 sunt.
2060 429 2208 491 Po-t

2215 435 2233 493 ι
2263 428 2510 496 γελικᾶς.
2537 432 2594 483 αἲ
2628 430 2821 492 πᾶσαι,
2867 432 3023 503 φησὶ,
3058 430 3269 495 πισταὶ,
3328 428 3576 484 τουτέστι
3606 428 3842 500 βέϐαιοι,

583 525 792 574 stremo
824 531 953 570 vero
985 516 1101 586 ipsa
1156 529 1428 587 praecepta
1459 518 1795 588 evangelica,
1839 534 1962 587 quae
2001 532 2159 574 man-

2262 521 2682 593 ἁμετακίνητοι.
2715 523 2775 577 Et
2808 523 2920 594 γὰρ
2942 523 3037 578 καί
3076 541 3197 577 τινα
3219 522 3313 577 τοῦ
3342 522 3641 577 Μωσαῖκοῦ
3673 524 3843 592 νόμου

579 610 707 662 data
765 609 951 662 omnia
1004 608 1183 661 lidclia
1230 618 1382 671 sunt,
1442 608 1542 662 hoc
1583 618 1686 671 est,
1760 608 1940 674 lirma,
1994 616 2159 679 atque

2262 612 2700 684 κατεϐλήθησαν.
2736 614 2852 669 ἀλλ’
2886 616 2983 669 ἐπὶ
3005 615 3066 669 τδ
3103 614 3337 686 βέλτιον,
3365 616 3456 669 ἐπὶ
3485 615 3546 668 τὸ
3580 614 3846 686 ὑψηλότε-

579 699 925 754 inconcussa.
952 696 1110 762 Nam,
1132 700 1234 753 etsi
1268 698 1517 767 quaedam
1544 698 1793 754 Mosaieu:
1831 701 1966 769 legis
1998 715 2156 755 man-

2264 722 2375 774 ρον.
2414 707 2605 771 Οὐδεὶς
2634 706 2728 761 οὖν
2758 708 2987 763 δύναται
3018 709 3224 770 ταύτας
3249 708 3582 777 ἁναφανίσαι
3603 723 3618 739 ·
3658 709 3720 761 ’0
3739 709 3845 761 οὐ·

579 792 705 845 data
756 794 937 844 soluta
976 791 1107 853 sint,
1166 805 1353 843 verum
1416 806 1523 845 non
1576 800 1685 845 tam
1718 791 1921 855 soluta,
1989 805 2153 862 quam

2248 798 2439 866 ρανὸς
2471 799 2601 870 γὰρ,
2629 801 2785 871 φησὶ,
2817 801 2917 856 καὶ
2955 802 2992 870 ἠ
3030 800 3105 870 τῆ
3138 800 3647 869 παρελεύσονται·
3686 802 3740 855 ot
3773 799 3844 853 δὲ

582 884 638 938 in
669 886 864 938 melius
900 884 1192 954 disposita,
1250 893 1414 953 atque
1455 883 1731 940 intellecta
1766 885 1871 940 dici
1901 895 2157 955 possunt.

1595 883 1731 940 lectu
1766 885 1871 940 dici
1901 895 2157 955 possunt.
2254 892 2425 961 λόγοι
2461 910 2582 962 μου
2617 894 2688 948 οὐ
2706 893 2792 964 μὴ
2824 896 3222 963 παρέλθωσιν.

579 978 755 1036 Nemo
800 977 971 1049 igitur
1005 992 1069 1033 ea
1127 978 1331 1048 poterit
1391 979 1622 1034 delere:
1659 976 1861 1033 Catum
1899 979 2077 1046 enim,
2112 981 2310 1052 inquit,
2352 996 2401 1038 et
2448 996 2592 1041 terra
2665 990 2998 1055 transibunt,
3035 992 3191 1044 ιρι-ιω
3270 1002 3448 1045 autem
3539 1006 3655 1043 mea
3738 1005 3844 1045 non

582 1075 887 1129 transibunt
920 1076 989 1129 ".

648 1173 977 1239 Conﬁrmata
1006 1174 1058 1225 in
1090 1173 1340 1227 arculum
1386 1172 1589 1229 secuti.
1618 1170 1870 1237 Stabilia,
1902 1171 2152 1242 inquam,

2350 1175 2795 1246 Ἐστηριτμέναι
2857 1178 2945 1244 εις
3005 1176 3112 1231 τὸν
3185 1174 3373 1232 αἰῶνα
3435 1175 3541 1233 τοῦ
3604 1175 3840 1243 ultimae.

580 1272 636 1318 et
677 1274 946 1332 perpetuo
1000 1278 1285 1317 mansura-

2276 1267 2538 1339 Ἐδραῐαι,
2567 1268 2859 1337 διηνεκεῖς,
2892 1269 3133 1338 μόνιμοι.

655 1352 827 1407 Facta
878 1355 933 1407 itt
981 1356 1218 1415 ueritate.
1274 1364 1323 1409 et
1384 1354 1721 1409 rectitudine.
1777 1354 1926 1410 Nihil
1989 1355 2157 1420 enim,

2333 1363 2731 1431 Πεποιημέναι
2762 1363 2831 1416 ἐν
2862 1362 3135 1431 ἀληθείᾳ,
3169 1362 3267 1416 καὶ
3295 1362 3594 1432 εὐθύτητα.
3650 1362 3842 1425 Οὐδὲν.

580 1446 782 1515 inquit,
827 1446 884 1501 in
954 1447 1035 1499 eis
1088 1444 1285 1500 falsum
1343 1458 1447 1509 est,
1492 1447 1630 1502 nihil
1695 1446 2005 1516 obliquum.
2062 1444 2159 1501 Vel

2262 1458 2450 1527 φησιν,
2480 1459 2540 1510 ἐν
2560 1459 2750 1521 αὐτοῖς
2771 1456 2990 1527 ψευδὲς,
3015 1458 3137 1512 οὐδὲ
3166 1459 3381 1513 σκολιόν
3408 1472 3423 1487 ⁶
3463 1457 3496 1529 ἢ
3518 1458 3614 1511 καὶ
3642 1458 3843 1525 ἄλλως,

581 1540 763 1603 aliter,
804 1553 901 1607 per
934 1538 1248 1603 veritatem,
1294 1540 1600 1593 claritatem
1650 1539 1914 1610 intelligo,
1947 1554 2046 1610 per
2075 1555 2161 1593 rc-

2258 1549 2519 1620 ὰ>.ήθειαν
2555 1550 2655 1621 μὲν
2694 1550 2912 1621 νόησον,
2938 1550 3040 1621 τὴν
3074 1553 3376 1622 σαφήνειαν
3410 1567 3426 1585 ο
3455 1551 3732 1623 εὐθύτητα
3760 1552 3842 1615 δὲ.

581 1630 906 1684 etizudinem
945 1645 1097 1694 vero,
1138 1638 1349 1685 rectum
1404 1630 1703 1701 judicium.
1762 1630 1956 1685 Omnia
2010 1630 2157 1686 enim

2258 1641 2357 1709 τὴν
2384 1639 2734 1712 ὀρθοτσμίαν,
2773 1642 2859 1695 ὅτι
2897 1644 3071 1698 πᾶσαι
3097 1642 3338 1717 ἀληθεῖς,
3379 1645 3473 1699 καὶ
3504 1645 3719 1714 σαφεῖς,
3749 1644 3843 1699 καὶ

576 1724 700 1791 ejus
743 1723 997 1777 mandata
1042 1738 1169 1776 vera
1226 1732 1380 1784 sunt.
1425 1736 1478 1779 et
1511 1724 1684 1791 clara,
1721 1738 1783 1778 ac
1821 1732 1971 1780 recte
2000 1724 2156 1779 ince-

1435 1736 1478 1779 ει
1511 1724 1684 1791 Clam,
1721 1738 1783 1778 ac
1821 1732 1971 1780 rt'Cle
2000 1724 2156 1779 incc-
2256 1732 2395 1804 ὀρθὰ
2452 1732 2660 1805 βαίνειν
2688 1732 3062 1790 διδάσκουσαι.

578 1817 708 1869 dere
740 1828 841 1869 nos
880 1815 1100 1870 docent.
2194 1831 2236 1890 Β

649 1929 814 1985 Vens.
851 1930 904 1985 9.
946 1929 1373 2001 Redemptionem
1431 1932 1577 1986 misit
1625 1932 1818 2001 populo
1850 1949 1968 1987 suo.
1995 1931 2160 1988 Pater

2335 1939 2647 2009 Λύτρωσιν
2676 1939 2999 1995 ἀπέστειλε
3038 1941 3119 2008 τῷ
3159 1941 3289 2009 ,ιαῷ
3312 1942 3520 1999 αὐτοῦ.
3570 1940 3630 1995 '0
3654 1941 3843 2013 Πατὴρ

581 2024 730 2079 misit
762 2022 960 2077 Filium
1007 2040 1193 2095 sutun,
1242 2022 1395 2077 Misit
1422 2024 1568 2077 enim
1596 2041 1695 2088 me,
1729 2026 1927 2095 inquit,
1960 2025 2159 2092 prtedi-

2264 2032 2357 2085 τὸν
2389 2031 2539 2098 Υιὸν,
2568 2032 2689 2103 ἦτοι
2739 2033 2831 2086 τὸν
2866 2034 3103 2105 Χριστόν
3135 2053 3149 2067 ’
3202 2036 3544 2091 Ἀπέστειλε
3585 2036 3697 2107 γάρ
3744 2052 3840 2105 με,

577 2134 701 2173 care
724 2119 939 2187 captivis
984 2118 1345 2172 remissionem
1380 2116 1449 2173 ".
1489 2115 1553 2172 Et
1588 2132 1786 2173 rursus
1814 2118 1881 2172 de
1929 2134 1995 2170 eo
2019 2118 2159 2172 scri—

2266 2125 2423 2194 φησὶ,
2456 2125 2712 2194 κηρύξαι
2758 2127 3153 2196 αἰχμαλώτοις
3206 2128 3433 2198 ἄφεσιν
3462 2145 3479 2161 ο
3514 2130 3609 2184 καὶ
3645 2131 3840 2184 πάλιν·

578 2223 730 2280 ptum
765 2222 847 2267 est
883 2231 897 2267 :
931 2210 1051 2279 Ipse
1110 2210 1315 2265 salvum
1382 2208 1541 2278 faciet
1595 2210 1847 2281 populum
1902 2228 2059 2264 suum
2089 2210 2157 2267 ".

2262 2216 2459 2283 Αὐτὸς
2486 2217 2594 2290 γὰρ
2620 2217 2806 2272 σώσει
2827 2218 2935 2274 τὸν
2961 2222 3119 2275 λαὸν
3157 2220 3367 2277 αὐτοῦ.
3412 2222 3526 2278 Καὶ
3573 2223 3635 2286 ὃς
3687 2222 3842 2293 ὶδόθη

580 2305 713 2360 ltem
753 2306 847 2374 qui
892 2304 1055 2358 datus
1100 2312 1187 2358 est
1221 2304 1385 2360 nobis
1413 2317 1443 2358 a
1484 2302 1598 2358 Deo
1632 2302 1937 2374 redemptio
1962 2302 2031 2367 ⁸⁸,
2070 2317 2159 2359 se-

2265 2311 2401 2380 ήμϊν
2428 2310 2499 2365 τά
2525 2328 2585 2365 τε
2614 2310 2750 2366 ἄλλα
2792 2313 2903 2369 ἀπὸ
2951 2314 3087 2369 Θεοῦ
3124 2316 3220 2369 καὶ
3256 2316 3658 2389 ἀπολύτρωσις.
3704 2319 3845 2372 κατὰ

577 2398 821 2456 cundum
847 2398 1195 2469 Apostolum.

1098 2414 1195 2452 tm.
2263 2400 2355 2455 τὸν
2383 2402 2725 2458 ’Δπόστολον.

648 2494 921 2548 Μαηάαυὶι
950 2494 1002 2547 in
1050 2493 1305 2548 strculutn
1354 2499 1724 2546 testamentum
1753 2507 1929 2545 suum.
1964 2490 2022 2544 in
2056 2506 2159 2546 ste-
2228 2538 2231 2543 .

2228 2538 2231 2543 .
2346 2492 2723 2549 Ἐνετειλατό
2785 2498 2872 2563 εἰς
2935 2498 3044 2552 τὸν
3128 2499 3314 2553 αἰῶνα
3377 2499 3673 2569 διαθήκην
3735 2502 3845 2556 αὐ-

580 2587 791 2651 eulnm,
827 2587 1069 2656 inquam,
1102 2586 1459 2649 conveniens,
1497 2599 1559 2639 ac
1588 2586 1634 2639 si
1691 2585 1933 2639 diceret:
1961 2582 2158 2640 TeSta-

2266 2582 2375 2637 τοῦ
2400 2583 2638 2654 (27-28).
2681 2585 3014 2641 Ἑνετειλατο
3042 2587 3123 2651 εἰς
3149 2589 3242 2641 τὸν
3268 2588 3441 2642 αἰῶνα
3472 2589 3739 2659 διαθήκην
3755 2588 3848 2641 αὐ·

584 2689 833 2734 mentum
866 2694 1027 2733 suum
1056 2676 1199 2732 Deus
1230 2680 1285 2731 iu
1323 2686 1452 2747 apto
1491 2684 1550 2733 et
1607 2676 1958 2732 convenienti
2016 2685 2158 2731 tem-

2266 2675 2383 2741 τοῦ,
2404 2678 2505 2748 τὴν
2529 2677 2677 2740 νέαν,
2712 2677 2747 2750 ἢ
2782 2677 2999 2732 αἰώνιον
3019 2678 3285 2749 διαθήκην
3323 2680 3512 2743 αὐτοῦ,
3542 2680 3644 2750 τὴν
3672 2680 3842 2747 εὐαγ-

582 2787 716 2842 pore
760 2771 1080 2826 hominibus
1114 2771 1362 2825 tradidit.
1400 2768 1493 2826 Vel
1537 2771 1592 2824 in
1636 2769 1916 2833 steculttm,
1972 2782 2073 2840 pro
2102 2767 2157 2821 in

2265 2765 2495 2836 γελικήν
2514 2782 2531 2799 ο
2556 2765 2733 2821 Δώσω
2754 2767 2883 2837 γὰρ,
2898 2772 3085 2839 φησὶν,
3104 2771 3246 2838 titur
3264 2768 3561 2839 διαθήκην
3583 2772 3843 2824 αἰώνιον.

580 2873 870 2929 aeternum,
907 2864 1087 2933 ipsum
1138 2863 1521 2932 Evangelium,
1573 2873 1841 2917 aeternum
1873 2860 2159 2932 appellans

2276 2856 2340 2911 'H
2407 2858 2517 2930 γὰρ
2564 2859 2835 2931 Μωσαῖκὴ
2893 2863 3227 2933 πρόσκαιρος
3264 2857 3335 2933 ἦν
3374 2862 3435 2916 τό
3482 2880 3543 2916 τι
3589 2862 3847 2930 φαινόμε·

580 2956 1016 3020 Testamentum,
1101 2956 1167 3009 de
1192 2971 1302 3025 quo
1337 2956 1468 3010 alibi
1540 2955 1810 3027 scriptum
1873 2954 2156 3024 leg-imus:

2068 2969 2109 3010 ts
2140 2968 2156 3007 :
2266 2968 2358 3005 νον
2403 2950 2540 3023 (29),
2572 2951 2764 3022 αὐτῆς,
2796 2954 2893 3007 καὶ
2915 2955 3040 3009 ὅσον
3068 2957 3300 3010 τυπικδν
3318 2956 3415 3011 καὶ
3443 2956 3695 3020 σκιῶδες.

585 3051 733 3106 Dabo
776 3052 918 3106 vobis
954 3060 1325 3106 testamentum
1358 3062 1616 3108 retentum
1651 3053 1720 3105 θ’.
1744 3049 2163 3109 Testamentum
2192 3049 2343 3105 enim
2384 3046 2686 3107 Mosaicutn
2747 3051 3142 3120 temporarium
3208 3051 3334 3117 fuit,
3409 3051 3457 3108 si
3509 3050 3845 3108 exteriorem

580 3146 703 3216 ejus
747 3162 993 3210 sensum.
1028 3149 1073 3201 si
1109 3148 1334 3217 ﬁguras,
1386 3157 1441 3202 et
1477 3148 1703 3207 umbras
1734 3148 1786 3205 in
1813 3162 1880 3206 eo
1938 3155 2239 3207 contentas
2282 3144 2623 3216 aspiciamus
2652 3155 2708 3201 et
2756 3148 3104 3203 occidentem
3160 3146 3447 3203 litteram:
3490 3161 3656 3205 secus
3713 3161 3847 3206 vero

581 3241 627 3295 si
659 3242 978 3295 interiorem
1038 3251 1352 3309 spectemus
1399 3256 1625 3297 sensum
1661 3256 1725 3299 ac
1762 3256 1851 3297 res
1900 3243 2006 3299 sub
2060 3239 2385 3312 huiusmodi
2423 3238 2661 3308 umbris,
2711 3253 2776 3296 sc
2805 3240 2999 3311 ﬁguris
3032 3242 3376 3313 designatas.

652 3331 911 3388 Sanctum
952 3341 1001 3387 et
1037 3332 1271 3387 terribile
1317 3350 1505 3389 nomen
1553 3333 1689 3402 ejus.
1718 3331 1930 3389 Christi
1966 3348 2167 3391 nomen
2198 3329 2241 3387 C

2214 3329 2241 3387 Β
2348 3332 2548 3401 Ἀτιον
2568 3331 2669 3386 καὶ
2692 3332 2954 3402 φοϐερὸν
2984 3333 3054 3387 τὸ
3089 3332 3282 3402 ὄνομα
3325 3331 3546 3389 αὐτοῦ.
3595 3332 3671 3386 Τὸ
3706 3335 3841 3399 Χρι-

579 3438 835 3483 sanetum
891 3428 1113 3498 quidem
1169 3435 1279 3497 est,
1338 3429 1503 3483 veluti
1552 3443 1662 3499 quo
1736 3428 2161 3485 innumerabilia

2280 3425 2432 3493 στός
2462 3441 2481 3459 ⁸
2511 3426 2669 3496 ἆγιον
2700 3425 2823 3497 μὲν,
2853 3425 2930 3491 ὡς
2959 3427 3133 3498 μυρία
3170 3424 3427 3499 θαύματα
3444 3426 3844 3498 ἐργαζόμενον

579 3520 770 3578 elfeeta
804 3531 934 3576 sunt
961 3520 1249 3582 miracula.
1284 3521 1533 3579 terribile
1563 3534 1696 3575 vero
1752 3520 1893 3593 (seu,
1945 3531 2001 3575 ut
2033 3536 2162 3590 pro-

2269 3516 2506 3589 φοϐερδν
2542 3518 2621 3585 δὲ,
2647 3518 2725 3584 ὡς
2748 3518 2978 3574 ὲλαῦνον
3004 3520 3291 3591 δαίμονας,
3329 3520 3425 3576 καὶ
3456 3521 3667 3585 νόσους.
3706 3521 3764 3574 Ei
3790 3521 3848 3574 Et

583 3613 738 3680 prius
781 3612 962 3682 signat
993 3609 1181 3669 Graeca
1243 3612 1435 3677 dictio,
1491 3609 1743 3681 φοὸερδν,
1816 3612 2155 3681 timendum),

1953 3612 2155 3681 udum),
2267 3614 2439 3681 ἁγίων
2472 3611 2584 3683 ἄρα
2604 3612 2777 3667 δεῖται
2807 3613 3092 3683 στομάτων
3119 3615 3199 3677 εις
3231 3612 3580 3685 ὐμνολογίαν.

581 3706 710 3778 quia
752 3704 1029 3759 daemones
1070 3705 1315 3773 expellit,
1362 3714 1419 3759 et
1461 3704 1841 3774 aegritudines.
1889 3702 2049 3771 Quod
2112 3704 2161 3760 si
2195 3704 2401 3761 Christi
2435 3720 2639 3761 nomen
2665 3714 2919 3761 sanctum
2947 3717 3056 3774 est,
3088 3715 3309 3781 oportet
3365 3706 3486 3780 ipsa
3516 3706 3681 3762 etiam
3726 3721 3850 3769 ora.

581 3815 648 3856 ac
715 3802 953 3871 linguas,
1014 3814 1137 3868 quas
1203 3798 1338 3854 illud
1400 3798 1691 3853 laudatura
1753 3807 1910 3861 sunt,
1970 3808 2167 3853 sancta
2198 3814 2357 3856 esse.

653 3895 821 3951 Vsus.
860 3894 947 3949 10.
986 3892 1213 3946 Initium
1262 3892 1537 3961 sapientite
1565 3892 1725 3946 timor
1782 3890 2017 3945 Domini.
2062 3890 2160 3946 Est

2350 3888 2521 3959 Ἀρχὴ
2547 3889 2771 3960 σοφίας
2849 3891 3035 3959 φόϐος
3105 3890 3349 3959 Κυρίου.
3422 3890 3579 3963 Πηγὴ
3618 3891 3850 3961 σοφίας.

580 3990 728 4045 enim
763 3986 1075 4057 huiusmodi
1115 3985 1281 4039 timor
1323 3984 1447 4042 fons
1509 3999 1573 4039 ac
1628 3986 1786 4039 radix
1851 3984 2157 4054 sapientiae.

2270 3983 2419 4056 ῥίζα,
2447 3983 2724 4047 ὑπόθεσις.
2757 3978 2835 4039 Οὗ
2865 3983 2977 4055 γὰρ
3006 3983 3177 4052 φόϐος
3217 3984 3452 4039 ἐντολῶν
3489 3986 3743 4057 τήρησις,
3787 3980 3850 4039 οὗ

584 4083 690 4139 Ubi
721 4082 868 4138 enim
904 4090 990 4135 est
1022 4082 1205 4141 timor,
1243 4078 1356 4133 illic
1390 4088 1446 4132 et
1474 4077 1863 4133 mandatorum
1895 4078 2161 4133 observa-

2050 4092 2161 4131 'va-
2268 4077 2327 4129 δὲ
2359 4076 2523 4146 αὕτη,
2562 4075 2854 4146 κάθαρσις.
2884 4070 2959 4131 Οὗ
2980 4076 3038 4131 δὲ
3065 4078 3354 4149 κάθαρσις,
3392 4079 3677 4153 ἑλλαμψις.

585 4182 709 4245 tio;
757 4176 849 4230 ubi
909 4184 1091 4231 autem
1148 4172 1457 4228 observatio
1517 4172 1928 4239 mandatorum,
1980 4172 2095 4226 illic
2144 4176 2200 4225 et
2272 4170 2546 4224 munditia
2605 4188 2621 4235 ;
2699 4169 2792 4224 ubi
2862 4185 2993 4225 vero
3067 4172 3357 4237 munditia,
3412 4172 3485 4227 ibi
3567 4175 3731 4226 etiam
3794 4182 3853 4229 et

585 4267 869 4339 splendor.

658 4360 953 4414 Prudentia
992 4368 1172 4411 autem
1214 4356 1351 4410 bona
1393 4356 1636 4410 omnibus
1664 4355 1984 4424 facientibus
2018 4370 2159 4409 eam.

2343 4348 2600 4416 Σύνεσις
2628 4348 2697 4402 δὲ
2724 4350 2941 4420 ἀγαθὴ,
2969 4349 3121 4408 πᾶσι
3171 4352 3297 4419 τοῖς
3325 4353 3608 4409 ποιοῦσιν
3634 4356 3849 4425 αὐτὴν.

589 4454 705 4509 lloe
756 4462 840 4508 est
864 4450 1227 4522 operantibus
1268 4448 1577 4504 secundum
1618 4447 1991 4517 prudentiam,
2018 4445 2163 4500 bona

2272 4442 2399 4507 Τοῖς
2423 4441 2640 4496 ποιοῦσι
2668 4442 2768 4514 τὴν
2794 4445 3009 4513 σοφίαν,
3052 4446 3164 4507 τοῖς
3194 4443 3590 4516 ἐργαζομινοις
3623 4449 3848 4519 ταύτην,

585 4546 853 4600 accrescit
885 4542 1198 4612 prudentia.
1251 4537 1347 4593 Est
1398 4538 1544 4593 enim
1589 4535 1837 4607 quredam
1874 4536 2165 4607 prudentia

2270 4538 2387 4599 τοῖς
2424 4535 2759 4606 εὐποροῦσιν
2779 4535 2975 4606 αὐτῆς,
3006 4536 3227 4601 σύνεσις
3254 4537 3437 4609 ἀγαθὴ
3472 4542 3848 4609 προσγίνεται.

587 4639 751 4700 mala,
782 4638 849 4690 de
880 4650 987 4705 qua
1017 4634 1288 4702 scriptutn
1333 4639 1417 4685 est
1450 4647 1463 4685 :
1496 4630 1793 4685 Prudentes
1826 4638 1882 4683 ut
1934 4629 2167 4700 malefa-

2276 4629 2434 4682 Ἐστι
2465 4630 2597 4700 γὰρ,
2641 4629 2733 4683 καὶ
2758 4629 2978 4693 σύνεσις
3002 4631 3246 4700 πονηράο
3296 4631 3483 4701 Σοφοὶ
3526 4634 3659 4703 γὰρ,
3696 4638 3850 4705 φησὶ,

585 4732 752 4782 ciant.
820 4726 914 4781 Vel
966 4721 1493 4780 aliterzPrudentia
1552 4722 1694 4777 bona
1720 4729 1825 4789 est,
1905 4727 1961 4775 ct
2016 4718 2169 4775 utilis

2277 4721 2386 4775 τοῦ
2416 4721 2841 4787 κακοποιῆσαι.
2878 4724 2951 4776 Ἦ
2987 4725 3081 4777 καὶ
3108 4724 3312 4795 ἑτέρως
3337 4740 3355 4755 ο
3385 4726 3420 4796 ὴ
3466 4725 3684 4790 σύνεσις
3718 4732 3855 4791 dra-

588 4839 695 4876 non
750 4821 817 4875 iis
857 4820 1181 4888 simpliciter
1218 4820 1312 4887 qui
1358 4832 1479 4873 eam
1530 4815 1753 4879 habent,
1818 4813 1915 4871 sed
1954 4812 2025 4870 iis
2072 4813 2215 4897 qui]

2227 4840 2247 4895 )
2277 4811 2346 4885 θη
2378 4814 2548 4876 ἔστιν,
2588 4815 2789 4879 show,
2811 4814 3108 4885 ὠφέλιμος,
3139 4815 3202 4868 οὐ
3239 4818 3351 4881 τοῖς
3402 4813 3590 4880 ἁπλῶς
3638 4816 3854 4888 ἔχουσιν

584 4931 649 4968 ea
681 4921 911 4968 utuntur
941 4915 996 4967 in
1059 4926 1342 4976 sermone,
1376 4920 1539 4981 atque
1569 4910 1623 4966 in
1665 4908 1949 4981 operibus.

2277 4906 2471 4977 αὐτὴν,
2496 4906 2632 4960 ἀλλὰ
2668 4906 2903 4971 καὶτοῖς
2951 4908 3259 4979 χρωμένοις
3306 4908 3468 4981 αὐτῇ,
3521 4906 3659 4979 πρὸς
3718 4910 3854 4981 ἔργα

2279 4996 2377 5051 καὶ
2404 4997 2564 5051 λόγου

2279 5014 2291 5050 t

664 5093 929 5147 Laudatio
966 5094 1080 5162 eius
1130 5102 1307 5147 manet
1342 5092 1395 5147 in
1440 5091 1690 5147 secutum
1722 5090 1927 5150 steculi.
1958 5086 2167 5146 ChriSti

2279 5014 2377 5051 και
2405 5014 2596 5065 Αογους

2364 5086 2437 5144 Ἦ
2505 5089 2741 5156 αινεσις
2793 5092 2983 5146 αὐτοῦ
3040 5092 3212 5160 μένει
3260 5093 3349 5158 εις
3399 5092 3508 5146 τὸν
3537 5090 3725 5147 αιῷνα
3750 5092 3855 5147 τοῦ

592 5193 713 5244 laus
761 5192 884 5245 sine
922 5190 1026 5245 [ine
1073 5186 1217 5257 apud
1277 5187 1501 5254 angelos
1554 5194 1762 5253 manet,
1807 5193 1861 5240 et
1891 5181 2035 5255 apud
2063 5181 2168 5237 lto-

2278 5180 2516 5247 αἰῶνος.
2564 5183 2626 5235 Ἦ
2648 5183 2855 5248 ατνεσις
2903 5183 2999 5238 τοῦ
3053 5183 3295 5256 Χριστοῦ
3356 5185 3509 5256 μένοι
3560 5183 3854 5254 ἀτελεύτη-

661 5376 709 5407 ⁸⁸
744 5372 931 5427 Matth.
965 5385 1115 5435 utv,
1156 5370 1249 5425 35.
1328 5370 1377 5403 ”
1417 5368 1553 5423 lntc.
1584 5385 1658 5432 tv,
1691 5370 1781 5421 19.
1858 5372 1903 5403 "
1946 5371 2142 5427 Matth.
2174 5386 2212 5435 ι,
2243 5366 2335 5423 24.
2411 5364 2750 5430 "1601.",
2791 5365 2881 5420 30.
2971 5365 3017 5398 ”
3049 5363 3265 5419 Baruch
3326 5381 3388 5431 tt,
3438 5363 3528 5418 55.

1950 5528 2152 5590 Varius
2174 5526 2512 5591 lectiones.

669 5680 880 5749 (27-28)
905 5680 1090 5736 Graece
1112 5681 1179 5734 ad
1205 5682 1429 5735 verbum
1470 5698 1483 5735 :
1521 5679 1793 5733 Mandavit
1820 5679 1874 5730 in
1906 5678 2165 5749 sarculum
2353 5675 2468 5749 (29)
2506 5674 2569 5729 Et
2597 5674 2803 5749 latius,
2861 5677 3133 5749 et_minns
3172 5673 3426 5728 ﬁdeliter.
3462 5671 3649 5749 (ἲς-τερα
3677 5668 3852 5749 :‘Tum

598 5742 968 5807 testamentum
1008 5768 1184 5805 suum.
1218 5753 1409 5803 Latina
1468 5750 1779 5818 explanatio
1818 5756 1927 5800 tota
1979 5755 2062 5800 est
2100 5748 2167 5799 ab
2277 5746 2454 5815 quoad
2511 5746 2824 5818 exteriorem
2859 5745 2997 5818 eius
3056 5760 3304 5808 sensum;
3344 5755 3453 5797 tum
3494 5742 3634 5812 quod
3680 5743 3854 5811 ﬁgura

608 5826 904 5891 interprete
939 5821 1225 5892 (ttisiforte
1264 5823 1419 5876 deest
1452 5814 1678 5888 aliquid)
1708 5832 1881 5889 eaque
1912 5828 2055 5886 apta.
2280 5814 2392 5868 erat
2415 5826 2462 5870 et
2496 5816 2683 5867 umbra
2713 5814 2954 5869 alterius.
