  <div class='ocr_page' id='page_1' title='image "/cluster/home/n/w/nwhite01/storage/ocr_20150623/128/mdp.39015078384263/556.png"; bbox 0 0 4120 6296; ppageno 0'>
   <div class='ocr_carea' id='block_1_1' title="bbox 395 306 536 369">
    <p class='ocr_par' dir='ltr' id='par_1_1' title="bbox 395 306 536 369">
     <span class='ocr_line' id='line_1_1' title="bbox 395 306 536 369; baseline 0.021 -3"><span class='ocrx_word' id='word_1_1' title='bbox 395 306 536 369; x_wconf 72' lang='grc'><strong>1097</strong></span> 
     </span>
    </p>
   </div>
   <div class='ocr_carea' id='block_1_2' title="bbox 1593 309 2478 368">
    <p class='ocr_par' dir='ltr' id='par_1_2' title="bbox 1593 309 2478 368">
     <span class='ocr_line' id='line_1_2' title="bbox 1593 309 2478 368; baseline 0 -2"><span class='ocrx_word' id='word_1_2' title='bbox 1593 311 1738 367; x_wconf 75' lang='lat' dir='ltr'><strong>CUM</strong></span> <span class='ocrx_word' id='word_1_3' title='bbox 1755 316 1800 366; x_wconf 83' lang='grc' dir='ltr'>Μ</span> <span class='ocrx_word' id='word_1_4' title='bbox 1817 313 1953 367; x_wconf 71' lang='lat' dir='ltr'><strong>EN&#39;I</strong></span> <span class='ocrx_word' id='word_1_5' title='bbox 1969 351 1982 364; x_wconf 87' lang='lat'><strong>.</strong></span> <span class='ocrx_word' id='word_1_6' title='bbox 2020 309 2094 366; x_wconf 77' lang='grc' dir='ltr'><strong>ΙΝ</strong></span> <span class='ocrx_word' id='word_1_7' title='bbox 2136 309 2478 368; x_wconf 68' lang='lat' dir='ltr'><strong>PSALMUS</strong></span> 
     </span>
    </p>
   </div>
   <div class='ocr_carea' id='block_1_3' title="bbox 3557 312 3693 377">
    <p class='ocr_par' dir='ltr' id='par_1_3' title="bbox 3557 312 3693 377">
     <span class='ocr_line' id='line_1_3' title="bbox 3557 312 3693 377; baseline 0.007 -1"><span class='ocrx_word' id='word_1_8' title='bbox 3557 312 3693 377; x_wconf 80' lang='lat'><strong>1098</strong></span> 
     </span>
    </p>
   </div>
   <div class='ocr_carea' id='block_1_4' title="bbox 395 414 1979 492">
    <p class='ocr_par' dir='ltr' id='par_1_4' title="bbox 395 414 1979 488">
     <span class='ocr_line' id='line_1_4' title="bbox 395 414 1979 488; baseline 0.001 -19"><span class='ocrx_word' id='word_1_9' title='bbox 395 433 490 480; x_wconf 83' lang='grc' dir='ltr'><strong>τος</strong></span> <span class='ocrx_word' id='word_1_10' title='bbox 530 417 683 488; x_wconf 83' lang='grc' dir='ltr'>ποιρά</span> <span class='ocrx_word' id='word_1_11' title='bbox 739 434 796 468; x_wconf 89' lang='grc' dir='ltr'>τε</span> <span class='ocrx_word' id='word_1_12' title='bbox 829 419 1082 486; x_wconf 79' lang='grc' dir='ltr'>ἀγγέλοις</span> <span class='ocrx_word' id='word_1_13' title='bbox 1120 421 1211 470; x_wconf 66' lang='grc' dir='ltr'><strong>καὶ</strong></span> <span class='ocrx_word' id='word_1_14' title='bbox 1263 417 1616 488; x_wconf 77' lang='grc' dir='ltr'>ἀνθρώποις·</span> <span class='ocrx_word' id='word_1_15' title='bbox 1647 420 1727 471; x_wconf 80' lang='grc' dir='ltr'><strong>δεῖ</strong></span> <span class='ocrx_word' id='word_1_16' title='bbox 1789 414 1880 471; x_wconf 74' lang='grc' dir='ltr'><strong>οὖν</strong></span> <span class='ocrx_word' id='word_1_17' title='bbox 1917 419 1979 470; x_wconf 61' lang='grc' dir='ltr'>αίη</span> 
     </span>
    </p>
   </div>
   <div class='ocr_carea' id='block_1_5' title="bbox 2082 414 3689 492">
    <p class='ocr_par' dir='ltr' id='par_1_5' title="bbox 2111 419 3689 492">
     <span class='ocr_line' id='line_1_5' title="bbox 2111 419 3689 492; baseline 0.006 -22"><span class='ocrx_word' id='word_1_18' title='bbox 2111 420 2308 474; x_wconf 86' lang='lat' dir='ltr'><strong>mines.</strong></span> <span class='ocrx_word' id='word_1_19' title='bbox 2348 419 2699 488; x_wconf 78' lang='lat' dir='ltr'><strong>Decetigitut&#39;</strong></span> <span class='ocrx_word' id='word_1_20' title='bbox 2729 428 2782 475; x_wconf 92' lang='lat' dir='ltr'><strong>ut</strong></span> <span class='ocrx_word' id='word_1_21' title='bbox 2822 435 2922 474; x_wconf 88' lang='lat' dir='ltr'><strong>nos</strong></span> <span class='ocrx_word' id='word_1_22' title='bbox 2947 422 3094 477; x_wconf 87' lang='lat' dir='ltr'><strong>illum</strong></span> <span class='ocrx_word' id='word_1_23' title='bbox 3131 437 3348 488; x_wconf 56' lang='lat' dir='ltr'><strong>semper</strong></span> <span class='ocrx_word' id='word_1_24' title='bbox 3380 426 3689 492; x_wconf 60' lang='lat' dir='ltr'><strong>laudi-mus,</strong></span> 
     </span>
    </p>
   </div>
   <div class='ocr_carea' id='block_1_6' title="bbox 396 513 1620 582">
    <p class='ocr_par' dir='ltr' id='par_1_6' title="bbox 396 513 1620 582">
     <span class='ocr_line' id='line_1_6' title="bbox 396 513 1620 582; baseline 0.002 -17"><span class='ocrx_word' id='word_1_25' title='bbox 396 517 516 567; x_wconf 86' lang='grc' dir='ltr'>νεῖν</span> <span class='ocrx_word' id='word_1_26' title='bbox 552 513 716 566; x_wconf 82' lang='grc' dir='ltr'>αὐτὸν</span> <span class='ocrx_word' id='word_1_27' title='bbox 745 514 838 565; x_wconf 77' lang='grc' dir='ltr'><strong>καὶ</strong></span> <span class='ocrx_word' id='word_1_28' title='bbox 869 514 1236 582; x_wconf 77' lang='grc' dir='ltr'><strong>εὐχαριστεῖν,</strong></span> <span class='ocrx_word' id='word_1_29' title='bbox 1275 514 1362 566; x_wconf 85' lang='grc' dir='ltr'>διὰ</span> <span class='ocrx_word' id='word_1_30' title='bbox 1396 515 1620 576; x_wconf 81' lang='grc' dir='ltr'><strong>παντός.</strong></span> 
     </span>
    </p>
   </div>
   <div class='ocr_carea' id='block_1_7' title="bbox 1008 609 1401 676">
    <p class='ocr_par' dir='ltr' id='par_1_7' title="bbox 1008 609 1401 676">
     <span class='ocr_line' id='line_1_7' title="bbox 1008 609 1401 676; baseline 0.01 -16"><span class='ocrx_word' id='word_1_31' title='bbox 1008 609 1401 676; x_wconf 72' lang='grc' dir='ltr'>Ἀλληλούἴα.</span> 
     </span>
    </p>
   </div>
   <div class='ocr_carea' id='block_1_8' title="bbox 953 702 1423 757">
    <p class='ocr_par' dir='ltr' id='par_1_8' title="bbox 953 702 1423 757">
     <span class='ocr_line' id='line_1_8' title="bbox 953 702 1423 757; baseline 0.004 -3"><span class='ocrx_word' id='word_1_32' title='bbox 953 702 1245 755; x_wconf 74' lang='grc' dir='ltr'><strong>ΨΑΛΜΟΣ</strong></span> <span class='ocrx_word' id='word_1_33' title='bbox 1276 704 1423 757; x_wconf 79' lang='lat' dir='ltr'><strong>PIA&#39;.</strong></span> 
     </span>
    </p>
   </div>
   <div class='ocr_carea' id='block_1_9' title="bbox 474 791 1992 867">
    <p class='ocr_par' dir='ltr' id='par_1_9' title="bbox 474 791 1992 867">
     <span class='ocr_line' id='line_1_9' title="bbox 474 791 1992 867; baseline 0.004 -23"><span class='ocrx_word' id='word_1_34' title='bbox 474 791 692 864; x_wconf 83' lang='grc' dir='ltr'><strong>Σφόδρα</strong></span> <span class='ocrx_word' id='word_1_35' title='bbox 726 793 1095 863; x_wconf 85' lang='grc' dir='ltr'>μοιδοκείτῷ</span> <span class='ocrx_word' id='word_1_36' title='bbox 1141 795 1286 847; x_wconf 84' lang='grc' dir='ltr'>τέλει</span> <span class='ocrx_word' id='word_1_37' title='bbox 1326 796 1420 848; x_wconf 89' lang='grc' dir='ltr'>τοῦ</span> <span class='ocrx_word' id='word_1_38' title='bbox 1473 796 1580 866; x_wconf 71' lang='grc' dir='ltr'><strong>πρὸ</strong></span> <span class='ocrx_word' id='word_1_39' title='bbox 1617 797 1808 850; x_wconf 82' lang='grc' dir='ltr'>τούτου</span> <span class='ocrx_word' id='word_1_40' title='bbox 1853 798 1992 867; x_wconf 79' lang='grc' dir='ltr'>ψαλ-</span> 
     </span>
    </p>
   </div>
   <div class='ocr_carea' id='block_1_10' title="bbox 399 885 1990 962">
    <p class='ocr_par' dir='ltr' id='par_1_10' title="bbox 399 885 1990 962">
     <span class='ocr_line' id='line_1_10' title="bbox 399 885 1990 962; baseline 0.004 -24"><span class='ocrx_word' id='word_1_41' title='bbox 399 885 509 957; x_wconf 86' lang='grc' dir='ltr'><strong>μοῦ</strong></span> <span class='ocrx_word' id='word_1_42' title='bbox 548 887 780 939; x_wconf 70' lang='grc' dir='ltr'>ἕπεσθαι</span> <span class='ocrx_word' id='word_1_43' title='bbox 812 886 871 940; x_wconf 85' lang='grc' dir='ltr'>τὸ</span> <span class='ocrx_word' id='word_1_44' title='bbox 919 885 1016 939; x_wconf 85' lang='grc' dir='ltr'>τοῦ</span> <span class='ocrx_word' id='word_1_45' title='bbox 1071 888 1342 957; x_wconf 82' lang='grc' dir='ltr'><strong>παρόντος</strong></span> <span class='ocrx_word' id='word_1_46' title='bbox 1386 891 1674 960; x_wconf 85' lang='grc' dir='ltr'>προοίμιον</span> <span class='ocrx_word' id='word_1_47' title='bbox 1702 908 1715 922; x_wconf 89' lang='grc'><strong>·</strong></span> <span class='ocrx_word' id='word_1_48' title='bbox 1771 892 1851 944; x_wconf 79' lang='grc' dir='ltr'>διὸ</span> <span class='ocrx_word' id='word_1_49' title='bbox 1890 892 1990 962; x_wconf 79' lang='grc' dir='ltr'>τὴν</span> 
     </span>
    </p>
   </div>
   <div class='ocr_carea' id='block_1_11' title="bbox 392 972 1989 1052">
    <p class='ocr_par' dir='ltr' id='par_1_11' title="bbox 392 972 1989 1052">
     <span class='ocr_line' id='line_1_11' title="bbox 392 972 1989 1052; baseline 0.003 -20"><span class='ocrx_word' id='word_1_50' title='bbox 392 979 572 1050; x_wconf 78' lang='grc' dir='ltr'>αὐτὴν</span> <span class='ocrx_word' id='word_1_51' title='bbox 603 980 696 1030; x_wconf 79' lang='grc' dir='ltr'><strong>καὶ</strong></span> <span class='ocrx_word' id='word_1_52' title='bbox 721 972 880 1040; x_wconf 74' lang='grc' dir='ltr'>οὗτος</span> <span class='ocrx_word' id='word_1_53' title='bbox 911 977 1056 1051; x_wconf 78' lang='grc' dir='ltr'>εἶχεν</span> <span class='ocrx_word' id='word_1_54' title='bbox 1100 979 1435 1051; x_wconf 76' lang='grc' dir='ltr'>ἐπιγραφὴν,</span> <span class='ocrx_word' id='word_1_55' title='bbox 1475 982 1551 1045; x_wconf 82' lang='grc' dir='ltr'>ὡς</span> <span class='ocrx_word' id='word_1_56' title='bbox 1617 982 1827 1037; x_wconf 74' lang='grc' dir='ltr'>ἐκείνου</span> <span class='ocrx_word' id='word_1_57' title='bbox 1890 985 1989 1052; x_wconf 84' lang='grc' dir='ltr'><strong>μὲ-</strong></span> 
     </span>
    </p>
   </div>
   <div class='ocr_carea' id='block_1_12' title="bbox 391 1064 1990 1145">
    <p class='ocr_par' dir='ltr' id='par_1_12' title="bbox 391 1064 1990 1145">
     <span class='ocr_line' id='line_1_12' title="bbox 391 1064 1990 1145; baseline 0.004 -22"><span class='ocrx_word' id='word_1_58' title='bbox 391 1087 512 1141; x_wconf 79' lang='grc' dir='ltr'><strong>ρος.</strong></span> <span class='ocrx_word' id='word_1_59' title='bbox 555 1072 707 1123; x_wconf 85' lang='grc' dir='ltr'><strong>Ἐκεῖ</strong></span> <span class='ocrx_word' id='word_1_60' title='bbox 745 1070 845 1137; x_wconf 81' lang='grc' dir='ltr'>μὲν</span> <span class='ocrx_word' id='word_1_61' title='bbox 876 1064 1207 1142; x_wconf 83' lang='grc' dir='ltr'>γάρ’φησιν,</span> <span class='ocrx_word' id='word_1_62' title='bbox 1272 1071 1448 1142; x_wconf 80' lang='grc' dir='ltr'>Ἀρχή</span> <span class='ocrx_word' id='word_1_63' title='bbox 1510 1076 1752 1144; x_wconf 72' lang='grc' dir='ltr'>σοφίας,</span> <span class='ocrx_word' id='word_1_64' title='bbox 1805 1077 1990 1145; x_wconf 63' lang='grc' dir='ltr'><strong>φόϐος</strong></span> 
     </span>
    </p>
   </div>
   <div class='ocr_carea' id='block_1_13' title="bbox 391 1162 1991 1237">
    <p class='ocr_par' dir='ltr' id='par_1_13' title="bbox 391 1162 1991 1237">
     <span class='ocr_line' id='line_1_13' title="bbox 391 1162 1991 1237; baseline 0.003 -21"><span class='ocrx_word' id='word_1_65' title='bbox 391 1166 640 1230; x_wconf 78' lang='grc' dir='ltr'><strong>Κυρίου·</strong></span> <span class='ocrx_word' id='word_1_66' title='bbox 685 1162 916 1216; x_wconf 79' lang='grc' dir='ltr'>ἐνταῦθα</span> <span class='ocrx_word' id='word_1_67' title='bbox 941 1163 1019 1228; x_wconf 85' lang='grc' dir='ltr'><strong>δὲ,</strong></span> <span class='ocrx_word' id='word_1_68' title='bbox 1051 1163 1356 1234; x_wconf 80' lang='grc' dir='ltr'><strong>Μακάριος</strong></span> <span class='ocrx_word' id='word_1_69' title='bbox 1381 1165 1536 1234; x_wconf 77' lang='grc' dir='ltr'>ἀνὴρ</span> <span class='ocrx_word' id='word_1_70' title='bbox 1556 1171 1587 1220; x_wconf 84' lang='grc' dir='ltr'><em>ὀ</em></span> <span class='ocrx_word' id='word_1_71' title='bbox 1619 1170 1991 1237; x_wconf 74' lang='grc' dir='ltr'><strong>φοϐούμενος</strong></span> 
     </span>
    </p>
   </div>
   <div class='ocr_carea' id='block_1_14' title="bbox 387 1253 1992 1329">
    <p class='ocr_par' dir='ltr' id='par_1_14' title="bbox 387 1253 1992 1329">
     <span class='ocr_line' id='line_1_14' title="bbox 387 1253 1992 1329; baseline 0.003 -23"><span class='ocrx_word' id='word_1_72' title='bbox 387 1253 503 1307; x_wconf 81' lang='grc' dir='ltr'><strong>τὸν</strong></span> <span class='ocrx_word' id='word_1_73' title='bbox 535 1255 788 1320; x_wconf 74' lang='grc' dir='ltr'><strong>Κύριον.</strong></span> <span class='ocrx_word' id='word_1_74' title='bbox 841 1254 979 1305; x_wconf 77' lang='grc' dir='ltr'>Φασὶ</span> <span class='ocrx_word' id='word_1_75' title='bbox 1004 1253 1060 1306; x_wconf 84' lang='grc' dir='ltr'>δέ</span> <span class='ocrx_word' id='word_1_76' title='bbox 1109 1271 1254 1319; x_wconf 84' lang='grc' dir='ltr'>τινες</span> <span class='ocrx_word' id='word_1_77' title='bbox 1300 1259 1391 1311; x_wconf 75' lang='grc' dir='ltr'><strong>τὸν</strong></span> <span class='ocrx_word' id='word_1_78' title='bbox 1436 1259 1794 1328; x_wconf 85' lang='grc' dir='ltr'>προκείμενον</span> <span class='ocrx_word' id='word_1_79' title='bbox 1856 1259 1992 1329; x_wconf 73' lang='grc' dir='ltr'>ψαλ-</span> 
     </span>
    </p>
   </div>
   <div class='ocr_carea' id='block_1_15' title="bbox 390 1344 1988 1420">
    <p class='ocr_par' dir='ltr' id='par_1_15' title="bbox 390 1344 1988 1420">
     <span class='ocr_line' id='line_1_15' title="bbox 390 1344 1988 1420; baseline 0.006 -25"><span class='ocrx_word' id='word_1_80' title='bbox 390 1345 516 1412; x_wconf 76' lang='grc' dir='ltr'>μὸν,</span> <span class='ocrx_word' id='word_1_81' title='bbox 564 1344 660 1397; x_wconf 87' lang='grc' dir='ltr'>δύο</span> <span class='ocrx_word' id='word_1_82' title='bbox 718 1361 780 1398; x_wconf 83' lang='grc' dir='ltr'>τε</span> <span class='ocrx_word' id='word_1_83' title='bbox 841 1345 936 1397; x_wconf 79' lang='grc' dir='ltr'>καὶ</span> <span class='ocrx_word' id='word_1_84' title='bbox 991 1347 1168 1399; x_wconf 72' lang='grc' dir='ltr'>εἴκοσι</span> <span class='ocrx_word' id='word_1_85' title='bbox 1227 1349 1445 1418; x_wconf 77' lang='grc' dir='ltr'><strong>στίχους</strong></span> <span class='ocrx_word' id='word_1_86' title='bbox 1493 1349 1636 1420; x_wconf 85' lang='grc' dir='ltr'>ἔχειν</span> <span class='ocrx_word' id='word_1_87' title='bbox 1704 1352 1848 1404; x_wconf 84' lang='grc' dir='ltr'><strong>κατά</strong></span> <span class='ocrx_word' id='word_1_88' title='bbox 1896 1353 1988 1405; x_wconf 79' lang='grc' dir='ltr'>τὸν</span> 
     </span>
    </p>
   </div>
   <div class='ocr_carea' id='block_1_16' title="bbox 385 1436 1988 1515">
    <p class='ocr_par' dir='ltr' id='par_1_16' title="bbox 385 1436 1988 1515">
     <span class='ocr_line' id='line_1_16' title="bbox 385 1436 1988 1515; baseline 0.007 -27"><span class='ocrx_word' id='word_1_89' title='bbox 385 1436 633 1506; x_wconf 76' lang='grc' dir='ltr'>ἀριθμὸν</span> <span class='ocrx_word' id='word_1_90' title='bbox 681 1437 792 1490; x_wconf 84' lang='grc' dir='ltr'><strong>τῶν</strong></span> <span class='ocrx_word' id='word_1_91' title='bbox 823 1437 1134 1507; x_wconf 78' lang='grc' dir='ltr'>Ἑϐραϊκῶν</span> <span class='ocrx_word' id='word_1_92' title='bbox 1182 1443 1550 1512; x_wconf 82' lang='grc' dir='ltr'><strong>γραμμάτων,</strong></span> <span class='ocrx_word' id='word_1_93' title='bbox 1613 1445 1702 1496; x_wconf 76' lang='grc' dir='ltr'><strong>καὶ</strong></span> <span class='ocrx_word' id='word_1_94' title='bbox 1753 1446 1850 1505; x_wconf 84' lang='grc' dir='ltr'><strong>τὰς</strong></span> <span class='ocrx_word' id='word_1_95' title='bbox 1887 1445 1988 1515; x_wconf 68' lang='grc' dir='ltr'>ἀρα</span> 
     </span>
    </p>
   </div>
   <div class='ocr_carea' id='block_1_17' title="bbox 387 1527 1990 1607">
    <p class='ocr_par' dir='ltr' id='par_1_17' title="bbox 387 1527 1990 1607">
     <span class='ocr_line' id='line_1_17' title="bbox 387 1527 1990 1607; baseline 0.006 -28"><span class='ocrx_word' id='word_1_96' title='bbox 387 1527 493 1596; x_wconf 72' lang='grc' dir='ltr'>χάς</span> <span class='ocrx_word' id='word_1_97' title='bbox 534 1527 647 1580; x_wconf 79' lang='grc' dir='ltr'><strong>τῶν</strong></span> <span class='ocrx_word' id='word_1_98' title='bbox 686 1528 885 1599; x_wconf 78' lang='grc' dir='ltr'><strong>στίχων</strong></span> <span class='ocrx_word' id='word_1_99' title='bbox 913 1531 970 1581; x_wconf 80' lang='grc' dir='ltr'><strong>ὲν</strong></span> <span class='ocrx_word' id='word_1_100' title='bbox 1017 1530 1096 1600; x_wconf 85' lang='grc' dir='ltr'>τῷ</span> <span class='ocrx_word' id='word_1_101' title='bbox 1146 1532 1445 1606; x_wconf 79' lang='grc' dir='ltr'>Ἐϐραῖκῷ,</span> <span class='ocrx_word' id='word_1_102' title='bbox 1496 1537 1596 1599; x_wconf 80' lang='grc' dir='ltr'><strong>τὰς</strong></span> <span class='ocrx_word' id='word_1_103' title='bbox 1655 1536 1830 1607; x_wconf 83' lang='grc' dir='ltr'>ἀρχὰς</span> <span class='ocrx_word' id='word_1_104' title='bbox 1880 1535 1990 1589; x_wconf 83' lang='grc' dir='ltr'><strong>τῶν</strong></span> 
     </span>
    </p>
   </div>
   <div class='ocr_carea' id='block_1_18' title="bbox 417 1619 1401 1695">
    <p class='ocr_par' dir='ltr' id='par_1_18' title="bbox 417 1619 1401 1695">
     <span class='ocr_line' id='line_1_18' title="bbox 417 1619 1401 1695; baseline 0.011 -25"><span class='ocrx_word' id='word_1_105' title='bbox 417 1619 738 1690; x_wconf 75' lang='grc' dir='ltr'><strong>Ἑϐραῖκῶν</strong></span> <span class='ocrx_word' id='word_1_106' title='bbox 804 1624 994 1693; x_wconf 74' lang='grc' dir='ltr'>φέρειν</span> <span class='ocrx_word' id='word_1_107' title='bbox 1027 1627 1401 1695; x_wconf 80' lang='grc' dir='ltr'><strong>γραμμάτων.</strong></span> 
     </span>
    </p>
   </div>
   <div class='ocr_carea' id='block_1_19' title="bbox 455 1765 2053 1884">
    <p class='ocr_par' dir='ltr' id='par_1_19' title="bbox 455 1765 2053 1884">
     <span class='ocr_line' id='line_1_19' title="bbox 455 1765 2053 1884; baseline 0.008 -27"><span class='ocrx_word' id='word_1_108' title='bbox 455 1804 768 1871; x_wconf 77' lang='grc' dir='ltr'><strong>Μακάριος</strong></span> <span class='ocrx_word' id='word_1_109' title='bbox 794 1805 952 1874; x_wconf 78' lang='grc' dir='ltr'>ἀνὴρ</span> <span class='ocrx_word' id='word_1_110' title='bbox 982 1810 1015 1860; x_wconf 83' lang='grc' dir='ltr'><em>ό</em></span> <span class='ocrx_word' id='word_1_111' title='bbox 1045 1811 1422 1878; x_wconf 74' lang='grc' dir='ltr'><strong>φοϐούμενος</strong></span> <span class='ocrx_word' id='word_1_112' title='bbox 1462 1812 1570 1867; x_wconf 75' lang='grc' dir='ltr'><strong>τὸν</strong></span> <span class='ocrx_word' id='word_1_113' title='bbox 1606 1815 1847 1884; x_wconf 79' lang='grc' dir='ltr'><strong>Κύριον.</strong></span> <span class='ocrx_word' id='word_1_114' title='bbox 1890 1815 1980 1869; x_wconf 85' lang='grc' dir='ltr'>Ἐν</span> <span class='ocrx_word' id='word_1_115' title='bbox 2012 1765 2053 1819; x_wconf 74' lang='grc' dir='ltr'><strong><em>Β</em></strong></span> 
     </span>
    </p>
   </div>
   <div class='ocr_carea' id='block_1_20' title="bbox 379 1896 1981 1980">
    <p class='ocr_par' dir='ltr' id='par_1_20' title="bbox 379 1896 1981 1980">
     <span class='ocr_line' id='line_1_20' title="bbox 379 1896 1981 1980; baseline 0.011 -32"><span class='ocrx_word' id='word_1_116' title='bbox 379 1896 461 1967; x_wconf 80' lang='grc' dir='ltr'><strong>τῷ</strong></span> <span class='ocrx_word' id='word_1_117' title='bbox 494 1897 827 1967; x_wconf 77' lang='grc' dir='ltr'>προλασόντι</span> <span class='ocrx_word' id='word_1_118' title='bbox 859 1899 1059 1971; x_wconf 76' lang='grc' dir='ltr'>ψαλμῷ</span> <span class='ocrx_word' id='word_1_119' title='bbox 1076 1902 1168 1957; x_wconf 73' lang='grc' dir='ltr'><strong>τὸν</strong></span> <span class='ocrx_word' id='word_1_120' title='bbox 1191 1904 1357 1972; x_wconf 75' lang='grc' dir='ltr'><strong>φόϐον</strong></span> <span class='ocrx_word' id='word_1_121' title='bbox 1381 1905 1478 1970; x_wconf 81' lang='grc' dir='ltr'>τοῦ</span> <span class='ocrx_word' id='word_1_122' title='bbox 1532 1908 1762 1978; x_wconf 80' lang='grc' dir='ltr'><strong>Κυρίου,</strong></span> <span class='ocrx_word' id='word_1_123' title='bbox 1815 1911 1981 1980; x_wconf 75' lang='grc' dir='ltr'>σοφὸν</span> 
     </span>
    </p>
   </div>
   <div class='ocr_carea' id='block_1_21' title="bbox 381 1987 1982 2074">
    <p class='ocr_par' dir='ltr' id='par_1_21' title="bbox 381 1987 1982 2074">
     <span class='ocr_line' id='line_1_21' title="bbox 381 1987 1982 2074; baseline 0.01 -32"><span class='ocrx_word' id='word_1_124' title='bbox 381 1987 513 2043; x_wconf 74' lang='grc' dir='ltr'>εἶπε</span> <span class='ocrx_word' id='word_1_125' title='bbox 548 1993 761 2044; x_wconf 80' lang='grc' dir='ltr'>ποιεῖν’</span> <span class='ocrx_word' id='word_1_126' title='bbox 816 1995 876 2046; x_wconf 80' lang='grc' dir='ltr'><strong>ἐν</strong></span> <span class='ocrx_word' id='word_1_127' title='bbox 921 1994 1097 2065; x_wconf 84' lang='grc' dir='ltr'><strong>τούτῳ</strong></span> <span class='ocrx_word' id='word_1_128' title='bbox 1143 1996 1222 2066; x_wconf 83' lang='grc' dir='ltr'>δὲ,</span> <span class='ocrx_word' id='word_1_129' title='bbox 1265 1999 1562 2070; x_wconf 79' lang='grc' dir='ltr'>μακάριον.</span> <span class='ocrx_word' id='word_1_130' title='bbox 1607 2003 1895 2074; x_wconf 73' lang='grc' dir='ltr'><strong>Μακάριος</strong></span> <span class='ocrx_word' id='word_1_131' title='bbox 1953 2007 1982 2058; x_wconf 80' lang='grc' dir='ltr'><strong>ὁ</strong></span> 
     </span>
    </p>
   </div>
   <div class='ocr_carea' id='block_1_22' title="bbox 381 2083 1980 2168">
    <p class='ocr_par' dir='ltr' id='par_1_22' title="bbox 381 2083 1980 2168">
     <span class='ocr_line' id='line_1_22' title="bbox 381 2083 1980 2168; baseline 0.011 -33"><span class='ocrx_word' id='word_1_132' title='bbox 381 2083 730 2154; x_wconf 72' lang='grc' dir='ltr'><strong>φοϐούμενος</strong></span> <span class='ocrx_word' id='word_1_133' title='bbox 785 2087 874 2140; x_wconf 76' lang='grc' dir='ltr'><strong>τὸν</strong></span> <span class='ocrx_word' id='word_1_134' title='bbox 926 2087 1155 2159; x_wconf 85' lang='grc' dir='ltr'><strong>Κύριον,</strong></span> <span class='ocrx_word' id='word_1_135' title='bbox 1206 2093 1303 2161; x_wconf 81' lang='grc' dir='ltr'><strong>οὐχ</strong></span> <span class='ocrx_word' id='word_1_136' title='bbox 1357 2093 1568 2158; x_wconf 81' lang='grc' dir='ltr'>ἁπλῶς,</span> <span class='ocrx_word' id='word_1_137' title='bbox 1619 2098 1873 2168; x_wconf 85' lang='grc' dir='ltr'>καθάπερ</span> <span class='ocrx_word' id='word_1_138' title='bbox 1931 2101 1980 2152; x_wconf 84' lang='grc' dir='ltr'><strong>οἰ</strong></span> 
     </span>
    </p>
   </div>
   <div class='ocr_carea' id='block_1_23' title="bbox 378 2175 1979 2252">
    <p class='ocr_par' dir='ltr' id='par_1_23' title="bbox 378 2175 1979 2252">
     <span class='ocr_line' id='line_1_23' title="bbox 378 2175 1979 2252; baseline 0.011 -24"><span class='ocrx_word' id='word_1_139' title='bbox 378 2175 663 2245; x_wconf 82' lang='grc' dir='ltr'>δαίμονες,</span> <span class='ocrx_word' id='word_1_140' title='bbox 706 2177 823 2231; x_wconf 78' lang='grc' dir='ltr'>ἀλλ’</span> <span class='ocrx_word' id='word_1_141' title='bbox 853 2178 995 2233; x_wconf 87' lang='grc' dir='ltr'>ὥστε</span> <span class='ocrx_word' id='word_1_142' title='bbox 1049 2182 1340 2250; x_wconf 74' lang='grc' dir='ltr'><strong>φυλάττειν</strong></span> <span class='ocrx_word' id='word_1_143' title='bbox 1383 2185 1484 2249; x_wconf 79' lang='grc' dir='ltr'><strong>τὰς</strong></span> <span class='ocrx_word' id='word_1_144' title='bbox 1532 2188 1754 2252; x_wconf 78' lang='grc' dir='ltr'>ἐντολὰς</span> <span class='ocrx_word' id='word_1_145' title='bbox 1788 2191 1979 2245; x_wconf 84' lang='grc' dir='ltr'>αὐτοῦ.</span> 
     </span>
    </p>
   </div>
   <div class='ocr_carea' id='block_1_24' title="bbox 395 2266 1980 2350">
    <p class='ocr_par' dir='ltr' id='par_1_24' title="bbox 395 2266 1980 2350">
     <span class='ocr_line' id='line_1_24' title="bbox 395 2266 1980 2350; baseline 0.013 -34"><span class='ocrx_word' id='word_1_146' title='bbox 395 2267 614 2318; x_wconf 73' lang='grc' dir='ltr'>Ἐκεῖνο</span> <span class='ocrx_word' id='word_1_147' title='bbox 656 2266 756 2338; x_wconf 75' lang='grc' dir='ltr'><strong>μὲν</strong></span> <span class='ocrx_word' id='word_1_148' title='bbox 800 2269 932 2340; x_wconf 77' lang='grc' dir='ltr'>γὰρ,</span> <span class='ocrx_word' id='word_1_149' title='bbox 987 2273 1156 2341; x_wconf 73' lang='grc' dir='ltr'><strong>φόϐος</strong></span> <span class='ocrx_word' id='word_1_150' title='bbox 1204 2274 1362 2345; x_wconf 83' lang='grc' dir='ltr'>ψιλός</span> <span class='ocrx_word' id='word_1_151' title='bbox 1395 2294 1410 2309; x_wconf 79' lang='grc' dir='ltr'><strong><em>ο</em></strong></span> <span class='ocrx_word' id='word_1_152' title='bbox 1469 2277 1628 2332; x_wconf 84' lang='grc' dir='ltr'>τοῦτο</span> <span class='ocrx_word' id='word_1_153' title='bbox 1686 2280 1764 2346; x_wconf 80' lang='grc' dir='ltr'>δὲ,</span> <span class='ocrx_word' id='word_1_154' title='bbox 1815 2281 1980 2350; x_wconf 75' lang='grc' dir='ltr'><strong>φόϐος</strong></span> 
     </span>
    </p>
   </div>
   <div class='ocr_carea' id='block_1_25' title="bbox 382 2359 637 2431">
    <p class='ocr_par' dir='ltr' id='par_1_25' title="bbox 382 2359 637 2431">
     <span class='ocr_line' id='line_1_25' title="bbox 382 2359 637 2431; baseline 0.016 -21"><span class='ocrx_word' id='word_1_155' title='bbox 382 2359 637 2431; x_wconf 71' lang='grc' dir='ltr'><strong>ἐνεργός.</strong></span> 
     </span>
    </p>
   </div>
   <div class='ocr_carea' id='block_1_26' title="bbox 461 2539 1979 2621">
    <p class='ocr_par' dir='ltr' id='par_1_26' title="bbox 461 2539 1979 2621">
     <span class='ocr_line' id='line_1_26' title="bbox 461 2539 1979 2621; baseline 0.012 -29"><span class='ocrx_word' id='word_1_156' title='bbox 461 2539 570 2593; x_wconf 78' lang='grc' dir='ltr'><strong>Ἐν</strong></span> <span class='ocrx_word' id='word_1_157' title='bbox 601 2539 733 2606; x_wconf 83' lang='grc' dir='ltr'><strong>ταῖς</strong></span> <span class='ocrx_word' id='word_1_158' title='bbox 757 2541 1038 2608; x_wconf 76' lang='grc' dir='ltr'><strong>ἐντολαῖς</strong></span> <span class='ocrx_word' id='word_1_159' title='bbox 1074 2546 1265 2601; x_wconf 84' lang='grc' dir='ltr'>αὑτοῦ</span> <span class='ocrx_word' id='word_1_160' title='bbox 1297 2550 1544 2616; x_wconf 69' lang='grc' dir='ltr'>θελήσει</span> <span class='ocrx_word' id='word_1_161' title='bbox 1591 2553 1850 2621; x_wconf 62' lang='grc' dir='ltr'>σφόδρα.</span> <span class='ocrx_word' id='word_1_162' title='bbox 1921 2556 1979 2610; x_wconf 83' lang='grc' dir='ltr'>Ὁ</span> 
     </span>
    </p>
   </div>
   <div class='ocr_carea' id='block_1_27' title="bbox 383 2628 1977 2716">
    <p class='ocr_par' dir='ltr' id='par_1_27' title="bbox 383 2628 1977 2716">
     <span class='ocr_line' id='line_1_27' title="bbox 383 2628 1977 2716; baseline 0.011 -33"><span class='ocrx_word' id='word_1_163' title='bbox 383 2628 635 2695; x_wconf 85' lang='grc' dir='ltr'><strong>τοιοῦτος</strong></span> <span class='ocrx_word' id='word_1_164' title='bbox 673 2633 731 2685; x_wconf 81' lang='grc' dir='ltr'><strong>ἐν</strong></span> <span class='ocrx_word' id='word_1_165' title='bbox 762 2636 887 2698; x_wconf 80' lang='grc' dir='ltr'>ταῖς</span> <span class='ocrx_word' id='word_1_166' title='bbox 921 2636 1166 2703; x_wconf 77' lang='grc' dir='ltr'><strong>ἐντολαῖς</strong></span> <span class='ocrx_word' id='word_1_167' title='bbox 1215 2640 1309 2693; x_wconf 89' lang='grc' dir='ltr'>τοῦ</span> <span class='ocrx_word' id='word_1_168' title='bbox 1347 2644 1555 2713; x_wconf 80' lang='grc' dir='ltr'>Κυρίου</span> <span class='ocrx_word' id='word_1_169' title='bbox 1615 2644 1783 2698; x_wconf 86' lang='grc' dir='ltr'>αὐτοῦ</span> <span class='ocrx_word' id='word_1_170' title='bbox 1852 2665 1977 2716; x_wconf 75' lang='grc' dir='ltr'>χαι-</span> 
     </span>
    </p>
   </div>
   <div class='ocr_carea' id='block_1_28' title="bbox 389 2724 1982 2808">
    <p class='ocr_par' dir='ltr' id='par_1_28' title="bbox 389 2724 1982 2808">
     <span class='ocr_line' id='line_1_28' title="bbox 389 2724 1982 2808; baseline 0.014 -36"><span class='ocrx_word' id='word_1_171' title='bbox 389 2724 574 2794; x_wconf 81' lang='grc' dir='ltr'><strong>ρήσει,</strong></span> <span class='ocrx_word' id='word_1_172' title='bbox 635 2727 1076 2800; x_wconf 79' lang='grc' dir='ltr'><strong>εὐφρανθήσεται</strong></span> <span class='ocrx_word' id='word_1_173' title='bbox 1116 2749 1128 2764; x_wconf 82' lang='grc'><em>’</em></span> <span class='ocrx_word' id='word_1_174' title='bbox 1189 2741 1349 2788; x_wconf 86' lang='grc' dir='ltr'>τοῦτο</span> <span class='ocrx_word' id='word_1_175' title='bbox 1406 2739 1537 2808; x_wconf 76' lang='grc' dir='ltr'>γὰρ,</span> <span class='ocrx_word' id='word_1_176' title='bbox 1601 2738 1663 2792; x_wconf 82' lang='grc' dir='ltr'>τὸ</span> <span class='ocrx_word' id='word_1_177' title='bbox 1723 2740 1982 2808; x_wconf 76' lang='grc' dir='ltr'>Θελήσει</span> 
     </span>
    </p>
   </div>
   <div class='ocr_carea' id='block_1_29' title="bbox 381 2812 1981 2903">
    <p class='ocr_par' dir='ltr' id='par_1_29' title="bbox 381 2812 1981 2903">
     <span class='ocr_line' id='line_1_29' title="bbox 381 2812 1981 2903; baseline 0.012 -39"><span class='ocrx_word' id='word_1_178' title='bbox 381 2812 627 2881; x_wconf 67' lang='grc' dir='ltr'>σφόδρα</span> <span class='ocrx_word' id='word_1_179' title='bbox 652 2830 668 2845; x_wconf 79' lang='grc' dir='ltr'><strong>ο</strong></span> <span class='ocrx_word' id='word_1_180' title='bbox 705 2815 802 2869; x_wconf 78' lang='grc' dir='ltr'>καὶ</span> <span class='ocrx_word' id='word_1_181' title='bbox 851 2817 1090 2889; x_wconf 79' lang='grc' dir='ltr'><strong>ἀλλαχοῦ</strong></span> <span class='ocrx_word' id='word_1_182' title='bbox 1122 2822 1232 2893; x_wconf 80' lang='grc' dir='ltr'>γὰρ</span> <span class='ocrx_word' id='word_1_183' title='bbox 1266 2824 1477 2890; x_wconf 78' lang='grc' dir='ltr'>δεικνὺς</span> <span class='ocrx_word' id='word_1_184' title='bbox 1507 2828 1605 2897; x_wconf 77' lang='grc' dir='ltr'>τὴν</span> <span class='ocrx_word' id='word_1_185' title='bbox 1643 2828 1855 2900; x_wconf 75' lang='grc' dir='ltr'>ἡδονὴν,</span> <span class='ocrx_word' id='word_1_186' title='bbox 1913 2833 1981 2903; x_wconf 78' lang='grc' dir='ltr'>ἢν</span> 
     </span>
    </p>
   </div>
   <div class='ocr_carea' id='block_1_30' title="bbox 382 2905 1983 2992">
    <p class='ocr_par' dir='ltr' id='par_1_30' title="bbox 382 2905 1983 2992">
     <span class='ocr_line' id='line_1_30' title="bbox 382 2905 1983 2992; baseline 0.014 -36"><span class='ocrx_word' id='word_1_187' title='bbox 382 2905 501 2976; x_wconf 70' lang='grc' dir='ltr'>ἔχει</span> <span class='ocrx_word' id='word_1_188' title='bbox 554 2907 685 2977; x_wconf 81' lang='grc' dir='ltr'>περὶ</span> <span class='ocrx_word' id='word_1_189' title='bbox 744 2910 810 2962; x_wconf 83' lang='grc' dir='ltr'><strong>τὰ</strong></span> <span class='ocrx_word' id='word_1_190' title='bbox 867 2914 1268 2985; x_wconf 81' lang='grc' dir='ltr'>προστάγματα</span> <span class='ocrx_word' id='word_1_191' title='bbox 1317 2919 1411 2971; x_wconf 87' lang='grc' dir='ltr'>τοῦ</span> <span class='ocrx_word' id='word_1_192' title='bbox 1468 2921 1626 2987; x_wconf 89' lang='grc' dir='ltr'>Θεοῦ,</span> <span class='ocrx_word' id='word_1_193' title='bbox 1649 2926 1846 2992; x_wconf 81' lang='grc' dir='ltr'>φησίν·</span> <span class='ocrx_word' id='word_1_194' title='bbox 1885 2926 1983 2992; x_wconf 81' lang='grc' dir='ltr'><em>Ὠς</em></span> 
     </span>
    </p>
   </div>
   <div class='ocr_carea' id='block_1_31' title="bbox 383 2998 1979 3086">
    <p class='ocr_par' dir='ltr' id='par_1_31' title="bbox 383 2998 1979 3086">
     <span class='ocr_line' id='line_1_31' title="bbox 383 2998 1979 3086; baseline 0.014 -36"><span class='ocrx_word' id='word_1_195' title='bbox 383 2998 618 3068; x_wconf 69' lang='grc' dir='ltr'>γλυκέα</span> <span class='ocrx_word' id='word_1_196' title='bbox 639 2999 720 3065; x_wconf 86' lang='grc' dir='ltr'><strong>τῷ</strong></span> <span class='ocrx_word' id='word_1_197' title='bbox 739 3001 996 3075; x_wconf 76' lang='grc' dir='ltr'>λάρυγγι</span> <span class='ocrx_word' id='word_1_198' title='bbox 1012 3024 1128 3077; x_wconf 82' lang='grc' dir='ltr'>μου</span> <span class='ocrx_word' id='word_1_199' title='bbox 1160 3011 1229 3066; x_wconf 79' lang='grc' dir='ltr'><strong>τὰ</strong></span> <span class='ocrx_word' id='word_1_200' title='bbox 1252 3014 1431 3083; x_wconf 75' lang='grc' dir='ltr'>λόγιά</span> <span class='ocrx_word' id='word_1_201' title='bbox 1473 3031 1592 3070; x_wconf 87' lang='grc' dir='ltr'><strong>σου</strong></span> <span class='ocrx_word' id='word_1_202' title='bbox 1615 3017 1637 3071; x_wconf 89' lang='lat'><strong><em>!</em></strong></span> <span class='ocrx_word' id='word_1_203' title='bbox 1667 3017 1822 3086; x_wconf 78' lang='grc' dir='ltr'><strong>ὑπὲρ</strong></span> <span class='ocrx_word' id='word_1_204' title='bbox 1836 3018 1979 3086; x_wconf 79' lang='grc' dir='ltr'>μέλι</span> 
     </span>
    </p>
   </div>
   <div class='ocr_carea' id='block_1_32' title="bbox 379 3088 922 3164">
    <p class='ocr_par' dir='ltr' id='par_1_32' title="bbox 379 3088 922 3164">
     <span class='ocr_line' id='line_1_32' title="bbox 379 3088 922 3164; baseline 0.015 -22"><span class='ocrx_word' id='word_1_205' title='bbox 379 3088 464 3154; x_wconf 74' lang='grc' dir='ltr'><strong>τῷ</strong></span> <span class='ocrx_word' id='word_1_206' title='bbox 491 3093 743 3161; x_wconf 82' lang='grc' dir='ltr'>στόματί</span> <span class='ocrx_word' id='word_1_207' title='bbox 758 3113 922 3164; x_wconf 81' lang='grc' dir='ltr'>μου..</span> 
     </span>
    </p>
   </div>
   <div class='ocr_carea' id='block_1_33' title="bbox 456 3186 1966 3271">
    <p class='ocr_par' dir='ltr' id='par_1_33' title="bbox 456 3186 1966 3271">
     <span class='ocr_line' id='line_1_33' title="bbox 456 3186 1966 3271; baseline 0.017 -37"><span class='ocrx_word' id='word_1_208' title='bbox 456 3186 726 3239; x_wconf 56' lang='lat' dir='ltr'><strong>Aur-atda-</strong></span> <span class='ocrx_word' id='word_1_209' title='bbox 774 3189 844 3243; x_wconf 82' lang='grc' dir='ltr'><strong>ἐν</strong></span> <span class='ocrx_word' id='word_1_210' title='bbox 906 3192 982 3260; x_wconf 79' lang='grc' dir='ltr'><strong>τῇ</strong></span> <span class='ocrx_word' id='word_1_211' title='bbox 1046 3193 1125 3263; x_wconf 72' lang='grc' dir='ltr'>γῇ</span> <span class='ocrx_word' id='word_1_212' title='bbox 1153 3197 1326 3249; x_wconf 73' lang='grc' dir='ltr'>ἔσται</span> <span class='ocrx_word' id='word_1_213' title='bbox 1381 3198 1447 3251; x_wconf 81' lang='grc' dir='ltr'><strong>τὸ</strong></span> <span class='ocrx_word' id='word_1_214' title='bbox 1495 3202 1734 3271; x_wconf 79' lang='grc' dir='ltr'>σπέρμα</span> <span class='ocrx_word' id='word_1_215' title='bbox 1755 3207 1966 3260; x_wconf 83' lang='grc' dir='ltr'>αὐτοῦ.</span> 
     </span>
    </p>
   </div>
   <div class='ocr_carea' id='block_1_34' title="bbox 384 3277 1972 3367">
    <p class='ocr_par' dir='ltr' id='par_1_34' title="bbox 384 3277 1972 3367">
     <span class='ocr_line' id='line_1_34' title="bbox 384 3277 1972 3367; baseline 0.017 -43"><span class='ocrx_word' id='word_1_216' title='bbox 384 3277 818 3348; x_wconf 82' lang='grc' dir='ltr'>Δυναμούμενον</span> <span class='ocrx_word' id='word_1_217' title='bbox 855 3284 958 3336; x_wconf 82' lang='grc' dir='ltr'>ὐπὸ</span> <span class='ocrx_word' id='word_1_218' title='bbox 993 3286 1087 3339; x_wconf 91' lang='grc' dir='ltr'>τοῦ</span> <span class='ocrx_word' id='word_1_219' title='bbox 1118 3288 1255 3341; x_wconf 82' lang='grc' dir='ltr'>Θεοῦ</span> <span class='ocrx_word' id='word_1_220' title='bbox 1305 3293 1444 3344; x_wconf 82' lang='grc' dir='ltr'>κατὰ</span> <span class='ocrx_word' id='word_1_221' title='bbox 1469 3294 1576 3345; x_wconf 83' lang='grc' dir='ltr'>τῶν</span> <span class='ocrx_word' id='word_1_222' title='bbox 1630 3296 1972 3367; x_wconf 77' lang='grc' dir='ltr'>ἐπηρεαζόν-</span> 
     </span>
    </p>
   </div>
   <div class='ocr_carea' id='block_1_35' title="bbox 383 3370 1971 3460">
    <p class='ocr_par' dir='ltr' id='par_1_35' title="bbox 383 3370 1971 3460">
     <span class='ocr_line' id='line_1_35' title="bbox 383 3370 1971 3460; baseline 0.016 -42"><span class='ocrx_word' id='word_1_223' title='bbox 383 3383 516 3422; x_wconf 87' lang='grc' dir='ltr'><strong>των.</strong></span> <span class='ocrx_word' id='word_1_224' title='bbox 577 3370 809 3442; x_wconf 82' lang='grc' dir='ltr'>Σπέρμα</span> <span class='ocrx_word' id='word_1_225' title='bbox 863 3375 918 3428; x_wconf 86' lang='grc' dir='ltr'>δὲ</span> <span class='ocrx_word' id='word_1_226' title='bbox 964 3380 1131 3431; x_wconf 88' lang='grc' dir='ltr'>αὐτοῦ</span> <span class='ocrx_word' id='word_1_227' title='bbox 1188 3382 1235 3432; x_wconf 78' lang='lat' dir='ltr'><strong>oi</strong></span> <span class='ocrx_word' id='word_1_228' title='bbox 1301 3384 1545 3454; x_wconf 76' lang='grc' dir='ltr'>μαθηταὶ</span> <span class='ocrx_word' id='word_1_229' title='bbox 1582 3389 1677 3440; x_wconf 79' lang='grc' dir='ltr'>καὶ</span> <span class='ocrx_word' id='word_1_230' title='bbox 1710 3391 1971 3460; x_wconf 74' lang='grc' dir='ltr'>μιμηταὶ,</span> 
     </span>
    </p>
   </div>
   <div class='ocr_carea' id='block_1_36' title="bbox 385 3460 1975 3551">
    <p class='ocr_par' dir='ltr' id='par_1_36' title="bbox 385 3460 1975 3551">
     <span class='ocr_line' id='line_1_36' title="bbox 385 3460 1975 3551; baseline 0.016 -41"><span class='ocrx_word' id='word_1_231' title='bbox 385 3460 482 3512; x_wconf 77' lang='grc' dir='ltr'>καὶ</span> <span class='ocrx_word' id='word_1_232' title='bbox 541 3462 640 3532; x_wconf 77' lang='grc' dir='ltr'><strong>τὴν</strong></span> <span class='ocrx_word' id='word_1_233' title='bbox 692 3467 989 3537; x_wconf 81' lang='grc' dir='ltr'>ὁμοιότητα</span> <span class='ocrx_word' id='word_1_234' title='bbox 1023 3470 1118 3523; x_wconf 75' lang='grc' dir='ltr'><strong>καὶ</strong></span> <span class='ocrx_word' id='word_1_235' title='bbox 1146 3472 1207 3522; x_wconf 80' lang='grc' dir='ltr'><strong>τὸ</strong></span> <span class='ocrx_word' id='word_1_236' title='bbox 1240 3475 1483 3543; x_wconf 83' lang='grc' dir='ltr'>γνήσιον,</span> <span class='ocrx_word' id='word_1_237' title='bbox 1531 3478 1638 3530; x_wconf 82' lang='grc' dir='ltr'><strong>ἀπὸ</strong></span> <span class='ocrx_word' id='word_1_238' title='bbox 1668 3480 1778 3532; x_wconf 82' lang='grc' dir='ltr'><strong>τῶν</strong></span> <span class='ocrx_word' id='word_1_239' title='bbox 1806 3497 1975 3551; x_wconf 87' lang='grc' dir='ltr'>χαρα-</span> 
     </span>
    </p>
   </div>
   <div class='ocr_carea' id='block_1_37' title="bbox 385 3555 1970 3645">
    <p class='ocr_par' dir='ltr' id='par_1_37' title="bbox 385 3555 1970 3645">
     <span class='ocr_line' id='line_1_37' title="bbox 385 3555 1970 3645; baseline 0.017 -43"><span class='ocrx_word' id='word_1_240' title='bbox 385 3555 609 3623; x_wconf 78' lang='grc' dir='ltr'>κτήρων</span> <span class='ocrx_word' id='word_1_241' title='bbox 645 3561 745 3625; x_wconf 74' lang='grc' dir='ltr'><strong>τῆς</strong></span> <span class='ocrx_word' id='word_1_242' title='bbox 783 3560 1063 3625; x_wconf 82' lang='grc' dir='ltr'>πολιτείας</span> <span class='ocrx_word' id='word_1_243' title='bbox 1098 3561 1386 3632; x_wconf 82' lang='grc' dir='ltr'><strong>σώζοντες,</strong></span> <span class='ocrx_word' id='word_1_244' title='bbox 1415 3570 1508 3621; x_wconf 78' lang='grc' dir='ltr'><strong>καὶ</strong></span> <span class='ocrx_word' id='word_1_245' title='bbox 1557 3571 1810 3645; x_wconf 82' lang='grc' dir='ltr'>καθάπερ</span> <span class='ocrx_word' id='word_1_246' title='bbox 1849 3576 1970 3629; x_wconf 85' lang='grc' dir='ltr'><strong>τινὰ</strong></span> 
     </span>
    </p>
   </div>
   <div class='ocr_carea' id='block_1_38' title="bbox 384 3645 1748 3732">
    <p class='ocr_par' dir='ltr' id='par_1_38' title="bbox 384 3645 1748 3732">
     <span class='ocr_line' id='line_1_38' title="bbox 384 3645 1748 3732; baseline 0.015 -35"><span class='ocrx_word' id='word_1_247' title='bbox 384 3645 594 3715; x_wconf 80' lang='grc' dir='ltr'>κλῆρον</span> <span class='ocrx_word' id='word_1_248' title='bbox 624 3650 723 3713; x_wconf 80' lang='grc' dir='ltr'><strong>τὰς</strong></span> <span class='ocrx_word' id='word_1_249' title='bbox 746 3651 944 3722; x_wconf 79' lang='grc' dir='ltr'>ἀρετὰς</span> <span class='ocrx_word' id='word_1_250' title='bbox 971 3653 1066 3708; x_wconf 89' lang='grc' dir='ltr'>τοῦ</span> <span class='ocrx_word' id='word_1_251' title='bbox 1087 3655 1412 3713; x_wconf 85' lang='grc' dir='ltr'>διδασκάλου</span> <span class='ocrx_word' id='word_1_252' title='bbox 1441 3660 1748 3732; x_wconf 78' lang='grc' dir='ltr'>δεξάμενοι.</span> 
     </span>
    </p>
   </div>
   <div class='ocr_carea' id='block_1_39' title="bbox 456 3912 1971 4004">
    <p class='ocr_par' dir='ltr' id='par_1_39' title="bbox 456 3912 1971 4004">
     <span class='ocr_line' id='line_1_39' title="bbox 456 3912 1971 4004; baseline 0.019 -42"><span class='ocrx_word' id='word_1_253' title='bbox 456 3912 648 3965; x_wconf 75' lang='grc' dir='ltr'>Γενεὰ</span> <span class='ocrx_word' id='word_1_254' title='bbox 678 3915 910 3972; x_wconf 81' lang='grc' dir='ltr'>εὐθέων</span> <span class='ocrx_word' id='word_1_255' title='bbox 941 3923 1436 3992; x_wconf 73' lang='grc' dir='ltr'>εὐλογηθήσεται.</span> <span class='ocrx_word' id='word_1_256' title='bbox 1487 3931 1622 3985; x_wconf 80' lang='grc' dir='ltr'><strong>Ὑπὸ</strong></span> <span class='ocrx_word' id='word_1_257' title='bbox 1643 3934 1742 4004; x_wconf 80' lang='grc' dir='ltr'><strong>τῆς</strong></span> <span class='ocrx_word' id='word_1_258' title='bbox 1780 3939 1971 4004; x_wconf 76' lang='grc' dir='ltr'>γενεᾶς</span> 
     </span>
    </p>
   </div>
   <div class='ocr_carea' id='block_1_40' title="bbox 384 3999 1972 4092">
    <p class='ocr_par' dir='ltr' id='par_1_40' title="bbox 384 3999 1972 4092">
     <span class='ocr_line' id='line_1_40' title="bbox 384 3999 1972 4092; baseline 0.02 -41"><span class='ocrx_word' id='word_1_259' title='bbox 384 3999 498 4054; x_wconf 84' lang='grc' dir='ltr'><strong>τῶν</strong></span> <span class='ocrx_word' id='word_1_260' title='bbox 522 4004 598 4073; x_wconf 80' lang='grc' dir='ltr'>μὴ</span> <span class='ocrx_word' id='word_1_261' title='bbox 623 4005 1098 4080; x_wconf 83' lang='grc' dir='ltr'>διεστραμμένων,</span> <span class='ocrx_word' id='word_1_262' title='bbox 1156 4015 1272 4069; x_wconf 78' lang='grc' dir='ltr'>ἀλλ’</span> <span class='ocrx_word' id='word_1_263' title='bbox 1300 4019 1436 4089; x_wconf 74' lang='grc' dir='ltr'>ὀρθὰ</span> <span class='ocrx_word' id='word_1_264' title='bbox 1489 3999 1839 4092; x_wconf 74' lang='grc' dir='ltr'>φρονούντων</span> <span class='ocrx_word' id='word_1_265' title='bbox 1879 3999 1972 4082; x_wconf 63' lang='grc' dir='ltr'>εὐέ</span> 
     </span>
    </p>
   </div>
   <div class='ocr_carea' id='block_1_41' title="bbox 384 4092 764 4164">
    <p class='ocr_par' dir='ltr' id='par_1_41' title="bbox 384 4092 764 4164">
     <span class='ocr_line' id='line_1_41' title="bbox 384 4092 764 4164; baseline 0.026 -22"><span class='ocrx_word' id='word_1_266' title='bbox 384 4092 764 4164; x_wconf 78' lang='grc' dir='ltr'>λογηθήσεται.</span> 
     </span>
    </p>
   </div>
   <div class='ocr_carea' id='block_1_42' title="bbox 459 4188 1973 4277">
    <p class='ocr_par' dir='ltr' id='par_1_42' title="bbox 459 4188 1973 4277">
     <span class='ocr_line' id='line_1_42' title="bbox 459 4188 1973 4277; baseline 0.018 -38"><span class='ocrx_word' id='word_1_267' title='bbox 459 4188 617 4252; x_wconf 81' lang='grc' dir='ltr'><strong>Δόξα</strong></span> <span class='ocrx_word' id='word_1_268' title='bbox 670 4193 769 4244; x_wconf 74' lang='grc' dir='ltr'>καὶ</span> <span class='ocrx_word' id='word_1_269' title='bbox 829 4196 1093 4264; x_wconf 76' lang='grc' dir='ltr'><strong>πλοῦτος</strong></span> <span class='ocrx_word' id='word_1_270' title='bbox 1155 4199 1226 4252; x_wconf 82' lang='grc' dir='ltr'><strong>ἐν</strong></span> <span class='ocrx_word' id='word_1_271' title='bbox 1270 4201 1349 4266; x_wconf 80' lang='grc' dir='ltr'><strong>τῷ</strong></span> <span class='ocrx_word' id='word_1_272' title='bbox 1415 4205 1558 4273; x_wconf 77' lang='grc' dir='ltr'><strong>οἴκῳ</strong></span> <span class='ocrx_word' id='word_1_273' title='bbox 1594 4211 1800 4264; x_wconf 79' lang='grc' dir='ltr'>αὑτοῦ.</span> <span class='ocrx_word' id='word_1_274' title='bbox 1834 4211 1973 4277; x_wconf 79' lang='grc' dir='ltr'><strong>Δόξα</strong></span> 
     </span>
    </p>
   </div>
   <div class='ocr_carea' id='block_1_43' title="bbox 384 4280 1973 4373">
    <p class='ocr_par' dir='ltr' id='par_1_43' title="bbox 384 4280 1973 4373">
     <span class='ocr_line' id='line_1_43' title="bbox 384 4280 1973 4373; baseline 0.019 -44"><span class='ocrx_word' id='word_1_275' title='bbox 384 4281 539 4348; x_wconf 86' lang='grc' dir='ltr'>παρά</span> <span class='ocrx_word' id='word_1_276' title='bbox 569 4280 730 4348; x_wconf 84' lang='grc' dir='ltr'>Θεοῦ,</span> <span class='ocrx_word' id='word_1_277' title='bbox 768 4286 861 4337; x_wconf 75' lang='grc' dir='ltr'><strong>καὶ</strong></span> <span class='ocrx_word' id='word_1_278' title='bbox 895 4285 1127 4352; x_wconf 81' lang='grc' dir='ltr'><strong>πλοῦτος</strong></span> <span class='ocrx_word' id='word_1_279' title='bbox 1159 4289 1217 4342; x_wconf 78' lang='grc' dir='ltr'><strong>ὲν</strong></span> <span class='ocrx_word' id='word_1_280' title='bbox 1242 4291 1468 4359; x_wconf 75' lang='grc' dir='ltr'><strong>ἀγαθοῖς</strong></span> <span class='ocrx_word' id='word_1_281' title='bbox 1522 4297 1736 4366; x_wconf 77' lang='grc' dir='ltr'>ἔργοις·</span> <span class='ocrx_word' id='word_1_282' title='bbox 1792 4301 1824 4373; x_wconf 72' lang='grc' dir='ltr'>ἢ</span> <span class='ocrx_word' id='word_1_283' title='bbox 1876 4305 1973 4358; x_wconf 72' lang='grc' dir='ltr'>καὶ</span> 
     </span>
    </p>
   </div>
   <div class='ocr_carea' id='block_1_44' title="bbox 380 4372 1972 4466">
    <p class='ocr_par' dir='ltr' id='par_1_44' title="bbox 380 4372 1972 4466">
     <span class='ocr_line' id='line_1_44' title="bbox 380 4372 1972 4466; baseline 0.016 -43"><span class='ocrx_word' id='word_1_284' title='bbox 380 4372 510 4436; x_wconf 77' lang='grc' dir='ltr'>δόξα</span> <span class='ocrx_word' id='word_1_285' title='bbox 541 4375 693 4444; x_wconf 83' lang='grc' dir='ltr'><strong>παρά</strong></span> <span class='ocrx_word' id='word_1_286' title='bbox 732 4376 1040 4447; x_wconf 84' lang='grc' dir='ltr'>ἀνθρώπων</span> <span class='ocrx_word' id='word_1_287' title='bbox 1077 4383 1363 4453; x_wconf 84' lang='grc' dir='ltr'>τιμώντων</span> <span class='ocrx_word' id='word_1_288' title='bbox 1396 4387 1558 4440; x_wconf 74' lang='grc' dir='ltr'>αὐτὸν</span> <span class='ocrx_word' id='word_1_289' title='bbox 1593 4391 1682 4444; x_wconf 72' lang='grc' dir='ltr'>διὰ</span> <span class='ocrx_word' id='word_1_290' title='bbox 1715 4372 1820 4457; x_wconf 14' lang='grc' dir='ltr'><strong>τὰςν</strong></span> <span class='ocrx_word' id='word_1_291' title='bbox 1844 4397 1972 4466; x_wconf 86' lang='grc' dir='ltr'>ἀρε-</span> 
     </span>
    </p>
   </div>
   <div class='ocr_carea' id='block_1_45' title="bbox 2108 513 3331 587">
    <p class='ocr_par' dir='ltr' id='par_1_45' title="bbox 2108 513 3331 587">
     <span class='ocr_line' id='line_1_45' title="bbox 2108 513 3331 587; baseline 0.007 -20"><span class='ocrx_word' id='word_1_292' title='bbox 2108 522 2163 568; x_wconf 88' lang='lat' dir='ltr'><strong>ct</strong></span> <span class='ocrx_word' id='word_1_293' title='bbox 2195 527 2441 567; x_wconf 88' lang='lat' dir='ltr'><strong>summas</strong></span> <span class='ocrx_word' id='word_1_294' title='bbox 2473 513 2546 566; x_wconf 87' lang='lat' dir='ltr'><strong>illi</strong></span> <span class='ocrx_word' id='word_1_295' title='bbox 2584 529 2803 583; x_wconf 83' lang='lat' dir='ltr'><strong>semper</strong></span> <span class='ocrx_word' id='word_1_296' title='bbox 2833 517 3037 584; x_wconf 80' lang='lat' dir='ltr'><strong>gratias</strong></span> <span class='ocrx_word' id='word_1_297' title='bbox 3087 533 3331 587; x_wconf 79' lang='lat' dir='ltr'><strong>agamus.</strong></span> 
     </span>
    </p>
   </div>
   <div class='ocr_carea' id='block_1_46' title="bbox 2766 608 3023 663">
    <p class='ocr_par' dir='ltr' id='par_1_46' title="bbox 2766 608 3023 663">
     <span class='ocr_line' id='line_1_46' title="bbox 2766 608 3023 663; baseline 0.004 -1"><span class='ocrx_word' id='word_1_298' title='bbox 2766 608 3023 663; x_wconf 81' lang='lat' dir='ltr'><strong>Alleluia.</strong></span> 
     </span>
    </p>
   </div>
   <div class='ocr_carea' id='block_1_47' title="bbox 2644 700 3128 757">
    <p class='ocr_par' dir='ltr' id='par_1_47' title="bbox 2644 700 3128 757">
     <span class='ocr_line' id='line_1_47' title="bbox 2644 700 3128 757; baseline 0 -3"><span class='ocrx_word' id='word_1_299' title='bbox 2644 700 2967 756; x_wconf 78' lang='lat' dir='ltr'><strong>PSALMUS</strong></span> <span class='ocrx_word' id='word_1_300' title='bbox 2993 701 3128 757; x_wconf 77' lang='lat' dir='ltr'><strong>CXI.</strong></span> 
     </span>
    </p>
   </div>
   <div class='ocr_carea' id='block_1_48' title="bbox 2169 787 3681 862">
    <p class='ocr_par' dir='ltr' id='par_1_48' title="bbox 2169 787 3681 862">
     <span class='ocr_line' id='line_1_48' title="bbox 2169 787 3681 862; baseline 0.008 -21"><span class='ocrx_word' id='word_1_301' title='bbox 2169 787 2506 859; x_wconf 85' lang='lat' dir='ltr'><strong>Principium</strong></span> <span class='ocrx_word' id='word_1_302' title='bbox 2541 790 2707 860; x_wconf 86' lang='lat' dir='ltr'><strong>hujus</strong></span> <span class='ocrx_word' id='word_1_303' title='bbox 2741 792 2934 862; x_wconf 79' lang='lat' dir='ltr'><strong>psalmi</strong></span> <span class='ocrx_word' id='word_1_304' title='bbox 2973 795 3266 846; x_wconf 71' lang='lat' dir='ltr'><strong>maximam</strong></span> <span class='ocrx_word' id='word_1_305' title='bbox 3299 798 3430 850; x_wconf 84' lang='lat' dir='ltr'><strong>inihi</strong></span> <span class='ocrx_word' id='word_1_306' title='bbox 3466 799 3681 853; x_wconf 59' lang='lat' dir='ltr'><strong>videtur</strong></span> 
     </span>
    </p>
   </div>
   <div class='ocr_carea' id='block_1_49' title="bbox 2096 881 3679 961">
    <p class='ocr_par' dir='ltr' id='par_1_49' title="bbox 2096 881 3679 961">
     <span class='ocr_line' id='line_1_49' title="bbox 2096 881 3679 961; baseline 0.006 -25"><span class='ocrx_word' id='word_1_307' title='bbox 2096 881 2554 952; x_wconf 70' lang='lat' dir='ltr'><strong>consequentiam</strong></span> <span class='ocrx_word' id='word_1_308' title='bbox 2617 883 2820 939; x_wconf 85' lang='lat' dir='ltr'><strong>habere</strong></span> <span class='ocrx_word' id='word_1_309' title='bbox 2890 884 2956 938; x_wconf 87' lang='lat' dir='ltr'><strong>ad</strong></span> <span class='ocrx_word' id='word_1_310' title='bbox 3003 886 3163 939; x_wconf 83' lang='lat' dir='ltr'><strong>linem</strong></span> <span class='ocrx_word' id='word_1_311' title='bbox 3206 893 3679 961; x_wconf 81' lang='lat' dir='ltr'><strong>superioriszqnn</strong></span> 
     </span>
    </p>
   </div>
   <div class='ocr_carea' id='block_1_50' title="bbox 2096 975 3678 1048">
    <p class='ocr_par' dir='ltr' id='par_1_50' title="bbox 2096 975 3678 1048">
     <span class='ocr_line' id='line_1_50' title="bbox 2096 975 3678 1048; baseline 0.008 -22"><span class='ocrx_word' id='word_1_312' title='bbox 2096 975 2310 1028; x_wconf 90' lang='lat' dir='ltr'><strong>ratione</strong></span> <span class='ocrx_word' id='word_1_313' title='bbox 2340 975 2590 1028; x_wconf 79' lang='lat' dir='ltr'><strong>eamdem</strong></span> <span class='ocrx_word' id='word_1_314' title='bbox 2645 991 2770 1028; x_wconf 90' lang='lat' dir='ltr'><strong>eum</strong></span> <span class='ocrx_word' id='word_1_315' title='bbox 2821 976 2916 1030; x_wconf 92' lang='lat' dir='ltr'><strong>illo</strong></span> <span class='ocrx_word' id='word_1_316' title='bbox 2969 978 3388 1048; x_wconf 86' lang='lat' dir='ltr'><strong>inscriptionem</strong></span> <span class='ocrx_word' id='word_1_317' title='bbox 3423 986 3678 1038; x_wconf 75' lang='grc' dir='ltr'>εοιίίιιιιιι</span> 
     </span>
    </p>
   </div>
   <div class='ocr_carea' id='block_1_51' title="bbox 2098 1066 3679 1144">
    <p class='ocr_par' dir='ltr' id='par_1_51' title="bbox 2098 1066 3679 1144">
     <span class='ocr_line' id='line_1_51' title="bbox 2098 1066 3679 1144; baseline 0.009 -26"><span class='ocrx_word' id='word_1_318' title='bbox 2098 1076 2251 1134; x_wconf 85' lang='lat' dir='ltr'><strong>puto.</strong></span> <span class='ocrx_word' id='word_1_319' title='bbox 2289 1066 2387 1120; x_wconf 88' lang='lat' dir='ltr'><strong>Est</strong></span> <span class='ocrx_word' id='word_1_320' title='bbox 2421 1071 2623 1122; x_wconf 82' lang='lat' dir='ltr'><strong>etenim</strong></span> <span class='ocrx_word' id='word_1_321' title='bbox 2701 1068 2869 1121; x_wconf 82' lang='lat' dir='ltr'><strong>veluti</strong></span> <span class='ocrx_word' id='word_1_322' title='bbox 2924 1070 3175 1138; x_wconf 71' lang='lat' dir='ltr'><strong>qutedatn</strong></span> <span class='ocrx_word' id='word_1_323' title='bbox 3214 1072 3362 1127; x_wconf 86' lang='lat' dir='ltr'><strong>illius</strong></span> <span class='ocrx_word' id='word_1_324' title='bbox 3419 1091 3566 1144; x_wconf 85' lang='lat' dir='ltr'><strong>pars.</strong></span> <span class='ocrx_word' id='word_1_325' title='bbox 3603 1079 3679 1132; x_wconf 86' lang='lat' dir='ltr'><strong>lbi</strong></span> 
     </span>
    </p>
   </div>
   <div class='ocr_carea' id='block_1_52' title="bbox 2095 1156 3681 1227">
    <p class='ocr_par' dir='ltr' id='par_1_52' title="bbox 2095 1156 3681 1227">
     <span class='ocr_line' id='line_1_52' title="bbox 2095 1156 3681 1227; baseline 0.005 -17"><span class='ocrx_word' id='word_1_326' title='bbox 2095 1157 2238 1210; x_wconf 88' lang='lat' dir='ltr'><strong>enim</strong></span> <span class='ocrx_word' id='word_1_327' title='bbox 2292 1156 2524 1226; x_wconf 79' lang='lat' dir='ltr'><strong>legimus</strong></span> <span class='ocrx_word' id='word_1_328' title='bbox 2563 1175 2576 1210; x_wconf 88' lang='lat'><strong>:</strong></span> <span class='ocrx_word' id='word_1_329' title='bbox 2615 1156 2838 1211; x_wconf 85' lang='lat' dir='ltr'><strong>Initium</strong></span> <span class='ocrx_word' id='word_1_330' title='bbox 2901 1160 3181 1227; x_wconf 57' lang='lat' dir='ltr'><strong>sapientiae</strong></span> <span class='ocrx_word' id='word_1_331' title='bbox 3235 1170 3312 1214; x_wconf 82' lang='lat' dir='ltr'><strong>est</strong></span> <span class='ocrx_word' id='word_1_332' title='bbox 3344 1164 3503 1215; x_wconf 73' lang='lat' dir='ltr'><strong>(inter</strong></span> <span class='ocrx_word' id='word_1_333' title='bbox 3574 1167 3681 1218; x_wconf 85' lang='lat' dir='ltr'><strong>Do-</strong></span> 
     </span>
    </p>
   </div>
   <div class='ocr_carea' id='block_1_53' title="bbox 2098 1249 3684 1321">
    <p class='ocr_par' dir='ltr' id='par_1_53' title="bbox 2098 1249 3684 1321">
     <span class='ocr_line' id='line_1_53' title="bbox 2098 1249 3684 1321; baseline 0.003 -18"><span class='ocrx_word' id='word_1_334' title='bbox 2098 1251 2264 1314; x_wconf 83' lang='lat' dir='ltr'><strong>mini,</strong></span> <span class='ocrx_word' id='word_1_335' title='bbox 2315 1250 2405 1304; x_wconf 91' lang='lat' dir='ltr'><strong>hic</strong></span> <span class='ocrx_word' id='word_1_336' title='bbox 2464 1259 2695 1304; x_wconf 82' lang='lat' dir='ltr'><strong>autem:</strong></span> <span class='ocrx_word' id='word_1_337' title='bbox 2742 1249 2940 1304; x_wconf 86' lang='lat' dir='ltr'><strong>Beatus</strong></span> <span class='ocrx_word' id='word_1_338' title='bbox 2992 1253 3094 1314; x_wconf 79' lang='lat' dir='ltr'><strong>vir,</strong></span> <span class='ocrx_word' id='word_1_339' title='bbox 3141 1254 3231 1321; x_wconf 88' lang='lat' dir='ltr'><strong>qui</strong></span> <span class='ocrx_word' id='word_1_340' title='bbox 3286 1255 3436 1307; x_wconf 82' lang='lat' dir='ltr'><strong>timet</strong></span> <span class='ocrx_word' id='word_1_341' title='bbox 3496 1256 3684 1310; x_wconf 79' lang='lat' dir='ltr'><strong>Domi-</strong></span> 
     </span>
    </p>
   </div>
   <div class='ocr_carea' id='block_1_54' title="bbox 2095 1340 3680 1413">
    <p class='ocr_par' dir='ltr' id='par_1_54' title="bbox 2095 1340 3680 1413">
     <span class='ocr_line' id='line_1_54' title="bbox 2095 1340 3680 1413; baseline 0.004 -18"><span class='ocrx_word' id='word_1_342' title='bbox 2095 1359 2259 1409; x_wconf 84' lang='lat' dir='ltr'><strong>num;</strong></span> <span class='ocrx_word' id='word_1_343' title='bbox 2295 1340 2475 1395; x_wconf 78' lang='lat' dir='ltr'><strong>ferunt</strong></span> <span class='ocrx_word' id='word_1_344' title='bbox 2539 1351 2722 1396; x_wconf 83' lang='lat' dir='ltr'><strong>autem</strong></span> <span class='ocrx_word' id='word_1_345' title='bbox 2778 1343 2927 1397; x_wconf 82' lang='lat' dir='ltr'><strong>hunc</strong></span> <span class='ocrx_word' id='word_1_346' title='bbox 2980 1344 3250 1413; x_wconf 80' lang='lat' dir='ltr'><strong>psalmum</strong></span> <span class='ocrx_word' id='word_1_347' title='bbox 3301 1358 3559 1402; x_wconf 85' lang='lat' dir='ltr'><strong>constare</strong></span> <span class='ocrx_word' id='word_1_348' title='bbox 3610 1367 3680 1407; x_wconf 70' lang='lat' dir='ltr'><strong>ex</strong></span> 
     </span>
    </p>
   </div>
   <div class='ocr_carea' id='block_1_55' title="bbox 2094 1434 3677 1506">
    <p class='ocr_par' dir='ltr' id='par_1_55' title="bbox 2094 1434 3677 1506">
     <span class='ocr_line' id='line_1_55' title="bbox 2094 1434 3677 1506; baseline 0.006 -20"><span class='ocrx_word' id='word_1_349' title='bbox 2094 1434 2310 1489; x_wconf 90' lang='lat' dir='ltr'><strong>duobus</strong></span> <span class='ocrx_word' id='word_1_350' title='bbox 2348 1443 2403 1489; x_wconf 90' lang='lat' dir='ltr'><strong>et</strong></span> <span class='ocrx_word' id='word_1_351' title='bbox 2470 1434 2661 1503; x_wconf 82' lang='lat' dir='ltr'><strong>viginti</strong></span> <span class='ocrx_word' id='word_1_352' title='bbox 2719 1435 3010 1490; x_wconf 83' lang='lat' dir='ltr'><strong>versiculis</strong></span> <span class='ocrx_word' id='word_1_353' title='bbox 3037 1476 3053 1503; x_wconf 91' lang='lat'><strong>,</strong></span> <span class='ocrx_word' id='word_1_354' title='bbox 3085 1437 3242 1506; x_wconf 75' lang='lat' dir='ltr'><strong>juxta</strong></span> <span class='ocrx_word' id='word_1_355' title='bbox 3279 1436 3677 1495; x_wconf 76' lang='lat' dir='ltr'><strong>Hebraicarnm</strong></span> 
     </span>
    </p>
   </div>
   <div class='ocr_carea' id='block_1_56' title="bbox 2095 1523 3680 1600">
    <p class='ocr_par' dir='ltr' id='par_1_56' title="bbox 2095 1523 3680 1600">
     <span class='ocr_line' id='line_1_56' title="bbox 2095 1523 3680 1600; baseline 0.006 -23"><span class='ocrx_word' id='word_1_356' title='bbox 2095 1525 2400 1578; x_wconf 83' lang='lat' dir='ltr'><strong>litterarum</strong></span> <span class='ocrx_word' id='word_1_357' title='bbox 2437 1540 2750 1578; x_wconf 86' lang='lat' dir='ltr'><strong>numerum.</strong></span> <span class='ocrx_word' id='word_1_358' title='bbox 2783 1523 3011 1594; x_wconf 81' lang='lat' dir='ltr'><strong>Ipsaque</strong></span> <span class='ocrx_word' id='word_1_359' title='bbox 3049 1528 3449 1582; x_wconf 77' lang='lat' dir='ltr'><strong>versiculorum</strong></span> <span class='ocrx_word' id='word_1_360' title='bbox 3479 1534 3680 1600; x_wconf 61' lang='lat' dir='ltr'><strong>princi-</strong></span> 
     </span>
    </p>
   </div>
   <div class='ocr_carea' id='block_1_57' title="bbox 2095 1616 3674 1688">
    <p class='ocr_par' dir='ltr' id='par_1_57' title="bbox 2095 1616 3674 1688">
     <span class='ocr_line' id='line_1_57' title="bbox 2095 1616 3674 1688; baseline 0.004 -19"><span class='ocrx_word' id='word_1_361' title='bbox 2095 1618 2204 1688; x_wconf 83' lang='lat' dir='ltr'><strong>pia,</strong></span> <span class='ocrx_word' id='word_1_362' title='bbox 2263 1617 2407 1687; x_wconf 87' lang='lat' dir='ltr'><strong>apud</strong></span> <span class='ocrx_word' id='word_1_363' title='bbox 2445 1616 2703 1671; x_wconf 69' lang='lat' dir='ltr'><strong>Hebrzeos</strong></span> <span class='ocrx_word' id='word_1_364' title='bbox 2772 1617 2956 1671; x_wconf 82' lang='lat' dir='ltr'><strong>omnia</strong></span> <span class='ocrx_word' id='word_1_365' title='bbox 3008 1618 3329 1687; x_wconf 85' lang='lat' dir='ltr'><strong>hnjusmodi</strong></span> <span class='ocrx_word' id='word_1_366' title='bbox 3365 1623 3674 1679; x_wconf 84' lang='lat' dir='ltr'><strong>litterarum</strong></span> 
     </span>
    </p>
   </div>
   <div class='ocr_carea' id='block_1_58' title="bbox 2093 1712 2655 1778">
    <p class='ocr_par' dir='ltr' id='par_1_58' title="bbox 2093 1712 2655 1778">
     <span class='ocr_line' id='line_1_58' title="bbox 2093 1712 2655 1778; baseline -0.005 -13"><span class='ocrx_word' id='word_1_367' title='bbox 2093 1712 2313 1778; x_wconf 68' lang='lat' dir='ltr'><strong>signare</strong></span> <span class='ocrx_word' id='word_1_368' title='bbox 2362 1713 2655 1763; x_wconf 57' lang='lat' dir='ltr'><strong>eli-menta.</strong></span> 
     </span>
    </p>
   </div>
   <div class='ocr_carea' id='block_1_59' title="bbox 2160 1803 3677 1876">
    <p class='ocr_par' dir='ltr' id='par_1_59' title="bbox 2160 1803 3677 1876">
     <span class='ocr_line' id='line_1_59' title="bbox 2160 1803 3677 1876; baseline 0.006 -18"><span class='ocrx_word' id='word_1_369' title='bbox 2160 1804 2405 1860; x_wconf 74' lang='lat' dir='ltr'><strong>Vens.i.</strong></span> <span class='ocrx_word' id='word_1_370' title='bbox 2460 1803 2655 1858; x_wconf 82' lang='lat' dir='ltr'><strong>Beatus</strong></span> <span class='ocrx_word' id='word_1_371' title='bbox 2713 1805 2796 1858; x_wconf 73' lang='lat' dir='ltr'><strong>vir</strong></span> <span class='ocrx_word' id='word_1_372' title='bbox 2859 1806 2952 1876; x_wconf 77' lang='lat' dir='ltr'><strong>qui</strong></span> <span class='ocrx_word' id='word_1_373' title='bbox 3027 1808 3173 1859; x_wconf 82' lang='lat' dir='ltr'><strong>timet</strong></span> <span class='ocrx_word' id='word_1_374' title='bbox 3243 1807 3547 1866; x_wconf 81' lang='lat' dir='ltr'><strong>Dominum.</strong></span> <span class='ocrx_word' id='word_1_375' title='bbox 3621 1813 3677 1868; x_wconf 83' lang='lat' dir='ltr'><strong>In</strong></span> 
     </span>
    </p>
   </div>
   <div class='ocr_carea' id='block_1_60' title="bbox 2091 1895 3681 1968">
    <p class='ocr_par' dir='ltr' id='par_1_60' title="bbox 2091 1895 3681 1968">
     <span class='ocr_line' id='line_1_60' title="bbox 2091 1895 3681 1968; baseline 0.007 -21"><span class='ocrx_word' id='word_1_376' title='bbox 2091 1895 2424 1964; x_wconf 58' lang='lat' dir='ltr'><strong>praecedenti</strong></span> <span class='ocrx_word' id='word_1_377' title='bbox 2484 1895 2698 1964; x_wconf 77' lang='lat' dir='ltr'><strong>psalmo</strong></span> <span class='ocrx_word' id='word_1_378' title='bbox 2731 1895 2937 1950; x_wconf 79' lang='lat' dir='ltr'><strong>dictum</strong></span> <span class='ocrx_word' id='word_1_379' title='bbox 2991 1902 3250 1968; x_wconf 87' lang='lat' dir='ltr'><strong>estquod</strong></span> <span class='ocrx_word' id='word_1_380' title='bbox 3305 1902 3471 1958; x_wconf 89' lang='lat' dir='ltr'><strong>timor</strong></span> <span class='ocrx_word' id='word_1_381' title='bbox 3495 1905 3681 1958; x_wconf 81' lang='lat' dir='ltr'><strong>Domi-</strong></span> 
     </span>
    </p>
   </div>
   <div class='ocr_carea' id='block_1_61' title="bbox 2084 1987 3677 2068">
    <p class='ocr_par' dir='ltr' id='par_1_61' title="bbox 2084 1987 3677 2068">
     <span class='ocr_line' id='line_1_61' title="bbox 2084 1987 3677 2068; baseline 0.008 -28"><span class='ocrx_word' id='word_1_382' title='bbox 2084 1987 2138 2040; x_wconf 87' lang='lat' dir='ltr'><strong>ni</strong></span> <span class='ocrx_word' id='word_1_383' title='bbox 2204 1987 2507 2056; x_wconf 85' lang='lat' dir='ltr'><strong>sapienteni</strong></span> <span class='ocrx_word' id='word_1_384' title='bbox 2544 1987 2822 2043; x_wconf 86' lang='lat' dir='ltr'><strong>hominem</strong></span> <span class='ocrx_word' id='word_1_385' title='bbox 2880 1988 3082 2057; x_wconf 79' lang='lat' dir='ltr'><strong>reddit,</strong></span> <span class='ocrx_word' id='word_1_386' title='bbox 3129 1991 3182 2045; x_wconf 91' lang='lat' dir='ltr'><strong>in</strong></span> <span class='ocrx_word' id='word_1_387' title='bbox 3223 1995 3323 2048; x_wconf 90' lang='lat' dir='ltr'><strong>hoc</strong></span> <span class='ocrx_word' id='word_1_388' title='bbox 3356 2001 3677 2068; x_wconf 86' lang='lat' dir='ltr'><strong>vero,quod</strong></span> 
     </span>
    </p>
   </div>
   <div class='ocr_carea' id='block_1_62' title="bbox 2081 2079 3676 2155">
    <p class='ocr_par' dir='ltr' id='par_1_62' title="bbox 2081 2079 3676 2155">
     <span class='ocr_line' id='line_1_62' title="bbox 2081 2079 3676 2155; baseline 0.003 -23"><span class='ocrx_word' id='word_1_389' title='bbox 2081 2081 2248 2135; x_wconf 87' lang='lat' dir='ltr'><strong>etiam</strong></span> <span class='ocrx_word' id='word_1_390' title='bbox 2287 2079 2505 2134; x_wconf 85' lang='lat' dir='ltr'><strong>beatum</strong></span> <span class='ocrx_word' id='word_1_391' title='bbox 2543 2097 2557 2132; x_wconf 89' lang='lat'><strong>:</strong></span> <span class='ocrx_word' id='word_1_392' title='bbox 2597 2079 2796 2134; x_wconf 86' lang='lat' dir='ltr'><strong>Beatus</strong></span> <span class='ocrx_word' id='word_1_393' title='bbox 2834 2084 2938 2147; x_wconf 83' lang='lat' dir='ltr'><strong>vir,</strong></span> <span class='ocrx_word' id='word_1_394' title='bbox 2993 2084 3195 2153; x_wconf 90' lang='lat' dir='ltr'><strong>inquit,</strong></span> <span class='ocrx_word' id='word_1_395' title='bbox 3232 2087 3325 2155; x_wconf 91' lang='lat' dir='ltr'><strong>qui</strong></span> <span class='ocrx_word' id='word_1_396' title='bbox 3357 2090 3511 2144; x_wconf 87' lang='lat' dir='ltr'><strong>timet</strong></span> <span class='ocrx_word' id='word_1_397' title='bbox 3567 2091 3676 2147; x_wconf 75' lang='lat' dir='ltr'><strong>Do-</strong></span> 
     </span>
    </p>
   </div>
   <div class='ocr_carea' id='block_1_63' title="bbox 2084 2175 3678 2249">
    <p class='ocr_par' dir='ltr' id='par_1_63' title="bbox 2084 2175 3678 2249">
     <span class='ocr_line' id='line_1_63' title="bbox 2084 2175 3678 2249; baseline 0.008 -23"><span class='ocrx_word' id='word_1_398' title='bbox 2084 2175 2318 2236; x_wconf 87' lang='lat' dir='ltr'><strong>minum,</strong></span> <span class='ocrx_word' id='word_1_399' title='bbox 2369 2179 2690 2227; x_wconf 87' lang='lat' dir='ltr'><strong>nontamen</strong></span> <span class='ocrx_word' id='word_1_400' title='bbox 2737 2175 2832 2243; x_wconf 87' lang='lat' dir='ltr'><strong>qui</strong></span> <span class='ocrx_word' id='word_1_401' title='bbox 2894 2176 3220 2244; x_wconf 82' lang='lat' dir='ltr'><strong>simpliciter</strong></span> <span class='ocrx_word' id='word_1_402' title='bbox 3264 2179 3420 2232; x_wconf 91' lang='lat' dir='ltr'><strong>timet</strong></span> <span class='ocrx_word' id='word_1_403' title='bbox 3449 2182 3594 2249; x_wconf 90' lang='lat' dir='ltr'><strong>(nam</strong></span> <span class='ocrx_word' id='word_1_404' title='bbox 3619 2196 3678 2238; x_wconf 77' lang='lat' dir='ltr'><strong>et</strong></span> 
     </span>
    </p>
   </div>
   <div class='ocr_carea' id='block_1_64' title="bbox 2084 2263 3671 2338">
    <p class='ocr_par' dir='ltr' id='par_1_64' title="bbox 2084 2263 3671 2338">
     <span class='ocr_line' id='line_1_64' title="bbox 2084 2263 3671 2338; baseline 0.007 -20"><span class='ocrx_word' id='word_1_405' title='bbox 2084 2263 2359 2319; x_wconf 77' lang='lat' dir='ltr'><strong>daemones</strong></span> <span class='ocrx_word' id='word_1_406' title='bbox 2406 2266 2570 2320; x_wconf 87' lang='lat' dir='ltr'><strong>etiam</strong></span> <span class='ocrx_word' id='word_1_407' title='bbox 2650 2263 2816 2319; x_wconf 90' lang='lat' dir='ltr'><strong>Deum</strong></span> <span class='ocrx_word' id='word_1_408' title='bbox 2867 2265 3106 2337; x_wconf 83' lang='lat' dir='ltr'><strong>timent),</strong></span> <span class='ocrx_word' id='word_1_409' title='bbox 3140 2268 3234 2322; x_wconf 87' lang='lat' dir='ltr'><strong>sed</strong></span> <span class='ocrx_word' id='word_1_410' title='bbox 3270 2272 3363 2338; x_wconf 89' lang='lat' dir='ltr'><strong>qui</strong></span> <span class='ocrx_word' id='word_1_411' title='bbox 3401 2273 3576 2338; x_wconf 90' lang='lat' dir='ltr'><strong>timet,</strong></span> <span class='ocrx_word' id='word_1_412' title='bbox 3611 2285 3671 2329; x_wconf 92' lang='lat' dir='ltr'><strong>ut</strong></span> 
     </span>
    </p>
   </div>
   <div class='ocr_carea' id='block_1_65' title="bbox 2083 2355 3672 2433">
    <p class='ocr_par' dir='ltr' id='par_1_65' title="bbox 2083 2355 3672 2433">
     <span class='ocr_line' id='line_1_65' title="bbox 2083 2355 3672 2433; baseline 0.006 -24"><span class='ocrx_word' id='word_1_413' title='bbox 2083 2363 2263 2409; x_wconf 82' lang='lat' dir='ltr'><strong>servet</strong></span> <span class='ocrx_word' id='word_1_414' title='bbox 2306 2356 2585 2409; x_wconf 89' lang='lat' dir='ltr'><strong>mandata.</strong></span> <span class='ocrx_word' id='word_1_415' title='bbox 2640 2355 2734 2410; x_wconf 85' lang='lat' dir='ltr'><strong>ille</strong></span> <span class='ocrx_word' id='word_1_416' title='bbox 2794 2355 2939 2409; x_wconf 90' lang='lat' dir='ltr'><strong>enim</strong></span> <span class='ocrx_word' id='word_1_417' title='bbox 2990 2357 3156 2411; x_wconf 77' lang='lat' dir='ltr'><strong>timor</strong></span> <span class='ocrx_word' id='word_1_418' title='bbox 3189 2358 3326 2415; x_wconf 74' lang='lat' dir='ltr'><strong>levis</strong></span> <span class='ocrx_word' id='word_1_419' title='bbox 3359 2367 3672 2433; x_wconf 82' lang='lat' dir='ltr'><strong>atqueiua-</strong></span> 
     </span>
    </p>
   </div>
   <div class='ocr_carea' id='block_1_66' title="bbox 2085 2446 3288 2519">
    <p class='ocr_par' dir='ltr' id='par_1_66' title="bbox 2085 2446 3288 2519">
     <span class='ocr_line' id='line_1_66' title="bbox 2085 2446 3288 2519; baseline 0.002 -18"><span class='ocrx_word' id='word_1_420' title='bbox 2085 2447 2173 2502; x_wconf 92' lang='lat' dir='ltr'><strong>nis</strong></span> <span class='ocrx_word' id='word_1_421' title='bbox 2213 2455 2298 2501; x_wconf 86' lang='lat' dir='ltr'><strong>est</strong></span> <span class='ocrx_word' id='word_1_422' title='bbox 2335 2464 2349 2500; x_wconf 87' lang='lat'><strong>:</strong></span> <span class='ocrx_word' id='word_1_423' title='bbox 2404 2447 2509 2502; x_wconf 88' lang='lat' dir='ltr'><strong>iste</strong></span> <span class='ocrx_word' id='word_1_424' title='bbox 2539 2458 2718 2502; x_wconf 84' lang='lat' dir='ltr'><strong>autem</strong></span> <span class='ocrx_word' id='word_1_425' title='bbox 2757 2446 2944 2501; x_wconf 81' lang='lat' dir='ltr'><strong>eﬂicax</strong></span> <span class='ocrx_word' id='word_1_426' title='bbox 2995 2459 3050 2503; x_wconf 87' lang='lat' dir='ltr'><strong>et</strong></span> <span class='ocrx_word' id='word_1_427' title='bbox 3070 2461 3288 2519; x_wconf 81' lang='lat' dir='ltr'><strong>potens.</strong></span> 
     </span>
    </p>
   </div>
   <div class='ocr_carea' id='block_1_67' title="bbox 2158 2538 3669 2612">
    <p class='ocr_par' dir='ltr' id='par_1_67' title="bbox 2158 2538 3669 2612">
     <span class='ocr_line' id='line_1_67' title="bbox 2158 2538 3669 2612; baseline 0.005 -18"><span class='ocrx_word' id='word_1_428' title='bbox 2158 2538 2223 2594; x_wconf 81' lang='lat' dir='ltr'><strong>In</strong></span> <span class='ocrx_word' id='word_1_429' title='bbox 2257 2539 2530 2595; x_wconf 80' lang='lat' dir='ltr'><strong>mandatis</strong></span> <span class='ocrx_word' id='word_1_430' title='bbox 2556 2541 2668 2609; x_wconf 86' lang='lat' dir='ltr'><strong>ejus</strong></span> <span class='ocrx_word' id='word_1_431' title='bbox 2705 2539 2839 2594; x_wconf 80' lang='lat' dir='ltr'><strong>volet</strong></span> <span class='ocrx_word' id='word_1_432' title='bbox 2891 2542 3062 2597; x_wconf 81' lang='lat' dir='ltr'><strong>valde.</strong></span> <span class='ocrx_word' id='word_1_433' title='bbox 3111 2541 3437 2612; x_wconf 87' lang='lat' dir='ltr'><strong>Hujusmodi</strong></span> <span class='ocrx_word' id='word_1_434' title='bbox 3474 2549 3577 2608; x_wconf 81' lang='lat' dir='ltr'><strong>vir,</strong></span> <span class='ocrx_word' id='word_1_435' title='bbox 3615 2550 3669 2602; x_wconf 87' lang='lat' dir='ltr'><strong>in</strong></span> 
     </span>
    </p>
   </div>
   <div class='ocr_carea' id='block_1_68' title="bbox 2086 2631 3672 2704">
    <p class='ocr_par' dir='ltr' id='par_1_68' title="bbox 2086 2631 3672 2704">
     <span class='ocr_line' id='line_1_68' title="bbox 2086 2631 3672 2704; baseline 0.005 -18"><span class='ocrx_word' id='word_1_436' title='bbox 2086 2634 2361 2688; x_wconf 86' lang='lat' dir='ltr'><strong>mandatis</strong></span> <span class='ocrx_word' id='word_1_437' title='bbox 2413 2631 2626 2687; x_wconf 88' lang='lat' dir='ltr'><strong>Domini</strong></span> <span class='ocrx_word' id='word_1_438' title='bbox 2661 2633 2748 2688; x_wconf 88' lang='lat' dir='ltr'><strong>sui</strong></span> <span class='ocrx_word' id='word_1_439' title='bbox 2797 2635 3058 2704; x_wconf 89' lang='lat' dir='ltr'><strong>gaudebit</strong></span> <span class='ocrx_word' id='word_1_440' title='bbox 3119 2645 3174 2690; x_wconf 90' lang='lat' dir='ltr'><strong>et</strong></span> <span class='ocrx_word' id='word_1_441' title='bbox 3230 2637 3526 2694; x_wconf 65' lang='lat' dir='ltr'><strong>laetabitur.</strong></span> <span class='ocrx_word' id='word_1_442' title='bbox 3592 2641 3672 2694; x_wconf 84' lang='lat' dir='ltr'><strong>ita</strong></span> 
     </span>
    </p>
   </div>
   <div class='ocr_carea' id='block_1_69' title="bbox 2087 2726 3674 2796">
    <p class='ocr_par' dir='ltr' id='par_1_69' title="bbox 2087 2726 3674 2796">
     <span class='ocr_line' id='line_1_69' title="bbox 2087 2726 3674 2796; baseline 0.004 -12"><span class='ocrx_word' id='word_1_443' title='bbox 2087 2727 2236 2784; x_wconf 91' lang='lat' dir='ltr'><strong>enim</strong></span> <span class='ocrx_word' id='word_1_444' title='bbox 2285 2726 2602 2796; x_wconf 73' lang='lat' dir='ltr'><strong>significant</strong></span> <span class='ocrx_word' id='word_1_445' title='bbox 2661 2727 2753 2780; x_wconf 84' lang='lat' dir='ltr'><strong>illa</strong></span> <span class='ocrx_word' id='word_1_446' title='bbox 2806 2727 3023 2781; x_wconf 84' lang='lat' dir='ltr'><strong>verba:</strong></span> <span class='ocrx_word' id='word_1_447' title='bbox 3090 2726 3236 2782; x_wconf 81' lang='lat' dir='ltr'><strong>Volet</strong></span> <span class='ocrx_word' id='word_1_448' title='bbox 3292 2731 3464 2786; x_wconf 79' lang='lat' dir='ltr'><strong>valde.</strong></span> <span class='ocrx_word' id='word_1_449' title='bbox 3522 2731 3674 2790; x_wconf 84' lang='lat' dir='ltr'><strong>Hanc</strong></span> 
     </span>
    </p>
   </div>
   <div class='ocr_carea' id='block_1_70' title="bbox 2088 2820 3674 2889">
    <p class='ocr_par' dir='ltr' id='par_1_70' title="bbox 2088 2820 3674 2889">
     <span class='ocr_line' id='line_1_70' title="bbox 2088 2820 3674 2889; baseline 0.005 -15"><span class='ocrx_word' id='word_1_450' title='bbox 2088 2828 2272 2876; x_wconf 89' lang='lat' dir='ltr'><strong>autem</strong></span> <span class='ocrx_word' id='word_1_451' title='bbox 2325 2820 2771 2884; x_wconf 83' lang='lat' dir='ltr'><strong>delectationem,</strong></span> <span class='ocrx_word' id='word_1_452' title='bbox 2820 2834 2984 2889; x_wconf 88' lang='lat' dir='ltr'><strong>quam</strong></span> <span class='ocrx_word' id='word_1_453' title='bbox 3041 2836 3104 2875; x_wconf 81' lang='lat' dir='ltr'><strong>ex</strong></span> <span class='ocrx_word' id='word_1_454' title='bbox 3143 2821 3347 2877; x_wconf 87' lang='lat' dir='ltr'><strong>divinis</strong></span> <span class='ocrx_word' id='word_1_455' title='bbox 3397 2827 3674 2882; x_wconf 85' lang='lat' dir='ltr'><strong>mandatis</strong></span> 
     </span>
    </p>
   </div>
   <div class='ocr_carea' id='block_1_71' title="bbox 2085 2911 3670 2984">
    <p class='ocr_par' dir='ltr' id='par_1_71' title="bbox 2085 2911 3670 2984">
     <span class='ocr_line' id='line_1_71' title="bbox 2085 2911 3670 2984; baseline 0.001 -16"><span class='ocrx_word' id='word_1_456' title='bbox 2085 2911 2358 2984; x_wconf 86' lang='lat' dir='ltr'><strong>Propheta</strong></span> <span class='ocrx_word' id='word_1_457' title='bbox 2411 2914 2880 2982; x_wconf 86' lang='lat' dir='ltr'><strong>consequebatur,</strong></span> <span class='ocrx_word' id='word_1_458' title='bbox 2932 2913 3062 2968; x_wconf 81' lang='lat' dir='ltr'><strong>alibi</strong></span> <span class='ocrx_word' id='word_1_459' title='bbox 3102 2914 3266 2968; x_wconf 88' lang='lat' dir='ltr'><strong>etiam</strong></span> <span class='ocrx_word' id='word_1_460' title='bbox 3319 2917 3670 2973; x_wconf 69' lang='lat' dir='ltr'><strong>manifestius</strong></span> 
     </span>
    </p>
   </div>
   <div class='ocr_carea' id='block_1_72' title="bbox 2089 3004 3670 3081">
    <p class='ocr_par' dir='ltr' id='par_1_72' title="bbox 2089 3004 3670 3081">
     <span class='ocr_line' id='line_1_72' title="bbox 2089 3004 3670 3081; baseline 0.001 -19"><span class='ocrx_word' id='word_1_461' title='bbox 2089 3007 2403 3076; x_wconf 74' lang='lat' dir='ltr'><strong>exprimens</strong></span> <span class='ocrx_word' id='word_1_462' title='bbox 2429 3005 2506 3060; x_wconf 86' lang='lat' dir='ltr'><strong>ait</strong></span> <span class='ocrx_word' id='word_1_463' title='bbox 2541 3022 2555 3059; x_wconf 88' lang='lat'><strong>:</strong></span> <span class='ocrx_word' id='word_1_464' title='bbox 2591 3004 2767 3070; x_wconf 84' lang='lat' dir='ltr'><strong>Quam</strong></span> <span class='ocrx_word' id='word_1_465' title='bbox 2807 3005 2983 3058; x_wconf 78' lang='lat' dir='ltr'><strong>dulcia</strong></span> <span class='ocrx_word' id='word_1_466' title='bbox 3024 3006 3271 3074; x_wconf 77' lang='lat' dir='ltr'><strong>faucibus</strong></span> <span class='ocrx_word' id='word_1_467' title='bbox 3303 3009 3431 3061; x_wconf 74' lang='lat' dir='ltr'><strong>meis</strong></span> <span class='ocrx_word' id='word_1_468' title='bbox 3460 3009 3670 3081; x_wconf 67' lang='lat' dir='ltr'><strong>eloquia</strong></span> 
     </span>
    </p>
   </div>
   <div class='ocr_carea' id='block_1_73' title="bbox 2001 3097 2859 3167">
    <p class='ocr_par' dir='ltr' id='par_1_73' title="bbox 2001 3097 2859 3167">
     <span class='ocr_line' id='line_1_73' title="bbox 2001 3097 2859 3167; baseline -0.002 -15"><span class='ocrx_word' id='word_1_469' title='bbox 2001 3105 2046 3165; x_wconf 66' lang='grc' dir='ltr'><strong>(ς</strong></span> <span class='ocrx_word' id='word_1_470' title='bbox 2083 3109 2196 3162; x_wconf 88' lang='lat' dir='ltr'><strong>tua,</strong></span> <span class='ocrx_word' id='word_1_471' title='bbox 2230 3113 2390 3167; x_wconf 86' lang='lat' dir='ltr'><strong>super</strong></span> <span class='ocrx_word' id='word_1_472' title='bbox 2430 3097 2536 3150; x_wconf 85' lang='lat' dir='ltr'><strong>mel</strong></span> <span class='ocrx_word' id='word_1_473' title='bbox 2558 3097 2640 3151; x_wconf 87' lang='lat' dir='ltr'><strong>ori</strong></span> <span class='ocrx_word' id='word_1_474' title='bbox 2677 3112 2790 3153; x_wconf 87' lang='lat' dir='ltr'><strong>meo</strong></span> <span class='ocrx_word' id='word_1_475' title='bbox 2820 3097 2859 3150; x_wconf 85' lang='lat'><strong>&#39;.</strong></span> 
     </span>
    </p>
   </div>
   <div class='ocr_carea' id='block_1_74' title="bbox 2146 3189 3667 3264">
    <p class='ocr_par' dir='ltr' id='par_1_74' title="bbox 2146 3189 3667 3264">
     <span class='ocr_line' id='line_1_74' title="bbox 2146 3189 3667 3264; baseline 0.003 -18"><span class='ocrx_word' id='word_1_476' title='bbox 2146 3192 2312 3247; x_wconf 70' lang='lat' dir='ltr'><strong>Vens.</strong></span> <span class='ocrx_word' id='word_1_477' title='bbox 2339 3192 2395 3244; x_wconf 74' lang='lat'><strong>‘2.</strong></span> <span class='ocrx_word' id='word_1_478' title='bbox 2455 3189 2652 3245; x_wconf 82' lang='lat' dir='ltr'><strong>Potens</strong></span> <span class='ocrx_word' id='word_1_479' title='bbox 2689 3191 2743 3244; x_wconf 88' lang='lat' dir='ltr'><strong>in</strong></span> <span class='ocrx_word' id='word_1_480' title='bbox 2801 3201 2943 3244; x_wconf 84' lang='lat' dir='ltr'><strong>terra</strong></span> <span class='ocrx_word' id='word_1_481' title='bbox 2991 3193 3093 3244; x_wconf 85' lang='lat' dir='ltr'><strong>erit</strong></span> <span class='ocrx_word' id='word_1_482' title='bbox 3147 3209 3318 3247; x_wconf 80' lang='lat' dir='ltr'><strong>semen</strong></span> <span class='ocrx_word' id='word_1_483' title='bbox 3357 3195 3489 3264; x_wconf 87' lang='lat' dir='ltr'><strong>ejus.</strong></span> <span class='ocrx_word' id='word_1_484' title='bbox 3521 3196 3667 3250; x_wconf 81' lang='lat' dir='ltr'><strong>Red-</strong></span> 
     </span>
    </p>
   </div>
   <div class='ocr_carea' id='block_1_75' title="bbox 2075 3282 3664 3355">
    <p class='ocr_par' dir='ltr' id='par_1_75' title="bbox 2075 3282 3664 3355">
     <span class='ocr_line' id='line_1_75' title="bbox 2075 3282 3664 3355; baseline 0.001 -17"><span class='ocrx_word' id='word_1_485' title='bbox 2075 3283 2235 3338; x_wconf 87' lang='lat' dir='ltr'><strong>detur</strong></span> <span class='ocrx_word' id='word_1_486' title='bbox 2269 3286 2416 3339; x_wconf 89' lang='lat' dir='ltr'><strong>enim</strong></span> <span class='ocrx_word' id='word_1_487' title='bbox 2480 3293 2678 3352; x_wconf 81' lang='lat' dir='ltr'><strong>potens</strong></span> <span class='ocrx_word' id='word_1_488' title='bbox 2709 3298 2774 3338; x_wconf 90' lang='lat' dir='ltr'><strong>ac</strong></span> <span class='ocrx_word' id='word_1_489' title='bbox 2833 3282 3097 3346; x_wconf 73' lang='lat' dir='ltr'><strong>validum,</strong></span> <span class='ocrx_word' id='word_1_490' title='bbox 3154 3284 3419 3343; x_wconf 79' lang='lat' dir='ltr'><strong>adversus</strong></span> <span class='ocrx_word' id='word_1_491' title='bbox 3450 3304 3664 3355; x_wconf 52' lang='lat' dir='ltr'><strong>omnes,</strong></span> 
     </span>
    </p>
   </div>
   <div class='ocr_carea' id='block_1_76' title="bbox 2077 3375 3663 3444">
    <p class='ocr_par' dir='ltr' id='par_1_76' title="bbox 2077 3375 3663 3444">
     <span class='ocr_line' id='line_1_76' title="bbox 2077 3375 3663 3444; baseline 0.004 -15"><span class='ocrx_word' id='word_1_492' title='bbox 2077 3378 2171 3444; x_wconf 87' lang='lat' dir='ltr'><strong>qui</strong></span> <span class='ocrx_word' id='word_1_493' title='bbox 2221 3375 2416 3430; x_wconf 64' lang='lat' dir='ltr'><strong>laedere</strong></span> <span class='ocrx_word' id='word_1_494' title='bbox 2481 3389 2584 3430; x_wconf 82' lang='lat' dir='ltr'><strong>eos</strong></span> <span class='ocrx_word' id='word_1_495' title='bbox 2622 3376 2922 3430; x_wconf 83' lang='lat' dir='ltr'><strong>voluerint.</strong></span> <span class='ocrx_word' id='word_1_496' title='bbox 2983 3375 3180 3432; x_wconf 87' lang='lat' dir='ltr'><strong>Semen</strong></span> <span class='ocrx_word' id='word_1_497' title='bbox 3259 3395 3388 3434; x_wconf 84' lang='lat' dir='ltr'><strong>vero</strong></span> <span class='ocrx_word' id='word_1_498' title='bbox 3445 3383 3663 3436; x_wconf 81' lang='lat' dir='ltr'><strong>Domini</strong></span> 
     </span>
    </p>
   </div>
   <div class='ocr_carea' id='block_1_77' title="bbox 2076 3468 3665 3538">
    <p class='ocr_par' dir='ltr' id='par_1_77' title="bbox 2076 3468 3665 3538">
     <span class='ocr_line' id='line_1_77' title="bbox 2076 3468 3665 3538; baseline 0.003 -14"><span class='ocrx_word' id='word_1_499' title='bbox 2076 3469 2335 3538; x_wconf 88' lang='lat' dir='ltr'><strong>discipuli</strong></span> <span class='ocrx_word' id='word_1_500' title='bbox 2379 3476 2530 3532; x_wconf 83' lang='lat' dir='ltr'><strong>sunt,</strong></span> <span class='ocrx_word' id='word_1_501' title='bbox 2579 3475 2634 3523; x_wconf 89' lang='lat' dir='ltr'><strong>et</strong></span> <span class='ocrx_word' id='word_1_502' title='bbox 2690 3468 2998 3523; x_wconf 89' lang='lat' dir='ltr'><strong>imitatores</strong></span> <span class='ocrx_word' id='word_1_503' title='bbox 3049 3469 3278 3525; x_wconf 83' lang='lat' dir='ltr'><strong>Christi.</strong></span> <span class='ocrx_word' id='word_1_504' title='bbox 3323 3473 3424 3538; x_wconf 86' lang='lat' dir='ltr'><strong>Qui</strong></span> <span class='ocrx_word' id='word_1_505' title='bbox 3471 3475 3665 3529; x_wconf 79' lang='lat' dir='ltr'><strong>simili-</strong></span> 
     </span>
    </p>
   </div>
   <div class='ocr_carea' id='block_1_78' title="bbox 2077 3561 3663 3630">
    <p class='ocr_par' dir='ltr' id='par_1_78' title="bbox 2077 3561 3663 3630">
     <span class='ocr_line' id='line_1_78' title="bbox 2077 3561 3663 3630; baseline 0.005 -16"><span class='ocrx_word' id='word_1_506' title='bbox 2077 3561 2320 3616; x_wconf 88' lang='lat' dir='ltr'><strong>tudinem</strong></span> <span class='ocrx_word' id='word_1_507' title='bbox 2361 3574 2427 3615; x_wconf 88' lang='lat' dir='ltr'><strong>ac</strong></span> <span class='ocrx_word' id='word_1_508' title='bbox 2475 3561 2897 3630; x_wconf 83' lang='lat' dir='ltr'><strong>germanitatem</strong></span> <span class='ocrx_word' id='word_1_509' title='bbox 2943 3564 3069 3615; x_wconf 62' lang='lat' dir='ltr'><strong>vita;</strong></span> <span class='ocrx_word' id='word_1_510' title='bbox 3112 3578 3177 3616; x_wconf 89' lang='lat' dir='ltr'><strong>ac</strong></span> <span class='ocrx_word' id='word_1_511' title='bbox 3220 3567 3663 3622; x_wconf 73' lang='lat' dir='ltr'><strong>conversationis</strong></span> 
     </span>
    </p>
   </div>
   <div class='ocr_carea' id='block_1_79' title="bbox 2074 3652 3661 3724">
    <p class='ocr_par' dir='ltr' id='par_1_79' title="bbox 2074 3652 3661 3724">
     <span class='ocr_line' id='line_1_79' title="bbox 2074 3652 3661 3724; baseline 0 -16"><span class='ocrx_word' id='word_1_512' title='bbox 2074 3652 2278 3708; x_wconf 84' lang='lat' dir='ltr'><strong>Christi</strong></span> <span class='ocrx_word' id='word_1_513' title='bbox 2317 3659 2624 3717; x_wconf 75' lang='lat' dir='ltr'><strong>servantes,</strong></span> <span class='ocrx_word' id='word_1_514' title='bbox 2664 3667 2894 3722; x_wconf 86' lang='lat' dir='ltr'><strong>eamque</strong></span> <span class='ocrx_word' id='word_1_515' title='bbox 2935 3653 3100 3706; x_wconf 84' lang='lat' dir='ltr'><strong>veluti</strong></span> <span class='ocrx_word' id='word_1_516' title='bbox 3139 3667 3420 3720; x_wconf 86' lang='lat' dir='ltr'><strong>paternam</strong></span> <span class='ocrx_word' id='word_1_517' title='bbox 3466 3670 3661 3724; x_wconf 83' lang='lat' dir='ltr'><strong>quam-</strong></span> 
     </span>
    </p>
   </div>
   <div class='ocr_carea' id='block_1_80' title="bbox 2076 3745 3659 3816">
    <p class='ocr_par' dir='ltr' id='par_1_80' title="bbox 2076 3745 3659 3816">
     <span class='ocr_line' id='line_1_80' title="bbox 2076 3745 3659 3816; baseline 0.003 -18"><span class='ocrx_word' id='word_1_518' title='bbox 2076 3748 2198 3800; x_wconf 85' lang='lat' dir='ltr'><strong>dam</strong></span> <span class='ocrx_word' id='word_1_519' title='bbox 2252 3745 2629 3801; x_wconf 83' lang='lat' dir='ltr'><strong>haereditatem</strong></span> <span class='ocrx_word' id='word_1_520' title='bbox 2677 3746 3067 3816; x_wconf 79' lang='lat' dir='ltr'><strong>suscipientes,</strong></span> <span class='ocrx_word' id='word_1_521' title='bbox 3143 3751 3343 3802; x_wconf 89' lang='lat' dir='ltr'><strong>robore</strong></span> <span class='ocrx_word' id='word_1_522' title='bbox 3402 3763 3465 3804; x_wconf 87' lang='lat' dir='ltr'><strong>ac</strong></span> <span class='ocrx_word' id='word_1_523' title='bbox 3525 3751 3659 3804; x_wconf 74' lang='lat' dir='ltr'><strong>viri-</strong></span> 
     </span>
    </p>
   </div>
   <div class='ocr_carea' id='block_1_81' title="bbox 2078 3839 2751 3906">
    <p class='ocr_par' dir='ltr' id='par_1_81' title="bbox 2078 3839 2751 3906">
     <span class='ocr_line' id='line_1_81' title="bbox 2078 3839 2751 3906; baseline -0.004 -13"><span class='ocrx_word' id='word_1_524' title='bbox 2078 3839 2182 3893; x_wconf 87' lang='lat' dir='ltr'><strong>bus</strong></span> <span class='ocrx_word' id='word_1_525' title='bbox 2205 3852 2425 3906; x_wconf 87' lang='lat' dir='ltr'><strong>semper</strong></span> <span class='ocrx_word' id='word_1_526' title='bbox 2455 3847 2751 3906; x_wconf 76' lang='lat' dir='ltr'><strong>augentur.</strong></span> 
     </span>
    </p>
   </div>
   <div class='ocr_carea' id='block_1_82' title="bbox 2152 3929 3663 4000">
    <p class='ocr_par' dir='ltr' id='par_1_82' title="bbox 2152 3929 3663 4000">
     <span class='ocr_line' id='line_1_82' title="bbox 2152 3929 3663 4000; baseline 0.001 -15"><span class='ocrx_word' id='word_1_527' title='bbox 2152 3929 2439 3985; x_wconf 82' lang='lat' dir='ltr'><strong>Geueratio</strong></span> <span class='ocrx_word' id='word_1_528' title='bbox 2473 3939 2737 3983; x_wconf 83' lang='lat' dir='ltr'><strong>rectorum</strong></span> <span class='ocrx_word' id='word_1_529' title='bbox 2792 3931 3146 3984; x_wconf 82' lang='lat' dir='ltr'><strong>benedicetur.</strong></span> <span class='ocrx_word' id='word_1_530' title='bbox 3213 3931 3254 3984; x_wconf 82' lang='grc' dir='ltr'>Α</span> <span class='ocrx_word' id='word_1_531' title='bbox 3311 3933 3663 4000; x_wconf 77' lang='lat' dir='ltr'><strong>generatiOne</strong></span> 
     </span>
    </p>
   </div>
   <div class='ocr_carea' id='block_1_83' title="bbox 2076 4022 3662 4093">
    <p class='ocr_par' dir='ltr' id='par_1_83' title="bbox 2076 4022 3662 4093">
     <span class='ocr_line' id='line_1_83' title="bbox 2076 4022 3662 4093; baseline 0.002 -16"><span class='ocrx_word' id='word_1_532' title='bbox 2076 4022 2293 4078; x_wconf 87' lang='lat' dir='ltr'><strong>scilicet</strong></span> <span class='ocrx_word' id='word_1_533' title='bbox 2337 4022 2707 4076; x_wconf 79' lang='lat' dir='ltr'><strong>consimilium</strong></span> <span class='ocrx_word' id='word_1_534' title='bbox 2769 4023 3076 4090; x_wconf 90' lang='lat' dir='ltr'><strong>hominum,</strong></span> <span class='ocrx_word' id='word_1_535' title='bbox 3111 4023 3203 4092; x_wconf 88' lang='lat' dir='ltr'><strong>qui</strong></span> <span class='ocrx_word' id='word_1_536' title='bbox 3249 4040 3355 4076; x_wconf 90' lang='lat' dir='ltr'><strong>non</strong></span> <span class='ocrx_word' id='word_1_537' title='bbox 3406 4040 3662 4093; x_wconf 79' lang='lat' dir='ltr'><strong>perversa</strong></span> 
     </span>
    </p>
   </div>
   <div class='ocr_carea' id='block_1_84' title="bbox 2079 4115 2675 4180">
    <p class='ocr_par' dir='ltr' id='par_1_84' title="bbox 2079 4115 2675 4180">
     <span class='ocr_line' id='line_1_84' title="bbox 2079 4115 2675 4180; baseline -0.008 -9"><span class='ocrx_word' id='word_1_538' title='bbox 2079 4115 2351 4180; x_wconf 89' lang='lat' dir='ltr'><strong>sentiunt,</strong></span> <span class='ocrx_word' id='word_1_539' title='bbox 2384 4115 2476 4168; x_wconf 89' lang='lat' dir='ltr'><strong>sed</strong></span> <span class='ocrx_word' id='word_1_540' title='bbox 2506 4125 2675 4169; x_wconf 88' lang='lat' dir='ltr'><strong>recta.</strong></span> 
     </span>
    </p>
   </div>
   <div class='ocr_carea' id='block_1_85' title="bbox 2148 4205 3657 4278">
    <p class='ocr_par' dir='ltr' id='par_1_85' title="bbox 2148 4205 3657 4278">
     <span class='ocr_line' id='line_1_85' title="bbox 2148 4205 3657 4278; baseline 0.002 -18"><span class='ocrx_word' id='word_1_541' title='bbox 2148 4205 2314 4262; x_wconf 74' lang='lat' dir='ltr'><strong>Vens.</strong></span> <span class='ocrx_word' id='word_1_542' title='bbox 2347 4209 2402 4260; x_wconf 79' lang='lat'><strong>5.</strong></span> <span class='ocrx_word' id='word_1_543' title='bbox 2431 4205 2615 4260; x_wconf 84' lang='lat' dir='ltr'><strong>Gloria</strong></span> <span class='ocrx_word' id='word_1_544' title='bbox 2664 4217 2714 4260; x_wconf 82' lang='lat' dir='ltr'><strong>et</strong></span> <span class='ocrx_word' id='word_1_545' title='bbox 2750 4208 2947 4262; x_wconf 66' lang='lat' dir='ltr'><strong>diuitiis</strong></span> <span class='ocrx_word' id='word_1_546' title='bbox 2984 4209 3039 4260; x_wconf 86' lang='lat' dir='ltr'><strong>in</strong></span> <span class='ocrx_word' id='word_1_547' title='bbox 3093 4209 3251 4262; x_wconf 85' lang='lat' dir='ltr'><strong>domo</strong></span> <span class='ocrx_word' id='word_1_548' title='bbox 3277 4210 3415 4278; x_wconf 82' lang='lat' dir='ltr'><strong>ejus.</strong></span> <span class='ocrx_word' id='word_1_549' title='bbox 3450 4210 3657 4276; x_wconf 80' lang='lat' dir='ltr'><strong>Gioria,</strong></span> 
     </span>
    </p>
   </div>
   <div class='ocr_carea' id='block_1_86' title="bbox 2075 4298 3658 4370">
    <p class='ocr_par' dir='ltr' id='par_1_86' title="bbox 2075 4298 3658 4370">
     <span class='ocr_line' id='line_1_86' title="bbox 2075 4298 3658 4370; baseline 0.001 -17"><span class='ocrx_word' id='word_1_550' title='bbox 2075 4300 2276 4370; x_wconf 87' lang='lat' dir='ltr'><strong>inquit,</strong></span> <span class='ocrx_word' id='word_1_551' title='bbox 2324 4314 2354 4353; x_wconf 89' lang='lat' dir='ltr'><strong>a</strong></span> <span class='ocrx_word' id='word_1_552' title='bbox 2401 4298 2509 4354; x_wconf 90' lang='lat' dir='ltr'><strong>Deo</strong></span> <span class='ocrx_word' id='word_1_553' title='bbox 2563 4299 2669 4353; x_wconf 90' lang='lat' dir='ltr'><strong>erit</strong></span> <span class='ocrx_word' id='word_1_554' title='bbox 2747 4301 2866 4353; x_wconf 80' lang='lat' dir='ltr'><strong>viro</strong></span> <span class='ocrx_word' id='word_1_555' title='bbox 2934 4300 3148 4353; x_wconf 88' lang='lat' dir='ltr'><strong>timenti</strong></span> <span class='ocrx_word' id='word_1_556' title='bbox 3209 4315 3354 4364; x_wconf 88' lang='lat' dir='ltr'><strong>eum,</strong></span> <span class='ocrx_word' id='word_1_557' title='bbox 3416 4310 3472 4356; x_wconf 90' lang='lat' dir='ltr'><strong>et</strong></span> <span class='ocrx_word' id='word_1_558' title='bbox 3531 4319 3658 4360; x_wconf 80' lang='lat' dir='ltr'><strong>cum</strong></span> 
     </span>
    </p>
   </div>
   <div class='ocr_carea' id='block_1_87' title="bbox 2075 4391 3654 4465">
    <p class='ocr_par' dir='ltr' id='par_1_87' title="bbox 2075 4391 3654 4465">
     <span class='ocr_line' id='line_1_87' title="bbox 2075 4391 3654 4465; baseline 0.002 -20"><span class='ocrx_word' id='word_1_559' title='bbox 2075 4393 2251 4465; x_wconf 83' lang='lat' dir='ltr'><strong>gloria</strong></span> <span class='ocrx_word' id='word_1_560' title='bbox 2300 4391 2464 4445; x_wconf 88' lang='lat' dir='ltr'><strong>etiam</strong></span> <span class='ocrx_word' id='word_1_561' title='bbox 2512 4391 2764 4457; x_wconf 68' lang='lat' dir='ltr'><strong>divitiae;</strong></span> <span class='ocrx_word' id='word_1_562' title='bbox 2807 4391 3032 4454; x_wconf 63' lang='lat' dir='ltr'><strong>divitite,</strong></span> <span class='ocrx_word' id='word_1_563' title='bbox 3084 4392 3329 4460; x_wconf 84' lang='lat' dir='ltr'><strong>inquam,</strong></span> <span class='ocrx_word' id='word_1_564' title='bbox 3381 4393 3654 4448; x_wconf 83' lang='lat' dir='ltr'><strong>bonorinn</strong></span> 
     </span>
    </p>
   </div>
   <div class='ocr_carea' id='block_1_88' title="bbox 381 4456 1979 4556">
    <p class='ocr_par' dir='ltr' id='par_1_88' title="bbox 381 4463 1958 4556">
     <span class='ocr_line' id='line_1_88' title="bbox 381 4463 1958 4556; baseline 0.016 -40"><span class='ocrx_word' id='word_1_565' title='bbox 381 4463 480 4528; x_wconf 78' lang='grc' dir='ltr'><strong>τὰς</strong></span> <span class='ocrx_word' id='word_1_566' title='bbox 514 4465 702 4530; x_wconf 87' lang='grc' dir='ltr'>αὐτοῦ,</span> <span class='ocrx_word' id='word_1_567' title='bbox 752 4469 846 4522; x_wconf 85' lang='grc' dir='ltr'>καὶ</span> <span class='ocrx_word' id='word_1_568' title='bbox 873 4470 1104 4536; x_wconf 81' lang='grc' dir='ltr'>πλοῦτος</span> <span class='ocrx_word' id='word_1_569' title='bbox 1139 4475 1216 4544; x_wconf 76' lang='grc' dir='ltr'><strong>τῷ</strong></span> <span class='ocrx_word' id='word_1_570' title='bbox 1253 4476 1506 4550; x_wconf 77' lang='grc' dir='ltr'>εὐπορεῖν</span> <span class='ocrx_word' id='word_1_571' title='bbox 1563 4476 1639 4535; x_wconf 83' lang='grc' dir='ltr'><strong>ὧν</strong></span> <span class='ocrx_word' id='word_1_572' title='bbox 1693 4483 1958 4556; x_wconf 82' lang='grc' dir='ltr'>βούλοιτο,</span> 
     </span>
    </p>
   </div>
   <div class='ocr_carea' id='block_1_89' title="bbox 2082 4456 3656 4556">
    <p class='ocr_par' dir='ltr' id='par_1_89' title="bbox 2082 4456 3656 4555">
     <span class='ocr_line' id='line_1_89' title="bbox 2082 4456 3656 4555; baseline 0.001 -14"><span class='ocrx_word' id='word_1_573' title='bbox 2082 4456 2329 4555; x_wconf 69' lang='grc' dir='ltr'>ορθτιιιιι.</span> <span class='ocrx_word' id='word_1_574' title='bbox 2380 4481 2475 4536; x_wconf 80' lang='lat' dir='ltr'><strong>Vel</strong></span> <span class='ocrx_word' id='word_1_575' title='bbox 2538 4484 2711 4552; x_wconf 84' lang='lat' dir='ltr'><strong>gloria</strong></span> <span class='ocrx_word' id='word_1_576' title='bbox 2767 4486 2815 4537; x_wconf 89' lang='lat' dir='ltr'><strong>ei</strong></span> <span class='ocrx_word' id='word_1_577' title='bbox 2864 4485 2967 4537; x_wconf 67' lang='lat' dir='ltr'><strong>erit</strong></span> <span class='ocrx_word' id='word_1_578' title='bbox 3001 4485 3068 4538; x_wconf 88' lang='lat' dir='ltr'><strong>ab</strong></span> <span class='ocrx_word' id='word_1_579' title='bbox 3126 4486 3462 4552; x_wconf 91' lang='lat' dir='ltr'><strong>hominibus,</strong></span> <span class='ocrx_word' id='word_1_580' title='bbox 3524 4491 3656 4555; x_wconf 78' lang='lat' dir='ltr'><strong>quia</strong></span> 
     </span>
    </p>
   </div>
   <div class='ocr_carea' id='block_1_90' title="bbox 381 4558 1957 4652">
    <p class='ocr_par' dir='ltr' id='par_1_90' title="bbox 381 4558 1957 4652">
     <span class='ocr_line' id='line_1_90' title="bbox 381 4558 1957 4652; baseline 0.014 -42"><span class='ocrx_word' id='word_1_581' title='bbox 381 4558 469 4610; x_wconf 75' lang='grc' dir='ltr'><strong>ὅτε</strong></span> <span class='ocrx_word' id='word_1_582' title='bbox 499 4558 594 4611; x_wconf 76' lang='grc' dir='ltr'>καὶ</span> <span class='ocrx_word' id='word_1_583' title='bbox 625 4558 841 4630; x_wconf 79' lang='grc' dir='ltr'>θελήσει</span> <span class='ocrx_word' id='word_1_584' title='bbox 873 4562 960 4616; x_wconf 83' lang='grc' dir='ltr'><strong>διὰ</strong></span> <span class='ocrx_word' id='word_1_585' title='bbox 986 4566 1085 4637; x_wconf 78' lang='grc' dir='ltr'><strong>τὴν</strong></span> <span class='ocrx_word' id='word_1_586' title='bbox 1107 4569 1190 4628; x_wconf 83' lang='grc' dir='ltr'>είς</span> <span class='ocrx_word' id='word_1_587' title='bbox 1232 4568 1366 4622; x_wconf 84' lang='grc' dir='ltr'>Θεὸν</span> <span class='ocrx_word' id='word_1_588' title='bbox 1414 4572 1623 4640; x_wconf 87' lang='grc' dir='ltr'>πίστιν,</span> <span class='ocrx_word' id='word_1_589' title='bbox 1659 4576 1752 4629; x_wconf 75' lang='grc' dir='ltr'>καὶ</span> <span class='ocrx_word' id='word_1_590' title='bbox 1809 4583 1957 4652; x_wconf 80' lang='grc' dir='ltr'>παῤ-</span> 
     </span>
    </p>
   </div>
   <div class='ocr_carea' id='block_1_91' title="bbox 380 4650 798 4718">
    <p class='ocr_par' dir='ltr' id='par_1_91' title="bbox 380 4650 798 4718">
     <span class='ocr_line' id='line_1_91' title="bbox 380 4650 798 4718; baseline 0.017 -18"><span class='ocrx_word' id='word_1_591' title='bbox 380 4650 580 4718; x_wconf 77' lang='grc' dir='ltr'>ρησίαν</span> <span class='ocrx_word' id='word_1_592' title='bbox 608 4652 798 4707; x_wconf 86' lang='grc' dir='ltr'>αὐτοῦ.</span> 
     </span>
    </p>
   </div>
   <div class='ocr_carea' id='block_1_92' title="bbox 2065 4574 3654 4643">
    <p class='ocr_par' dir='ltr' id='par_1_92' title="bbox 2065 4574 3654 4643">
     <span class='ocr_line' id='line_1_92' title="bbox 2065 4574 3654 4643; baseline 0.002 -11"><span class='ocrx_word' id='word_1_593' title='bbox 2065 4578 2138 4633; x_wconf 91' lang='lat' dir='ltr'><strong>ob</strong></span> <span class='ocrx_word' id='word_1_594' title='bbox 2194 4574 2507 4643; x_wconf 72' lang='lat' dir='ltr'><strong>huiusmodi</strong></span> <span class='ocrx_word' id='word_1_595' title='bbox 2549 4575 2808 4628; x_wconf 80' lang='lat' dir='ltr'><strong>virtutem</strong></span> <span class='ocrx_word' id='word_1_596' title='bbox 2861 4592 2984 4630; x_wconf 90' lang='lat' dir='ltr'><strong>eum</strong></span> <span class='ocrx_word' id='word_1_597' title='bbox 3046 4577 3416 4633; x_wconf 84' lang='lat' dir='ltr'><strong>honorabant.</strong></span> <span class='ocrx_word' id='word_1_598' title='bbox 3479 4581 3654 4635; x_wconf 76' lang='lat' dir='ltr'><strong>Simili</strong></span> 
     </span>
    </p>
   </div>
   <div class='ocr_carea' id='block_1_93' title="bbox 2065 4665 3656 4739">
    <p class='ocr_par' dir='ltr' id='par_1_93' title="bbox 2065 4665 3656 4739">
     <span class='ocr_line' id='line_1_93' title="bbox 2065 4665 3656 4739; baseline -0.001 -15"><span class='ocrx_word' id='word_1_599' title='bbox 2065 4667 2230 4724; x_wconf 88' lang='lat' dir='ltr'><strong>modo</strong></span> <span class='ocrx_word' id='word_1_600' title='bbox 2272 4667 2437 4720; x_wconf 85' lang='lat' dir='ltr'><strong>etiam</strong></span> <span class='ocrx_word' id='word_1_601' title='bbox 2486 4667 2534 4720; x_wconf 89' lang='lat' dir='ltr'><strong>ei</strong></span> <span class='ocrx_word' id='word_1_602' title='bbox 2584 4665 2818 4720; x_wconf 86' lang='lat' dir='ltr'><strong>aderunt</strong></span> <span class='ocrx_word' id='word_1_603' title='bbox 2864 4668 3103 4732; x_wconf 61' lang='lat' dir='ltr'><strong>divitias,</strong></span> <span class='ocrx_word' id='word_1_604' title='bbox 3147 4671 3276 4739; x_wconf 89' lang='lat' dir='ltr'><strong>quia</strong></span> <span class='ocrx_word' id='word_1_605' title='bbox 3325 4672 3490 4726; x_wconf 76' lang='lat' dir='ltr'><strong>rebus</strong></span> <span class='ocrx_word' id='word_1_606' title='bbox 3539 4690 3656 4723; x_wconf 76' lang='lat' dir='ltr'><strong>tim-</strong></span> 
     </span>
    </p>
   </div>
   <div class='ocr_carea' id='block_1_94' title="bbox 380 4743 3654 4829">
    <p class='ocr_par' dir='ltr' id='par_1_94' title="bbox 380 4743 3654 4829">
     <span class='ocr_line' id='line_1_94' title="bbox 380 4743 3654 4829; baseline 0.006 -36"><span class='ocrx_word' id='word_1_607' title='bbox 380 4744 541 4796; x_wconf 83' lang='lat' dir='ltr'><strong>nibus</strong></span> <span class='ocrx_word' id='word_1_608' title='bbox 598 4743 804 4812; x_wconf 80' lang='lat' dir='ltr'><strong>aﬂluet,</strong></span> <span class='ocrx_word' id='word_1_609' title='bbox 847 4763 987 4816; x_wconf 82' lang='lat' dir='ltr'><strong>quas</strong></span> <span class='ocrx_word' id='word_1_610' title='bbox 1041 4751 1295 4817; x_wconf 77' lang='lat' dir='ltr'><strong>Optabit;</strong></span> <span class='ocrx_word' id='word_1_611' title='bbox 1333 4753 1491 4821; x_wconf 71' lang='lat' dir='ltr'><strong>juxta</strong></span> <span class='ocrx_word' id='word_1_612' title='bbox 1544 4773 1706 4828; x_wconf 89' lang='lat' dir='ltr'><strong>quem</strong></span> <span class='ocrx_word' id='word_1_613' title='bbox 1735 4773 1960 4817; x_wconf 85' lang='lat' dir='ltr'><strong>sensum</strong></span> <span class='ocrx_word' id='word_1_614' title='bbox 1989 4760 2258 4829; x_wconf 77' lang='lat' dir='ltr'><strong>intellige,</strong></span> <span class='ocrx_word' id='word_1_615' title='bbox 2300 4755 2444 4826; x_wconf 86' lang='lat' dir='ltr'><strong>quod</strong></span> <span class='ocrx_word' id='word_1_616' title='bbox 2504 4756 2652 4810; x_wconf 76' lang='lat' dir='ltr'><strong>volet</strong></span> <span class='ocrx_word' id='word_1_617' title='bbox 2717 4759 2873 4813; x_wconf 83' lang='lat' dir='ltr'><strong>valde</strong></span> <span class='ocrx_word' id='word_1_618' title='bbox 2921 4759 2975 4811; x_wconf 91' lang='lat' dir='ltr'><strong>in</strong></span> <span class='ocrx_word' id='word_1_619' title='bbox 3045 4759 3324 4816; x_wconf 86' lang='lat' dir='ltr'><strong>mandatis</strong></span> <span class='ocrx_word' id='word_1_620' title='bbox 3393 4762 3523 4826; x_wconf 85' lang='lat' dir='ltr'><strong>Dei,</strong></span> <span class='ocrx_word' id='word_1_621' title='bbox 3585 4765 3654 4816; x_wconf 76' lang='lat' dir='ltr'><strong>ob</strong></span> 
     </span>
    </p>
   </div>
   <div class='ocr_carea' id='block_1_95' title="bbox 378 4837 2176 4919">
    <p class='ocr_par' dir='ltr' id='par_1_95' title="bbox 378 4837 2176 4919">
     <span class='ocr_line' id='line_1_95' title="bbox 378 4837 2176 4919; baseline 0.009 -29"><span class='ocrx_word' id='word_1_622' title='bbox 378 4850 533 4890; x_wconf 89' lang='lat' dir='ltr'><strong>suam</strong></span> <span class='ocrx_word' id='word_1_623' title='bbox 594 4837 845 4896; x_wconf 80' lang='lat' dir='ltr'><strong>videlicet</strong></span> <span class='ocrx_word' id='word_1_624' title='bbox 891 4857 1163 4899; x_wconf 88' lang='lat' dir='ltr'><strong>summam</strong></span> <span class='ocrx_word' id='word_1_625' title='bbox 1218 4846 1273 4901; x_wconf 89' lang='lat' dir='ltr'><strong>iu</strong></span> <span class='ocrx_word' id='word_1_626' title='bbox 1325 4846 1494 4902; x_wconf 90' lang='lat' dir='ltr'><strong>Deum</strong></span> <span class='ocrx_word' id='word_1_627' title='bbox 1556 4851 1834 4919; x_wconf 83' lang='lat' dir='ltr'><strong>ﬁduciam,</strong></span> <span class='ocrx_word' id='word_1_628' title='bbox 1883 4871 1949 4908; x_wconf 88' lang='lat' dir='ltr'><strong>ac</strong></span> <span class='ocrx_word' id='word_1_629' title='bbox 1989 4855 2176 4910; x_wconf 82' lang='lat' dir='ltr'><strong>ﬁdem.</strong></span> 
     </span>
    </p>
   </div>
   <div class='ocr_carea' id='block_1_96' title="bbox 452 4928 1961 5005">
    <p class='ocr_par' dir='ltr' id='par_1_96' title="bbox 452 4928 1961 5005">
     <span class='ocr_line' id='line_1_96' title="bbox 452 4928 1961 5005; baseline 0.012 -25"><span class='ocrx_word' id='word_1_630' title='bbox 452 4928 558 4981; x_wconf 78' lang='grc' dir='ltr'><strong>Καὶ</strong></span> <span class='ocrx_word' id='word_1_631' title='bbox 593 4928 626 4994; x_wconf 77' lang='grc' dir='ltr'><strong><em>ἠ</em></strong></span> <span class='ocrx_word' id='word_1_632' title='bbox 657 4928 1016 5000; x_wconf 75' lang='grc' dir='ltr'><strong>δικαιοσύνη</strong></span> <span class='ocrx_word' id='word_1_633' title='bbox 1041 4934 1252 5000; x_wconf 80' lang='grc' dir='ltr'>αὐτοῦ,</span> <span class='ocrx_word' id='word_1_634' title='bbox 1282 4935 1449 5005; x_wconf 78' lang='grc' dir='ltr'>μένει</span> <span class='ocrx_word' id='word_1_635' title='bbox 1482 4941 1566 5003; x_wconf 81' lang='grc' dir='ltr'>εις</span> <span class='ocrx_word' id='word_1_636' title='bbox 1595 4942 1703 4994; x_wconf 76' lang='grc' dir='ltr'><strong>τὸν</strong></span> <span class='ocrx_word' id='word_1_637' title='bbox 1754 4941 1961 4998; x_wconf 75' lang='grc' dir='ltr'><strong>αἰῶνα.</strong></span> 
     </span>
    </p>
   </div>
   <div class='ocr_carea' id='block_1_97' title="bbox 389 5021 1965 5102">
    <p class='ocr_par' dir='ltr' id='par_1_97' title="bbox 389 5021 1965 5102">
     <span class='ocr_line' id='line_1_97' title="bbox 389 5021 1965 5102; baseline 0.01 -30"><span class='ocrx_word' id='word_1_638' title='bbox 389 5021 455 5073; x_wconf 82' lang='grc' dir='ltr'><strong>Ἦ</strong></span> <span class='ocrx_word' id='word_1_639' title='bbox 480 5021 648 5092; x_wconf 69' lang='grc' dir='ltr'>ἀρετὴ</span> <span class='ocrx_word' id='word_1_640' title='bbox 676 5026 709 5092; x_wconf 74' lang='grc' dir='ltr'><strong>ἠ</strong></span> <span class='ocrx_word' id='word_1_641' title='bbox 748 5022 1036 5078; x_wconf 87' lang='grc' dir='ltr'>δικαιοῦσα</span> <span class='ocrx_word' id='word_1_642' title='bbox 1075 5027 1262 5089; x_wconf 64' lang='grc' dir='ltr'>αὐτον,</span> <span class='ocrx_word' id='word_1_643' title='bbox 1309 5027 1460 5098; x_wconf 71' lang='grc' dir='ltr'>μένει</span> <span class='ocrx_word' id='word_1_644' title='bbox 1517 5030 1828 5102; x_wconf 79' lang='grc' dir='ltr'>ἀνώλεθρος</span> <span class='ocrx_word' id='word_1_645' title='bbox 1885 5037 1965 5096; x_wconf 78' lang='grc' dir='ltr'>είς</span> 
     </span>
    </p>
   </div>
   <div class='ocr_carea' id='block_1_98' title="bbox 381 5112 1838 5194">
    <p class='ocr_par' dir='ltr' id='par_1_98' title="bbox 381 5112 1838 5194">
     <span class='ocr_line' id='line_1_98' title="bbox 381 5112 1838 5194; baseline 0.01 -31"><span class='ocrx_word' id='word_1_646' title='bbox 381 5112 472 5164; x_wconf 76' lang='grc' dir='ltr'>τ’,ν</span> <span class='ocrx_word' id='word_1_647' title='bbox 503 5113 677 5164; x_wconf 78' lang='grc' dir='ltr'>αἰῶνα</span> <span class='ocrx_word' id='word_1_648' title='bbox 712 5115 804 5167; x_wconf 80' lang='grc' dir='ltr'><strong>τὸν</strong></span> <span class='ocrx_word' id='word_1_649' title='bbox 833 5115 1116 5185; x_wconf 74' lang='grc' dir='ltr'>μέλλοντα,</span> <span class='ocrx_word' id='word_1_650' title='bbox 1151 5120 1610 5190; x_wconf 79' lang='grc' dir='ltr'>συναποδημοῦσα</span> <span class='ocrx_word' id='word_1_651' title='bbox 1643 5124 1838 5194; x_wconf 82' lang='grc' dir='ltr'><strong>τούτῳ.</strong></span> 
     </span>
    </p>
   </div>
   <div class='ocr_carea' id='block_1_99' title="bbox 440 5290 1945 5368">
    <p class='ocr_par' dir='ltr' id='par_1_99' title="bbox 440 5290 1945 5368">
     <span class='ocr_line' id='line_1_99' title="bbox 440 5290 1945 5368; baseline 0.013 -26"><span class='ocrx_word' id='word_1_652' title='bbox 440 5290 852 5354; x_wconf 69' lang='grc' dir='ltr'>Ἔξανέτειλεν</span> <span class='ocrx_word' id='word_1_653' title='bbox 922 5296 992 5349; x_wconf 83' lang='grc' dir='ltr'><strong>ἐν</strong></span> <span class='ocrx_word' id='word_1_654' title='bbox 1045 5300 1249 5352; x_wconf 78' lang='grc' dir='ltr'>σκότει</span> <span class='ocrx_word' id='word_1_655' title='bbox 1305 5299 1431 5368; x_wconf 76' lang='grc' dir='ltr'><strong>φῶς</strong></span> <span class='ocrx_word' id='word_1_656' title='bbox 1492 5301 1617 5366; x_wconf 83' lang='grc' dir='ltr'><em>τοῖς</em></span> <span class='ocrx_word' id='word_1_657' title='bbox 1681 5305 1945 5362; x_wconf 74' lang='grc' dir='ltr'>εὐθέσιν.</span> 
     </span>
    </p>
   </div>
   <div class='ocr_carea' id='block_1_100' title="bbox 386 5381 1952 5466">
    <p class='ocr_par' dir='ltr' id='par_1_100' title="bbox 386 5381 1952 5466">
     <span class='ocr_line' id='line_1_100' title="bbox 386 5381 1952 5466; baseline 0.011 -31"><span class='ocrx_word' id='word_1_658' title='bbox 386 5381 757 5445; x_wconf 78' lang='grc' dir='ltr'>Ἐξανέτειλεν</span> <span class='ocrx_word' id='word_1_659' title='bbox 792 5387 820 5437; x_wconf 83' lang='grc' dir='ltr'>ὁ</span> <span class='ocrx_word' id='word_1_660' title='bbox 845 5387 976 5449; x_wconf 79' lang='grc' dir='ltr'>Θεὸς</span> <span class='ocrx_word' id='word_1_661' title='bbox 1007 5392 1119 5451; x_wconf 77' lang='grc' dir='ltr'><strong>τοῖς</strong></span> <span class='ocrx_word' id='word_1_662' title='bbox 1156 5392 1214 5442; x_wconf 72' lang='grc' dir='ltr'><strong>ἐν</strong></span> <span class='ocrx_word' id='word_1_663' title='bbox 1250 5392 1434 5444; x_wconf 83' lang='grc' dir='ltr'>σκότει</span> <span class='ocrx_word' id='word_1_664' title='bbox 1481 5397 1808 5466; x_wconf 76' lang='grc' dir='ltr'>πειρασμῶν</span> <span class='ocrx_word' id='word_1_665' title='bbox 1859 5403 1952 5453; x_wconf 73' lang='grc' dir='ltr'><strong>καὶ</strong></span> 
     </span>
    </p>
   </div>
   <div class='ocr_carea' id='block_1_101' title="bbox 373 5473 1953 5554">
    <p class='ocr_par' dir='ltr' id='par_1_101' title="bbox 373 5473 1953 5554">
     <span class='ocr_line' id='line_1_101' title="bbox 373 5473 1953 5554; baseline 0.011 -30"><span class='ocrx_word' id='word_1_666' title='bbox 373 5473 604 5541; x_wconf 79' lang='grc' dir='ltr'>θλίψεων</span> <span class='ocrx_word' id='word_1_667' title='bbox 633 5473 749 5542; x_wconf 76' lang='grc' dir='ltr'><strong>φῶς</strong></span> <span class='ocrx_word' id='word_1_668' title='bbox 782 5476 1138 5548; x_wconf 81' lang='grc' dir='ltr'>ἀπαλλαγῆς,</span> <span class='ocrx_word' id='word_1_669' title='bbox 1182 5483 1274 5532; x_wconf 70' lang='lat' dir='ltr'><strong>atat</strong></span> <span class='ocrx_word' id='word_1_670' title='bbox 1327 5483 1707 5554; x_wconf 78' lang='grc' dir='ltr'>ψυχαγωγίας.</span> <span class='ocrx_word' id='word_1_671' title='bbox 1781 5489 1847 5541; x_wconf 84' lang='grc' dir='ltr'><em>Ἣ</em></span> <span class='ocrx_word' id='word_1_672' title='bbox 1890 5493 1953 5542; x_wconf 80' lang='grc' dir='ltr'>ὲκ</span> 
     </span>
    </p>
   </div>
   <div class='ocr_carea' id='block_1_102' title="bbox 373 5565 1954 5652">
    <p class='ocr_par' dir='ltr' id='par_1_102' title="bbox 373 5565 1954 5652">
     <span class='ocr_line' id='line_1_102' title="bbox 373 5565 1954 5652; baseline 0.012 -36"><span class='ocrx_word' id='word_1_673' title='bbox 373 5569 477 5634; x_wconf 72' lang='grc' dir='ltr'><strong>γῆς</strong></span> <span class='ocrx_word' id='word_1_674' title='bbox 500 5565 774 5618; x_wconf 68' lang='grc' dir='ltr'>ἀνέτειλεν</span> <span class='ocrx_word' id='word_1_675' title='bbox 805 5568 862 5620; x_wconf 78' lang='grc' dir='ltr'><strong>ὲν</strong></span> <span class='ocrx_word' id='word_1_676' title='bbox 896 5569 1078 5622; x_wconf 82' lang='grc' dir='ltr'>σκότει</span> <span class='ocrx_word' id='word_1_677' title='bbox 1099 5571 1199 5640; x_wconf 80' lang='grc' dir='ltr'><strong>τῆς</strong></span> <span class='ocrx_word' id='word_1_678' title='bbox 1228 5572 1434 5645; x_wconf 80' lang='grc' dir='ltr'><strong>πλάνης</strong></span> <span class='ocrx_word' id='word_1_679' title='bbox 1476 5576 1590 5645; x_wconf 77' lang='grc' dir='ltr'>φῶς</span> <span class='ocrx_word' id='word_1_680' title='bbox 1640 5579 1894 5652; x_wconf 77' lang='grc' dir='ltr'>ἀληθείας</span> <span class='ocrx_word' id='word_1_681' title='bbox 1926 5583 1954 5634; x_wconf 84' lang='grc' dir='ltr'>ὁ</span> 
     </span>
    </p>
   </div>
   <div class='ocr_carea' id='block_1_103' title="bbox 479 5745 970 5811">
    <p class='ocr_par' dir='ltr' id='par_1_103' title="bbox 479 5745 970 5811">
     <span class='ocr_line' id='line_1_103' title="bbox 479 5745 970 5811; baseline 0.008 -10"><span class='ocrx_word' id='word_1_682' title='bbox 479 5747 495 5778; x_wconf 82' lang='grc'><strong>⁸</strong></span> <span class='ocrx_word' id='word_1_683' title='bbox 534 5745 686 5802; x_wconf 85' lang='lat' dir='ltr'><strong>Psal.</strong></span> <span class='ocrx_word' id='word_1_684' title='bbox 715 5763 884 5811; x_wconf 77' lang='lat' dir='ltr'><strong>cxvn,</strong></span> <span class='ocrx_word' id='word_1_685' title='bbox 915 5750 970 5805; x_wconf 77' lang='grc'><strong>5.</strong></span> 
     </span>
    </p>
   </div>
   <div class='ocr_carea' id='block_1_104' title="bbox 624 5847 1408 5916">
    <p class='ocr_par' dir='ltr' id='par_1_104' title="bbox 624 5847 1408 5916">
     <span class='ocr_line' id='line_1_104' title="bbox 624 5847 1408 5916; baseline 0.008 -11"><span class='ocrx_word' id='word_1_686' title='bbox 624 5847 898 5912; x_wconf 71' lang='grc' dir='ltr'>ΡΑτειοι..</span> <span class='ocrx_word' id='word_1_687' title='bbox 929 5856 1052 5916; x_wconf 75' lang='lat' dir='ltr'><strong>Gn.</strong></span> <span class='ocrx_word' id='word_1_688' title='bbox 1080 5849 1408 5916; x_wconf 76' lang='lat' dir='ltr'><strong>CXXVIII.</strong></span> 
     </span>
    </p>
   </div>
   <div class='ocr_carea' id='block_1_105' title="bbox 2149 4939 3656 5010">
    <p class='ocr_par' dir='ltr' id='par_1_105' title="bbox 2149 4939 3656 5010">
     <span class='ocr_line' id='line_1_105' title="bbox 2149 4939 3656 5010; baseline 0.007 -18"><span class='ocrx_word' id='word_1_689' title='bbox 2149 4941 2213 4992; x_wconf 81' lang='lat' dir='ltr'><strong>Et</strong></span> <span class='ocrx_word' id='word_1_690' title='bbox 2242 4939 2462 5007; x_wconf 81' lang='lat' dir='ltr'><strong>justitia</strong></span> <span class='ocrx_word' id='word_1_691' title='bbox 2509 4939 2625 5010; x_wconf 83' lang='lat' dir='ltr'><strong>ejus</strong></span> <span class='ocrx_word' id='word_1_692' title='bbox 2661 4948 2836 4992; x_wconf 85' lang='lat' dir='ltr'><strong>manet</strong></span> <span class='ocrx_word' id='word_1_693' title='bbox 2883 4941 2938 4992; x_wconf 86' lang='lat' dir='ltr'><strong>in</strong></span> <span class='ocrx_word' id='word_1_694' title='bbox 3003 4941 3255 4998; x_wconf 66' lang='lat' dir='ltr'><strong>saxulum</strong></span> <span class='ocrx_word' id='word_1_695' title='bbox 3298 4946 3500 4999; x_wconf 73' lang='lat' dir='ltr'><strong>sa’culi.</strong></span> <span class='ocrx_word' id='word_1_696' title='bbox 3536 4947 3656 5002; x_wconf 72' lang='lat' dir='ltr'><strong>Vir—</strong></span> 
     </span>
    </p>
   </div>
   <div class='ocr_carea' id='block_1_106' title="bbox 2071 5030 3653 5107">
    <p class='ocr_par' dir='ltr' id='par_1_106' title="bbox 2071 5030 3653 5107">
     <span class='ocr_line' id='line_1_106' title="bbox 2071 5030 3653 5107; baseline 0.007 -22"><span class='ocrx_word' id='word_1_697' title='bbox 2071 5041 2181 5094; x_wconf 88' lang='lat' dir='ltr'><strong>tus,</strong></span> <span class='ocrx_word' id='word_1_698' title='bbox 2230 5044 2352 5099; x_wconf 74' lang='lat' dir='ltr'><strong>qua:</strong></span> <span class='ocrx_word' id='word_1_699' title='bbox 2396 5047 2522 5085; x_wconf 86' lang='lat' dir='ltr'><strong>eum</strong></span> <span class='ocrx_word' id='word_1_700' title='bbox 2582 5030 2910 5100; x_wconf 81' lang='lat' dir='ltr'><strong>justiﬁeavit</strong></span> <span class='ocrx_word' id='word_1_701' title='bbox 2947 5035 3262 5105; x_wconf 90' lang='lat' dir='ltr'><strong>incorrupta</strong></span> <span class='ocrx_word' id='word_1_702' title='bbox 3307 5044 3653 5107; x_wconf 84' lang='lat' dir='ltr'><strong>permanebit</strong></span> 
     </span>
    </p>
   </div>
   <div class='ocr_carea' id='block_1_107' title="bbox 2067 5123 3643 5199">
    <p class='ocr_par' dir='ltr' id='par_1_107' title="bbox 2067 5123 3643 5199">
     <span class='ocr_line' id='line_1_107' title="bbox 2067 5123 3643 5199; baseline 0.008 -23"><span class='ocrx_word' id='word_1_703' title='bbox 2067 5125 2122 5178; x_wconf 92' lang='lat' dir='ltr'><strong>in</strong></span> <span class='ocrx_word' id='word_1_704' title='bbox 2176 5123 2421 5177; x_wconf 78' lang='lat' dir='ltr'><strong>futurum</strong></span> <span class='ocrx_word' id='word_1_705' title='bbox 2457 5125 2739 5178; x_wconf 63' lang='lat' dir='ltr'><strong>saeculum.</strong></span> <span class='ocrx_word' id='word_1_706' title='bbox 2797 5124 3010 5196; x_wconf 86' lang='lat' dir='ltr'><strong>Quippe</strong></span> <span class='ocrx_word' id='word_1_707' title='bbox 3054 5145 3173 5198; x_wconf 77' lang='lat' dir='ltr'><strong>qnte</strong></span> <span class='ocrx_word' id='word_1_708' title='bbox 3213 5142 3336 5199; x_wconf 88' lang='lat' dir='ltr'><strong>post</strong></span> <span class='ocrx_word' id='word_1_709' title='bbox 3387 5133 3527 5188; x_wconf 90' lang='lat' dir='ltr'><strong>hanc</strong></span> <span class='ocrx_word' id='word_1_710' title='bbox 3574 5138 3643 5188; x_wconf 81' lang='lat' dir='ltr'><strong>vi-</strong></span> 
     </span>
    </p>
   </div>
   <div class='ocr_carea' id='block_1_108' title="bbox 2064 5218 3076 5288">
    <p class='ocr_par' dir='ltr' id='par_1_108' title="bbox 2064 5218 3076 5288">
     <span class='ocr_line' id='line_1_108' title="bbox 2064 5218 3076 5288; baseline 0.004 -16"><span class='ocrx_word' id='word_1_711' title='bbox 2064 5229 2200 5284; x_wconf 82' lang='lat' dir='ltr'><strong>tam,</strong></span> <span class='ocrx_word' id='word_1_712' title='bbox 2237 5218 2392 5272; x_wconf 91' lang='lat' dir='ltr'><strong>illum</strong></span> <span class='ocrx_word' id='word_1_713' title='bbox 2451 5233 2670 5288; x_wconf 89' lang='lat' dir='ltr'><strong>semper</strong></span> <span class='ocrx_word' id='word_1_714' title='bbox 2701 5221 3076 5276; x_wconf 85' lang='lat' dir='ltr'><strong>comitabitur.</strong></span> 
     </span>
    </p>
   </div>
   <div class='ocr_carea' id='block_1_109' title="bbox 2129 5308 3647 5389">
    <p class='ocr_par' dir='ltr' id='par_1_109' title="bbox 2129 5308 3647 5389">
     <span class='ocr_line' id='line_1_109' title="bbox 2129 5308 3647 5389; baseline 0.01 -30"><span class='ocrx_word' id='word_1_715' title='bbox 2129 5308 2289 5364; x_wconf 73' lang='lat' dir='ltr'><strong>Vens.</strong></span> <span class='ocrx_word' id='word_1_716' title='bbox 2338 5311 2390 5362; x_wconf 77' lang='grc'><strong>4.</strong></span> <span class='ocrx_word' id='word_1_717' title='bbox 2430 5309 2687 5363; x_wconf 74' lang='lat' dir='ltr'><strong>Exortum</strong></span> <span class='ocrx_word' id='word_1_718' title='bbox 2733 5322 2808 5362; x_wconf 78' lang='lat' dir='ltr'><strong>est</strong></span> <span class='ocrx_word' id='word_1_719' title='bbox 2867 5315 2920 5364; x_wconf 85' lang='lat' dir='ltr'><strong>in</strong></span> <span class='ocrx_word' id='word_1_720' title='bbox 2962 5316 3186 5368; x_wconf 74' lang='lat' dir='ltr'><strong>tenebris</strong></span> <span class='ocrx_word' id='word_1_721' title='bbox 3230 5317 3402 5370; x_wconf 82' lang='lat' dir='ltr'><strong>lutncu</strong></span> <span class='ocrx_word' id='word_1_722' title='bbox 3465 5324 3647 5389; x_wconf 50' lang='lat' dir='ltr'><strong>rectis.</strong></span> 
     </span>
    </p>
   </div>
   <div class='ocr_carea' id='block_1_110' title="bbox 2070 5399 3645 5476">
    <p class='ocr_par' dir='ltr' id='par_1_110' title="bbox 2070 5399 3645 5476">
     <span class='ocr_line' id='line_1_110' title="bbox 2070 5399 3645 5476; baseline 0.007 -24"><span class='ocrx_word' id='word_1_723' title='bbox 2070 5399 2307 5455; x_wconf 83' lang='lat' dir='ltr'><strong>Exortus</strong></span> <span class='ocrx_word' id='word_1_724' title='bbox 2339 5411 2444 5464; x_wconf 84' lang='lat' dir='ltr'><strong>est,</strong></span> <span class='ocrx_word' id='word_1_725' title='bbox 2490 5403 2687 5471; x_wconf 89' lang='lat' dir='ltr'><strong>inquit,</strong></span> <span class='ocrx_word' id='word_1_726' title='bbox 2738 5402 2882 5459; x_wconf 89' lang='lat' dir='ltr'><strong>Deus</strong></span> <span class='ocrx_word' id='word_1_727' title='bbox 2927 5406 3260 5472; x_wconf 84' lang='lat' dir='ltr'><strong>hominibus,</strong></span> <span class='ocrx_word' id='word_1_728' title='bbox 3311 5411 3403 5476; x_wconf 87' lang='lat' dir='ltr'><strong>qui</strong></span> <span class='ocrx_word' id='word_1_729' title='bbox 3444 5411 3496 5463; x_wconf 93' lang='lat' dir='ltr'><strong>in</strong></span> <span class='ocrx_word' id='word_1_730' title='bbox 3525 5421 3645 5464; x_wconf 86' lang='lat' dir='ltr'><strong>len-</strong></span> 
     </span>
    </p>
   </div>
   <div class='ocr_carea' id='block_1_111' title="bbox 2066 5494 3642 5572">
    <p class='ocr_par' dir='ltr' id='par_1_111' title="bbox 2066 5494 3642 5572">
     <span class='ocr_line' id='line_1_111' title="bbox 2066 5494 3642 5572; baseline 0.01 -28"><span class='ocrx_word' id='word_1_731' title='bbox 2066 5494 2364 5560; x_wconf 89' lang='lat' dir='ltr'><strong>tationum,</strong></span> <span class='ocrx_word' id='word_1_732' title='bbox 2415 5505 2580 5564; x_wconf 84' lang='lat' dir='ltr'><strong>atque</strong></span> <span class='ocrx_word' id='word_1_733' title='bbox 2649 5495 3006 5551; x_wconf 79' lang='lat' dir='ltr'><strong>aﬂiietionnm</strong></span> <span class='ocrx_word' id='word_1_734' title='bbox 3073 5502 3314 5555; x_wconf 89' lang='lat' dir='ltr'><strong>tenebris</strong></span> <span class='ocrx_word' id='word_1_735' title='bbox 3363 5504 3642 5572; x_wconf 72' lang='lat' dir='ltr'><strong>iacebant.</strong></span> 
     </span>
    </p>
   </div>
   <div class='ocr_carea' id='block_1_112' title="bbox 2069 5587 3647 5662">
    <p class='ocr_par' dir='ltr' id='par_1_112' title="bbox 2069 5587 3647 5662">
     <span class='ocr_line' id='line_1_112' title="bbox 2069 5587 3647 5662; baseline 0.01 -24"><span class='ocrx_word' id='word_1_736' title='bbox 2069 5587 2183 5651; x_wconf 83' lang='lat' dir='ltr'><strong>ille,</strong></span> <span class='ocrx_word' id='word_1_737' title='bbox 2237 5589 2486 5657; x_wconf 87' lang='lat' dir='ltr'><strong>inquam,</strong></span> <span class='ocrx_word' id='word_1_738' title='bbox 2546 5590 2711 5656; x_wconf 84' lang='lat' dir='ltr'><strong>Deus,</strong></span> <span class='ocrx_word' id='word_1_739' title='bbox 2748 5592 2840 5662; x_wconf 86' lang='lat' dir='ltr'><strong>qui</strong></span> <span class='ocrx_word' id='word_1_740' title='bbox 2897 5593 3101 5660; x_wconf 83' lang='lat' dir='ltr'><strong>lumen,</strong></span> <span class='ocrx_word' id='word_1_741' title='bbox 3143 5612 3237 5650; x_wconf 87' lang='lat' dir='ltr'><strong>seu</strong></span> <span class='ocrx_word' id='word_1_742' title='bbox 3277 5598 3367 5652; x_wconf 81' lang='lat' dir='ltr'><strong>lux</strong></span> <span class='ocrx_word' id='word_1_743' title='bbox 3397 5607 3478 5654; x_wconf 87' lang='lat' dir='ltr'><strong>est</strong></span> <span class='ocrx_word' id='word_1_744' title='bbox 3505 5614 3647 5654; x_wconf 65' lang='lat' dir='ltr'><strong>veno</strong></span> 
     </span>
    </p>
   </div>
   <div class='ocr_carea' id='block_1_113' title="bbox 3126 5871 3202 5932">
    <p class='ocr_par' dir='ltr' id='par_1_113' title="bbox 3126 5871 3202 5932">
     <span class='ocr_line' id='line_1_113' title="bbox 3126 5871 3202 5932; baseline 0.039 -3"><span class='ocrx_word' id='word_1_745' title='bbox 3126 5871 3202 5932; x_wconf 76' lang='grc'><strong>35</strong></span> 
     </span>
    </p>
   </div>
  </div>
