4120 6296
484 345 620 407 1119

1621 333 2000 398 EUTHYMII
2039 324 2398 390 ZIGABENI

3613 312 3753 372 1120

483 458 717 513 i’roinde
771 458 816 512 si
863 456 1204 527 propositum
1250 465 1302 509 ct
1359 461 1597 508 mentem
1649 451 2102 506 animadvertasi

2210 446 2280 512 iv,
2313 442 2438 511 τόγε
2477 442 2556 505 cl,-
2586 439 2748 494 αὐτὸν
2777 433 2915 510 ἧκον
2942 477 2957 502 ,
3013 436 3155 509 ὑπὲρ
3190 431 3435 507 Χριστοῦ
3463 429 3752 502 τέθνηκεν,

485 553 627 608 beati
671 551 861 615 David,
903 548 1197 604 manifeste
1234 549 1540 618 perspicies
1587 546 1777 607 illum,
1812 542 1958 612 quod
2007 539 2063 592 in

2210 554 2294 590 σον
2324 536 2420 589 ἐπὶ
2445 536 2512 605 τῇ
2547 532 2895 605 προαιρέσει.

483 663 545 703 se
587 646 710 708 fuit,
743 658 1125 715 saepenumero
1155 657 1253 710 pro
1283 641 1504 696 Cbristo
1541 648 1816 693 mortuum
1849 650 1993 690 esse.

555 740 717 794 Vens.
744 739 834 792 Η.
879 737 1016 792 Vota
1054 753 1166 790 mea
1201 735 1427 789 Domino
1457 733 1674 786 reddam
1703 745 1883 783 coram
1921 726 2067 781 omni

485 834 682 904 populo
715 834 852 904 ejus.
901 831 1169 891 Reddam,
1205 829 1401 897 inquit,
1451 825 1717 894 quidquid
1767 822 1876 876 Deo
1913 821 2066 890 polli-

485 927 628 982 citus
661 942 805 991 sum,
845 934 1137 990 antequam
1174 938 1204 974 e
1239 920 1496 990 praesenti
1533 919 1640 970 vita
1671 915 1957 971 excedam.

554 1107 722 1163 Vens.
751 1106 837 1160 15.
866 1104 1110 1159 Pretiosa
1139 1109 1194 1157 lu
1229 1111 1509 1168 cottspectn
1543 1097 1753 1152 Domini
1784 1113 1922 1149 mors
1946 1113 2072 1149 san-

2247 721 2360 788 Τὰς
2387 719 2575 788 εὐχάς
2604 736 2725 787 μου
2755 714 2837 782 τῷ
2871 715 3070 786 Kt'tpltp
3091 712 3411 775 ἀποδώσω,
3466 710 3754 765 ἐναντίον

2170 814 2398 879 παντὸς
2435 813 2542 867 τοῦ
2575 810 2752 866 λαοῦ.
2792 810 2904 873 Τὰς
2935 808 3280 878 ὑποσχέσεις,
3309 804 3378 867 ἃς
3406 802 3753 872 ὑπεσχόμην,

2175 908 2376 977 μᾶλλον
2399 906 2476 969 δὲ,
2495 907 2623 968 ὅσας
2642 902 2982 973 ὑπεσχόμην·
3010 901 3134 954 ὅσον
3151 896 3308 952 οὔπω
3327 897 3398 964 γά
3407 913 3437 967 ρ
3455 895 3758 965 ἐπιδημήσω

2171 1003 2264 1055 τοῦ
2296 1000 2565 1071 παρόντος
2592 997 2730 1068 βίου.

2249 1093 2445 1161 Τίμιος
2471 1090 2753 1145 ἐναντίον
2780 1087 3008 1157 Κυρίου
3040 1087 3074 1140 ό
3112 1082 3374 1148 θάνατος
3409 1079 3529 1133 τῶν
3569 1076 3762 1131 ὁσίων

484 1213 688 1256 clarum
751 1203 887 1268 ejus.
949 1198 1149 1259 Laetor.
1201 1197 1400 1265 inquit,
1473 1192 1733 1246 moriens.
1790 1193 2069 1244 ilonorata

2221 1183 2383 1238 ὺτοῦ.
2428 1185 2646 1254 Χαίρω,
2695 1182 2882 1252 φησὶν,
2943 1178 3346 1248 ἀποθνήσκων·
3409 1173 3590 1242 τίμιος
3648 1168 3762 1268 γαρ

485 1295 634 1346 enim
691 1303 775 1347 est
825 1291 966 1360 apud
1013 1289 1182 1342 Deum
1220 1289 1438 1342 illorum
1478 1300 1661 1348 mors,
1691 1285 1784 1353 qui
1821 1285 1869 1337 ei
1909 1281 2070 1335 dicati

2210 1277 2327 1344 παρὰ
2359 1276 2480 1346 Θεῷ
2506 1277 2534 1328 ό
2570 1276 2798 1338 θάνατος
2829 1273 2941 1326 τῶν
2977 1272 3314 1338 ὼσιωμένων
3346 1262 3532 1334 αὐτῷ’
3565 1262 3615 1314 ιι
3652 1259 3764 1328 γὰρ

491 1400 556 1438 ac
589 1383 919 1438 sanctiﬁcati
955 1381 1178 1436 fuerint.
1212 1379 1346 1433 Nam
1389 1378 1433 1430 si
1473 1378 1689 1430 illorum
1742 1375 1849 1429 vita
1897 1373 2075 1427 bono-

2176 1374 2209 1442 ἡ
2238 1371 2351 1442 ζωὴ
2379 1372 2588 1426 τούτων
2619 1371 2802 1440 τιμία,
2848 1366 3032 1437 πολλῷ
3089 1365 3297 1435 μᾶλλον
3330 1364 3358 1417 ό
3390 1361 3644 1420 Θάνατος,
3689 1354 3766 1416 ὡς

488 1484 608 1530 rata
637 1484 741 1539 est,
778 1474 948 1529 multo
983 1475 1146 1526 etiam
1183 1471 1357 1538 magis
1391 1486 1557 1532 mors,
1607 1483 1726 1536 qua!
1778 1467 1842 1520 ad
1895 1466 2072 1532 ipsum

2211 1469 2258 1527 ἰς
2289 1468 2380 1520 τὸν
2406 1466 2690 1532 Δεσπότην
2713 1462 2880 1518 αὐτὸν
2906 1457 3246 1521 διαδιδάζων
3275 1453 3480 1516 αὐτοὺς
3508 1449 3764 1521 τιμωμέ-

490 1564 784 1617 Dominum
816 1576 909 1616 eos
940 1561 1222 1630 provehit,
1256 1569 1573 1613 sanctorum
1621 1557 1937 1626 angelorum
1985 1570 2076 1608 co-

492 1655 688 1707 mitatu
735 1669 798 1708 ac
837 1653 1102 1706 societate
1135 1652 1456 1705 honoratos.

2179 1573 2304 1618 νους
2353 1555 2441 1606 διὰ
2475 1551 2819 1624 προπομπῆς
2874 1549 3050 1618 ἁγίων
3080 1547 3355 1615 ἀγγέλων.

559 1745 724 1801 Vens.
760 1747 842 1802 16.
878 1744 921 1800 0
963 1727 1204 1807 Domine,
1233 1762 1325 1814 ego
1358 1761 1535 1798 servus
1572 1741 1714 1795 titus.
1781 1739 2076 1796 Dedicatus

2249 1740 2326 1799 Ὦ
2347 1743 2546 1810 Κύριε,
2579 1738 2695 1810 ἐγὼ
2722 1737 2949 1804 δοῦλος
2986 1736 3121 1802 σός.
3141 1730 3475 1803 Ὥσιωμένος
3506 1727 3618 1794 σοὶ,
3637 1728 3773 1782 ἀνα-

489 1855 530 1892 s-
553 1839 698 1893 ilicet
741 1852 902 1906 atque
937 1839 1156 1892 oblatus
1194 1847 1286 1891 tuo
1317 1837 1567 1904 imperio,

564 1931 675 2002 Ego
704 1948 880 1986 servus
929 1941 1074 1995 tuus,
1134 1940 1185 1984 et
1243 1929 1389 1999 [ilius
1429 1929 1639 1984 ancillae
1696 1939 1822 1983 tum.
1859 1928 2081 1995 Repetit

490 2041 689 2078 nomen
725 2025 890 2088 servi,
923 2024 1173 2094 gaudens
1209 2022 1282 2077 ita
1338 2023 1622 2091 appellari.
1663 2021 1890 2090 Rejeeto
1931 2023 2079 2076 enim

497 2116 650 2170 omni
711 2115 945 2186 pudore,
1007 2115 1337 2170 servitutem
1394 2114 1536 2167 banc
1576 2114 1747 2167 libere
1784 2114 1984 2167 fatetur
2030 2121 2082 2166 et

494 2209 778 2279 praedicat.
815 2207 1011 2261 Filium
1069 2216 1247 2262 autem
1288 2205 1501 2260 ancilla:
1530 2215 1654 2268 ture,
1697 2205 1857 2270 dixit,
1896 2215 2080 2258 osten-

495 2302 636 2356 dens
661 2319 717 2354 se
750 2318 970 2355 servum
1006 2300 1123 2365 Dei,
1153 2300 1317 2354 etiam
1351 2300 1419 2352 ab
1454 2299 1586 2368 ipsis
1617 2297 2082 2368 progenitoribus.

495 2393 872 2450 lndiﬂ‘erentcr
930 2401 1112 2447 autem
1169 2390 1362 2446 matris
1416 2399 1631 2444 tantum
1664 2391 1943 2455 meminit;
2001 2390 2085 2444 vel

495 2488 639 2552 quod
678 2486 822 2540 servi
865 2486 957 2555 qui
991 2501 1055 2539 ex
1115 2484 1328 2539 ancillis
1372 2484 1483 2536 nati
1547 2492 1700 2537 erant
1728 2525 1740 2545 ,
1778 2483 1987 2548 majore
2030 2484 2084 2538 in

498 2579 673 2648 pretio
705 2593 734 2629 a
766 2577 1007 2632 dominis
1046 2577 1417 2631 habebantur.

572 2669 733 2723 Vens.
774 2670 858 2724 Π.
896 2668 1158 2738 Dirupisti
1191 2669 1401 2724 vincula
1438 2686 1578 2724 mea.
1615 2669 1696 2723 Tu
1725 2669 1967 2733 vincula,
1999 2669 2083 2722 in-

506 2762 650 2828 quit,
685 2769 1038 2830 peccatorum
1081 2761 1364 2832 dirupisti,
1400 2760 1581 2832 gladio
1613 2761 1877 2815 nimirum
1920 2763 2090 2832 pomi-

513 2852 717 2905 tentia.

575 2942 692 2997 Tibi
734 2943 1048 3012 sacriﬁcabo
1095 2943 1327 2997 hostiam
1367 2944 1567 2998 laudis.
1611 2942 1860 2998 Hostiam
1907 2952 1963 2999 et
1997 2959 2092 3008 ,sa-

502 3029 772 3084 erilicium
803 3031 1095 3096 rationale,
1126 3032 1274 3102 quod
1315 3048 1506 3086 verum
1571 3049 1634 3087 ac
1686 3035 1970 3104 proprium
2007 3045 2091 3091 est

2183 1838 2439 1906 κείμενος
2463 1837 2533 1905 τῇ
2563 1836 2629 1904 σῇ
2660 1830 2978 1901 δεσποτεία.

2266 1930 2416 1999 Ἐγὼ
2452 1929 2676 1993 δοῦλος
2714 1927 2853 1992 σὸς,
2883 1922 2984 1979 καὶ
3044 1920 3178 1986 υίὸς
3263 1917 3376 1986 τῆς
3443 1913 3775 1978 παιδίσκης

2184 2043 2324 2080 σου.
2362 2022 2776 2090 Ἐδιττολόγησε
2813 2016 2913 2089 μὲν
2940 2014 3249 2085 ἐμφαίνων,
3273 2012 3357 2065 ὅτι
3381 2010 3569 2080 χαίρει
3609 2005 3776 2060 τοῦτο

2187 2117 2546 2186 καλούμενος,
2582 2114 2676 2168 καὶ
2708 2107 3161 2179 ἀνεπαισχύντως
3181 2102 3438 2172 ὁμολογεῖ
3465 2099 3650 2162 τοῦτο,
3679 2095 3776 2148 καὶ

2187 2212 2482 2280 κηρύσσειο
2517 2207 2648 2273 Υίὸς
2663 2205 2743 2268 δὲ,
2762 2203 2920 2274 φησὶ,
2945 2198 3056 2268 τῆς
3083 2196 3414 2261 παιδίσκης
3429 2209 3568 2252 σου,
3599 2188 3776 2258 δηλῶν

2185 2305 2268 2358 ὅτι
2303 2305 2368 2355 ὲκ
2421 2299 2704 2371 προγόνων
2750 2294 2938 2359 δοῦλός
2963 2293 3082 2346 εστι
3112 2289 3208 2344 τοῦ
3240 2287 3398 2350 Θεοῦ,
3431 2283 3778 2352 Ἀδιαφόρως

2185 2397 2244 2450 δὲ
2270 2396 2369 2463 τῆς
2400 2391 2604 2462 μητρδς
2632 2388 2794 2460 μόνον
2821 2386 3256 2457 ἐμνημόνευσεν·
3292 2381 3325 2447 ἢ
3357 2377 3452 2432 καλ⁸
3478 2378 3638 2440 διότι,
3656 2377 3783 2428 τότε

2188 2489 2257 2542 τὰ
2298 2489 2362 2540 ἐκ
2405 2485 2514 2538 τῶν
2539 2480 2942 2553 θεραπαινίδων
2971 2476 3248 2545 οίκογενῆ,
3306 2471 3612 2545 τιμιώτερα
3665 2469 3780 2528 τοῖς

2189 2580 2484 2639 δεσπόταις
2509 2571 2675 2646 ἦσαν.

2262 2668 2587 2740 Διέῤῥηξας
2636 2665 2780 2731 τοὺς
2829 2661 3096 2733 δεσμούς
3128 2674 3273 2729 μου.
3334 2653 3474 2716 Τοὺς
3527 2650 3638 2706 ἀπὸ
3680 2650 3782 2719 τῆς

2194 2764 2496 2838 ἁμαρτίας,
2537 2759 2616 2833 τῷ
2651 2759 2800 2827 ξίφει
2822 2759 2923 2826 τῆς
2958 2751 3275 2824 μετανοίας.

2271 2945 2373 3000 Σοὶ
2407 2943 2575 2998 θύσω
2619 2937 2846 2994 θυσίαν
2909 2931 3226 2996 αίνὲσεως.
3281 2925 3484 2981 Θυσίαν
3530 2920 3781 2991 λογικὴν,

2197 3040 2392 3095 θυσίαν
2438 3023 2722 3097 αίνέσείος,
2770 3027 3094 3099 γεννήματα
3137 3021 3240 3091 τῆς
3270 3021 3412 3091 ἐμῇς
3435 3016 3668 3080 κοιλίας,
3697 3013 3787 3067 σοι

503 3123 862 3188 sacriﬁcium,
899 3126 1155 3195 fetusque
1188 3140 1250 3179 ae
1279 3141 1504 3196 germen
1538 3128 1846 3195 spiritualis
1878 3130 2090 3184 ventris

2210 3126 2372 3191 bitrio,
2400 3124 2495 3181 ἐπὶ
2514 3122 2607 3176 τοῦ
2649 3115 3042 3190 θυσιαστηρίου
3075 3113 3176 3184 τῆς
3200 3107 3443 3184 ἐμαυτοῦ
3475 3106 3677 3179 ψυχῆς.

505 3215 631 3269 tnei.
670 3215 840 3277 llane,
874 3218 1121 3286 inquam,
1152 3217 1387 3272 hostiam
1417 3218 1595 3274 laudis
1631 3220 1725 3274 tibi
1757 3221 2087 3277 sacriﬁcabo

506 3307 561 3362 in
593 3308 744 3362 altari
781 3308 984 3362 animae
1029 3324 1184 3364 mere.

588 3398 656 3453 Et
686 3402 741 3453 in
771 3402 984 3454 nomine
1023 3400 1238 3455 Domini
1272 3403 1544 3459 invocabo.
1583 3403 1650 3458 Et
1684 3405 1955 3460 invocabo
1993 3420 2100 3461 noo

509 3507 635 3544 mea
666 3491 884 3546 Domini
923 3493 975 3545 in
1010 3493 1583 3550 subministrationem
1608 3536 1622 3559 ,
1663 3504 1825 3565 atque
1854 3496 1908 3550 in
1937 3496 2101 3550 auxi-

509 3586 643 3636 lium
686 3585 851 3653 bujns
888 3587 1170 3640 sacriﬁcii.

578 3677 740 3734 Vens.
779 3679 866 3734 18.
910 3679 1044 3733 Vota
1073 3697 1185 3734 mea
1223 3679 1447 3735 Domino
1481 3679 1719 3741 reddam.
1749 3697 1926 3734 coram
1960 3681 2106 3735 omni

513 3771 710 3839 populo
754 3772 896 3840 ejus.
951 3774 1169 3842 Repetit
1207 3775 1371 3828 verba
1420 3776 1585 3844 paulo
1634 3781 1760 3828 ante
1807 3775 1978 3838 dicta,
2035 3773 2106 3828 ad

513 3862 776 3931 majorem
814 3863 1089 3917 sermonis
1121 3864 1207 3924 sui
1243 3864 1746 3919 conﬁrmationem.

590 3951 656 4008 In
688 3956 829 4010 aulis
861 3956 1052 4010 domus
1093 3956 1327 4019 Domini,
1360 3959 1411 4010 in
1447 3957 1617 4011 medio
1649 3958 1748 4022 lui,
1777 3958 2103 4014 Jerusalem.

518 4047 758 4115 Apponit
787 4057 838 4102 et
873 4048 1073 4112 locum,
1108 4048 1198 4103 ubi
1237 4051 1553 4104 redditurus
1597 4060 1682 4104 est
1721 4058 1864 4104 vota.
1906 4049 1971 4103 In
2009 4067 2107 4102 au-

517 4143 607 4201 lis,
642 4140 840 4210 inquit.
871 4142 1059 4195 domus
1086 4142 1323 4207 Domini;
1353 4143 1533 4198 varias
1565 4145 1708 4198 enim
1734 4145 1888 4199 aulas
1917 4144 2107 4198 habuit

517 4235 937 4288 tabernaculum
977 4235 1151 4300 illud,
1191 4236 1335 4304 quod
1386 4237 1581 4289 beatus
1628 4235 1793 4290 David
1845 4235 2106 4290 fabricari

518 4328 766 4396 jusscrat
802 4326 856 4380 in
894 4325 1076 4382 medio
1104 4324 1432 4380 Jerusalem.
1465 4327 1531 4380 Et
1565 4327 1676 4381 ba:c
1700 4329 1920 4396 quidem
1954 4327 2110 4394 juxta

523 4418 881 4493 prtecedentis
929 4419 1127 4490 psalmi
1177 4420 1634 4488 oonscqttcntiam
1694 4419 2104 4488 exposuimus:

2276 3393 2384 3449 Kal
2408 3392 2478 3444 ἐν
2514 3389 2763 3458 ὀνόματι
2786 3383 3010 3452 Κυρίου
3038 3378 3504 3448 ἐπικαλέσωμαι.
3563 3377 3679 3431 Καὶ
3721 3377 3783 3431 τὺ

2206 3488 2386 3556 ὄνομα
2428 3483 2637 3553 Κυρίου
2676 3477 3101 3543 ἐπικαλέσομαι,
3131 3474 3212 3536 είς
3239 3470 3512 3543 χορηγίαν
3543 3470 3641 3539 τῆς
3684 3485 3792 3524 τοι-

2206 3578 2382 3645 αύτης
2402 3574 2618 3638 Θυσίας,
2653 3571 2750 3624 καὶ
2781 3566 3105 3635 συνεργίαν.

2280 3667 2397 3735 Τὰς
2419 3665 2608 3734 εὐχάς
2637 3681 2757 3732 μου
2779 3659 2860 3727 τῷ
2892 3658 3096 3727 Κυρίῳ
3155 3651 3456 3710 ἀποδώσω
3511 3650 3798 3706 ἐναντίον

2207 3759 2437 3824 παντὸς
2463 3756 2570 3810 τοῦ
2602 3753 2758 3809 ,λαοῦ
2781 3750 2992 3807 αὑτοῦ.
3015 3743 3150 3803 Eine
3171 3742 3334 3796 τοῦτο
3369 3742 3466 3795 καὶ
3509 3743 3794 3803 ἀνωτέρω,

2207 3855 2302 3909 καὶ
2327 3850 2665 3916 παλιλλογεῖ,
2697 3845 2935 3917 βεϐαιῶν
2968 3844 3061 3896 τὸν
3093 3840 3258 3910 λόγον
3281 3839 3474 3894 αὐτοῦ.
3543 3891 3546 3895 .

2291 3947 2386 3998 Ἐν
2403 3941 2621 4007 αὐλαῖς
2648 3940 2821 3993 οἴκου
2849 3937 3095 4007 Κυρίου,
3123 3935 3194 3990 ἐν
3221 3933 3394 4004 μέσῳ
3415 3946 3560 3995 σου,
3577 3927 3802 3996 Ἱερομ-

2210 4036 2439 4106 σαλήμ.
2474 4035 2643 4100 Λέγει
2683 4031 2895 4086 καὶτὸν
2920 4031 3084 4083 τόπον
3129 4027 3260 4082 ἔνθα
3300 4025 3401 4088 τὰς
3455 4019 3618 4091 εὐχὰς
3667 4021 3798 4072 ἀπο-

2211 4129 2395 4193 δώσει,
2429 4129 2512 4181 ὅτι
2557 4128 2662 4178 Ἐν
2693 4122 2914 4186 αὐλαῖς
2976 4118 3148 4173 οἴκου
3195 4117 3455 4183 Κυρίου·
3511 4109 3804 4178 διαφόρους

2212 4222 2320 4290 γὰρ
2348 4218 2491 4289 εἶχεν
2519 4216 2690 4278 αὐλὰς
2725 4216 2758 4285 ἠ
2787 4211 2986 4279 σκηνὴ,
3023 4208 3148 4278 ἥτις
3186 4206 3309 4259 τότε
3335 4199 3405 4272 ἦν
3441 4205 3499 4254 ὲν
3525 4201 3678 4270 μέσῳ
3704 4202 3806 4267 τῆς

2224 4312 2603 4385 Ἰερουσαλὴμ.
2666 4305 2855 4362 Ταῦτα
2927 4303 3028 4373 μὲν
3108 4298 3254 4354 κατά
3313 4296 3412 4368 τὴν
3477 4291 3807 4385 ἀκολουθίαν

2215 4407 2284 4476 ἡρ
2292 4382 2536 4474 μηυεύσα
2546 4419 2645 4472 μεν
2689 4397 2785 4453 τοῦ
2820 4393 3193 4468 προλαόόντος
3217 4387 3439 4462 ψαλμοῦ
3460 4403 3474 4418 ⁸
3494 4385 3683 4440 λοιπὸν
3711 4382 3807 4438 οὖν

521 4529 709 4566 verum
741 4512 1123 4584 Chrysostomi
1175 4514 1338 4567 etiam
1395 4513 1794 4582 expositionem
1841 4511 2102 4565 addamus

2216 4494 2595 4564 παραθώμεθα
2626 4493 2720 4546 καὶ
2754 4492 2852 4561 τὴν
2875 4486 3182 4558 ἑρμηνείαν
3232 4483 3330 4536 τοῦ
3357 4479 3651 4584 Χρυσοστό
3679 4495 3804 4584 pou:

525 4605 788 4668 dicentis,
815 4604 985 4673 quod.
1021 4618 1141 4658 cum
1175 4605 1517 4673 prouidisset
1549 4604 1742 4657 beatus
1772 4601 1936 4657 David
1965 4618 2113 4672 qua:—

524 4713 744 4767 ennque
771 4698 985 4766 passuri
1017 4706 1175 4752 erant
1207 4695 1383 4752 Judaei
1417 4698 1469 4751 in
1504 4696 1812 4758 obsidione,
1848 4707 1901 4750 et
1933 4696 2109 4765 capti-

525 4793 694 4844 vitate
735 4789 1090 4860 Babylonica,
1143 4799 1198 4843 et
1227 4797 1408 4842 mente
1440 4790 1605 4843 etiam
1648 4789 1975 4842 revolvisset
2017 4803 2113 4841 eos

528 4877 680 4936 illinc
725 4879 1073 4950 postmodum
1127 4879 1466 4933 revocandos
1515 4895 1659 4943 esse,
1697 4889 1862 4949 atque
1914 4878 1968 4931 in
2020 4893 2118 4948 pa-

529 4974 694 5025 triam
739 4971 1131 5036 restituendos,
1161 4973 1412 5040 prorupit
1449 4973 1501 5024 in
1533 4971 1648 5025 ltzec
1674 4971 1860 5034 verba,
1892 4970 2109 5023 dicens:

527 5064 777 5129 Credidi,
797 5066 944 5134 quod
967 5066 1178 5119 scilicet
1197 5064 1394 5131 captivi
1417 5073 1577 5117 erunt
1597 5062 1791 5126 .ludtni,
1817 5070 1868 5115 et
1893 5061 2036 5131 quod
2063 5064 2117 5114 in

535 5160 766 5228 patriam
803 5160 966 5213 etiam
1012 5160 1407 5222 restituentur;
1447 5157 1658 5212 credidi
1702 5172 1849 5216 vero,
1884 5156 1956 5208 ita
1988 5156 2120 5208 edo—

535 5264 657 5305 ctus
687 5267 715 5305 a
751 5253 1070 5321 prophetica
1108 5252 1388 5321 gratiazet
1430 5260 1715 5320 propterea
1754 5249 1970 5302 locutus
2000 5263 2119 5300 sum

538 5347 606 5396 de
663 5346 765 5398 bac
826 5360 905 5408 re,
939 5346 1106 5397 variis
1158 5345 1365 5397 scilicet
1400 5344 1453 5396 in
1521 5342 1764 5412 psalmis.
1808 5341 1916 5409 Ego
1949 5350 2126 5392 (rutam

542 5435 857 5486 Iminiliatns
887 5451 1002 5487 sunt
1030 5435 1199 5496 valde,
1231 5433 1356 5486 dum
1395 5433 1602 5502 amigor
1632 5431 1848 5487 scilicet.
1881 5440 1934 5484 et
1965 5431 2126 5483 doleo

545 5527 886 5593 captivorum
928 5527 1097 5580 vicem
1126 5548 1137 5582 :
1165 5525 1273 5592 Ego
1306 5527 1416 5578 dixi
1450 5526 1501 5576 in
1534 5525 1733 5577 ea‘stasi
1762 5540 1873 5576 mea
1898 5539 1916 5577 :
1945 5521 2128 5577 Omnis

549 5617 704 5670 homo
739 5617 929 5684 fallax.
968 5619 1196 5673 Summo
1223 5634 1346 5686 ego,
1376 5617 1575 5684 inquit,
1607 5615 1796 5668 dolore
1820 5622 2128 5680 cnrreptus,

550 5727 680 5777 quo.
734 5721 788 5763 nt
835 5713 1036 5765 assolet
1091 5725 1491 5778 szepcnnmero,
1540 5716 1692 5761 extra
1745 5723 1829 5761 tne
1863 5706 2124 5776 quodam-

557 5802 719 5856 modo
763 5805 827 5857 ad
880 5811 1093 5873 tempus
1136 5803 1371 5860 effectus
1404 5818 1551 5864 sum,
1596 5810 1649 5854 ct
1699 5815 1835 5862 pene
1886 5798 2130 5854 redditus

2217 4595 2379 4659 Λέγει
2402 4589 2512 4659 γὰρ
2533 4588 2614 4640 ὅτι
2641 4582 2877 4656 προϊδὼν
2906 4583 2934 4639 ὁ
2957 4578 3121 4634 Δαόὶδ
3143 4578 3241 4631 ὅσα
3263 4575 3517 4646 μέλλουσι
3543 4571 3737 4626 παθεῖν
3758 4570 3807 4623 ci

2229 4683 2474 4739 Ἰουδαῖοι
2500 4673 2960 4746 πολιορκηθέντες
3002 4669 3100 4724 καὶ
3126 4666 3474 4736 ἀπαχθέντες
3511 4665 3597 4727 είς
3632 4661 3810 4714 Βαευ-

2220 4777 2395 4839 λῶνα,
2426 4768 2793 4843 αἰχμάλωτοι,
2814 4761 2934 4818 εἶτα
2969 4758 3232 4833 μνησθεὶς
3250 4759 3347 4812 καὶ
3373 4758 3505 4829 περὶ⁸
3528 4756 3633 4824 τῆς
3676 4755 3813 4806 ἀνα-

2221 4868 2468 4935 κλήσεως
2490 4861 2670 4915 αὐτῶν
2694 4859 2788 4912 καὶ
2808 4851 2966 4918 αὖθις
2988 4849 3526 4913 ἀποκαταστάσεως,
3556 4845 3721 4916 φησιν
3755 4845 3813 4896 ὲν

2225 4961 2372 5034 ρόντι
2402 4959 2604 5029 ψαλμῷ
2625 4973 2640 4986 ο
2673 4951 3005 5006 Ἐπίστευσα
3029 4947 3113 5002 ὃτι
3136 4945 3234 5001 καὶ
3273 4939 3692 5015 αἰχμαλωτισθή
3736 4937 3815 5006 τῷ

2227 5069 2496 5106 πασονται
2549 5049 2647 5100 καὶ
2694 5041 3172 5106 ὲπανελεύσονται,
3201 5038 3474 5109 διδαχθεὶς
3497 5034 3696 5096 ταῦτα,
3725 5033 3816 5085 διᾶ

2225 5145 2320 5199 τοῦ
2353 5139 2696 5214 προφητικοῦ
2721 5138 3068 5209 χαρίσματος
3090 5151 3105 5165 ο
3140 5133 3223 5188 διδ
3252 5133 3496 5200 ἐλάλησα
3516 5130 3649 5200 περὶ
3686 5128 3815 5181 τού-

2227 5258 2334 5292 των
2373 5239 2431 5290 ὲν
2458 5235 2736 5303 διαφόροις
2768 5231 3025 5302 ψαλμοῖς.
3085 5227 3240 5292 Ἐγὼ
3294 5226 3362 5279 δὲ
3410 5222 3821 5288 ἐταπεινώθηγ

2229 5330 2494 5401 σφόδρα·
2520 5325 2810 5393 ἒκοικεῢθην
2867 5325 3070 5394 σφόδρα
3103 5320 3483 5392 περιαλγήσας
3511 5319 3605 5370 ἐπὶ
3631 5319 3697 5388 τῇ
3727 5318 3822 5368 ιιι-

2231 5421 2541 5495 κεχαλωσεα.
2603 5417 2732 5488 Εγὼ
2754 5417 2822 5470 δὲ
2841 5413 2976 5470 εἶπα
2997 5414 3066 5467 ἐν
3091 5411 3166 5480 τῇ
3194 5409 3478 5466 ἐκστάσει
3506 5421 3626 5477 μου
3651 5425 3666 5437 ’
3699 5405 3824 5470 Πᾶς

2235 5517 2544 5583 ἅνθρωπος
2562 5513 2856 5580 ψεύστης.
2885 5509 2976 5562 Ἐν
3012 5509 3078 5576 τῇ
3097 5503 3243 5575 λύπῃ
3277 5522 3378 5573 μου
3406 5501 3611 5573 ὲκείνῖγ
3635 5498 3828 5566 ἑξιστᾷ

2236 5612 2344 5681 γὰρ
2363 5605 2454 5660 τοῦ
2478 5605 2881 5672 καθεστηκότος
2907 5601 3170 5662 πολλάκις
3200 5600 3234 5668 ἡ
3267 5597 3437 5665 λύπη,
3465 5593 3830 5664 σφοδρότερον

2239 5703 2294 5755 δὲ
2326 5698 2747 5768 κατασχεθεῑσα,
2778 5695 2870 5748 καὶ
2894 5691 3259 5762 ἀναισθησίαν
3296 5689 3616 5758 ἐργάζεται.
3677 5684 3830 5738 Ίὸὲτν

2239 5792 2346 5861 γὰρ
2389 5790 2620 5860 μάλιστα
2652 5787 2710 5839 τὸ
2759 5783 3014 5839 ἀϐέϐαιον
3061 5782 3160 5854 τῆς
3223 5778 3574 5850 ἀνθρωπίνης
3618 5777 3827 5844 εὑημε-
