4094 6280
534 236 667 302 1427

1692 232 2073 294 EUTHYMH
2117 230 2478 292 ZIGABEN'I

3675 227 3812 300 11⁸28

532 354 679 408 ultus
719 369 835 406 sum
877 368 981 405 eos.
1021 349 1395 405 Periculorum
1440 345 1870 418 magnitudinem
1913 344 2123 399 descri-

2235 342 2454 408 Κυρίου
2512 341 2839 411 ἠμυνάμην
2880 343 3120 409 αὐτούς.
3148 344 3453 413 Διαγράφει
3491 344 3552 396 τὸ
3580 343 3810 413 μέγεθος

536 449 632 502 hit.
673 447 732 499 Et
766 463 860 516 per
893 459 1054 512 apum
1087 443 1308 513 quidem
1352 441 1794 502 similitudinem,
1827 439 2118 491 vehemen-

537 539 666 589 tiam
700 548 751 589 et
784 532 1273 604 prompliludinem
1322 532 1668 586 inimicorum
1701 529 1992 599 signiﬁcat,
2025 544 2122 597 per

2226 435 2332 485 τῶν
2365 435 2556 486 δεινῶν
2584 450 2597 463 ’
2632 437 2723 486 καὶ
2756 435 2845 487 διὰ
2879 434 2977 504 μὲν
3008 435 3104 504 τῆς
3136 436 3346 498 εἰκόνος
3372 435 3483 488 τῶν
3533 435 3807 506 μελισσῶν

2225 527 2286 578 τὸ
2316 528 2553 596 σφοδρὶν
2592 531 2691 595 τῆς
2724 527 3034 598 προθυμίας
3059 528 3240 581 αὐτῶν
3268 529 3590 592 αἰνίττεται,
3638 529 3724 580 διὰ
3756 527 3810 578 δὲ

537 632 715 700 ignem
754 645 881 683 vero
929 628 1249 682 eﬂ‘rrnatam
1297 628 1456 678 iram.
1499 623 1641 691 Apes
1678 622 1948 690 siquidem
1998 620 2122 672 favo

2235 620 2319 672 τοῦ
2373 620 2543 691 πυρὸς
2594 621 2653 673 τὸ
2677 621 2983 673 ἀκάθεκτον
3045 620 3147 690 τῆς
3189 621 3382 690 ὀργῆς.
3441 621 3509 672 Δί
3555 619 3812 690 μέλισσαι

540 724 720 775 mellis
750 723 995 782 invento,
1027 733 1238 772 summa
1265 715 1716 786 promptitudine,
1739 729 1808 767 ac
1830 713 2123 766 vehemen-

537 814 611 864 tia
645 813 796 864 illum
831 811 1198 872 tizcumdant,
1227 824 1288 862 ac
1317 809 1495 862 mellis
1526 822 1751 861 Succum
1803 813 2120 872 exsugunt:

538 905 686 973 ignis
719 905 883 958 etiam
931 904 1018 956 ubi
1057 903 1251 955 rubum
1288 900 1525 968 aliquem
1576 909 1669 952 aut
1707 898 1980 967 spinetuui
2027 911 2123 966 ap-

539 998 918 1068 prehenderit,
953 997 1176 1050 retineri
1214 1010 1319 1048 non
1353 1003 1553 1064 potest.

610 1092 774 1145 VERS.
811 1090 896 1145 15.
938 1088 1227 1156 Impulsus,
1271 1104 1476 1143 eversus
1517 1103 1654 1148 sum,
1686 1095 1743 1139 ut
1779 1085 2038 1146 caderem,
2076 1094 2126 1138 et

542 1175 796 1230 Dominus
827 1174 1032 1242 adjuvit
1058 1191 1159 1229 me.
1200 1173 1500 1240 lmpulsus,
1529 1171 1726 1240 inquit,
1757 1171 1825 1224 ab
1852 1171 2124 1233 hostibus,

536 1266 704 1321 veluti
734 1265 960 1334 jamjam
1011 1280 1245 1319 casurus
1293 1262 1583 1326 declinavi,
1629 1262 1733 1314 hoc
1783 1271 1889 1322 est,
1935 1277 2124 1330 parum

540 1359 736 1421 abluit,
775 1360 915 1427 .quin
954 1360 1231 1420 caderem,
1273 1367 1328 1410 et
1363 1356 1627 1411 Dominus
1670 1356 1883 1425 adjuvit
1920 1373 2023 1422 me,
2067 1367 2128 1412 ut

539 1454 686 1506 vires
728 1467 879 1513 suas,
914 1460 966 1503 et
1010 1450 1252 1504 studium
1283 1466 1443 1503 suum
1474 1454 1526 1502 in
1562 1465 1648 1504 me
1682 1452 1857 1519 magis
1898 1450 2130 1505 demou-

541 1555 766 1601 straret.
821 1542 1074 1613 Eripiens
1123 1558 1188 1597 ex
1241 1557 1338 1596 ore
1393 1542 1586 1597 mortis
1646 1543 1923 1597 hominem
1975 1541 2127 1598 omni

542 1635 787 1688 humana
823 1649 927 1703 ope
964 1633 1316 1688 destitutum.

614 1724 780 1780 Vens.
815 1726 902 1779 14.
943 1724 1230 1778 Fortitudo
1264 1741 1377 1779 mea
1405 1735 1453 1780 et
1478 1726 1597 1779 tau:
1623 1742 1737 1780 mea
1766 1725 2047 1794 Dominus,
2079 1739 2130 1782 et
2163 1713 2204 1767 Β

542 1819 717 1886 factus
749 1829 824 1872 est
865 1820 994 1871 mihi
1039 1821 1092 1871 in
1130 1819 1380 1873 salutem.
1419 1818 1710 1873 Fortitudo
1750 1835 1892 1884 mea,
1931 1820 2130 1890 inquit,

543 1921 600 1965 et
628 1913 902 1966 laus‘mea
943 1912 1206 1965 Dominus
1233 1920 1340 1969 est.
1385 1912 1442 1965 ltt
1476 1927 1541 1967 eo
1571 1912 1775 1968 etenim
1814 1913 1958 1968 vires
1983 1928 2132 1970 meas

542 2022 737 2060 onmes
792 2007 967 2060 habeo
1015 2023 1028 2060 ε
1084 2015 1478 2076 pmptereum
1537 2006 1705 2060 etiam
1755 2007 1824 2060 ab
1873 2008 2134 2063 omnibus

545 2100 756 2161 laudor,
793 2105 847 2150 et
874 2097 1174 2167 gloriﬁeor,
1199 2096 1342 2165 quod
1377 2099 1538 2152 talem
1563 2098 1866 2168 adjutorem
1903 2100 2133 2156 sortitus

543 2207 687 2245 sum.
726 2189 844 2250 Vel.
892 2191 1067 2260 ipsum
1115 2188 1283 2244 Deum
1330 2205 1548 2260 semper
1594 2189 1777 2254 laudo,
1822 2191 1914 2262 qui
1961 2192 2134 2248 factus

542 2291 627 2338 est
671 2280 924 2336 Salvator
963 2299 1138 2337 meus.

619 2373 783 2428 Vens.
828 2373 917 2428 15.
965 2371 1076 2428 Vox
1119 2374 1517 2436 exsultationis,
1549 2383 1598 2427 et
1632 2374 1824 2429 salutis
1865 2375 1919 2428 in
1958 2375 2134 2430 taber-

545 2468 751 2520 naculis
778 2465 1072 2535 justorum.
1107 2463 1171 2517 Et
1204 2481 1424 2521 rursum
1463 2465 1639 2521 factus
1668 2475 1750 2522 est
1779 2466 1912 2521 tnihi
1947 2465 2133 2522 Domi-

547 2573 674 2621 nus,
715 2571 816 2609 vox
846 2557 1260 2621 exsultatiouis,
1297 2567 1351 2610 et
1390 2557 1629 2611 salutis:
1670 2557 1773 2612 hoc
1807 2567 1912 2619 est,
1955 2556 2133 2613 factus

545 2656 632 2704 est
666 2664 836 2702 causa
872 2649 1026 2704 vocis
1059 2649 1465 2714 exsultationis,
1500 2657 1554 2701 et
1583 2649 1737 2705 vocis
1759 2651 1977 2717 salutis,
2013 2665 2133 2721 qua:

545 2739 766 2793 canitur
804 2740 857 2793 in
889 2740 1262 2794 tabernaculis
1291 2739 1590 2808 justorum,
1619 2756 1739 2795 cum
1776 2742 1847 2796 ob
1892 2741 2136 2797 admira-

548 2832 730 2886 biliter
777 2829 912 2884 mihi
965 2830 1263 2899 prmstitatn
1313 2833 1570 2898 salutem,
1623 2834 1893 2902 impulsus
1931 2837 2032 2889 sim
2077 2843 2135 2889 ut

551 2924 1010 2988 exsultationem,
1060 2935 1109 2977 et
1156 2923 1388 2978 salutem
1425 2924 1572 2979 illam
1624 2924 1928 2989 laudarem,
1968 2941 2132 2996 quam

549 3016 685 3070 mihi
721 3018 932 3070 tribuit.
975 3014 1068 3070 Vel
1093 3017 1366 3086 impulsus
1398 3033 1518 3072 sum
1551 3018 1615 3071 ad
1645 3017 1973 3073 laudandum
2004 3035 2128 3074 eum

551 3111 604 3162 in
630 3111 1024 3175 exsultatione,
1069 3119 1123 3165 et
1169 3111 1368 3166 salute.
1416 3109 1518 3166 Per
1562 3111 1908 3166 tabernacula
1947 3120 2129 3166 autem

545 3201 824 3270 justorum
879 3204 1095 3273 tuguria
1154 3205 1477 3273 praedicere,
1530 3205 1583 3257 in
1630 3205 1833 3274 quibus
1889 3202 2137 3259 Davidici

549 3295 744 3363 psalmi
776 3297 1050 3365 praecipue
1084 3297 1453 3350 decantantur
1488 3314 1500 3348 :
1538 3296 1620 3350 vel
1651 3299 1852 3364 varias,
1899 3312 1963 3351 ac
2008 3313 2136 3368 par-

551 3389 832 3453 tit-ulares,
860 3404 984 3458 qua:
1020 3405 1118 3458 per
1151 3391 1339 3446 orbem
1377 3399 1528 3458 sunt,
1559 3389 1856 3445 Ecclesias.

621 3496 788 3556 Vsus.
826 3499 915 3555 16.
946 3501 1177 3556 Dextera
1210 3501 1426 3557 Domini
1453 3503 1578 3572 fecit
1601 3505 1871 3559 virtutem.
1903 3504 2136 3561 Dextera

549 3591 792 3656 Domini,
822 3592 875 3646 id
922 3603 1026 3660 est,
1080 3593 1326 3648 divinum
1390 3595 1676 3662 auxilium,
1750 3598 1895 3666 quod
1944 3596 2135 3652 tribuit

553 3685 712 3738 nobis
743 3684 1059 3750 victoriam,
1093 3693 1148 3739 et
1180 3693 1443 3754 tropaeum
1476 3687 1676 3742 erexit.

623 3791 856 3848 Dextera
881 3793 1101 3848 Domini
1123 3794 1381 3849 exultavit
1414 3813 1516 3851 me.
1561 3795 1749 3852 Erexit
1775 3814 1860 3854 me
1896 3798 2010 3868 jam
2043 3815 2138 3870 pe-

554 3887 704 3943 nitus
736 3888 1086 3942 inclinatum.
1132 3887 1254 3954 Vel,
1301 3889 1642 3945 Gloriﬁcavit
1684 3907 1793 3956 me,
1845 3901 2138 3964 postquam

553 3977 812 4032 inimicos
842 3993 995 4033 meos
1022 3979 1075 4032 in
1110 3979 1291 4048 fugam
1314 3981 1607 4045 convertit,

622 4090 852 4145 Dextera
881 4093 1098 4146 Domini
1140 4094 1264 4164 fecit
1317 4097 1583 4149 virtutem.
1634 4094 1894 4152 Eumdem
1943 4114 2140 4156 rursus

554 4182 885 4234 sententiam
939 4183 1163 4251 repetit,
1219 4193 1273 4237 et
1325 4201 1437 4260 pra:
1490 4187 1678 4240 laetitia
1738 4187 1793 4242 in
1834 4191 2137 4257 gratiarum

554 4271 772 4327 actione
802 4277 1138 4329 extenditur.
1163 4274 1260 4330 Vel
1288 4287 1369 4332 ter
1393 4280 1684 4335 nominans
1715 4280 1809 4336 Dei
1833 4283 2137 4347 dexteram,

2230 713 2330 780 μὲν
2381 713 2490 782 γὰρ
2548 713 2814 782 εὑροῦσαι
2877 712 3069 782 κηρίον
3109 712 3350 782 μέλιτος,
3400 712 3538 782 μετὰ
3574 713 3813 782 σφοδρᾶς

2227 803 2540 872 προθυμῐας
2607 802 2902 857 κυκλοῦσιν
2925 804 3198 869 αὑτὸ,τὴν
3229 802 3432 873 ίκμάδα
3474 802 3567 856 τοῦ
3595 803 3812 873 μέλιτος

2228 896 2552 965 ὲκμυζῶσαι
2575 913 2590 928 ο
2645 897 2739 949 καὶ
2770 896 2828 948 τὸ
2874 895 2985 966 πῦρ
3018 896 3269 948 ἀκανθῶν
3306 895 3645 966 δραξάμενον
3675 897 3806 949 ἀκά-

2229 988 2422 1040 θεκτον
2443 989 2680 1056 γίνεται.

2298 1080 2552 1144 Ὠσθεὶς,
2591 1081 2938 1148 ἀνετράπην
2977 1080 3082 1136 τοῦ
3113 1080 3344 1145 πεσεῖν,
3396 1080 3491 1133 καὶ
3527 1084 3559 1133 o'
3597 1079 3816 1147 Κύριος

2229 1172 2596 1226 ἀντελάϐετό
2618 1191 2760 1242 μου.
2793 1174 3008 1235 Ὠσθεὶς
3065 1174 3198 1244 παρ’
3257 1172 3460 1240 αὐτῶν,
3493 1172 3680 1225 ἔκλινα
3711 1175 3806 1225 τοῦ

2233 1265 2444 1327 πεσεῖν,
2477 1263 2776 1322 τουτέστιν,
2806 1264 2973 1331 ἐγγὺς
3008 1266 3278 1334 ἐγενόμην
3341 1263 3434 1317 τοῦ
3469 1266 3680 1329 πεσεῖν,
3725 1267 3816 1316 καὶ

2230 1355 2258 1405 ὁ
2286 1353 2488 1425 Κύριος
2518 1355 2848 1410 ἀντελάὸετό
2888 1374 3013 1427 μου,
3049 1357 3135 1409 ἵνα
3161 1358 3258 1411 καὶ
3290 1355 3494 1426 μᾶλλον
3524 1357 3676 1429 δείξῃ
3717 1360 3816 1427 τὴν

2232 1448 2396 1500 αὐτοῦ
2451 1449 2605 1518 ἰσχὺν
2649 1449 2745 1501 καὶ
2767 1449 3122 1519 κηδεμονίαν,
3155 1449 3494 1520 ἀφαρπάσας
3526 1449 3591 1502 ἐκ
3615 1449 3817 1518 στόμα-

2240 1558 2331 1604 τος
2361 1542 2456 1594 τοῦ
2486 1542 2725 1597 θανάτου
2761 1543 2854 1598 τὸν
2875 1543 3303 1613 ἀπεγνωσμένον
3333 1543 3674 1612 πανταχόθεν
3705 1543 3819 1593 ἑτέ·

2239 1634 2434 1705 ρωθεν.

2316 1729 2523 1797 Ἰσχύς
2543 1746 2663 1798 μου
2675 1728 2772 1784 καὶ
2817 1730 3081 1798 ὖμνησίς
3103 1747 3222 1798 μου
3253 1731 3286 1783 ὁ
3307 1729 3542 1799 Κύριος,
3565 1729 3665 1783 καί
3685 1727 3815 1797 ἑτέ-

2232 1821 2373 1874 νετό
2391 1837 2492 1889 μοι
2509 1822 2598 1886 είς
2619 1821 2948 1890 σωτηρίαν.
2987 1819 3098 1873 Καὶ
3123 1820 3278 1889 ίσχύς
3298 1819 3401 1891 μού
3429 1822 3608 1872 ἐστιν·
3641 1821 3700 1872 ἑν
3719 1821 3814 1872 at}.

2232 1913 2312 1983 τῷ
2368 1912 2476 1984 γὰρ
2518 1913 2689 1984 ἰσχύω
2715 1928 2731 1943 ⁸
2775 1913 2872 1968 καὶ
2926 1911 3160 1984 ὖμνησίς
3228 1927 3358 1982 μου⁶
3395 1911 3463 1966 δι’
3496 1911 3665 1964 αὑτοῦ
3704 1927 3740 1980 γ
3785 1927 3814 1981 ρ

2235 2005 2538 2075 ὐμνοῦμαι,
2578 2007 2674 2058 καὶ
2715 2005 3015 2076 δοξάζομαι
3065 2004 3218 2075 παρὰ
3246 2005 3487 2066 πάντων.
3529 2003 3606 2069 ὡς
3637 2002 3816 2057 τοιοῦ-

2235 2115 2328 2151 τον
2396 2098 2592 2170 βοηθὸν
2651 2097 3076 2170 πεπλουτηκὼς,
3128 2099 3160 2170 ἢ
3204 2100 3298 2153 καὶ
3348 2098 3512 2154 αὑτὸν
3547 2098 3702 2170 ὑμνῶ
3730 2097 3816 2150 διὰ

2235 2191 2462 2256 παντὸς,
2495 2192 2590 2245 καὶ
2615 2192 2835 2260 ἐγένετό
2869 2209 2961 2262 μοι
2985 2192 3202 2263 Σωτήρ.

2305 2366 2478 2434 Φωνὴ
2504 2367 2924 2437 ἀγαλλιάσεως
2984 2370 3084 2423 καὶ
3114 2372 3416 2440 σωτηρίας
3454 2371 3526 2425 ἐν
3553 2369 3816 2440 σκηναῖς

2234 2460 2499 2515 δικαίων.
2556 2463 2667 2515 Καὶ
2713 2463 2934 2530 ἐγένετὸ
2975 2481 3065 2533 μοι
3130 2463 3293 2518 πάλιν
3339 2466 3494 2537 φωνὴ
3553 2464 3815 2532 ἁγαλὶάο

2238 2571 2374 2616 σεω;
2419 2555 2514 2608 καὶ
2539 2557 2836 2627 σωτηρίας,
2869 2556 3138 2628 ᾁδομένης
3183 2559 3243 2610 ἐν
3281 2561 3510 2628 σκηναῖς
3561 2558 3812 2615 δικαίων,

2240 2647 2560 2716 παραδόξως
2591 2649 2700 2718 γὰρ
2729 2648 2820 2700 ὑπ’
2855 2648 3046 2702 αὐτοῦ’
3075 2648 3289 2715 σωθεὶς,
3317 2649 3578 2721 ἐκινήθην
3637 2651 3716 2712 είς
3759 2649 3819 2700 τὸ

2238 2741 2431 2810 ὑμνεῖν
2482 2743 2581 2810 τὴν
2630 2741 2958 2810 ἀγαλλίασιν
3012 2745 3106 2796 καὶ⁸
3162 2743 3261 2814 τὴν
3291 2741 3588 2814 σωτηρίαν,
3630 2743 3696 2813 ἦν
3725 2759 3816 2813 μοι

2237 2834 2580 2906 δεδώρηται·
2628 2835 2659 2905 ἢ
2701 2836 2779 2896 εἰς
2829 2835 2888 2888 τὸ
2951 2836 3141 2906 ὑμνεῖν
3185 2836 3348 2890 αὑτὸν
3395 2837 3455 2888 ὲν
3493 2836 3819 2905 ἀγαλλιάσει

2240 2928 2337 2980 καὶ
2392 2916 2663 2998 σωτηρίᾳ.
2712 2927 2927 2996 Σκηνὰς
2958 2929 3013 2982 δὲ
3033 2929 3262 2983 δικαίων
3280 2926 3436 3000 οἶμαι
3463 2928 3818 3000 προφητικῶς

2241 3021 2422 3091 λέγειν
2476 3024 2661 3092 αὐτὸν,
2711 3024 2810 3088 τὰς
2861 3024 3102 3087 καλύϐας
3148 3023 3258 3077 τῶν
3306 3025 3565 3093 ἀσκητῶν
3623 3025 3685 3076 ὲν
3727 3017 3818 3086 αἷς

2165 3077 2211 3142 C
2245 3077 2450 3186 μέλλον
2511 3077 2730 3189 ᾅδονται
2791 3077 2863 3172 τὰ
2909 3077 3211 3172 Δαόιδίκάο
3249 3118 3281 3189 ἢ
3331 3077 3616 3180 cae-md
3654 3077 3821 3170 τόπον

2255 3209 2596 3282 Ἐκκλησίας.

2310 3504 2488 3568 Δεξιὰ
2546 3503 2768 3569 Κυρίου
2804 3501 3056 3569 ἐποίησε
3081 3500 3360 3571 δύναμιν.
3407 3501 3479 3555 Ἠ
3532 3501 3682 3568 δεξιὰ
3724 3501 3825 3557 τοῦ

2242 3597 2477 3666 Κυρίου,
2519 3595 2693 3666 ἧτοιή
2737 3595 3047 3668 συμμαχία,
3080 3598 3379 3667 εἰργάσατο
3416 3593 3517 3666 τὴν
3546 3596 3703 3666 νίκην
3728 3600 3830 3650 καὶ

2240 3687 2436 3756 ἔστησε
2468 3686 2529 3738 τὸ
2561 3685 2848 3756 τρόπαιον.

2312 3802 2486 3868 Δεξιὰ
2509 3805 2730 3868 Κυρίου
2763 3803 2977 3873 ὕψωσέ
2995 3821 3092 3874 με.
3137 3804 3434 3876 ’Δνέστησε
3468 3803 3751 3872 κλιθέντα,
3782 3805 3818 3876 ἢ

2241 3897 2462 3964 eaeaeae
2492 3898 2919 3968 τροπωσάμενον
2953 3900 3080 3961 τοὺς
3102 3896 3351 3969 ἑχθροΰς.

2314 4095 2487 4158 Δεξιὰ
2526 4095 2748 4161 Κυρίου
2777 4094 3032 4162 ἐποίησε
3047 4093 3326 4164 δύναμιν.
3389 4097 3463 4149 Τὸ
3487 4097 3622 4152 αὐτὸ
3672 4098 3830 4168 λέγει

2243 4186 2426 4252 πάλιν,
2459 4186 2549 4256 ὑφ’
2589 4187 2780 4258 ήδονῆς
2805 4188 3092 4240 ἐπιτείνων
3121 4189 3220 4259 τὴν
3241 4190 3600 4261 εὐχαριστίαν
3618 4207 3633 4223 ·
3660 4192 3692 4262 ἦ
3718 4193 3826 4246 καὶ

2244 4284 2394 4351 τρεῖς
2415 4280 2596 4346 δεξιὰς
2630 4280 2804 4334 εἰπὼν
2833 4281 3063 4351 Κυρίου,
3096 4282 3197 4354 τήν
3222 4284 3464 4353 τριπλῆν
3497 4285 3827 4356 συμμαχίαν

555 4363 752 4430 triplex
789 4363 954 4417 trium
1009 4379 1373 4434 personarum
1425 4369 1690 4424 auxilium
1742 4371 1795 4425 in
1844 4371 2134 4428 Divinitate

2248 4375 2346 4441 τῆς
2369 4377 2803 4446 τρισυποστάτου
2820 4375 3071 4445 θεότητος
3102 4375 3394 4445 ἐνέφηνεν.

553 4454 858 4513 tlenotavit.

635 4571 796 4630 V833.
850 4575 938 4628 17.
974 4573 1098 4628 Non
1147 4579 1372 4643 moriar,
1422 4579 1513 4633 sed
1573 4581 1768 4646 tivam,
1809 4592 1860 4634 et
1907 4585 2138 4636 narrabo

556 4683 718 4734 opera
749 4665 986 4722 Domini.
1025 4669 1144 4722 Non
1201 4674 1409 4725 moriar
1453 4672 1735 4742 deinceps,
1787 4689 1886 4728 nec
1939 4678 2140 4745 perdar

556 4768 627 4814 ab
656 4761 721 4813 iis
746 4761 839 4828 qui
866 4760 1358 4816 circumdederunt
1399 4779 1508 4826 me,
1537 4767 2004 4834 quemadmodum
2034 4770 2136 4838 ipsi

557 4853 874 4921 sperabant,
917 4867 1041 4906 cum
1092 4854 1166 4906 illi
1224 4867 1415 4908 contra
1460 4859 1642 4925 potius
1695 4859 1958 4925 perierint
1994 4877 2006 4913 :
2043 4861 2138 4915 sed

559 4947 756 5007 vivam,
793 4951 848 4997 et
885 4945 1125 4998 laudabo
1163 4946 1436 4999 mirabilia
1481 4946 1600 5001 Dei.
1641 4947 1754 5011 Vel,
1781 4947 1900 5003 Non
1935 4953 2141 5005 moriar

560 5037 761 5090 animae
794 5045 986 5103 morte,
1020 5037 1114 5091 sed
1142 5040 1319 5092 vivam
1345 5055 1410 5093 ea
1437 5040 1544 5094 vita
1577 5057 1699 5110 quae
1727 5051 1811 5097 est
1836 5045 2137 5099 secundum

561 5129 751 5183 Deum.
787 5125 905 5190 Vel,
939 5127 1056 5181 Non
1102 5131 1330 5192 moriar,
1373 5131 1468 5186 sed
1507 5133 1706 5198 vivam,
1748 5133 1848 5187 hoc
1893 5146 1999 5201 est,
2044 5135 2140 5189 lm-

560 5223 810 5276 mortalis
840 5236 959 5285 ero,
992 5223 1118 5291 quia
1163 5238 1281 5277 mea
1313 5225 1529 5279 cantica
1553 5236 1823 5279 canentur
1851 5240 2136 5298 perpetuo,

558 5322 612 5368 et
633 5314 852 5368 illorum
885 5323 1082 5368 cantus
1137 5314 1291 5369 nullo
1333 5333 1574 5386 unquam
1620 5327 1863 5386 tempore
1895 5321 2134 5376 deﬁciet.

564 5406 864 5463 Possumus
903 5408 1066 5461 etiam
1107 5411 1251 5460 hunc
1305 5410 1637 5463 versiculum
1697 5412 2027 5482 intelligere.
2081 5425 2138 5467 ut

563 5516 748 5556 sermo
780 5503 848 5556 sit
882 5503 948 5556 tle
981 5503 1414 5569 resurrectione,
1443 5514 1493 5556 et
1532 5513 1747 5557 asserat
1781 5503 2047 5572 Propheta
2078 5523 2139 5561 se

563 5605 675 5646 non
723 5594 1046 5646 moriturum
1082 5606 1144 5644 ea
1177 5591 1517 5657 conditione,
1555 5603 1612 5645 ut
1647 5594 1796 5646 nulla
1827 5593 1873 5646 ei
1906 5594 2140 5661 amplius

562 5685 983 5741 resurrectionis
1010 5685 1080 5740 sit
1111 5699 1253 5752 spes.
1287 5682 1544 5748 Quinimo
1600 5689 1645 5740 si
1673 5686 1898 5751 moriar,
1937 5686 2135 5758 inquit,

2309 4576 2428 4627 Οὐκ
2458 4573 2895 4641 ἀποθανοῦμαι,
2948 4573 3113 4628 ἀλλὰ
3145 4572 3420 4642 ζήσομαι.
3453 4573 3556 4627 καί
3605 4573 3825 4642 διηγή-

2243 4683 2428 4736 σομαι
2459 4664 2532 4718 τὰ
2585 4668 2728 4734 ἔργα
2769 4665 3011 4733 Κυρίου.
3047 4665 3159 4718 υὺκ
3198 4664 3579 4734 ἀποθανοῦμαι
3634 4664 3828 4717 λοιπὸν

2241 4763 2350 4814 ἀπὸ
2378 4760 2486 4812 τῶν
2524 4759 2921 4813 κυκλωσάντων
2952 4775 3044 4828 με,
3082 4756 3264 4821 καθὼς
3319 4757 3554 4820 ἐκείνοις
3615 4756 3820 4818 ιδόκει.

2242 4854 2558 4906 τούναντίον
2597 4851 2800 4921 μᾶλλον
2827 4851 3011 4904 αὐτῶν
3059 4849 3417 4904 ἀπολωλότων
3438 4865 3453 4880 ⁸
3483 4849 3622 4903 ἀλλὰ
3662 4851 3828 4919 ζήσο-

2247 4964 2365 5015 μαι,
2395 4949 2489 4998 κα“ι
2530 4945 2760 5014 ὑμνήσω
2805 4943 2873 4997 τὰ
2925 4944 3207 5013 θαυμάσια
3247 4943 3343 4998 τοῦ
3398 4941 3560 4996 Θεοῦ.
3601 4944 3672 4997 Ἦ
3717 4947 3824 4995 οὐκ

2240 5041 2618 5109 ἀποθανοῦμαι
2658 5039 2749 5091 τὸν
2774 5037 3003 5108 ψυχικὸν
3057 5037 3311 5101 θάνατον,
3370 5037 3508 5092 ἀλλὰ
3573 5037 3816 5106 ζήσομαι

2242 5136 2342 5202 την
2389 5132 2530 5184 κατὰ
2571 5130 2705 5184 Θεὸν
2746 5131 2915 5199 ζωήν.
2958 5128 3026 5184 Ἣ
3061 5130 3164 5183 οὐκ
3209 5129 3620 5198 ἀποθανοῦμαι,
3678 5129 3821 5181 ἀλλὰ

2243 5226 2508 5296 ζήσομαι,
2531 5226 2830 5290 τουτέστιν,
2855 5223 3122 5287 ἀθάνατος
3144 5224 3364 5293 ἔσομαι,
3414 5224 3503 5276 διὰ
3529 5225 3588 5277 τὸ
3632 5224 3816 5292 διηνε-

2245 5319 2354 5380 κῶς
2386 5318 2533 5388 ᾄδειν
2566 5317 2720 5386 παρὰ
2752 5318 2864 5378 τοῖς
2892 5315 3159 5385 ψάλλουσι
3191 5315 3288 5376 τὰς
3321 5315 3461 5384 ἐμὰς
3494 5315 3661 5385 ᾠδὰς,
3717 5319 3818 5368 καὶ

2246 5407 2379 5475 μηδέ
2417 5423 2545 5460 ποτε
2585 5406 2876 5471 παύεσθαι,
2906 5406 3069 5477 μέχρι
3097 5407 3300 5468 παντὸς
3356 5407 3576 5471 αἰῶνος.
3612 5408 3679 5460 Ἦ
3718 5409 3820 5460 καὶ

2243 5517 2309 5551 πε
2319 5500 2370 5569 pi.
2385 5501 2485 5568 τῆς
2503 5501 2857 5562 ἀναστάσεως
2877 5500 3318 5569 προφητεύοντος
3341 5503 3368 5553 ὀ
3405 5501 3586 5567 λόγος,
3607 5501 3688 5552 ὅτι
3713 5503 3821 5552 οὐκ

2243 5591 2628 5659 ἀποθανοῦμαι
2658 5595 2736 5653 εἰς
2766 5592 2827 5642 τὸ
2856 5591 3399 5661 μηκέτιάναστῆναι,
3419 5593 3554 5645 ἀλλὰ
3580 5592 3820 5661 ζήσομαι

2244 5685 2408 5737 πάλιν
2441 5684 2581 5755 μετὰ
2613 5685 2834 5741 πάντων
2863 5685 3195 5754 ἀνθρώπων
3224 5685 3306 5738 διὸ
3337 5686 3433 5739 καὶ
3483 5685 3819 5755 διηγήσομαι
