4094 6280
375 392 399 458 1
420 386 520 454 129

373 606 565 657 στασίν
593 619 682 672 μοι
700 602 1092 673 χαρισαμένου.

1513 387 1901 449 COMMENT.
1953 385 2034 446 ΙΝ
2076 387 2436 448 PSALMOS-

372 511 442 565 τὰ
485 511 619 581 ἔργα
654 507 749 562 τοῦ
796 507 1005 580 Κυρίου
1042 506 1181 580 μετὰ
1210 506 1319 562 τῶν
1345 504 1541 570 ἄλλων,
1569 508 1665 560 καὶ
1690 505 1790 576 τὴν
1805 503 1938 559 ivd-

2046 511 2308 572 perpetua
2347 502 2478 555 mihi
2507 511 2687 558 tamen
2727 521 2837 560 non
2878 507 2984 562 erit
3022 520 3173 561 mors

3480 388 3621 461 1130

3225 523 3239 562 2
3285 513 3450 574 atque
3496 505 3620 560 ιιι-ο

2049 608 2160 648 ιιοιι
2193 609 2319 649 vere
2351 593 2575 659 moriar,
2606 594 2699 648 sed
2734 611 2840 649 uua
2875 612 2996 650 eum
3042 597 3255 651 czctcris
3307 597 3622 650 hominibus

375 715 592 758 rursum
637 698 840 762 vivam,
876 706 926 749 et
985 704 1274 768 propterea
1324 694 1564 750 narrabo
1612 707 1775 764 opera
1827 686 2066 753 Domini,
2131 689 2224 757 qui
2289 685 2420 739 mihi
2462 688 2625 740 simul
2695 703 2818 741 cuin
2868 689 2992 741 aliis
3036 690 3196 742 bonis
3263 690 3596 742 resurrectio

371 810 496 848 nem
531 794 672 845 hanc
700 792 927 860 largitus
949 797 1052 845 est.

427 883 732 938 Παιδεύων
759 881 1083 937 ἐπαίδευσέ
1108 898 1184 951 με
1214 883 1245 935 d
1271 882 1505 949 Κύριος,
1533 879 1682 946 τῷδε
1708 875 1944 943 θανάτῳ

375 979 443 1030 οὐ
463 974 767 1043 παρέδωκέ
785 972 1206 1043 με.Ἐπαὶδευσέ
1227 990 1295 1042 με
1309 969 1944 1042 συγχωρήσαςὲμπεσεῖν

372 1070 484 1131 τοῖς
517 1067 729 1129 δεινοῖς,
767 1065 854 1117 ἵνα
887 1063 965 1133 τῷ
990 1063 1139 1132 φόϐῳ
1167 1061 1262 1115 τοῦ
1282 1059 1523 1132 χαλεποῦ
1553 1059 1823 1122 κινδύνου,
1845 1056 1940 1109 καὶ

372 1162 470 1229 τῆς
501 1158 746 1227 ἀνάγκης
771 1156 983 1225 ἐκείνης
1016 1153 1312 1225 βελτιωθώ,
1350 1154 1447 1207 καὶ⁷
1493 1150 1939 1222 σωφρονέστερος

375 1254 637 1321 γένωμαι.
662 1252 776 1304 Οὐκ
803 1249 980 1318 ἀφῆκε
1004 1248 1059 1302 δὲ
1084 1247 1397 1311 ἀποθανεῖν,
1437 1244 1773 1315 ἐξαρπάσας,
1803 1242 1905 1295 καθ
1926 1271 1938 1280 -

374 1342 447 1407 ὼς
500 1343 757 1411 ἀνωτέρω
797 1340 1112 1412 δ;δήλωται,
1146 1339 1233 1393 ἵνα
1267 1337 1416 1412 δείξῃ
1441 1338 1538 1405 τὴν
1573 1335 1726 1405 ἰσχὺν
1753 1330 1943 1398 αὑτοῦ,

375 1435 469 1488 καὶ
499 1435 847 1505 κηδεμονίαν.

443 1613 752 1679 Ἀνοίξατέ
791 1631 892 1683 μοι
962 1613 1163 1680 πύλας
1213 1610 1632 1675 δικαιοσύνης.
1679 1607 1792 1670 Τὰς
1845 1606 1946 1675 τῆς

376 1707 599 1777 σκηνῆς,
631 1709 690 1759 ἐν
776 1707 1027 1760 ἐπέκειτο
1060 1707 1093 1776 ἡ
1126 1705 1326 1776 νομικὴ
1354 1700 1690 1768 δικαιοσύνη,
1741 1697 1809 1750 τὰ
1864 1697 1944 1749 δι-

373 1799 665 1870 καιώματα
687 1799 780 1853 τοῦ
813 1801 998 1869 νόμου.

2125 866 2289 921 Vens.
2339 868 2425 922 18.
2469 867 2747 938 Castigans
2793 870 3066 937 uestigauit
3119 886 3197 920 me
3239 867 3521 930 Dominus,
3571 880 3620 919 et

2051 962 2209 1014 morti
2238 977 2338 1013 non
2370 960 2595 1013 tradidit
2635 978 2730 1014 me.
2780 959 3083 1031 Castigavit
3138 969 3346 1025 autem,
3389 961 3516 1015 dum
3568 962 3620 1012 in

2050 1053 2234 1106 varias
2281 1067 2367 1106 me
2419 1053 2663 1119 permisit
2715 1053 3058 1108 calamitates
3105 1053 3371 1116 incidere,
3419 1069 3482 1106 ca
3532 1055 3620 1106 ni-

2050 1144 2247 1197 mirum
2287 1145 2514 1207 rationc,
2544 1157 2600 1199 ut
2647 1146 3016 1215 periculorum
3054 1154 3218 1215 atque
3264 1145 3618 1200 aﬂiictiouum

2047 1235 2269 1302 timore,
2305 1235 2371 1290 de
2410 1244 2607 1290 caetero
2646 1238 2841 1305 melior
2868 1250 2930 1291 ac
2961 1237 3286 1306 prudentior
3321 1239 3466 1291 tiam.
3510 1237 3622 1292 Nec

2044 1331 2224 1377 tamen
2265 1325 2512 1392 permisit
2545 1342 2631 1380 me
2660 1313 2824 1393 mori,
2885 1327 3133 1397 quinimo
3175 1327 3431 1397 eripuita
3479 1329 3625 1395 peri-

2042 1415 2200 1478 culis,
2237 1433 2300 1469 ea
2362 1419 2572 1472 ratione
2617 1429 2674 1471 ut
2717 1422 2860 1473 vires
2905 1436 3035 1475 suas
3083 1429 3136 1475 et
3180 1422 3423 1475 studium
3456 1437 3620 1476 suum

2041 1521 2170 1575 erga
2204 1525 2290 1562 me
2315 1510 2654 1575 ostenderet,
2692 1524 2750 1564 ut
2785 1512 3027 1567 diximus

2118 1598 2281 1653 Vsus.
2325 1601 2405 1654 l9.
2444 1603 2656 1668 Aperite
2689 1603 2815 1655 mihi
2846 1614 3028 1670 portas
3045 1605 3298 1672 justitia‘.
3336 1602 3619 1660 Taberna-

2044 1691 2152 1744 culi
2183 1702 2388 1758 portas,
2430 1694 2518 1745 ubi
2553 1693 2743 1763 legalis
2773 1693 2996 1763 jaccbat
3047 1694 3292 1765 justitia,
3343 1699 3618 1768 justitica-

2048 1787 2223 1839 tiones
2255 1786 2465 1841 scilicet
2497 1787 2652 1858 legis.

446 1893 753 1950 Εἰσελθὼν
780 1894 848 1947 ἐν
865 1891 1071 1958 αὑταῖς
1083 1889 1600 1962 ἑξομολογήσομαι
1623 1885 1706 1955 τῷ
1724 1887 1941 1956 Κυρίῳ.

2119 1877 2397 1949 Ingressus
2425 1881 2582 1934 ineas
2604 1883 2890 1948 conﬁtebor
2917 1884 3158 1938 Domino.
3182 1885 3622 1955 Introingresstts

376 1987 646 2041 Εἰσελθὼν
704 1986 852 2040 ἔνδον
912 1986 1095 2040 αὐτῶν
1160 1987 1543 2056 εὑχαριστήσω
1605 1984 1682 2054 τῷ
1723 1983 1936 2054 Κυρίῳ,

377 2080 732 2150 ὑμνολογήσω
789 2080 975 2144 αὑτὸν,
1007 2079 1082 2141 ὡς
1137 2077 1578 2148 ἐπηγγειλάμην.
1619 2075 1854 2148 Νοήσεις
1883 2075 1939 2128 δὲ

377 2175 550 2238 πύλας
608 2175 979 2245 δικαιοσύνης,
1032 2173 1129 2226 καὶ
1185 2174 1282 2237 τὰς
1328 2173 1434 2226 τῶν
1464 2171 1726 2242 ἀνωτέρω
1757 2171 1942 2242 ῥηθει-

378 2267 485 2318 σῶν
527 2267 742 2336 σκηνῶν
771 2268 1021 2333 δικαίων,
1050 2265 1143 2319 καὶ
1173 2265 1273 2328 τὰς
1319 2263 1429 2317 τῶν
1481 2262 1760 2334 πανταχοῦ
1815 2262 1938 2314 Ἐκ-

377 2358 640 2424 κλησιῶν,
683 2360 740 2411 ἐν
771 2355 860 2421 αἷς
889 2358 986 2412 καὶ
1020 2357 1362 2428 δικαιοσύνη,
1415 2357 1510 2411 καὶ
1575 2357 1725 2409 πᾶσα
1771 2353 1939 2426 ἀρετὴ

375 2451 740 2517 πολιτεύεται,
767 2446 843 2508 ὧν
885 2451 1031 2505 ἔνδον
1061 2451 1357 2520 γενόμενος
1404 2449 1493 2505 διὰ
1537 2449 1647 2503 τῶν
1705 2448 1939 2518 ψαλμῶν

375 2545 864 2616 ἀντευχαριστήσει
901 2545 980 2616 τῷ
1006 2543 1211 2615 Κυρίῳ.

443 2720 607 2786 Αὕτη
640 2721 676 2785 ἡ
733 2720 900 2786 πύλη
946 2719 1053 2773 τοῦ
1096 2720 1342 2787 Κυρίου,
1391 2718 1608 2771 δίκαιοι
1668 2717 1940 2771 3108.1815-

371 2827 583 2865 σονται
621 2814 689 2864 ἐν
711 2811 886 2879 αὐτῇ.
916 2814 1075 2864 Δοκεῖ
1104 2829 1194 2880 μοι
1237 2811 1336 2881 τὴν
1364 2809 1556 2879 στενὴν
1588 2809 1790 2878 λέγειν,
1810 2809 1940 2879 περὶ

371 2899 440 2973 ἦς
471 2906 691 2975 εἴρηκεν
723 2905 750 2957 ὁ
786 2905 1019 2972 Χριστὸς
1057 2907 1115 2957 ὲν
1143 2906 1255 2967 τοῖς
1279 2904 1631 2972 Εὑαγγελίοις
1651 2919 1663 2931 '
1722 2901 1940 2956 Είσέλ-

373 2999 504 3050 θετε
531 2997 627 3050 διὰ
655 2997 763 3064 τῆς
791 2995 1015 3066 στενῆς
1032 2996 1234 3063 πύλης
1257 3011 1271 3027 °
1311 2996 1390 3048 διδ
1419 2997 1511 3049 καὶ
1541 2994 1776 3066 προϊδὼν
1837 2995 1938 3048 αὐ·-

373 3089 469 3160 τὴν
493 3083 648 3151 οὗτος
681 3090 938 3160 ἐϐόησενο
974 3087 1129 3160 Αὕτη
1167 3093 1198 3158 ἠ
1225 3090 1368 3158 πύλη
1398 3089 1495 3143 τοῦ
1529 3089 1756 3161 Κυρίου,
1811 3091 1940 3159 περὶ

374 3174 434 3250 ἧς
463 3179 491 3230 ὁ
518 3180 720 3251 Κύριος
761 3181 971 3249 Ἰησους
1004 3182 1235 3252 Χριστὸς
1283 3180 1504 3248 διδάξει,
1530 3182 1561 3250 ἡ
1586 3181 1938 3252 πρὸςΚύριον
1964 3214 2009 3274 c

371 3273 603 3338 ἄγουσα.
643 3269 774 3327 Εἶτα
805 3275 1134 3346 προσέθηκε,
1156 3275 1365 3327 Δίκαιοι
1418 3275 1818 3328 εἰσελεύσονται
1882 3277 1939 3327 ἐν

371 3369 537 3438 αὐτῇ,
571 3367 690 3438 ἦτοι
728 3367 795 3420 δι’
823 3369 1012 3436 αὐτῆς.
1073 3368 1183 3421 Καὶ
1218 3367 1326 3437 γὰρ
1384 3371 1411 3420 ὁ
1458 3369 1693 3439 Χριστὸς
1746 3364 1935 3420 εἶπεν*

369 3463 451 3515 ὅτι
494 3462 708 3530 Ὀλίγοι
731 3462 890 3516 είσὶν
918 3465 970 3517 οΙ
998 3463 1384 3528 εὑρίσκοντες
1413 3459 1628 3529 αὐτήν.

445 3732 549 3786 Καὶ
582 3726 1102 3798 ἐξομολογήσομαί
1147 3743 1267 3792 σοι,
1299 3725 1385 3777 ὅτι
1413 3723 1764 3790 ἐπήκουσάς
1797 3741 1937 3790 μου,

374 3825 473 3878 καὶ
500 3823 712 3892 ἐγένου
742 3840 844 3891 μοι
877 3823 963 3887 είς
1018 3819 1342 3886 σωτηρίαν.
1369 3818 1540 3872 Πάλιν
1586 3819 1937 3888 εὐχαριστεῖν

376 3923 776 3990 ἐπαγγέλλεται
823 3920 902 3986 τῷ
933 3917 1170 3987 Σωτῆρι.

446 4016 648 4074 Λίθον,
703 4010 774 4063 ὃν
837 4008 1290 4076 ἀπεδοκίμασαν
1349 4007 1404 4059 οἱ
1460 4005 1938 4074 οἰκοδομοῦντες.

374 4100 444 4157 οὗ
455 4120 553 4169 τος
575 4101 830 4170 ἐγενήθη
856 4102 944 4165 είς
966 4097 1242 4167 κεφαλὴν
1265 4096 1502 4166 γωνίας.
1533 4096 1706 4149 Τοῦτο
1727 4115 1941 4166 προφη-

373 4195 493 4248 τεία
526 4195 654 4264 περὶ
683 4193 777 4246 τοῦ
809 4191 1050 4262 Χριστοῦ
1077 4207 1088 4220 ·
1120 4190 1182 4242 τὸ
1211 4188 1429 4256 συνεχὲς
1487 4187 1594 4258 γὰρ
1627 4187 1724 4242 τοῦ
1778 4189 1938 4255 λόγου

374 4283 756 4337 διακόπτουσιν
781 4284 836 4334 ἐν
857 4281 1072 4342 πολλοῖς
1112 4280 1168 4332 αἱ
1203 4279 1556 4348 προφητεῖαι,
1587 4278 1676 4330 διὰ
1725 4278 1784 4330 τὸ
1829 4280 1941 4330 δεῖν

375 4377 545 4439 αὑτὰς
573 4375 965 4439 συσκιὰζεσθαι
994 4373 1154 4438 τέως,
1216 4373 1303 4424 ἵνα
1341 4371 1415 4441 μὴ
1485 4371 1581 4423 καὶ
1642 4371 1712 4423 τὰ
1759 4371 1940 4441 βιϐλία

377 4469 529 4541 παρὰ
556 4469 664 4521 τῶν
684 4467 892 4537 ἐχθρῶν
923 4465 1306 4533 ἐξαλειφῖὦσι.
1364 4465 1472 4516 Καὶ
1521 4464 1942 4532 οἰκοδομοῦντας

2045 1970 2101 2025 ἱιι
2144 1987 2258 2037 eas,
2311 1972 2507 2041 inquit,
2550 1988 2702 2040 agam
2739 1977 2942 2041 gratias
2992 1976 3223 2032 Domino
3268 1988 3321 2032 et
3386 1979 3621 2032 laudabo

2043 2080 2191 2129 eum,
2225 2065 2386 2119 sicuti
2419 2065 2698 2135 pollicitus
2728 2082 2871 2121 Sllm.
2919 2066 3019 2120 Per
3058 2080 3244 2138 portas
3289 2079 3471 2127 autem
3525 2073 3618 2140 ju-

2044 2159 2226 2222 stitim,
2271 2159 2636 2224 tabernaculi,
2691 2169 2746 2213 ut
2799 2159 3062 2228 diximus,
3115 2173 3302 2232 portas
3353 2163 3616 2234 iutellige,

2044 2265 2142 2305 seu
2186 2249 2579 2315 Ecclesiarum,
2624 2266 2747 2320 quae
2795 2252 3000 2319 ubique
3057 2253 3306 2309 locorum
3357 2264 3510 2320 sunt,
3562 2257 3618 2310 in

2043 2341 2478 2412 quibnsjustitia
2515 2356 2621 2396 una
2646 2359 2766 2397 cum
2803 2345 3033 2414 reliquis
3056 2346 3353 2403 virtutibus
3393 2349 3616 2412 colitur,

2043 2444 2096 2490 et
2130 2437 2276 2490 intra
2305 2451 2442 2505 quas
2472 2435 2667 2492 beatus
2701 2435 2866 2492 David
2898 2440 3205 2509 ingressus,
3244 2457 3338 2512 per
3374 2444 3616 2510 psalmos

2045 2543 2176 2584 suos
2208 2528 2507 2598 condignas
2544 2543 2642 2598 pro
2686 2530 2856 2586 tantis
2893 2532 3174 2589 beneficiis
3219 2532 3455 2589 Domino
3494 2551 3618 2606 gra-

2045 2623 2147 2676 tias
2183 2620 2314 2694 agit.

2117 2712 2380 2771 “235.20.
2403 2715 2530 2771 Haec
2543 2728 2696 2785 porta
2717 2717 3098 2788 Domini,justi
3120 2721 3393 2774 intrabunt
3411 2723 3464 2776 in
3477 2740 3616 2777 eam.

2046 2804 2271 2863 Videtur
2303 2811 2435 2863 mihi
2467 2809 2762 2880 Propheta,
2796 2822 3007 2866 arctam
3043 2813 3193 2867 illam
3235 2825 3398 2883 atque
3437 2833 3613 2885 angn-

2046 2908 2184 2955 stam
2222 2915 2432 2970 portam
2488 2902 2728 2972 signare,
2772 2905 2837 2956 de
2869 2919 2976 2973 qua
3020 2903 3280 2959 Dominus
3330 2907 3384 2958 in
3437 2906 3618 2961 Evan-

2042 2993 2199 3062 geliis
2235 2993 2309 3047 ait
2356 3011 2370 3047 :
2410 2993 2620 3047 Intrate
2666 3010 2757 3062 per
2808 2995 3092 3065 angustam
3122 2998 3416 3065 portam".
3457 2983 3614 3054 ilanc

2042 3085 2243 3139 etenim
2277 3086 2614 3154 proyheticis
2653 3087 2831 3141 oeulis
2888 3101 3125 3141 cernens
3179 3087 3373 3141 beatus
3425 3087 3616 3149 David,

2043 3178 2261 3241 clamat,
2301 3178 2537 3231 dicens:
2583 3178 2705 3232 llaec
2735 3187 2817 3232 est
2845 3188 3002 3247 porta
3055 3177 3309 3238 Domini:
3368 3181 3483 3234 hme
3531 3195 3617 3235 cst

2046 3269 2131 3321 illa
2167 3275 2341 3337 porta,
2395 3269 2461 3325 de
2497 3285 2601 3336 qua
2637 3269 2896 3324 Dominus
2929 3268 3087 3326 Jesus
3119 3269 3372 3326 Christus
3397 3272 3612 3326 docebit

2045 3375 2178 3425 vos;
2216 3361 2319 3424 vel,
2361 3361 2450 3413 illa
2496 3371 2674 3430 porta.
2729 3377 2852 3430 qua:
2889 3362 2954 3414 ad
3004 3361 3286 3417 Christum
3339 3363 3526 3432 ducit;
3562 3378 3616 3418 et

2043 3452 2242 3505 deinde
2268 3450 2479 3506 addidit
2510 3451 2652 3521 quod
2679 3452 2816 3520 justi
2844 3462 3052 3506 tantum
3087 3455 3371 3508 intrabunt
3391 3457 3442 3509 in
3469 3472 3611 3514 eam.

2045 3544 2150 3598 hoc
2184 3555 2286 3610 est,
2320 3559 2413 3614 per
2445 3560 2587 3599 eam.
2618 3543 2986 3611 Quamobrem
3017 3547 3130 3614 ipse
3159 3548 3323 3601 etiam
3353 3548 3616 3605 Christus

2044 3636 2200 3700 dixit,
2228 3637 2366 3705 quod
2390 3638 2548 3705 pauci
2569 3648 2709 3701 sunt,
2746 3639 2834 3706 qui
2876 3639 3145 3692 inveniunt
3172 3657 3291 3693 eam
3313 3642 3379 3697 “.

2113 3727 2282 3785 Vens.
2314 3730 2404 3784 21.
2436 3729 2761 3798 Caitﬁtebor,
2788 3733 2915 3796 quia
2941 3733 3208 3784 exaudisti
3234 3749 3333 3798 me,
3364 3744 3412 3788 et
3443 3735 3618 3804 facins

2043 3837 2095 3875 cs
2133 3822 2259 3875 mihi
2301 3824 2354 3874 in
2408 3822 2656 3877 salutem.
2706 3822 2928 3878 Rursus
2973 3823 3258 3893 pollicetar
3300 3841 3360 3879 se
3410 3831 3615 3897 gratias

2047 3923 2298 3966 acturum
2328 3915 2459 3969 Deo.

2117 4004 2279 4062 Vens.
2329 4007 2420 4061 3'2.
2483 4005 2733 4074 Lapidem
2784 4025 2932 4078 quem
2991 4009 3401 4076 reprobat-erunt
3435 4012 3622 4081 :wdi/i.

2016 4109 2251 4165 .cautes,
2308 4100 2391 4153 .‘tic
2453 4101 2627 4170 factus
2681 4112 2754 4153 est
2809 4105 2862 4154 iu
2920 4114 3076 4169 caput
3119 4105 3323 4172 anguli.
3367 4105 3492 4159 lla:c
3536 4115 3621 4159 est

2043 4194 2206 4245 etiam
2242 4194 2548 4262 prophetia,
2584 4207 2703 4262 qua:
2733 4196 2798 4245 ad
2837 4193 3116 4246 Christum
3164 4196 3418 4263 pertinet.
3485 4197 3617 4249 Ani-

2047 4285 2491 4339 madverteudum
2544 4301 2673 4339 vero
2727 4297 2840 4350 est,
2898 4287 3194 4356 prophetas
3225 4303 3464 4356 pers:epe
3504 4305 3622 4345 sei—

2047 4392 2259 4429 moncm
2289 4377 2562 4444 inet-ptum
2586 4376 2914 4431 intercidere
2946 4395 2959 4429 :
2993 4393 3053 4430 ca
3087 4378 3346 4430 nimirum
3378 4379 3615 4442 ratione,

2052 4481 2108 4520 ιιι
2156 4470 2283 4536 ipsa:
2341 4469 2657 4538 prophetiae,
2715 4469 2903 4522 umbra
2949 4469 3184 4538 quadam
3240 4484 3302 4522 ac
3350 4473 3620 4526 velamine

383 4563 481 4631 μὲν
526 4561 673 4626 λέγει
703 4561 824 4620 τοὺς
863 4559 1164 4628 ἀρχιερεῖς,
1226 4557 1355 4619 τοὺς
1406 4558 1782 4627 γραμματεῖς,
1816 4557 1941 4619 τοὺς

2051 4561 2401 4627 obtegantui-,
2425 4575 2490 4613 ne
2524 4563 2568 4614 si
2602 4562 2844 4628 apertius
2897 4563 3268 4624 traderentur,
3313 4566 3489 4633 majus
3523 4581 3614 4620 sa-

373 4651 721 4712 διδασκάλους
751 4649 857 4701 τῶν
902 4648 1189 4710 Ἰουδαίων,
1244 4647 1319 4710 ὡς
1377 4647 1936 4718 προκεχειρισμένους

379 4734 680 4808 οἰκοδομεῖν
707 4740 799 4792 καὶ
829 4737 1182 4809 καταρτίζειν
1204 4745 1292 4792 τὸν
1313 4738 1461 4802 λαὸν,
1493 4739 1584 4792 ἐπὶ
1611 4738 1686 4807 τῷ
1706 4737 1943 4807 θεμελίῳ

377 4835 470 4886 τοῦ
495 4833 660 4902 νόμου
685 4848 698 4862 ο
731 4831 877 4883 λίθον
911 4831 967 4882 δὲ
1002 4830 1509 4898 ἀποδοκιμασῡέντα
1544 4829 1637 4882 τὸν
1669 4829 1904 4898 Χριστόν
1927 4844 1940 4858 ο

377 4927 525 4978 λίθον
553 4926 673 4993 μὲν,
693 4923 779 4976 διὰ
801 4923 859 4974 τὸ
880 4923 1238 5003 στερῤὸνηκαὶ
1256 4921 1536 4974 ἀνένδοτον
1553 4921 1688 4990 πρὸς
1708 4923 1905 4974 κακίαν
1927 4936 1941 4950 υ

385 5017 702 5088 ’Λμσρτίιιν
733 5015 861 5082 γὰρ,
898 5015 1084 5084 φησὶν,
1109 5017 1221 5069 οὐκ
1239 5014 1558 5076 ἐποίησεν·
1593 5013 1944 5083 Ἀπεδοκίμα-

373 5127 472 5164 σαν
501 5107 556 5160 δὲ
579 5108 763 5170 αὐτὸν,
782 5107 852 5167 ὡς
866 5107 1160 5175 ἄχρηστον,
1186 5107 1264 5166 εἰς
1281 5105 1570 5174 οἰκοδομήν
1591 5120 1603 5132 °
1633 5106 1817 5173 ἔλεγον
1836 5108 1945 5175 γὰρ

371 5202 476 5265 ὅτι,
495 5199 862 5267 Σαμαρείτης
899 5194 953 5252 εἲ
981 5197 1060 5248 σύ
1088 5210 1101 5223 ο
1127 5198 1220 5247 καὶ
1249 5196 1350 5256 ὅτι,
1372 5191 1560 5260 Θῦτος
1591 5199 1622 5248 ό
1645 5195 1945 5262 ἅνθρι-πος

373 5295 484 5345 οὐκ
545 5290 716 5343 ἐστιν
783 5290 851 5342 ἐκ
895 5289 1001 5341 τοῦ
1061 5287 1244 5350 Θεοῦ,
1279 5286 1539 5340 -ἀλλὰ
1590 5286 1794 5356 πλανᾷ
1838 5291 1946 5342 τὸν

374 5385 580 5452 ὄχλον.
608 5382 749 5434 Ἀλλ’
781 5381 928 5451 ὅμως
955 5375 1106 5441 οὗτος
1130 5380 1159 5431 ὁ
1210 5381 1339 5441 παρ⁶
1381 5379 1559 5431 αὐτῶν
1605 5381 1942 5449 ἀποδοκιμα-

377 5476 525 5539 σθεὶς
549 5473 717 5535 οὕτως
741 5475 913 5542 ἐφάνη
931 5472 1170 5541 δόκιμος,
1199 5469 1272 5533 ὡς
1300 5471 1556 5538 γενέσθαι
1584 5473 1664 5534 είς
1696 5473 1940 5543 κεφαλὴν

375 5566 600 5634 γωνίας,
638 5567 828 5634 ἤγουν,
863 5562 936 5626 ὼς
965 5564 1382 5630 ἁκρογωνιαίος.
1411 5566 1486 5617 Οὐ
1541 5567 1646 5627 πᾶς
1679 5565 1734 5617 δὲ
1795 5566 1940 5630 λίθος

374 5661 586 5731 γίνεται
615 5659 1028 5728 ἀκρογωνιαῖος,
1048 5656 1161 5708 ἀλλ’
1183 5658 1210 5709 ὁ
1241 5657 1348 5708 τῶν
1372 5658 1507 5710 ὅλων
1535 5657 1926 5729 δοκιμώτεροῇ

484 5847 528 5879 ι³
561 5844 752 5899 Matth.
793 5859 887 5904 νιι,
931 5842 1046 5895 l5.-
1091 5839 1137 5873 “
1163 5841 1297 5896 Ibid.
1334 5844 1421 5898 Η.

664 5938 934 5998 ΡΛτιιοι..
967 5936 1082 5996 Gn.
1110 5936 1293 5997 CX.“
1319 5940 1417 5999 lit.

1500 5846 1590 5899 ’⁵1
1631 5846 1780 5904 i’ctr.
1839 5862 1898 5913 ιι,
1948 5845 2037 5900 ‘22.

2055 4651 2163 4704 eris
2198 4648 2377 4704 Liliris
2408 4652 2716 4707 immineret
2757 4651 2824 4705 ab
2869 4652 3110 4706 inimicis
3149 4655 3477 4722 periculum.
3519 4657 3618 4712 lle-

2055 4743 2228 4795 Irri-nt
2269 4745 2413 4797 enim
2444 4759 2540 4798 eos
2589 4759 2778 4798 omnes
2825 4744 3095 4800 fortassis.
3137 4746 3240 4800 Per
3287 4749 3616 4802 aediﬁcantes

2055 4841 2259 4899 autem,
2292 4833 2632 4888 sacerdotum
2667 4837 2937 4904 principes
2986 4836 3236 4906 intelligit
3293 4853 3359 4892 ac
3403 4841 3616 4894 scribas

2051 4934 2105 4976 et
2133 4926 2384 4980 doctores
2409 4923 2748 4992 Iudaeorum,
2777 4929 2980 4997 quibus
3020 4945 3152 4984 cura
3184 4934 3476 4988 commissa
3503 4934 3620 4988 fue-

2055 5026 2135 5068 rat
2189 5017 2491 5071 aedificandi
2550 5028 2604 5073 et
2680 5021 2991 5088 perliciendi
3045 5021 3298 5090 populum
3334 5025 3388 5078 in
3420 5023 3617 5080 funda-

2052 5118 2236 5159 mento
2283 5111 2442 5178 legis.
2495 5110 2658 5178 Lapis
2695 5127 2823 5165 vero
2877 5113 3223 5181 rcprobatus,
3283 5115 3403 5169 sine
3449 5117 3617 5171 dubio

2049 5200 2300 5256 Christus
2330 5212 2442 5268 est;
2481 5205 2616 5272 lapis
2639 5204 2859 5271 quidem
2892 5204 2962 5258 ob
2996 5221 3264 5259 summam
3285 5209 3614 5264 soliditatem

2049 5307 2111 5345 ne
2144 5294 2508 5348 constantiam
2564 5296 2824 5350 adversus
2883 5297 3066 5349 omnia
3117 5299 3294 5352 vitia:
3329 5299 3609 5355 Peccatum

2051 5386 2217 5447 cnim,
2246 5387 2443 5455 inquit,
2474 5404 2574 5440 non
2608 5389 2730 5456 fecit
2753 5389 2833 5454 ’5;
2873 5391 3192 5456 reprobatus
3222 5409 3346 5448 vero
3380 5409 3449 5448 at)
3482 5395 3616 5448 mdi-

2053 5475 2366 5542 ficantibns,
2409 5485 2467 5531 ut
2514 5478 2764 5532 inutilis:
2811 5481 2936 5548 quia
2992 5479 3163 5534 Judaei
3203 5484 3610 5538 Samaritanuni

2051 5584 2174 5623 eum
2209 5569 2482 5639 dicebant,
2511 5581 2562 5624 et
2593 5573 2861 5640 negabant
2900 5588 3022 5626 eum
3060 5590 3184 5630 esse
3211 5594 3238 5628 ιι
3282 5575 3409 5630 Deo.
3439 5576 3615 5642 Quiu-

2052 5664 2159 5719 imo
2213 5664 2392 5733 populi
2444 5663 2785 5720 seductorem
2829 5665 3192 5735 appellabant.
3229 5665 3426 5723 Verum
3481 5671 3619 5741 lapis

3063 5932 3135 5995 36
