4120 6296
323 376 473 445 H33

328 587 449 658 ἦτοι
475 585 534 639 ιν
567 584 795 657 ὀνόματι
827 584 990 652 Θεοῦ,
1021 584 1325 653 τουτέστιν,
1383 584 1559 658 δνομα
1585 582 1723 639 θεοῦ
1757 583 1915 656 ἔχων.

392 767 830 839 Εὐλογήκαμεν
857 765 1014 840 ὑμᾶς
1041 767 1110 835 ἐξ
1136 769 1312 824 οἴκου
1348 765 1597 836 Κυρίου.
1635 767 1830 837 Ἡμεῖς
1869 768 1918 820 οἱ

325 863 524 929 ειδότες
547 863 724 918 ταῦτα
741 864 1126 936 εὐλογήκαμεν
1161 865 1330 936 ὑμᾶς,
1355 857 1402 918 ὦ
1428 865 1489 929 ἑξ
1518 862 1670 918 οίκου
1705 861 1914 936 Κυρίου

327 953 627 1026 ἄνθρωποι,
651 949 697 1007 ὦ
743 955 843 1026 τῆς
883 955 1216 1026 Ἐκκλησίας
1264 955 1582 1026 θρέμματα,
1611 954 1691 1018 ὡς
1733 955 1915 1007 τοιοῦ-

327 1064 436 1101 των
476 1047 899 1121 ἀξιωθένταςοή
946 1047 1094 1117 ὑμᾶς
1149 1047 1212 1115 ἐξ
1261 1048 1416 1103 οτκου
1472 1049 1684 1119 Κυρίου
1731 1047 1916 1111 ὄντας.

335 1135 499 1203 Οἶκος
530 1139 587 1194 δὲ
611 1141 843 1209 Κυρίου,
870 1144 904 1212 ή
940 1141 1242 1212 Ἐκκλησία
1262 1139 1373 1194 τῶν
1397 1139 1634 1195 πιστῶν.

399 1231 546 1300 Θεὸς
580 1235 823 1302 Κύριος,
857 1234 957 1288 καί
1003 1234 1313 1304 ἐπέφαγεν
1341 1231 1508 1305 ἡμῖν.
1554 1233 1688 1299 Θεός
1714 1234 1863 1287 ἐστιν
1889 1232 1921 1287 ό

327 1325 589 1393 Χριστὸς.
623 1326 832 1396 Κύριός
862 1328 1010 1381 ἐστιν
1038 1328 1068 1380 ό
1100 1325 1357 1397 Χριστός.
1394 1326 1504 1380 Καὶ
1538 1324 1780 1394 ἐπίφανε
1803 1327 1920 1388 τοϊς

331 1417 643 1489 ἀνθρώποις
695 1419 785 1473 διὰ
837 1419 941 1490 τῆς
995 1419 1494 1491 ἔνανθρωπήσεως.
1534 1418 1624 1481 Ὠς
1654 1417 1920 1486 γεγονότα

323 1510 382 1565 δὲ
413 1511 565 1581 λέγει
595 1511 664 1565 τὰ
702 1511 990 1581 μέλλοντα,
1015 1512 1171 1583 νόμῳ
1207 1512 1584 1584 προφητείας.

394 1604 804 1672 Συστήσασθε
824 1605 1047 1675 ἑορτὴν
1085 1607 1158 1660 ἐν
1188 1606 1316 1674 τοῖς
1373 1603 1773 1670 πυκάζουσιν,
1807 1604 1921 1672 ἕως

335 1692 458 1746 τῶν
490 1695 760 1762 κεράτων
816 1696 923 1750 τοῦ
979 1698 1442 1766 θυσιαστηρίου.
1492 1691 1585 1761 Εἷς
1618 1697 1715 1767 μὲν
1750 1699 1922 1768 ἑρμη-

323 1789 524 1858 νευτής
558 1805 727 1858 φησιν
761 1805 778 1821 ο
832 1789 1196 1860 Ἐορτάσατε
1217 1791 1287 1846 ἐν
1315 1791 1442 1857 τοῖς
1461 1793 1912 1855 καλύπτουσιν,

323 1878 496 1949 ήγουν
519 1881 579 1932 ὲν
636 1880 872 1948 θυσίαις,
939 1880 1350 1946 καλυπτούσαις
1405 1881 1467 1936 τὸ
1525 1881 1915 1956 θυσιαστήριον

324 1971 456 2043 ἄχρι
480 1971 589 2026 τῶν
619 1974 873 2045 κεράτων
902 1974 1074 2027 αὑτοῦ
1099 1990 1113 2006 ·
1160 1975 1374 2047 κέρατα
1407 1974 1488 2043 δὲ,
1519 1975 1589 2029 τὰ
1615 1975 1914 2048 ἀκρότατα.

331 2063 570 2134 Ἕτερος
600 2065 668 2119 δέ
688 2082 701 2095 ·
763 2065 1128 2139 Ἓορτάσατε
1181 2066 1252 2121 ἐν
1292 2067 1420 2135 τοῖς
1457 2067 1915 2136 βλαστάνουσι,

327 2159 630 2225 τουτέστιν,
661 2161 720 2213 ἐν
751 2165 1040 2232 στεφάνοις
1073 2161 1305 2228 ἀνθέων,
1331 2165 1428 2215 καὶ
1454 2162 1695 2226 κλάδοις.
1730 2162 1918 2218 Πυκά-

328 2247 446 2316 ζειν
475 2251 586 2323 γὰρ
610 2254 754 2308 κατὰ
808 2255 912 2325 μέν
961 2271 1139 2324 τινας,
1175 2261 1237 2311 τό
1285 2257 1655 2312 καλύπτειν
1697 2258 1840 2312 κατὰ
1857 2257 1914 2311 δέ

329 2358 505 2407 τινας,
566 2343 629 2398 τὸ
671 2345 1077 2410 βλαστάνειν.
1133 2349 1512 2420 Προτρέπεται
1570 2349 1630 2404 δὲ
1675 2352 1705 2404 ό
1757 2351 1917 2414 λόγος

331 2432 614 2505 ἑορτάζειν
674 2436 945 2508 λαμπρῶς
969 2455 988 2473 ο
1023 2439 1147 2495 καθ’
1186 2440 1473 2513 Ἐϐραίους
1509 2443 1630 2510 μὲν.
1657 2441 1733 2506 ὦς
1763 2442 1918 2514 εἴρη-

333 2543 422 2580 ται
441 2543 456 2557 ⁸
495 2529 616 2583 καθ’
643 2531 794 2602 ἡμᾶς
822 2532 882 2587 δὲ
925 2533 1143 2597 θυσίαις
1177 2537 1578 2606 πνευματικαῖς
1607 2534 1920 2590 καλυπτού-

337 2635 459 2683 σαις
491 2619 571 2691 τῷ
601 2622 798 2694 πλήθει
849 2623 914 2679 τὸ
951 2626 1341 2697 θυσιαστήριον
1401 2624 1500 2696 τῆς
1563 2625 1765 2698 ψυχῆς,
1825 2628 1922 2681 καὶ

336 2715 626 2782 στεφάνοις
650 2716 888 2787 ἀρετῶν,
922 2719 1016 2772 καὶ
1046 2721 1267 2782 κλάδοις
1292 2718 1684 2788 ἀγαθοεργίας.

1489 373 1881 440 COMMENT.
1927 375 2007 437 IN
2038 376 2399 441 PSALMOS.

324 492 421 548 καί
443 493 517 547 οὑ
541 490 879 563 λαμϐάνετέ
892 508 992 564 με.
1044 529 1061 557 ,
1089 493 1184 560 Ἦ,
1252 491 1354 547 ἐν
1397 491 1644 564 ὀνόματι
1678 491 1920 560 Κυρίου,

2030 509 2131 548 non
2175 494 2420 562 accipitis
2459 510 2539 548 me
2573 491 2639 548 ".

3465 374 3603 440 1134

2707 492 2825 558 Vel,
2883 491 2944 546 In
2981 493 3187 547 nomine
3231 491 3466 560 Domini,
3505 509 3601 564 pre

2021 589 2080 644 In
2138 590 2357 644 nomine
2393 587 2510 652 Dei,
2547 603 2614 642 eo
2645 586 2790 657 quod
2846 583 3100 641 Christus
3147 582 3240 640 Dei
3265 599 3468 642 nomen
3505 585 3594 640 ha-

2022 681 2134 746 bet,
2167 689 2384 750 estque,
2434 689 2487 733 et
2524 680 2830 750 appellatur
2864 677 3030 732 Deus.

2093 774 2465 830 Bonediximus
2495 774 2636 826 vobis
2676 775 2740 824 de
2781 772 2939 826 domo
3018 769 3254 826 Domini.
3307 768 3416 826 Nos
3469 784 3598 839 pro-

2025 867 2221 938 phetas,
2253 867 2452 937 inquit,
2506 864 2599 935 qui
2639 864 2769 917 olim
2828 870 2978 917 tanta
3033 862 3392 932 prtevidimus
3428 861 3596 922 bona,

2022 959 2402 1016 benediximus
2459 957 2614 1012 vobis
2659 956 3000 1021 hominibus,
3052 955 3146 1025 qui
3178 954 3312 1009 estis
3341 966 3406 1008 ex
3436 955 3600 1006 domo

2022 1054 2260 1119 Domini,
2310 1053 2400 1123 qui
2435 1054 2575 1106 estis
2634 1049 2897 1104 Ecclesiae
2957 1063 3111 1119 grex,
3159 1054 3215 1103 et
3241 1045 3390 1116 digni
3422 1044 3602 1101 εσσειὶ

2021 1149 2181 1213 estis,
2218 1146 2422 1217 quibus
2474 1142 2896 1200 benedicamus.

2094 1239 2255 1296 Vens.
2284 1237 2374 1293 27.
2407 1237 2549 1291 Deus
2583 1233 2862 1290 Dominus.
2895 1242 2943 1288 et
2966 1232 3218 1302 apparuit
3250 1231 3424 1286 nobis.
3449 1229 3612 1286 Cbri-

2021 1344 2164 1400 stus,
2220 1333 2314 1405 qui
2343 1347 2440 1402 per
2477 1331 2914 1385 incarnationem
2984 1341 3142 1380 suam
3178 1322 3492 1379 hominibus
3514 1337 3613 1392 ap-

2021 1430 2222 1500 paruit,
2271 1425 2418 1480 Deus
2463 1438 2528 1478 ac
2564 1421 2830 1475 Dominus
2873 1427 2979 1473 est.
3036 1416 3370 1486 PrOphetico
3420 1419 3606 1468 autem

2021 1537 2176 1577 more
2204 1521 2390 1576 futura
2422 1524 2610 1572 narrat
2655 1524 2916 1579 tanquam
2951 1511 3249 1580 praterita.

2093 1612 2416 1670 Constituite
2449 1609 2835 1664 solemnitatem
2888 1609 2945 1658 in
2989 1603 3294 1666 condensis,
3343 1615 3507 1670 usque
3540 1597 3608 1653 ad

2022 1725 2223 1764 cornua
2259 1706 2472 1760 altaris.
2505 1704 2659 1761 Unus
2691 1703 2911 1773 quidem
2945 1701 3312 1770 interpretum
3332 1691 3608 1763 exposuit:

2022 1803 2177 1874 Agite
2202 1799 2556 1856 celebritatem
2595 1799 2648 1852 in
2679 1795 3060 1868 operientibus,
3127 1791 3234 1846 boc
3262 1796 3369 1854 est,
3427 1787 3484 1840 In
3519 1801 3610 1840 sa-

2020 1895 2286 1962 criﬁciis;
2347 1908 2444 1964 per
2491 1906 2613 1963 quas
2666 1891 2842 1944 altare
2891 1887 3097 1958 operiri
3155 1897 3218 1937 ac
3279 1881 3389 1952 tegi
3445 1877 3609 1942 solet,

2023 1999 2199 2056 usque
2241 1984 2309 2039 ad
2366 1982 2489 2053 ejus
2537 1992 2769 2043 cornua,
2829 1977 2935 2031 hoc
2995 1982 3104 2038 est,
3158 1986 3336 2041 usque
3373 1967 3444 2024 ad
3488 1967 3612 2039 ejus

2024 2077 2420 2136 extremitates.
2493 2073 2652 2127 Alius
2719 2085 2844 2125 vero
2901 2085 2916 2123 :
2977 2065 3361 2128 Festivitatem,
3411 2061 3610 2130 inquit.

2025 2175 2166 2245 agite
2212 2174 2270 2226 in
2325 2166 2773 2243 germinantibus,
2827 2165 2933 2219 boc
2998 2171 3104 2226 est,
3161 2160 3219 2214 In
3288 2154 3610 2211 ﬂorentibus

2017 2266 2271 2330 coronis,
2332 2274 2498 2333 atque
2577 2261 2634 2314 in
2703 2257 3010 2313 virentibus
3067 2255 3328 2310 arborum
3401 2250 3610 2306 ramis:

2017 2357 2263 2412 Graecam
2316 2354 2465 2410 enim
2497 2351 2794 2407 dictionem
2830 2346 3121 2412 πυκὰζειν,
3175 2359 3298 2415 qua:
3327 2343 3417 2398 hic
3445 2342 3614 2397 babe-

2022 2457 2112 2501 tur
2151 2446 2242 2501 alii
2288 2445 2434 2499 idem
2488 2444 2803 2513 signiticsre
2856 2437 3263 2500 intellexerunt,
3302 2434 3449 2508 quod
3485 2450 3612 2503 ope-

2023 2534 2152 2599 rire,
2187 2532 2280 2587 alii
2340 2547 2473 2586 vero
2525 2532 2693 2594 idem,
2741 2529 2889 2600 quod
2931 2528 3248 2600 germinare.
3282 2523 3399 2581 Hoc
3428 2533 3612 2580 autem

2022 2640 2280 2683 sermone
2309 2623 2540 2679 omnino
2571 2624 2702 2677 illud
2731 2621 3050 2686 suademur,
3090 2627 3152 2673 ut
3197 2618 3469 2675 celebrem
3501 2617 3615 2674 Deo

2023 2736 2087 2776 ac
2126 2719 2470 2789 splendidam
2517 2717 2925 2773 solemnitatem
2951 2731 3203 2786 agamus,
3228 2727 3281 2771 et
3307 2731 3430 2787 quae
3455 2714 3611 2785 juxta

335 2809 595 2869 lIebrmos
623 2815 871 2886 quidem,
915 2816 1171 2872 eomodo
1214 2816 1424 2886 agenda
1463 2827 1570 2884 est,
1621 2821 1682 2869 ut
1724 2814 1839 2886 jam
1893 2816 2176 2886 diximus;
2211 2818 2365 2888 juxta
2419 2813 2609 2869 ﬁdeles
2678 2826 2809 2868 vero
2841 2811 3226 2883 spiritualibus
3287 2813 3613 2868 celebranda

335 2917 422 2962 est
448 2905 756 2971 sacriﬁciis,
824 2913 881 2962 et
937 2907 1200 2963 virtutum
1252 2909 1498 2976 coronis,
1535 2909 1921 2980 bonorumque
1955 2925 2186 2982 operum
2247 2909 2462 2966 ramis:
2508 2922 2742 2979 quorum
2801 2907 3078 2965 densitate
3145 2924 3209 2964 ac
3251 2909 3411 2980 copia
3449 2910 3616 2965 .inri-

336 3001 497 3059 sibile
521 3001 719 3056 animus
750 3009 950 3056 nostra:
979 3000 1275 3071 obtegatur
1301 3004 1498 3058 altare.

409 3093 554 3158 Θεός
575 3110 690 3162 μου
713 3089 773 3147 ετ
789 3092 897 3158 σὺ,
923 3093 1024 3147 καί
1047 3093 1577 3165 ἐξομολογησομαί
1597 3109 1722 3149 σοι·
1766 3097 1913 3162 ϐοός

2089 3092 2255 3148 γεω.
2299 3089 2389 3146 28.
2452 3088 2588 3143 Deus
2636 3105 2780 3144 meus
2811 3105 2865 3144 es
2921 3099 3000 3154 tu,
3055 3101 3102 3144 et
3154 3091 3443 3160 conﬁtebor
3469 3092 3566 3147 tibi
3594 3107 3616 3147 :

338 3203 455 3256 μου
493 3183 552 3240 εἶ
571 3188 676 3253 σὺ,
714 3185 816 3240 καί
861 3188 1089 3257 ῠψώσω
1140 3203 1217 3242 σε
1244 3205 1259 3219 ·
1293 3188 1428 3253 Θεός
1467 3205 1569 3259 μου
1607 3183 1660 3243 εῐ
1709 3186 1795 3244 ei.
1825 3187 1916 3242 Διὸ

2030 3183 2168 3241 Deus
2193 3197 2336 3238 meus
2359 3197 2411 3236 cs
2440 3191 2516 3242 ιιι,
2553 3190 2604 3235 et
2632 3179 2883 3235 exaltabo
2918 3187 2982 3234 ts.
3031 3179 3127 3246 Ea,
3158 3181 3354 3252 inquit,
3377 3184 3613 3249 ratione,

338 3279 512 3349 χωρὶς
545 3272 618 3331 ὦν
638 3278 1041 3349 εὐηργετήθην,
1065 3278 1448 3351 εὐχαριστήσω
1461 3295 1566 3343 σοι,
1597 3283 1692 3336 καὶ
1707 3281 1921 3345 δοξάσω

2030 3275 2157 3347 quia
2186 3274 2331 3329 Deus
2386 3287 2543 3326 incita
2593 3286 2676 3332 es.
2724 3286 2752 3324 a
2788 3288 2873 3325 me
2906 3272 3006 3326 tibi
3081 3273 3335 3328 innxium
3393 3276 3617 3344 agenda:

339 3388 419 3425 σε.
459 3369 581 3443 Χρὴ
634 3370 744 3442 γὰρ
785 3371 1134 3442 εὐχαριστεῖν
1160 3371 1238 3442 τῷ
1271 3372 1557 3437 Κτίσαντι,
1623 3373 1715 3425 καὶ
1736 3372 1825 3427 διὰ
1861 3371 1922 3424 τό

2034 3375 2165 3425 sunt
2216 3365 2428 3436 gratim,
2477 3364 2693 3415 tametsi
2753 3363 2902 3416 nulla
2957 3363 3010 3417 in
3064 3379 3150 3418 me
3187 3363 3456 3420 hactenus
3484 3379 3620 3420 con-

340 3464 523 3517 κτίσαι
556 3464 738 3532 μόνον,
764 3469 858 3519 καὶ
886 3464 1258 3535 προνοεῖσθαι.

2035 3457 2258 3513 tulisses
2288 3453 2573 3509 beneﬁcia.
2620 3453 2848 3521 Oportet
2900 3453 3047 3508 enim
3091 3468 3192 3509 nos
3232 3454 3338 3508 Deo
3379 3461 3616 3518 creatori

342 3558 550 3628 gratias
579 3573 765 3630 agere,
795 3569 851 3617 et
887 3561 1042 3615 illum
1100 3560 1433 3630 gloriﬁcare,
1475 3568 1530 3616 et
1597 3561 1726 3632 quia
1764 3557 1973 3616 creavit
2047 3567 2167 3618 nos,
2240 3557 2296 3606 et
2360 3547 2490 3619 quia
2586 3555 2899 3616 perpetuam
2975 3548 3148 3600 ttnstri
3218 3547 3617 3616 providentiam

341 3654 526 3711 habet.

422 3750 985 3822 'EtEottoJoMaopal
1031 3767 1154 3818 σοι,
1219 3752 1310 3807 ὅτι
1366 3752 1716 3819 ἐπήκουσά(
1775 3769 1920 3822 μου,

344 3845 444 3898 καὶ
483 3843 696 3915 ἐγένου
743 3862 848 3915 μοι
893 3847 980 3911 εις
1039 3853 1367 3917 σωτηρίαν.
1405 3849 1803 3921 Εὐχαριστήσω
1843 3863 1926 3901 σοι

343 3935 431 3990 διὰ
452 3937 676 3999 παντὸς,
709 3937 787 3999 ὡς
819 3938 1111 4010 εὐεργέτῃ.

425 4030 928 4100 Ἐξομολογεῖσθε
973 4031 1050 4096 τῷ
1078 4032 1274 4100 Κυρίῳ
1298 4033 1386 4086 ὅτι
1425 4033 1670 4103 ἀγαθὸς,
1718 4034 1809 4087 ὅτι
1839 4036 1928 4098 εις

345 4126 448 4177 τὸν
467 4120 653 4177 αἰῶνα
675 4125 741 4176 τὸ
763 4124 938 4188 ἕλεος
985 4125 1196 4180 αὑτοῦ.
1236 4126 1330 4189 Et;
1357 4126 1451 4179 τὸν
1487 4127 1544 4178 ὲν
1573 4128 1714 4197 ἀρχῇ
1742 4126 1927 4198 στίχον

347 4214 752 4285 ἁποπερασθεὶς
783 4217 810 4268 ό
843 4215 1083 4286 ψαλμὺς,
1120 4215 1320 4271 κύκλον
1358 4220 1637 4287 μιμεῖται,
1686 4234 1927 4290 προτρε-

348 4306 581 4376 πόμενος
633 4301 790 4369 αὖθις
813 4305 905 4359 τὸν
935 4305 1087 4369 λαὸν,
1118 4309 1198 4371 είς
1219 4305 1249 4360 ὃ
1273 4310 1394 4361 κατ’
1443 4307 1642 4379 ἀρχάς.

945 4576 1334 4645 Ἀλληλούτα.

915 4667 1211 4723 ΨΑΛΜΟΣ
1246 4665 1399 4723 Ρ1Η’.

436 4758 646 4823 Πολλὰς
703 4759 1050 4832 πραγμάτων
1104 4760 1410 4829 μεταὸολὰς
1438 4760 1467 4811 ό
1499 4759 1641 4823 θεῖος
1673 4759 1802 4830 ἔσχε
1832 4763 1936 4814 Δα-

349 4852 456 4917 σιδ,
482 4853 558 4916 ὡς
613 4854 710 4906 καὶ
745 4855 801 4907 ὲν
831 4853 909 4924 τῷ
947 4855 1223 4925 προοιμίῳ
1253 4857 1352 4924 τῆς
1398 4854 1681 4924 παρούσης
1747 4851 1932 4922 βίϐλου

348 4943 752 5015 διηγησάμεθα·
813 4948 909 4999 καὶ
971 4946 1079 5016 γάρ
1130 4962 1261 4998 ποτε
1372 4944 1472 5016 μὲν
1539 4946 1711 5016 ἔφυγε
1764 4946 1930 4998 πολε-

354 5038 550 5107 μίους,
612 5035 747 5089 ποτε
800 5036 880 5102 δὲ,
942 5041 1268 5106 περιέπιπτε
1325 5039 1655 5108 συμφοραῖς,
1696 5036 1826 5090 ποτὲ
1877 5036 1935 5091 δὲ

362 5132 784 5203 θυμαρεστέραν
838 5127 946 5201 εἷχε
1020 5132 1200 5202 ζωήνο
1273 5133 1369 5185 καὶ
1443 5130 1537 5184 νῦν
1606 5131 1773 5184 ὥδευε
1835 5132 1933 5202 τὴν

353 5226 506 5278 Θείαν
577 5224 717 5287 ὁδὸν,
788 5223 881 5276 νῦν
936 5224 990 5278 δὲ
1063 5225 1238 5296 ταύτῃ
1297 5225 1700 5295 προσέπταιεν·
1755 5224 1931 5293 ’Λπερ

350 5315 568 5370 ἅπαντα
652 5315 892 5370 συνελὼν
921 5355 936 5382 ,
1016 5317 1272 5388 ήθροισεν
1340 5318 1421 5380 εἰς
1521 5316 1614 5369 τὸν
1687 5314 1930 5386 παρόντα

350 5411 589 5482 ψαλμὸν,
617 5409 848 5476 ὲντάξας
886 5411 1104 5473 καὶτὰς
1132 5411 1418 5480 ἀγράφους
1446 5409 1708 5463 ἑκάστοτε
1763 5423 1933 5478 προσ-

352 5503 668 5575 ενεχθείσας
698 5502 848 5572 αὺτῷ
868 5502 950 5574 τῷ
968 5501 1086 5573 Θεῷ
1109 5502 1342 5573 δεήσεις,
1368 5501 1504 5572 πρὸς
1537 5499 1936 5569 παιδαγωγίαν,

352 5597 446 5650 καὶ
467 5595 737 5664 ὠφέλειαν
764 5594 874 5649 τῶν
920 5595 1383 5666 ἐντυγχανόντων.
1437 5595 1504 5648 Ἀ
1517 5611 1660 5664 ρτιος
1681 5593 1738 5646 δὲ
1777 5588 1934 5656 οὗτος

352 5691 377 5742 ό
412 5685 651 5759 ψαλμὺς,
714 5687 843 5750 τοὺς
900 5687 999 5757 μὲν
1048 5687 1255 5758 ἀρετὴν
1301 5686 1608 5758 μετιόντας.
1657 5685 1925 5750 τελειοῦν,

423 5870 468 5903 ³⁸
504 5868 664 5925 ioan.
709 5883 759 5932 γ,
794 5868 883 5922 45.

2091 3733 2397 3806 Conﬁtebor
2425 3729 2523 3786 tibi
2551 3730 2676 3802 quia
2739 3730 3010 3784 exaudiui
3066 3720 3168 3798 ine,
3237 3743 3285 3786 et
3340 3732 3514 3801 factus
3563 3752 3618 3791 es

2029 3831 2158 3887 mihi
2199 3829 2254 3882 in
2289 3825 2542 3879 salutem.
2568 3819 2808 3887 Gratias,
2843 3821 3046 3893 inquit,
3080 3837 3298 3894 semper
3328 3823 3426 3880 tibi
3460 3840 3616 3896 agam

2035 3937 2097 3977 ut
2129 3916 2516 3977 benefactori.‘

2103 4013 2272 4070 Vens.
2332 4010 2424 4065 29.
2459 4007 2802 4076 Confitemiui
2863 4005 3108 4070 Domtuo,
3150 4009 3400 4078 quoniam
3431 4007 3618 4073 bonus,

2034 4109 2286 4183 quoniam
2319 4110 2374 4160 in
2408 4108 2662 4159 steculum
2694 4101 3064 4156 misericordia
3090 4102 3228 4172 ejus.
3257 4102 3350 4156 llic
3377 4105 3620 4174 psalmus

2033 4205 2228 4260 eodem
2259 4198 2531 4258 versiculo
2586 4197 2748 4252 linem
2778 4194 3008 4260 faciens,
3040 4211 3152 4267 quo
3203 4195 3418 4252 Initium
3472 4213 3622 4253 sum-

2036 4297 2170 4368 psit.
2207 4293 2481 4350 circulum
2519 4303 2683 4360 atque
2731 4289 2922 4343 orbem
2973 4293 3266 4362 quemdam
3299 4291 3548 4346 imitatur
3567 4303 3622 4347 et

2036 4389 2104 4445 ad
2134 4388 2324 4443 eadem
2379 4384 2587 4456 agenda
2635 4399 2834 4440 rursus
2866 4382 3125 4456 populum
3161 4382 3379 4451 suadet,
3413 4383 3480 4438 ad
3503 4401 3625 4455 qua:

1961 4474 2007 4529 1)
2038 4482 2196 4537 initio
2224 4483 2392 4535 etiam
2446 4487 2716 4534 suaserat.

2692 4572 2946 4625 Alleluia.

2535 4661 2857 4719 PSALMUS
2887 4663 3118 4719 CXVIII.

2116 4756 2308 4811 Varias
2338 4766 2516 4811 status
2588 4758 2672 4811 sui
2735 4759 3070 4813 mutationes
3123 4761 3386 4816 sustinuit
3431 4761 3624 4819 beatus

2039 4849 2236 4916 David,
2272 4848 2737 4920 quemadmodum
2758 4851 3001 4906 diximus
3036 4852 3090 4906 in
3111 4852 3387 4910 Prommio
3419 4858 3624 4925 Operis.

2044 4943 2177 5000 Nam
2206 4953 2261 4998 et
2294 4942 2592 5013 aliquando
2648 4942 2776 4998 belli
2826 4945 3068 5012 pericula
3123 4949 3358 5002 evadere
3416 4951 3628 5005 cicon-

2044 5037 2186 5106 tigit.
2225 5035 2520 5105 aliquando
2580 5042 2763 5090 autem
2814 5037 2867 5090 in
2898 5039 3240 5094 calamitates
3272 5041 3538 5109 incidero,
3573 5054 3630 5098 et

2043 5128 2340 5198 aliquando
2377 5127 2734 5197 placidiorem
2757 5143 2823 5183 ac
2861 5131 3038 5202 magis
3086 5134 3436 5201 tranquillam
3460 5136 3624 5189 vitam

2045 5220 2252 5276 habere
2291 5239 2305 5275 :
2347 5227 2402 5274 et
2453 5219 2616 5272 modo
2668 5220 2885 5290 quidem
2943 5237 3040 5292 per
3085 5225 3468 5280 mandatorum
3530 5226 3624 5282 Dei

2039 5317 2182 5370 viain
2236 5315 2489 5377 incessit,
2527 5316 2689 5370 modo
2721 5332 2849 5372 vero
2873 5317 2941 5371 ab
2984 5316 3074 5370 illa
3100 5317 3323 5376 decidit.
3351 5318 3484 5385 Quae
3505 5335 3625 5375 om-

2045 5410 2134 5462 nia
2190 5409 2340 5463 brevi
2375 5409 2428 5462 in
2479 5410 2625 5463 hunc
2672 5409 2944 5480 psalmum
2995 5415 3294 5482 congessit.
3331 5414 3409 5468 Ad
3448 5414 3623 5469 lecto-

2046 5501 2126 5556 ris
2159 5510 2421 5572 prazterea
2491 5501 2917 5570 institutionem,
2985 5505 3188 5560 multas
3241 5520 3432 5575 preces
3493 5521 3622 5562 suas

2046 5594 2324 5664 apposuit,
2357 5609 2498 5664 quas
2535 5593 2646 5650 Deo
2687 5596 2889 5664 saepius
2913 5597 3097 5653 verbis
3145 5607 3382 5662 tantum,
3428 5608 3482 5654 et
3513 5613 3620 5654 non

2041 5685 2260 5756 scriptis
2314 5687 2612 5742 obtulerat.
2672 5687 2859 5745 Potest
2910 5697 3094 5744 autem
3152 5689 3243 5748 hic
3266 5691 3510 5762 psalmus
3548 5690 3615 5744 tl-
