4120 6296
486 324 629 384 1139

476 524 561 575 eia
588 525 695 577 oris
727 526 826 580 tui.
874 526 993 581 Non
1030 537 1242 582 tantum
1314 546 1417 602 ego
1466 548 1527 585 ea
1561 533 1753 599 didici,
1786 536 1879 591 sed
1924 536 2054 593 aliis

476 618 640 669 etia'u
671 620 1015 679 annuntiavi.

548 708 715 765 Vens.
756 714 843 767 Η.
883 713 947 767 In
977 724 1058 770 via
1082 718 1504 773 testimoniorum
1526 732 1735 775 tuorum
1760 724 2051 780 delectatus

472 816 612 863 sum,
637 802 772 855 sicut
803 805 854 856 in
885 806 1127 860 omnibus
1161 808 1382 863 divitiis.
1432 810 1548 863 Non
1581 813 1720 866 dixit
1757 814 1809 866 in
1837 814 2052 871 divitiis

473 891 816 962 simpliciter,
853 894 947 949 sed
983 895 1036 950 in
1070 900 1354 953 omnibus.
1391 901 1714 967 Ambulans,
1761 904 1959 975 inquit,
1996 907 2048 961 in

473 977 560 1030 via
596 980 980 1036 mandatorum
1007 993 1249 1050 tuorum,
1286 990 1355 1041 ita
1387 989 1694 1046 delectatus
1728 1008 1874 1059 sum,
1907 1010 1971 1049 ac
2003 996 2049 1051 si

474 1066 697 1125 divitias
724 1084 918 1127 omnes
946 1074 1310 1144 possiderem,
1342 1080 1426 1132 vel
1456 1095 1564 1134 non
1614 1096 1776 1137 secus
1807 1082 2050 1140 delecta-

471 1170 561 1214 tus
600 1175 744 1223 sum,
795 1174 962 1236 atque
1019 1165 1068 1221 is
1125 1169 1224 1239 qui
1283 1172 1474 1225 saeculi
1526 1172 1738 1229 divitiis
1781 1174 2045 1232 delectari

470 1254 630 1308 solet.

541 1345 712 1403 Vens.
742 1348 830 1405 i5.
876 1349 942 1405 In
974 1356 1243 1409 mandatis
1275 1358 1378 1410 tuis
1424 1358 1741 1426 meditabor,
1772 1372 1822 1415 et
1862 1366 2042 1418 consi.

468 1436 665 1492 derabo
688 1440 804 1495 vias
834 1450 975 1497 tuas.
1006 1442 1110 1500 Pro
1161 1446 1454 1503 meditabor
1505 1451 1560 1505 in
1601 1450 1791 1509 Gra‘co
1818 1456 2046 1527 legimus

467 1528 841 1601 ἀδολεσχήσω,
881 1535 949 1589 de
979 1551 1089 1605 quo
1117 1537 1361 1594 diximus
1421 1543 1477 1596 in
1521 1544 1733 1613 psalmo
1766 1547 1872 1612 Liv,
1907 1548 1979 1604 ibi
2014 1565 2028 1603 :

469 1618 835 1678 Contristatus
872 1628 1068 1680 suntin
1094 1630 1434 1685 meditatione
1492 1651 1632 1689 mea.
1669 1636 1901 1704 Crebro,
1959 1638 2044 1693 in-

468 1713 608 1781 quit,
646 1715 950 1771 meditabor
978 1718 1034 1772 in
1060 1720 1329 1776 mandatis
1363 1724 1493 1786 tuis,
1526 1734 1691 1796 atque
1719 1744 1782 1783 et
1822 1729 1924 1788 hoc
1946 1744 2042 1786 ex-

1687 329 2075 392 EUTHYMII
2114 312 2487 396 messem

552 433 719 489 Vens.
764 416 847 490 l3.
886 434 946 490 in
973 436 1132 491 labiis
1174 438 1302 493 meis
1337 441 1651 495 aununtiuvi
1685 444 1865 495 omnia
1903 444 2048 507 judi-
2080 452 2123 507 Α

3599 341 3736 406 1140

2236 447 2339 503 Ἐν
2361 449 2487 515 τοῖς
2515 449 2753 519 χείλεσί
2768 466 2889 518 μου
2915 449 3246 521 ἐξήγγειλα
3288 452 3488 507 πάντα
3508 455 3581 508 τὰ
3612 457 3731 523 κρί-

2153 560 2315 612 ματα
2342 544 2450 598 τοῦ
2482 545 2784 614 στόματός
2828 562 2967 599 σου.
3006 546 3079 598 Οὐ
3111 545 3278 615 μόνον
3334 546 3496 610 αὐτὸς
3531 546 3734 617 ἔμαθον

2160 635 2321 699 αὐτὰ,
2355 635 2492 690 ἀλλά
2527 638 2622 689 καὶ
2652 636 2839 701 ἄλλοις
2871 636 3047 691 ταῦτα
3079 637 3417 709 ἀπήγγειλα.

2228 728 2335 783 Ἐν
2372 728 2446 798 τῇ
2471 726 2589 796 ὀδῷ
2629 730 2748 783 τῶν
2772 729 3113 800 μαρτυρίων
3148 746 3267 785 σου
3294 729 3610 799 ἐτέρφθην,
3654 731 3732 798 ὡς

2155 821 2254 877 ἐπὶ
2274 823 2453 877 παντὶ
2476 824 2738 891 πλούτῳ.
2767 825 2882 877 Οὐκ
2899 821 3054 877 εἶπεν
3082 824 3158 885 ὡς
3175 823 3268 876 ἐπὶ
3286 823 3503 894 πλούτῳ
3526 823 3733 888 ἁπλῶς,

2155 914 2271 968 ἀλλ’
2304 916 2381 979 ὡς
2408 916 2499 967 ἐπὶ
2525 917 2691 969 παντῦ⁸
2719 914 2957 986 πλούτῳ.
2990 914 3257 979 Βαδίζων,
3296 914 3453 985 φησὶ,
3485 914 3587 983 τὴν
3610 914 3730 967 ὁδὸν

2154 1007 2263 1061 τῶν
2296 1008 2529 1062 ἐντολῶν
2557 1025 2676 1073 σου,
2724 1008 2901 1072 οὕτως
2945 1006 3236 1079 ἐτέρφθην,
3263 1007 3340 1070 ὡς
3361 1006 3539 1060 πάντα
3563 1007 3732 1059 πλου-

2152 1119 2245 1155 τον
2295 1101 2393 1174 ἤδη
2445 1102 2813 1172 κτησάμενος,
2863 1101 2898 1170 ἢ
2932 1100 3006 1166 ὡς
3038 1101 3133 1157 ἐπὶ
3161 1101 3325 1155 παντὶ
3362 1100 3576 1171 πλούτῳ
3623 1100 3732 1154 τῶν

2151 1196 2212 1249 ἐν
2234 1193 2547 1267 ἀνθρώποις
2601 1195 2689 1248 ἒτε
2699 1211 2811 1265 ρος.

2232 1373 2337 1428 Ἐν
2352 1374 2477 1440 ταῖς
2502 1370 2781 1438 ἐντολαῖς
2809 1386 2926 1426 σου
2948 1369 3377 1438 ἁδολεσχήσω,
3412 1370 3511 1426 καί
3546 1386 3729 1426 nata-

2147 1467 2352 1535 νοήσω
2407 1467 2516 1534 τὰς
2565 1466 2745 1532 ὁδούς
2777 1479 2915 1518 σου.
2951 1464 3088 1534 Περὶ
3135 1462 3478 1534 ἀδολεσχίας,
3504 1464 3729 1534 εἰρήκα-

2149 1576 2269 1630 μεν,
2303 1560 2359 1611 ἐν
2385 1558 2463 1629 τῷ
2485 1559 2558 1613 νό¹
2584 1556 2805 1628 ψαλμῷ,
2863 1554 2997 1610 ἔνθα
3037 1556 3121 1621 τὸ,
3164 1554 3524 1623 Ἐλυπήθην
3558 1556 3630 1610 ἐν
3654 1553 3729 1623 τῇ

2144 1653 2483 1721 ἀδολεσχίᾳ
2512 1668 2651 1723 μου.
2678 1650 2848 1721 Φησὶν
2873 1648 2969 1703 οὖν
2999 1648 3083 1703 ὅτι
3122 1648 3519 1718 συνεχέστερον
3550 1648 3728 1719 ἐμμε-

2144 1748 2382 1816 Istriam
2412 1750 2529 1812 ταῖς
2559 1747 2803 1808 ἐντολαῖς
2839 1763 2956 1810 σου,
2989 1743 3293 1798 κάντεῦθεν
3325 1742 3725 1815 ἀκριϐέστερον

466 1805 729 1874 quisitius
766 1808 882 1864 vias
939 1821 1085 1877 tuas,
1123 1813 1228 1870 hoc
1254 1825 1361 1881 est,
1396 1820 1595 1888 placita
1623 1834 1689 1875 ac
1726 1825 2041 1879 voluntates

2148 1800 2471 1914 κατανοήσω
2499 1842 2726 1907 ταύτας,
2754 1840 2874 1911 ἦτοι
2903 1838 2974 1892 τὰ
3020 1836 3304 1908 θελήματά
3336 1853 3452 1890 σου.

471 1906 592 1952 tntis
625 1902 1005 1959 considerabo.

541 1989 710 2048 Vsus.
746 1996 833 2051 16.
864 1996 928 2050 In
951 1999 1420 2069 iustiﬁcationibus
1452 2007 1559 2061 tuis
1588 2009 1904 2074 meditabor.
1939 2028 2043 2066 non

468 2086 751 2140 obliviscar
814 2106 1081 2147 sermones
1137 2106 1277 2150 tuos.
1336 2096 1673 2168 Meditalior,
1742 2105 1942 2173 inquit,
1987 2114 2043 2162 et

2230 2027 2328 2083 Ἐν
2366 2025 2491 2093 τοῖς
2548 2022 2907 2092 ὄικαιώμασί
2939 2037 3055 2076 σου
3098 2014 3436 2089 μελετήσω,
3463 2017 3577 2070 οὐκ
3598 2015 3725 2067 ἐπι-

2146 2115 2561 2189 λήσομαιτῶν
2585 2116 2785 2182 λόγων
2846 2127 2985 2167 σου.
3072 2107 3468 2178 Ἐμμελετήτω
3514 2105 3721 2169 αὖτῦῖς.

469 2195 579 2233 non
652 2182 971 2240 obliviscar.
1039 2187 1239 2246 Eorum
1302 2194 1445 2250 enim
1506 2212 1627 2267 quae
1682 2200 1809 2270 quis
1879 2201 2045 2260 fuerit

2148 2182 2248 2265 οὐκ
2276 2182 2631 2280 ἐπιλήσομαι.
2690 2205 2757 2260 Ἥ
2790 2206 2900 2275 γὰρ
2945 2201 3319 2274 ἐμμελέτησις
3371 2198 3591 2268 συνέχει
3619 2194 3723 2267 τὴν

471 2274 784 2342 meditatus,
811 2279 1212 2339 diuturniorem
1246 2290 1561 2343 memoriam
1590 2303 1898 2349 conservat.

542 2366 709 2425 Vens.
741 2372 826 2426 17.
877 2372 1129 2431 Retribue
1166 2397 1314 2434 servo
1350 2391 1460 2436 tuo.
1499 2382 1606 2439 Pro
1660 2389 2041 2446 mandatorum

470 2467 525 2512 et
602 2462 1059 2531 iustiﬁcationum
1123 2482 1340 2527 tuarum
1397 2475 1774 2544 meditatione,
1841 2482 2040 2551 inquit,

466 2564 630 2607 servo
668 2563 762 2611 tuo
793 2557 1207 2615 retributionem
1234 2564 1422 2619 redde.

546 2737 724 2793 Vivam
749 2750 798 2793 et
827 2744 1133 2798 custodiam
1183 2760 1447 2802 sermones
1490 2757 1630 2804 tuos.
1695 2754 1930 2824 Accepta
1958 2772 2042 2812 re-

470 2832 791 2897 tributione,
830 2851 995 2903 quam
1028 2838 1161 2893 mihi
1190 2838 1432 2906 dederis,
1464 2845 1670 2907 vivam,
1700 2846 1900 2915 inquit,
1928 2864 2042 2906 me-

466 2928 588 2981 liori
617 2926 749 2994 vita,
795 2930 861 2984 ad
893 2946 957 2987 ea
985 2947 1205 3000 semper
1259 2950 1344 2991 me
1389 2939 1715 3004 extendens,
1747 2957 1867 3010 quae
1915 2950 2043 3000 ante

468 3037 554 3077 me
601 3031 752 3080 sunt.
803 3024 1101 3094 (Quadam
1157 3037 1341 3083 autem
1404 3033 1739 3101 eremplaria
1787 3036 2037 3094 habent:

475 3114 694 3185 Viviﬁca
726 3135 826 3185 me,
854 3122 1266 3191 etcustodiam.)

536 3206 699 3263 Vsus.
730 3210 817 3265 18.
848 3210 1039 3266 Revela
1072 3214 1251 3268 oculos
1284 3231 1449 3281 meos,
1477 3226 1527 3271 et
1561 3221 1906 3276 considerabo
1940 3223 2043 3276 mi-

465 3303 664 3359 rabilia
693 3304 758 3359 de
790 3305 903 3377 tege
926 3316 1039 3362 tua.
1066 3307 1238 3365 Aufer
1272 3310 1453 3365 velum
1484 3311 1609 3377 hoc,
1642 3325 1694 3367 et
1720 3321 1940 3384 tegmen
1970 3315 2040 3371 ab

462 3396 641 3452 oculis
665 3398 863 3453 animae
907 3414 1040 3454 mea:
1067 3417 1081 3453 :
1108 3400 1539 3456 crassitudinem
1564 3403 1825 3458 nimirum
1854 3414 1909 3459 et
1937 3407 2040 3459 ob-

462 3490 735 3544 staculum
765 3490 956 3562 legalis
980 3491 1217 3560 litterae;
1249 3500 1419 3565 atque
1449 3495 1553 3549 hoc
1585 3504 1748 3565 pacto
1796 3496 2042 3552 admira-

465 3580 628 3644 biles,
657 3590 712 3636 et
764 3582 1086 3639 reconditos
1116 3585 1172 3639 in
1217 3584 1333 3653 lege
1389 3600 1591 3642 sensus
1648 3589 2043 3653 considerabo,

466 3670 559 3739 qui
596 3672 665 3725 ad
710 3672 1171 3740 incarnationem,
1199 3681 1370 3745 atque
1415 3676 1481 3731 ad
1498 3678 1615 3731 alia
1653 3678 1924 3733 adventus
1961 3679 2040 3733 tui

470 3762 741 3831 pertinent
774 3764 1055 3834 mysteria.

540 3854 707 3909 Vens.
740 3855 826 3911 i9.
863 3855 1181 3926 Peregrinus
1220 3874 1314 3927 ego
1362 3875 1479 3913 sum
1534 3861 1589 3913 in
1637 3870 1802 3924 terra,
1846 3878 1909 3916 ne
1953 3862 2045 3915 ab-

468 3948 695 4001 scondas
723 3965 757 4002 a
790 3966 871 4002 me
899 3950 1158 4005 mandata
1195 3961 1308 4005 tua.
1347 3951 1633 4019 Praesenti,
1683 3956 1881 4023 inquit.
1935 3956 2044 4009 vita

468 4050 594 4096 utor
629 4051 687 4093 ut
719 4040 1059 4105 transitoria,
1098 4043 1163 4094 ad
1201 4043 1364 4098 aliam
1392 4045 1651 4099 nimirum
1688 4047 1852 4101 vitam
1887 4046 2045 4102 festi-

470 4144 630 4195 uans,
660 4140 827 4197 atque
858 4130 983 4185 ideo
1017 4131 1201 4184 indica
1259 4132 1414 4196 mihi,
1448 4149 1657 4203 quaeso,
1716 4134 2043 4205 profundius

470 4225 722 4278 mandata
762 4234 874 4287 tua,
909 4233 969 4277 ut
1011 4225 1322 4280 studiosior
1356 4242 1551 4283 eorum
1588 4229 1737 4296 tiam,
1769 4238 1823 4283 et
1856 4228 2043 4286 inten-

468 4319 589 4372 sius
621 4320 687 4371 ad
724 4326 774 4371 te
799 4332 1049 4372 curram.

542 4408 706 4463 Vsus.
732 4410 821 4465 ΞΟ.
848 4410 1155 4498 Concnpioit
1183 4412 1364 4465 artiora
1398 4428 1515 4465 mea
1548 4412 1853 4466 desiderare
1887 4412 2044 4481 judio

2064 3146 2114 3209 C

2151 2302 2599 2456 μνῇΑμὲἴαπόδος
2653 2387 2735 2454 τῷ
2784 2388 2986 2456 δούλῳ
3027 2400 3165 2439 σου.
3222 2382 3371 2437 Ἀντὶ
3393 2382 3493 2451 τῆς
3515 2380 3574 2433 ἐν
3602 2379 3723 2441 ταῖς

2148 2481 2391 2546 ἐντολαῖς
2458 2497 2554 2534 σου
2613 2477 2979 2549 ἀδολεσχίας,
3050 2474 3146 2529 καὶ
3206 2475 3307 2544 τῆς
3374 2475 3431 2526 ἐν
3485 2473 3598 2534 τοῖς
3647 2467 3721 2521 δι-

2148 2574 2432 2645 καιώμασί
2468 2590 2561 2627 σου
2594 2573 2851 2643 μελέτης,
2909 2569 3211 2631 ἀνταπόδος
3241 2565 3478 2638 ἀμοιϐὴν
3500 2565 3579 2637 τῷ
3600 2563 3722 2619 δον⁸

2148 2671 2225 2742 λῳ
2252 2687 2367 2726 σου.
2395 2676 2405 2723 l

2218 2764 2512 2835 Ζήσομαι,
2537 2762 2637 2817 καί
2656 2758 2910 2831 φυλάξω
2936 2758 3077 2826 τοὺς
3098 2758 3321 2829 λόγους
3348 2772 3487 2812 σου.
3528 2756 3723 2810 Λαϐὼν

2146 2859 2403 2932 ἀμοιϐὴν,
2441 2857 2679 2929 ζήσομαι
2717 2853 3001 2927 κρείττονα
3035 2850 3217 2923 ζωὴν,
3275 2852 3723 2920 ἐπεκτεινόμενος

2147 2953 2247 3025 τῆς
2280 2948 2617 3022 ἔμπροσθεν.

2230 3222 2656 3292 Ἀποκάλυψον
2683 3222 2827 3287 τοὺς
2845 3219 3195 3289 ὀφθαλμούς
3229 3234 3376 3288 μου,
3398 3216 3497 3270 καί
3543 3229 3726 3269 κατα-

2145 3319 2356 3386 νοήσω
2379 3316 2455 3372 τὰ
2470 3314 2776 3384 θαυμάσια
2794 3313 2862 3368 ἐκ
2890 3312 2998 3366 τοῦ
3022 3313 3213 3382 νόμου
3242 3327 3383 3365 σου.
3417 3308 3643 3379 Περίελε
3663 3306 3726 3361 τὸ

2147 3411 2414 3482 κάλυμμα
2478 3426 2588 3463 των
2641 3405 2941 3475 ὀφθαλμῶν
2969 3402 3067 3471 τῆς
3098 3401 3282 3473 ψυχῆς
3312 3417 3451 3472 μου·
3494 3399 3593 3469 τὴν
3628 3396 3729 3451 τοῦ

2146 3496 2377 3568 νομικοῢ
2437 3498 2767 3569 γράμματος
2803 3494 3094 3564 παχύτητα
3128 3492 3224 3546 καὶ
3277 3489 3678 3559 ἐπιπρόσθησιν
3710 3504 3726 3521 ·

2146 3590 2238 3644 καὶ
2261 3590 2582 3661 κατανοήσω
2597 3589 2667 3643 τὰ
2689 3587 3125 3658 ἐγκεκρυμμένα
3147 3585 3433 3654 θαυμάσια
3455 3582 3729 3653 νοήματα,

2144 3683 2213 3736 τὰ
2239 3683 2489 3754 περὶτῆς
2522 3681 2791 3752 ἐνσάρκου
2823 3679 3143 3751 οἰκονομίας
3177 3694 3296 3731 σου.

2217 3870 2515 3934 Παρθικος
2548 3863 2663 3931 ἐγώ
2705 3866 2821 3930 ειμι
2877 3860 2948 3914 ἐν
2984 3858 3059 3926 τῇ
3105 3857 3203 3928 γῇ,
3228 3857 3313 3928 μὴ
3367 3855 3729 3923 ἀποκρύψῃς

2145 3959 2248 4015 ἀπ’
2278 3958 2430 4028 ἐμοῦ
2459 3957 2566 4021 τὰς
2603 3953 2860 4019 ἐντολάς
2888 3967 3031 4008 σου.
3092 3949 3414 4021 Παροδικῶς
3450 3950 3730 4018 κέχρημαι

2145 4051 2227 4121 τῷ
2253 4051 2481 4119 παρόντι
2540 4047 2639 4116 βίῳ
2696 4046 2832 4116 πρὸς
2864 4045 3060 4115 ἑτέραν
3124 4043 3272 4114 ζωὴν
3336 4042 3724 4110 ἐπειγόμενο;·

2143 4141 2227 4197 διὸ
2260 4139 2529 4209 γνώρισόν
2578 4155 2647 4207 με
2693 4136 2993 4208 βαθύτερον
3043 4134 3143 4197 τὰς
3191 4132 3412 4195 ἐντολάς
3469 4148 3589 4195 σου,
3642 4131 3729 4183 ἶνα

2147 4233 2571 4303 σπουδαιότερον
2593 4230 2936 4301 ἐργάζωμαι,
2968 4227 3063 4283 καὶ
3088 4224 3491 4296 συντονώτερον
3523 4225 3727 4296 τρέχω.

2230 4412 2649 4477 Ἐπεπόθησεν
2682 4410 2722 4477 ὴ
2765 4406 2939 4476 ψυχή
2965 4422 3087 4475 μου
3115 4404 3225 4459 τοῦ
3259 4400 3628 4471 ἐπιθυμῆσαι
3659 4402 3729 4454 τὸ

466 4504 550 4555 cia
585 4511 675 4555 tua
705 4502 760 4556 in
784 4503 925 4558 omni
956 4493 1207 4571 tempore.
1239 4504 1441 4558 Anima
1476 4519 1595 4558 mea
1628 4504 1785 4559 valde
1821 4519 2041 4572 semper

2148 4502 2404 4574 ’κρίματὰ
2425 4516 2543 4556 σου
2569 4502 2639 4555 ἐν
2654 4500 2833 4553 παντί
2860 4495 3068 4567 καιρῷ.
3085 4494 3429 4564 Ἐπεπόθησε
3459 4493 3668 4563 σφόδρα
3691 4495 3725 4564 ἡ

468 4596 794 4664 concupivit
846 4596 1021 4650 teneri
1067 4596 1348 4651 desiderio
1402 4596 1740 4666 iudiciorum
1798 4607 2040 4653 tuorum.

473 4686 662 4751 Valde,
696 4688 896 4758 inquit,
967 4690 1103 4744 mihi
1166 4690 1374 4759 placuit
1425 4690 1767 4759 iudiciorum
1824 4699 2043 4746 tuorum

466 4782 827 4837 desiderium.
855 4782 1032 4851 Atque
1061 4782 1187 4837 ideo
1215 4784 1441 4838 inomni
1468 4792 1713 4853 tempore
1732 4799 1794 4839 ea
1827 4800 2045 4856 semper

467 4874 802 4940 desideravi,
833 4876 937 4930 hoc
988 4884 1098 4939 est,
1163 4876 1425 4932 ardenter
1464 4876 1664 4932 amavi.
1712 4878 1808 4932 Vel
1837 4892 2043 4932 concu-

468 4968 604 5038 pivit
633 4970 817 5024 anima
849 4983 968 5023 mea
1017 4970 1230 5039 judicia
1263 4980 1353 5025 tua
1384 4970 1441 5025 in
1478 4971 1628 5025 omni
1664 4979 1935 5039 tempore,
1969 4970 2042 5024 ila

473 5072 532 5115 ut
571 5077 761 5117 eorum
796 5071 1011 5118 tenercr
1041 5062 1339 5130 desiderio,
1387 5062 1469 5116 vel
1508 5062 1635 5131 quia
1660 5076 1724 5117 ea
1764 5062 2047 5118 desidera-

468 5154 615 5208 bam.

544 5422 708 5477 Vens.
750 5423 838 5477 2|.
892 5422 1185 5491 Increpastt
1224 5422 1502 5489 superbos.
1550 5421 1934 5476 Comminatus
1986 5438 2046 5476 cs

471 5516 739 5588 supplicia
786 5516 842 5570 in
875 5517 992 5584 lege
1029 5525 1119 5571 tua
1166 5517 1231 5571 iis
1278 5516 1372 5585 qui
1408 5514 1790 5569 mandatorum
1826 5524 2045 5569 tuorum

471 5620 873 5681 contemptores
930 5612 1155 5665 iuerint.
1195 5609 1312 5677 Vel,
1348 5608 1674 5664 Maledixisti
1704 5609 1810 5672 eis,
1851 5623 2047 5678 quem-

471 5706 764 5759 admodum
791 5706 844 5758 in
871 5703 1228 5771 sequentibus
1256 5704 1490 5759 dicetur.

547 5796 822 5849 Maledicti
846 5798 935 5864 qui
963 5797 1230 5850 declinant
1266 5795 1580 5849 «inundatis
1614 5795 1742 5851 (nis.
1770 5796 2045 5865 Scriptum

2147 4596 2295 4666 ψυχή
2350 4611 2453 4667 μου
2495 4594 2556 4647 τὸ
2601 4591 2897 4660 ἐπιθυμεῖν
2950 4590 3039 4643 ἀεὶ
3095 4588 3205 4641 τῶν
3275 4587 3561 4657 χριμάτων
3608 4602 3727 4638 σου.

2159 4688 2477 4758 ’Δδιάφορος
2503 4685 2560 4739 δὲ
2588 4687 2624 4756 ἡ
2654 4682 2910 4747 σύνταξις
2937 4678 3175 4735 ἐνταῦθα
3205 4681 3303 4733 καὶ
3345 4677 3444 4732 τοῦ
3482 4677 3723 4732 Ἐπεπόο

2148 4787 2327 4848 θησε,
2354 4781 2450 4834 καὶ
2478 4779 2576 4832 τοῦ
2619 4775 3042 4845 Ἐπιθυμῆσαι.
3076 4774 3213 4828 Δίαν
3246 4772 3531 4842 ἠγάπησα,
3574 4771 3726 4840 φησι,

2146 4874 2246 4943 τὴν
2273 4871 2574 4941 ἐπιθυμίαν
2622 4871 2733 4923 τῶν
2793 4868 3081 4939 χριμάτων
3119 4882 3240 4920 σουο
3271 4865 3358 4918 διὸ
3385 4867 3480 4917 καὶ
3531 4864 3724 4919 ἐπεθύ·

2151 4984 2289 5033 μουν
2310 4965 2493 5019 αὐτῶν
2515 4967 2573 5017 ἐν
2607 4965 2775 5018 παντὶ
2806 4960 3007 5033 καιρῷ,
3058 4958 3342 5016 τουτέστιν
3400 4958 3723 5028 ἐπιθυμητι-

2148 5060 2260 5123 κῶς
2284 5058 2463 5112 αὐτῶν
2489 5052 2656 5127 εἶχον,
2689 5052 2910 5124 θερμῶς
2934 5051 3177 5119 ἐφίλουν.
3203 5051 3276 5105 Ἦ
3318 5048 3668 5118 ἐπεπόθησαν
3688 5047 3724 5117 ἡ

2145 5152 2293 5223 ψυχή
2328 5168 2430 5222 μου
2476 5150 2548 5203 τὰ
2588 5146 2834 5218 κρίματὰ
2877 5160 2972 5198 σου
3025 5146 3085 5199 ἐν
3139 5142 3306 5198 παντὶ
3354 5140 3556 5212 καιρῷ,
3585 5139 3721 5195 ὥστε

2147 5241 2560 5314 ἐπιθυμητικῶς
2622 5243 2774 5312 ἔχειν
2821 5237 3038 5293 αὐτῶνθ
3098 5233 3249 5307 ἤδιά
3276 5233 3335 5287 τὸ
3379 5232 3720 5305 ἐπιθυμῆσαι

2148 5335 2349 5395 αὐτῶν.

2233 5432 2641 5501 Ἐπετίμησας
2656 5426 3095 5497 ὑπερηφάνοις.
3115 5423 3455 5495 Ἀπειλήσας
3480 5420 3719 5485 κόλασιν,

2149 5528 2207 5577 ὲν
2230 5522 2307 5593 τῷ
2347 5520 2536 5592 βιϐλίῳ
2596 5516 2689 5571 τοῦ
2753 5516 2944 5587 νόμον,
2980 5520 3096 5580 τοῖς
3143 5514 3484 5586 ὑπερόπταις
3514 5510 3612 5566 τοῦ
3634 5512 3719 5565 νό-

2153 5632 2275 5687 μον
2306 5615 2339 5683 ἢ
2378 5611 2775 5682 ἐπικατηράσω
2803 5610 3010 5673 αὐτοῖς,
3047 5609 3124 5671 ὡς
3181 5603 3576 5677 ἐφεξῆςδῆλον.

2233 5790 2683 5861 Ἐπικαεάιιίιτοι
2724 5792 2778 5845 οι
2831 5788 3217 5855 ἐκκλίνοντες
3255 5783 3373 5842 ἀπὸ
3414 5782 3534 5838 τῶν
3552 5782 3717 5839 ἐνεο-
