4094 6280
369 240 510 300 1M3

1602 248 1984 310 EU'l‘llYMll
2030 214 2394 312 ZIGABENI

3487 246 3624 312 1145.

367 371 487 421 qum
541 363 823 410 auctorem
855 373 1013 413 suum
1050 361 1114 414 ad
1168 362 1495 431 iniustitiam
1555 363 1797 419 deducit.
1837 363 1937 420 Per

2057 366 2251 429 ἱδικος.
2285 366 2382 419 καὶ
2426 363 2563 436 πρὸς
2616 363 2827 418 ἀδικέαν
2860 362 3122 434 ᾳέρουσα,
3156 361 3224 434 ἢν
3247 359 3530 415 ὁδεύουσιν
3572 363 3622 414 οἱ

367 463 487 500 eam
523 448 667 501 enim
704 449 843 504 \‘iam
873 467 1066 507 omnes
1098 455 1404 519 ambulant,
1443 456 1536 526 qui
1569 455 1758 523 iujusti
1791 466 1941 512 sunt.

372 539 546 602 llanc,
580 540 780 610 inquit,
815 546 956 598 viam
1001 561 1190 601 amove
1222 564 1247 600 a
1287 564 1392 612 me,
1423 560 1473 601 ct
1510 549 1772 605 miserere
1817 551 1944 616 mei,

369 634 483 700 lege
515 635 908 692 misericordiae
939 647 1062 702 tuae,
1100 657 1222 706 quia
1255 655 1445 693 eorum
1492 623 1739 695 amntium
1799 657 1941 695 sent-

369 741 462 793 per
500 726 746 781 misereri
789 729 949 789 solet,
981 733 1073 800 qui
1114 749 1175 785 ex
1209 732 1374 786 corde
1401 734 1466 784 ad
1501 742 1552 786 te
1594 749 1785 802 preces
1815 734 1944 788 fun-

367 820 527 873 dunt.

443 914 608 967 VERS.
653 915 740 969 50.
785 915 932 968 Viam
964 919 1200 970 ve:italis
1248 919 1395 988 elegi,
1439 919 1651 988 judicia
1702 927 1792 973 tua
1841 937 1942 972 non

368 1024 482 1060 sum
511 1009 728 1062 oblitus.
771 1009 910 1064 Vera
941 1013 1220 1082 dogmata.
1264 1014 1362 1068 vite
1389 1024 1553 1084 atque
1581 1016 1778 1069 itinera
1815 1025 1945 1070 sunt

369 1099 660 1164 veritatis;
710 1118 807 1169 per
837 1118 900 1156 ea
941 1104 1144 1159 etenim
1198 1107 1262 1157 a.l
1307 1105 1475 1159 Deum
1507 1107 1628 1173 quis
1667 1115 1814 1162 recta
1867 1107 1946 1160 in-

369 1189 533 1245 cedit.
572 1189 692 1254 Vel,
735 1193 863 1262 quia
892 1195 1141 1249 Christus
1163 1207 1245 1251 est
1277 1201 1480 1255 veritas
1506 1199 1643 1272 (Ego
1663 1201 1832 1266 enim,
1859 1201 1940 1253 iu-

370 1285 508 1352 quit,
548 1301 663 1339 sum
705 1289 895 1340 veritas
925 1301 972 1340 et
1002 1291 1082 1342 via
1100 1290 1210 1357 ³¹),
1243 1293 1426 1346 dicere
1473 1308 1761 1361 possemus
1796 1292 1942 1363 qunti

369 1379 456 1430 via
499 1380 767 1443 veritatis,
798 1389 882 1435 est
915 1383 996 1436 \‘ia
1041 1383 1244 1439 Christi
1298 1402 1312 1438 :
1350 1387 1661 1457 evangelica
1687 1387 1943 1442 nimirum

369 1473 944 1545 conversatiohquam
984 1475 1237 1532 ﬁdelibus
1307 1479 1526 1533 statuit.
1591 1477 1743 1533 lianc
1798 1480 1941 1532 viam

369 1564 661 1636 Propheta,
696 1566 848 1622 velut
880 1569 983 1624 sibi
1022 1573 1409 1642 praecognitam
1436 1572 1570 1627 dicit
1600 1589 1661 1629 se
1689 1587 1940 1629 amasse:

368 1655 626 1711 similiter
661 1667 714 1713 et
741 1659 952 1726 judicia
1010 1659 1126 1725 Dei,
1162 1662 1473 1729 evangelica
1509 1661 1768 1717 nimirum
1804 1679 1942 1734 prae-

370 1753 548 1814 cepta.
588 1764 709 1817 qua:
751 1751 950 1804 asserit
986 1765 1046 1805 se
1083 1768 1191 1805 non
1219 1752 1527 1820 ignorasse.

445 1836 613 1893 Vens.
645 1839 734 1896 5i.
781 1842 992 1896 Aditazsi
1032 1847 1346 1899 testimoniis
1386 1848 1510 1910 tuis,
1566 1846 1813 1912 Domine,
1839 1846 1946 1901 noli

371 1949 451 1985 me
479 1934 819 2000 confundere.
857 1936 1255 2000 lndissoluhili,
1290 1938 1490 2008 inquit.
1544 1942 1781 2010 quolam
1824 1941 1947 1994 vin-

371 2027 494 2079 culo
521 2027 600 2084 eis
632 2026 825 2080 allixus
855 2045 999 2083 sum.
1036 2028 1184 2099 Rogo
1207 2030 1372 2100 igitur
1402 2047 1470 2084 ne
1502 2047 1586 2084 me
1615 2030 1946 2096 confundas.

369 2118 689 2184 permittens
716 2134 796 2172 me
823 2122 889 2172 ah
914 2119 1165 2175 hostibus
1201 2123 1473 2191 superari.

443 2209 609 2264 Vsus.
639 2211 728 2264 3'2.
766 2212 915 2265 l’iam
941 2215 1308 2267 mandatorum
1334 2225 1541 2271 tuarum
1568 2220 1801 2283 cucurri,
1832 2235 1948 2273 cum

371 2300 618 2356 dilatasli
646 2318 734 2355 cor
764 2320 955 2357 meum.
997 2301 1230 2370 Quando
1291 2305 1558 2369 liberasti,
1593 2307 1793 2377 inquit,
1831 2310 1952 2363 ani—

374 2408 516 2446 mam
558 2409 734 2447 meam
773 2411 801 2448 a
832 2397 1255 2458 tentationilius.
1311 2408 1476 2467 atque
1523 2399 1593 2453 ab
1655 2402 1948 2470 angustiis.

375 2496 504 2539 tunc
536 2488 756 2541 cucurri
815 2490 957 2541 viam
1005 2489 1386 2544 mandatorum
1426 2499 1670 2554 tuorum,
1706 2493 1810 2546 hoc
1840 2501 1947 2560 est,

374 2578 625 2633 studiose
665 2595 760 2648 per
789 2594 910 2633 eam
943 2580 1169 2646 incessi,
1196 2597 1422 2638 vers::ns
1451 2584 1502 2637 in
1526 2584 1626 2648 eis,
1664 2595 1722 2638 et
1750 2585 1801 2638 in
1833 2585 1953 2657 lege

373 2677 489 2722 tua.

447 2761 611 2813 Vens.
650 2759 738 2813 33.
766 2758 951 2830 Legem
978 2775 1116 2828 pone
1150 2761 1300 2827 mihi,
1338 2763 1577 2824 Domine,
1617 2765 1711 2817 via:
1744 2763 1954 2833 justiﬁ-

377 2855 650 2905 cationum
704 2862 938 2920 tuarum,
999 2863 1049 2907 et
1084 2855 1358 2921 exquiram
1400 2871 1517 2908 eam
1570 2872 1791 2925 semper.
1849 2856 1953 2912 Sed

377 2947 655 3015 quomodo
683 2948 756 3002 ait
792 2965 804 3000 :
848 2947 1038 3020 Legem
1066 2965 1220 3016 pone,
1270 2965 1392 3004 cum
1424 2952 1512 3006 lex
1559 2955 1656 3007 viae
1681 2953 1954 3021 justilica-

2051 458 2258 512 ἄδικοι·
2290 460 2356 528 ἣν
2405 457 2682 512 ἅπέλασον
2725 457 2821 511 ἀπ’
2854 456 3013 527 ἐμοῦ,
3076 457 3166 510 καὶ
3207 454 3288 525 τῷ
3328 455 3481 528 νόμῳ
3520 454 3623 524 τῆς

2050 549 2465 621 φιλανθρωπίας
2513 567 2607 603 σου
2653 549 2876 620 ἐλέησόν
2914 565 3019 621 με·
3071 549 3234 620 νόμος
3289 548 3399 620 γὰρ
3451 549 3624 617 αὑτῆς

2048 643 2328 698 ὲλεείντὸν
2367 645 2431 697 ἐκ
2484 643 2663 714 ψυχῆς
2711 643 2986 712 δεόμενον.

2128 918 2304 972 Ὀδύν
2349 920 2637 984 ἀληθείας
2682 915 3076 986 ᾑρετισάμην,
3121 916 3219 972 καὶ
3259 916 3333 971 τὰ
3373 915 3624 986 κρίματό

2046 1030 2164 1068 σου
2197 1015 2301 1066 οὐκ
2374 1013 2777 1080 ἐπελαθόμην.
2832 1011 2984 1066 Ὀδὸν
3019 1010 3300 1079 ἀληθείας,
3353 1011 3418 1064 τὰ
3445 1011 3624 1080 ἀληθῆ

2045 1107 2315 1171 δόγματα,
2347 1105 2415 1158 δι’
2442 1098 2516 1158 ὧν
2550 1103 2724 1157 ὁδεύει
2749 1122 2833 1167 τις
2879 1103 3077 1174 ὀρθῶς,
3106 1104 3231 1157 ἐπεὶ
3265 1102 3499 1173 ἀλήθεια
3527 1101 3626 1172 μὲν

2045 1200 2074 1250 ό
2105 1199 2342 1268 Χριστός
2379 1212 2394 1225 ⁶
2461 1198 2608 1268 Ἐγὼ
2661 1198 2791 1268 γὰρ,
2847 1197 3032 1266 φησὶν,
3077 1196 3196 1265 εἰμὶ
3242 1195 3281 1260 ἡ
3327 1196 3579 1262 ἀλήθεια
3606 1212 3624 1229 ο

2043 1294 2159 1356 ὁδὸς
2212 1293 2269 1344 δὲ
2326 1290 2516 1354 αὐτοῦ,
2583 1294 2615 1363 ἡ
2684 1292 3017 1361 εὑαγγελικὴ
3073 1289 3344 1353 πολιτεία,
3371 1291 3437 1361 ῆν
3463 1290 3624 1360 ἔτεμε

2045 1387 2159 1448 τοῖς
2187 1387 2418 1448 πιστοῖς.
2457 1382 2676 1454 Ταύτην
2703 1383 2854 1450 λέγει
2893 1383 2994 1452 τὴν
3014 1383 3132 1435 ὁδὸν
3156 1383 3466 1451 ἀγαπῆσαι,
3495 1398 3628 1452 ’προ⁹

2046 1476 2395 1546 γνωσθεῖσαν
2423 1475 2573 1547 αὑτῷ
2602 1493 2618 1510 ο
2650 1477 2850 1546 ὁμοίως
2879 1475 2935 1529 δὲ
2965 1476 3060 1530 καὶ
3094 1475 3336 1546 κρίματα
3357 1473 3458 1539 τὰς
3483 1477 3625 1528 two-

2046 1572 2166 1636 λὰς,
2201 1571 2286 1635 ἃς.
2317 1571 2504 1641 φησὶν,
2536 1571 2638 1625 οὐκ
2669 1571 2936 1642 ἠγνόησα.

2132 1849 2513 1916 Ἑκολλήθην
2540 1846 3017 1914 τοῖςιιαρτυρῖοις
3039 1858 3178 1908 σου,
3219 1844 3414 1910 Κύριε,
3431 1842 3515 1912 μή
3558 1859 3628 1910 με

2051 1942 2492 2012 καταισχύνῃς.
2521 1937 3003 1999 Δυσαποσπάστως
3032 1935 3138 2006 ἔχω
3160 1933 3388 1997 τούτων,
3427 1933 3630 2001 τρόπον

2050 2037 2170 2090 τινὰ
2203 2032 2569 2106 προσηλὼθην
2602 2031 2830 2093 αὐτοῖς’
2881 2028 2963 2081 διὸ
3008 2028 3081 2096 μή
3137 2042 3205 2095 με
3255 2022 3628 2093 καταισχύνῃς
3682 2067 3686 2075 ς

2051 2127 2464 2199 παραχωρήσας
2496 2121 2799 2194 ἡττηθῆναι
2829 2120 2937 2173 τῶν
2961 2118 3194 2189 ἐχθρῶν.

2134 2221 2310 2277 Ὀδὸν
2344 2217 2612 2274 ἐντολῶν
2643 2232 2760 2272 σου
2793 2215 3075 2283 ἔδραμον,
3102 2210 3248 2265 ὅταν
3280 2207 3630 2274 ἐπλάτυνας

2052 2315 2169 2381 τὴν
2227 2311 2482 2382 καρδίαν
2530 2326 2673 2379 μου.
2745 2308 2918 2360 Ὅταν
2964 2301 3284 2374 ἀπήλλαξας
3316 2299 3417 2370 τὴν
3448 2298 3630 2369 ψυχήν

2055 2424 2158 2477 μου
2225 2405 2324 2475 τῆς
2382 2402 2490 2456 ἀπὸ
2546 2401 2656 2455 τῶν
2705 2397 3030 2470 πειρασμῶν
3076 2393 3461 2464 στενοχωρίας,
3509 2393 3630 2445 τότε

2052 2501 2152 2570 τὴν
2187 2500 2304 2552 ὁδὸν
2337 2497 2447 2552 τῶν
2477 2494 2709 2549 ἐντολῶν
2734 2510 2828 2546 σου
2864 2491 3121 2561 ἔδραμον,
3151 2491 3272 2560 ἦτοι
3327 2485 3633 2548 σπουδαίως

2054 2594 2304 2659 eadem,
2337 2590 2540 2660 βαίνων
2566 2589 2624 2641 ἐν
2670 2587 2886 2652 αὐταῖς,
2944 2583 3044 2638 καὶ
3107 2581 3527 2649 πολιτευόμενος
3576 2577 3634 2630 ἐν

2055 2689 2134 2760 τῷ
2167 2688 2320 2757 νόμῳ
2351 2702 2469 2740 σου.

2125 2777 2552 2848 Νομοθέτησόν
2574 2791 2674 2843 με,
2703 2772 2900 2839 Κύριε,
2932 2768 3048 2836 τὴν
3079 2765 3228 2822 ὁδὸν
3259 2764 3376 2819 τῶν
3404 2761 3634 2817 δικαιω-

2053 2874 2258 2945 μάτων
2307 2887 2448 2935 σου,
2500 2868 2600 2922 καὶ
2638 2864 2949 2933 ὲκζητήσω
3007 2859 3204 2925 αὐτὴν
3239 2857 3338 2912 διὰ
3385 2854 3632 2918 παντός.

2056 2964 2169 3019 Καὶ
2201 2963 2308 3032 μὴν
2335 2959 2475 3029 αὕτη
2508 2955 2978 3025 νενομοθετημένη
3011 2946 3080 3023 ἦν
3104 2968 3116 2980 ·
3148 2949 3292 3003 ὥστε
3319 2947 3402 3011 τὸ,
3442 2947 3636 3015 Νομο-

375 3042 587 3095 tionum
631 3040 723 3094 Dei
755 3040 868 3109 jam
907 3041 1000 3094 diu
1026 3049 1174 3096 esset
1201 3044 1371 3097 data?
1403 3042 1706 3099 Dicendum
1735 3057 1818 3102 est
1850 3047 1948 3116 igi-

2057 3057 2336 3124 θέτησον,
2377 3053 2500 3108 ἀντὶ
2547 3049 2770 3114 Δίδαξον
2797 3066 2811 3081 ο
2845 3046 3076 3114 καὶγὰρ
3105 3044 3200 3097 καὶ
3241 3045 3269 3097 ὁ
3317 3040 3634 3132 Σύμμαχος.

378 3144 492 3194 tur,
516 3132 726 3188 dixisse
763 3148 889 3187 eum
930 3148 945 3186 :
981 3132 1165 3205 Legem
1187 3150 1323 3204 pone
1350 3137 1500 3201 mihi,
1531 3152 1629 3205 pro
1653 3136 1797 3193 Doce
1824 3155 1950 3208 me;

374 3226 528 3296 juxta
571 3241 732 3294 quem
758 3241 980 3281 sensum
1021 3229 1393 3296 Symmachus
1430 3245 1549 3294 pro,
1575 3230 1761 3300 Legem
1791 3247 1950 3300 pane,

377 3319 538 3384 dixit,
573 3317 824 3373 Ostende.
867 3317 1003 3373 Nam
1039 3319 1132 3390 qui
1190 3321 1373 3384 docet,
1429 3323 1645 3379 videtur
1686 3327 1955 3396 quodam-

379 3413 543 3466 modo
602 3413 669 3467 de
724 3426 865 3466 novo
918 3422 1184 3478 statuere,
1239 3431 1304 3470 ac
1339 3415 1509 3486 legem
1550 3434 1778 3489 ponere,
1824 3420 1952 3475 dum

379 3505 601 3576 ignaros
637 3506 963 3562 exhortatur
987 3506 1054 3561 ad
1083 3507 1242 3572 bona,
1270 3516 1323 3564 et
1359 3520 1606 3566 avertere
1635 3527 1731 3569 eos
1771 3515 1955 3570 studet

379 3615 407 3651 a
461 3599 630 3652 vitiis.
672 3600 730 3652 lu
775 3600 1213 3668 praecedentibus
1258 3603 1421 3657 etiam
1471 3604 1655 3660 dixit:
1691 3607 1831 3662 Doce
1873 3625 1955 3663 me

378 3690 794 3758 iustiﬁcationes
834 3704 998 3757 mas;
1032 3693 1137 3757 vel,
1178 3691 1406 3747 Declara
1437 3695 1569 3750 mihi
1611 3697 1751 3751 viam
1781 3698 1952 3768 justi-

379 3778 695 3838 {lentio-ium
781 3795 1020 3850 tuarum,
1100 3795 1156 3840 et
1240 3786 1526 3856 exquiram
1620 3803 1741 3844 eam
1843 3807 2079 3865 semper.

379 3880 612 3935 obscura
639 3897 761 3934 esse
802 3881 1037 3936 videtur.

449 3974 614 4030 Vens.
649 3973 741 4028 54.
778 3974 856 4027 Da
886 3975 1012 4030 mihi
1047 3974 1389 4044 intellectura,
1411 3987 1460 4032 et
1491 3982 1771 4035 scrutabor
1792 3985 1954 4055 legem

382 4079 552 4133 tuam,
578 4078 627 4122 et
657 4068 956 4122 custodiam
991 4068 1144 4122 illam
1187 4071 1241 4124 in
1288 4080 1397 4124 tota
1421 4073 1578 4127 corde
1610 4091 1746 4129 meo.
1782 4076 1954 4131 Scru-

381 4161 542 4216 tabor
571 4159 793 4230 quidem
823 4174 1027 4228 magno
1051 4161 1259 4226 studio,
1292 4171 1348 4216 et
1387 4163 1680 4234 diligenter
1701 4169 1959 4222 conside-

380 4269 677 4318 rans,eam
719 4251 974 4308 servabo.
1011 4252 1224 4307 Dictum
1259 4261 1342 4309 est
1384 4265 1567 4311 autem
1600 4258 1750 4322 alibi,
1809 4259 1956 4329 quod

381 4347 518 4417 legis
546 4344 796 4401 custodia
820 4359 944 4401 esse
985 4345 1215 4410 dicitur,
1257 4348 1480 4416 quando
1514 4349 1639 4418 quis
1694 4351 1960 4422 adimplet

381 4440 521 4510 legis
554 4437 832 4491 mandata.

457 4531 621 4585 Vens.
656 4529 747 4583 55.
813 4527 988 4582 Deduc
1050 4546 1130 4584 me
1193 4532 1248 4582 in
1297 4533 1539 4586 semitam
1586 4533 1962 4588 mandatorum

385 4627 617 4680 tuorum,
666 4620 788 4686 quia
836 4620 1005 4686 ipsam
1041 4619 1202 4673 uolui.
1261 4619 1444 4675 Dcduc
1503 4637 1609 4686 me,
1649 4625 1848 4694 inquit,
1906 4626 1959 4680 in

383 4727 526 4766 eam.
566 4710 722 4765 Solet
747 4710 893 4764 enim
939 4711 1082 4765 Deus
1122 4727 1317 4766 omnes
1349 4730 1446 4768 eos
1493 4714 1625 4769 illuc
1663 4715 1958 4782 deducere,

384 4804 476 4874 qui
511 4805 696 4858 animo
725 4818 855 4874 erga
897 4819 1023 4857 eum
1063 4806 1295 4873 prompti
1337 4814 1489 4859 sunt.
1542 4807 1648 4860 Per
1707 4808 1960 4862 semitam

384 4905 589 4963 autem,
624 4912 788 4967 quam
814 4896 989 4950 Graeci
1011 4896 1220 4967 τρίϐον,
1251 4897 1545 4966 appellant,
1574 4900 1730 4968 quasi
1756 4902 1962 4965 tritam,

389 4993 534 5046 Viam
564 4994 708 5046 hanc
738 4990 1017 5060 intelligit,
1053 4991 1221 5044 veluti
1278 5006 1386 5044 non
1418 5007 1617 5046 novam
1655 4993 1822 5058 viam,
1866 4994 1960 5048 sed

388 5084 600 5144 tritam,
637 5091 693 5136 ut
733 5083 870 5145 dixi,
910 5097 977 5136 eo
1010 5082 1154 5149 quod
1187 5082 1320 5150 justi
1359 5099 1455 5152 per
1491 5098 1612 5138 eam
1647 5085 1962 5150 ambulant,

387 5190 443 5232 et
484 5182 666 5232 solent
699 5193 815 5230 eam
845 5177 1220 5247 frequentare.

456 5269 627 5324 Vens.
658 5269 746 5324 56.
783 5269 997 5323 lnclina
1032 5286 1124 5324 cor
1146 5287 1315 5324 meum
1343 5272 1395 5325 in
1421 5271 1718 5325 testimonia
1765 5281 1879 5336 tua,
1913 5281 1963 5326 et

389 5378 490 5417 non
523 5366 574 5416 in
603 5363 913 5417 avaritiam.
949 5364 1249 5428 Cenverte,
1309 5364 1511 5433 inquit,
1547 5379 1646 5416 cor
1679 5380 1857 5419 meum
1892 5363 1960 5417 ad

392 5457 737 5512 dilectionem
775 5456 1160 5510 mandatorum
1193 5465 1437 5521 tuorum,
1488 5465 1541 5510 el
1574 5454 1721 5510 illius
1775 5470 1961 5525 prom-

391 5550 720 5620 ptitudiucm
755 5550 996 5619 adjuva;
1031 5559 1085 5606 ct
1127 5550 1235 5606 noli
1275 5551 1621 5621 permittere,
1654 5556 1713 5604 ut
1745 5549 1798 5604 in
1828 5563 1960 5603 ava-

458 5733 496 5764 "
542 5732 694 5788 Joan.
738 5749 846 5795 xw.
881 5732 930 5788 6.

2058 3145 2403 3212 ’Υπόδειξον
2435 3143 2719 3210 ἐξέδωκεν.
2766 3141 2825 3193 ’0
2878 3139 2988 3209 γὰρ
3039 3137 3308 3191 διδάσκων
3357 3130 3638 3201 νομοθετεῖ

2053 3241 2256 3313 τρόπον
2311 3237 2434 3291 τινὰ
2489 3236 2821 3307 προτρέπων
2867 3233 2963 3284 ἐπὶ
3012 3231 3081 3283 τὰ
3128 3229 3364 3299 χρηστὰ,
3402 3227 3498 3278 καὶ
3525 3222 3638 3276 τῶν

2054 3332 2276 3401 φαύλων
2309 3330 2667 3399 ἀποτρέπων.
2693 3327 2803 3380 Καὶ
2833 3324 2941 3395 γὰρ
2972 3323 3067 3376 καὶ
3091 3318 3382 3391 προλαϐὼν
3405 3315 3596 3385 εἴρηκε
3617 3327 3633 3342 ·

2055 3421 2311 3485 Δίδαξόν
2337 3437 2415 3490 με
2445 3422 2518 3473 τὰ
2543 3415 2905 3486 δικαιώματά
2925 3430 3042 3470 σου
3072 3413 3122 3482 ·ἢ
3155 3408 3478 3480 Φανέρωσόν
3521 3421 3636 3476 μοι,

2059 3515 2161 3584 τὴν
2193 3513 2310 3566 ὁδον
2339 3513 2449 3566 τῶν
2479 3511 2866 3580 δικαιωμάτων
2891 3526 3009 3570 σου,
3029 3506 3125 3560 καὶ
3141 3504 3434 3572 ὲκζητήσω
3464 3498 3638 3563 αὐτὴν

2059 3610 2149 3665 διὰ
2181 3609 2405 3671 παντός.
2444 3606 2769 3676 Κέκρυπται
2799 3600 2910 3673 γὰρ
2957 3602 3071 3662 τοῖς
3119 3596 3363 3658 πολλοῖς,
3419 3589 3636 3661 ἀσαφὴς

2060 3705 2246 3768 αὐτοῖς
2275 3702 2603 3773 φαινομένη.

2173 3797 2398 3854 Occulta
2485 3795 2629 3851 enim
2677 3801 2764 3850 est
2817 3788 3006 3845 multis
3064 3785 3152 3844 illa
3214 3783 3324 3849 via,
3379 3793 3447 3836 eo
3490 3774 3637 3846 quod

2132 3985 2464 4042 Συνέτισόν
2490 3998 2585 4052 με,
2609 3979 2708 4034 καὶ
2730 3974 3110 4045 ἐξερευνήσω
3140 3972 3248 4027 τόν
3287 3971 3478 4039 νόμον
3498 3983 3639 4034 σου,

2062 4082 2159 4135 καὶ
2195 4079 2447 4150 φυλάξω
2481 4076 2668 4131 αὑτὸν
2709 4073 2780 4126 ἐν
2807 4072 2922 4139 ὅλῃ
2954 4068 3165 4137 καρδίᾳ
3195 4084 3333 4135 μου.
3390 4063 3654 4133 Ἐξερευ-.

2064 4174 2214 4244 νήσω
2253 4170 2370 4241 μετ’
2409 4166 2758 4232 ἐπιστασίας,
2816 4164 2913 4218 καὶ
2965 4159 3212 4234 ἀκριϐῶς
3269 4156 3640 4226 κατανοήσας,

2066 4263 2310 4336 φυλάξω.
2351 4261 2584 4331 Εἴρηται
2614 4258 2670 4312 δὲ
2704 4257 2797 4311 καὶ
2827 4251 3090 4324 ἀλλαχοῦ,
3147 4252 3229 4305 ὅτι
3280 4247 3500 4316 φυλακὴ
3555 4246 3642 4336 vo-

2073 4333 2176 4427 μου
2232 4355 2353 4408 ἐστὶ
2405 4353 2466 4406 τὸ
2517 4347 2762 4419 πληροῦν
2793 4346 2863 4399 τὰ
2886 4345 2982 4398 τοῦ
3018 4343 3213 4413 νόμου,
3252 4339 3348 4393 καὶ
3396 4333 3644 4406 πληροῦν

2067 4466 2253 4504 αυῖολ).

2143 4537 2488 4607 Ὀδήγησόν
2506 4551 2582 4604 με
2621 4534 2691 4588 ἐν
2719 4530 2793 4599 τῇ
2819 4531 2994 4600 τρίϐῳ
3033 4527 3148 4580 τῶν
3198 4522 3466 4579 ἐντολῶν
3503 4537 3643 4582 σου,

2067 4633 2158 4686 ὅτι
2190 4631 2388 4698 αὐτὴν
2414 4628 2711 4697 ἠθέλησα.
2743 4622 3045 4694 ὀδὴγησόν
3075 4636 3142 4688 με
3170 4620 3319 4686 ἄγων
3343 4619 3420 4678 είς
3451 4616 3644 4679 αὑτήν·

2067 4727 2192 4788 τοὺς
2235 4725 2346 4794 γὰρ
2380 4718 2872 4793 προθυμουμένους
2904 4717 3090 4784 ὁδηγεῖ
3115 4716 3144 4766 ὁ
3174 4712 3328 4774 Θεός.
3361 4710 3560 4778 Τρίὸον
3587 4706 3645 4759 δὲ

2067 4819 2165 4889 τὴν
2193 4818 2309 4872 ὁδὸν
2331 4816 2536 4884 ταύτην
2563 4812 2870 4883 ὠνόμασεν,
2909 4810 2986 4872 ὡς
3024 4809 3084 4861 οὑ
3118 4804 3298 4876 ξένην,
3328 4803 3464 4858 ἀλλὰ
3519 4821 3648 4855 συν-

2075 4913 2179 4984 ήθη
2205 4912 2299 4966 καὶ
2318 4907 2714 4981 τετριμμένην,
2747 4906 2854 4959 ὑπὸ
2873 4904 2984 4956 τῶν
3006 4900 3450 4972 προοδευσὰντων
3479 4895 3649 4967 αὐτὴν

2072 5003 2317 5059 δικαίων.

2145 5269 2368 5324 [ﬂia-or
2391 5266 2506 5335 τὴν
2528 5265 2782 5334 καρδίαν
2797 5283 2916 5334 μου
2948 5268 3034 5330 εις
3064 5261 3359 5333 μαρτύριά
3383 5277 3525 5325 σου,
3550 5266 3647 5314 καὶ

2070 5359 2155 5431 μὴ
2182 5361 2271 5425 εις
2310 5358 2694 5422 πλεονεξίαν.
2734 5357 2949 5428 Τρὲψον
2975 5357 3145 5426 αὐτὴν
3181 5357 3262 5419 εἰς
3297 5354 3522 5423 ἀγάπην
3540 5353 3653 5406 τῶν

2079 5451 2402 5524 μαρτυρίων
2463 5467 2600 5516 σου,
2664 5449 2939 5520 βοηθήσας
2981 5451 3047 5518 τῇ
3095 5447 3378 5518 προθυμίᾳ
3442 5444 3651 5514 αὺτῆςο

2076 5544 2172 5599 καὶ
2208 5543 2285 5614 μὴ
2331 5542 2411 5606 είς
2445 5539 2762 5607 πλεονεξίαν
2787 5539 3067 5613 τραπῆναι
3102 5539 3296 5610 ἐάσῃς,
3325 5533 3652 5608 ἡττωμένην
