4120 6296
352 334 496 400 1145

1540 340 1688 402 (30M
1701 340 1932 401 MENT.
1975 340 2053 400 IN
2095 344 2227 404 PSA
2239 345 2455 407 LMOS.

3488 348 3627 413 1146

352 452 487 516 ἴσως
520 450 630 506 τῶν
671 449 962 522 βιωτικῶν.
1003 452 1096 507 Ἐκ
1116 450 1254 505 Θεοῦ
1286 453 1341 506 δὲ
1376 452 1553 507 πάντα
1598 454 1765 519 αἰτεῖ,
1787 454 1933 508 828i-

2048 460 2222 511 ritiam
2250 468 2563 520 convertar.
2596 468 2649 513 et
2679 476 2714 513 ιι
2738 460 2922 515 δωρειιὶ
2951 460 3112 531 bujus
3147 460 3381 533 negotiis
3408 462 3620 517 vincar.

357 561 506 599 σκων
532 544 620 599 ὅτι
647 543 708 597 τὸ
735 545 846 597 πᾶν
884 543 1047 608 αὐτὸς
1078 544 1341 617 κατορθοῖ
1367 560 1381 571 ’
1441 547 1623 616 Χωρὶς
1660 545 1791 615 γὰρ,
1832 563 1941 617 φη-

355 637 464 702 σὶν,
486 636 647 708 ἐμοῦ,
684 637 746 689 οὐ
781 637 1012 691 δύνασθε
1050 640 1224 691 ποιεῖν
1270 637 1443 694 οὐδέν.
1510 637 1682 693 Τοῦτο
1718 638 1941 691 καθολι-

355 727 451 793 κδς
469 728 612 782 ἔστω
638 746 725 782 σοι
748 729 931 785 κανών
963 728 1057 783 ἐπὶ
1084 730 1193 784 τῶν
1224 730 1424 801 ἐφεξῆς
1455 730 1683 801 ὁμοίων.
1746 729 1944 798 Βοηθεί

353 819 413 873 δὲ
472 820 532 875 οὐ
589 822 785 886 πᾶσιν,
830 823 968 877 ἀλλά
1020 826 1133 889 τοῖς
1166 824 1361 891 ἀξίοις,
1400 823 1495 877 καὶ
1526 824 1588 877 τδ
1633 824 1719 878 ἐπ’
1753 825 1942 888 αὐτοῖς

358 912 507 968 ἅπαν
539 914 973 985 εἰσενεγκοῦσιν.

438 1101 850 1171 Ἀπόστρεψον
901 1100 1045 1169 τοὺς
1100 1101 1452 1173 ὀφθαλμούς
1502 1118 1644 1170 μου,
1701 1100 1811 1155 τοῦ
1852 1100 1939 1170 μὴ

359 1196 511 1252 Mair
526 1199 915 1267 ματαιότητα.
943 1198 1314 1271 ’Λπόστρεψον
1337 1199 1531 1261 αὐτοὺς
1550 1196 1659 1250 ἀπὸ
1680 1197 1790 1251 τῶν
1808 1196 1941 1265 βλαο

359 1289 540 1361 ϐαρῶν
575 1290 887 1361 θεαμάτων,
912 1290 1057 1345 ὥστε
1114 1292 1189 1363 μὴ
1222 1290 1351 1343 ἰδεῖν
1410 1290 1652 1360 ματαίαν
1681 1288 1938 1358 θεωρίαν.

368 1382 712 1455 Ὀςρθαλμοὺς
738 1384 795 1437 δὲ
818 1386 951 1451 νόει,
985 1386 1083 1439 καὶ
1106 1386 1235 1448 τοὺς
1270 1382 1591 1453 σωματικοὺ
1603 1401 1652 1449 ς,
1686 1383 1782 1436 καῖ⁵
1808 1383 1941 1444 τοὺς

355 1474 647 1547 ψυχικούς.

438 1572 543 1625 Ἐν
570 1570 648 1640 τῇ
685 1569 805 1637 ὁδῷ
842 1588 959 1627 σου
997 1569 1187 1640 ζῆσόν
1218 1588 1314 1641 με.
1370 1571 1462 1622 Ἐν
1517 1568 1596 1640 τῷ
1636 1568 1786 1642 νόμῳ
1843 1584 1940 1621 σου

356 1661 693 1734 ζωοποεησόν
727 1679 797 1733 με
825 1678 841 1695 ο
882 1657 1036 1726 οὗτος
1070 1667 1168 1734 μὶν
1189 1665 1300 1735 γὰρ
1334 1662 1479 1734 ζωὴν
1530 1661 1703 1734 ἀληθῆ
1749 1659 1944 1731 προξε-

356 1758 439 1809 νεῖ
468 1760 583 1821 soi;
640 1755 1196 1829 ὲμπολιτευομένοιςο
1236 1757 1268 1811 ὁ
1327 1757 1384 1811 δὲ
1427 1755 1623 1828 παρὼν
1672 1755 1787 1827 βίος
1845 1756 1943 1811 0&-

357 1867 539 1915 νατος.

423 1939 670 2010 Στῆσον
709 1940 790 2008 τῷ
816 1941 1018 2012 δούλῳ
1063 1961 1184 2001 σου
1211 1943 1279 2000 τὸ
1315 1945 1527 2015 λόγιόν
1552 1956 1692 2009 σου,
1721 1940 1810 2008 εις
1837 1941 1945 1995 τὸν

354 2036 546 2104 φόϐον
572 2050 713 2090 σου.
742 2035 1005 2107 Στήριξον
1025 2038 1084 2090 ιν
1114 2037 1238 2108 ἐμοὶ
1269 2036 1348 2109 τῷ
1363 2022 1539 2106 δούλιρ
1559 2052 1656 2090 σου
1683 2033 1746 2087 τὸ
1773 2034 1943 2104 πρόσ-

354 2127 545 2196 ταγμά
579 2144 700 2193 σου,
754 2130 818 2184 τὸ
850 2131 1208 2199 Δεσποτικὸν,
1240 2133 1323 2194 εἰς
1350 2131 1444 2185 τὸν
1476 2130 1645 2201 φόϐον
1679 2146 1775 2182 σου
1803 2144 1818 2158 ο
1854 2126 1943 2180 λό-

358 2238 479 2289 γιον
516 2221 698 2291 λέγων
728 2203 827 2275 τδιέ
875 2223 1064 2294 νόμον,
1118 2225 1422 2291 τουτέστιν,
1498 2222 1828 2292 Ἐδραὶωσον
1884 2223 1944 2273 ἐν

353 2310 484 2380 ἐμοὶ
512 2310 575 2363 τὸ
598 2309 783 2379 λόγιόν
814 2328 909 2366 σου
954 2315 1037 2376 εἰς
1073 2312 1166 2368 τὸν
1196 2313 1366 2385 φὸὄον
1402 2329 1521 2381 σου,
1579 2313 1668 2366 ἶνα
1714 2310 1942 2382 γένηται

360 2421 454 2474 μοι
486 2403 645 2458 τοῦτο
670 2404 855 2476 λόγιον
883 2406 1150 2477 ἔμφοσον.

430 2495 678 2567 [lepida
715 2497 825 2553 τὸν
864 2497 1217 2570 ὀνειδισμόν
1247 2516 1391 2570 μου,
1452 2496 1527 2553 ὃν
1556 2497 1939 2553 ὑπώπτευσα.

358 2591 463 2643 Τὸν
489 2591 893 2662 προπριδέντα
925 2607 1017 2662 μοι
1053 2592 1165 2646 ἀπὸ
1194 2592 1296 2663 τῆς
1336 2590 1638 2664 ἁμαρτίας,
1702 2590 1763 2645 ὃν
1815 2592 1941 2657 ἐφο-

360 2680 558 2751 δήθην,
587 2684 1007 2755 προσαγόμειον
1043 2702 1138 2755 μοι
1166 2685 1320 2757 παρὰ
1360 2684 1472 2739 τῶν
1524 2683 1802 2755 δαιμόνων
1832 2698 1845 2712 ’
1906 2681 1942 2751 ἢ

360 2774 453 2827 τὸν
480 2775 591 2828 ἀπὸ
622 2774 733 2829 τῶν
762 2777 1225 2831 ἐπιϐουλευόντων
1255 2794 1369 2847 μοι,
1395 2775 1457 2830 ὃν
1484 2774 1824 2829 ὑπώπτευσα
1859 2773 1947 2825 αἰ-

363 2868 696 2939 σθανόμενος
725 2868 967 2940 ἐμαυτοῦ
992 2869 1488 2940 ταλαιπωροῦντος.

431 3052 566 3108 Ὀτι
599 3053 671 3107 τὰ
699 3050 956 3123 κρίματά
982 3068 1102 3108 σου
1148 3051 1406 3120 χρηστά.
1438 3048 1567 3105 Ὀτι
1599 3049 1811 3119 κρίνεις
1864 3047 1945 3101 δία

2044 551 2190 608 Petit
2244 562 2428 607 autem
2491 554 2676 607 omnia
2710 568 2737 607 a
2783 553 2913 621 Deo,
2966 554 3170 609 docens
3222 554 3377 609 illum
3438 556 3624 610 omnia

2044 650 2258 704 allicere
2282 664 2296 701 :
2327 647 2455 701 Siue
2475 664 2584 711 me,
2611 648 2810 718 inquit.
2839 648 2973 702 nihil
3003 648 3231 717 potestis
3260 647 3458 704 facere.
3497 647 3621 704 "(ce

2044 742 2214 812 igitur
2269 742 2528 811 deinceps
2590 743 2660 800 sit
2725 742 2821 797 tibi
2890 758 3081 797 norma
3132 743 3186 797 in
3240 744 3626 811 sequentibus,

2044 835 2136 889 ubi
2185 834 2387 888 similia
2445 834 2714 891 inventas.
2773 836 3011 906 Adiuvat
3069 843 3251 889 autem
3299 836 3465 897 Deus,
3517 851 3626 890 non

2045 945 2241 985 Omnes
2276 929 2615 998 promiscue,
2654 929 2746 983 sed
2780 930 2979 999 dignos
3016 944 3075 985 se
3103 938 3158 983 et
3184 929 3279 999 qui
3317 936 3495 983 totum
3537 929 3627 983 in-

2044 1022 2289 1085 tulerint,
2321 1024 2463 1091 quod
2495 1022 2546 1075 in
2582 1038 2641 1076 se
2675 1021 2858 1077 fuerit.

2122 1118 2289 1175 Vens.
2325 1122 2415 1175 5'1.
2445 1127 2630 1175 Aperte
2663 1119 2845 1175 oculos
2876 1135 3039 1183 uicos,
3074 1136 3137 1173 ne
3168 1120 3379 1174 rideant
3413 1118 3629 1173 vanita-

2046 1222 2171 1269 tem.
2210 1213 2409 1267 Ave-rte
2446 1230 2544 1267 eos
2578 1229 2606 1267 a
2643 1213 2822 1267 noxiis
2852 1212 3201 1282 spectaculis,
3233 1212 3308 1266 ita
3345 1220 3404 1265 ut
3439 1211 3624 1265 inania

2047 1321 2157 1361 non
2190 1305 2433 1359 videant.
2466 1304 2667 1360 Oculos
2698 1316 2883 1359 autem
2920 1319 3027 1359 non
3076 1303 3330 1373 corporis
3379 1309 3626 1364 tantum,

2045 1399 2141 1455 sed
2165 1398 2363 1453 anima:
2394 1398 2559 1452 etiam
2593 1397 2876 1468 intelligit.

2118 1577 2183 1632 In
2214 1577 2297 1632 uia
2323 1588 2418 1631 tua
2457 1576 2666 1646 uiviﬁca
2699 1593 2798 1631 me.
2827 1574 2954 1630 lituo
2985 1576 3186 1631 ctenim
3226 1574 3314 1629 via
3346 1588 3526 1629 veram
3557 1572 3627 1628 iis

2045 1670 2216 1724 vitam
2249 1679 2496 1740 praestat,
2540 1670 2633 1739 qui
2667 1668 2721 1721 in
2758 1684 2819 1722 ea
2855 1669 3054 1723 versati
3090 1666 3315 1723 fuerint.
3373 1665 3624 1720 Pratseus

2046 1763 2247 1819 etenim
2279 1762 2387 1816 vita
2439 1778 2564 1817 vera
2595 1763 2701 1817 vita
2732 1776 2841 1815 non
2872 1771 2978 1825 est,
3028 1775 3150 1815 cum
3182 1766 3411 1815 mortem
3442 1773 3625 1812 secum

2046 1856 2203 1913 ferat.

2117 1948 2283 2003 Vens.
2311 1946 2401 2003 '58.
2438 1946 2627 2002 Statue
2650 1962 2798 2001 seruo
2830 1956 2921 2000 tuo
2961 1946 3230 2016 eloquium
3261 1953 3433 2011 tuum,
3466 1943 3521 1997 in
3561 1942 3629 1995 ti-

2047 2058 2193 2096 more
2243 2049 2355 2095 tuo.
2391 2040 2447 2094 In
2481 2058 2593 2107 me,
2634 2040 2833 2109 inquit,
2899 2054 3059 2094 servo
3121 2046 3219 2093 tuo
3278 2036 3624 2092 Dominicum

2047 2135 2367 2190 mandatum
2426 2143 2603 2197 tuum,
2662 2134 2807 2204 quod
2874 2132 2963 2187 hic
3020 2131 3301 2203 eloquium
3368 2128 3627 2199 appellat,

2046 2226 2263 2282 ﬁrmum
2299 2239 2365 2278 ac
2391 2222 2587 2279 stabile
2611 2224 2812 2277 ellicito
2843 2224 2898 2277 in
2945 2222 3163 2287 timore,
3223 2222 3298 2275 ita
3332 2228 3393 2274 ut
3438 2219 3625 2273 divina

2044 2321 2262 2389 eloquia
2293 2328 2384 2370 tua
2412 2316 2646 2371 verenda
2674 2314 2805 2369 mibi
2833 2317 2963 2383 sint,
2998 2328 3061 2369 ac
3097 2313 3358 2369 timenda.

2120 2503 2293 2559 Vsus.
2327 2504 2418 2559 '59.
2455 2502 2626 2565 Aufer
2673 2497 3015 2569 opprobrium
3045 2512 3241 2563 meum,
3290 2495 3433 2565 quod
3459 2492 3631 2561 suspi-

2048 2607 2199 2653 catus
2263 2612 2402 2651 sum.
2462 2594 2616 2661 Quod
2668 2593 2934 2648 iullictum
2972 2591 3106 2645 mihi
3144 2600 3230 2647 est
3288 2602 3319 2643 a
3378 2596 3628 2657 peccato,

2046 2691 2304 2763 quodque
2323 2686 2654 2756 egojamdiu
2680 2683 2849 2754 inlligi
2874 2681 3005 2736 mihi
3029 2681 3285 2737 timebam
3311 2694 3340 2732 a
3361 2678 3626 2741 daemone,

2048 2801 2143 2840 seu
2175 2785 2244 2838 ab
2275 2779 2701 2836 insidiatoribus
2741 2775 2901 2832 meis.
2957 2773 3055 2829 Vel
3108 2773 3254 2844 quod
3315 2772 3629 2842 suspicatus

2049 2894 2197 2943 sum,
2233 2890 2359 2932 cum
2394 2875 2448 2929 in
2474 2870 2766 2937 aerumnis,
2797 2879 2963 2940 atquc
2994 2868 3050 2923 in
3080 2866 3323 2923 miseriis
3374 2881 3459 2922 me
3492 2880 3629 2921 con-

2048 2971 2307 3028 stitutum
2344 2982 2653 3024 cernerem.

2128 3064 2271 3131 Quia
2315 3063 2532 3133 judicia
2587 3071 2678 3113 tua
2722 3058 2970 3129 bertigna.
3021 3054 3292 3121 Quoniam
3349 3053 3500 3123 juste
3536 3049 3631 3119 ju-

363 3166 516 3214 καια,
556 3146 848 3216 γινώσκων
887 3148 1039 3209 ὅπως
1088 3147 1395 3216 μετενόησα
1418 3145 1511 3198 καὶ
1543 3145 1693 3208 ὅπως
1719 3144 1813 3196 ἐπὶ
1837 3143 1944 3209 σοὶ,

2054 3158 2230 3223 dicas,
2270 3169 2636 3225 cognoscens,
2676 3151 2823 3222 quod
2857 3149 3185 3220 poenitentia
3220 3147 3417 3208 ducor.
3452 3146 3632 3214 quod-

362 3237 557 3311 Κύριε,
587 3238 815 3310 ἤλπισα,
845 3239 929 3293 σοὶ
953 3236 1075 3292 ὅλον
1098 3237 1334 3308 ἐμαυτὸν
1368 3236 1607 3299 ἀναθείς.

444 3410 602 3467 Ἰδοὺ
634 3412 991 3484 ἐπεθύμησα
1013 3413 1121 3481 τὰς
1151 3412 1407 3482 ἐντολάς
1440 3428 1581 3482 σου,
1613 3414 1685 3470 ἐν
1716 3415 1793 3486 τῇ
1853 3415 1945 3472 δι-

363 3505 662 3574 καιοσύνῃ
692 3521 812 3561 σου
839 3504 1029 3574 ζῆσόν
1046 3522 1144 3576 με.
1197 3506 1376 3561 Πεινῶ
1406 3508 1502 3560 καὶ
1545 3507 1684 3578 διψῶ
1721 3508 1821 3573 τὰς
1858 3511 1948 3563 ὲν-

365 3598 528 3663 τολάς
561 3615 675 3653 σου.
729 3599 820 3653 Ἐν
847 3602 916 3671 τῇ
953 3600 1277 3674 δικαιοσύνῃ
1308 3618 1401 3655 σου
1445 3602 1611 3673 ζῆσόν
1655 3620 1747 3676 με.
1799 3599 1946 3657 Ἶσον

366 3690 424 3743 δὲ
450 3688 610 3744 τοῦτο
665 3689 766 3762 τῷ,
818 3691 920 3746 Ἑν
967 3690 1049 3759 τῷ
1076 3695 1240 3763 νόμῳ
1260 3708 1377 3749 σου
1405 3693 1595 3765 ζῆσόν
1644 3713 1743 3766 με,
1805 3698 1946 3770 ὅπερ

362 3784 591 3854 εἴρηκεν
617 3785 903 3858 ἀνωτέρω.

432 3877 547 3931 Καὶ
573 3876 739 3933 ἔλθοι
758 3879 852 3934 ἐπ’
874 3878 983 3951 ἐμὲ
1001 3879 1066 3935 τὸ
1093 3879 1270 3946 ἔλεός
1296 3898 1437 3949 σου,
1466 3883 1664 3951 Κύριε,
1710 3882 1778 3937 τὸ
1821 3898 1946 3938 σω-

366 3967 577 4039 τήριόν
590 3984 708 4026 σου
733 3971 885 4027 κατὰ
910 3972 1019 4027 τὸν
1044 3974 1236 4043 λόγον
1274 3990 1416 4030 σου.
1449 3974 1569 4029 Ἵνα
1596 3974 1807 4039 ἐλεηθῶ
1848 3975 1947 4029 καὶ

369 4061 550 4119 σωθῶ.
603 4063 770 4127 Τέλος
811 4064 925 4135 γὰρ
973 4064 1072 4120 τοῦ
1124 4066 1335 4133 ἐλέους,
1384 4069 1419 4139 ἡ
1456 4070 1704 4139 σωτηρία
1729 4084 1745 4099 ·
1799 4067 1947 4122 ἔλθοι

365 4155 444 4223 δὲ,
471 4154 616 4210 κατὰ
646 4156 746 4227 τὴν
773 4156 1075 4229 ὑπόσχεσιν
1114 4174 1233 4215 σου.
1258 4160 1610 4231 Ἐπηγγείλω
1635 4160 1745 4231 γὰρ
1780 4163 1840 4216 ὲν
1867 4162 1947 4233 τῷ

365 4250 518 4319 νόμῳ
544 4248 743 4317 ἐλθεῖν,
778 4251 874 4305 καὶ
898 4250 1095 4316 σώζειν
1120 4253 1249 4317 τοὺς
1274 4254 1649 4324 φυλάσσοντας
1675 4255 1745 4309 τὰ
1773 4272 1948 4326 προσ-

370 4339 636 4411 τάγματά
661 4357 779 4395 σου.

444 4516 552 4571 Καὶ
573 4516 1055 4590 ἀποκριθήσομαι
1078 4520 1197 4588 τοῖς
1223 4520 1587 4586 ὀνειδίζουσί
1608 4542 1711 4595 μοι
1734 4526 1943 4593 λόγον.
1978 4507 2025 4564 Ι)

375 4610 501 4675 Τοῖς
523 4610 846 4674 ὀνειδίζουσί
868 4628 957 4681 μοι
989 4610 1091 4684 τὴν
1134 4612 1276 4686 ὑπὲρ
1310 4616 1517 4688 ἀρετῆς
1550 4616 1949 4684 κακοπάθειαν,

369 4701 823 4774 ἁποκριθήσομαι
852 4704 1043 4759 τοῦτον
1067 4706 1163 4760 τὸν
1188 4707 1375 4778 λόγον.

448 4918 578 4971 Ὀτι
604 4916 843 4986 ἤλπισα
863 4916 964 4973 ἐπι
992 4915 1119 4984 τοῖς
1144 4917 1352 4987 λόγοις
1374 4930 1513 4972 σου.
1557 4915 1731 4972 Τοῦτο
1762 4918 1948 4981 αὐτοῖς

370 5008 821 5081 ἀποκριθήσομαι
848 5048 865 5071 .
932 5009 1017 5063 δτι
1060 5007 1270 5080 ἤλπισα
1313 5007 1410 5060 ἐπὶ
1452 5007 1568 5070 τοῖς
1620 5004 1801 5074 λόγοις
1848 5007 1945 5060 τοῦ

369 5102 530 5164 Θεοῦ,
556 5104 934 5174 ὑποσχομένου
992 5101 1166 5161 πολλά
1206 5101 1392 5172 ἁγαθᾶ
1444 5104 1560 5167 τοῖς
1616 5099 1949 5172 φυλάττουσι

369 5200 466 5263 τὰς
500 5197 723 5261 ἐντολὰς
754 5195 921 5251 αὐτοῦ
953 5214 969 5230 ο
995 5198 1093 5251 καὶ
1130 5196 1220 5250 διὰ
1247 5194 1408 5249 τοῦτο
1444 5194 1766 5261 κακοπαθῶ,
1818 5213 1943 5267 τρε-

372 5291 606 5361 (ρόμενος
638 5290 875 5359 ἀγαθαῖς
909 5289 1116 5345 ἐλπίσι.

445 5470 550 5525 Kal
575 5468 663 5539 μὴ
700 5468 983 5539 περιέλῃς
1009 5470 1077 5525 ἐκ
1111 5469 1219 5524 τοῦ
1238 5472 1539 5540 στόματός
1586 5489 1708 5540 μου
1761 5470 1949 5540 λόγον

371 5563 662 5630 ἀληθείας
695 5562 807 5630 ἕως
831 5562 1088 5634 σφόδρα.
1117 5564 1210 5636 Μὴ
1240 5563 1497 5636 περιέλῃς
1550 5564 1646 5617 ἀπ’
1700 5562 1835 5634 ἐμοῦ
1886 5563 1948 5615 τὸ

374 5652 716 5723 προφητικὸν
748 5655 995 5725 χάρισμα
1026 5654 1120 5707 ἰπὶ
1155 5652 1290 5708 πολύ
1311 5671 1325 5687 ⁸
1356 5654 1474 5708 ἀλλ’
1504 5655 1553 5707 ei
1586 5657 1683 5708 καὶ
1708 5656 1831 5709 κατ’
1870 5657 1950 5708 οι-

375 5745 638 5815 κονομίαν
679 5745 966 5819 Ξπισχιθῇ,
1038 5746 1204 5803 πάλιν
1249 5746 1690 5819 ἁποκαταστήτω
1727 5765 1839 5819 μοι.
1876 5748 1948 5801 Ἠ

384 5837 463 5913 μὴ
492 5838 911 5913 περιαιρεθῆναι
959 5842 1369 5915 παραχωρήσῃς
1404 5843 1496 5898 ἐπὶ
1531 5841 1667 5899 πολὺ
1724 5843 1789 5896 ὲκ
1852 5841 1947 5898 τοῦ

2054 3265 2164 3321 que
2197 3249 2251 3304 iu
2289 3260 2340 3304 te
2372 3246 2614 3317 speravi,
2657 3260 2721 3300 ac
2751 3259 2838 3299 me
2873 3244 2974 3298 tibi
3016 3249 3188 3297 totum
3248 3254 3477 3312 prorsus
3529 3237 3634 3293 ob-

2051 3342 2174 3396 tuli.

2123 3433 2293 3489 Vsus.
2325 3433 2414 3488 t0.
2441 3431 2579 3486 Ecce
2606 3430 2875 3496 concupiui
2903 3426 3157 3482 mandata
3195 3436 3310 3490 tua,
3335 3426 3391 3479 in
3413 3422 3631 3492 justitia

2053 3540 2148 3586 tua
2181 3527 2387 3593 uiuiﬁca
2416 3542 2515 3580 me.
2544 3524 2762 3589 Esurio,
2821 3521 3024 3591 inquit,
3075 3532 3129 3575 et
3178 3518 3308 3574 sitio
3369 3516 3631 3572 mandata

2050 3623 2397 3682 tua.Virilica
2424 3637 2510 3676 me
2531 3620 2694 3690 igitur
2717 3620 2770 3671 iu
2790 3616 3107 3684 tuajustitia
3141 3632 3153 3667 :
3183 3610 3328 3681 quod
3359 3608 3630 3665 fereidem

2050 3729 2136 3775 est
2172 3732 2297 3773 cum
2332 3715 2398 3772 iis
2424 3714 2630 3777 verbis,
2656 3726 2776 3783 quae
2810 3710 3065 3779 superius
3099 3705 3237 3760 dixit
3268 3721 3283 3759 :
3315 3700 3383 3757 In
3408 3702 3516 3771 lege
3538 3711 3633 3756 tua

2047 3810 2251 3875 uiui/ica
2284 3823 2386 3862 me.

2119 3902 2287 3959 Vens.
2316 3901 2406 3956 41.
2443 3898 2511 3953 Et
2539 3899 2714 3953 ueniat
2769 3909 2927 3965 super
2978 3909 3059 3947 me
3094 3890 3461 3947 misericordia
3514 3897 3630 3952 tua,

2055 3996 2298 4060 Domine,
2334 3993 2571 4047 salutare
2627 3997 2774 4043 tuum
2814 3986 3102 4041 secundum
3137 3984 3402 4054 eloquium
3458 3990 3629 4035 tuum.

2054 4090 2129 4147 Ut
2162 4088 2375 4145 scilicet
2407 4083 2851 4141 misericordiam
2899 4092 3237 4149 consequar,
3278 4085 3332 4133 et
3370 4075 3627 4131 salutem.

2051 4180 2445 4240 Misericordia
2472 4178 2616 4235 enim
2649 4175 2772 4232 linis
2801 4184 2907 4237 est.
2953 4182 3015 4228 ut
3054 4171 3283 4229 salutem
3317 4180 3630 4238 consequa-

2054 4290 2200 4331 mur.
2236 4272 2431 4328 Veniat
2450 4277 2632 4326 autem
2671 4268 2787 4323 haec
2818 4268 2993 4331 salus,
3010 4264 3171 4336 juxta
3205 4261 3625 4333 promissionem

2054 4377 2229 4423 tuam.
2270 4362 2554 4419 Pollicitus
2584 4361 2730 4416 enim
2763 4374 2825 4416 es
2848 4359 2900 4413 in
2927 4357 3046 4427 lege
3081 4365 3195 4420 tua,
3218 4364 3270 4411 te
3297 4366 3491 4409 omnes
3522 4350 3634 4408 sal-

2054 4465 2335 4523 vaturum,
2366 4454 2463 4524 qui
2492 4450 2812 4507 custodiunt
2846 4449 3105 4503 mandata
3141 4459 3256 4502 tua.

2122 4553 2293 4609 Vsus.
2325 4550 2414 4606 42.
2448 4547 2520 4603 Ει
2548 4543 2864 4612 respondebo
2892 4538 3336 4615 exprobrantibus
3362 4535 3492 4592 mihi
3512 4551 3630 4591 uer-

2051 4647 2196 4704 bum.
2234 4643 2307 4698 lis
2348 4641 2442 4711 qui
2505 4638 2852 4693 alllictiouem
2918 4643 2970 4688 et
3022 4632 3391 4687 calamitatem
3445 4643 3621 4683 meam

2054 4739 2188 4794 mihi
2226 4736 2585 4804 exprobrant,
2631 4727 2976 4802 respondebo
3033 4727 3261 4782 verbum
3326 4723 3431 4779 boc
3480 4721 3628 4791 quod

2050 4831 2323 4887 sequitur.

2114 4847 2512 4987 ῗὲοῗιρεναυὶ
2542 4915 2596 4969 in
2631 4910 2960 4968 sermonibus
2991 4909 3120 4964 tuis.
3157 4906 3271 4963 lloc
3318 4913 3426 4971 est,
3472 4902 3619 4975 quod

2047 5027 2149 5082 ego
2190 5010 2299 5066 illis
2327 5006 2693 5079 respondebo,
2730 5017 2987 5075 sperasse
3042 5019 3126 5055 tuo
3160 5001 3214 5054 in
3277 4999 3373 5054 Dei
3425 4996 3629 5061 verbis.

2045 5103 2144 5173 qui
2179 5101 2348 5157 multa
2401 5101 2545 5156 bona
2598 5097 2857 5153 omnibus
2906 5095 3184 5165 pollicitus
3218 5102 3323 5156 est,
3349 5090 3443 5161 qui
3483 5089 3631 5147 illius

2032 5189 2387 5252 servaverint
2410 5191 2699 5247 mandata:
2736 5204 2901 5260 quam
2948 5188 3018 5242 ob
3056 5201 3279 5242 causam
3309 5182 3631 5238 amictiones

2052 5299 2108 5346 et
2150 5286 2492 5343 calamitates
2524 5298 2716 5339 omnes
2754 5279 2912 5335 facile
2967 5279 3239 5343 sustineo,
3270 5282 3474 5349 optima
3538 5276 3628 5330 ni-

2058 5383 2256 5437 mirum
2291 5380 2344 5434 iu
2369 5395 2466 5449 spe
2490 5377 2777 5432 educatus.

2124 5474 2289 5528 Vens.
2321 5471 2411 5527 45.
2452 5470 2520 5522 Et
2549 5486 2611 5523 ne
2646 5468 2861 5535 auferas
2886 5467 2949 5521 de
2978 5484 3066 5520 ore
3092 5484 3204 5520 meo
3232 5468 3439 5520 uerbum
3491 5464 3628 5517 ueri-

2056 5567 2182 5623 tatis
2230 5580 2392 5636 usque
2447 5563 2619 5619 ualde.
2652 5561 2731 5616 Ne
2766 5561 2988 5615 auferas
3024 5576 3052 5613 a
3096 5575 3180 5615 nte
3216 5560 3269 5612 iu
3302 5565 3626 5629 perpetuum

2054 5659 2431 5731 propheticum
2480 5656 2750 5727 gratiam;
2782 5653 2898 5721 sed,
2928 5654 2976 5708 si
3005 5669 3067 5708 es
3105 5651 3516 5723 dispensatione
3560 5651 3626 5706 ad

2052 5762 2273 5823 tempus
2328 5749 2474 5805 illam
2511 5747 2836 5812 abstuleris,
2865 5760 3059 5801 rursus
3089 5759 3281 5816 precor
3314 5743 3447 5799 milii
3503 5736 3624 5799 etim

2051 5843 2318 5913 restitue;
2345 5842 2452 5914 vel,
2475 5838 2555 5899 Ne
2585 5840 2878 5913 permittas
2901 5836 2995 5895 diu
3027 5851 3094 5894 ex
3144 5850 3239 5894 ore
3266 5850 3389 5892 meo
3421 5836 3624 5894 verita-
