4090 6288
386 291 532 361 1149

1554 304 1952 371 COMMENT.
1996 309 2081 368 IN
2119 311 2485 373 PSAIMOS.

3511 313 3648 381 1150

373 408 635 481 ἀνωτέρω
686 411 844 483 λόγος
895 430 1001 486 μου
1025 455 1042 482 ,
1099 406 1258 481 οὗτος
1323 418 1688 491 ἑζωοποῑησε.
1762 420 1933 494 Σχεδδπ

2063 426 2207 496 quit,
2245 425 2374 480 illud
2422 436 2577 480 tuum
2610 427 2678 480 de
2711 442 2821 496 quo
2854 427 3013 498 paulo
3055 435 3178 482 ante
3211 429 3448 484 diximus
3476 472 3489 491 ,
3520 448 3644 486 cum

371 504 830 578 ἁπονεκρωθέντα
859 510 927 581 τῇ
959 507 1169 582 ἀγχόνῃ
1190 509 1302 565 τῶν
1332 510 1593 584 θλίψεων.

454 690 860 764 Ὑπερήφανοι
911 696 1311 766 παρηγόρουν
1360 694 1473 764 ἕως
1525 697 1786 768 σφόδρα,
1835 698 1957 755 ἀπὸ

369 782 439 838 δὲ
497 786 605 839 τοῦ
669 787 859 858 νόμου
918 803 1038 843 σου
1095 791 1206 844 οὐκ
1235 790 1542 855 ἐξέκλινα.
1597 791 1826 846 Ἐκεῖνοι
1857 793 1957 863 μὲν

369 880 701 952 παρέϐαινον
737 884 827 937 τὸν
875 884 1040 954 νόμον
1101 901 1199 937 σου
1248 885 1342 937 ἐπὶ
1400 883 1536 939 πολύ
1571 901 1586 918 ’
1632 883 1744 953 ἐγὼ
1779 884 1836 939 δὲ
1892 884 1953 938 οὐ

371 974 731 1047 συναπήχθην
786 978 993 1042 αὐτοῖς.
1053 979 1126 1033 Ἦ
1179 977 1540 1050 παρηνόμουν
1591 979 1955 1049 διαγελῶντές

372 1085 462 1139 με,
506 1067 584 1140 τῷ
615 1071 768 1142 νόμῳ
807 1072 1044 1126 πάντοτε
1088 1074 1525 1144 προσκείμενον·
1575 1073 1687 1144 ἐγὼ
1749 1073 1804 1126 δὲ
1851 1075 1953 1128 οὐκ

366 1159 612 1232 ἀπέστην
637 1164 739 1234 τῆς
764 1164 999 1236 μελέτης
1025 1165 1214 1221 αὐτοῦ.
1245 1166 1668 1237 Ὑπερηφάνους
1719 1165 1776 1218 δὲ
1801 1166 1950 1234 λέγει

365 1253 490 1317 τοὺς
533 1255 854 1326 ὑπερόπτας
886 1257 982 1312 τοῦ
1023 1259 1216 1330 νόμον.
1267 1257 1516 1314 Τοιοῦτοι
1559 1258 1616 1312 δὲ
1668 1258 1866 1322 πάντες
1901 1260 1949 1312 oi

365 1346 695 1418 ἐπηρμένοι.

449 1439 798 1510 Ἐμνήσθην
821 1442 943 1499 τῶν
974 1444 1274 1516 χριμάτων
1302 1443 1546 1507 σου,ἁπ’
1562 1443 1802 1510 αἰῶνος,
1828 1430 1946 1499 Κύ-

354 1551 472 1602 ριε,
515 1536 616 1590 καὶ
650 1539 1068 1609 παρεκλήθην.
1104 1539 1228 1593 Τῶν
1252 1541 1540 1612 κριμὰτων
1574 1555 1666 1590 σου
1695 1543 1804 1589 τῶν
1849 1534 1947 1590 ἀπ’

359 1625 578 1692 αἰῶνος,
609 1629 722 1684 τῶν
747 1632 843 1684 ἀπ’
871 1632 1068 1703 ἀρχῆς,
1105 1631 1202 1686 καὶ
1228 1632 1308 1694 εις
1345 1631 1406 1683 τὸ
1431 1629 1578 1700 ἑξῆς.
1601 1629 1788 1691 Ὅπως
1816 1626 1945 1688 τοὺς

362 1719 464 1788 μὲν
497 1724 665 1793 ἀρετῇ
718 1724 1171 1790 κακοπαθοῦντας
1205 1724 1444 1792 δοξάζει,
1503 1724 1630 1786 τοὺς
1681 1721 1738 1774 δὲ
1774 1719 1944 1790 κακίᾳ

357 1811 770 1887 εὐημεροῦντας
804 1819 1084 1889 ἀτιμάζει.

2069 533 2180 588 pra:
2209 519 2378 573 tantis
2409 517 2796 574 afﬂictionibus
2831 534 3079 587 angerer,
3118 536 3179 573 ac
3217 536 3354 590 pone
3398 533 3650 586 mortuus

2064 624 2266 674 essem,
2299 609 2499 664 iterum
2531 625 2616 662 me
2646 610 2712 663 ad
2748 610 2915 664 vitam
2950 613 3247 666 revocavit.

2137 701 2305 758 Vens.
2345 703 2433 758 51.
2463 701 2683 769 Superbi
2717 703 2896 772 inique
2927 705 3149 774 agebant
3195 723 3358 774 usque
3390 711 3537 765 valde
3557 755 3571 774 ,
3617 730 3649 766 α

2064 794 2172 866 lege
2200 804 2374 848 autem
2423 804 2516 847 tua
2545 810 2649 846 non
2678 793 2954 847 declinavi.
2984 794 3065 848 llli
3100 795 3319 861 quidem
3356 800 3409 850 in
3458 801 3649 853 multis

2063 887 2236 956 legem
2273 894 2422 938 tuam
2453 885 3026 953 transgrediebantur,
3073 899 3174 953 ego
3225 901 3353 940 vero
3388 887 3495 942 illis
3539 904 3646 944 non

2061 993 2148 1032 me
2188 977 2434 1047 adjunxi.
2468 976 2561 1031 Vel
2601 996 2615 1031 :
2651 976 2841 1046 inique
2886 977 3140 1041 agebant,
3177 977 3491 1033 deridentes
3537 997 3645 1046 mo,

2061 1072 2204 1142 quod
2233 1071 2335 1139 legi
2391 1079 2495 1124 ture
2545 1085 2762 1138 semper
2809 1069 3208 1135 incumberem,
3260 1083 3312 1124 et
3369 1071 3436 1125 ab
3502 1073 3646 1126 illius

2061 1163 2419 1218 meditatione
2448 1178 2729 1232 nunquam
2773 1164 3107 1217 rerederem.
3143 1161 3423 1233 Superbos
3460 1173 3642 1218 auten.

2059 1257 2319 1326 appellat,
2353 1256 2488 1325 legis
2518 1264 2943 1323 contemptores.
2979 1254 3138 1310 Tales
3179 1256 3325 1309 enim
3375 1271 3495 1310 esse
3549 1272 3643 1310 so-

2057 1348 2167 1404 lent
2203 1350 2330 1403 elati
2357 1363 2547 1403 omnes
2572 1363 2635 1402 ac
2666 1350 2912 1418 superbi.

2127 1439 2293 1495 Vens.
2319 1440 2407 1495 52.
2443 1440 2649 1494 Memor
2671 1441 3106 1510 fui,judiciorum
3134 1450 3342 1495 tuorum
3376 1444 3642 1502 astutulo,

2053 1531 2299 1594 Domine,
2329 1543 2377 1586 et
2411 1533 2712 1586 consolatus
2749 1549 2887 1586 sum.
2921 1532 3051 1598 Quae
3086 1548 3115 1585 a
3149 1535 3372 1597 sa-culo,
3407 1533 3511 1586 hoc
3533 1545 3640 1596 est,

2054 1641 2177 1697 qum
2216 1625 2284 1679 ab
2326 1626 2488 1680 initio
2541 1635 2704 1688 snnt,
2753 1634 2807 1679 et
2856 1629 2910 1678 in
2945 1624 3187 1678 futurum
3235 1635 3416 1679 erunt.
3459 1625 3514 1679 In
3553 1627 3642 1681 bis

2052 1730 2233 1774 autem
2285 1718 2512 1788 judiciis
2560 1721 2894 1779 continetur,
2944 1719 3089 1788 quod
3136 1722 3337 1774 virtute
3385 1717 3642 1785 praeditos

1975 1807 2018 1863 Β
2047 1810 2320 1876 homines,
2361 1813 2578 1867 tametsi
2621 1813 2687 1866 ad
2746 1823 2961 1880 tempus
3023 1812 3183 1883 amigi
3221 1814 3525 1882 permittas,
3561 1821 3643 1864 ta-

355 1928 481 1969 men
531 1912 891 1984 gloriﬁcabis.
940 1911 1212 1982 Quodque
1262 1926 1358 1967 eos
1400 1908 1784 1973 inbonorabis,
1843 1905 1940 1977 qui
1983 1905 2166 1978 pravis
2227 1905 2426 1961 imbuti
2509 1913 2640 1963 sunt
2699 1904 2965 1970 moribus,
3043 1921 3357 1975 quanquam
3426 1905 3629 1958 interea

351 2013 730 2084 tranquillam,
759 2027 823 2068 ac
849 2011 1067 2070 felicem
1102 2011 1271 2067 vitam
1308 2010 1513 2082 degere
1541 2008 1855 2065 videantur.

429 2105 674 2180 ’Δθυμια
704 2108 964 2176 κατέσχε
985 2122 1083 2175 με,
1131 2105 1250 2159 ἀπὸ
1282 2102 1647 2174 ἁμαρτωλῶν
1690 2101 1810 2156 τῶν
1838 2099 1934 2170 ἐγ-

353 2202 929 2274 καταλιμπανόντων
966 2199 1076 2255 τὸν
1126 2201 1317 2270 νόμον
1363 2215 1502 2254 σου.
1531 2197 1825 2269 Ὶιούμησα
1865 2195 1934 2250 δι’

353 2298 587 2363 αὐτούς·
631 2295 794 2351 τοῦτο
837 2295 939 2366 μὲν
982 2295 1362 2366 ὀργιζόμενος,
1411 2293 1496 2348 ὅτι
1543 2291 1800 2348 ἁθετοῦσι
1841 2291 1935 2346 τὸν

348 2394 516 2467 νόμον
541 2408 636 2448 σου
661 2408 679 2426 ο
707 2389 870 2445 τοῦτο
893 2389 950 2444 δὲ
973 2388 1338 2460 λυπούμενος,
1368 2388 1451 2443 ὅτι
1471 2387 1824 2443 ἀπόλλυνται.

424 2573 636 2630 Ψαλτά
664 2570 827 2646 ἦσάν
843 2590 948 2643 μοι
987 2571 1061 2626 τὰ
1104 2571 1469 2641 δικαιώματὰ
1505 2584 1624 2627 σου
1662 2571 1734 2624 ἐν
1769 2571 1934 2634 τόπῳ

349 2670 666 2739 παροικίας
682 2685 822 2737 μου.
861 2665 1215 2736 Ψαλλόμενα,
1259 2663 1512 2718 τουτέστι
1578 2661 1934 2734 μελετώμενά

353 2779 467 2832 μοι,
497 2760 628 2814 ἔνθα
655 2760 973 2831 παρῲκουν,
997 2760 1056 2812 ὲν
1082 2759 1180 2830 οἴῳ
1200 2756 1268 2813 ἂν
1290 2758 1446 2830 τόπῳ
1468 2757 1682 2827 διῆγον.
1715 2758 1788 2810 Ἦ
1836 2755 1932 2809 καὶ

350 2856 554 2919 ἄλλωςο
591 2855 680 2908 Ἐν
700 2853 941 2923 ψαλμοῖς
979 2848 1122 2924 ἦσάν
1151 2870 1246 2922 μοι
1268 2868 1282 2882 ·
1314 2850 1568 2922 ψαλμοὺς
1592 2849 1734 2906 αὐτὰ
1774 2852 1931 2904 ἕποιο

348 2950 410 3003 οὗ
418 2965 549 3021 μην,
569 2949 665 3003 καὶ
685 2947 905 3018 ψάλλων
927 2946 1070 3002 αὐτὰ
1093 2946 1494 3018 εὖφραινόμην.

430 3130 775 3200 Ἐμνήσθην
803 3129 874 3183 ἐν
899 3127 1074 3183 νυκτὶ
1119 3127 1226 3183 τοῦ
1290 3126 1584 3198 ὀνόματός
1622 3141 1763 3194 σου,
1815 3127 1930 3182 Κύ-

2112 2091 2279 2148 Vsns.
2314 2092 2405 2147 55.
2459 2091 2705 2146 Tristitia
2753 2092 2977 2144 detinui!
3013 2109 3112 2151 me,
3148 2107 3242 2157 pro
3275 2092 3635 2157 peccatoribus

2040 2182 2542 2253 dereliuqucntibus
2596 2183 2758 2253 legem
2811 2194 2981 2235 tuam.
3018 2181 3216 2236 Tristis
3275 2183 3372 2238 fui.
3419 2184 3636 2254 inquit,

2036 2266 2648 2349 propter'peccatores,
2693 2276 2895 2345 partim
2950 2274 3169 2344 quidem
3215 2275 3421 2339 iratus,
3483 2280 3633 2346 quod

2035 2370 2208 2440 legem
2237 2376 2387 2423 tuam
2414 2367 2553 2423 adeo
2578 2374 2958 2432 contemnant,
2983 2368 3177 2437 partim
3209 2367 3374 2423 etiam
3404 2365 3624 2434 dolens,

2037 2462 2184 2535 quod
2228 2461 2332 2533 ipsi
2367 2461 2595 2531 perituri
2632 2462 2765 2516 sint.

2110 2554 2278 2610 Vens.
2322 2554 2414 2610 54.
2479 2552 2788 2609 ϐοηιαὸὶιεε
2825 2553 2954 2610 mihi
3007 2562 3158 2610 erant
3206 2555 3623 2624 justiﬁcationet

2036 2660 2163 2716 tute,
2199 2651 2254 2702 in
2290 2649 2405 2704 loco
2452 2647 2895 2718 peregrinationis
2946 2664 3099 2702 meae.
3147 2649 3466 2715 Cautandte,
3525 2650 3630 2705 hoc

2034 2753 2142 2810 est,
2177 2743 2506 2800 meditandae
2538 2755 2565 2794 a
2601 2755 2687 2794 me
2721 2749 2888 2806 sunt;
2933 2740 3248 2810 ubicunque
3278 2742 3626 2807 ltabitavero,

2034 2839 2352 2909 ubicunque
2403 2838 2572 2890 vitam
2609 2834 2831 2905 degere.
2861 2834 2958 2888 Vel
2997 2835 3159 2889 aliter
3195 2854 3207 2888 :
3254 2833 3400 2889 Loco
3455 2836 3635 2889 cantio

2036 2946 2230 2987 eorum
2269 2929 2403 2983 mihi
2433 2933 2616 2990 erant,
2655 2935 2708 2982 et
2738 2928 2792 2982 in
2844 2927 3086 2997 psalmos
3117 2942 3211 2982 cas
3260 2927 3393 2980 mihi
3423 2928 3635 2983 consti-

2034 3023 2279 3087 tuebam,
2321 3029 2489 3090 atque
2516 3034 2612 3075 eas
2639 3019 2940 3092 psallendo,
2971 3021 3307 3077 delectabar.

2102 3112 2266 3169 Vens.
2300 3116 2390 3171 55.
2426 3115 2628 3170 Memor
2675 3117 2756 3186 fui
2808 3128 2958 3170 nocte
2986 3118 3216 3171 nominis
3248 3117 3346 3182 tui,
3380 3116 3627 3182 Domine,

343 3222 574 3294 ριε,καὶ
602 3221 882 3292 ἐφύλαξα
911 3219 1020 3275 τὸν
1038 3219 1230 3290 νόμον
1283 3234 1426 3275 σου.
1479 3220 1569 3274 Ἔν
1620 3221 1799 3287 νυκτὶ,
1841 3221 1929 3274 ὅτε

2038 3216 2078 3261 et
2101 3207 2360 3263 ειηωάὶυἱ
2394 3208 2556 3278 legem
2589 3219 2757 3263 tuam.
2791 3207 3094 3273 Nocturno,
3115 3208 3291 3279 inquit
3316 3247 3330 3271 ,
3381 3216 3624 3276 tempore

351 3316 557 3388 μᾶλλον
575 3316 626 3368 ol
659 3313 914 3386 δαίμονες
937 3313 1040 3383 τῆς
1080 3310 1428 3379 ἀκαθαρσίας
1491 3311 1792 3385 ινοχλοῦσι,
1839 3313 1930 3368 διὰ

2038 3301 2252 3366 quando
2283 3297 2551 3354 immundi
2580 3299 2858 3354 damones
2915 3298 3103 3368 plures
3135 3298 3314 3353 solent
3339 3297 3629 3368 perturba-

351 3371 574 3480 μνήμης
598 3425 659 3462 σε
701 3371 1048 3477 ποιούμενος,
1069 3371 1424 3478 ισωφρονουν
1449 3405 1529 3478 τῷ
1583 3371 1743 3476 ipse.»
1780 3371 1891 3461 ’σου
1911 3424 1924 3440 ο

2038 3389 2213 3444 tiones
2248 3389 2465 3454 afferre,
2492 3405 2593 3461 ego
2625 3401 2675 3446 te
2707 3391 2761 3444 in
2787 3391 3046 3445 memoria
3070 3405 3286 3460 semper
3321 3390 3582 3444 habebam
3615 3430 3630 3455 ,

347 3502 382 3572 ἢ
406 3502 464 3556 ιν
504 3503 662 3556 νυκτὶ
680 3499 792 3555 τῶν
817 3499 1014 3555 παθῶν
1071 3500 1162 3555 ὅτε
1183 3499 1282 3555 ὑπ’
1306 3499 1490 3555 αὐτῶν
1519 3499 1717 3565 ιζοφού
1729 3517 1882 3566 urv._

415 3764 579 3831 Αὕτη
635 3780 743 3833 μοι
787 3749 1087 3833 ὲῇενήθη,
1137 3762 1227 3818 ὅτι
1269 3760 1345 3817 τὰ
1396 3761 1762 3834 δικαιώματά
1813 3777 1933 3818 σου

345 3855 698 3924 ἐξεζήτησα.
722 3853 870 3925 Ali-cr;
901 3857 935 3925 ὴ
965 3857 1154 3926 μνήμη
1175 3872 1191 3888 -
1219 3854 1377 3908 εἴωθε
1399 3855 1508 3923 γὰρ
1554 3855 1820 3917 πολλάκις
1850 3857 1932 3920 εἰς

344 3948 514 4015 ὄνομα
564 3947 626 3998 τὸ
673 3946 826 4016 ῥῆμα
880 3944 1346 4016 μεταλαμϐάνειν,
1402 3945 1477 4009 ὡς
1520 3945 1607 4011 τὸ,
1662 3946 1828 4014 Αὕτη
1856 3963 1934 4016 με

346 4037 790 4108 παρεκάλεσεν,
832 4038 902 4091 ἐν
932 4035 1006 4105 τῇ
1036 4034 1392 4090 ταπεινώσει
1417 4053 1555 4102 μου.
1583 4036 1746 4105 Λέγει
1775 4036 1929 4104 γοῦν,

343 4129 429 4183 ὅτι
459 4128 598 4198 αὕτη
637 4129 670 4197 ἡ
701 4129 894 4199 μνήμη
963 4126 1157 4196 γέγονέ
1184 4143 1300 4198 μοι,
1338 4128 1447 4180 ἀπὸ
1473 4127 1570 4181 τοῦ
1605 4128 1811 4199 σφόδρα
1835 4130 1931 4198 ζη-

344 4223 457 4273 τεῖν
486 4220 554 4274 τὰ
606 4219 952 4291 δικαιώματά
1000 4236 1116 4274 σου.
1182 4219 1424 4273 Ἐκεῖθεν
1467 4218 1578 4292 γὰρ
1612 4219 1705 4274 τὸν
1760 4220 1931 4290 φόϐον

345 4314 562 4370 ἔλαϐον.

415 4408 598 4476 Μερίς
622 4425 742 4478 μου
762 4403 835 4471 εἴ,
870 4407 1065 4477 Κύριε’
1093 4401 1236 4461 dna
1262 4406 1372 4462 τοῦ
1397 4405 1796 4477 φυλάξασθαι
1820 4407 1930 4460 τὸν

343 4501 536 4569 νόμον
559 4516 700 4556 σου.
737 4500 913 4569 Μερίς
951 4516 1053 4569 μου
1071 4493 1142 4563 εἴ,
1170 4497 1508 4569 κληρονομία
1534 4516 1662 4569 μου,
1691 4499 1930 4564 πλοῦτός

349 4610 475 4663 μου,
507 4595 1026 4664 καταφρονήσαντος
1071 4593 1171 4664 τῆς
1223 4595 1319 4647 ἐπὶ
1366 4595 1471 4664 γῆς
1537 4594 1777 4665 μερίδος·
1840 4593 1931 4648 διὰ

343 4682 503 4737 τοῦτο
528 4684 715 4736 λοιπὸν
745 4678 896 4738 cina“
925 4683 1260 4755 Συνεθέμην,
1295 4683 1740 4756 ἐπηγγειλάμην,
1794 4687 1925 4756 περὶ

344 4775 441 4831 τοῦ
475 4775 863 4846 φυλάξασθαι
885 4776 986 4829 τὸν
1016 4777 1207 4847 νόμον
1231 4792 1350 4831 σου
1378 4776 1752 4850 ἀπαράϐατον.

427 4955 719 5024 Ἐδεήθην
743 4955 852 5011 τοῦ
881 4955 1209 5026 προσώπου
1247 4969 1368 5011 σου
1407 4954 1481 5010 ἐν
1543 4954 1660 5025 ὅλῃ
1709 4955 1924 5024 καρδίᾳ

339 5067 482 5123 μου,
510 5049 778 5117 ἐλέησόν
819 5066 896 5119 με
930 5049 1082 5103 κατὰ
1124 5047 1192 5102 τὸ
1217 5047 1429 5118 λόγιόν
1460 5062 1600 5103 σου.
1658 5047 1922 5120 Ἐδεήθην

342 5143 698 5213 ὁλοκαρδξως,
753 5143 884 5212 περὶ
932 5143 1034 5213 τῆς
1081 5142 1358 5211 ἁμαρτιας
1404 5159 1506 5211 μου
1534 5139 1800 5211 ’ἐλέησόν
1825 5158 1917 5210 με,

348 5235 490 5289 κατᾶ
511 5236 574 5290 τὸ
616 5235 797 5303 λόγιόν
843 5252 937 5288 σου
981 5250 995 5265 ο
1059 5237 1368 5306 γέγραπται
1411 5235 1522 5306 γὰρ
1569 5237 1628 5288 ιν
1663 5234 1743 5304 τῷ
1778 5233 1929 5305 νόμῳ

347 5328 617 5384 ἐλεεῖσθαι
639 5330 765 5391 τοὺς
806 5327 1236 5400 μετανοοῦνταςο
1267 5329 1301 5400 ἢ
1333 5329 1476 5382 κατὰ
1499 5329 1601 5396 τὴν
1637 5327 1928 5397 ὑπόσχεσίν

347 5436 466 5478 σουο
498 5422 692 5495 ἣκατὰ
721 5424 819 5494 τὴν
838 5422 1110 5494 διάκρισιν
1156 5439 1254 5476 σου
1273 5438 1288 5454 ·
1344 5421 1454 5477 Τοῦ
1484 5421 1813 5490 προσώπου
1841 5421 1922 5489 δὲ,

345 5519 468 5571 ἀντὶ
487 5514 581 5571 τοῦ
608 5514 734 5580 Σοῦ,
765 5516 906 5570 κατὰ
943 5517 1297 5586 περὶφρασιν.

416 5691 851 5765 Aulo-rimian
884 5691 991 5759 τὰς
1009 5693 1191 5762 ὁδούς
1214 5711 1352 5759 σου.
1403 5694 1500 5751 και
1568 5695 1918 5767 ἐπέστρεψα

345 5783 486 5854 τοὺς
501 5784 690 5852 πόδας
714 5801 832 5856 μου
854 5785 939 5854 εις
967 5783 1038 5842 τὰ
1053 5785 1346 5860 μαρτύριά
1365 5803 1503 5844 σου.
1521 5787 1915 5861 Διελογιζὸμην

2033 3492 2089 3538 et
2131 3498 2244 3554 prae
2294 3484 2494 3539 timore
2536 3493 2632 3539 tuo
2692 3483 2996 3552 sapientior
3055 3483 3346 3539 reddebar.
3399 3480 3521 3549 Vel,
3571 3483 3626 3536 in

2034 3584 2196 3628 nocte
2256 3574 2574 3644 passionum
2625 3584 2791 3645 atque
2838 3575 3138 3629 allectuutn
3171 3614 3186 3640 ,
3217 3581 3272 3628 et
3304 3572 3527 3645 quando
3562 3575 3630 3628 ab

2035 3663 2150 3718 illis
2177 3663 2584 3718 obtcnebrabar

2105 3755 2269 3811 Vens.
2305 3755 2394 3810 56.
2438 3753 2566 3810 lln'c
2600 3756 2746 3826 facta
2781 3765 2861 3823 est
2901 3757 3052 3822 mihi,
3096 3759 3226 3828 quia
3272 3757 3626 3828 justiﬁcatio-

2034 3863 2126 3901 ne:
2178 3857 2298 3901 tua:
2340 3850 2620 3917 exquisivi.
2672 3847 2800 3916 Haec
2856 3851 3120 3907 memoria
3175 3851 3412 3906 scilicet.
3475 3849 3630 3905 Solet

2032 3939 2179 3993 enim
2206 3939 2480 4009 PrOplteta
2508 3942 2804 4012 aliquando
2829 3944 3056 3997 verbum
3085 3953 3301 3997 mutare
3327 3944 3376 3996 in
3403 3958 3625 4010 nomen;

2031 4030 2186 4098 juxta
2239 4032 2374 4086 illud
2413 4047 2429 4085 :
2470 4032 2600 4088 Iltec
2636 4051 2718 4088 me
2759 4035 3036 4089 consolata
3091 4044 3168 4089 est
3221 4036 3275 4088 in
3331 4036 3630 4089 humilitate

2033 4139 2170 4177 mea.
2203 4123 2330 4177 llaec
2358 4125 2649 4189 memoria,
2688 4125 2888 4195 inquit,
2949 4125 3074 4179 ideo
3131 4125 3263 4179 milii
3310 4125 3451 4180 facta
3497 4135 3624 4191 est,

2030 4216 2161 4284 quia
2217 4215 2376 4271 valde
2427 4216 2700 4287 exquisivi
2756 4218 3191 4287 justitlcationes
3257 4227 3404 4273 tuas.
3470 4219 3626 4274 illinc

2030 4313 2177 4361 enim
2212 4324 2314 4378 ego
2352 4309 2604 4363 timorem
2638 4311 2854 4379 accepi.

2103 4401 2265 4456 Vens.
2305 4401 2394 4456 57.
2431 4401 2613 4456 Portio
2666 4421 2804 4468 mea,
2861 4404 3082 4457 Domine
3135 4421 3153 4460 :
3202 4406 3318 4459 dixi
3359 4405 3629 4460 custodire

2030 4494 2193 4564 legem
2223 4501 2389 4548 tuam.
2417 4493 2521 4557 Tu,
2543 4498 2721 4568 portio
2751 4512 2866 4551 mea
2899 4512 2988 4564 es;
3021 4496 3337 4560 lnereditas,
3364 4499 3612 4568 inquam.

2035 4599 2176 4648 mea,
2221 4593 2276 4638 et
2326 4585 2530 4640 divitia:
2589 4602 2742 4642 mete.
2790 4589 2906 4643 Alia
2957 4590 3103 4643 enim
3159 4598 3377 4644 terrena
3437 4590 3621 4644 omnia

2029 4675 2298 4747 despicio.
2330 4678 2508 4744 Atque
2541 4677 2665 4734 ideo
2692 4678 2840 4744 Dixi,
2870 4682 2973 4736 hoc
3003 4691 3107 4744 est,
3136 4681 3422 4737 Pollicitus
3455 4698 3576 4737 sum
3607 4723 3622 4746 ,

2031 4769 2297 4824 custodire
2342 4770 2506 4841 legem
2547 4781 2694 4826 tuam
2720 4812 2736 4839 ,
2793 4779 2850 4829 et
2898 4774 3052 4830 nullo
3091 4783 3254 4844 pacto
3292 4789 3414 4838 eam
3445 4785 3626 4830 trans-

2038 4863 2216 4933 gredi.

2103 4953 2272 5011 νεεδ.
2311 4956 2402 5011 58.
2461 4957 2778 5026 Deprecotus
2820 4975 2938 5013 sum
2987 4958 3174 5028 faciem
3221 4969 3369 5013 tuam
3417 4959 3470 5012 in
3514 4968 3623 5013 toto

2026 5047 2184 5102 corde
2221 5065 2355 5114 meo,
2407 5050 2654 5104 miserere
2682 5051 2782 5104 mei
2813 5051 3100 5105 secundum
3133 5051 3395 5121 eloquium
3451 5060 3622 5108 tuum.

2029 5139 2129 5202 τε,
2162 5139 2360 5211 inquit,
2403 5157 2501 5212 pro
2531 5143 2751 5198 delictis
2787 5143 2923 5196 meis
2956 5159 3020 5197 ex
3070 5151 3187 5199 toto
3233 5143 3400 5198 corde
3430 5143 3622 5211 depre-

2037 5241 2197 5288 catus
2252 5249 2373 5288 sum
2415 5251 2431 5300 ;
2500 5235 2762 5290 miserere
2808 5252 2938 5307 ergo
2988 5239 3088 5290 mei
3137 5238 3292 5308 juxta
3339 5238 3617 5308 eloquium

2039 5334 2212 5382 tuum.
2251 5326 2529 5396 Scriptum
2559 5335 2643 5382 est
2677 5329 2819 5384 enim
2853 5330 2906 5382 in
2937 5330 3055 5395 lege
3109 5340 3226 5395 tua,
3261 5331 3406 5400 quod
3438 5331 3618 5386 delin-

2035 5419 2322 5493 quentimn
2365 5420 2738 5476 misereberis.
2773 5419 2870 5475 Vel
2893 5461 2908 5481 ,
2945 5422 3257 5476 Secundum
3291 5425 3617 5493 promissio-

2035 5526 2195 5578 nem,
2227 5519 2323 5566 aut
2361 5511 2771 5569 distinctionem
2827 5522 3012 5582 tuam;
3052 5530 3148 5584 per
3203 5515 3395 5571 faciem
3434 5526 3612 5572 autem

2031 5602 2150 5666 Dei,
2186 5605 2365 5676 ipsum
2401 5605 2570 5660 Deum
2615 5606 3092 5675 circumloquitur.

2097 5695 2262 5754 Vens.
2288 5691 2376 5754 59.
2413 5697 2653 5770 Cogitavi
2673 5699 3008 5766 viastuas,et
3028 5702 3261 5756 converti
3279 5705 3433 5772 pedes
3466 5719 3606 5758 meo:

2023 5792 2077 5846 in
2111 5793 2403 5849 testimonia
2435 5801 2546 5849 tua.
2572 5791 2767 5866 Legem
2806 5802 2952 5850 tuam
2987 5795 3280 5853 meditatus
3304 5811 3448 5864 sum,
3469 5811 3604 5852 con-
