4120 6296
485 349 621 418 1151

1706 348 2093 410 EUTHYMII
2135 347 2501 410 ZIGABENI

3635 332 3766 398 1152

481 465 937 534 versationisque,
990 478 1053 516 ac
1106 462 1228 515 vita:
1279 477 1409 515 mete
1460 462 1709 516 semitam
1780 460 1954 515 direxi
2008 461 2074 514 ad

2180 463 2270 517 τὸν
2301 463 2470 533 νόμον
2502 478 2619 524 σου,
2660 459 2862 514 ἰθύνων
2892 457 2992 529 τὴν
3022 455 3142 511 ὁδὸν
3179 455 3281 524 τῆς
3320 453 3605 512 πολιτείας
3658 471 3759 524 μου

481 562 737 615 mandata
771 567 885 613 tua.
915 555 1174 622 Qunndam
1209 564 1390 609 autem
1425 555 1763 625 exemplaria
1822 554 2017 608 habent
2055 573 2067 610 :

481 655 721 725 Cogitavi
769 655 880 707 vias
931 668 1111 712 meas,
1170 651 1272 704 hoc
1298 659 1380 704 est
1410 691 1424 715 ,
1473 649 1627 718 prius
1684 647 2067 714 considerari,

477 748 610 818 quid
643 745 909 816 agendum
940 745 1067 798 mihi
1092 752 1260 809 esset,
1287 749 1380 796 aut
1401 742 1529 812 quid
1553 741 1879 798 dicendum:
1910 750 2073 812 atque

481 842 604 895 ideo
635 840 913 894 ambulavi
946 838 1088 891 intra
1115 837 1373 890 mandata
1411 844 1523 890 tua.

546 1040 710 1094 Vens.
745 1040 830 1094 60.
874 1038 1102 1092 Paratus
1131 1056 1270 1104 sum,
1296 1049 1344 1092 et
1381 1055 1483 1092 non
1531 1055 1650 1093 sum
1696 1038 1941 1092 turbatus
1971 1079 1985 1103 ,
2016 1048 2074 1093 ut

478 1133 776 1188 custodiam
800 1129 1052 1184 mandata
1081 1141 1193 1182 tua.
1240 1129 1471 1185 Paratus
1494 1145 1615 1183 sum
1652 1129 1715 1183 ad
1748 1131 2072 1184 custodien-

478 1229 606 1280 dum
635 1242 722 1286 ea,
762 1237 926 1294 atque
961 1226 1082 1277 ideo
1117 1225 1185 1278 ab
1216 1238 1406 1278 eorum
1446 1223 1765 1278 difﬁcultate
1794 1264 1808 1286 ,
1851 1234 1947 1277 aut
1987 1241 2074 1278 se-

481 1320 717 1374 veritate
745 1320 1000 1370 turbatus
1031 1332 1138 1370 non
1171 1333 1312 1370 sum.
1344 1317 1539 1370 Malum
1587 1318 1732 1370 enim
1768 1317 1911 1386 quod
1948 1319 2073 1384 quis

480 1414 637 1480 prius
673 1409 1012 1474 considerat,
1048 1418 1211 1478 atque
1244 1415 1550 1478 exspectat,
1584 1409 1926 1463 tolerabilius
1958 1408 2073 1464 efﬁ-

477 1507 644 1559 citur.
682 1503 773 1558 Vel
802 1502 1144 1556 daemonibus
1176 1544 1189 1565 ,
1222 1517 1318 1555 seu
1355 1501 1754 1556 tentationibus
1805 1517 1890 1556 me
1923 1502 2076 1555 inva-

479 1599 761 1659 dentibus,
788 1597 1045 1650 turbatus
1080 1611 1186 1649 non
1213 1611 1357 1661 sum,
1386 1595 1594 1662 sciens,
1624 1595 1769 1666 quod
1804 1596 2070 1665 impetum

480 1691 534 1742 in
564 1705 648 1742 me
680 1689 878 1743 facturi
907 1700 1087 1745 erant.
1128 1688 1303 1755 Quam
1337 1689 1407 1743 ob
1443 1703 1671 1744 causam
1706 1689 1774 1743 ad
1831 1691 2076 1744 toleran-

486 1785 617 1837 tiam
646 1799 731 1837 me
763 1783 1092 1852 prmparavi.

554 1893 722 1948 Vens.
741 1894 801 1948 (ii
817 1934 830 1946 .
861 1893 1035 1948 Funes
1059 1904 1397 1962 peccatorum
1417 1895 1760 1962 circumplexi
1781 1905 1900 1951 sunt
1922 1898 2069 1963 mihi,

476 1995 525 2041 et
559 1985 722 2054 legem
754 1995 902 2038 tuum
927 2002 1031 2038 non
1064 2002 1177 2038 sum
1211 1985 1427 2040 oblitus.
1475 1985 1656 2041 Funes
1698 1995 2068 2055 peccatorum,

477 2093 659 2148 pravas
705 2085 832 2132 sunt
861 2078 1171 2131 (temonem
1225 2077 1590 2146 cogitationes
1624 2119 1636 2142 ,
1669 2078 1870 2147 quibus
1899 2119 1914 2144 ,
1972 2095 2072 2135 ccu

478 2172 721 2226 vinculis
757 2171 1109 2241 quibusdam,
1145 2180 1388 2234 nectere,
1425 2180 1589 2238 atque
1619 2174 1844 2243 alligare
1877 2190 2072 2230 omnes

479 2272 750 2320 conantur
776 2306 790 2330 ,
833 2264 1164 2332 quibuscum
1205 2274 1434 2317 certant.
1467 2264 1533 2317 lli
1571 2305 1583 2330 ,
1651 2265 1874 2334 inquit,
1917 2267 2074 2320 funes

485 2356 619 2411 mihi
650 2357 1008 2423 circumplexi
1039 2365 1185 2418 sunt,
1222 2371 1321 2411 nec
1359 2364 1542 2410 tamen
1570 2358 1690 2411 ideo
1725 2358 1926 2414 oblitus
1950 2373 2073 2412 sum

490 2446 631 2517 legis
656 2453 783 2500 tua).
815 2446 966 2500 Illius
994 2446 1138 2500 enim
1178 2445 1396 2509 timore,
1428 2447 1685 2502 omnibus
1722 2459 2071 2518 peccatorum

478 2537 753 2600 vinculis,
787 2535 956 2591 veluti
1019 2535 1204 2606 gladio
1236 2537 1472 2606 quodam
1533 2539 1727 2594 incisis
1752 2579 1769 2606 ,
1808 2539 2076 2595 liberatus

478 2627 693 2692 aul'ttgi.

547 2738 713 2793 Vens.
749 2739 838 2792 62.
871 2739 1047 2792 Media
1071 2750 1221 2793 nocte
1264 2740 1542 2810 surgebam
1573 2750 1634 2795 ut
1661 2742 2074 2811 conﬁterertibi,

474 2832 1025 2900 adjudiciajustitim
1064 2843 1189 2886 tute.
1251 2832 1425 2888 Media
1487 2843 1648 2890 nocte
1702 2835 1921 2906 quando
1970 2837 2078 2891 dae-

477 2941 671 2979 mones
701 2926 996 2980 adversum
1033 2927 1284 2980 homines
1319 2929 1494 2996 magis
1526 2927 1838 2997 insurgunt,
1867 2929 2079 2984 etalim

474 3019 700 3086 quidem
738 3020 805 3073 ad
848 3034 1047 3088 pravas
1076 3019 1468 3089 cogitationes,
1509 3021 1643 3076 alios
1680 3037 1811 3076 vero
1843 3023 1909 3076 ad
1961 3025 2078 3092 ipsa

477 3121 676 3179 urgent
706 3112 970 3166 facinora.
993 3111 1091 3167 Vel
1123 3113 1283 3168 aliter
1311 3131 1323 3167 :
1349 3112 1448 3180 Eo,
1475 3114 1673 3184 inquit,
1695 3123 1940 3185 tempore
1959 3132 2079 3172 sur-

474 3203 667 3274 gebam
705 3220 735 3260 e
762 3205 926 3270 lecto,
966 3213 1024 3258 ιιι
1053 3205 1146 3258 tibi
1181 3205 1514 3271 conﬁterer,
1574 3209 1797 3276 quando
1851 3226 2082 3268 somnus

475 3299 903 3366 quiescentibus
927 3298 1152 3352 suavior
1181 3299 1351 3352 videri
1391 3300 1531 3354 solet
1562 3317 1577 3366 ;
1617 3304 1907 3371 surgebam
1937 3304 2082 3371 dico,

474 3400 530 3443 ut
562 3389 877 3454 conﬁterer,
914 3391 1016 3446 hoc
1051 3400 1157 3455 est,
1193 3402 1252 3446 ut
1277 3393 1485 3458 gratias
1516 3393 1614 3448 tibi
1654 3411 1869 3464 agerem
1902 3436 1916 3460 ,
1949 3413 2079 3466 pro-

2179 557 2316 628 πρὸς
2350 559 2450 620 τὰς
2479 553 2698 616 ἐντολάς
2763 569 2880 606 σου.
2943 548 3080 605 Τινὰ
3123 548 3182 602 δὲ
3222 548 3330 600 τῶν
3383 546 3758 616 ἀντιγράφων,

2177 648 2618 719 Διελογισάμην
2646 645 2756 711 τὰς
2785 643 2965 709 ὁδούς
2990 659 3133 712 μου,
3165 639 3754 710 γράφουσι,τουτέστι,

2179 743 2396 813 πρῶτον
2426 739 2833 805 διεσκεπτόμην
2891 737 2988 789 καὶ
3031 736 3093 788 τδ
3157 733 3441 804 πρακτέον
3499 749 3614 803 μοι,
3665 732 3756 784 καὶ

2176 839 2236 891 τὸ
2274 835 2538 909 λαλητέον
2565 851 2578 865 ο
2629 835 2712 889 διδ
2763 832 2862 888 καὶ
2904 829 3038 883 εῐσω
3075 828 3328 892 ἐϐάδιζον
3350 827 3462 881 τῶν
3529 823 3758 905 ἐντελῶν

2180 950 2303 987 σου.

2249 1043 2660 1120 ’Ἠτοιμάσθην
2698 1045 2797 1101 καί
2823 1046 2937 1100 οὐκ
2978 1040 3337 1110 ἐταράχθην,
3359 1037 3468 1092 τοῦ
3490 1034 3762 1106 φυλάξα-

2176 1149 2319 1200 σθαι
2344 1144 2448 1210 τὰς
2471 1140 2729 1208 ἐντολάς
2759 1153 2900 1194 σου.
2942 1135 3344 1204 Ἤτοιμάσθην,
3376 1133 3457 1196 είς
3499 1129 3561 1184 τὸ
3592 1129 3764 1198 φυλά-

2179 1240 2267 1305 ξαι
2301 1238 2400 1301 τὰς
2425 1235 2646 1294 ἐντολάς
2676 1247 2798 1287 σου·
2819 1213 2901 1285 διδ
2932 1231 3030 1284 καὶ
3053 1229 3156 1281 οὐκ
3188 1225 3506 1297 ἐταράχθην
3523 1223 3629 1276 ὑπὸ
3662 1223 3763 1292 τῆς

2176 1330 2521 1403 τραχύτητος
2555 1328 2653 1382 καὶ
2675 1325 2985 1397 βαρύτητος
3007 1321 3192 1375 αὐτῶν
3213 1337 3230 1353 ο
3287 1317 3350 1371 τὸ
3387 1317 3500 1389 γὰρ
3535 1317 3764 1386 μελετη-

2180 1425 2268 1479 θὲν
2301 1423 2399 1477 καὶ
2436 1419 2827 1494 προσδοκηθέν,
2878 1412 3514 1487 εύμεταχειριστότερον.
3538 1409 3611 1461 Ἦ
3662 1409 3765 1462 οὐκ

2177 1516 2514 1589 ἐταράχθην.
2548 1511 2897 1578 ἐπιθεμένων
2955 1527 3047 1580 μοι
3083 1507 3197 1561 τῶν
3253 1505 3546 1576 δαιμόνων,
3585 1503 3618 1572 ἢ
3657 1501 3765 1555 τῶν

2179 1609 2530 1682 πειρασμῶν,
2559 1608 2716 1668 εἰδὼς
2751 1607 2834 1660 δτι
2863 1601 3228 1676 προϐαλοῦσι,
3278 1601 3378 1654 καί⁵
3403 1611 3764 1670 παρασκευα-

2181 1704 2331 1767 σθεὶς
2370 1703 2450 1766 είς
2484 1700 2790 1772 ὑπομονήν.

2250 1902 2498 1972 Σχοινία
2528 1900 2901 1971 ἁμαρτωλῶν
2927 1895 3434 1968 περιεπλάκησάν
3481 1912 3585 1966 μοι
3614 1909 3630 1925 ο
3667 1891 3770 1947 και

2176 1997 2284 2050 τοῦ
2315 1995 2504 2063 νόμου
2525 2011 2642 2049 σου
2682 1994 2792 2047 οὐκ
2813 1989 3218 2058 ἐπελαθόμην.
3245 1986 3470 2058 Σχοινία
3505 1987 3775 2056 ἁμαρτωο

2181 2088 2290 2142 λῶν
2324 2086 2625 2156 δαιμόνων,
2647 2087 2695 2140 οι
2724 2083 2955 2156 πονηροὶ
2972 2081 3255 2150 λογισμοὶ.
3285 2079 3354 2133 δι’
3384 2073 3458 2134 ὧν
3483 2077 3774 2147 πειράζειν

2177 2178 2519 2251 ἐπιχειροῦσι
2559 2178 2687 2239 τοὺς
2735 2174 3204 2245 ἀγωνιζομένους.
3238 2171 3450 2228 Ταῦτα.
3480 2172 3642 2242 φησι,
3693 2169 3768 2223 τὰ

2179 2269 2389 2343 σχοινία
2408 2267 2865 2341 περιεπλάκησάν
2897 2284 3008 2337 μοι,
3045 2264 3140 2318 καὶ
3172 2263 3282 2317 οὐδ’
3312 2261 3490 2324 οὕτως
3559 2259 3773 2314 ἐπελα-

2181 2365 2361 2435 θόμην
2421 2363 2518 2416 τοῦ
2571 2363 2743 2432 νόμου
2805 2377 2918 2414 σου.
2981 2357 3076 2429 Τῷ
3137 2355 3292 2427 φόϐῳ
3320 2355 3379 2408 δὲ
3430 2353 3508 2424 τῷ
3551 2353 3772 2417 τούτου,

2179 2457 2432 2528 καθάπερ
2459 2456 2568 2510 τιν)⁸
2601 2453 2870 2524 διακόψας
2888 2451 3058 2522 ξίφει,
3090 2449 3234 2505 αὐτὰ
3251 2447 3532 2532 διέφυγον.

2251 2743 2310 2800 Μ
2312 2744 2496 2800 εσονύ
2508 2758 2673 2797 κτιον
2701 2737 3128 2811 ἐξηγειρόμην,
3146 2735 3255 2792 τοῦ
3273 2733 3777 2806 ἐξομολογεῖσθαι

2180 2852 2282 2893 σοι
2306 2837 2405 2892 ἐπὶ
2432 2837 2505 2891 τὰ
2535 2836 2794 2906 κρίματα
2822 2831 2933 2900 τῆς
2967 2829 3365 2897 δικαιοσύνης
3392 2843 3534 2885 σου.
3591 2829 3776 2886 Μεσο-

2181 2935 2420 2995 νύκτιον,
2453 2930 2542 2985 ὅτε
2575 2928 2775 3000 μᾶλλον
2796 2927 2845 2981 oi
2886 2927 3148 2999 δαίμονες
3206 2924 3547 2979 ἐπιτίθενται
3570 2939 3585 2955 ·
3641 2927 3772 2988 τοὺς

2187 3025 2286 3096 μὲν
2315 3026 2396 3088 είς
2438 3022 2686 3094 πονηρὰν
2721 3019 2980 3092 μελέτην,
3012 3019 3140 3084 τοὺς
3167 3018 3226 3072 δὲ
3291 3016 3431 3090 πρὸς
3489 3017 3776 3088 ἁμαρτίαν

2185 3119 2525 3189 ἀλείφοντες.
2567 3117 2640 3170 Ἦ
2668 3116 2765 3170 καὶ
2793 3115 2884 3170 ὅτε
2901 3112 3247 3184 γλυκύτερος
3271 3113 3299 3165 δ
3329 3109 3500 3173 ὕπνος
3525 3113 3774 3183 ἐπιρρεῖ.

2189 3214 2348 3277 Τότε,
2407 3210 2599 3281 φησιν,
2652 3208 3026 3279 ἐξηγειρόμην
3055 3209 3123 3260 ἐκ
3152 3205 3253 3275 τῆς
3304 3204 3518 3275 κοίτης,
3571 3205 3669 3257 ἐπὶ
3694 3204 3777 3272 τῷ

2187 3299 2629 3370 ἐξομολογεῖσθαί
2671 3316 2777 3363 σοι,
2811 3299 2905 3351 ἐπὶ
2933 3296 3012 3369 τῷ
3046 3296 3395 3366 εὐχαριστεῖν
3450 3311 3556 3358 σοι,
3580 3295 3669 3348 διὰ
3699 3296 3773 3349 τὰ

2186 3392 2436 3464 κρίματα
2470 3390 2571 3460 τῆς
2595 3388 2948 3456 δικαιοσύνης
2983 3404 3078 3440 σου
3104 3403 3118 3416 ·
3149 3387 3230 3440 ὅτι
3253 3385 3427 3440 ταῦτα
3455 3384 3777 3455 φειδόμενος

474 3491 595 3550 pter
626 3482 832 3552 judicia
878 3481 1112 3551 justitize
1163 3491 1294 3538 tute.
1356 3483 1483 3541 Hinc
1536 3494 1719 3540 autem
1764 3485 1975 3556 judicia
2027 3498 2074 3543 tu

2183 3483 2365 3553 ἡμῶν,
2398 3481 2823 3552 ἐνομοθέτησεν,
2853 3480 2943 3533 ἵνα
2976 3477 3314 3549 φοϐούμενοι
3363 3478 3777 3549 σωφρονῶμεν,

477 3574 642 3629 nobis
713 3589 974 3644 parcens,
1013 3577 1286 3632 mandasti
1346 3577 1468 3649 lege
1512 3585 1603 3632 tua
1652 3578 1963 3647 observari,
2027 3590 2074 3635 ul

2186 3574 2283 3627 καὶ
2310 3575 2384 3642 μὴ
2407 3570 2930 3633 ἀκολασθαίνοντες,
2958 3566 3346 3638 κολασθῶμεν.
3379 3567 3449 3620 Ἣ
3481 3565 3774 3638 ἐξηγειρό-

475 3668 607 3720 dum
644 3668 723 3721 tui
759 3668 1015 3722 timorem
1052 3670 1416 3735 addiscimus,
1453 3672 1858 3728 moderatiores
1883 3672 2074 3729 cilicia-

2189 3685 2298 3737 μην
2327 3667 2420 3717 ἐπί⁵
2455 3663 2535 3735 τῷ
2567 3663 2928 3735 ἐξαγορεύειν
2968 3680 3052 3716 σοι
3077 3662 3178 3725 τὰς
3208 3661 3496 3733 ἁμαρτίας
3527 3679 3651 3732 μου.
3683 3661 3779 3716 διὰ

476 3777 625 3824 titur,
700 3778 768 3815 ne
801 3761 1282 3834 intemperantiam
1325 3766 1525 3834 seculi,
1561 3766 1867 3837 majoribus
1924 3769 2074 3823 dam-

2186 3759 2256 3811 τὰ
2293 3757 2548 3828 κρίματα
2565 3755 2668 3826 τῆς
2689 3753 3049 3827 δικαιοσύνης
3068 3770 3190 3822 σου,
3221 3753 3474 3807 τουτέστι
3499 3751 3778 3825 φοϐούμεο

473 3868 674 3907 nemur
705 3855 1017 3924 suppliciis.
1055 3855 1150 3911 Vel
1180 3876 1192 3912 :
1219 3856 1549 3927 Surgebam,
1587 3870 1645 3912 ut
1667 3858 1963 3914 conﬁterer
1986 3861 2082 3914 tibi

470 3956 704 4015 peccata
749 3964 867 4003 mea
898 3991 912 4013 ,
944 3961 1174 4020 propter
1224 3952 1433 4021 judicia
1483 3952 1719 4023 justitia
1783 3962 1926 4021 tute,
1979 3954 2083 4010 hoc

468 4050 577 4102 est,
613 4040 821 4096 timens
858 4051 1097 4112 prOpter
1126 4059 1216 4100 ea.

544 4152 711 4210 Vens.
740 4156 829 4211 65.
863 4157 1140 4227 Particeps
1182 4177 1275 4231 ego
1330 4179 1446 4214 sum
1490 4164 1726 4217 omnium
1780 4163 2077 4218 timentium

473 4253 541 4312 ιο,
571 4255 621 4299 et
669 4248 1090 4303 custodientium
1133 4253 1392 4306 mandata
1418 4265 1532 4309 tua.
1590 4252 1770 4324 Eque
1809 4269 1911 4325 ego
1940 4296 1954 4318 ,
1989 4257 2078 4310 in-

471 4340 613 4407 quit,
649 4351 814 4412 atque
857 4342 958 4410 illi,
1000 4354 1052 4400 te
1084 4348 1277 4412 timeo,
1311 4362 1467 4416 atque
1498 4348 1663 4402 etiam
1692 4348 1951 4401 mandata
1977 4357 2071 4403 tua

471 4432 730 4490 observo.
761 4434 915 4492 Unus
946 4440 1149 4494 etenim
1178 4455 1246 4495 ex
1287 4440 1503 4495 illorum
1541 4457 1772 4496 numero
1804 4457 1953 4507 sum,
1980 4443 2074 4512 qui

473 4533 525 4576 te
560 4529 798 4582 maxime
830 4540 1196 4595 venerantur,
1231 4540 1398 4602 atque
1426 4533 1750 4588 observant.

546 4615 710 4674 Vens.
737 4621 826 4676 6i.
852 4622 902 4675 Μ
911 4625 1217 4678 iscricordia
1241 4636 1355 4689 tua,
1385 4625 1622 4691 Domine,
1646 4625 1802 4693 plena
1825 4635 1903 4680 est
1922 4637 2084 4691 terra,

469 4708 877 4779 iustiﬁcationes
911 4726 1030 4770 tuas
1053 4717 1180 4773 doce
1209 4734 1306 4773 me.
1346 4717 1427 4772 Tu
1461 4721 1631 4775 totius
1668 4720 1820 4774 orbis
1849 4720 2076 4776 misere-

470 4808 566 4869 ris,
597 4816 651 4861 tu
687 4825 883 4863 omnes
911 4813 1113 4875 nutris,
1149 4822 1206 4865 tu
1241 4813 1490 4866 omnium
1525 4828 1717 4868 curam
1772 4828 1836 4868 ac
1885 4811 2076 4883 provi-

471 4906 714 4958 dentiam
748 4902 938 4967 Iiabes,
975 4914 1030 4958 tu
1071 4906 1287 4970 patiens
1316 4921 1376 4960 es
1420 4905 1485 4960 ad
1533 4922 1750 4961 omnes.
1805 4905 2067 4962 Miserere

473 5001 642 5065 igitur
684 5001 810 5062 inci,
844 5008 897 5052 et
925 4999 1063 5052 doce
1093 5015 1179 5052 me
1211 4998 1642 5065 iustiﬁcationes
1693 5005 1817 5052 tuas
1848 5037 1862 5061 ,
1899 4999 1972 5050 ita
2011 5004 2074 5050 ut

471 5091 641 5144 altius
678 5099 732 5144 et
770 5089 1072 5158 perfectius
1105 5104 1201 5143 eas
1235 5090 1560 5156 intelligam.
1606 5086 1935 5156 Huiusmodi
1970 5101 2073 5141 au-

472 5182 791 5237 tenrverbis
837 5184 1012 5236 utitur
1046 5183 1239 5238 beatus
1279 5182 1446 5234 David
1485 5224 1491 5233 .
1533 5198 1641 5236 non
1683 5181 1832 5250 quod
1876 5179 2068 5249 procul

2184 3869 2274 3916 νος
2308 3853 2378 3905 δι’
2414 3850 2584 3908 αὑτά.

2253 4165 2532 4235 Μέτοχός
2557 4165 2676 4233 εἰμι
2699 4161 2815 4233 ἐγὼ
2837 4160 3082 4216 πάντων
3113 4158 3234 4214 τῶν
3255 4157 3647 4230 φοϐουμένων
3675 4174 3773 4225 σε,

2181 4258 2279 4311 καὶ
2309 4256 2429 4311 τῶν
2447 4255 2898 4325 φυλασσόντων
2917 4252 3022 4317 τὰς
3041 4247 3297 4315 ἐντολάς
3319 4263 3460 4303 σου.
3493 4249 3769 4318 Μέτοχος,

2181 4352 2298 4422 ἦτοι
2327 4349 2582 4410 κοινωνὸς
2609 4345 2705 4400 τοῦ
2735 4346 2855 4400 ἴσου
2883 4343 3078 4415 φόὸου,
3111 4343 3208 4397 καὶ
3248 4341 3346 4414 τῆς
3364 4340 3560 4413 ὁμοίας
3592 4340 3769 4411 φυλα-

2181 4445 2303 4513 κῆς,
2334 4443 2504 4513 ἤγουν
2531 4434 2612 4505 εἷς
2645 4437 2855 4493 αὐτῶν.

2274 4618 2386 4675 Τοῦ
2415 4617 2631 4681 ἐλέους
2662 4630 2803 4682 σου,
2837 4617 3034 4684 Κύριε,
3063 4611 3304 4681 πλήρης
3337 4614 3372 4682 ἡ
3401 4611 3500 4682 τῆ.
3563 4612 3636 4668 τὰ
3684 4613 3776 4668 διο

2184 4712 2494 4784 καιὼματά
2528 4726 2648 4766 σου
2677 4709 2931 4776 διδαξόν-
2954 4725 3052 4780 με.
3089 4708 3278 4760 Πᾶσαν
3303 4705 3403 4778 τὴν
3438 4705 3544 4774 γῆν
3578 4705 3774 4771 ἐλεεῖς,

2180 4807 2400 4877 τρέφων
2421 4805 2653 4866 πάντας,
2685 4800 3086 4872 προνοούμενος
3110 4800 3357 4861 πάντων,
3391 4796 3771 4868 μακροθυμῶν

2181 4901 2275 4953 ἐπὶ
2304 4899 2496 4951 πᾶσιν.
2561 4894 2818 4963 Ἐλέησον
2847 4893 3014 4962 κάμὲ,
3070 4893 3166 4946 καὶ
3213 4889 3439 4954 δίδαξόν
3472 4906 3541 4960 με
3583 4889 3652 4942 τὰ
3689 4890 3772 4944 διο

2184 4987 2484 5060 καιὼματὰ
2519 5004 2639 5050 σου,
2677 4984 3043 5055 ὑψηλότερον,
3084 4984 3178 5038 καὶ
3226 4982 3613 5053 βεϐαιότερον·
3673 4981 3772 5035 καὶ

2185 5083 2294 5154 μὴν
2317 5083 2413 5136 καὶ
2443 5079 2606 5143 αὐτὸς
2638 5078 2780 5149 μετὰ
2806 5079 3026 5131 πάντων
3083 5075 3296 5146 ἠλεεῖτο
3319 5092 3335 5107 ο
3389 5074 3529 5130 ἀλλὰ
3587 5073 3770 5137 τοῦτο,

2180 5175 2241 5229 δυ
2252 5172 2738 5242 σωπητικώτερον,
2763 5170 3011 5240 εἴρηκεν.

468 5286 670 5331 esseta
710 5279 1090 5331 misericordia
1121 5277 1238 5342 Dei,
1272 5277 1365 5332 sed
1405 5286 1462 5330 ut
1511 5278 1667 5331 illum
1722 5273 1828 5331 sibi
1883 5273 2056 5343 magis
2100 5269 2428 5326 benevolum
2461 5265 2740 5331 redderet,
2782 5275 2836 5319 et
2877 5273 2936 5318 ιιι
2960 5262 3282 5332 ampliorem
3310 5277 3437 5333 erga
3499 5277 3560 5318 se
3641 5262 3745 5316 mi-

473 5370 836 5424 sericordiam
879 5371 1221 5424 conciliaret.

547 5461 712 5516 Vnus.
741 5460 829 5516 65.
852 5461 1148 5515 Bonitatem
1178 5462 1348 5531 fecisti
1373 5480 1492 5517 cum
1519 5481 1664 5518 servo
1685 5475 1796 5532 tuo,
1827 5466 2070 5526 Domine.

472 5556 757 5609 secundum
793 5554 1006 5609 uerbum
1041 5563 1210 5607 tuum.
1254 5557 1557 5621 Beneﬁcio,
1589 5558 1806 5626 inquit,
1837 5559 2071 5615 aifccisti

474 5661 698 5700 servum
736 5657 887 5697 tuutn
917 5662 931 5710 ;
967 5645 1040 5697 ita
1069 5645 1216 5698 enim
1271 5644 1636 5715 Symmachus
1680 5630 1937 5704 reddidit.
1973 5647 2074 5703 Se-

483 5734 723 5789 cundum
756 5745 938 5790 autent
969 5733 1199 5790 verbum
1228 5742 1420 5798 tuum,
1454 5735 1600 5802 quod
1631 5735 1685 5789 in
1734 5737 1852 5806 lege
1933 5738 2079 5791 scri-

483 5824 632 5896 ptum
657 5841 780 5883 esse
803 5827 1062 5882 di\'imus.
1101 5825 1179 5882 lbi
1208 5825 1357 5884 enim
1394 5841 1651 5896 expresse
1681 5827 1956 5898 pollicitus
1994 5843 2072 5896 cs,

2254 5454 2647 5523 Χρηστότητα
2667 5449 2968 5517 ἐποίησας
2993 5446 3146 5518 μετὰ
3185 5447 3296 5502 τοῦ
3341 5446 3573 5501 δούλου
3629 5462 3769 5502 σου.

2179 5549 2376 5615 Κύριε,
2438 5544 2587 5599 κατὰ
2651 5545 2758 5597 τὸν
2795 5542 2985 5611 λόγον
3019 5555 3157 5595 σου.
3216 5541 3610 5610 Εὺηργὲτησας
3679 5539 3773 5594 τὸν

2179 5640 2372 5696 δοῦλόν
2405 5657 2499 5693 σου
2526 5655 2538 5669 ο
2580 5638 2724 5691 οὓτω
2753 5639 2864 5707 γὰρ
2887 5639 2914 5691 ὁ
2942 5635 3242 5707 Σύμμαχος
3307 5633 3541 5698 ἐξέδωκε
3567 5649 3580 5662 ·
3627 5632 3773 5687 κατὰ

2177 5733 2270 5786 τδν
2303 5733 2461 5800 λόγον
2489 5748 2582 5784 σου
2615 5731 2693 5797 δὲ,
2752 5731 2847 5783 τὸν
2907 5732 2966 5783 ἐν
2990 5729 3070 5798 τῷ
3126 5729 3280 5796 νόμῳ
3352 5723 3770 5797 γεγραμμένον,

2184 5828 2312 5900 περὶ
2337 5825 2429 5882 τοῦ
2458 5824 3026 5898 εὐεργετεῖσθαιποὺς
3060 5819 3516 5894 εὖαρεστοῦντας
3539 5819 3573 5889 ἢ
3610 5814 3768 5872 Κατὰ
