4120 6296
392 362 533 431 1153

1568 367 1965 431 COMMENT.
2006 366 2089 428 ΙΝ
2128 370 2503 435 PSALMOS.

3542 380 3681 447 115‘

386 482 495 534 τὸν
544 479 735 549 λόγον
794 494 938 548 σου,
994 480 1120 537 ἀντὶ
1142 479 1236 536 τοῦ
1266 477 1426 536 Κατᾶ
1480 478 1542 533 τὺ
1600 482 1816 551 πρέπον
1857 496 1959 534 σοι.

2076 493 2129 538 te
2159 482 2483 539 aﬂecturum
2530 484 2796 543 beneﬂcio
2827 502 2928 545 eos
2951 524 2971 556 .
3010 488 3107 562 qui
3140 489 3242 548 tibi
3291 492 3508 564 placere
3544 505 3673 551 stu-

388 571 720 642 Εὗχαριστεῖ
735 572 814 639 δὲ,
843 572 930 645 ἐφ’
952 568 1037 638 οἷς
1068 572 1462 646 εὐηργιτηται.

2076 579 2322 635 duerint.
2356 578 2457 637 Vel
2486 579 2648 639 aliter
2677 583 2847 654 (quia
2876 583 3069 643 Graeca
3120 585 3294 643 dictio
3325 588 3487 659 λόγος
3516 631 3536 654 ,
3561 606 3677 646 non

400 662 623 719 Verbum
656 674 889 733 tantum,
918 667 1014 722 sed
1060 668 1319 722 rationem
1368 668 1535 723 etiam
1588 666 1904 741 signiﬁcat)
1944 688 1961 726 :
2002 668 2315 728 Secundum
2378 673 2686 741 rationem,
2752 676 2971 749 inquit,
3042 678 3219 736 fecisti
3269 682 3411 737 lianc
3464 682 3682 737 bonita-

387 768 521 829 tem,
558 760 662 817 hoc
690 769 801 829 est,
833 761 1138 818 secundum
1168 761 1221 817 id
1253 763 1400 835 quod
1429 762 1769 820 divinitatem
1800 773 1953 821 tuam
1992 766 2177 823 decet.
2207 769 2475 825 Continet
2506 784 2693 828 autem
2720 770 2817 849 bic
2882 786 3071 828 sermo
3121 774 3432 844 gratiarum
3498 778 3677 831 actio-

388 872 509 919 nes.
541 873 640 928 pro
682 859 926 930 acceptis
961 860 1272 915 beueliciis.

459 956 872 1024 Χρηστότητα,
905 955 1005 1009 και
1032 956 1338 1021 παιδείαν,
1400 959 1499 1014 καὶ
1541 961 1773 1033 γνῶσιν
1802 962 1973 1018 δίδα-

386 1047 499 1115 ξόν
529 1048 740 1118 με.ὄτι
775 1047 906 1114 ταῖς
933 1048 1216 1117 ἐντολαῖς
1237 1066 1359 1106 σου
1391 1052 1756 1111 ἐπίστευσα.
1821 1059 1976 1130 Χρη-

388 1139 621 1210 atris-qm
655 1139 757 1211 μὲν
783 1139 918 1214 πρὸς
952 1144 1078 1208 τοὺς
1116 1145 1431 1215 ὀμογενεῖς,
1473 1149 1728 1204 παιδείαν
1771 1150 1850 1216 δί,
1875 1152 1979 1224 τὴν

386 1234 447 1287 ιν
479 1235 547 1305 τῇ
591 1235 901 1306 πρακτικῇ,
930 1234 1141 1302 γνῶσιν
1167 1238 1246 1305 δι,
1277 1239 1379 1310 τὴν
1417 1240 1478 1295 ὲν
1504 1243 1571 1312 τῇ
1629 1242 1974 1317 θεωρητικῇ.

387 1327 681 1382 Συνέτισόν
712 1345 805 1400 με,
836 1328 995 1399 φησὶ,
1028 1329 1167 1403 πρὸς
1186 1333 1417 1401 ταύτας,
1450 1337 1570 1391 ἀνθ’
1603 1330 1681 1395 ὧν
1708 1339 1976 1410 ἐπείσθην

385 1424 509 1486 ταῖς
538 1420 780 1486 ἐντολαῖς
811 1436 908 1476 σου
934 1438 949 1454 ·
986 1420 1021 1495 ἢ
1071 1422 1212 1479 διότι
1261 1427 1571 1485 ἐπίστευσα
1613 1432 1835 1499 αὐταῖς,
1891 1433 1977 1487 ὅτι

386 1515 739 1572 συνετισουσι
770 1533 865 1588 με.

459 1700 583 1772 Πρὸ
606 1701 717 1759 τοῦ
737 1720 817 1774 με
844 1704 1311 1775 ταπεινωθῆναι,
1335 1703 1455 1776 ἐγὼ
1501 1704 1976 1776 ἐπλημμέλησα,

388 1791 490 1848 διὰ
511 1792 690 1850 τοῦτο
714 1796 783 1850 τὸ
810 1797 1023 1869 λόγιόν
1052 1812 1174 1855 σου
1217 1798 1514 1869 ἐφύλαξα.
1569 1798 1686 1870 Πρὸ
1740 1798 1840 1853 τοῦ
1875 1817 1979 1854 κα-

2152 954 2318 1012 Vens.
2346 954 2437 1011 66.
2478 953 2781 1010 Bonitatem
2819 966 2874 1010 et
2912 956 3281 1027 disciplinam.
3307 968 3356 1013 et
3397 961 3674 1016 scientiam

2076 1052 2206 1106 doce
2232 1065 2313 1106 me
2335 1090 2353 1117 ,
2383 1051 2511 1121 quia
2535 1049 2805 1105 mandatis
2833 1050 2939 1104 tuis
2973 1050 3199 1105 credidi.
3239 1049 3383 1109 Duce
3424 1070 3510 1109 mc
3535 1095 3551 1119 ,
3583 1055 3675 1109 iu-

2078 1155 2219 1211 qutt,
2250 1141 2559 1198 bonitatem
2598 1157 2726 1212 erga
2760 1144 2971 1198 amicos
2995 1151 3050 1197 et
3080 1155 3346 1214 cognatos
3368 1186 3384 1207 .
3416 1147 3673 1219 discipli~

2082 1252 2210 1291 nam
2246 1234 2300 1290 in
2333 1233 2678 1297 actionibus,
2711 1242 2765 1289 et
2799 1234 3091 1291 Scientiam
3123 1234 3178 1289 in
3217 1237 3667 1306 contemplanda.

2076 1326 2190 1383 Inst
2209 1344 2305 1383 rue
2333 1342 2420 1382 mc
2446 1326 2612 1398 igitur
2643 1327 2698 1381 in
2734 1326 2820 1381 bis
2861 1327 3119 1383 omnibus
3146 1368 3163 1393 ,
3208 1329 3338 1398 quia
3395 1332 3675 1388 mandatis

2075 1421 2187 1472 tuis
2222 1417 2593 1486 obtemperavi
2623 1456 2640 1479 ,
2673 1416 2759 1471 vel
2784 1416 2917 1486 quia
2966 1416 3218 1481 credidi,
3262 1417 3409 1487 quod
3469 1417 3673 1473 instrui

2074 1495 2339 1566 deberem
2368 1523 2397 1561 a
2436 1506 2712 1564 mandatis
2737 1507 2875 1576 tuis,
2920 1517 3085 1579 atque
3115 1508 3186 1563 ab
3226 1507 3336 1565 illis
3359 1511 3671 1578 sapientior

2080 1601 2262 1659 reddi.
3048 1588 3055 1594 .

2151 1696 2315 1750 Vens.
2351 1693 2440 1751 67.
2473 1694 2797 1765 Priusquam
2817 1694 3134 1751 humiliarer
3162 1712 3254 1767 ego
3287 1696 3525 1767 deliqui:
3550 1714 3671 1768 pro-

2073 1800 2250 1860 pterea
2264 1788 2532 1859 eloquium
2560 1795 2709 1841 tuum
2736 1786 3021 1842 custodiri.
3058 1789 3367 1859 Antequam
3390 1789 3669 1857 amigcrcr

388 1885 705 1957 κοπαθῆσαι
728 1905 802 1959 με
837 1889 1125 1964 ἥμαρτον*
1153 1890 1487 1964 ἁμαρτήσας
1522 1890 1814 1963 πρότερον,
1853 1886 1973 1947 εἶτα

2078 1898 2180 1953 ego
2228 1881 2495 1953 peccavi;
2550 1890 2604 1936 et
2650 1880 2780 1951 quia
2836 1891 2963 1951 post
3020 1892 3305 1953 peccatum
3367 1884 3674 1955 castigatus

387 1978 744 2053 ἐπαιδεύθην.
778 1982 880 2037 Διὰ
905 1982 1076 2038 τοῦτο
1100 1982 1198 2039 τδν
1227 1982 1395 2056 νόμον
1426 2000 1525 2037 σου
1556 1983 1827 2055 ἐφύλαξα,
1884 1985 1978 2041 ἵνα

388 2073 467 2146 μὴ
492 2073 657 2131 πάλιν
686 2075 1036 2149 ἁμαρτήσας,
1080 2076 1390 2149 πειρασθῶ.
1450 2077 1693 2134 Ἐπιται
1742 2080 1855 2152 γὰρ
1905 2082 1975 2152 τῇ

388 2164 744 2239 πλημμελείᾳ
762 2168 1103 2234 ταπείνωσις
1127 2170 1196 2224 ὲκ
1229 2168 1571 2242 πειρασμοῦ.
1604 2171 1679 2224 Ἣ
1721 2172 1821 2225 καὶ
1878 2188 1976 2225 τα-

385 2256 651 2312 πείνωσιν
704 2260 1068 2331 ὑποληπτέον,
1110 2260 1213 2334 τὴν
1257 2260 1540 2333 ἐνάρετον,
1589 2262 1690 2335 τὴν
1721 2261 1790 2317 ὲκ
1815 2280 1917 2319 συν
1945 2292 1972 2305 ε-

384 2345 695 2417 αισθήσεως
718 2349 1028 2423 ἁμαρτιας,
1051 2353 1166 2418 τοῖς
1224 2353 1596 2426 προσέχουσιν
1656 2355 1977 2426 ἐπιγινομέ-

385 2456 508 2510 νην,
536 2440 626 2495 ἵνα
659 2441 759 2497 καὶ
788 2443 1080 2515 νοήσωμεν
1107 2444 1206 2500 ὅτι
1250 2446 1285 2519 ἠ
1324 2446 1681 2518 πλημμέλεια
1744 2446 1974 2519 γέγονεν

384 2532 539 2608 αὐτῷ
564 2534 828 2610 πρόξενος
848 2537 1392 2612 ταπεινοφροσύνης.

454 2718 732 2788 Χρηστὸς
750 2715 812 2775 ετ
829 2718 935 2787 σὺ,
956 2721 1162 2791 Κύριε,
1205 2724 1307 2778 και
1343 2720 1418 2776 ἐν
1455 2721 1534 2794 τῇ
1597 2721 1975 2794 χρηστότητι

382 2830 502 2869 σου
531 2813 784 2881 δίδαεόν
808 2832 887 2886 με
919 2815 991 2871 τὰ
1023 2815 1392 2888 δικαιώματά
1429 2832 1566 2873 σου.
1629 2817 1721 2882 Ὦς
1739 2817 1969 2887 ἀγαθὸς,

378 2907 479 2963 καὶ
512 2907 925 2978 φιλάνθρωπος,
970 2910 1069 2963 καὶ
1113 2910 1444 2981 φιλάγαθος,
1481 2908 1698 2977 διδαξόν
1727 2928 1799 2983 με
1831 2927 1970 2983 τρα-

381 2997 643 3072 νώτερον,
670 3000 759 3056 ἵνα
783 3002 949 3073 κάγὼ
973 3001 1135 3059 τοῦτο
1159 3005 1431 3077 γένωμαι·
1468 3005 1532 3059 τδ
1556 3004 1693 3060 αὐτὸ
1725 3004 1785 3060 δὲ
1817 3004 1970 3074 λέγει

382 3093 650 3158 πολλάκις
685 3094 978 3150 ἐπιτείνων
1009 3113 1071 3150 τε
1091 3096 1195 3167 τὴν
1219 3096 1429 3169 δέησιν,
1460 3097 1559 3151 καὶ
1602 3096 1812 3170 σφόδρα
1868 3094 1971 3159 ἐἰς

388 3187 541 3257 παρὰ
569 3185 706 3240 Θεοῦ
740 3186 1091 3253 διδασκαλίας
1119 3187 1476 3260 ὀρεγόμενος.

2079 1986 2227 2037 sum,
2255 1972 2324 2029 de
2357 1981 2553 2029 cancro
2587 1972 2762 2044 legem
2802 1982 2951 2028 luant
2985 1973 3262 2030 custodiri
3290 1991 3305 2031 :
3340 1975 3541 2033 timens
3573 1994 3666 2046 ne,

2080 2064 2125 2121 si
2164 2079 2357 2120 rursus
2389 2064 2522 2119 mihi
2564 2080 2798 2136 peccare
2858 2066 3248 2135 contingeret,
3304 2084 3500 2128 rursus
3550 2072 3671 2140 pari

2080 2153 2243 2208 modo
2271 2151 2573 2210 afﬂictione
2599 2154 2783 2226 aliqua
2840 2156 3205 2225 castigandus
3256 2173 3462 2215 essent.
3518 2160 3673 2220 Solet

2078 2247 2227 2303 enim
2263 2256 2385 2318 post
2412 2258 2699 2317 peccatum
2752 2249 2981 2307 alllictlo
3023 2254 3291 2323 consequi
3318 2293 3334 2319 ,
3372 2266 3537 2328 atque
3566 2258 3671 2314 ltu—

2077 2338 2327 2395 ntiliatio.
2363 2338 2642 2397 Fortassis
2668 2342 2857 2408 etiam,
2896 2341 2965 2398 de
2995 2358 3056 2397 ea
3089 2344 3336 2416 loquitur
3380 2348 3669 2408 humilita-

2078 2431 2159 2488 tis
2184 2433 2409 2497 virtute,
2443 2448 2562 2501 quise
2587 2434 2834 2491 cordatis
2880 2435 3201 2493 hominibus
3230 2439 3301 2496 de
3329 2444 3670 2501 conscientia

2076 2525 2385 2582 innascitur
2418 2530 2653 2595 peccati,
2687 2530 2761 2582 ita
2785 2539 2845 2583 ut
2882 2545 3084 2586 sensus
3132 2533 3235 2599 sit,
3284 2534 3432 2604 quod
3464 2550 3665 2606 pecca-

2076 2627 2193 2674 tum
2221 2618 2325 2675 sibi
2360 2618 2463 2675 l‘uit
2492 2635 2659 2675 causa
2690 2621 3052 2680 humilitatis.

2165 2702 2334 2764 Vens.
2369 2708 2461 2768 68.
2497 2708 2679 2765 Bonus
2705 2726 2757 2766 es
2780 2720 2860 2778 tu,
2891 2720 2942 2767 et
2972 2713 3027 2766 in
3053 2714 3288 2771 bonitate
3325 2724 3418 2771 tua
3438 2717 3567 2772 doce
3587 2734 3670 2774 me

2063 2800 2486 2873 iustiﬁcationes
2516 2812 2661 2858 tuas.
2700 2804 2987 2875 Tanquam
3022 2806 3225 2870 bonus.
3258 2817 3313 2862 et
3349 2809 3668 2869 misericors

2072 2894 2208 2952 doce
2236 2911 2323 2952 me
2352 2897 2651 2963 sincerius,
2686 2905 2746 2953 ut
2770 2914 2872 2970 ego
2908 2899 3076 2956 etiam
3133 2900 3314 2959 bonus
3354 2903 3503 2960 llam.
3555 2905 3669 2962 Sat-

2074 3003 2199 3059 ptus
2225 3003 2359 3045 vero
2386 2988 2532 3045 idem
2567 2990 2768 3061 repetit
2792 3029 2810 3055 ,
2868 2993 3180 3048 orationem
3228 2995 3526 3054 intendens
3553 3040 3569 3064 .
3600 3013 3668 3054 ac

2073 3082 2244 3139 veluti
2279 3082 2483 3138 divinat
2512 3081 2783 3140 doctrina:
2810 3084 3031 3143 avidus.

455 3239 844 3343 eaeam.
873 3239 980 3329 ἐῷ
1000 3239 1108 3346 ἐ*μὲ
1130 3239 1353 3332 sua;
1375 3239 1817 3348 ιὲἑερηφάνων,
1853 3274 1972 3345 ἐγὼ

2147 3265 2315 3336 Vsus.
2352 3279 2445 3338 69.
2473 3261 2830 3351 Multiplicata
2862 3290 2942 3337 est
2968 3299 3127 3352 super
3162 3301 3243 3340 me
3267 3286 3537 3356 iujustitia
3575 3305 3667 3344 su-

380 3363 452 3420 et
476 3366 549 3420 ἐν
589 3366 952 3437 ὄλῃσκαρδιᾳ
989 3386 1111 3438 μου
1147 3368 1535 3438 ἐξερευνήσω
1576 3372 1686 3438 τὰς
1713 3368 1972 3436 ἐντολάς

382 3476 526 3516 σου.
576 3460 809 3533 Ἐκεῖνοι
838 3461 940 3532 μὲν
969 3461 1225 3517 ἀδικοῦσι
1256 3478 1349 3532 με,
1390 3461 1503 3532 ἐγὼ
1530 3463 1611 3526 δὲ,
1635 3463 1745 3517 οὐδ’
1795 3460 1973 3526 οὕτως

383 3544 771 3627 ἀποστήσομαι
808 3557 916 3610 ἀπὸ
931 3555 1041 3609 τῶν
1070 3556 1307 3610 ἐντολῶν
1338 3573 1459 3621 σου,
1489 3555 1614 3610 οὐδὲ
1646 3556 1967 3628 μιμήσομαι

382 3651 636 3714 τούτους,
667 3648 783 3705 ἀλλ’
811 3650 1159 3721 ὲξερευνήσω
1176 3648 1402 3714 ταύτας,
1433 3649 1530 3703 καὶ
1566 3647 1666 3720 τὴν
1710 3664 1972 3719 παραμυ-

383 3744 508 3799 θίαν
534 3744 746 3798 ἐκεῖθεν
773 3744 1071 3816 ἁρύσομαι.
1098 3744 1516 3815 Ὑπερηφάνους
1543 3743 1602 3798 δὲ
1632 3742 1847 3815 νόησον,
1878 3742 1973 3796 καὶ⁸

381 3837 510 3902 τοὺς
533 3838 820 3909 δαίμονας,
848 3837 945 3891 καὶ
972 3837 1102 3901 τοὺς
1136 3835 1460 3907 ὑπερόπτας
1476 3835 1572 3889 τοῦ
1609 3837 1801 3904 νόμου.

465 4020 764 4090 Ἐτυρώθη
790 4020 866 4087 ὡς
892 4018 1049 4089 γάλα
1074 4020 1113 4088 ἡ
1137 4017 1353 4088 καρδία
1375 4017 1595 4086 αὐτῶν,
1623 4018 1738 4092 ἐγὼ
1776 4017 1845 4073 δὲ
1866 4018 1970 4073 τὸν

381 4115 572 4182 νόμον
627 4129 747 4167 σου
769 4112 1136 4183 ἐμελέτησα.
1187 4111 1568 4183 Ἐσκληρύνθη
1623 4112 1750 4167 κατ’
1806 4109 1968 4173 ἐμοῦ.

383 4206 459 4260 Τὸ
508 4206 652 4268 γάλα
709 4205 820 4278 γὰρ
844 4206 925 4268 τις
944 4204 1110 4275 τυρὸν
1159 4202 1535 4275 πησσόμενον,
1571 4201 1965 4275 σκληρύνεται.

388 4298 461 4352 'il
524 4296 795 4369 ιλιπάνθη
859 4296 1300 4368 ὲνευθηνουμὲνη
1374 4298 1500 4360 ταῖς
1555 4296 1823 4359 ἀδικίαις.
1896 4296 1971 4350 Τὸ

386 4394 529 4465 γάλα
556 4391 667 4464 γὰρ
699 4394 781 4457 si;
809 4392 974 4464 τυρὸν
1008 4389 1358 4464 πησσόμενον
1413 4390 1824 4462 λιπωδὲστερον
1880 4390 1971 4460 γι-

386 4504 560 4543 νεται.

388 4798 391 4801 λ
454 4753 710 4825 Ἀγηθόγ
760 4768 863 4823 μοι
918 4750 1008 4805 ὅτι
1052 4747 1465 4816 ἕταιείνωσάς
1519 4765 1619 4818 με·
1690 4748 1851 4815 ὅπως
1895 4746 1975 4804 ἂν

382 4847 554 4919 μάθω
576 4846 648 4901 τὰ
708 4841 1076 4913 δικαιώματά
1134 4861 1276 4899 σου.
1330 4842 1642 4914 Συμφέρον,
1694 4840 1974 4912 ὠφέλιμόν

390 4958 485 5013 μοι
525 4943 772 5009 γέγονεν,
824 4937 910 4992 ὅτι
963 4932 1301 4999 ἐπαίδευσάς
1357 4950 1425 5004 με
1470 4936 1826 5005 πειρασμοῖς,
1887 4933 1974 4988 ἶνα

390 5034 550 5105 μὰυω
578 5032 640 5085 τὸ
663 5029 878 5085 δίκαιόν
923 5046 1043 5095 σου,
1082 5028 1165 5081 ὅτι
1220 5024 1472 5093 κολάζεις
1529 5030 1657 5089 τοὺς
1727 5025 1976 5095 ἀμαρτά-

387 5145 578 5190 νοντας
607 5143 620 5156 ·
656 5124 752 5178 καὶ
778 5124 863 5179 ὅτι
891 5124 943 5176 ei
974 5120 1213 5176 ἐνταῦθα
1246 5120 1523 5186 κολάζεις,
1554 5117 1741 5191 πολλῷ
1770 5118 1975 5190 μᾶλλον

388 5221 528 5275 ἐκεῖ.

460 5311 708 5382 ’Λγαθός
752 5327 857 5380 μοι
887 5312 919 5363 ὀ
948 5307 1133 5377 νόμος
1164 5306 1270 5361 τοῦ
1293 5306 1593 5376 στόματός
1643 5318 1784 5369 σου,
1821 5304 1976 5375 ὑπὲρ

390 5408 665 5478 χιλιάδας
693 5406 953 5475 χρυσίου
980 5402 1078 5456 καὶ
1129 5402 1442 5471 ἀργυρίου.
1479 5400 1537 5453 Ὀ
1558 5401 1724 5470 νόμος
1766 5400 1826 5454 ὃν
1876 5400 1979 5453 ὑπ-

390 5504 702 5575 ηγόρευσας
732 5498 812 5571 τῷ
841 5498 1077 5567 Μωῦσῇ,
1104 5497 1309 5564 ἀγαθός
1338 5512 1449 5566 μοι,
1475 5494 1667 5565 ὥσπερ
1698 5493 1976 5561 παιδαγω-

389 5597 506 5666 γῶν
534 5598 596 5648 τὸ
628 5593 809 5664 σῶμα,
839 5591 933 5645 καὶ
964 5589 1246 5661 ῥυομίςων
1270 5589 1338 5644 τὰ
1368 5588 1496 5660 ἢθη,
1531 5589 1625 5643 καὶ
1680 5588 1976 5651 συνεαρίζων

389 5686 487 5759 ’τὴν
508 5685 707 5757 ψυχήν.

453 5781 521 5833 Al
552 5777 749 5849 χεῖρές
791 5792 909 5831 σου
960 5772 1261 5842 ἐποίησάν
1279 5790 1355 5844 με
1414 5771 1510 5827 καὶ
1566 5772 1851 5828 ἔπλασαν
1876 5790 1974 5841 με,

391 5870 722 5929 συνέτισόν
742 5884 841 5939 με,
870 5866 969 5922 καὶ
991 5866 1339 5939 μαθήσομαι
1363 5866 1468 5932 τὰς
1504 5865 1759 5931 ἐντολάς
1830 5883 1966 5922 σου.

2075 3370 2379 3440 peritorum,
2412 3388 2505 3440 ego
2541 3383 2719 3426 autem
2787 3373 2845 3427 iu
2880 3380 2989 3427 toto
3034 3373 3192 3428 corde
3222 3391 3333 3429 meo
3380 3379 3667 3431 scrutabor

2074 3462 2333 3517 mandata
2361 3474 2477 3517 tua.
2510 3463 2619 3531 Illi,
2663 3463 2863 3534 inquit,
2893 3480 3108 3521 summa
3141 3480 3228 3522 me
3253 3467 3495 3523 alliciunt
3527 3469 3667 3538 inju-

2074 3558 2180 3620 ria,
2215 3571 2319 3627 ego
2350 3563 2537 3611 tamen
2575 3565 2870 3626 propterea
2899 3570 2930 3610 a
2966 3560 3245 3615 mandatis
3281 3564 3394 3615 tuis
3429 3576 3535 3615 non
3580 3577 3667 3616 re-

2077 3654 2295 3713 cedam,
2328 3664 2435 3705 nec
2465 3650 2735 3717 superbos
2765 3650 3026 3705 imitabor
3059 3652 3349 3720 :quinimo
3377 3655 3666 3710 scrutabor

2075 3739 2333 3796 mandata
2362 3751 2479 3808 tua,
2514 3741 2569 3795 in
2602 3742 2806 3811 quibus
2832 3742 3274 3799 consolatiOnem
3324 3746 3501 3814 capio.
3559 3745 3667 3802 Per

2077 3834 2344 3903 Superbos
2370 3844 2553 3888 autem
2590 3842 2649 3890 et
2674 3832 2953 3890 daemones
2987 3836 3256 3906 intelligo,
3282 3846 3337 3892 et
3366 3837 3500 3909 legis
3527 3854 3664 3895 con-

2078 3934 2403 3995 temptores.

2148 4015 2315 4073 Vens.
2370 4017 2457 4073 70.
2513 4017 2871 4089 Coagulatum
2924 4028 3003 4073 est
3049 4019 3189 4072 sicut
3230 4019 3315 4073 lac
3334 4036 3426 4075 cor
3454 4038 3663 4087 eorum,

2075 4129 2169 4183 ego
2210 4129 2330 4167 vero
2359 4113 2524 4183 legem
2552 4121 2699 4165 tuam
2732 4110 3018 4165 meditatus
3042 4128 3182 4166 sum.
3204 4109 3518 4167 lnduratum
3554 4123 3660 4180 est,

2073 4201 2276 4272 inquit,
2314 4215 2506 4255 eorum
2539 4216 2637 4256 eor
2670 4199 2965 4255 adversum
3008 4215 3114 4255 me.
3147 4199 3257 4256 Lac
3285 4202 3433 4256 enim
3462 4216 3664 4274 coagu-

2075 4294 2243 4351 latum
2269 4295 2323 4349 itt
2358 4308 2584 4352 caseum
2617 4294 2957 4350 obdurescit'.‘
2992 4293 3088 4350 Vel
3123 4297 3292 4367 (quia
3341 4295 3529 4351 Graeca
3578 4296 3665 4350 di-

2074 4390 2206 4451 ctio,
2228 4388 2506 4460 ὲτυρὼθη,
2543 4405 2650 4443 non
2682 4400 2791 4443 tam
2828 4390 3171 4461 coagulatum
3198 4407 3363 4461 quant
3390 4402 3664 4446 caseatum

2074 4482 2389 4554 signiﬁcat)
2417 4498 2432 4535 :
2461 4480 2756 4537 Caseatum
2789 4495 2870 4538 est
2893 4522 2908 4547 ,
2940 4485 3122 4553 inquit
3143 4524 3159 4549 ,
3186 4482 3289 4538 hoc
3317 4493 3434 4548 est,
3464 4486 3665 4555 pingue

2001 4588 2047 4644 υ
2078 4575 2351 4641 ellectum,
2375 4583 2427 4630 ct
2463 4576 2753 4630 abundans
2776 4576 3186 4647 iniquitatibus.
3219 4574 3368 4631 Ellici
3394 4579 3540 4631 enim
3575 4593 3664 4632 so-

2080 4666 2156 4721 let
2188 4666 2471 4735 pinguius.
2503 4667 2607 4731 lac,
2646 4666 2738 4719 ubi
2770 4665 2823 4720 in
2858 4681 3079 4721 caseum
3129 4668 3492 4721 concreverit.

2154 4760 2312 4813 Vsus.
2358 4758 2446 4814 7|.
2490 4758 2695 4812 Bonum
2744 4759 2893 4821 mihi,
2944 4760 3069 4827 quia
3124 4760 3421 4815 ltumiliasti
3454 4777 3555 4821 me.
3604 4770 3663 4813 nt

2076 4849 2281 4902 discam
2304 4849 2724 4920 justiﬁcationes
2758 4859 2898 4905 tuas.
2935 4847 3079 4904 Utile
3120 4852 3344 4920 quidem
3376 4854 3508 4906 tnilti
3554 4852 3663 4906 fuit

2076 4942 2285 5012 corripi
2346 4956 2377 4995 a
2430 4955 2505 5006 te,
2558 4943 2730 4997 variis
2783 4941 3200 5007 amictionibus,
3262 4952 3323 4997 ut
3375 4944 3660 5013 justitiam

2080 5040 2235 5087 tuam
2284 5031 2634 5087 addiscerem
2671 5050 2685 5086 :
2719 5034 2872 5102 quod
2913 5034 3127 5087 scilicet
3158 5043 3212 5088 tu
3246 5046 3539 5104 peccantes
3567 5051 3665 5089 ca-

2079 5129 2271 5197 stigas.
2308 5125 2465 5193 Quod
2500 5129 2546 5180 si
2575 5125 2631 5178 in
2667 5125 2927 5196 praesenti
2960 5126 3069 5180 vita
3098 5128 3260 5196 punis
3310 5136 3659 5197 peccatores,

2078 5230 2287 5291 quanto
2320 5220 2494 5291 magis
2528 5219 2583 5274 id
2616 5219 2785 5274 facies
2821 5220 2875 5273 in
2912 5218 3136 5273 futura?

2148 5311 2317 5367 Vens.
2362 5312 2449 5366 72.
2491 5310 2645 5365 Bona
2678 5311 2809 5364 mihi
2856 5312 2945 5365 lea:
2993 5315 3102 5366 oris
3160 5313 3256 5375 tui,
3294 5329 3453 5379 super
3486 5312 3663 5366 millia

2080 5406 2202 5459 auri
2233 5417 2282 5459 et
2310 5407 2536 5475 argenti.
2572 5403 2710 5469 Lex,
2742 5421 2909 5476 quam
2944 5405 3113 5477 Moysi
3165 5407 3471 5473 tradidisti,
3514 5408 3663 5464 bona

2081 5499 2213 5551 tuilti
2256 5507 2361 5562 cst,
2394 5513 2460 5552 eo
2494 5498 2639 5568 quod
2675 5499 2919 5561 instruit,
2954 5509 3122 5568 atque
3153 5500 3341 5555 erudit
3372 5517 3481 5557 me.
3521 5499 3661 5556 Nam

2081 5601 2135 5646 ct
2171 5605 2374 5660 corpus
2402 5590 2658 5659 castigat,
2694 5599 2751 5645 et
2783 5606 2968 5647 mores
2992 5590 3200 5663 dirigit,
3248 5600 3303 5647 et
3357 5593 3664 5662 sapientio-

2082 5698 2197 5737 rem
2234 5687 2472 5739 animam
2508 5684 2706 5740 reddit.

2157 5777 2323 5835 Vens.
2362 5779 2451 5835 75.
2496 5778 2693 5833 Manus
2728 5788 2833 5833 tua:
2892 5779 3131 5848 fecerunt
3172 5795 3252 5833 me
3280 5789 3327 5832 ct
3360 5780 3659 5846 plasmare-

2085 5882 2206 5925 runt
2240 5888 2339 5938 mc,
2378 5872 2449 5926 da
2482 5871 2607 5926 milli
2641 5873 2987 5931 intellectum.
3046 5883 3099 5927 ut
3151 5868 3356 5926 discam
3401 5871 3659 5925 matulam
