4120 6296
493 353 629 419 1155

1706 362 2088 424 EUTHYMII
2132 363 2497 425 ZIGABENI

3614 359 3755 428 1156

490 480 603 526 ιιια.
634 468 714 524 Tu
745 483 853 536 me,
884 471 1089 541 inquit,
1124 472 1433 541 plasmasti,
1461 479 1519 525 tu
1548 472 1678 527 milii
1710 475 2049 542 prudentiam

2166 475 2237 529 Σύ
2304 494 2373 547 με
2424 475 2687 542 ἔπλασας,
2721 473 2785 529 σύ
2848 492 2917 546 με
2961 473 3262 541 συνέτισον,
3300 472 3366 529 σύ
3417 489 3489 546 με
3516 474 3747 541 δεδαξον.

488 572 714 628 praesta,
766 569 826 617 tu
887 579 973 618 me
1030 564 1187 630 doce,
1230 574 1284 619 et
1330 579 1432 635 ego
1477 563 1755 619 addiscam
1807 566 2064 621 mandata

487 670 601 721 tua,
640 670 763 725 qua
815 657 1097 712 hominem
1140 658 1206 711 ad
1256 668 1459 712 rectam
1503 658 1755 713 semitam
1798 659 2060 731 dirigunt.

488 751 670 819 Aliqui
702 750 870 804 etiam
911 750 1128 815 dicunt,
1177 755 1323 819 quod
1370 748 1543 804 Filius
1572 758 1627 804 ct
1676 758 1904 805 sanctus
1938 751 2063 820 Spi-

486 844 629 898 ritus
654 843 762 897 dici
798 854 1029 912 possunt
1063 858 1259 897 manus
1294 842 1473 896 Patris
1507 860 1521 897 :
1554 858 1618 898 eo
1650 844 1794 912 quod
1844 858 1941 913 per
1967 858 2064 897 eos

484 938 671 990 omnia
702 935 854 990 fecit.

562 1028 726 1081 Vens.
769 1027 861 1081 74.
904 1026 1010 1092 Qui
1047 1028 1233 1080 timent
1271 1036 1341 1089 te,
1377 1024 1628 1080 videbunt
1675 1044 1773 1093 me,
1822 1037 1873 1080 et
1911 1026 2065 1082 heta-

485 1119 702 1184 buntur,
732 1121 858 1189 quia
895 1121 947 1173 in
1004 1120 1158 1173 verba
1206 1130 1297 1171 tua
1348 1122 1738 1188 supersperaei.
1787 1121 2064 1175 Videbunt

487 1227 573 1265 me
611 1210 896 1280 proiicere,
958 1209 1005 1263 si
1048 1211 1179 1263 milii
1231 1210 1567 1264 intellectum
1616 1211 1973 1278 praestiteris;
2010 1221 2063 1265 et

486 1300 840 1362 lietaliuntur,
865 1301 1011 1369 quod
1048 1301 1102 1352 in
1148 1301 1423 1354 mandatis
1458 1301 1568 1355 tuis
1595 1302 1755 1355 valde
1800 1315 2060 1371 sperare-

482 1394 585 1447 rim
617 1401 670 1446 et
703 1408 811 1446 non
846 1394 899 1446 in
944 1394 1069 1446 aliis
1094 1394 1277 1446 san-uli
1314 1395 1475 1461 hujus
1501 1394 1745 1447 auxiliis.

553 1483 721 1539 VERS.
751 1484 839 1537 75.
880 1482 1135 1553 Cognati,
1164 1484 1410 1550 Domine,
1440 1484 1580 1554 quod
1603 1486 1825 1553 justitia
1848 1485 2060 1556 judicia

482 1591 600 1644 tua,
651 1589 699 1632 et
744 1582 962 1634 veritate
1022 1590 1115 1632 tua
1178 1580 1476 1633 Itumiliasti
1524 1597 1625 1633 me.
1711 1578 2059 1650 Experientia

480 1677 737 1745 cognovi,
778 1676 925 1746 quod
969 1675 1178 1745 judicia
1222 1686 1315 1729 tua
1373 1676 1526 1744 jnsta
1581 1683 1734 1741 sunt,
1799 1676 2061 1745 quodque

486 1770 699 1821 merito
755 1768 942 1822 multis
997 1783 1083 1823 me
1144 1765 1534 1823 emit-tionibus
1591 1768 1943 1837 depressisti,
2002 1777 2060 1823 ut

479 1867 802 1936 prudentior
829 1864 1013 1919 ﬁerent
1043 1882 1060 1921 :
1100 1865 1153 1919 in
1192 1873 1242 1921 te
1274 1866 1420 1920 enim
1451 1866 1811 1936 deliqueram.

549 1957 716 2013 Vsus.
763 1958 852 2012 76.
900 1956 1027 2011 Fiat
1060 1958 1188 2011 mihi
1236 1958 1603 2011 misericordia
1637 1970 1748 2025 tua,
1790 1969 2063 2012 attonsa-

476 2049 614 2103 letur
645 2068 723 2104 me
747 2050 1032 2104 secundum
1063 2050 1326 2120 eloquium
1365 2061 1539 2115 tuum,
1594 2067 1741 2105 servo
1794 2060 1905 2106 tuo.
1936 2051 2060 2105 Fiat

476 2143 608 2195 milii
643 2158 804 2197 servo
844 2152 939 2196 tuo
973 2143 1356 2198 misericordia
1402 2151 1520 2204 tua,
1580 2151 1641 2197 ut
1688 2158 1776 2197 me
1824 2139 2053 2195 calami-

388 2257 395 2263 -
474 2235 683 2289 tatibus
716 2233 976 2288 aﬂlietum
1032 2234 1341 2305 refrigeret.
1400 2231 1520 2286 Fiat
1557 2244 1735 2287 autem
1764 2233 1869 2287 hoc
1894 2231 2052 2294 milii,

469 2323 626 2395 juxta
678 2327 1098 2394 promissionem
1169 2336 1339 2378 tuam.
1378 2323 1662 2378 Pollicitus
1694 2325 1841 2378 enim
1886 2337 1947 2377 es
1991 2322 2049 2376 in

472 2418 589 2486 iege
623 2430 739 2482 tua,
771 2432 931 2489 opem
976 2427 1030 2471 te
1054 2417 1296 2472 laturum
1324 2432 1448 2473 esse
1475 2417 1740 2471 omnibus
1769 2415 2051 2487 paeniten-

500 2510 646 2562 ibus.

500 2518 591 2561 lbtt
632 2548 646 2562 .

474 2518 495 2564 ι
545 2525 708 2654 Vitas.
752 2599 839 2652 77.
894 2598 1116 2653 Veniant
1156 2597 1287 2652 mihi
1320 2598 1688 2652 miserationes
1714 2608 1839 2663 tua,
1872 2606 1926 2651 et
1978 2595 2054 2651 νδ-

469 2708 609 2748 ttam.
643 2692 795 2755 Mitti.
831 2693 1082 2761 inquam.
1115 2690 1209 2761 qui
1244 2691 1407 2745 modo
1443 2689 1670 2745 tristitia
1695 2705 1757 2745 ac
1808 2704 2047 2744 mterorc

469 2799 609 2855 pene
636 2800 786 2839 eram
814 2783 1138 2839 snﬂoeatus.

542 2877 681 2942 Quia
730 2876 815 2929 lea:
883 2888 978 2929 tua
1024 2875 1301 2929 meditatio
1332 2890 1448 2929 mea
1472 2883 1572 2929 est.
1626 2872 1859 2928 Veniant
1890 2875 2047 2940 milii,

464 2972 670 3041 inquit,
706 2970 812 3023 illa:
850 2969 1235 3022 miserationes
1285 2976 1412 3033 tute,
1460 2968 1589 3037 quia
1619 2966 1902 3035 deinceps,
1935 2982 2047 3038 pre

466 3064 681 3119 exteris
708 3064 986 3122 omnibus,
1021 3062 1106 3116 lex
1138 3072 1229 3114 tua
1262 3061 1364 3115 erit
1390 3061 1673 3115 meditatio
1697 3075 1841 3114 mea.

540 3155 706 3210 Vsus.
742 3156 829 3209 78.
862 3154 1281 3224 Confundantur
1308 3154 1542 3222 superbi,
1571 3154 1696 3225 quia
1719 3154 1915 3223 injuste
1942 3154 2047 3208 iui-

2169 568 2264 622 καὶ
2298 568 2616 638 μαθήσομαι
2648 566 2945 638 κατορθοῦν
2990 567 3088 631 τὰς
3140 566 3362 631 ἐντολάς
3411 583 3530 620 σου.
3591 567 3747 628 Τινὲς

2166 659 2221 711 δὲ
2256 660 2445 730 χεῖρας
2484 661 2577 713 τοῦ
2610 661 2825 732 Πατρὸς
2856 658 3039 714 νοοῦσι
3081 660 3174 713 τδν
3209 659 3357 721 my,
3384 658 3478 713 καὶ
3508 660 3568 712 τὸ
3597 659 3747 728 ἅγιοι

2167 753 2413 823 Πνεῦμα,
2451 752 2521 805 δι’
2547 748 2621 810 ὧν
2646 754 2717 807 τὰ
2741 755 2920 809 πάντα
2943 753 3225 823 ἐποίησεν.

2240 1028 2305 1081 Οἱ
2336 1025 2698 1096 φοϐούμενοί
2720 1043 2795 1081 σε
2832 1026 3091 1095 oti-orta!
3110 1045 3206 1096 με.
3248 1029 3346 1082 καὶ
3407 1029 3736 1100 cappari”;-

2164 1134 2396 1181 σον-ται,
2462 1116 2551 1171 ὅτι
2612 1118 2701 1183 εἰς
2757 1118 2899 1184 τοὺς
2957 1121 3180 1187 ,λόγους
3225 1136 3345 1173 σου
3408 1120 3743 1187 bitumen.

2168 1208 2431 1279 Ὄψονται
2472 1225 2539 1272 με
2600 1208 3006 1279 προκόπτοντα,
3053 1213 3102 1265 et
3162 1213 3446 1284 συνετίσῃς
3502 1231 3592 1283 με,
3648 1215 3742 1268 καὶ

2164 1301 2654 1372 εὐφρανθήσονται,
2686 1302 2770 1355 ὅτι
2801 1304 2879 1365 εις
2905 1307 3005 1367 τὰς
3036 1304 3257 1368 ἐντολάς
3289 1322 3385 1359 σου
3434 1306 3741 1379 ὲπήλπισαί

2163 1396 2257 1447 καὶ
2278 1394 2381 1446 οὐκ
2405 1395 2485 1457 εἰς
2512 1394 2694 1449 ἄλλοτι
2718 1395 2995 1465 βιωτικόν.

2237 1484 2490 1550 Ἕγνων.
2508 1484 2705 1551 Κύριε,
2726 1482 2815 1536 ὅτι
2840 1483 3199 1552 δικαιοσύνη
3231 1486 3303 1540 τὰ
3326 1486 3575 1557 κρίματά
3602 1506 3742 1553 σου,

2162 1576 2261 1643 χαι
2292 1575 2543 1643 ἀληθείᾳ
2571 1575 2979 1644 ἐταπείνωσὰς
3034 1594 3132 1647 με.
3175 1579 3385 1647 Ἔγνων
3444 1585 3509 1653 τῇ
3551 1583 3741 1653 πείρᾳ,

2160 1668 2243 1721 ὅτι
2272 1669 2481 1723 δίκαιαι
2512 1669 2567 1722 αι
2601 1669 2812 1740 κρίσεις
2846 1684 2962 1733 σου,
2992 1672 3089 1723 καὶ
3119 1670 3361 1739 εὐλόγως
3387 1673 3484 1727 καὶ
3518 1670 3743 1736 δικαίως

2161 1761 2535 1825 ὲταπείνωσάς
2555 1766 3001 1834 μερπειρασμοῖς,
3032 1763 3120 1819 τνα
3145 1766 3524 1837 ωφρονισθῶ·
3554 1768 3741 1838 ἦμαρ·

2090 1893 2134 1948 Β
2162 1870 2255 1907 τον
2295 1856 2426 1925 γάρ.

2232 1947 2555 2017 Γενηθήτω
2588 1949 2665 2018 δὴ
2704 1949 2772 2005 τὸ
2790 1949 2969 2020 ἔλεός
3002 1967 3121 2008 σου
3161 1952 3273 2009 τοῦ
3326 1951 3745 2022 παρακαλέσαι

2152 2057 2253 2110 με.
2301 2041 2598 2115 Γενηθήτω
2650 2060 2740 2115 μοι
2782 2043 2864 2117 τῷ
2906 2044 3082 2116 δούλῳ
3116 2061 3211 2099 σου
3234 2047 3297 2101 τὸ
3319 2045 3469 2108 ἔλεός
3494 2061 3618 2117 σου,
3648 2046 3743 2099 tut

2160 2134 2239 2205 τῷ
2260 2135 2666 2207 ψυχαγωγῆσαι
2691 2153 2759 2207 με
2782 2115 3105 2193 κακωθέντα
3121 2154 3135 2171 ο
3168 2137 3455 2211 γενηθήτω
3557 2137 3742 2201 τοῦτο.

2158 2230 2303 2284 κατὰ
2353 2233 2454 2302 τὴν
2507 2230 2803 2303 ὑπόσχεσιν
2840 2249 2962 2288 σου.
3020 2233 3368 2303 Ἐπηγγιίλω
3408 2234 3522 2306 γὰρ
3562 2236 3623 2289 ιν
3666 2233 3746 2305 τῷ

2154 2324 2305 2395 νόμῳ
2333 2322 2834 2395 ἀντιλαμβάνεσθαι
2855 2323 2967 2379 τῶν
2996 2323 3427 2397 μετανοούντων.

2222 2593 2595 2650 Ἐλθέτωσάν
2624 2612 2727 2665 μοι
2754 2598 2810 2653 οι
2841 2597 3134 2667 οικτιρμοι
3155 2611 3297 2667 σου,
3325 2598 3425 2653 καὶ
3458 2598 3729 2670 ζήσομαι.

2152 2684 2298 2757 Ἤδη
2334 2688 2455 2751 ταῖς
2492 2685 2692 2752 λύπαις
2712 2687 3166 2760 ἁποπνιγομένῳ.

2224 2866 2352 2919 Ὀτι
2377 2868 2410 2920 ό
2442 2866 2628 2935 νόμος
2648 2882 2767 2922 σου
2784 2866 3009 2935 μελέτη
3038 2886 3157 2938 μου
3178 2868 3371 2926 ἐστίν.
3398 2871 3739 2927 Ἐλθέτωσάν

2152 2975 2265 3028 μοι,
2294 2958 2430 3013 διότι
2465 2962 2494 3015 ὁ
2522 2960 2684 3032 νόμος
2723 2977 2818 3015 σου
2846 2961 3045 3031 μελέτη
3090 2980 3193 3033 μου
3234 2967 3410 3027 ἐστὶν,
3466 2965 3545 3031 ὡς
3576 2967 3734 3021 οὐδὲν

2146 3050 2232 3105 ἕτε
2243 3068 2357 3122 ρον.

2214 3147 2727 3215 Αἰσχυνθήτωσαν
2748 3148 3141 3219 ὑπερήφανοι.
3164 3150 3254 3204 ὅτι
3277 3151 3491 3219 ἀδίκως
3506 3154 3732 3225 ἠγόμη-

462 3251 719 3319 quitatem
745 3248 982 3314 fecerunt
1034 3247 1091 3300 in
1123 3264 1225 3302 me.
1284 3245 1648 3313 Erulieseant,
1700 3250 1847 3318 quod
1901 3247 2041 3302 nihil

2155 3256 2272 3296 σαν
2302 3244 2390 3306 εὶς
2414 3241 2520 3311 ἐμέ
2572 3243 3059 3313 Αἰσχυνθήτωσαν,
3108 3244 3183 3315 τῷ
3206 3245 3373 3317 μηδὲν
3403 3246 3622 3313 ἀνύσαι,
3660 3249 3738 3319 τῷ

466 3353 761 3414 potuerunt
793 3341 1080 3412 perficere,
1110 3354 1178 3394 eo
1224 3342 1371 3410 quod
1405 3340 1650 3408 superati
1684 3349 1739 3393 et
1769 3337 2041 3407 proﬂigati

465 3444 616 3491 sunt.
648 3435 801 3505 Ipsos
829 3446 1017 3487 autem
1047 3433 1323 3487 daemones
1354 3431 1631 3501 intelligit,
1687 3444 1784 3485 seu
1833 3430 2040 3486 divina!

463 3530 600 3599 legis
631 3535 1067 3595 contemptores,
1104 3534 1162 3578 ut
1203 3525 1469 3578 diximus.
1503 3522 1713 3593 lnjuste
1738 3531 1923 3577 autem
1955 3524 2040 3579 fe-

464 3635 660 3679 cerunt
692 3623 1037 3691 iniquitatem
1075 3620 1130 3673 in
1168 3634 1275 3686 me,
1322 3618 1452 3688 quia
1496 3628 1723 3689 propter
1778 3619 2038 3672 invidiam

455 3714 551 3771 'me
581 3715 823 3786 aggressi
853 3721 1009 3769 sunt.

536 3807 647 3879 Ego
674 3820 850 3861 autem
876 3804 1173 3859 meditabor
1220 3804 1276 3857 in
1308 3804 1578 3857 mandatis
1630 3804 1761 3858 tuis.
1817 3801 1890 3859 De
1936 3804 2038 3861 boc

456 3901 570 3971 jam
604 3901 733 3953 alibi
767 3914 912 3969 sazpe
945 3899 1154 3951 dictum
1188 3904 1294 3951 cst.

533 4013 701 4069 Vens.
732 4012 820 4067 79.
845 4012 1170 4066 Convertant
1194 4025 1275 4062 me
1295 4010 1535 4062 timentes
1562 4019 1631 4073 te,
1660 4020 1711 4063 ct
1738 4011 1828 4081 qui
1848 4029 2040 4081 cogno-

460 4116 613 4164 scunt
645 4106 949 4159 testimonia
985 4114 1098 4158 tua.
1142 4103 1205 4165 li,
1237 4103 1437 4170 inquit,
1468 4104 1558 4170 qui
1595 4105 1788 4157 timent
1824 4114 1875 4158 te
1908 4122 2040 4159 con-

461 4204 680 4250 vertant
719 4211 824 4261 me,
852 4196 895 4249 si
947 4195 1244 4263 aliquando
1273 4192 1537 4247 seductus
1567 4207 1597 4244 a
1631 4193 1903 4250 mandatis
1929 4195 2038 4251 tuis

460 4290 814 4344 aberravero.

531 4399 701 4455 Vatis.
734 4399 823 4455 80.
861 4396 985 4453 Fiat
1020 4414 1113 4451 cor
1139 4414 1311 4451 meum
1340 4398 1821 4465 irreprehensibile,
1868 4402 1923 4454 in
1943 4401 2038 4471 ju-

457 4494 871 4563 stiﬁcationibus
913 4494 1040 4554 tuis,
1081 4504 1136 4548 ut
1175 4509 1277 4546 non
1311 4492 1636 4560 confundat.
1682 4494 2037 4559 Irreprelien-

2150 3335 2452 3405 ἡττηθῆναι
2487 3351 2503 3366 ο
2544 3335 2694 3404 λέγει
2744 3336 2801 3389 δὲ
2862 3335 2991 3400 τοὺς
3046 3339 3307 3408 ἀνωτέρω
3364 3340 3735 3409 δηλωθέντας.

2150 3425 2379 3489 ’Λδίκως
2410 3426 2469 3479 δὲ
2498 3426 2784 3497 ὴνόμησαν
2814 3426 2893 3489 εἰς
2921 3425 3045 3496 ἐμὲ,
3082 3427 3169 3480 διὰ
3200 3427 3365 3497 μόνον
3387 3429 3583 3498 φθόνον
3610 3430 3734 3481 ἑπι-

2149 3518 2391 3590 θέμενοι.

2233 3824 2380 3894 Ἐγὼ
2408 3825 2471 3879 δὲ
2519 3824 2921 3897 ἀδολεσχήσω
2970 3827 3040 3882 ἐν
3087 3826 3216 3893 ταῖς
3266 3827 3542 3894 ἐντολαῖς
3588 3844 3729 3883 σου.

2150 3921 2287 3988 Περὶ
2323 3919 2515 3971 τούτου
2541 3921 2778 3990 εἴρηται.

2214 4009 2795 4081 Ἐπιστρεψότωσάν
2813 4031 2890 4084 με
2919 4016 2975 4068 οι
3012 4016 3384 4085 φοβούμενοί
3414 4030 3510 4077 σε.
3541 4014 3635 4069 καὶ
3678 4016 3737 4070 ol

2146 4104 2552 4174 γινώσκοντες
2629 4108 2701 4161 τὰ
2738 4106 3031 4176 μαρτύριά
3098 4126 3235 4165 σου.
3292 4108 3737 4179 Ἐπιστρεψάτω-

2149 4201 2249 4254 σάν
2283 4218 2348 4253 ue
2376 4202 2424 4254 οἱ
2456 4202 2714 4269 τοιοῦτοι,
2748 4204 2936 4257 εῐποτε
2969 4203 3343 4275 ἁποπλανηθῶ
3367 4204 3476 4257 τῶν
3507 4202 3737 4257 ἐντολῶν

2148 4308 2264 4345 σου.

2218 4409 2538 4477 Γενηθήτω
2568 4410 2606 4477 ἡ
2630 4409 2842 4478 καρδία
2863 4428 2983 4479 μου
3012 4410 3247 4479 ἄμωμος
3274 4410 3344 4464 ἐν
3364 4409 3488 4476 τοῖς
3510 4409 3737 4463 δικαιώ-

2144 4502 2296 4570 μασί
2328 4516 2466 4564 σου,
2489 4501 2651 4567 ὅπως
2681 4502 2758 4556 ἂν
2778 4503 2863 4571 μὴ
2894 4502 3223 4571 αἱσχυνθῶ.
3248 4502 3540 4572 Γενηθήτω
3580 4503 3735 4572 ἄμω-

458 4587 615 4643 sibile
668 4586 762 4642 ﬁat
814 4601 910 4639 cor
965 4601 1169 4652 meum,
1238 4586 1368 4638 dum
1425 4586 1477 4638 in
1540 4586 2036 4654 justiﬁeationibus

2155 4611 2276 4664 μος,
2306 4594 2665 4663 ὲμμελετῶσα
2703 4598 2816 4658 τοῖς
2848 4594 3183 4665 δικαιώμασί
3219 4612 3335 4660 σου,
3366 4596 3460 4649 καὶ
3484 4595 3562 4665 τῷ
3587 4594 3737 4665 φόϐῳ

456 4680 569 4735 tuis
598 4679 917 4742 meditatur,
951 4686 1005 4731 et
1042 4680 1248 4731 utinam
1282 4678 1481 4732 timore
1512 4693 1705 4732 eorum
1738 4690 2029 4750 purgatus,

458 4785 565 4825 non
600 4766 926 4831 confundar,
971 4778 1129 4838 turpe
1158 4768 1363 4837 aliquid
1388 4772 1772 4823 committens.

534 4879 699 4934 Vsus.
730 4879 820 4931 8|.
871 4877 1061 4947 Deﬁcit
1110 4878 1164 4931 in
1208 4876 1448 4929 salutare
1490 4884 1637 4931 tuum
1688 4880 1869 4931 anima
1902 4896 2037 4934 mea.

458 4975 588 5032 Abit
621 4972 1052 5043 quodammodo,
1084 4980 1252 5040 atque
1302 4969 1631 5025 dissolvitur
1683 4974 1867 5027 anima
1897 4989 2038 5038 mea,

459 5068 723 5124 desiderii
790 5068 1189 5123 vehementiam
1243 5081 1351 5119 non
1392 5064 1601 5122 ferens.
1657 5064 1761 5121 Per
1799 5070 2044 5124 salutare

463 5173 645 5217 autem
676 5162 972 5215 salutarem
1002 5158 1212 5215 Christi
1252 5160 1695 5214 incarnationem
1738 5161 1994 5232 intelligit
2025 5179 2039 5227 ;

462 5256 539 5308 ait
574 5254 739 5321 igitur
774 5266 835 5306 se
877 5251 1029 5304 illius
1059 5250 1324 5305 salutaris
1351 5248 1635 5303 desiderio
1661 5248 1911 5303 maxime
1953 5258 2043 5304 te-

462 5347 605 5404 neri.

537 5459 601 5517 1η
631 5460 787 5514 verba
811 5469 904 5512 tua
926 5458 1313 5527 supersperavi.
1342 5456 1400 5513 In
1434 5458 1614 5514 verbis
1654 5461 1768 5517 tuis
1798 5460 2040 5527 conﬁdo.

467 5553 710 5609 l‘uturutu
776 5568 898 5608 esse
949 5553 1098 5624 quod
1150 5553 1361 5622 cupio:
1398 5552 1454 5607 in
1513 5553 1633 5623 ejus
1668 5553 1794 5609 dico
1831 5556 2038 5623 verbis,

2154 4686 2364 4738 τούτων
2406 4686 2809 4759 καθαιρομένη,
2842 4688 2989 4751 ὅπως
3019 4688 3086 4741 ἂν
3122 4689 3200 4760 μὴ
3254 4688 3548 4759 αἱσχυνθῶ,
3599 4689 3740 4760 πρά-

2151 4777 2249 4845 ξας
2280 4778 2442 4848 ἔργον
2472 4780 2638 4850 αἰσχύ
2649 4798 2763 4851 νης.

2229 4893 2529 4948 Ἐκλειπει
2589 4895 2675 4961 εις
2704 4896 2769 4947 τὸ
2797 4893 3097 4962 σωτήριόν
3141 4912 3259 4951 σου
3296 4896 3334 4964 ἠ
3389 4896 3560 4965 ψυχή
3592 4914 3734 4964 μου.

2147 4984 2451 5054 ’Δποδημεῖ
2470 4986 2674 5056 τρόπον
2710 4990 2855 5054 τινὰ,
2880 4987 2912 5057 ἢ
2941 4987 3224 5049 ικλύεται.
3260 4990 3335 5059 μὴ
3357 4990 3603 5058 φέρουσα
3636 4989 3734 5057 τὴν

2148 5078 2489 5148 σφοδρότητα
2509 5077 2604 5131 τοῦ
2638 5079 2830 5133 πόθου.
2860 5081 3142 5151 Σωτήρων
3185 5081 3242 5133 δὲ
3284 5081 3431 5149 λέγει
3483 5082 3585 5151 τὴν
3630 5099 3735 5135 σω-

2152 5170 2343 5241 τήριον
2371 5170 2790 5241 ὲνανθρώπησιν
2816 5172 2912 5225 τοῦ
2933 5173 3171 5245 Χριστοῦ
3194 5189 3209 5204 ο
3241 5178 3409 5247 φησιν
3449 5172 3545 5228 οὖν
3571 5191 3586 5205 ·
3619 5174 3733 5237 ὅτι,

2161 5260 2378 5331 Σφόδρα
2408 5261 2559 5316 ποθῶ
2585 5262 2647 5315 τὸ
2677 5265 2976 5335 σωτήρειον
3000 5266 3180 5320 τοῦτο.

2224 5464 2330 5529 Εις
2384 5462 2526 5529 τοὺς
2557 5464 2780 5533 λόγους
2811 5480 2928 5520 σου
2987 5466 3320 5532 ἐπήλπισα.
3374 5467 3498 5530 Τοῖς
3558 5466 3735 5537 λόγοις

2155 5572 2249 5609 σου
2278 5555 2469 5627 θαρῤὦ
2497 5558 2580 5612 ὅτι
2615 5559 2907 5629 γενήσεται
2944 5559 3009 5627 ³³,
3042 5562 3152 5623 τοῖς
3175 5560 3354 5629 λόγοις
3376 5577 3470 5613 σου
3508 5561 3619 5625 τοῖς
3677 5560 3737 5613 ἐν

1812 5730 2016 5794 Variis
2045 5729 2375 5797 lectiones.

537 5832 650 5902 (5!)
682 5831 922 5888 Subaudi
958 5831 1016 5885 τὸ
1049 5830 1340 5901 σωτήριον.
