4090 6288
537 347 679 412 “59

1733 326 2120 394 EUTHYMII
2156 316 2526 384 ZIGABENI

3659 296 3802 363 1160

531 461 933 517 Concluserunt
966 466 1053 507 me
1103 452 1161 506 in
1205 459 1375 514 terra,
1405 462 1504 504 seu
1550 447 1882 502 Everterunt
1925 456 2013 497 me
2064 441 2120 493 in

2258 430 2480 487 κλεισιὶν
2518 444 2587 499 με
2620 427 2678 480 ἐν
2732 426 2799 496 τῇ
2828 423 2898 494 γῇ
2925 461 2940 486 ,
2991 419 3024 492 ἢ
3055 413 3453 487 Κατέστριψάν
3489 429 3557 482 με
3586 410 3668 474 είς
3697 411 3804 479 τὴν

532 568 766 620 terram;
813 565 912 621 ego
947 559 1126 602 tamen
1162 563 1189 600 a
1225 543 1581 600 meditatione
1622 548 1715 594 aut
1748 539 1815 594 ab
1856 537 2120 592 observa-

536 650 684 703 tione
713 642 1096 700 mandatorum
1129 647 1351 693 tuorum
1389 651 1499 690 non
1534 633 1761 689 recessi.

608 740 772 794 Vens.
808 737 897 791 88.
941 733 1239 787 Secundqu
1276 729 1698 784 misericordiam
1731 736 1874 779 tuam
1913 721 2121 790 viviﬁca

536 852 638 898 me,
665 845 710 887 ει
732 831 1031 886 custodiam
1057 826 1357 880 testimonia
1389 824 1495 876 oris
1528 823 1626 873 tui.
1655 821 1710 873 In
1742 813 2121 872 misericordia

541 939 630 983 tua
662 925 873 981 viviﬁca
906 938 1009 987 me,
1037 929 1301 988 tanquam
1339 915 1672 970 misericors.
1712 911 1777 963 Et
1801 914 1866 964 de
1893 909 1977 963 his
2001 920 2122 960 ver-

540 1020 626 1072 bis
657 1035 670 1070 :
722 1014 938 1080 Vini/ica
971 1028 1071 1074 me,
1131 1010 1241 1076 jam
1280 1005 1534 1074 superius
1561 1002 1763 1055 dictum
1794 1005 1896 1052 est.
1937 992 2123 1048 Testi-

549 1109 732 1162 monia
761 1079 889 1160 vero
915 1104 1028 1156 oris
1062 1102 1162 1164 tui,
1195 1099 1434 1164 ea,dico,
1478 1111 1598 1164 quae
1622 1079 1792 1161 Mo'ysi
1827 1088 2121 1143 mandasti.

615 1201 782 1254 Vens.
811 1199 898 1251 89.
936 1196 996 1249 In
1024 1194 1300 1260 saeculum,
1329 1191 1566 1252 Domine,
1598 1187 1810 1240 verbum
1837 1194 1985 1238 tuum
2010 1197 2129 1250 per-

546 1304 722 1347 manet
754 1292 808 1344 in
837 1290 984 1343 caelo.
1027 1289 1336 1341 Mandatum
1381 1294 1533 1338 tttum
1581 1276 2035 1334 incommutabile
2071 1275 2125 1328 in

546 1385 689 1437 cwlo
719 1396 938 1449 semper
972 1387 1274 1448 permanet.
1313 1375 1471 1436 lllud,
1512 1375 1756 1442 inquam,
1788 1370 2127 1431 mandatum,

549 1488 660 1543 quo
691 1472 890 1525 ccelum
928 1470 981 1522 in
1018 1483 1120 1524 suo
1147 1481 1365 1536 semper
1395 1464 1587 1518 ordine
1613 1463 1950 1516 continetur.

627 1563 792 1618 Vens.
815 1561 906 1616 90.
944 1559 1008 1613 In
1037 1559 1428 1627 generationem
1447 1567 1495 1609 et
1525 1552 1912 1625 generationem
1938 1550 2129 1604 veritas

555 1664 666 1705 tua.
709 1650 923 1702 Veritas
953 1649 1115 1716 hujus
1152 1646 1396 1699 mandati
1440 1645 1494 1697 in
1525 1642 1672 1696 omni
1716 1654 1933 1709 semper
1966 1653 2133 1708 gene-

558 1744 777 1799 ratione
801 1752 1067 1796 constans
1095 1747 1377 1808 permanet
1410 1752 1424 1787 :
1457 1748 1510 1790 et
1543 1736 1676 1790 ordo
1708 1733 1880 1789 semel
1925 1729 2133 1786 consti-

557 1843 730 1902 tutus,
766 1837 819 1890 in
852 1835 1068 1888 diversa
1103 1848 1207 1886 non
1234 1839 1501 1885 mutatur.

631 1929 796 1984 Vens.
831 1929 920 1984 9|.
958 1927 1228 1981 Fundasti
1265 1935 1484 1986 terram,
1513 1916 1564 1976 et
1605 1929 1875 1992 permanet
1916 1919 2138 1974 ordina-

557 2027 698 2080 tione
739 2032 852 2076 tua.
908 2021 1035 2075 Haec
1083 2022 1246 2074 etiam
1308 2024 1590 2088 permanet
1624 2015 1972 2070 ordinatione
2015 2019 2134 2078 tua,

557 2123 663 2176 hoc
689 2127 795 2182 est,
830 2114 1294 2187 quemadmodum
1329 2123 1384 2165 tu
1413 2109 1757 2181 disposuisti.

636 2205 950 2259 Perseverat
979 2202 1108 2266 dies,
1134 2202 1389 2271 quoniam
1409 2201 1588 2255 omnia
1604 2200 1834 2254 serviunt
1855 2196 1969 2251 tibi.
2007 2195 2139 2252 Per—

564 2307 751 2354 manet
778 2297 918 2361 dies,
964 2305 1024 2349 ut
1057 2295 1348 2349 ordinasti.
1384 2293 1684 2362 Antiquom
1719 2292 1867 2346 enim
1911 2299 2075 2360 atque
2106 2303 2137 2342 a

561 2399 614 2445 te
647 2397 911 2444 statutum
955 2388 1202 2440 ordinem
1233 2393 1549 2441 conservat.
1582 2385 1758 2455 Hujus
1789 2392 1969 2437 autem
2014 2397 2140 2450 per-

564 2482 890 2536 aeverantia:
914 2495 1081 2534 causa
1103 2490 1207 2541 est,
1238 2481 1364 2548 quia
1393 2479 1529 2543 lucc,
1556 2486 1610 2532 et
1633 2478 1738 2531 alia
1763 2477 1944 2531 omnia
1978 2473 2140 2530 simul

561 2571 659 2625 tibi
692 2570 965 2634 serviunt,
996 2579 1048 2624 et
1091 2569 1350 2623 mandato
1381 2579 1500 2630 tuo,
1548 2581 1657 2621 non
1698 2581 1858 2621 secus
1889 2580 1952 2618 ac
1996 2562 2143 2618 servi

562 2661 787 2716 domino
840 2676 967 2722 suo,
1025 2659 1434 2727 obtemperant.
1487 2658 1666 2711 Altius
1719 2657 1883 2710 etiam
1944 2653 2144 2708 intelli-

561 2747 782 2820 gendo:
817 2744 1051 2800 Verbum
1103 2754 1256 2798 tuum
1294 2745 1350 2798 in
1404 2745 1543 2800 cmlo
1583 2758 1798 2814 semper
1839 2749 2146 2813 permanet,

574 2842 715 2910 apud
750 2843 995 2909 angelos.
1032 2838 1327 2892 Facientcs.
1351 2839 1496 2893 enim
1533 2839 1729 2907 inquit,
1769 2838 1982 2890 uerbum
2010 2837 2151 2905 ejus.

572 2934 632 2988 ln
666 2935 1080 3004 generationem
1119 2935 1280 2986 etiam
1325 2943 1376 2987 et
1415 2934 1822 3001 generationem
1854 2932 2063 3001 antiqui
2095 2942 2150 2986 et

572 3028 698 3079 novi
734 3026 916 3095 pepuli
949 3034 1032 3079 est
1076 3026 1281 3078 veritas
1312 3035 1401 3078 tua
1439 3042 1452 3077 :
1487 3025 1600 3088 illa,
1642 3024 1889 3094 inquam,
1922 3027 2150 3089 veritas,

571 3134 693 3189 qua:
715 3127 795 3173 est
827 3121 880 3172 in
913 3118 1049 3188 lege.
1079 3118 1232 3187 Apud
1263 3127 1552 3186 utramque
1576 3119 1720 3172 enim
1745 3121 2149 3187 generationem

568 3211 796 3264 verbum
854 3218 1006 3264 tuum
1061 3226 1250 3264 verum
1303 3225 1426 3265 esse
1478 3210 1826 3279 praedicatur.
1889 3211 2149 3266 Fundasti

573 3304 740 3356 etiam
777 3301 1107 3366 Ecclesiam,
1154 3313 1206 3357 et
1239 3303 1292 3356 in
1335 3305 1650 3374 evangelica
1683 3320 1801 3358 eam
1837 3304 1940 3358 [ide
1982 3305 2150 3359 stabi-

573 3396 686 3450 Iisti
722 3412 733 3448 :
771 3394 1069 3449 Ecclesiam
1096 3396 1241 3460 dico,
1279 3412 1401 3465 quae
1433 3406 1591 3450 antea
1633 3405 1774 3450 terra
1809 3398 2004 3451 merito
2046 3397 2151 3452 dici

573 3494 811 3555 poterat,
847 3488 973 3554 quia
1012 3495 1231 3540 terrena
1264 3487 1533 3556 sapiebat,
1571 3495 1624 3541 et
1667 3487 1721 3540 in
1766 3488 2001 3544 terrenis
2031 3503 2152 3543 ver-

575 3579 826 3632 sabatur.
861 3575 1096 3646 Ideoque
1130 3586 1432 3646 permanet,
1468 3587 1527 3630 ut
1556 3579 1848 3635 ordinasti.
1875 3578 1938 3632 Et
1966 3595 2156 3649 quan-

573 3684 740 3739 quam
772 3669 942 3722 multa
977 3672 1364 3736 tentationum,
1395 3686 1459 3724 ac
1483 3672 1925 3740 persecutionum
1959 3674 2153 3739 maria,

575 3766 634 3810 ut
668 3760 739 3812 ita
785 3760 985 3822 dicam,
1035 3762 1192 3826 quasi
1251 3773 1491 3814 oceanus
1524 3759 1773 3828 quidam,
1809 3761 2053 3831 undique
2095 3763 2154 3816 in

573 3863 692 3903 eam
723 3851 1005 3915 irruerint,
1039 3864 1146 3903 non
1186 3860 1368 3903 tamen
1400 3851 1662 3905 adversus
1689 3867 1808 3905 eam
1848 3854 2153 3920 pravalue—

578 3952 727 4003 lunt.
774 3941 1093 3996 Persem-rat
1131 3943 1296 3995 etiam
1343 3943 1485 4005 dies,
1532 3942 1635 3996 hoc
1673 3954 1779 4007 est,
1824 3945 2044 4012 pietatis
2092 3961 2156 4001 ac

2222 530 2348 598 γῆν.
2396 521 2539 593 Ἐγὼ
2569 521 2625 575 δὲ
2658 519 2771 573 οὐδ’
2817 517 2994 578 οὕτως
3019 512 3267 583 ἀπέστην
3298 508 3401 580 τῆς
3433 504 3669 578 μελέτης
3705 505 3807 558 καὶ

2224 619 2475 690 φυλακῆς
2507 615 2614 668 τῶν
2645 611 2875 666 ἐντολῶν
2903 626 3019 663 σου.

2296 685 2461 766 Κατᾶ
2512 709 2578 762 τὸ
2613 706 2790 770 ἔλεός
2841 718 2959 756 σου
2993 698 3181 768 ζῆσόν
3209 713 3300 764 με,
3324 693 3422 749 καί
3448 689 3701 761 φυλάξω
3730 685 3806 739 τὰ

2221 806 2516 876 μαρτύρια
2569 800 2676 855 τοῦ
2734 793 3036 866 στόματός
3090 809 3228 847 σου.
3275 789 3363 842 Ἐν
3393 787 3470 858 τῷ
3501 784 3642 838 ἐλέει
3705 795 3805 834 σου

2227 872 2392 971 ζῆσόν
2423 914 2511 967 με,
2539 895 2615 957 ὡς
2650 891 2901 961 ἐλεήμων
2934 888 3060 957 περὶ
3097 883 3192 936 τοῦ
3225 881 3434 951 Ζῆσόν
3449 894 3524 948 με
3546 872 3813 971 ripest”...

2226 963 2337 1046 ται.
2370 963 2452 1043 Τὰ
2480 985 2763 1059 μαρτύρια
2796 982 2853 1036 δὲ
2891 978 2986 1034 τοῦ
3023 976 3296 1048 στόματός
3350 990 3475 1038 σου,
3511 970 3548 1024 ἃ.
3588 963 3806 1036 iamno-

2232 1099 2430 1155 ρευσας
2447 1080 2524 1148 τῷ
2553 1079 2689 1132 Μωῦ
2701 1076 2806 1129 sei.

2306 1177 2408 1240 Εἰς
2436 1171 2545 1226 τὸν
2566 1169 2772 1234 αἰῶνα,
2797 1167 2997 1232 Κύριε,
3029 1165 3063 1218 ό
3090 1165 3272 1232 λόγος
3295 1174 3411 1214 σου
3441 1154 3703 1224 διαμένει
3739 1151 3809 1204 ἐν

2230 1269 2310 1335 τῷ
2341 1263 2597 1334 οὐρανῷ.
2653 1262 2765 1316 Ἀεὶ
2793 1259 2852 1313 τὸ
2878 1253 3212 1328 πρόσταγμά
3234 1270 3328 1306 σου
3364 1250 3662 1303 ἀσάλευτον
3687 1245 3810 1298 δια-

2237 1364 2393 1434 μένει
2441 1360 2500 1413 ὲν
2552 1357 2631 1428 τῷ
2674 1353 2893 1424 οὐρανῷ
2919 1367 2932 1382 ·
2962 1350 3025 1404 τὸ
3059 1347 3188 1420 περὶ
3233 1347 3334 1414 τῆς
3376 1343 3585 1408 τάξεως
3614 1337 3809 1401 αὐτοῦ,

2235 1454 2457 1523 συνέχον
2489 1451 2653 1505 αὐτὸν
2679 1449 2737 1502 ὲν
2760 1447 2924 1515 αὐτῇ.

2442 1542 2660 1614 γενεὰν
2688 1541 2784 1594 καί
2819 1535 3040 1606 γενεὰν
3092 1535 3126 1603 ἡ
3169 1528 3424 1600 ἀλήθειά
3452 1542 3591 1582 σου.
3634 1521 3745 1577 ’Δεὶ
3779 1521 3811 1589 ἡ

2235 1640 2466 1711 ἀλήθεια
2495 1636 2590 1691 τοῦ
2623 1631 3049 1704 προστάγματός
3084 1645 3180 1683 σου
3267 1625 3357 1678 διὰ
3402 1622 3583 1691 πάσης
3618 1616 3815 1686 γενεᾶς

2236 1733 2516 1804 ἀληθεύει,
2539 1730 2614 1803 μὴ
2637 1725 3100 1800 μετακινηθείσης
3123 1723 3222 1794 τῆς
3247 1717 3562 1792 ὁρισθείσης
3582 1711 3813 1776 τάξεως.

2322 1914 2762 1985 Ἐθεμελιιυσας
2792 1909 2908 1978 τὴν
2933 1906 3076 1979 τῆν,
3117 1903 3220 1959 καί
3250 1902 3517 1971 διαμένει
3565 1895 3640 1964 τῇ
3689 1893 3819 1945 aia-

2240 2011 2408 2075 τάξει
2430 2023 2569 2063 σου.
2603 2005 2862 2075 Διαμένει
2913 2003 3011 2056 καὶ
3042 1999 3186 2070 αὕτη
3216 1998 3274 2051 ἐν
3300 1997 3367 2066 τῇ
3400 1988 3645 2056 διατάξει
3697 2001 3816 2048 σου,

2239 2107 2316 2170 ὡς
2337 2102 2592 2172 διετάγη.

2313 2168 2584 2265 Διαμένει
2613 2192 2652 2260 ἡ
2688 2190 2902 2260 ἡμέρα,
2935 2187 3026 2242 ὅτι
3046 2185 3119 2241 τὰ
3139 2185 3465 2254 σύμπαντα
3490 2175 3683 2231 δοῦλα
3713 2168 3818 2225 σά.

2244 2291 2506 2360 Διαμένει
2566 2287 2599 2356 ἡ
2638 2285 2845 2356 ἡμέρα,
2901 2281 2976 2345 ὡς
3014 2276 3381 2351 προσέταξας,
3438 2267 3688 2340 τηροῦσα
3715 2265 3818 2360 την

2247 2357 2386 2436 ίδίαν
2416 2380 2571 2446 τάξιν
2594 2418 2608 2431 .
2658 2378 2844 2431 Αἴτιον
2887 2373 2945 2427 δὲ
2974 2375 3074 2442 τῆς
3104 2368 3364 2435 τοιαύτης
3399 2360 3662 2432 διαμονῆς
3683 2400 3696 2422 ,
3738 2357 3822 2409 ὅτι

2246 2473 2542 2539 καὶταῦτα
2572 2469 2668 2525 καὶ
2689 2469 2828 2539 ὁμοῦ
2859 2468 3040 2521 πάντα
3069 2461 3234 2516 δοῦλα
3265 2459 3352 2512 σά.
3385 2455 3532 2509 Διότι
3577 2452 3673 2506 καὶ
3703 2449 3828 2502 nsi-

2249 2568 2436 2621 θονται
2469 2564 2548 2635 τῷ
2580 2562 2968 2634 προστάγματι
2992 2555 3088 2610 τοῦ
3125 2553 3424 2614 Δεσπότου,
3459 2546 3714 2616 καθάπερ
3745 2558 3826 2594 τι·

2248 2663 2337 2726 νὲς
2370 2659 2549 2716 δοῦλοι
2575 2675 2589 2689 ο
2629 2656 2773 2711 κατὰ
2801 2655 2858 2708 δὲ
2893 2651 3236 2723 ὑψηλοτέραν
3270 2645 3525 2715 θεωρίαν,
3576 2640 3667 2695 ἀεὶ
3702 2640 3826 2691 διαο

2255 2758 2406 2829 μένει
2442 2757 2500 2806 ἐν
2522 2752 2600 2823 τῷ
2627 2747 2847 2820 οὐρανῷ
2874 2747 3024 2817 παρὰ
3055 2745 3167 2806 τοῖς
3194 2740 3448 2809 ἀγγέλοις
3467 2737 3495 2787 ὁ
3525 2735 3682 2800 λόγος
3708 2748 3826 2829 σου,

2253 2821 2582 2907 ὶιοιοῦντεςί
2603 2840 2733 2910 γὰρ,
2777 2838 2933 2906 φησὶ,
2981 2835 3086 2888 τὸν
3113 2833 3301 2902 λόγον
3327 2825 3535 2882 αὑτοῦ.
3554 2824 3641 2877 Ἐν
3663 2821 3830 2890 γενεᾷ

2255 2938 2311 2989 δὲ
2373 2936 2470 2989 καὶ
2524 2935 2726 3002 γενεᾷ,
2787 2933 2854 3001 τῇ
2916 2946 2976 2982 τε
3047 2925 3142 2980 τοῦ
3207 2921 3441 2978 παλαιοῦ
3488 2918 3583 2973 καὶ
3624 2920 3693 2988 τῇ
3731 2913 3827 2968 τού

2256 3029 2401 3091 νέου,
2460 3027 2494 3096 ἠ
2557 3022 2790 3094 ἀλήθειά
2846 3039 2941 3074 σου
2992 3022 3024 3090 ὴ
3062 3021 3122 3072 ὲν
3164 3018 3244 3085 τῷ
3276 3016 3448 3086 νόμῳ.
3479 3011 3616 3081 Παρ’
3650 3011 3830 3078 ἀμφο-

2256 3121 2440 3191 τέροις
2524 3118 2632 3188 γὰρ
2699 3115 2908 3185 ἀληθὴς
2967 3107 3120 3174 οὗτος
3180 3107 3544 3180 ὁμολογεῖται.
3607 3099 3826 3168 Ἐθεμε-

2258 3212 2460 3274 λίωσας
2497 3211 2554 3263 δὲ
2583 3209 2686 3279 τὴν
2729 3204 3064 3276 Ἐκκλησίαν
3104 3205 3201 3258 καὶ
3232 3200 3545 3272 ἡδραίωσας
3572 3192 3741 3261 αὐτὴν
3773 3193 3831 3242 ἐν

2259 3310 2326 3375 τῇ
2355 3304 2540 3356 πίστει
2565 3301 2661 3356 τοῦ
2686 3298 3026 3367 Εὖαγγελίου
3048 3313 3062 3327 ·
3090 3296 3197 3366 γῆν
3233 3295 3501 3364 πρότερον
3531 3287 3718 3349 οὖσαν,
3737 3284 3834 3337 καὶ

2261 3373 2427 3466 γῆῖνα
2462 3392 2794 3464 φρονοῦσαν,
2825 3389 2921 3443 καὶ
2952 3387 3081 3459 περὶ
3106 3385 3176 3439 τὰ
3209 3379 3376 3454 γήϊνα
3406 3381 3735 3452 συρομένηνο
3756 3373 3837 3426 διδ

2264 3490 2357 3542 καὶ
2385 3487 2653 3556 διαμένει,
2696 3485 2772 3545 ὡς
2826 3480 3079 3546 διετάξω·
3127 3478 3341 3532 πολλῶν
3381 3474 3479 3545 μὲν
3509 3467 3837 3542 πειρασμῶν

2261 3583 2402 3651 αὐτῇ
2448 3579 2915 3649 προσρηξάντων,
2986 3573 3203 3634 οὐδενὸς
3253 3571 3310 3623 δὲ
3340 3567 3546 3639 ταύτης
3576 3560 3840 3632 κατισχύο

2265 3692 2482 3736 σαντος.
2514 3672 2771 3742 Διαμένει
2801 3670 2856 3723 δὲ
2883 3671 2918 3739 ἡ
2945 3667 3148 3739 ἡμέρα,
3180 3664 3457 3726 τουτέστι,
3491 3659 3555 3713 τὸ
3588 3657 3704 3727 φῶς
3737 3655 3838 3723 τῆς

2265 3766 2570 3828 εὐσεϐείας,
2601 3765 2738 3834 ὅπερ
2769 3760 3013 3814 ἀνέτειλε
3041 3799 3057 3823 ,
3101 3757 3190 3811 διὰ
3215 3756 3310 3810 τοῦ
3353 3752 3732 3824 κηρύγματος,
3765 3744 3841 3816 μὴ

2261 3859 2598 3927 τεμνόμενον
2647 3855 2681 3926 ἦ
2745 3853 3110 3923 σϐεννύμενον
3142 3851 3247 3904 ὑπὸ
3317 3847 3414 3918 τῆς
3460 3840 3844 3912 ἀντικειμένης

2261 3950 2571 4018 δυνάμεως.
2607 3944 2972 4017 Προφητικῶς
2999 3943 3054 3995 δὲ
3083 3941 3276 3995 ταῦτα.

577 4034 857 4102 τοιιεὶοιιίε
893 4035 1101 4101 lumen,
1135 4035 1280 4102 quod
1311 4035 1474 4090 simul
1508 4052 1572 4089 ac
1600 4053 1667 4091 ex
1700 4037 1984 4106 Evangelii
2017 4042 2408 4109 praedicatione
2445 4053 2626 4097 ortum
2658 4049 2825 4109 atque
2888 4054 3181 4095 accensum
3236 4041 3343 4098 est,
3411 4031 3480 4085 ab
3539 4025 3842 4084 adversarii

580 4132 820 4196 potentia
853 4145 1133 4197 nunquam
1167 4131 1444 4200 exstingui
1474 4136 1670 4202 potuit.
1699 4133 2022 4203 Proplietice
2049 4147 2234 4193 autem
2273 4141 2387 4196 haec
2412 4141 2560 4195 dicta
2594 4147 2744 4194 sunt.

656 4224 817 4279 Vens.
849 4225 941 4279 92.
982 4224 1105 4279 Nisi
1147 4228 1286 4296 quod
1327 4227 1412 4281 (ea:
1453 4239 1545 4281 tua
1578 4231 1853 4284 meditatio
1889 4249 2004 4286 mea
2059 4245 2158 4302 est,

581 4327 704 4370 tunc
735 4318 870 4384 forte
902 4318 1177 4384 periissem
1205 4319 1260 4370 in
1286 4318 1584 4372 humilitate
1610 4337 1746 4373 mea.
1776 4321 1916 4387 Nisi,
1959 4324 2159 4394 inquit,

583 4423 646 4462 ea
678 4409 744 4462 de
775 4423 943 4462 causa
979 4407 1207 4463 fuissem
1253 4409 1544 4474 liberatus,
1575 4411 1702 4480 quia
1739 4414 1962 4467 assidue
1986 4415 2163 4468 medi-

583 4513 671 4554 tor
715 4502 887 4570 legem
926 4507 1100 4566 tuam,
1134 4501 1324 4570 procul
1369 4499 1537 4556 dubio
1578 4504 1985 4559 calamitatibus
2033 4517 2164 4560 tunc

585 4593 781 4660 majori
817 4594 870 4647 in
901 4609 987 4648 me
1011 4610 1135 4649 cum
1167 4594 1370 4661 impetu
1403 4596 1761 4662 irruentibus,
1794 4600 2079 4666 periissem
2111 4601 2164 4652 in
2202 4573 2241 4627 Β

586 4685 885 4740 afﬂictione
911 4702 1051 4741 mea.

666 4777 826 4834 Vnus.
863 4779 954 4835 93.
999 4781 1066 4835 In
1095 4783 1353 4838 amulum
1383 4801 1482 4838 non
1509 4785 1797 4839 obliviscar
1821 4787 2172 4855 justi/icatio-

589 4887 676 4924 nes
718 4884 839 4925 tuas
874 4887 893 4925 :
933 4873 1060 4941 quia
1109 4876 1164 4926 in
1202 4875 1330 4944 ipsis
1378 4875 1658 4943 viriﬁcasti
1702 4891 1804 4928 me.
1849 4874 1953 4929 Per
1999 4885 2172 4929 totum

589 4965 877 5026 saxulum,
918 4963 1376 5034 justiticatiouum
1428 4974 1648 5018 tuarum
1692 4967 2014 5019 memoriam
2065 4983 2174 5025 non

592 5056 841 5107 amittam
880 5074 891 5108 :
928 5071 1190 5123 quoniam
1237 5072 1334 5125 per
1366 5071 1428 5110 ea
1458 5064 1514 5109 tu
1550 5072 1634 5110 me
1671 5056 1784 5125 jam
1823 5073 1962 5127 pene
1995 5061 2180 5128 exspi-

595 5158 808 5199 rantem
843 5148 1158 5203 vivilieasti.
1192 5150 1320 5203 ideo
1356 5157 1538 5203 autem
1580 5148 1842 5204 liberatus
1872 5166 2012 5215 sum,
2044 5153 2172 5220 quia

595 5239 767 5307 legem
803 5247 952 5292 tuam
993 5243 1320 5296 meditabar.

667 5330 834 5386 Vnus.
874 5334 962 5385 94.
1001 5332 1142 5385 Tuus
1174 5351 1288 5387 sum
1318 5351 1432 5403 ego,
1469 5343 1517 5386 et
1550 5333 1754 5385 salvum
1796 5350 1875 5387 me
1912 5334 2017 5403 fac,
2050 5336 2174 5405 quia

591 5425 1007 5493 justi/icationes
1041 5435 1156 5478 tuas
1196 5426 1472 5491 exquisiti.
1514 5425 1791 5494 Scriptum
1828 5437 1911 5480 est
1947 5428 2090 5480 enim
2121 5429 2174 5480 in

601 5520 716 5586 lege
750 5527 865 5580 tua,
901 5519 1166 5586 quodqui
1208 5519 1392 5571 lecerit
1429 5535 1522 5572 eas
1551 5519 1999 5588 justiﬁcationes,
2036 5520 2179 5573 vivet

600 5611 653 5662 in
687 5611 787 5662 eis.
822 5609 1093 5672 Quoniam
1145 5611 1308 5678 igitur
1340 5624 1439 5680 ego
1472 5622 1600 5664 tuus
1622 5627 1766 5674 sum,
1806 5613 1952 5666 salva
1997 5628 2080 5666 me
2112 5612 2179 5666 ab

603 5701 1028 5755 insidiatoribus
1070 5703 1230 5756 meis.
1267 5700 1418 5757 Tuus
1460 5713 1640 5756 autem
1690 5717 1831 5768 sum,
1867 5704 2034 5758 veluti
2084 5703 2178 5773 qui

607 5791 1025 5860 iustiﬁcationes
1058 5801 1182 5848 tuas
1213 5800 1331 5849 toto
1357 5793 1521 5849 corde
1549 5795 1802 5863 exquiro.

2338 4241 2406 4291 Εἰ
2427 4237 2511 4306 μὴ
2537 4237 2627 4290 ὅτι
2668 4240 2700 4290 ό
2730 4238 2915 4304 νόμος
2941 4249 3059 4288 σου
3107 4231 3328 4301 μελέτη
3362 4245 3482 4298 μου
3514 4225 3668 4286 ἐστι,
3711 4222 3849 4274 τότε

2270 4336 2348 4388 ἂν
2379 4334 2712 4403 ἀπωλόμην
2742 4332 2812 4385 ἐν
2849 4328 2926 4398 τῇ
2959 4325 3319 4383 ταπεινώσει
3345 4340 3487 4392 μου.
3512 4322 3573 4373 Εἰ
3609 4318 3686 4388 μὴ
3715 4318 3850 4368 διότι

2271 4429 2299 4479 ὁ
2334 4427 2498 4495 νόμος
2542 4442 2636 4478 σου
2683 4423 2884 4494 μελέτη
2943 4439 3044 4491 μου
3081 4422 3228 4472 ἐστὶν
3252 4416 3599 4488 ἀπηλλάγην,
3631 4412 3752 4463 τότε
3786 4408 3850 4462 ἂν

2275 4517 2550 4571 ἀπέθανον
2589 4517 2648 4570 ὲν
2676 4519 2744 4587 τῇ
2778 4513 3124 4582 κακοπαθείᾳ
3154 4529 3279 4581 μου,
3346 4507 3707 4579 σφοδρότερον
3732 4503 3854 4554 ἑπι-

2274 4611 2524 4680 θεμένων
2556 4627 2648 4680 μοι
2671 4609 2779 4663 τῶν
2811 4605 3164 4678 πειρασμῶν.

2334 4789 2439 4851 Εἰς
2467 4785 2573 4838 τὸν
2603 4782 2792 4839 αἰῶνα
2829 4784 2902 4836 οὐ
2923 4782 3010 4851 μὴ
3041 4777 3411 4846 ἐπιλάθωμαι
3445 4773 3564 4828 τῶν
3615 4771 3851 4825 ducum-

2267 4880 2474 4950 μάτων
2500 4893 2639 4942 σου,
2664 4876 2753 4930 ὅτι
2783 4876 2852 4929 ἐν
2881 4872 3082 4939 αὐτοῖς
3110 4870 3330 4935 ἐζησάς
3354 4885 3451 4938 με.
3472 4865 3611 4935 Παρ’
3627 4863 3750 4917 ὅλον
3767 4863 3854 4915 τὸν

2274 4971 2447 5023 αἰῶνα
2477 4968 2537 5021 οὐ
2573 4967 2648 5039 μὴ
2677 4965 3028 5034 ἐπιλάθωμαι
3055 4961 3395 5017 αὐτῶν.’οτι
3427 4957 3494 5011 δι’
3522 4955 3665 5010 αὐτὰ
3689 4955 3850 5016 ἐζωο-

2279 5063 2512 5133 ποίησάς
2542 5078 2610 5132 με
2635 5059 3105 5128 ἀποπνιγόμενον.
3130 5056 3278 5108 Διότι
3301 5053 3411 5123 γὰρ
3443 5049 3680 5124 μελέτην
3711 5043 3854 5114 εἶχον

2283 5160 2375 5210 τὸν
2407 5157 2573 5226 νόμον
2606 5171 2726 5218 σου,
2763 5149 3112 5223 ἀπηλλάγην.

2352 5337 2467 5400 Σός
2495 5337 2611 5404 εἰμι
2636 5335 2772 5404 ἐγὼ,
2793 5331 3004 5388 σῶσόν
3019 5348 3114 5402 με,
3148 5330 3237 5385 ὅτι
3259 5330 3331 5384 τὰ
3348 5325 3712 5395 δικαιώματά
3738 5341 3850 5378 σου

2283 5429 2638 5494 ἐξεζήτησα.
2700 5427 3017 5494 Γέγραπται
3069 5423 3178 5494 γὰρ
3244 5424 3302 5474 ὲν
3351 5418 3426 5483 τῷ
3473 5418 3643 5486 νόμῳ,
3704 5418 3785 5467 ὅτι
3825 5416 3854 5470 ὁ

2287 5519 2524 5592 ποιήσας
2547 5519 2708 5581 αὐτὰ,
2732 5519 2959 5586 ζήσεται
2991 5517 3048 5568 ὲν
3071 5515 3256 5576 αὐτοῖς
3278 5527 3292 5543 ⁸
3322 5513 3449 5564 ἐπεὶ
3472 5506 3567 5564 οὖν
3598 5509 3690 5571 σός
3714 5510 3851 5576 εἰμι,

2288 5615 2461 5667 σῶσὸν
2485 5630 2553 5683 με
2575 5613 2683 5666 ἀπὸ
2710 5612 2817 5664 τῶν
2843 5607 3304 5662 ἐπιϐουλευόντων
3330 5604 3556 5678 μοι’,σδς
3587 5604 3696 5675 γὰρ
3721 5601 3851 5672 ἐγὼ,

2285 5709 2360 5771 ὡς
2391 5707 2460 5761 τὰ
2493 5707 2559 5760 σὰ
2594 5702 2943 5773 δικαιώματα
2973 5699 3242 5772 ἐκζητῶν.
