4120 6296
390 425 529 488 11m

1555 425 1702 484 CUM
1717 426 1946 486 MENT.
1981 419 2057 483 IN
2093 427 2453 488 PSALMOS.

3481 422 3628 482 116‘.)

470 537 614 606 Ἐμὲ
643 537 970 608 ὑπέμειναν
1003 538 1338 608 ἁμαρτωλοί
1359 578 1373 602 ,
1409 539 1514 592 τοῦ
1539 541 1840 594 ἀπολέσαι
1865 555 1960 607 με.

2141 537 2304 592 Vens.
2348 538 2435 593 flii.
2484 536 2568 590 lle
2596 546 3023 604 exspectaverunt
3062 546 3381 604 peccatores,
3418 546 3477 590 ut
3521 553 3638 602 pcr-

395 629 523 697 Ἐμὲ
556 629 908 699 ἐνήδρευσαν.
961 629 1019 682 Ὀ
1052 631 1162 698 γὰρ
1197 629 1496 698 ἐνεδρεύων
1538 634 1827 700 περιμένει
1860 630 1949 681 τὸν

383 718 816 790 ὲνεδρευόμενον.

407 911 415 919 ’
457 901 536 953 Τὰ
582 899 879 968 μαρτύριά
935 916 1050 954 σου
1104 900 1368 967 συνῆκα.
1405 899 1750 962 Συνετισοεὶς
1803 898 1956 967 παρὰ

393 992 512 1045 σοῦ’
545 993 625 1045 διὸ
658 992 867 1054 τούτοις
890 991 1349 1064 ψυχαγωγοῦμαι.

455 1084 667 1152 Πὰσης
720 1087 1080 1151 συντελείας
1131 1083 1296 1140 εἶδον
1351 1085 1559 1152 πέτας,
1619 1083 1873 1138 πλατεῖα
1919 1085 1958 1151 ἠ

380 1177 602 1245 ἐντολή
626 1193 744 1231 σου
775 1179 1032 1246 σφόδρα.
1078 1179 1264 1248 ῐιάσης
1296 1176 1534 1242 σπουδῆς
1565 1178 1655 1231 καὶ
1685 1176 1963 1245 ἀνθρωπί-

387 1288 486 1339 νης
513 1278 609 1323 καὶ
639 1271 963 1340 δαιμονικῆς
1015 1271 1192 1339 ἔγνων
1240 1270 1438 1341 πέρας.
1474 1270 1715 1324 Πλατεῖα
1769 1270 1881 1340 γὰρ
1925 1271 1960 1341 ἡ

383 1361 572 1432 ἐντολή
606 1379 700 1417 σου
730 1363 962 1433 σφόδρα,
992 1364 1066 1433 μὴ
1086 1361 1499 1431 στενοχωροῦσα
1528 1361 1621 1415 τὸν
1639 1364 1791 1427 νοῦν,
1822 1351 1961 1415 ἀλλὰ

381 1453 733 1508 πλατύνουτα
778 1457 918 1527 πρὸς
945 1454 1148 1524 γνῶσιν
1169 1471 1184 1486 ο
1220 1454 1312 1523 ὑφ’
1338 1449 1406 1526 ἦς
1433 1453 1589 1522 κάγὼ
1614 1455 1958 1517 πίλα-ξυνθεὶς,

381 1546 553 1614 ἔγνων
607 1546 847 1616 ἑκάστης
897 1547 1210 1609 συντελείας
1248 1547 1442 1617 πέρας.
1476 1549 1544 1599 "ll
1594 1549 1691 1600 καὶ
1723 1548 1925 1617 ἑτέρως
1949 1566 1960 1576 ·

383 1638 572 1706 Πάσης
594 1640 982 1707 καταστροφῆς
1007 1639 1180 1707 ἔγνων
1198 1639 1395 1710 πέρας,
1422 1641 1606 1693 ὁποῖον
1634 1641 1731 1709 μέν
1759 1643 1872 1693 ἐστι
1903 1640 1964 1693 τὸ

383 1731 565 1802 πέρας
605 1731 706 1801 τῆς
746 1732 1009 1799 τελευτῆς
1044 1731 1142 1784 τοῦ
1191 1733 1427 1797 δικαίου,
1476 1733 1659 1785 ὁποῖον
1688 1732 1746 1785 δὲ
1781 1733 1839 1784 τὸ
1865 1732 1965 1799 τῆς

383 1821 479 1876 τοῦ
531 1820 880 1893 ἀμαοτωλοῢ.
933 1819 1070 1876 Εἶτα
1098 1825 1157 1877 τὸ
1182 1823 1328 1893 ἑξῆς·
1365 1823 1627 1878 [Maesia
1654 1822 1691 1889 ἡ
1745 1819 1962 1889 ἐντολή

2062 630 2240 681 (lerenl
2289 643 2390 681 me.
2433 626 2582 686 Milli,
2623 627 2822 695 inquit,
2869 626 3108 682 insidiati
3156 636 3307 680 sunt.
3365 625 3495 679 Nam
3539 629 3634 696 qui

2060 720 2392 774 insidiantur
2441 727 2773 788 exspectare
2821 734 2944 773 eum
3001 718 3210 783 solent,
3266 720 3353 772 cui
3407 719 3638 776 insidias

2060 811 2312 864 tendunt.

2130 902 2447 957 Testimonia
2480 914 2572 956 tua
2596 904 2859 958 intellexi.
2889 903 3218 958 Prudentior
3249 918 3275 955 a
3305 913 3357 957 te
3386 902 3638 967 cili-elus,

2061 1002 2225 1059 atque
2254 993 2377 1047 idco
2425 995 2478 1046 in
2532 994 2641 1046 illis
2677 994 2975 1064 reirigcror
3008 1003 3062 1046 et
3097 995 3381 1048 consolor.

2131 1084 2296 1137 Vsus.
2330 1083 2418 1137 96.
2453 1083 2634 1138 Omnis
2651 1085 3117 1138 consummationis
3136 1083 3240 1137 vidi
3263 1084 3445 1152 ﬁnem,
3476 1083 3644 1138 lutum

2062 1176 2375 1228 mandatum
2429 1185 2575 1228 tuum
2631 1177 2802 1230 ralde.
2879 1174 3092 1239 Finem,
3149 1175 3350 1245 inquit,
3406 1176 3644 1245 cognovi

2063 1281 2186 1320 csse
2221 1266 2276 1319 in
2330 1266 2573 1320 humano
2602 1267 2846 1333 quolibet
2875 1275 2968 1319 aut
2996 1265 3265 1319 diabolica
3300 1268 3507 1319 studio.
3537 1266 3648 1320 La-

2066 1370 2176 1411 tum
2231 1358 2379 1412 cnim
2435 1359 2746 1411 mandatum
2811 1368 2956 1409 tuum
3029 1358 3426 1427 valde:ncque
3499 1361 3646 1412 enim

2066 1451 2361 1502 humanam
2399 1457 2634 1502 mentem
2700 1455 2900 1511 arctat,
2950 1448 3199 1515 quinimo
3251 1450 3316 1501 ad
3378 1452 3650 1516 cognitio-

2067 1556 2190 1596 nem
2226 1549 2391 1608 atque
2434 1541 2499 1593 ad
2552 1539 2964 1608 intelligentiam
3016 1555 3138 1594 eam
3197 1541 3402 1594 dilatat.
3452 1542 3535 1596 Ab
3583 1557 3650 1598 co

2065 1634 2211 1686 enim
2243 1645 2344 1698 ego
2381 1630 2646 1685 dilatatus
2677 1645 2823 1691 sum,
2871 1637 2926 1682 et
2964 1633 3124 1684 linem
3175 1632 3358 1686 omnis
3389 1647 3651 1687 consum-

2071 1723 2334 1777 mationis
2368 1724 2622 1792 cognovi.
2677 1719 2774 1776 Vel
2807 1723 2966 1775 aliter
3006 1739 3022 1776 ε
3084 1723 3271 1776 Omnis
3305 1741 3649 1778 consumma-

2076 1817 2259 1877 tionis,
2297 1815 2402 1868 hoc
2443 1825 2549 1877 est,
2602 1813 2787 1867 omnis
2845 1813 3248 1870 destructionis
3280 1817 3442 1870 linem
3479 1818 3645 1896 novi:

379 1939 499 1977 σου
548 1921 817 1991 σφόδρα·
858 1922 1206 1976 πλατύνουσα
1257 1923 1314 1974 ἐν
1348 1921 1683 1990 στενοχωρίᾳ
1734 1917 1966 1984 θλίψεως

2074 1909 2255 1979 qualis
2303 1909 2566 1962 nimirum
2619 1908 2813 1963 mortis
2845 1908 2970 1962 ﬁnis
3007 1907 3080 1963 sit
3124 1909 3276 1974 justo
3331 1911 3564 1978 homini,
3596 1922 3651 1967 et

377 2017 469 2068 τὸν
508 2017 1025 2086 ἐμπολιτευόμενον.
1077 2013 1255 2081 Νόμον
1296 2014 1354 2066 δὲ
1403 2013 1515 2066 νόει
1587 2012 1688 2074 τὰς
1722 2010 1964 2072 ἐντολάς.

381 2109 453 2161 ’Ἡ
487 2109 737 2175 πλατεῖα,
770 2108 848 2178 τῷ
880 2109 957 2179 μὴ
989 2108 1378 2178 στενοχωρεῖν,
1417 2104 1551 2175 μηδὲ
1580 2102 1962 2172 ταλαιπωρίαν

376 2201 611 2268 ἐπάγειν
663 2205 714 2256 ει
755 2204 851 2255 καὶ
891 2202 1041 2253 δοκεί
1094 2201 1208 2262 τοῖς
1239 2198 1637 2269 ῥᾳθυμοτέρως
1672 2195 1952 2256 ἐπίπονος.

2067 2001 2250 2073 qualis
2271 2002 2573 2071 peccatori.
2600 1998 2861 2070 Sequitur
2899 2000 3128 2055 :Latum
3149 2005 3459 2058 mandatum
3495 2012 3648 2058 tuum

2063 2095 2237 2155 valde,
2288 2093 2416 2162 quia
2453 2107 2552 2147 eos
2603 2107 2796 2147 omnes
2863 2103 3096 2159 recreat,
3130 2105 3183 2148 et
3237 2111 3427 2150 corum
3479 2103 3647 2150 conta

2064 2186 2393 2255 dilatat,qui
2441 2186 2497 2239 in
2545 2185 2816 2255 angustiis
2854 2197 3021 2255 atque
3088 2185 3475 2243 amictiunilms
3525 2204 3649 2245 ver-

377 2309 594 2353 santur.
626 2294 729 2349 Per
758 2295 1074 2348 mandatum
1117 2305 1246 2344 vero
1317 2290 1490 2360 legem
1557 2288 1822 2359 intellige.
1857 2286 2000 2342 Vel:
2041 2281 2237 2336 Latum
2307 2288 2390 2332 est
2435 2276 2756 2332 mandatum
2820 2286 2998 2341 tuum,
3048 2294 3116 2335 eo
3173 2282 3319 2350 quod
3365 2287 3651 2352 angustias

377 2400 434 2443 et
485 2404 760 2442 mrumnas
802 2386 982 2441 nullas
1031 2393 1278 2453 praestat,
1309 2383 1522 2438 tametsi
1561 2382 1838 2436 inertibus
1892 2394 1958 2434 ac
1994 2379 2163 2448 pigris
2211 2372 2527 2427 hominibus
2577 2372 2912 2426 laboriosum
2996 2373 3047 2425 id
3121 2388 3246 2428 esse
3303 2377 3577 2431 videatur.

464 2485 559 2550 Ὡς
595 2483 885 2554 ἠγάπησα
904 2482 1012 2537 τὸν
1046 2483 1236 2550 νόμον
1266 2499 1407 2548 σου,
1427 2482 1602 2550 Κύριε
1622 2480 1643 2532 Ῑ
1666 2479 1820 2549 ὅλην
1849 2478 1965 2544 τὴν

379 2575 613 2645 ἡμέραν
636 2573 862 2644 μελέτη
885 2573 1008 2642 μού
1043 2573 1236 2626 ἐστιν.
1262 2573 1400 2625 Λὶαν
1446 2572 1715 2641 ἠγάπησα
1745 2570 1839 2624 τὸν
1874 2570 1962 2624 νό-

384 2684 490 2735 μον
517 2682 635 2730 σου,
666 2665 763 2717 καὶ
790 2664 920 2731 ὅλην
953 2662 1054 2730 τὴν
1107 2661 1320 2731 ἡμέραν
1362 2661 1651 2731 ὲμμελετῶ
1676 2664 1735 2713 ἐν
1770 2659 1924 2730 αὐτῷ
1945 2677 1960 2689 ⁸

381 2755 632 2827 δηλονότι
698 2751 822 2807 καθ’
879 2753 1153 2822 ἑκάστην,
1205 2751 1339 2805 ποτὲ
1409 2753 1509 2822 μὲν
1569 2751 1969 2821 ἀναγινώσκων

386 2850 522 2905 αὐτὸ
542 2889 558 2914 ,
590 2849 722 2900 ποτὲ
751 2846 807 2899 δὲ
845 2846 1124 2918 πράττων,
1154 2844 1286 2899 ποτὲ
1317 2844 1374 2897 δὲ
1402 2845 1802 2915 διανοούμενος.

468 3028 640 3098 ’Υπὲρ
669 3029 810 3095 τοὺς
834 3029 1088 3098 ἐχθρούς
1118 3046 1236 3098 μου
1265 3028 1564 3097 ἐσόφισάς
1603 3044 1676 3098 με
1706 3027 1821 3095 τὴν
1865 3028 1964 3082 ἐν-

390 3120 582 3186 τολήν
609 3136 749 3183 σου,
780 3119 871 3173 ὅτι
902 3121 990 3186 εἰς
1017 3119 1126 3172 τὸν
1148 3117 1337 3175 αἰῶνα
1362 3118 1496 3187 ἐμοί
1516 3119 1708 3173 ἐστιν.
1744 3119 1964 3188 Ἐχθροὶ

389 3214 502 3267 τῶν
531 3213 918 3281 φυλασσόντων
940 3212 1033 3265 τὸν
1061 3213 1249 3280 νόμον,
1279 3213 1330 3264 oi
1387 3213 1464 3282 μὴ
1514 3209 1704 3264 τοῦτον
1755 3212 1960 3281 φυλάσ·

2137 2471 2302 2524 Vsns.
2331 2468 2425 2522 97.
2453 2467 2627 2531 Quam
2655 2467 2818 2521 dilexi
2854 2467 3015 2538 legem
3049 2476 3220 2533 tuam,
3253 2467 3514 2524 Domine!
3538 2481 3650 2526 tota

2065 2562 2150 2616 die
2199 2561 2477 2615 meditatio
2507 2575 2624 2613 mea
2652 2567 2751 2613 est.
2809 2558 3223 2630 Valde,inquil,
3263 2564 3439 2616 amavi
3481 2565 3649 2634 legent

2070 2667 2243 2714 tuam,
2297 2663 2462 2719 atque
2494 2650 2619 2704 ideo
2681 2659 2794 2704 tota
2833 2650 2922 2705 die
2981 2653 3213 2706 meditor
3261 2653 3316 2706 in
3381 2668 3487 2710 ea:
3519 2670 3655 2723 qua-

2067 2762 2288 2814 cunque
2335 2745 2547 2800 scilicet
2628 2745 2740 2808 die,
2801 2744 2961 2798 modo
3033 2745 3179 2799 illam
3230 2747 3438 2815 legens,
3490 2747 3652 2800 modo

2072 2847 2256 2893 mente
2287 2837 2695 2905 contemplans,
2733 2834 2897 2891 modo
2927 2837 3092 2890 etiam
3146 2839 3406 2906 operibus
3465 2843 3651 2894 omnia

2072 2931 2389 3001 perliciens,
2431 2945 2551 2999 quae
2586 2929 2642 2982 in
2693 2944 2756 2984 ea
2797 2930 3151 2984 mandantur.

2140 3025 2308 3080 Vens.
2339 3023 2430 3079 98.
2497 3021 2672 3092 Super
2727 3023 2971 3077 inimicos
3032 3039 3171 3077 meo:
3210 3024 3518 3080 instruxisti
3565 3043 3648 3082 me

2067 3120 2321 3174 mandato
2362 3127 2475 3181 tuo,
2515 3120 2638 3187 quia
2684 3118 2741 3171 in
2798 3116 3053 3171 saeculum
3098 3134 3268 3172 meum
3309 3128 3409 3176 est,
3441 3119 3651 3177 Omnes

2067 3214 2162 3281 qui
2211 3213 2389 3283 legem
2427 3229 2538 3268 non
2592 3213 2912 3276 observant,
2969 3214 3172 3268 inimici
3228 3215 3448 3270 illorum
3494 3226 3649 3284 sunt,

394 3321 618 3369 σοντες.
661 3303 835 3374 ’Υπὲρ
855 3302 1108 3365 τούτους,
1159 3303 1346 3372 φησιν,
1372 3301 1680 3372 σοφώτερον
1724 3300 1966 3365 ἐδίὼξάς

2076 3306 2170 3375 qui
2195 3321 2315 3361 eam
2349 3306 2667 3363 observant.
2735 3305 2912 3376 Super
2972 3321 3089 3370 eos,
3135 3307 3353 3377 inquit,
3409 3310 3654 3366 docuisti

394 3412 466 3466 με
491 3394 591 3465 τὴν
617 3394 841 3464 ἐντολήν
869 3409 989 3446 σου.
1019 3392 1162 3444 Διότι
1191 3392 1278 3446 ἀεὶ
1300 3392 1635 3462 ἠγαπημένη
1672 3392 1763 3460 μοι
1796 3391 1964 3445 ἐστιν.

393 3486 558 3540 Ὅθεν
579 3488 777 3540 ἐκείνοι
818 3485 918 3554 μὲν
950 3482 1199 3538 ἀδικοῦσί
1242 3500 1342 3551 με·
1395 3482 1507 3551 ἐγὼ
1559 3483 1615 3536 δὲ
1643 3483 1840 3546 αὐτοὺς
1866 3483 1968 3536 οὐκ

395 3578 701 3643 ἀνταδικώ,
729 3576 1037 3649 σοφώτερον
1069 3575 1293 3629 ἐκείνων
1314 3575 1720 3646 δεδιδαγμένος.

474 3761 656 3832 ’Υπὲρ
693 3760 924 3827 πάντας
969 3761 1110 3826 τοὺς
1159 3759 1562 3824 ὃιὸἀσκοντάς
1596 3777 1673 3829 με
1700 3758 1965 3828 συνῆκα,

390 3856 481 3910 ὅτι
529 3855 600 3910 τὰ
629 3853 926 3924 μαρτύριά
954 3871 1071 3909 σου
1097 3855 1323 3923 μελέτη
1357 3854 1476 3921 μού
1506 3855 1696 3907 ἐστιν.
1729 3854 1840 3907 Καὶ
1871 3856 1968 3906 au-

389 3948 502 4001 τῶν
527 3948 634 4001 τῶν
655 3947 992 4000 διδασκάλων
1023 3947 1222 4014 γέγονα
1257 3946 1647 4016 συνετώτερος,
1679 3945 1814 3998 διότι
1871 3962 1969 4016 με-

389 4037 554 4107 λέτην
589 4037 697 4109 ἔχω
736 4038 933 4106 συνεχῆ
964 4036 1058 4089 τὸν
1093 4037 1434 4108 νόμονσουε,
1465 4034 1524 4101 ὃς
1574 4034 1832 4104 φωτίζειν
1857 4030 1966 4087 οἵδε

391 4128 488 4182 καὶ
529 4126 771 4202 σοφίζειν
806 4127 900 4183 τὸν
925 4123 1075 4184 νοῧν.

492 4226 658 4292 ’Υπὲρ
688 4221 1130 4293 πρεσϐυτέρους
1161 4219 1426 4289 συνῆκα,
1467 4219 1555 4272 ὅτι
1585 4222 1692 4284 τὰς
1718 4218 1971 4285 ἐντολάς

395 4333 514 4372 συυ
553 4314 905 4383 ἐξεζήτησα.
950 4313 1126 4382 ’Υπὲρ
1158 4312 1282 4374 τοὺς
1313 4311 1702 4379 παλαιοτέρους
1743 4327 1844 4380 μου
1875 4314 1970 4364 καὶ

394 4409 474 4480 τῷ
508 4409 686 4480 χρόνῳ
733 4405 1130 4476 προειληφότας
1157 4416 1172 4430 ⁶
1217 4402 1369 4471 δηλοῖ
1403 4402 1462 4455 δὲ
1495 4402 1590 4454 καὶ
1634 4401 1724 4453 τὸν
1772 4401 1969 4454 Σαούλ.

398 4499 651 4563 Τοιοῦτος
683 4499 875 4568 γέγονε
903 4500 997 4550 καὶ
1025 4499 1054 4550 ὁ
1082 4496 1303 4566 Δανιὴλ,
1335 4496 1515 4556 συνεὶς
1543 4494 1642 4564 τὴν
1666 4493 1850 4562 κρίσιν
1874 4496 1973 4563 τῆς

401 4594 692 4662 Σωσάννης
745 4591 887 4660 ὑπὲρ
911 4592 1035 4652 τοὺς
1069 4586 1468 4658 πρεσόυτέρους
1497 4585 1592 4639 τοῦ
1614 4583 1768 4638 λαοῦ.
1793 4586 1974 4639 Αἴτιον

2075 3412 2163 3452 me
2217 3399 2535 3454 mandatmn
2596 3407 2776 3465 tuum,
2825 3400 2952 3468 quia
2987 3399 3119 3453 illud
3199 3415 3417 3469 semper
3461 3403 3653 3460 dilexi.

2075 3488 2347 3555 Quocirca
2399 3490 2474 3543 illi
2519 3490 2743 3559 quidem
2817 3506 2904 3544 me
2957 3490 3155 3558 injuria
3228 3491 3520 3562 alliciunt;
3554 3511 3656 3566 ego

2073 3595 2205 3635 vero
2255 3597 2352 3637 eos
2383 3583 2634 3641 minime.
2711 3582 2835 3650 quia
2865 3585 3125 3652 majorem
3183 3585 3394 3641 scilicet
3423 3602 3453 3640 a
3485 3597 3537 3643 te
3565 3604 3658 3644 sa-

2075 3674 2338 3745 pientiam
2375 3674 2605 3728 edoctus
2662 3692 2808 3730 sum.

2148 3765 2319 3821 Vens.
2354 3765 2445 3821 99.
2511 3765 2683 3834 Super
2740 3783 2917 3821 omnes
2965 3767 3207 3823 docentes
3269 3788 3352 3826 me
3400 3773 3654 3836 intellexi.

2075 3860 2201 3924 quia
2230 3856 2527 3909 testimonia
2571 3866 2665 3909 tua
2699 3855 2975 3910 meditatio
3009 3873 3123 3910 mea
3151 3871 3250 3914 est.
3312 3863 3449 3928 Ipsis
3488 3865 3654 3917 etiam

2074 3948 2401 4004 doctoribus
2463 3948 2600 4002 meis
2659 3949 2959 4015 sapientior
3037 3949 3264 4006 ell‘ectns
3322 3969 3468 4019 sum,
3525 3958 3654 4026 quia

2075 4040 2293 4094 assidue
2328 4038 2561 4093 meditor
2621 4039 2793 4109 legem
2827 4051 2996 4103 tuam,
3054 4057 3176 4110 qua:
3235 4045 3546 4103 illuminare
3572 4060 3658 4104 δι.

2073 4147 2181 4202 que
2215 4132 2488 4187 instruere
2516 4131 2655 4185 solet
2686 4141 2898 4186 mentes
2933 4133 3239 4189 hominum.

2147 4222 2313 4278 Vens.
2342 4223 2466 4277 100.
2494 4223 2664 4290 Super
2711 4241 2856 4277 senes
2919 4227 3163 4281 intellexi
3196 4268 3212 4294 ,
3244 4231 3369 4298 quia
3401 4235 3659 4291 mandata

2078 4329 2170 4370 tua
2201 4317 2478 4386 exquisivi.
2556 4315 2732 4386 Super
2789 4318 3133 4386 antiquiores
3201 4335 3308 4384 tne,
3357 4324 3557 4394 inquit.
3602 4339 3659 4383 ei

2079 4407 2317 4476 majores
2346 4417 2542 4473 mtate;
2603 4419 2655 4462 et
2709 4409 3007 4464 subnotare
3039 4411 3255 4466 videtur
3291 4416 3469 4484 ipsum
3503 4420 3658 4477 Saul.

2079 4501 2229 4556 Talis
2268 4501 2431 4556 etiam
2469 4501 2570 4554 fuit
2615 4510 2670 4557 et
2723 4501 2932 4567 Daniel,
2979 4503 3074 4572 qui
3135 4505 3400 4564 Susanna:
3426 4525 3654 4566 causam

2081 4607 2246 4660 supra
2281 4608 2473 4648 omnes
2514 4593 2699 4662 populi
2736 4595 2984 4649 seniores
3030 4597 3316 4653 intellexit.
3352 4601 3447 4656 Est
3476 4614 3657 4658 autem

398 4684 458 4738 δι
486 4686 582 4754 τῆς
604 4683 849 4744 πλείονος
873 4683 1142 4742 συνέσεως
1187 4683 1220 4752 ἡ
1251 4679 1547 4752 ὲκζήτησις
1568 4680 1676 4732 τῶν
1699 4680 1859 4733 Θείων
1885 4679 1966 4730 ὲν-

2082 4686 2248 4756 hujus
2293 4686 2516 4753 majoris
2548 4687 2831 4756 sapientiae
2876 4702 3039 4742 causa
3081 4689 3391 4746 divinorum
3425 4695 3660 4748 manda-

400 4777 592 4844 τολῶν,
622 4779 656 4848 ή
691 4776 922 4847 ἀκριϐὴς
982 4773 1180 4845 ἔρευνα
1232 4773 1324 4826 καὶ
1357 4773 1593 4842 φυλακή.
1623 4773 1888 4824 Δύνανται
1914 4770 1974 4823 δὲ

400 4869 578 4926 ταῦτα
604 4869 856 4937 λέγεσθαι
891 4869 985 4922 καὶ
1011 4869 1118 4923 ἀπὸ
1146 4866 1239 4922 τοῦ
1271 4867 1393 4920 νέου
1420 4865 1549 4918 λαοῦ
1593 4880 1610 4896 ο
1647 4863 1836 4917 τούτου
1870 4865 1976 4931 γὰρ

401 4963 590 5035 ἐχθροὶ
622 4963 719 5034 μὲν
767 4962 819 5014 οἱ
865 4961 1129 5024 Ἰουδαῖοι,
1176 4961 1251 5021 ὡς
1287 4959 1374 5012 διὰ
1422 4959 1622 5020 παντὸς
1664 4956 1980 5026 ἐχθραίνον-

401 5075 496 5120 τες
518 5074 532 5088 ·
573 5054 883 5109 διδάσκαλοι
912 5055 989 5119 δὲ,
1021 5054 1099 5116 ὡς
1128 5054 1281 5106 αὐτοὶ
1323 5052 1527 5122 πρῶτοι
1559 5051 1627 5104 τὰ
1661 5050 1791 5118 ἔθνη
1844 5050 1976 5117 περὶ

402 5151 499 5204 τοῦ
525 5151 687 5221 μόνου
715 5147 850 5201 Θεοῦ
872 5147 1180 5212 διδάξαντες
1206 5146 1298 5197 καὶ
1327 5145 1425 5207 τὰς
1455 5143 1671 5212 βίϐλους
1693 5141 1974 5212 παρασχό-

408 5260 563 5314 μενοι
587 5259 600 5272 ο
637 5238 997 5312 πρεσϐύτεροι
1028 5239 1106 5300 δὲ,
1134 5239 1208 5300 ὼς
1231 5237 1445 5306 πρῶτος
1477 5236 1623 5297 λαός.
1677 5235 1812 5298 Υἱὸς
1846 5236 1972 5303 γὰρ,

407 5340 562 5408 φησι,
616 5334 986 5404 πρωτότοκός
1023 5351 1143 5402 μου
1211 5331 1472 5400 Ἰσραήλ.
1526 5330 1698 5399 ’Υπὲρ
1754 5329 1975 5391 τούτους

403 5430 500 5484 οὖν
539 5427 902 5497 ἐσοφισθημεν
925 5427 1016 5479 τὸν
1039 5428 1221 5494 νόμον,
1261 5424 1567 5492 σοφώτερον
1596 5422 1794 5484 αὐτῶν,
1835 5421 1975 5472 κατὰ

407 5523 469 5576 τὸ
491 5519 895 5588 κεκρυμμένον,
929 5516 1176 5580 νοοῦντες
1203 5516 1366 5568 ·διότι
1396 5517 1490 5568 καὶ
1528 5516 1712 5566 πλεῖον
1742 5514 1973 5579 ἀγαπώ-

414 5629 512 5682 μεν
539 5611 692 5664 αὑτά·
722 5611 792 5664 τά
806 5625 864 5660 τε
897 5609 1053 5673 ἄλλα,
1085 5611 1180 5662 καὶ
1213 5609 1288 5671 ὡς
1313 5608 1379 5660 τὰ
1410 5608 1538 5676 περὶ
1569 5606 1805 5675 Χριστοῦ
1841 5622 1974 5672 προ-

417 5702 707 5771 μηνύοντα.

417 5797 567 5849 illam
615 5792 937 5862 sapientius,
981 5791 1132 5862 juxta
1181 5793 1513 5849 occultiores
1556 5808 1752 5848 sensus
1796 5790 2174 5862 intell'gimus.
2215 5788 2699 5857 Quocircamagis
2753 5789 2917 5842 etiam
3008 5807 3126 5845 eam

498 5891 567 5921 ἰ’
599 5887 771 5943 Exod.
806 5903 878 5949 tv,
914 5888 1004 5942 32.

751 5981 1019 6041 ΡΑτιιοι..
1066 5979 1184 6038 (in.
1216 5974 1545 6039 CXXVIII.

2082 4789 2265 4835 torum
2298 4780 2604 4850 inquisitio,
2637 4779 2985 4850 tliligenszue
3046 4780 3396 4850 invesﬁgatio
3457 4795 3512 4840 et
3558 4803 3664 4842 cu-

2081 4873 2280 4926 stodia.
2313 4870 2545 4926 Possunt
2591 4871 2753 4923 etiam
2798 4872 2911 4925 lucc
2944 4872 3104 4926 verba
3166 4873 3267 4945 legi
3303 4890 3369 4931 ex
3425 4894 3662 4947 persona

2087 4963 2210 5016 novi
2261 4962 2468 5031 populi,
2523 4964 2683 5029 cujus
2758 4963 2962 5016 inimici
3000 4973 3127 5018 sunt
3172 4964 3342 5020 Judazi
3374 4984 3389 5021 :
3422 4985 3487 5022 eo
3511 4975 3660 5045 quod

2089 5056 2355 5110 adversus
2413 5069 2510 5106 eos
2553 5055 2776 5108 inimico
2827 5057 3238 5124 atqueinlenso
3289 5077 3505 5130 Semper
3531 5075 3663 5119 sunt

2084 5147 2285 5200 animo.
2345 5144 2457 5198 Dici
2515 5149 2679 5199 etiam
2736 5159 2966 5215 possunt
3043 5148 3214 5202 Juda-i
3285 5152 3562 5220 doctores,
3595 5173 3663 5209 eo

2087 5240 2233 5306 quod
2291 5238 2451 5306 primi
2521 5237 2624 5306 ipsi
2696 5249 2882 5307 gentes
2955 5239 3259 5294 docuerunt
3317 5257 3439 5299 esse
3489 5263 3658 5303 unum

2091 5330 2280 5391 llcnm,
2323 5329 2598 5396 primique
2651 5344 2824 5383 sacrre
2865 5330 3162 5400 Scriptura-
3191 5335 3362 5389 libros
3417 5339 3496 5391 eis
3549 5350 3658 5393 tra-

2087 5421 2368 5475 «lidcrunt.
2403 5421 2811 5488 Appellabimns
2849 5437 2943 5476 eos
2974 5423 3138 5475 etiam
3191 5427 3460 5493 seniores,
3491 5431 3656 5485 veluti

2088 5512 2323 5578 priorem
2363 5519 2523 5578 atque
2555 5510 2919 5577 antiquiorem
2955 5514 3213 5580 pupulum
3241 5531 3255 5568 :
3283 5514 3456 5568 Filius
3492 5537 3659 5583 meus,

2090 5603 2291 5669 inquit,
2345 5602 2724 5669 primogenitus
2759 5601 2930 5655 Israel
2961 5604 3049 5655 ³ι¹.
3085 5605 3259 5675 Super
3309 5607 3407 5662 bos
3441 5609 3660 5668 Judnros

2096 5695 2261 5761 igitur
2289 5710 2387 5747 nos
2419 5694 2470 5745 in
2518 5694 2633 5759 lcgc
2689 5692 2882 5747 melius
2942 5696 3194 5749 instructi
3258 5716 3448 5754 sumus
3482 5718 3493 5753 :
3529 5705 3659 5770 quia

3206 5810 3474 5859 amamus,
3533 5813 3657 5852 eum

3188 5979 3261 6039 37
