  <div class='ocr_page' id='page_1' title='image "/cluster/home/n/w/nwhite01/storage/ocr_20150623/128/mdp.39015078384263/593.png"; bbox 0 0 4134 6288; ppageno 0'>
   <div class='ocr_carea' id='block_1_1' title="bbox 575 320 706 386">
    <p class='ocr_par' dir='ltr' id='par_1_1' title="bbox 575 320 706 386">
     <span class='ocr_line' id='line_1_1' title="bbox 575 320 706 386; baseline 0.015 -2"><span class='ocrx_word' id='word_1_1' title='bbox 575 320 706 386; x_wconf 59' lang='lat' dir='ltr'><strong>illi</strong></span> 
     </span>
    </p>
   </div>
   <div class='ocr_carea' id='block_1_2' title="bbox 1786 315 2571 377">
    <p class='ocr_par' dir='ltr' id='par_1_2' title="bbox 1786 315 2571 377">
     <span class='ocr_line' id='line_1_2' title="bbox 1786 315 2571 377; baseline -0.001 -1"><span class='ocrx_word' id='word_1_2' title='bbox 1786 315 2170 376; x_wconf 80' lang='lat' dir='ltr'><strong>EUTHYMII</strong></span> <span class='ocrx_word' id='word_1_3' title='bbox 2209 316 2571 377; x_wconf 73' lang='lat' dir='ltr'><strong>ZlGABENI</strong></span> 
     </span>
    </p>
   </div>
   <div class='ocr_carea' id='block_1_3' title="bbox 3696 297 3836 362">
    <p class='ocr_par' dir='ltr' id='par_1_3' title="bbox 3696 297 3836 362">
     <span class='ocr_line' id='line_1_3' title="bbox 3696 297 3836 362; baseline -0.021 0"><span class='ocrx_word' id='word_1_4' title='bbox 3696 297 3836 362; x_wconf 65' lang='lat'><strong>1172</strong></span> 
     </span>
    </p>
   </div>
   <div class='ocr_carea' id='block_1_4' title="bbox 566 414 2176 506">
    <p class='ocr_par' dir='ltr' id='par_1_4' title="bbox 566 425 2176 506">
     <span class='ocr_line' id='line_1_4' title="bbox 566 425 2176 506; baseline -0.007 -17"><span class='ocrx_word' id='word_1_5' title='bbox 566 432 756 506; x_wconf 80' lang='lat' dir='ltr'><strong>populi</strong></span> <span class='ocrx_word' id='word_1_6' title='bbox 790 431 854 485; x_wconf 84' lang='lat' dir='ltr'><strong>ad</strong></span> <span class='ocrx_word' id='word_1_7' title='bbox 887 428 1060 483; x_wconf 79' lang='lat' dir='ltr'><strong>Deum</strong></span> <span class='ocrx_word' id='word_1_8' title='bbox 1093 428 1388 499; x_wconf 83' lang='lat' dir='ltr'><strong>supplicat,</strong></span> <span class='ocrx_word' id='word_1_9' title='bbox 1425 435 1613 495; x_wconf 86' lang='lat' dir='ltr'><strong>petens</strong></span> <span class='ocrx_word' id='word_1_10' title='bbox 1646 426 1790 479; x_wconf 88' lang='lat' dir='ltr'><strong>mitti</strong></span> <span class='ocrx_word' id='word_1_11' title='bbox 1840 426 1945 480; x_wconf 82' lang='lat' dir='ltr'><strong>sibi</strong></span> <span class='ocrx_word' id='word_1_12' title='bbox 1997 425 2143 479; x_wconf 85' lang='lat' dir='ltr'><strong>hunc</strong></span> <span class='ocrx_word' id='word_1_13' title='bbox 2174 481 2176 491; x_wconf 29' lang='grc' dir='ltr'><strong>η</strong></span> 
     </span>
    </p>
   </div>
   <div class='ocr_carea' id='block_1_5' title="bbox 2275 414 3837 506">
    <p class='ocr_par' dir='ltr' id='par_1_5' title="bbox 2275 414 3837 495">
     <span class='ocr_line' id='line_1_5' title="bbox 2275 414 3837 495; baseline -0.01 -13"><span class='ocrx_word' id='word_1_14' title='bbox 2275 428 2435 494; x_wconf 73' lang='grc' dir='ltr'>ἧσαι.</span> <span class='ocrx_word' id='word_1_15' title='bbox 2466 429 2534 481; x_wconf 84' lang='grc' dir='ltr'>Ἣ</span> <span class='ocrx_word' id='word_1_16' title='bbox 2568 428 2662 480; x_wconf 69' lang='grc' dir='ltr'><strong>καὶ</strong></span> <span class='ocrx_word' id='word_1_17' title='bbox 2686 423 2964 495; x_wconf 82' lang='grc' dir='ltr'><strong>προσώπῳ</strong></span> <span class='ocrx_word' id='word_1_18' title='bbox 2988 420 3083 476; x_wconf 85' lang='grc' dir='ltr'><strong>τοῦ</strong></span> <span class='ocrx_word' id='word_1_19' title='bbox 3122 420 3247 474; x_wconf 75' lang='grc' dir='ltr'>νέου</span> <span class='ocrx_word' id='word_1_20' title='bbox 3273 418 3407 473; x_wconf 85' lang='grc' dir='ltr'>λαοῦ</span> <span class='ocrx_word' id='word_1_21' title='bbox 3435 419 3676 471; x_wconf 75' lang='grc' dir='ltr'>ποιεῖται</span> <span class='ocrx_word' id='word_1_22' title='bbox 3731 414 3837 483; x_wconf 79' lang='grc' dir='ltr'>τὴν</span> 
     </span>
    </p>
   </div>
   <div class='ocr_carea' id='block_1_6' title="bbox 563 521 2038 595">
    <p class='ocr_par' dir='ltr' id='par_1_6' title="bbox 563 521 2038 595">
     <span class='ocr_line' id='line_1_6' title="bbox 563 521 2038 595; baseline -0.007 -10"><span class='ocrx_word' id='word_1_23' title='bbox 563 528 789 595; x_wconf 79' lang='lat' dir='ltr'><strong>Filium,</strong></span> <span class='ocrx_word' id='word_1_24' title='bbox 818 538 871 583; x_wconf 92' lang='lat' dir='ltr'><strong>ct</strong></span> <span class='ocrx_word' id='word_1_25' title='bbox 905 525 1090 581; x_wconf 81' lang='lat' dir='ltr'><strong>doceri</strong></span> <span class='ocrx_word' id='word_1_26' title='bbox 1127 540 1186 578; x_wconf 90' lang='lat' dir='ltr'><strong>se</strong></span> <span class='ocrx_word' id='word_1_27' title='bbox 1218 524 1286 578; x_wconf 88' lang='lat' dir='ltr'><strong>ab</strong></span> <span class='ocrx_word' id='word_1_28' title='bbox 1319 539 1386 579; x_wconf 89' lang='lat' dir='ltr'><strong>co</strong></span> <span class='ocrx_word' id='word_1_29' title='bbox 1420 521 1849 594; x_wconf 68' lang='lat' dir='ltr'><strong>iustiﬁcationes</strong></span> <span class='ocrx_word' id='word_1_30' title='bbox 1879 521 2038 591; x_wconf 75' lang='lat' dir='ltr'><strong>legis.</strong></span> 
     </span>
    </p>
   </div>
   <div class='ocr_carea' id='block_1_7' title="bbox 638 701 2147 773">
    <p class='ocr_par' dir='ltr' id='par_1_7' title="bbox 638 701 2147 773">
     <span class='ocr_line' id='line_1_7' title="bbox 638 701 2147 773; baseline -0.003 -16"><span class='ocrx_word' id='word_1_31' title='bbox 638 702 804 760; x_wconf 77' lang='lat' dir='ltr'><strong>Vens.</strong></span> <span class='ocrx_word' id='word_1_32' title='bbox 848 703 970 760; x_wconf 77' lang='grc'><strong>156.</strong></span> <span class='ocrx_word' id='word_1_33' title='bbox 1035 704 1302 757; x_wconf 69' lang='lat' dir='ltr'><strong>Decumi:</strong></span> <span class='ocrx_word' id='word_1_34' title='bbox 1355 718 1616 773; x_wconf 85' lang='lat' dir='ltr'><strong>aquarum</strong></span> <span class='ocrx_word' id='word_1_35' title='bbox 1679 701 1951 755; x_wconf 72' lang='lat' dir='ltr'><strong>subierunt</strong></span> <span class='ocrx_word' id='word_1_36' title='bbox 2005 701 2147 755; x_wconf 86' lang='lat' dir='ltr'><strong>oculi</strong></span> 
     </span>
    </p>
   </div>
   <div class='ocr_carea' id='block_1_8' title="bbox 564 791 2146 866">
    <p class='ocr_par' dir='ltr' id='par_1_8' title="bbox 564 791 2146 866">
     <span class='ocr_line' id='line_1_8' title="bbox 564 791 2146 866; baseline -0.003 -17"><span class='ocrx_word' id='word_1_37' title='bbox 564 798 691 860; x_wconf 87' lang='lat' dir='ltr'><strong>mei,</strong></span> <span class='ocrx_word' id='word_1_38' title='bbox 724 801 851 866; x_wconf 83' lang='lat' dir='ltr'><strong>quia</strong></span> <span class='ocrx_word' id='word_1_39' title='bbox 882 813 987 850; x_wconf 86' lang='lat' dir='ltr'><strong>non</strong></span> <span class='ocrx_word' id='word_1_40' title='bbox 1027 795 1397 849; x_wconf 76' lang='lat' dir='ltr'><strong>custodierunt</strong></span> <span class='ocrx_word' id='word_1_41' title='bbox 1428 795 1587 865; x_wconf 83' lang='lat' dir='ltr'><strong>legem</strong></span> <span class='ocrx_word' id='word_1_42' title='bbox 1621 803 1792 849; x_wconf 86' lang='lat' dir='ltr'><strong>tuam.</strong></span> <span class='ocrx_word' id='word_1_43' title='bbox 1830 791 1935 847; x_wconf 82' lang='lat' dir='ltr'><strong>Per</strong></span> <span class='ocrx_word' id='word_1_44' title='bbox 1970 808 2146 863; x_wconf 83' lang='lat' dir='ltr'><strong>aqua-</strong></span> 
     </span>
    </p>
   </div>
   <div class='ocr_carea' id='block_1_9' title="bbox 563 886 2146 957">
    <p class='ocr_par' dir='ltr' id='par_1_9' title="bbox 563 886 2146 957">
     <span class='ocr_line' id='line_1_9' title="bbox 563 886 2146 957; baseline -0.004 -11"><span class='ocrx_word' id='word_1_45' title='bbox 563 906 689 946; x_wconf 89' lang='lat' dir='ltr'><strong>rum</strong></span> <span class='ocrx_word' id='word_1_46' title='bbox 736 891 1027 957; x_wconf 72' lang='lat' dir='ltr'><strong>decursus,</strong></span> <span class='ocrx_word' id='word_1_47' title='bbox 1079 889 1378 942; x_wconf 81' lang='lat' dir='ltr'><strong>cliaradras</strong></span> <span class='ocrx_word' id='word_1_48' title='bbox 1427 902 1481 941; x_wconf 84' lang='lat' dir='ltr'><strong>et</strong></span> <span class='ocrx_word' id='word_1_49' title='bbox 1533 888 1699 943; x_wconf 74' lang='lat' dir='ltr'><strong>valles</strong></span> <span class='ocrx_word' id='word_1_50' title='bbox 1751 886 2027 956; x_wconf 74' lang='lat' dir='ltr'><strong>intelligit,</strong></span> <span class='ocrx_word' id='word_1_51' title='bbox 2079 900 2146 940; x_wconf 88' lang='lat' dir='ltr'><strong>ae</strong></span> 
     </span>
    </p>
   </div>
   <div class='ocr_carea' id='block_1_10' title="bbox 565 979 2144 1052">
    <p class='ocr_par' dir='ltr' id='par_1_10' title="bbox 565 979 2144 1052">
     <span class='ocr_line' id='line_1_10' title="bbox 565 979 2144 1052; baseline -0.004 -15"><span class='ocrx_word' id='word_1_52' title='bbox 565 986 685 1037; x_wconf 86' lang='lat' dir='ltr'><strong>loca</strong></span> <span class='ocrx_word' id='word_1_53' title='bbox 718 997 983 1048; x_wconf 84' lang='lat' dir='ltr'><strong>concava,</strong></span> <span class='ocrx_word' id='word_1_54' title='bbox 1019 996 1117 1052; x_wconf 90' lang='lat' dir='ltr'><strong>per</strong></span> <span class='ocrx_word' id='word_1_55' title='bbox 1149 996 1270 1051; x_wconf 63' lang='lat' dir='ltr'><strong>quae</strong></span> <span class='ocrx_word' id='word_1_56' title='bbox 1300 995 1458 1049; x_wconf 73' lang='lat' dir='ltr'><strong>aqua:</strong></span> <span class='ocrx_word' id='word_1_57' title='bbox 1497 980 1667 1033; x_wconf 84' lang='lat' dir='ltr'><strong>ﬂuere</strong></span> <span class='ocrx_word' id='word_1_58' title='bbox 1697 980 1903 1034; x_wconf 81' lang='lat' dir='ltr'><strong>solent.</strong></span> <span class='ocrx_word' id='word_1_59' title='bbox 1950 979 2105 1033; x_wconf 84' lang='lat' dir='ltr'><strong>Oculi</strong></span> <span class='ocrx_word' id='word_1_60' title='bbox 2128 1019 2144 1042; x_wconf 88' lang='lat'><strong>,</strong></span> 
     </span>
    </p>
   </div>
   <div class='ocr_carea' id='block_1_11' title="bbox 566 1072 2148 1147">
    <p class='ocr_par' dir='ltr' id='par_1_11' title="bbox 566 1072 2148 1147">
     <span class='ocr_line' id='line_1_11' title="bbox 566 1072 2148 1147; baseline -0.003 -16"><span class='ocrx_word' id='word_1_61' title='bbox 566 1076 771 1147; x_wconf 84' lang='lat' dir='ltr'><strong>inquit,</strong></span> <span class='ocrx_word' id='word_1_62' title='bbox 808 1076 910 1129; x_wconf 88' lang='lat' dir='ltr'><strong>mei</strong></span> <span class='ocrx_word' id='word_1_63' title='bbox 942 1074 1298 1146; x_wconf 84' lang='lat' dir='ltr'><strong>lacrymando</strong></span> <span class='ocrx_word' id='word_1_64' title='bbox 1328 1074 1554 1128; x_wconf 81' lang='lat' dir='ltr'><strong>concavi</strong></span> <span class='ocrx_word' id='word_1_65' title='bbox 1601 1072 1777 1128; x_wconf 76' lang='lat' dir='ltr'><strong>cﬂ‘ecti</strong></span> <span class='ocrx_word' id='word_1_66' title='bbox 1830 1083 1983 1138; x_wconf 85' lang='lat' dir='ltr'><strong>sunt,</strong></span> <span class='ocrx_word' id='word_1_67' title='bbox 2016 1073 2148 1128; x_wconf 82' lang='lat' dir='ltr'><strong>cha-</strong></span> 
     </span>
    </p>
   </div>
   <div class='ocr_carea' id='block_1_12' title="bbox 567 1166 2145 1238">
    <p class='ocr_par' dir='ltr' id='par_1_12' title="bbox 567 1166 2145 1238">
     <span class='ocr_line' id='line_1_12' title="bbox 567 1166 2145 1238; baseline -0.003 -16"><span class='ocrx_word' id='word_1_68' title='bbox 567 1168 855 1238; x_wconf 68' lang='lat' dir='ltr'><strong>radrzeque</strong></span> <span class='ocrx_word' id='word_1_69' title='bbox 903 1183 967 1221; x_wconf 90' lang='lat' dir='ltr'><strong>ac</strong></span> <span class='ocrx_word' id='word_1_70' title='bbox 1006 1167 1168 1223; x_wconf 83' lang='lat' dir='ltr'><strong>vallis</strong></span> <span class='ocrx_word' id='word_1_71' title='bbox 1202 1166 1491 1235; x_wconf 75' lang='lat' dir='ltr'><strong>cujusdam</strong></span> <span class='ocrx_word' id='word_1_72' title='bbox 1528 1167 1766 1237; x_wconf 90' lang='lat' dir='ltr'><strong>speciem</strong></span> <span class='ocrx_word' id='word_1_73' title='bbox 1815 1166 2145 1229; x_wconf 87' lang='lat' dir='ltr'><strong>subierunt;</strong></span> 
     </span>
    </p>
   </div>
   <div class='ocr_carea' id='block_1_13' title="bbox 565 1256 2151 1331">
    <p class='ocr_par' dir='ltr' id='par_1_13' title="bbox 565 1256 2151 1331">
     <span class='ocr_line' id='line_1_13' title="bbox 565 1256 2151 1331; baseline -0.003 -16"><span class='ocrx_word' id='word_1_74' title='bbox 565 1264 652 1317; x_wconf 79' lang='lat' dir='ltr'><strong>vel</strong></span> <span class='ocrx_word' id='word_1_75' title='bbox 692 1264 1101 1317; x_wconf 83' lang='lat' dir='ltr'><strong>contabueruut</strong></span> <span class='ocrx_word' id='word_1_76' title='bbox 1149 1260 1518 1331; x_wconf 81' lang='lat' dir='ltr'><strong>lacrymarum</strong></span> <span class='ocrx_word' id='word_1_77' title='bbox 1569 1258 1723 1329; x_wconf 86' lang='lat' dir='ltr'><strong>copia</strong></span> <span class='ocrx_word' id='word_1_78' title='bbox 1760 1277 1775 1320; x_wconf 65' lang='grc' dir='ltr'><strong>ς</strong></span> <span class='ocrx_word' id='word_1_79' title='bbox 1808 1274 1975 1328; x_wconf 86' lang='lat' dir='ltr'><strong>quam</strong></span> <span class='ocrx_word' id='word_1_80' title='bbox 2026 1256 2151 1311; x_wconf 86' lang='lat' dir='ltr'><strong>ideo</strong></span> 
     </span>
    </p>
   </div>
   <div class='ocr_carea' id='block_1_14' title="bbox 566 1351 2148 1426">
    <p class='ocr_par' dir='ltr' id='par_1_14' title="bbox 566 1351 2148 1426">
     <span class='ocr_line' id='line_1_14' title="bbox 566 1351 2148 1426; baseline -0.002 -15"><span class='ocrx_word' id='word_1_81' title='bbox 566 1356 749 1423; x_wconf 83' lang='lat' dir='ltr'><strong>emisi,</strong></span> <span class='ocrx_word' id='word_1_82' title='bbox 787 1359 912 1426; x_wconf 82' lang='lat' dir='ltr'><strong>quia</strong></span> <span class='ocrx_word' id='word_1_83' title='bbox 938 1368 1377 1422; x_wconf 72' lang='lat' dir='ltr'><strong>transgressores</strong></span> <span class='ocrx_word' id='word_1_84' title='bbox 1411 1369 1520 1407; x_wconf 88' lang='lat' dir='ltr'><strong>non</strong></span> <span class='ocrx_word' id='word_1_85' title='bbox 1553 1351 1941 1406; x_wconf 71' lang='lat' dir='ltr'><strong>custodierunt</strong></span> <span class='ocrx_word' id='word_1_86' title='bbox 1972 1352 2148 1423; x_wconf 83' lang='lat' dir='ltr'><strong>legem</strong></span> 
     </span>
    </p>
   </div>
   <div class='ocr_carea' id='block_1_15' title="bbox 567 1444 2151 1515">
    <p class='ocr_par' dir='ltr' id='par_1_15' title="bbox 567 1444 2151 1515">
     <span class='ocr_line' id='line_1_15' title="bbox 567 1444 2151 1515; baseline 0.001 -16"><span class='ocrx_word' id='word_1_87' title='bbox 567 1461 718 1502; x_wconf 84' lang='lat' dir='ltr'><strong>tuam</strong></span> <span class='ocrx_word' id='word_1_88' title='bbox 750 1465 764 1503; x_wconf 92' lang='lat'>:</span> <span class='ocrx_word' id='word_1_89' title='bbox 802 1459 911 1504; x_wconf 88' lang='lat' dir='ltr'><strong>tota</strong></span> <span class='ocrx_word' id='word_1_90' title='bbox 942 1450 1146 1503; x_wconf 88' lang='lat' dir='ltr'><strong>etenim</strong></span> <span class='ocrx_word' id='word_1_91' title='bbox 1181 1458 1342 1502; x_wconf 85' lang='lat' dir='ltr'><strong>nocte</strong></span> <span class='ocrx_word' id='word_1_92' title='bbox 1373 1449 1650 1501; x_wconf 88' lang='lat' dir='ltr'><strong>miseriam</strong></span> <span class='ocrx_word' id='word_1_93' title='bbox 1676 1460 1777 1515; x_wconf 77' lang='lat' dir='ltr'><strong>ego</strong></span> <span class='ocrx_word' id='word_1_94' title='bbox 1804 1444 2022 1500; x_wconf 87' lang='lat' dir='ltr'><strong>illorum</strong></span> <span class='ocrx_word' id='word_1_95' title='bbox 2049 1447 2151 1501; x_wconf 88' lang='lat' dir='ltr'><strong>de-</strong></span> 
     </span>
    </p>
   </div>
   <div class='ocr_carea' id='block_1_16' title="bbox 568 1539 2150 1611">
    <p class='ocr_par' dir='ltr' id='par_1_16' title="bbox 568 1539 2150 1611">
     <span class='ocr_line' id='line_1_16' title="bbox 568 1539 2150 1611; baseline 0 -16"><span class='ocrx_word' id='word_1_96' title='bbox 568 1542 787 1596; x_wconf 84' lang='lat' dir='ltr'><strong>ﬂebam.</strong></span> <span class='ocrx_word' id='word_1_97' title='bbox 830 1543 1067 1611; x_wconf 84' lang='lat' dir='ltr'><strong>Intelligi</strong></span> <span class='ocrx_word' id='word_1_98' title='bbox 1098 1542 1265 1597; x_wconf 81' lang='lat' dir='ltr'><strong>etiam</strong></span> <span class='ocrx_word' id='word_1_99' title='bbox 1299 1548 1530 1608; x_wconf 82' lang='lat' dir='ltr'><strong>possunt</strong></span> <span class='ocrx_word' id='word_1_100' title='bbox 1568 1539 1683 1595; x_wconf 73' lang='lat' dir='ltr'><strong>lucc</strong></span> <span class='ocrx_word' id='word_1_101' title='bbox 1716 1540 1902 1603; x_wconf 84' lang='lat' dir='ltr'><strong>verba,</strong></span> <span class='ocrx_word' id='word_1_102' title='bbox 1942 1552 2000 1594; x_wconf 92' lang='lat' dir='ltr'><strong>ut</strong></span> <span class='ocrx_word' id='word_1_103' title='bbox 2034 1557 2150 1610; x_wconf 84' lang='lat' dir='ltr'><strong>per-</strong></span> 
     </span>
    </p>
   </div>
   <div class='ocr_carea' id='block_1_17' title="bbox 2247 507 3839 589">
    <p class='ocr_par' dir='ltr' id='par_1_17' title="bbox 2247 507 3839 589">
     <span class='ocr_line' id='line_1_17' title="bbox 2247 507 3839 589; baseline -0.008 -16"><span class='ocrx_word' id='word_1_104' title='bbox 2247 519 2453 589; x_wconf 73' lang='grc' dir='ltr'>δέησιν,</span> <span class='ocrx_word' id='word_1_105' title='bbox 2482 518 2743 572; x_wconf 75' lang='grc' dir='ltr'><strong>ἱκετεύων</strong></span> <span class='ocrx_word' id='word_1_106' title='bbox 2771 514 3091 571; x_wconf 77' lang='grc' dir='ltr'>ἀποστεῖλαι</span> <span class='ocrx_word' id='word_1_107' title='bbox 3110 510 3478 583; x_wconf 76' lang='grc' dir='ltr'>αὐτῷτοῦτον,</span> <span class='ocrx_word' id='word_1_108' title='bbox 3504 510 3597 563; x_wconf 71' lang='grc' dir='ltr'>καὶ</span> <span class='ocrx_word' id='word_1_109' title='bbox 3619 507 3839 573; x_wconf 75' lang='grc' dir='ltr'>διδάξαι</span> 
     </span>
    </p>
   </div>
   <div class='ocr_carea' id='block_1_18' title="bbox 2247 608 3073 679">
    <p class='ocr_par' dir='ltr' id='par_1_18' title="bbox 2247 608 3073 679">
     <span class='ocr_line' id='line_1_18' title="bbox 2247 608 3073 679; baseline -0.001 -15"><span class='ocrx_word' id='word_1_110' title='bbox 2247 611 2317 665; x_wconf 75' lang='grc' dir='ltr'><strong>τὰ</strong></span> <span class='ocrx_word' id='word_1_111' title='bbox 2340 610 2674 679; x_wconf 79' lang='grc' dir='ltr'>εῦαγγελικὰ</span> <span class='ocrx_word' id='word_1_112' title='bbox 2703 608 3073 677; x_wconf 83' lang='grc' dir='ltr'>δικαιώματα.</span> 
     </span>
    </p>
   </div>
   <div class='ocr_carea' id='block_1_19' title="bbox 2320 692 3837 770">
    <p class='ocr_par' dir='ltr' id='par_1_19' title="bbox 2320 692 3837 770">
     <span class='ocr_line' id='line_1_19' title="bbox 2320 692 3837 770; baseline -0.009 -13"><span class='ocrx_word' id='word_1_113' title='bbox 2320 704 2640 770; x_wconf 76' lang='grc' dir='ltr'>Διεεόδους</span> <span class='ocrx_word' id='word_1_114' title='bbox 2704 703 2944 760; x_wconf 74' lang='grc' dir='ltr'>ὑδάτων</span> <span class='ocrx_word' id='word_1_115' title='bbox 3000 699 3345 755; x_wconf 72' lang='grc' dir='ltr'>κατέδυσαν</span> <span class='ocrx_word' id='word_1_116' title='bbox 3394 698 3450 751; x_wconf 88' lang='lat' dir='ltr'><strong>al</strong></span> <span class='ocrx_word' id='word_1_117' title='bbox 3533 692 3837 763; x_wconf 72' lang='grc' dir='ltr'>ὀφθαλμοί</span> 
     </span>
    </p>
   </div>
   <div class='ocr_carea' id='block_1_20' title="bbox 2241 784 3840 868">
    <p class='ocr_par' dir='ltr' id='par_1_20' title="bbox 2241 784 3840 868">
     <span class='ocr_line' id='line_1_20' title="bbox 2241 784 3840 868; baseline -0.012 -14"><span class='ocrx_word' id='word_1_118' title='bbox 2241 817 2383 868; x_wconf 85' lang='grc' dir='ltr'>μου,</span> <span class='ocrx_word' id='word_1_119' title='bbox 2417 798 2547 851; x_wconf 76' lang='grc' dir='ltr'>ἐπεὶ</span> <span class='ocrx_word' id='word_1_120' title='bbox 2574 798 2684 852; x_wconf 76' lang='grc' dir='ltr'>οὐκ</span> <span class='ocrx_word' id='word_1_121' title='bbox 2715 796 3031 865; x_wconf 68' lang='grc' dir='ltr'>ἐφύλαξαν</span> <span class='ocrx_word' id='word_1_122' title='bbox 3051 792 3155 847; x_wconf 79' lang='grc' dir='ltr'>τὸν</span> <span class='ocrx_word' id='word_1_123' title='bbox 3178 793 3371 860; x_wconf 76' lang='grc' dir='ltr'>νόμον</span> <span class='ocrx_word' id='word_1_124' title='bbox 3431 804 3566 843; x_wconf 87' lang='grc' dir='ltr'>σου.</span> <span class='ocrx_word' id='word_1_125' title='bbox 3599 784 3840 848; x_wconf 51' lang='lat' dir='ltr'><strong>Adicio;</strong></span> 
     </span>
    </p>
   </div>
   <div class='ocr_carea' id='block_1_21' title="bbox 2252 874 3841 960">
    <p class='ocr_par' dir='ltr' id='par_1_21' title="bbox 2252 874 3841 960">
     <span class='ocr_line' id='line_1_21' title="bbox 2252 874 3841 960; baseline -0.011 -14"><span class='ocrx_word' id='word_1_126' title='bbox 2252 891 2464 946; x_wconf 75' lang='grc' dir='ltr'>ὑδάτων</span> <span class='ocrx_word' id='word_1_127' title='bbox 2516 892 2572 945; x_wconf 77' lang='lat' dir='ltr'><strong>ul</strong></span> <span class='ocrx_word' id='word_1_128' title='bbox 2598 889 2869 960; x_wconf 75' lang='grc' dir='ltr'><strong>χαράδραι</strong></span> <span class='ocrx_word' id='word_1_129' title='bbox 2892 890 2986 942; x_wconf 73' lang='grc' dir='ltr'>καὶ</span> <span class='ocrx_word' id='word_1_130' title='bbox 3010 889 3080 944; x_wconf 70' lang='grc' dir='ltr'><strong>τὰ</strong></span> <span class='ocrx_word' id='word_1_131' title='bbox 3109 885 3427 954; x_wconf 74' lang='grc' dir='ltr'>κοιλώματα</span> <span class='ocrx_word' id='word_1_132' title='bbox 3449 897 3464 911; x_wconf 88' lang='grc'><strong>·</strong></span> <span class='ocrx_word' id='word_1_133' title='bbox 3512 880 3676 949; x_wconf 77' lang='grc' dir='ltr'>φησὶν</span> <span class='ocrx_word' id='word_1_134' title='bbox 3717 874 3841 940; x_wconf 70' lang='grc' dir='ltr'>οὖν,</span> 
     </span>
    </p>
   </div>
   <div class='ocr_carea' id='block_1_22' title="bbox 2252 970 3839 1055">
    <p class='ocr_par' dir='ltr' id='par_1_22' title="bbox 2252 970 3839 1055">
     <span class='ocr_line' id='line_1_22' title="bbox 2252 970 3839 1055; baseline -0.011 -15"><span class='ocrx_word' id='word_1_135' title='bbox 2252 985 2697 1055; x_wconf 80' lang='grc' dir='ltr'>ὄτιΚοιλὼματα</span> <span class='ocrx_word' id='word_1_136' title='bbox 2749 981 3144 1053; x_wconf 73' lang='grc' dir='ltr'>ἑκοιλάνθησαν</span> <span class='ocrx_word' id='word_1_137' title='bbox 3185 980 3235 1034; x_wconf 87' lang='grc' dir='ltr'>οἱ</span> <span class='ocrx_word' id='word_1_138' title='bbox 3284 974 3556 1047; x_wconf 78' lang='grc' dir='ltr'>ὀφθαλμοί</span> <span class='ocrx_word' id='word_1_139' title='bbox 3602 988 3708 1041; x_wconf 88' lang='grc' dir='ltr'><strong>μου</strong></span> <span class='ocrx_word' id='word_1_140' title='bbox 3741 970 3839 1024; x_wconf 78' lang='grc' dir='ltr'>δα-</span> 
     </span>
    </p>
   </div>
   <div class='ocr_carea' id='block_1_23' title="bbox 2256 1066 3838 1153">
    <p class='ocr_par' dir='ltr' id='par_1_23' title="bbox 2256 1066 3838 1153">
     <span class='ocr_line' id='line_1_23' title="bbox 2256 1066 3838 1153; baseline -0.011 -20"><span class='ocrx_word' id='word_1_141' title='bbox 2256 1080 2539 1153; x_wconf 77' lang='grc' dir='ltr'>κρύοντες,</span> <span class='ocrx_word' id='word_1_142' title='bbox 2570 1081 2739 1149; x_wconf 70' lang='grc' dir='ltr'>ἤγουν</span> <span class='ocrx_word' id='word_1_143' title='bbox 2761 1076 3062 1146; x_wconf 82' lang='grc' dir='ltr'>ὲτάκησαν,</span> <span class='ocrx_word' id='word_1_144' title='bbox 3096 1071 3302 1141; x_wconf 79' lang='grc' dir='ltr'>πλῆθος</span> <span class='ocrx_word' id='word_1_145' title='bbox 3346 1066 3603 1137; x_wconf 82' lang='grc' dir='ltr'>δακρύων</span> <span class='ocrx_word' id='word_1_146' title='bbox 3652 1066 3838 1132; x_wconf 73' lang='grc' dir='ltr'>ἀπορ-</span> 
     </span>
    </p>
   </div>
   <div class='ocr_carea' id='block_1_24' title="bbox 2258 1161 3840 1243">
    <p class='ocr_par' dir='ltr' id='par_1_24' title="bbox 2258 1161 3840 1243">
     <span class='ocr_line' id='line_1_24' title="bbox 2258 1161 3840 1243; baseline -0.01 -17"><span class='ocrx_word' id='word_1_147' title='bbox 2258 1173 2497 1243; x_wconf 81' lang='grc' dir='ltr'>ρἐντες,</span> <span class='ocrx_word' id='word_1_148' title='bbox 2529 1172 2781 1225; x_wconf 84' lang='grc' dir='ltr'>διὸτιούκ</span> <span class='ocrx_word' id='word_1_149' title='bbox 2824 1168 3101 1239; x_wconf 73' lang='grc' dir='ltr'><strong>ἐφύλαξαν</strong></span> <span class='ocrx_word' id='word_1_150' title='bbox 3123 1168 3218 1219; x_wconf 80' lang='grc' dir='ltr'>τὸν</span> <span class='ocrx_word' id='word_1_151' title='bbox 3253 1164 3420 1233; x_wconf 83' lang='grc' dir='ltr'>νόμον</span> <span class='ocrx_word' id='word_1_152' title='bbox 3445 1178 3539 1214; x_wconf 87' lang='grc' dir='ltr'><strong>σου</strong></span> <span class='ocrx_word' id='word_1_153' title='bbox 3572 1161 3622 1212; x_wconf 84' lang='lat' dir='ltr'><strong>ol</strong></span> <span class='ocrx_word' id='word_1_154' title='bbox 3652 1172 3840 1226; x_wconf 76' lang='grc' dir='ltr'>παρα-</span> 
     </span>
    </p>
   </div>
   <div class='ocr_carea' id='block_1_25' title="bbox 2264 1250 3843 1337">
    <p class='ocr_par' dir='ltr' id='par_1_25' title="bbox 2264 1250 3843 1337">
     <span class='ocr_line' id='line_1_25' title="bbox 2264 1250 3843 1337; baseline -0.013 -17"><span class='ocrx_word' id='word_1_155' title='bbox 2264 1263 2583 1337; x_wconf 80' lang='grc' dir='ltr'>νομοῦντες·</span> <span class='ocrx_word' id='word_1_156' title='bbox 2600 1264 2902 1334; x_wconf 85' lang='grc' dir='ltr'>παννύχιον</span> <span class='ocrx_word' id='word_1_157' title='bbox 2926 1262 3038 1333; x_wconf 81' lang='grc' dir='ltr'>γὰρ</span> <span class='ocrx_word' id='word_1_158' title='bbox 3057 1256 3440 1325; x_wconf 74' lang='grc' dir='ltr'>ἀπεκλαιόμην</span> <span class='ocrx_word' id='word_1_159' title='bbox 3453 1255 3577 1315; x_wconf 71' lang='grc' dir='ltr'>τοὺς</span> <span class='ocrx_word' id='word_1_160' title='bbox 3601 1250 3843 1312; x_wconf 74' lang='grc' dir='ltr'>ἀθλίους.</span> 
     </span>
    </p>
   </div>
   <div class='ocr_carea' id='block_1_26' title="bbox 2260 1347 3832 1427">
    <p class='ocr_par' dir='ltr' id='par_1_26' title="bbox 2260 1347 3832 1427">
     <span class='ocr_line' id='line_1_26' title="bbox 2260 1347 3832 1427; baseline -0.011 -13"><span class='ocrx_word' id='word_1_161' title='bbox 2260 1362 2485 1415; x_wconf 82' lang='grc' dir='ltr'>Νοεῖται</span> <span class='ocrx_word' id='word_1_162' title='bbox 2514 1360 2571 1415; x_wconf 77' lang='grc' dir='ltr'>δὲ</span> <span class='ocrx_word' id='word_1_163' title='bbox 2619 1361 2778 1413; x_wconf 87' lang='grc' dir='ltr'>τοῦτο</span> <span class='ocrx_word' id='word_1_164' title='bbox 2808 1360 2902 1412; x_wconf 77' lang='grc' dir='ltr'>καὶ</span> <span class='ocrx_word' id='word_1_165' title='bbox 2929 1356 3059 1427; x_wconf 73' lang='grc' dir='ltr'>περὶ</span> <span class='ocrx_word' id='word_1_166' title='bbox 3083 1354 3194 1408; x_wconf 80' lang='grc' dir='ltr'>τῶν</span> <span class='ocrx_word' id='word_1_167' title='bbox 3235 1350 3529 1409; x_wconf 78' lang='grc' dir='ltr'><strong>Ἰουδαίων,</strong></span> <span class='ocrx_word' id='word_1_168' title='bbox 3558 1347 3609 1400; x_wconf 83' lang='grc' dir='ltr'>οἳ</span> <span class='ocrx_word' id='word_1_169' title='bbox 3646 1361 3832 1414; x_wconf 80' lang='grc' dir='ltr'>παρα-</span> 
     </span>
    </p>
   </div>
   <div class='ocr_carea' id='block_1_27' title="bbox 2266 1437 3843 1522">
    <p class='ocr_par' dir='ltr' id='par_1_27' title="bbox 2266 1437 3843 1522">
     <span class='ocr_line' id='line_1_27' title="bbox 2266 1437 3843 1522; baseline -0.01 -17"><span class='ocrx_word' id='word_1_170' title='bbox 2266 1451 2556 1522; x_wconf 84' lang='grc' dir='ltr'>νομοῦντες</span> <span class='ocrx_word' id='word_1_171' title='bbox 2595 1453 2807 1507; x_wconf 80' lang='grc' dir='ltr'>ἀνεῖλον</span> <span class='ocrx_word' id='word_1_172' title='bbox 2855 1449 2948 1503; x_wconf 77' lang='grc' dir='ltr'>τὸν</span> <span class='ocrx_word' id='word_1_173' title='bbox 3003 1446 3245 1519; x_wconf 87' lang='grc' dir='ltr'>Χριστόν</span> <span class='ocrx_word' id='word_1_174' title='bbox 3272 1460 3288 1477; x_wconf 83' lang='grc'><strong><em>⁸</em></strong></span> <span class='ocrx_word' id='word_1_175' title='bbox 3322 1442 3554 1512; x_wconf 77' lang='grc' dir='ltr'><strong>ἐδάκρυε</strong></span> <span class='ocrx_word' id='word_1_176' title='bbox 3603 1439 3713 1509; x_wconf 78' lang='grc' dir='ltr'>γὰρ</span> <span class='ocrx_word' id='word_1_177' title='bbox 3742 1437 3843 1490; x_wconf 70' lang='lat' dir='ltr'><strong>a6-</strong></span> 
     </span>
    </p>
   </div>
   <div class='ocr_carea' id='block_1_28' title="bbox 2258 1546 2848 1617">
    <p class='ocr_par' dir='ltr' id='par_1_28' title="bbox 2258 1546 2848 1617">
     <span class='ocr_line' id='line_1_28' title="bbox 2258 1546 2848 1617; baseline 0 -17"><span class='ocrx_word' id='word_1_178' title='bbox 2258 1548 2406 1611; x_wconf 81' lang='grc' dir='ltr'>τοὺς,</span> <span class='ocrx_word' id='word_1_179' title='bbox 2442 1546 2520 1610; x_wconf 87' lang='grc' dir='ltr'><strong>ὡς</strong></span> <span class='ocrx_word' id='word_1_180' title='bbox 2548 1547 2848 1617; x_wconf 83' lang='grc' dir='ltr'><strong>ὁμογενεῖς.</strong></span> 
     </span>
    </p>
   </div>
   <div class='ocr_carea' id='block_1_29' title="bbox 572 1626 3847 1709">
    <p class='ocr_par' dir='ltr' id='par_1_29' title="bbox 572 1626 3847 1709">
     <span class='ocr_line' id='line_1_29' title="bbox 572 1626 3847 1709; baseline -0.004 -19"><span class='ocrx_word' id='word_1_181' title='bbox 572 1639 785 1691; x_wconf 84' lang='lat' dir='ltr'><strong>tineant</strong></span> <span class='ocrx_word' id='word_1_182' title='bbox 824 1636 891 1690; x_wconf 93' lang='lat' dir='ltr'><strong>ad</strong></span> <span class='ocrx_word' id='word_1_183' title='bbox 930 1634 1166 1698; x_wconf 65' lang='lat' dir='ltr'><strong>Judeos,</strong></span> <span class='ocrx_word' id='word_1_184' title='bbox 1219 1634 1312 1703; x_wconf 86' lang='lat' dir='ltr'><strong>qui</strong></span> <span class='ocrx_word' id='word_1_185' title='bbox 1362 1633 1551 1703; x_wconf 85' lang='lat' dir='ltr'><strong>inique</strong></span> <span class='ocrx_word' id='word_1_186' title='bbox 1596 1642 1824 1703; x_wconf 77' lang='lat' dir='ltr'><strong>agentes</strong></span> <span class='ocrx_word' id='word_1_187' title='bbox 1870 1632 2155 1689; x_wconf 82' lang='lat' dir='ltr'><strong>Christum</strong></span> <span class='ocrx_word' id='word_1_188' title='bbox 2198 1636 2630 1708; x_wconf 88' lang='lat' dir='ltr'><strong>interemerunt;</strong></span> <span class='ocrx_word' id='word_1_189' title='bbox 2664 1642 3001 1709; x_wconf 84' lang='lat' dir='ltr'><strong>lacrymatus</strong></span> <span class='ocrx_word' id='word_1_190' title='bbox 3025 1636 3172 1691; x_wconf 82' lang='lat' dir='ltr'><strong>enim</strong></span> <span class='ocrx_word' id='word_1_191' title='bbox 3213 1644 3301 1690; x_wconf 83' lang='lat' dir='ltr'><strong>est</strong></span> <span class='ocrx_word' id='word_1_192' title='bbox 3348 1626 3616 1686; x_wconf 86' lang='lat' dir='ltr'><strong>Dominus</strong></span> <span class='ocrx_word' id='word_1_193' title='bbox 3681 1630 3847 1694; x_wconf 74' lang='lat' dir='ltr'><strong>super</strong></span> 
     </span>
    </p>
   </div>
   <div class='ocr_carea' id='block_1_30' title="bbox 569 1724 2472 1800">
    <p class='ocr_par' dir='ltr' id='par_1_30' title="bbox 569 1724 2472 1800">
     <span class='ocr_line' id='line_1_30' title="bbox 569 1724 2472 1800; baseline -0.001 -15"><span class='ocrx_word' id='word_1_194' title='bbox 569 1746 687 1795; x_wconf 81' lang='lat' dir='ltr'><strong>eos,</strong></span> <span class='ocrx_word' id='word_1_195' title='bbox 720 1740 980 1800; x_wconf 89' lang='lat' dir='ltr'><strong>tanquam</strong></span> <span class='ocrx_word' id='word_1_196' title='bbox 1015 1745 1180 1799; x_wconf 84' lang='lat' dir='ltr'><strong>super</strong></span> <span class='ocrx_word' id='word_1_197' title='bbox 1210 1736 1500 1798; x_wconf 78' lang='lat' dir='ltr'><strong>cognatos.</strong></span> <span class='ocrx_word' id='word_1_198' title='bbox 1536 1741 1600 1781; x_wconf 84' lang='lat' dir='ltr'><strong>ac</strong></span> <span class='ocrx_word' id='word_1_199' title='bbox 1638 1724 1885 1795; x_wconf 85' lang='lat' dir='ltr'><strong>ejusdem</strong></span> <span class='ocrx_word' id='word_1_200' title='bbox 1938 1726 2155 1795; x_wconf 77' lang='lat' dir='ltr'><strong>generis</strong></span> <span class='ocrx_word' id='word_1_201' title='bbox 2197 1727 2472 1785; x_wconf 75' lang='lat' dir='ltr'><strong>homines.</strong></span> 
     </span>
    </p>
   </div>
   <div class='ocr_carea' id='block_1_31' title="bbox 650 1812 2176 1895">
    <p class='ocr_par' dir='ltr' id='par_1_31' title="bbox 650 1818 2152 1887">
     <span class='ocr_line' id='line_1_31' title="bbox 650 1818 2152 1887; baseline -0.003 -11"><span class='ocrx_word' id='word_1_202' title='bbox 650 1823 809 1876; x_wconf 76' lang='lat' dir='ltr'><strong>Vens.</strong></span> <span class='ocrx_word' id='word_1_203' title='bbox 865 1823 985 1876; x_wconf 74' lang='grc'><strong>137.</strong></span> <span class='ocrx_word' id='word_1_204' title='bbox 1028 1819 1220 1877; x_wconf 75' lang='lat' dir='ltr'><strong>Justus</strong></span> <span class='ocrx_word' id='word_1_205' title='bbox 1263 1837 1340 1884; x_wconf 78' lang='lat' dir='ltr'><strong>es,</strong></span> <span class='ocrx_word' id='word_1_206' title='bbox 1376 1818 1627 1882; x_wconf 85' lang='lat' dir='ltr'><strong>Domine,</strong></span> <span class='ocrx_word' id='word_1_207' title='bbox 1670 1828 1720 1872; x_wconf 87' lang='lat' dir='ltr'><strong>et</strong></span> <span class='ocrx_word' id='word_1_208' title='bbox 1753 1827 1897 1872; x_wconf 85' lang='lat' dir='ltr'><strong>recta</strong></span> <span class='ocrx_word' id='word_1_209' title='bbox 1939 1818 2152 1887; x_wconf 85' lang='lat' dir='ltr'><strong>judicia</strong></span> 
     </span>
    </p>
   </div>
   <div class='ocr_carea' id='block_1_32' title="bbox 2275 1812 3841 1895">
    <p class='ocr_par' dir='ltr' id='par_1_32' title="bbox 2334 1812 3841 1891">
     <span class='ocr_line' id='line_1_32' title="bbox 2334 1812 3841 1891; baseline -0.011 -14"><span class='ocrx_word' id='word_1_210' title='bbox 2334 1826 2576 1891; x_wconf 77' lang='grc' dir='ltr'><strong>Δίκαιος</strong></span> <span class='ocrx_word' id='word_1_211' title='bbox 2614 1820 2690 1889; x_wconf 77' lang='grc' dir='ltr'>εἴ,</span> <span class='ocrx_word' id='word_1_212' title='bbox 2742 1822 2942 1891; x_wconf 82' lang='grc' dir='ltr'>Κύριε,</span> <span class='ocrx_word' id='word_1_213' title='bbox 2977 1817 3077 1875; x_wconf 78' lang='grc' dir='ltr'>καὶ</span> <span class='ocrx_word' id='word_1_214' title='bbox 3107 1814 3302 1882; x_wconf 83' lang='grc' dir='ltr'><strong>εὐθεῒς</strong></span> <span class='ocrx_word' id='word_1_215' title='bbox 3325 1816 3386 1869; x_wconf 88' lang='lat' dir='ltr'><strong>al</strong></span> <span class='ocrx_word' id='word_1_216' title='bbox 3409 1812 3643 1881; x_wconf 80' lang='grc' dir='ltr'><strong>κρίσεις</strong></span> <span class='ocrx_word' id='word_1_217' title='bbox 3705 1821 3841 1864; x_wconf 84' lang='grc' dir='ltr'>σου·</span> 
     </span>
    </p>
   </div>
   <div class='ocr_carea' id='block_1_33' title="bbox 579 1910 2156 1983">
    <p class='ocr_par' dir='ltr' id='par_1_33' title="bbox 579 1910 2156 1983">
     <span class='ocr_line' id='line_1_33' title="bbox 579 1910 2156 1983; baseline -0.001 -16"><span class='ocrx_word' id='word_1_218' title='bbox 579 1927 691 1970; x_wconf 84' lang='lat' dir='ltr'><strong>tua.</strong></span> <span class='ocrx_word' id='word_1_219' title='bbox 727 1914 843 1969; x_wconf 83' lang='lat' dir='ltr'><strong>Hoc</strong></span> <span class='ocrx_word' id='word_1_220' title='bbox 867 1915 1088 1972; x_wconf 81' lang='lat' dir='ltr'><strong>assidue</strong></span> <span class='ocrx_word' id='word_1_221' title='bbox 1120 1914 1386 1983; x_wconf 79' lang='lat' dir='ltr'><strong>cogitare,</strong></span> <span class='ocrx_word' id='word_1_222' title='bbox 1422 1912 1627 1977; x_wconf 84' lang='lat' dir='ltr'><strong>dicere,</strong></span> <span class='ocrx_word' id='word_1_223' title='bbox 1657 1910 1883 1965; x_wconf 87' lang='lat' dir='ltr'><strong>credere</strong></span> <span class='ocrx_word' id='word_1_224' title='bbox 1937 1920 1992 1964; x_wconf 90' lang='lat' dir='ltr'><strong>ct</strong></span> <span class='ocrx_word' id='word_1_225' title='bbox 2020 1924 2156 1965; x_wconf 82' lang='lat' dir='ltr'><strong>eon-</strong></span> 
     </span>
    </p>
   </div>
   <div class='ocr_carea' id='block_1_34' title="bbox 577 2007 1143 2075">
    <p class='ocr_par' dir='ltr' id='par_1_34' title="bbox 577 2007 1143 2075">
     <span class='ocr_line' id='line_1_34' title="bbox 577 2007 1143 2075; baseline -0.004 -16"><span class='ocrx_word' id='word_1_226' title='bbox 577 2007 718 2062; x_wconf 79' lang='lat' dir='ltr'><strong>Iilcri</strong></span> <span class='ocrx_word' id='word_1_227' title='bbox 748 2009 1013 2075; x_wconf 84' lang='lat' dir='ltr'><strong>optimum</strong></span> <span class='ocrx_word' id='word_1_228' title='bbox 1038 2017 1143 2062; x_wconf 87' lang='lat' dir='ltr'><strong>est.</strong></span> 
     </span>
    </p>
   </div>
   <div class='ocr_carea' id='block_1_35' title="bbox 648 2094 2162 2166">
    <p class='ocr_par' dir='ltr' id='par_1_35' title="bbox 648 2094 2162 2166">
     <span class='ocr_line' id='line_1_35' title="bbox 648 2094 2162 2166; baseline -0.006 -13"><span class='ocrx_word' id='word_1_229' title='bbox 648 2097 815 2153; x_wconf 73' lang='lat' dir='ltr'><strong>Vens.</strong></span> <span class='ocrx_word' id='word_1_230' title='bbox 855 2099 977 2154; x_wconf 74' lang='grc'><strong>158.</strong></span> <span class='ocrx_word' id='word_1_231' title='bbox 1008 2098 1284 2152; x_wconf 81' lang='lat' dir='ltr'><strong>Mandasti</strong></span> <span class='ocrx_word' id='word_1_232' title='bbox 1306 2098 1580 2166; x_wconf 79' lang='lat' dir='ltr'><strong>justitiam</strong></span> <span class='ocrx_word' id='word_1_233' title='bbox 1612 2094 1916 2148; x_wconf 78' lang='lat' dir='ltr'><strong>testimonia</strong></span> <span class='ocrx_word' id='word_1_234' title='bbox 1964 2102 2079 2158; x_wconf 84' lang='lat' dir='ltr'><strong>tua,</strong></span> <span class='ocrx_word' id='word_1_235' title='bbox 2111 2100 2162 2146; x_wconf 84' lang='lat' dir='ltr'><strong>et</strong></span> 
     </span>
    </p>
   </div>
   <div class='ocr_carea' id='block_1_36' title="bbox 579 2187 2161 2257">
    <p class='ocr_par' dir='ltr' id='par_1_36' title="bbox 579 2187 2161 2257">
     <span class='ocr_line' id='line_1_36' title="bbox 579 2187 2161 2257; baseline -0.006 -9"><span class='ocrx_word' id='word_1_236' title='bbox 579 2194 856 2247; x_wconf 75' lang='lat' dir='ltr'><strong>ueritatem</strong></span> <span class='ocrx_word' id='word_1_237' title='bbox 886 2203 1031 2247; x_wconf 87' lang='lat' dir='ltr'><strong>tuam</strong></span> <span class='ocrx_word' id='word_1_238' title='bbox 1062 2193 1234 2247; x_wconf 83' lang='lat' dir='ltr'><strong>valde.</strong></span> <span class='ocrx_word' id='word_1_239' title='bbox 1278 2190 1545 2244; x_wconf 84' lang='lat' dir='ltr'><strong>Maudasli</strong></span> <span class='ocrx_word' id='word_1_240' title='bbox 1578 2204 1643 2244; x_wconf 83' lang='lat' dir='ltr'><strong>ea</strong></span> <span class='ocrx_word' id='word_1_241' title='bbox 1673 2187 1848 2252; x_wconf 87' lang='lat' dir='ltr'><strong>valde,</strong></span> <span class='ocrx_word' id='word_1_242' title='bbox 1890 2187 2161 2257; x_wconf 79' lang='lat' dir='ltr'><strong>justitiam</strong></span> 
     </span>
    </p>
   </div>
   <div class='ocr_carea' id='block_1_37' title="bbox 582 2280 2164 2351">
    <p class='ocr_par' dir='ltr' id='par_1_37' title="bbox 582 2280 2164 2351">
     <span class='ocr_line' id='line_1_37' title="bbox 582 2280 2164 2351; baseline -0.004 -12"><span class='ocrx_word' id='word_1_243' title='bbox 582 2287 843 2341; x_wconf 85' lang='lat' dir='ltr'><strong>nimirum</strong></span> <span class='ocrx_word' id='word_1_244' title='bbox 872 2299 926 2341; x_wconf 87' lang='lat' dir='ltr'><strong>et</strong></span> <span class='ocrx_word' id='word_1_245' title='bbox 960 2286 1269 2342; x_wconf 85' lang='lat' dir='ltr'><strong>veritatem.</strong></span> <span class='ocrx_word' id='word_1_246' title='bbox 1296 2283 1416 2351; x_wconf 79' lang='lat' dir='ltr'><strong>Vcl,</strong></span> <span class='ocrx_word' id='word_1_247' title='bbox 1451 2281 1722 2337; x_wconf 88' lang='lat' dir='ltr'><strong>mandasti</strong></span> <span class='ocrx_word' id='word_1_248' title='bbox 1755 2297 1818 2336; x_wconf 86' lang='lat' dir='ltr'><strong>ea</strong></span> <span class='ocrx_word' id='word_1_249' title='bbox 1843 2280 2164 2337; x_wconf 82' lang='lat' dir='ltr'><strong>testimonia</strong></span> 
     </span>
    </p>
   </div>
   <div class='ocr_carea' id='block_1_38' title="bbox 580 2372 2164 2451">
    <p class='ocr_par' dir='ltr' id='par_1_38' title="bbox 580 2372 2164 2451">
     <span class='ocr_line' id='line_1_38' title="bbox 580 2372 2164 2451; baseline -0.004 -21"><span class='ocrx_word' id='word_1_250' title='bbox 580 2381 885 2444; x_wconf 79' lang='lat' dir='ltr'><strong>observari,</strong></span> <span class='ocrx_word' id='word_1_251' title='bbox 918 2391 976 2435; x_wconf 92' lang='lat' dir='ltr'><strong>ut</strong></span> <span class='ocrx_word' id='word_1_252' title='bbox 1001 2381 1157 2436; x_wconf 86' lang='lat' dir='ltr'><strong>valde</strong></span> <span class='ocrx_word' id='word_1_253' title='bbox 1183 2379 1354 2451; x_wconf 85' lang='lat' dir='ltr'><strong>justa,</strong></span> <span class='ocrx_word' id='word_1_254' title='bbox 1377 2391 1431 2433; x_wconf 84' lang='lat' dir='ltr'><strong>et</strong></span> <span class='ocrx_word' id='word_1_255' title='bbox 1456 2376 1614 2432; x_wconf 88' lang='lat' dir='ltr'><strong>valde</strong></span> <span class='ocrx_word' id='word_1_256' title='bbox 1645 2390 1793 2431; x_wconf 87' lang='lat' dir='ltr'><strong>vera.</strong></span> <span class='ocrx_word' id='word_1_257' title='bbox 1824 2373 1931 2427; x_wconf 83' lang='lat' dir='ltr'><strong>Lex</strong></span> <span class='ocrx_word' id='word_1_258' title='bbox 1960 2372 2164 2427; x_wconf 82' lang='lat' dir='ltr'><strong>etenim</strong></span> 
     </span>
    </p>
   </div>
   <div class='ocr_carea' id='block_1_39' title="bbox 581 2465 2167 2544">
    <p class='ocr_par' dir='ltr' id='par_1_39' title="bbox 581 2465 2167 2544">
     <span class='ocr_line' id='line_1_39' title="bbox 581 2465 2167 2544; baseline -0.004 -18"><span class='ocrx_word' id='word_1_259' title='bbox 581 2474 713 2540; x_wconf 76' lang='lat' dir='ltr'><strong>tua,</strong></span> <span class='ocrx_word' id='word_1_260' title='bbox 749 2475 897 2544; x_wconf 86' lang='lat' dir='ltr'><strong>quod</strong></span> <span class='ocrx_word' id='word_1_261' title='bbox 938 2476 1146 2544; x_wconf 87' lang='lat' dir='ltr'><strong>justum</strong></span> <span class='ocrx_word' id='word_1_262' title='bbox 1191 2485 1296 2537; x_wconf 80' lang='lat' dir='ltr'><strong>est,</strong></span> <span class='ocrx_word' id='word_1_263' title='bbox 1343 2473 1601 2527; x_wconf 89' lang='lat' dir='ltr'><strong>omnibus</strong></span> <span class='ocrx_word' id='word_1_264' title='bbox 1635 2470 1914 2533; x_wconf 88' lang='lat' dir='ltr'><strong>retribuit,</strong></span> <span class='ocrx_word' id='word_1_265' title='bbox 1950 2478 2059 2522; x_wconf 86' lang='lat' dir='ltr'><strong>tam</strong></span> <span class='ocrx_word' id='word_1_266' title='bbox 2100 2465 2167 2520; x_wconf 90' lang='lat' dir='ltr'><strong>iis</strong></span> 
     </span>
    </p>
   </div>
   <div class='ocr_carea' id='block_1_40' title="bbox 583 2565 2168 2639">
    <p class='ocr_par' dir='ltr' id='par_1_40' title="bbox 583 2565 2168 2639">
     <span class='ocr_line' id='line_1_40' title="bbox 583 2565 2168 2639; baseline -0.006 -19"><span class='ocrx_word' id='word_1_267' title='bbox 583 2567 678 2637; x_wconf 86' lang='lat' dir='ltr'><strong>qui</strong></span> <span class='ocrx_word' id='word_1_268' title='bbox 718 2578 865 2625; x_wconf 89' lang='lat' dir='ltr'><strong>recte</strong></span> <span class='ocrx_word' id='word_1_269' title='bbox 893 2577 1082 2639; x_wconf 80' lang='lat' dir='ltr'><strong>agunt,</strong></span> <span class='ocrx_word' id='word_1_270' title='bbox 1114 2583 1277 2637; x_wconf 88' lang='lat' dir='ltr'><strong>quam</strong></span> <span class='ocrx_word' id='word_1_271' title='bbox 1319 2567 1385 2622; x_wconf 88' lang='lat' dir='ltr'><strong>iis</strong></span> <span class='ocrx_word' id='word_1_272' title='bbox 1416 2565 1511 2636; x_wconf 90' lang='lat' dir='ltr'><strong>qui</strong></span> <span class='ocrx_word' id='word_1_273' title='bbox 1544 2579 1654 2619; x_wconf 88' lang='lat' dir='ltr'><strong>non</strong></span> <span class='ocrx_word' id='word_1_274' title='bbox 1702 2573 1890 2627; x_wconf 86' lang='lat' dir='ltr'><strong>recte;</strong></span> <span class='ocrx_word' id='word_1_275' title='bbox 1917 2570 1972 2616; x_wconf 90' lang='lat' dir='ltr'><strong>et</strong></span> <span class='ocrx_word' id='word_1_276' title='bbox 2002 2573 2168 2614; x_wconf 72' lang='lat' dir='ltr'><strong>verax</strong></span> 
     </span>
    </p>
   </div>
   <div class='ocr_carea' id='block_1_41' title="bbox 585 2658 1610 2731">
    <p class='ocr_par' dir='ltr' id='par_1_41' title="bbox 585 2658 1610 2731">
     <span class='ocr_line' id='line_1_41' title="bbox 585 2658 1610 2731; baseline -0.009 -11"><span class='ocrx_word' id='word_1_277' title='bbox 585 2664 750 2719; x_wconf 87' lang='lat' dir='ltr'><strong>etiam</strong></span> <span class='ocrx_word' id='word_1_278' title='bbox 777 2672 863 2718; x_wconf 89' lang='lat' dir='ltr'><strong>est</strong></span> <span class='ocrx_word' id='word_1_279' title='bbox 892 2663 944 2714; x_wconf 91' lang='lat' dir='ltr'><strong>in</strong></span> <span class='ocrx_word' id='word_1_280' title='bbox 976 2660 1432 2731; x_wconf 87' lang='lat' dir='ltr'><strong>promissionibus</strong></span> <span class='ocrx_word' id='word_1_281' title='bbox 1463 2658 1610 2712; x_wconf 81' lang='lat' dir='ltr'><strong>Suis.</strong></span> 
     </span>
    </p>
   </div>
   <div class='ocr_carea' id='block_1_42' title="bbox 658 2742 2172 2815">
    <p class='ocr_par' dir='ltr' id='par_1_42' title="bbox 658 2742 2172 2815">
     <span class='ocr_line' id='line_1_42' title="bbox 658 2742 2172 2815; baseline -0.009 -8"><span class='ocrx_word' id='word_1_282' title='bbox 658 2750 824 2807; x_wconf 72' lang='lat' dir='ltr'><strong>Vnus.</strong></span> <span class='ocrx_word' id='word_1_283' title='bbox 858 2751 981 2806; x_wconf 80' lang='grc'>159.</span> <span class='ocrx_word' id='word_1_284' title='bbox 1016 2749 1301 2803; x_wconf 80' lang='lat' dir='ltr'><strong>Tabescere</strong></span> <span class='ocrx_word' id='word_1_285' title='bbox 1342 2764 1421 2801; x_wconf 81' lang='lat' dir='ltr'><strong>me</strong></span> <span class='ocrx_word' id='word_1_286' title='bbox 1468 2747 1588 2815; x_wconf 86' lang='lat' dir='ltr'><strong>fecit</strong></span> <span class='ocrx_word' id='word_1_287' title='bbox 1638 2744 1779 2799; x_wconf 77' lang='lat' dir='ltr'><strong>zelus</strong></span> <span class='ocrx_word' id='word_1_288' title='bbox 1824 2760 1970 2797; x_wconf 73' lang='lat' dir='ltr'><strong>meus</strong></span> <span class='ocrx_word' id='word_1_289' title='bbox 1996 2784 2010 2807; x_wconf 94' lang='lat'><strong>,</strong></span> <span class='ocrx_word' id='word_1_290' title='bbox 2044 2742 2172 2812; x_wconf 84' lang='lat' dir='ltr'><strong>quia</strong></span> 
     </span>
    </p>
   </div>
   <div class='ocr_carea' id='block_1_43' title="bbox 587 2836 2173 2906">
    <p class='ocr_par' dir='ltr' id='par_1_43' title="bbox 587 2836 2173 2906">
     <span class='ocr_line' id='line_1_43' title="bbox 587 2836 2173 2906; baseline -0.008 -7"><span class='ocrx_word' id='word_1_291' title='bbox 587 2847 740 2900; x_wconf 82' lang='lat' dir='ltr'><strong>obliti</strong></span> <span class='ocrx_word' id='word_1_292' title='bbox 777 2855 897 2897; x_wconf 76' lang='lat' dir='ltr'><strong>sunt</strong></span> <span class='ocrx_word' id='word_1_293' title='bbox 928 2844 1084 2897; x_wconf 85' lang='lat' dir='ltr'><strong>verba</strong></span> <span class='ocrx_word' id='word_1_294' title='bbox 1108 2851 1201 2895; x_wconf 86' lang='lat' dir='ltr'><strong>tua</strong></span> <span class='ocrx_word' id='word_1_295' title='bbox 1232 2841 1437 2894; x_wconf 86' lang='lat' dir='ltr'><strong>inimici</strong></span> <span class='ocrx_word' id='word_1_296' title='bbox 1462 2840 1584 2893; x_wconf 85' lang='lat' dir='ltr'><strong>mei.</strong></span> <span class='ocrx_word' id='word_1_297' title='bbox 1616 2836 1780 2892; x_wconf 84' lang='lat' dir='ltr'><strong>Zelus</strong></span> <span class='ocrx_word' id='word_1_298' title='bbox 1809 2853 1918 2906; x_wconf 88' lang='lat' dir='ltr'><strong>quo</strong></span> <span class='ocrx_word' id='word_1_299' title='bbox 1952 2845 2173 2905; x_wconf 85' lang='lat' dir='ltr'><strong>prOpter</strong></span> 
     </span>
    </p>
   </div>
   <div class='ocr_carea' id='block_1_44' title="bbox 590 2929 2168 3006">
    <p class='ocr_par' dir='ltr' id='par_1_44' title="bbox 590 2929 2168 3006">
     <span class='ocr_line' id='line_1_44' title="bbox 590 2929 2168 3006; baseline -0.008 -14"><span class='ocrx_word' id='word_1_300' title='bbox 590 2951 643 2994; x_wconf 84' lang='lat' dir='ltr'><strong>te</strong></span> <span class='ocrx_word' id='word_1_301' title='bbox 677 2938 972 3001; x_wconf 82' lang='lat' dir='ltr'><strong>accendor,</strong></span> <span class='ocrx_word' id='word_1_302' title='bbox 1008 2934 1153 3006; x_wconf 86' lang='lat' dir='ltr'><strong>quod</strong></span> <span class='ocrx_word' id='word_1_303' title='bbox 1195 2935 1262 2989; x_wconf 89' lang='lat' dir='ltr'><strong>ab</strong></span> <span class='ocrx_word' id='word_1_304' title='bbox 1293 2935 1372 2989; x_wconf 77' lang='lat' dir='ltr'><strong>eis</strong></span> <span class='ocrx_word' id='word_1_305' title='bbox 1399 2932 1718 3003; x_wconf 86' lang='lat' dir='ltr'><strong>spcrnaris;</strong></span> <span class='ocrx_word' id='word_1_306' title='bbox 1752 2931 1836 2985; x_wconf 91' lang='lat' dir='ltr'><strong>vel</strong></span> <span class='ocrx_word' id='word_1_307' title='bbox 1887 2929 2034 2998; x_wconf 81' lang='lat' dir='ltr'><strong>justa</strong></span> <span class='ocrx_word' id='word_1_308' title='bbox 2068 2929 2168 2993; x_wconf 89' lang='lat' dir='ltr'><strong>ira,</strong></span> 
     </span>
    </p>
   </div>
   <div class='ocr_carea' id='block_1_45' title="bbox 591 3025 2172 3102">
    <p class='ocr_par' dir='ltr' id='par_1_45' title="bbox 591 3025 2172 3102">
     <span class='ocr_line' id='line_1_45' title="bbox 591 3025 2172 3102; baseline -0.008 -16"><span class='ocrx_word' id='word_1_309' title='bbox 591 3048 700 3100; x_wconf 86' lang='lat' dir='ltr'><strong>qua</strong></span> <span class='ocrx_word' id='word_1_310' title='bbox 730 3047 831 3102; x_wconf 86' lang='lat' dir='ltr'><strong>pro</strong></span> <span class='ocrx_word' id='word_1_311' title='bbox 859 3040 911 3086; x_wconf 90' lang='lat' dir='ltr'><strong>te</strong></span> <span class='ocrx_word' id='word_1_312' title='bbox 941 3044 1315 3093; x_wconf 81' lang='lat' dir='ltr'><strong>commoveor,</strong></span> <span class='ocrx_word' id='word_1_313' title='bbox 1348 3026 1497 3096; x_wconf 85' lang='lat' dir='ltr'><strong>quod</strong></span> <span class='ocrx_word' id='word_1_314' title='bbox 1526 3025 1908 3079; x_wconf 80' lang='lat' dir='ltr'><strong>mandatorum</strong></span> <span class='ocrx_word' id='word_1_315' title='bbox 1954 3033 2172 3076; x_wconf 85' lang='lat' dir='ltr'><strong>tuorum</strong></span> 
     </span>
    </p>
   </div>
   <div class='ocr_carea' id='block_1_46' title="bbox 591 3117 2171 3193">
    <p class='ocr_par' dir='ltr' id='par_1_46' title="bbox 591 3117 2171 3193">
     <span class='ocr_line' id='line_1_46' title="bbox 591 3117 2171 3193; baseline -0.006 -14"><span class='ocrx_word' id='word_1_316' title='bbox 591 3126 750 3179; x_wconf 81' lang='lat' dir='ltr'><strong>obliti</strong></span> <span class='ocrx_word' id='word_1_317' title='bbox 796 3134 944 3184; x_wconf 82' lang='lat' dir='ltr'><strong>sunt.</strong></span> <span class='ocrx_word' id='word_1_318' title='bbox 986 3124 1242 3193; x_wconf 83' lang='lat' dir='ltr'><strong>quodque</strong></span> <span class='ocrx_word' id='word_1_319' title='bbox 1276 3137 1303 3174; x_wconf 86' lang='lat' dir='ltr'><strong>a</strong></span> <span class='ocrx_word' id='word_1_320' title='bbox 1340 3120 1510 3175; x_wconf 86' lang='lat' dir='ltr'><strong>veteri</strong></span> <span class='ocrx_word' id='word_1_321' title='bbox 1546 3117 1897 3173; x_wconf 67' lang='lat' dir='ltr'><strong>meditatione</strong></span> <span class='ocrx_word' id='word_1_322' title='bbox 1944 3133 2045 3171; x_wconf 90' lang='lat' dir='ltr'><strong>sua</strong></span> <span class='ocrx_word' id='word_1_323' title='bbox 2082 3132 2171 3170; x_wconf 86' lang='lat' dir='ltr'><strong>re-</strong></span> 
     </span>
    </p>
   </div>
   <div class='ocr_carea' id='block_1_47' title="bbox 595 3194 2246 3281">
    <p class='ocr_par' dir='ltr' id='par_1_47' title="bbox 595 3194 2246 3281">
     <span class='ocr_line' id='line_1_47' title="bbox 595 3194 2246 3281; baseline -0.007 -8"><span class='ocrx_word' id='word_1_324' title='bbox 595 3226 883 3273; x_wconf 86' lang='lat' dir='ltr'><strong>cesserunt</strong></span> <span class='ocrx_word' id='word_1_325' title='bbox 912 3217 1118 3271; x_wconf 86' lang='lat' dir='ltr'><strong>inimici</strong></span> <span class='ocrx_word' id='word_1_326' title='bbox 1151 3216 1227 3268; x_wconf 89' lang='lat' dir='ltr'><strong>illi</strong></span> <span class='ocrx_word' id='word_1_327' title='bbox 1275 3215 1402 3278; x_wconf 89' lang='lat' dir='ltr'><strong>mei,</strong></span> <span class='ocrx_word' id='word_1_328' title='bbox 1440 3213 1531 3281; x_wconf 92' lang='lat' dir='ltr'><strong>qui</strong></span> <span class='ocrx_word' id='word_1_329' title='bbox 1581 3211 1654 3267; x_wconf 90' lang='lat' dir='ltr'><strong>ob</strong></span> <span class='ocrx_word' id='word_1_330' title='bbox 1696 3213 1948 3266; x_wconf 85' lang='lat' dir='ltr'><strong>ardorem</strong></span> <span class='ocrx_word' id='word_1_331' title='bbox 2001 3209 2169 3262; x_wconf 89' lang='lat' dir='ltr'><strong>animi</strong></span> <span class='ocrx_word' id='word_1_332' title='bbox 2200 3194 2246 3254; x_wconf 82' lang='lat' dir='ltr'><strong><em>C</em></strong></span> 
     </span>
    </p>
   </div>
   <div class='ocr_carea' id='block_1_48' title="bbox 593 3304 1563 3383">
    <p class='ocr_par' dir='ltr' id='par_1_48' title="bbox 593 3304 1563 3383">
     <span class='ocr_line' id='line_1_48' title="bbox 593 3304 1563 3383; baseline -0.006 -22"><span class='ocrx_word' id='word_1_333' title='bbox 593 3312 652 3383; x_wconf 91' lang='lat' dir='ltr'><strong>_in</strong></span> <span class='ocrx_word' id='word_1_334' title='bbox 682 3316 733 3362; x_wconf 86' lang='lat' dir='ltr'><strong>te</strong></span> <span class='ocrx_word' id='word_1_335' title='bbox 766 3322 972 3371; x_wconf 87' lang='lat' dir='ltr'><strong>meum,</strong></span> <span class='ocrx_word' id='word_1_336' title='bbox 1011 3307 1141 3359; x_wconf 83' lang='lat' dir='ltr'><strong>milii</strong></span> <span class='ocrx_word' id='word_1_337' title='bbox 1173 3304 1376 3359; x_wconf 80' lang='lat' dir='ltr'><strong>infensi</strong></span> <span class='ocrx_word' id='word_1_338' title='bbox 1411 3313 1563 3359; x_wconf 89' lang='lat' dir='ltr'><strong>sunt.</strong></span> 
     </span>
    </p>
   </div>
   <div class='ocr_carea' id='block_1_49' title="bbox 672 3393 2171 3468">
    <p class='ocr_par' dir='ltr' id='par_1_49' title="bbox 672 3393 2171 3468">
     <span class='ocr_line' id='line_1_49' title="bbox 672 3393 2171 3468; baseline -0.005 -17"><span class='ocrx_word' id='word_1_339' title='bbox 672 3398 835 3453; x_wconf 64' lang='lat' dir='ltr'><strong>Vnus.</strong></span> <span class='ocrx_word' id='word_1_340' title='bbox 872 3399 996 3453; x_wconf 77' lang='lat' dir='ltr'><strong>MO.</strong></span> <span class='ocrx_word' id='word_1_341' title='bbox 1043 3396 1276 3468; x_wconf 80' lang='lat' dir='ltr'><strong>Ignitum</strong></span> <span class='ocrx_word' id='word_1_342' title='bbox 1319 3395 1586 3466; x_wconf 78' lang='lat' dir='ltr'><strong>eloquium</strong></span> <span class='ocrx_word' id='word_1_343' title='bbox 1635 3402 1781 3446; x_wconf 87' lang='lat' dir='ltr'><strong>tuum</strong></span> <span class='ocrx_word' id='word_1_344' title='bbox 1827 3393 2171 3458; x_wconf 80' lang='lat' dir='ltr'><strong>vehementer,</strong></span> 
     </span>
    </p>
   </div>
   <div class='ocr_carea' id='block_1_50' title="bbox 594 3484 2177 3554">
    <p class='ocr_par' dir='ltr' id='par_1_50' title="bbox 594 3484 2177 3554">
     <span class='ocr_line' id='line_1_50' title="bbox 594 3484 2177 3554; baseline -0.006 -8"><span class='ocrx_word' id='word_1_345' title='bbox 594 3504 645 3546; x_wconf 87' lang='lat' dir='ltr'><strong>et</strong></span> <span class='ocrx_word' id='word_1_346' title='bbox 684 3508 860 3547; x_wconf 76' lang='lat' dir='ltr'><strong>servus</strong></span> <span class='ocrx_word' id='word_1_347' title='bbox 894 3506 1014 3545; x_wconf 85' lang='lat' dir='ltr'><strong>tuus</strong></span> <span class='ocrx_word' id='word_1_348' title='bbox 1037 3491 1223 3543; x_wconf 75' lang='lat' dir='ltr'><strong>dilexit</strong></span> <span class='ocrx_word' id='word_1_349' title='bbox 1255 3488 1409 3542; x_wconf 87' lang='lat' dir='ltr'><strong>illud.</strong></span> <span class='ocrx_word' id='word_1_350' title='bbox 1431 3486 1754 3545; x_wconf 81' lang='lat' dir='ltr'><strong>Purissima.</strong></span> <span class='ocrx_word' id='word_1_351' title='bbox 1785 3484 1983 3554; x_wconf 88' lang='lat' dir='ltr'><strong>inquit,</strong></span> <span class='ocrx_word' id='word_1_352' title='bbox 2012 3492 2177 3551; x_wconf 85' lang='lat' dir='ltr'><strong>atque</strong></span> 
     </span>
    </p>
   </div>
   <div class='ocr_carea' id='block_1_51' title="bbox 596 3576 2176 3650">
    <p class='ocr_par' dir='ltr' id='par_1_51' title="bbox 596 3576 2176 3650">
     <span class='ocr_line' id='line_1_51' title="bbox 596 3576 2176 3650; baseline -0.007 -10"><span class='ocrx_word' id='word_1_353' title='bbox 596 3586 951 3641; x_wconf 86' lang='lat' dir='ltr'><strong>immaculata</strong></span> <span class='ocrx_word' id='word_1_354' title='bbox 1002 3595 1078 3639; x_wconf 79' lang='lat' dir='ltr'><strong>csl</strong></span> <span class='ocrx_word' id='word_1_355' title='bbox 1133 3585 1218 3637; x_wconf 76' lang='lat' dir='ltr'><strong>lex</strong></span> <span class='ocrx_word' id='word_1_356' title='bbox 1275 3594 1402 3644; x_wconf 84' lang='lat' dir='ltr'><strong>tua,</strong></span> <span class='ocrx_word' id='word_1_357' title='bbox 1451 3580 1608 3650; x_wconf 78' lang='lat' dir='ltr'><strong>quasi</strong></span> <span class='ocrx_word' id='word_1_358' title='bbox 1660 3594 1852 3633; x_wconf 85' lang='lat' dir='ltr'><strong>aurum</strong></span> <span class='ocrx_word' id='word_1_359' title='bbox 1905 3576 2176 3646; x_wconf 80' lang='lat' dir='ltr'><strong>quoddam</strong></span> 
     </span>
    </p>
   </div>
   <div class='ocr_carea' id='block_1_52' title="bbox 600 3670 2179 3748">
    <p class='ocr_par' dir='ltr' id='par_1_52' title="bbox 600 3670 2179 3748">
     <span class='ocr_line' id='line_1_52' title="bbox 600 3670 2179 3748; baseline -0.011 -15"><span class='ocrx_word' id='word_1_360' title='bbox 600 3681 833 3748; x_wconf 73' lang='lat' dir='ltr'><strong>ignitum</strong></span> <span class='ocrx_word' id='word_1_361' title='bbox 869 3686 1037 3746; x_wconf 81' lang='lat' dir='ltr'><strong>atque</strong></span> <span class='ocrx_word' id='word_1_362' title='bbox 1087 3676 1210 3743; x_wconf 66' lang='lat' dir='ltr'><strong>igne</strong></span> <span class='ocrx_word' id='word_1_363' title='bbox 1241 3674 1639 3728; x_wconf 81' lang='lat' dir='ltr'><strong>examinatum.</strong></span> <span class='ocrx_word' id='word_1_364' title='bbox 1683 3670 1925 3723; x_wconf 82' lang='lat' dir='ltr'><strong>Similem</strong></span> <span class='ocrx_word' id='word_1_365' title='bbox 1958 3676 2179 3720; x_wconf 83' lang='lat' dir='ltr'><strong>senten-</strong></span> 
     </span>
    </p>
   </div>
   <div class='ocr_carea' id='block_1_53' title="bbox 602 3760 2180 3835">
    <p class='ocr_par' dir='ltr' id='par_1_53' title="bbox 602 3760 2180 3835">
     <span class='ocr_line' id='line_1_53' title="bbox 602 3760 2180 3835; baseline -0.01 -9"><span class='ocrx_word' id='word_1_366' title='bbox 602 3775 734 3827; x_wconf 86' lang='lat' dir='ltr'><strong>tiam</strong></span> <span class='ocrx_word' id='word_1_367' title='bbox 772 3772 1067 3826; x_wconf 81' lang='lat' dir='ltr'><strong>habuimus</strong></span> <span class='ocrx_word' id='word_1_368' title='bbox 1105 3769 1155 3821; x_wconf 91' lang='lat' dir='ltr'><strong>iu</strong></span> <span class='ocrx_word' id='word_1_369' title='bbox 1206 3767 1415 3835; x_wconf 81' lang='lat' dir='ltr'><strong>psalmo</strong></span> <span class='ocrx_word' id='word_1_370' title='bbox 1460 3763 1772 3826; x_wconf 88' lang='lat' dir='ltr'><strong>undecimo,</strong></span> <span class='ocrx_word' id='word_1_371' title='bbox 1808 3762 1878 3816; x_wconf 90' lang='lat' dir='ltr'><strong>ibi</strong></span> <span class='ocrx_word' id='word_1_372' title='bbox 1910 3780 1922 3815; x_wconf 90' lang='lat'><strong>:</strong></span> <span class='ocrx_word' id='word_1_373' title='bbox 1952 3760 2180 3831; x_wconf 84' lang='lat' dir='ltr'><strong>Eloquia</strong></span> 
     </span>
    </p>
   </div>
   <div class='ocr_carea' id='block_1_54' title="bbox 602 3851 2176 3931">
    <p class='ocr_par' dir='ltr' id='par_1_54' title="bbox 602 3851 2176 3931">
     <span class='ocr_line' id='line_1_54' title="bbox 602 3851 2176 3931; baseline -0.008 -14"><span class='ocrx_word' id='word_1_374' title='bbox 602 3864 842 3927; x_wconf 81' lang='lat' dir='ltr'><strong>Domini,</strong></span> <span class='ocrx_word' id='word_1_375' title='bbox 886 3863 1092 3931; x_wconf 81' lang='lat' dir='ltr'><strong>eloquia</strong></span> <span class='ocrx_word' id='word_1_376' title='bbox 1143 3867 1330 3922; x_wconf 79' lang='lat' dir='ltr'><strong>casta,</strong></span> <span class='ocrx_word' id='word_1_377' title='bbox 1366 3863 1643 3926; x_wconf 83' lang='lat' dir='ltr'><strong>argentum</strong></span> <span class='ocrx_word' id='word_1_378' title='bbox 1688 3852 1912 3922; x_wconf 86' lang='lat' dir='ltr'><strong>ignitum</strong></span> <span class='ocrx_word' id='word_1_379' title='bbox 1967 3851 2176 3923; x_wconf 76' lang='lat' dir='ltr'><strong>(eadem</strong></span> 
     </span>
    </p>
   </div>
   <div class='ocr_carea' id='block_1_55' title="bbox 603 3943 2180 4017">
    <p class='ocr_par' dir='ltr' id='par_1_55' title="bbox 603 3943 2180 4017">
     <span class='ocr_line' id='line_1_55' title="bbox 603 3943 2180 4017; baseline -0.006 -12"><span class='ocrx_word' id='word_1_380' title='bbox 603 3956 749 4007; x_wconf 83' lang='lat' dir='ltr'><strong>cnim</strong></span> <span class='ocrx_word' id='word_1_381' title='bbox 786 3954 955 4007; x_wconf 83' lang='lat' dir='ltr'><strong>dictio</strong></span> <span class='ocrx_word' id='word_1_382' title='bbox 987 3948 1279 4017; x_wconf 85' lang='lat' dir='ltr'><strong>utrobique</strong></span> <span class='ocrx_word' id='word_1_383' title='bbox 1310 3956 1394 4001; x_wconf 88' lang='lat' dir='ltr'><strong>est</strong></span> <span class='ocrx_word' id='word_1_384' title='bbox 1441 3946 1495 3999; x_wconf 92' lang='lat' dir='ltr'><strong>in</strong></span> <span class='ocrx_word' id='word_1_385' title='bbox 1529 3943 1718 3998; x_wconf 68' lang='lat' dir='ltr'><strong>Grazca</strong></span> <span class='ocrx_word' id='word_1_386' title='bbox 1763 3943 2020 4005; x_wconf 84' lang='lat' dir='ltr'><strong>lectione,</strong></span> <span class='ocrx_word' id='word_1_387' title='bbox 2058 3957 2180 4009; x_wconf 71' lang='lat' dir='ltr'><strong>qua:</strong></span> 
     </span>
    </p>
   </div>
   <div class='ocr_carea' id='block_1_56' title="bbox 2259 1903 3842 1984">
    <p class='ocr_par' dir='ltr' id='par_1_56' title="bbox 2259 1903 3842 1984">
     <span class='ocr_line' id='line_1_56' title="bbox 2259 1903 3842 1984; baseline -0.012 -10"><span class='ocrx_word' id='word_1_388' title='bbox 2259 1919 2433 1974; x_wconf 86' lang='grc' dir='ltr'>Τοῦτο</span> <span class='ocrx_word' id='word_1_389' title='bbox 2454 1920 2554 1973; x_wconf 77' lang='grc' dir='ltr'>καὶ</span> <span class='ocrx_word' id='word_1_390' title='bbox 2578 1920 2741 1984; x_wconf 83' lang='grc' dir='ltr'>νοεῖν,</span> <span class='ocrx_word' id='word_1_391' title='bbox 2779 1917 2872 1971; x_wconf 72' lang='grc' dir='ltr'>καὶ</span> <span class='ocrx_word' id='word_1_392' title='bbox 2894 1914 3077 1983; x_wconf 78' lang='grc' dir='ltr'>λέγειν</span> <span class='ocrx_word' id='word_1_393' title='bbox 3100 1912 3193 1967; x_wconf 76' lang='grc' dir='ltr'><strong>ἀεὶ</strong></span> <span class='ocrx_word' id='word_1_394' title='bbox 3212 1910 3398 1975; x_wconf 75' lang='grc' dir='ltr'>καλὸν,</span> <span class='ocrx_word' id='word_1_395' title='bbox 3428 1907 3521 1961; x_wconf 74' lang='grc' dir='ltr'>καὶ</span> <span class='ocrx_word' id='word_1_396' title='bbox 3543 1903 3842 1965; x_wconf 79' lang='grc' dir='ltr'>πιστεύειν,</span> 
     </span>
    </p>
   </div>
   <div class='ocr_carea' id='block_1_57' title="bbox 2263 2014 2703 2086">
    <p class='ocr_par' dir='ltr' id='par_1_57' title="bbox 2263 2014 2703 2086">
     <span class='ocr_line' id='line_1_57' title="bbox 2263 2014 2703 2086; baseline -0.007 -17"><span class='ocrx_word' id='word_1_397' title='bbox 2263 2015 2357 2069; x_wconf 79' lang='grc' dir='ltr'>καὶ</span> <span class='ocrx_word' id='word_1_398' title='bbox 2394 2014 2703 2086; x_wconf 83' lang='grc' dir='ltr'>ὁμολογεῖν.</span> 
     </span>
    </p>
   </div>
   <div class='ocr_carea' id='block_1_58' title="bbox 2349 2086 3844 2169">
    <p class='ocr_par' dir='ltr' id='par_1_58' title="bbox 2349 2086 3844 2169">
     <span class='ocr_line' id='line_1_58' title="bbox 2349 2086 3844 2169; baseline -0.012 -11"><span class='ocrx_word' id='word_1_399' title='bbox 2349 2104 2661 2158; x_wconf 68' lang='grc' dir='ltr'>Ἐνετείλω</span> <span class='ocrx_word' id='word_1_400' title='bbox 2684 2102 3088 2169; x_wconf 79' lang='grc' dir='ltr'>δικαιοσύνην</span> <span class='ocrx_word' id='word_1_401' title='bbox 3124 2099 3198 2152; x_wconf 85' lang='grc' dir='ltr'>τὰ</span> <span class='ocrx_word' id='word_1_402' title='bbox 3231 2092 3526 2167; x_wconf 73' lang='grc' dir='ltr'>μαρτύριὰ</span> <span class='ocrx_word' id='word_1_403' title='bbox 3558 2108 3700 2155; x_wconf 77' lang='grc' dir='ltr'>σου,</span> <span class='ocrx_word' id='word_1_404' title='bbox 3728 2086 3844 2144; x_wconf 79' lang='grc' dir='ltr'>,καί</span> 
     </span>
    </p>
   </div>
   <div class='ocr_carea' id='block_1_59' title="bbox 2264 2180 3845 2265">
    <p class='ocr_par' dir='ltr' id='par_1_59' title="bbox 2264 2180 3845 2265">
     <span class='ocr_line' id='line_1_59' title="bbox 2264 2180 3845 2265; baseline -0.013 -15"><span class='ocrx_word' id='word_1_405' title='bbox 2264 2195 2558 2265; x_wconf 72' lang='grc' dir='ltr'>ἀλήθειαν</span> <span class='ocrx_word' id='word_1_406' title='bbox 2614 2192 2873 2263; x_wconf 67' lang='grc' dir='ltr'>σφόδρα.</span> <span class='ocrx_word' id='word_1_407' title='bbox 2932 2189 3217 2244; x_wconf 81' lang='grc' dir='ltr'>Ἐνετείλω</span> <span class='ocrx_word' id='word_1_408' title='bbox 3267 2186 3434 2247; x_wconf 73' lang='grc' dir='ltr'>αὐτὰ,</span> <span class='ocrx_word' id='word_1_409' title='bbox 3493 2180 3845 2247; x_wconf 79' lang='grc' dir='ltr'>δικαιοσύνην</span> 
     </span>
    </p>
   </div>
   <div class='ocr_carea' id='block_1_60' title="bbox 2263 2273 3851 2359">
    <p class='ocr_par' dir='ltr' id='par_1_60' title="bbox 2263 2273 3851 2359">
     <span class='ocr_line' id='line_1_60' title="bbox 2263 2273 3851 2359; baseline -0.012 -16"><span class='ocrx_word' id='word_1_410' title='bbox 2263 2290 2609 2359; x_wconf 84' lang='grc' dir='ltr'>αὐτόχρημα,</span> <span class='ocrx_word' id='word_1_411' title='bbox 2638 2289 2735 2340; x_wconf 80' lang='grc' dir='ltr'>καὶ</span> <span class='ocrx_word' id='word_1_412' title='bbox 2773 2284 3032 2355; x_wconf 77' lang='grc' dir='ltr'>ἀλήθειαν</span> <span class='ocrx_word' id='word_1_413' title='bbox 3074 2284 3242 2337; x_wconf 84' lang='grc' dir='ltr'>πάνυ.</span> <span class='ocrx_word' id='word_1_414' title='bbox 3276 2281 3373 2345; x_wconf 84' lang='grc' dir='ltr'>Ἥ,</span> <span class='ocrx_word' id='word_1_415' title='bbox 3409 2277 3666 2333; x_wconf 76' lang='grc' dir='ltr'>ἐνετείλω</span> <span class='ocrx_word' id='word_1_416' title='bbox 3687 2273 3851 2335; x_wconf 78' lang='grc' dir='ltr'>αὐτὰ,</span> 
     </span>
    </p>
   </div>
   <div class='ocr_carea' id='block_1_61' title="bbox 2266 2367 3851 2449">
    <p class='ocr_par' dir='ltr' id='par_1_61' title="bbox 2266 2367 3851 2449">
     <span class='ocr_line' id='line_1_61' title="bbox 2266 2367 3851 2449; baseline -0.011 -14"><span class='ocrx_word' id='word_1_417' title='bbox 2266 2382 2451 2437; x_wconf 82' lang='grc' dir='ltr'>δίκαια</span> <span class='ocrx_word' id='word_1_418' title='bbox 2504 2382 2601 2434; x_wconf 73' lang='grc' dir='ltr'>καὶ</span> <span class='ocrx_word' id='word_1_419' title='bbox 2656 2379 2834 2449; x_wconf 83' lang='grc' dir='ltr'><strong>ἀληθῆ</strong></span> <span class='ocrx_word' id='word_1_420' title='bbox 2877 2377 3043 2434; x_wconf 84' lang='grc' dir='ltr'>πάνυ,</span> <span class='ocrx_word' id='word_1_421' title='bbox 3074 2376 3134 2429; x_wconf 84' lang='grc'><strong>’0</strong></span> <span class='ocrx_word' id='word_1_422' title='bbox 3158 2375 3323 2444; x_wconf 86' lang='grc' dir='ltr'>νόμος</span> <span class='ocrx_word' id='word_1_423' title='bbox 3374 2387 3472 2423; x_wconf 88' lang='grc' dir='ltr'><strong>σου</strong></span> <span class='ocrx_word' id='word_1_424' title='bbox 3500 2369 3613 2440; x_wconf 76' lang='grc' dir='ltr'><strong>γὰρ</strong></span> <span class='ocrx_word' id='word_1_425' title='bbox 3630 2367 3851 2429; x_wconf 78' lang='grc' dir='ltr'><strong>δικαίως</strong></span> 
     </span>
    </p>
   </div>
   <div class='ocr_carea' id='block_1_62' title="bbox 2268 2460 3851 2545">
    <p class='ocr_par' dir='ltr' id='par_1_62' title="bbox 2268 2460 3851 2545">
     <span class='ocr_line' id='line_1_62' title="bbox 2268 2460 3851 2545; baseline -0.011 -16"><span class='ocrx_word' id='word_1_426' title='bbox 2268 2473 2558 2545; x_wconf 82' lang='grc' dir='ltr'>ἀμείϐεται</span> <span class='ocrx_word' id='word_1_427' title='bbox 2587 2475 2683 2526; x_wconf 75' lang='grc' dir='ltr'>καὶ</span> <span class='ocrx_word' id='word_1_428' title='bbox 2739 2470 2832 2525; x_wconf 67' lang='grc' dir='ltr'><strong>τὸν</strong></span> <span class='ocrx_word' id='word_1_429' title='bbox 2871 2467 3273 2538; x_wconf 74' lang='grc' dir='ltr'><strong>κατορθοῦντα,</strong></span> <span class='ocrx_word' id='word_1_430' title='bbox 3305 2466 3401 2519; x_wconf 82' lang='grc' dir='ltr'>καὶ</span> <span class='ocrx_word' id='word_1_431' title='bbox 3420 2465 3512 2516; x_wconf 81' lang='grc' dir='ltr'>τὸν</span> <span class='ocrx_word' id='word_1_432' title='bbox 3544 2460 3851 2530; x_wconf 76' lang='grc' dir='ltr'>σφαλλόμε-</span> 
     </span>
    </p>
   </div>
   <div class='ocr_carea' id='block_1_63' title="bbox 2271 2560 3352 2635">
    <p class='ocr_par' dir='ltr' id='par_1_63' title="bbox 2271 2560 3352 2635">
     <span class='ocr_line' id='line_1_63' title="bbox 2271 2560 3352 2635; baseline -0.006 -15"><span class='ocrx_word' id='word_1_433' title='bbox 2271 2583 2383 2631; x_wconf 81' lang='grc' dir='ltr'>νον,</span> <span class='ocrx_word' id='word_1_434' title='bbox 2418 2566 2511 2619; x_wconf 72' lang='grc' dir='ltr'>καὶ</span> <span class='ocrx_word' id='word_1_435' title='bbox 2533 2564 2790 2635; x_wconf 75' lang='grc' dir='ltr'>ἀληθεύει</span> <span class='ocrx_word' id='word_1_436' title='bbox 2819 2565 2942 2628; x_wconf 85' lang='grc' dir='ltr'>ταῖς</span> <span class='ocrx_word' id='word_1_437' title='bbox 2969 2560 3352 2631; x_wconf 77' lang='grc' dir='ltr'>ἐπαγγελίαις.</span> 
     </span>
    </p>
   </div>
   <div class='ocr_carea' id='block_1_64' title="bbox 2354 2726 3856 2813">
    <p class='ocr_par' dir='ltr' id='par_1_64' title="bbox 2354 2726 3856 2813">
     <span class='ocr_line' id='line_1_64' title="bbox 2354 2726 3856 2813; baseline -0.013 -12"><span class='ocrx_word' id='word_1_438' title='bbox 2354 2743 2638 2812; x_wconf 74' lang='grc' dir='ltr'>Ἐξέτηξέ</span> <span class='ocrx_word' id='word_1_439' title='bbox 2663 2760 2741 2813; x_wconf 82' lang='grc' dir='ltr'><strong>με</strong></span> <span class='ocrx_word' id='word_1_440' title='bbox 2772 2745 2806 2797; x_wconf 83' lang='grc' dir='ltr'><em>ὁ</em></span> <span class='ocrx_word' id='word_1_441' title='bbox 2835 2740 3016 2811; x_wconf 64' lang='lat' dir='ltr'><strong>(ﬁlo&#39;c</strong></span> <span class='ocrx_word' id='word_1_442' title='bbox 3044 2757 3184 2805; x_wconf 88' lang='grc' dir='ltr'>σου,</span> <span class='ocrx_word' id='word_1_443' title='bbox 3216 2739 3307 2792; x_wconf 85' lang='grc' dir='ltr'>ὅτι</span> <span class='ocrx_word' id='word_1_444' title='bbox 3321 2733 3693 2791; x_wconf 75' lang='grc' dir='ltr'>ἐπελάθοντο</span> <span class='ocrx_word' id='word_1_445' title='bbox 3737 2726 3856 2783; x_wconf 78' lang='grc' dir='ltr'>τῶν</span> 
     </span>
    </p>
   </div>
   <div class='ocr_carea' id='block_1_65' title="bbox 2272 2820 3857 2909">
    <p class='ocr_par' dir='ltr' id='par_1_65' title="bbox 2272 2820 3857 2909">
     <span class='ocr_line' id='line_1_65' title="bbox 2272 2820 3857 2909; baseline -0.012 -15"><span class='ocrx_word' id='word_1_446' title='bbox 2272 2844 2473 2909; x_wconf 76' lang='grc' dir='ltr'>λόγων</span> <span class='ocrx_word' id='word_1_447' title='bbox 2528 2820 2645 2891; x_wconf 57' lang='grc' dir='ltr'>οδου</span> <span class='ocrx_word' id='word_1_448' title='bbox 2705 2838 2761 2889; x_wconf 84' lang='lat' dir='ltr'><strong>ol</strong></span> <span class='ocrx_word' id='word_1_449' title='bbox 2806 2834 3011 2904; x_wconf 79' lang='grc' dir='ltr'>ἐχθροί</span> <span class='ocrx_word' id='word_1_450' title='bbox 3062 2851 3203 2902; x_wconf 86' lang='grc' dir='ltr'>μου.</span> <span class='ocrx_word' id='word_1_451' title='bbox 3257 2832 3316 2885; x_wconf 89' lang='grc' dir='ltr'>Ὀ</span> <span class='ocrx_word' id='word_1_452' title='bbox 3365 2827 3507 2897; x_wconf 77' lang='grc' dir='ltr'>ὑπὲρ</span> <span class='ocrx_word' id='word_1_453' title='bbox 3554 2824 3651 2879; x_wconf 83' lang='grc' dir='ltr'><strong>σοῦ</strong></span> <span class='ocrx_word' id='word_1_454' title='bbox 3694 2823 3857 2892; x_wconf 78' lang='grc' dir='ltr'>ζῆλος</span> 
     </span>
    </p>
   </div>
   <div class='ocr_carea' id='block_1_66' title="bbox 2276 2914 3857 3002">
    <p class='ocr_par' dir='ltr' id='par_1_66' title="bbox 2276 2914 3857 3002">
     <span class='ocr_line' id='line_1_66' title="bbox 2276 2914 3857 3002; baseline -0.014 -14"><span class='ocrx_word' id='word_1_455' title='bbox 2276 2930 2823 3002; x_wconf 78' lang='grc' dir='ltr'>καταφρονουμένουο</span> <span class='ocrx_word' id='word_1_456' title='bbox 2859 2927 3064 2999; x_wconf 72' lang='grc' dir='ltr'>ἢύπὲρ</span> <span class='ocrx_word' id='word_1_457' title='bbox 3116 2923 3211 2978; x_wconf 86' lang='grc' dir='ltr'><strong>σοῦ</strong></span> <span class='ocrx_word' id='word_1_458' title='bbox 3259 2921 3446 2977; x_wconf 85' lang='grc' dir='ltr'>δικαία</span> <span class='ocrx_word' id='word_1_459' title='bbox 3491 2920 3669 2989; x_wconf 78' lang='grc' dir='ltr'>ὀργή·</span> <span class='ocrx_word' id='word_1_460' title='bbox 3722 2914 3857 2969; x_wconf 67' lang='grc' dir='ltr'>διότι</span> 
     </span>
    </p>
   </div>
   <div class='ocr_carea' id='block_1_67' title="bbox 2276 3005 3859 3083">
    <p class='ocr_par' dir='ltr' id='par_1_67' title="bbox 2276 3005 3859 3083">
     <span class='ocr_line' id='line_1_67' title="bbox 2276 3005 3859 3083; baseline -0.015 -2"><span class='ocrx_word' id='word_1_461' title='bbox 2276 3027 2602 3081; x_wconf 72' lang='grc' dir='ltr'>ἐπελάϐοντο</span> <span class='ocrx_word' id='word_1_462' title='bbox 2642 3024 2753 3079; x_wconf 82' lang='grc' dir='ltr'><strong>τῶν</strong></span> <span class='ocrx_word' id='word_1_463' title='bbox 2811 3019 3043 3076; x_wconf 77' lang='grc' dir='ltr'>ἐντολῶν</span> <span class='ocrx_word' id='word_1_464' title='bbox 3095 3036 3214 3083; x_wconf 88' lang='grc' dir='ltr'>σου,</span> <span class='ocrx_word' id='word_1_465' title='bbox 3244 3019 3295 3070; x_wconf 89' lang='grc' dir='ltr'>οἱ</span> <span class='ocrx_word' id='word_1_466' title='bbox 3344 3015 3436 3068; x_wconf 81' lang='grc' dir='ltr'>διὰ</span> <span class='ocrx_word' id='word_1_467' title='bbox 3482 3011 3646 3069; x_wconf 74' lang='grc' dir='ltr'>τοῦτο</span> <span class='ocrx_word' id='word_1_468' title='bbox 3674 3005 3859 3078; x_wconf 69' lang='grc' dir='ltr'>ἐχθροί</span> 
     </span>
    </p>
   </div>
   <div class='ocr_carea' id='block_1_68' title="bbox 2284 3109 3361 3192">
    <p class='ocr_par' dir='ltr' id='par_1_68' title="bbox 2284 3109 3361 3192">
     <span class='ocr_line' id='line_1_68' title="bbox 2284 3109 3361 3192; baseline -0.013 -17"><span class='ocrx_word' id='word_1_469' title='bbox 2284 3139 2383 3192; x_wconf 85' lang='grc' dir='ltr'><strong>μου</strong></span> <span class='ocrx_word' id='word_1_470' title='bbox 2405 3121 2744 3177; x_wconf 78' lang='grc' dir='ltr'><strong>ἀποστάντες</strong></span> <span class='ocrx_word' id='word_1_471' title='bbox 2764 3116 2863 3186; x_wconf 81' lang='grc' dir='ltr'>τῆς</span> <span class='ocrx_word' id='word_1_472' title='bbox 2894 3113 3127 3185; x_wconf 80' lang='grc' dir='ltr'><strong>μελέτης</strong></span> <span class='ocrx_word' id='word_1_473' title='bbox 3157 3109 3361 3164; x_wconf 71' lang='grc' dir='ltr'>αὐτῶν.</span> 
     </span>
    </p>
   </div>
   <div class='ocr_carea' id='block_1_69' title="bbox 2344 3358 3864 3452">
    <p class='ocr_par' dir='ltr' id='par_1_69' title="bbox 2344 3358 3864 3452">
     <span class='ocr_line' id='line_1_69' title="bbox 2344 3358 3864 3452; baseline -0.016 -13"><span class='ocrx_word' id='word_1_474' title='bbox 2344 3381 2784 3452; x_wconf 78' lang='grc' dir='ltr'>Πεπυρωμένον</span> <span class='ocrx_word' id='word_1_475' title='bbox 2808 3377 2876 3432; x_wconf 83' lang='grc' dir='ltr'>τὸ</span> <span class='ocrx_word' id='word_1_476' title='bbox 2906 3376 3116 3445; x_wconf 73' lang='grc' dir='ltr'>λόγιόν</span> <span class='ocrx_word' id='word_1_477' title='bbox 3145 3386 3262 3428; x_wconf 79' lang='grc' dir='ltr'><strong>σου</strong></span> <span class='ocrx_word' id='word_1_478' title='bbox 3284 3362 3653 3439; x_wconf 68' lang='grc' dir='ltr'>σφόδρα,κώ</span> <span class='ocrx_word' id='word_1_479' title='bbox 3674 3367 3706 3418; x_wconf 84' lang='grc' dir='ltr'><em>ό</em></span> <span class='ocrx_word' id='word_1_480' title='bbox 3723 3358 3864 3416; x_wconf 72' lang='grc' dir='ltr'>δοῦ·</span> 
     </span>
    </p>
   </div>
   <div class='ocr_carea' id='block_1_70' title="bbox 2274 3458 3862 3543">
    <p class='ocr_par' dir='ltr' id='par_1_70' title="bbox 2274 3458 3862 3543">
     <span class='ocr_line' id='line_1_70' title="bbox 2274 3458 3862 3543; baseline -0.016 -12"><span class='ocrx_word' id='word_1_481' title='bbox 2274 3477 2384 3543; x_wconf 68' lang='grc' dir='ltr'><strong>,πός</strong></span> <span class='ocrx_word' id='word_1_482' title='bbox 2412 3490 2530 3529; x_wconf 83' lang='grc' dir='ltr'>σου</span> <span class='ocrx_word' id='word_1_483' title='bbox 2564 3471 2885 3543; x_wconf 69' lang='grc' dir='ltr'>ἠγάπησεν</span> <span class='ocrx_word' id='word_1_484' title='bbox 2917 3468 3086 3524; x_wconf 83' lang='grc' dir='ltr'>αὑτό.</span> <span class='ocrx_word' id='word_1_485' title='bbox 3113 3458 3862 3534; x_wconf 77' lang='grc' dir='ltr'>Καθαρώτατος,ἄμεμπτος·</span> 
     </span>
    </p>
   </div>
   <div class='ocr_carea' id='block_1_71' title="bbox 2279 3552 3867 3639">
    <p class='ocr_par' dir='ltr' id='par_1_71' title="bbox 2279 3552 3867 3639">
     <span class='ocr_line' id='line_1_71' title="bbox 2279 3552 3867 3639; baseline -0.01 -16"><span class='ocrx_word' id='word_1_486' title='bbox 2279 3573 2308 3624; x_wconf 83' lang='grc' dir='ltr'><strong>ὁ</strong></span> <span class='ocrx_word' id='word_1_487' title='bbox 2338 3571 2501 3639; x_wconf 77' lang='grc' dir='ltr'>νόμος</span> <span class='ocrx_word' id='word_1_488' title='bbox 2536 3585 2663 3621; x_wconf 88' lang='grc' dir='ltr'>σου·</span> <span class='ocrx_word' id='word_1_489' title='bbox 2693 3566 2934 3620; x_wconf 81' lang='grc' dir='ltr'>τοιοῦτον</span> <span class='ocrx_word' id='word_1_490' title='bbox 2963 3565 3074 3633; x_wconf 85' lang='grc' dir='ltr'>γὰρ</span> <span class='ocrx_word' id='word_1_491' title='bbox 3107 3561 3167 3615; x_wconf 79' lang='grc' dir='ltr'>τὸ</span> <span class='ocrx_word' id='word_1_492' title='bbox 3199 3556 3592 3627; x_wconf 77' lang='grc' dir='ltr'>πεπυρωμένον</span> <span class='ocrx_word' id='word_1_493' title='bbox 3618 3552 3867 3623; x_wconf 79' lang='grc' dir='ltr'>χρυσίον.</span> 
     </span>
    </p>
   </div>
   <div class='ocr_carea' id='block_1_72' title="bbox 2287 3644 3869 3732">
    <p class='ocr_par' dir='ltr' id='par_1_72' title="bbox 2287 3644 3869 3732">
     <span class='ocr_line' id='line_1_72' title="bbox 2287 3644 3869 3732; baseline -0.013 -15"><span class='ocrx_word' id='word_1_494' title='bbox 2287 3662 2517 3732; x_wconf 75' lang='grc' dir='ltr'>Εἴρηται</span> <span class='ocrx_word' id='word_1_495' title='bbox 2541 3660 2598 3713; x_wconf 75' lang='grc' dir='ltr'>δὲ</span> <span class='ocrx_word' id='word_1_496' title='bbox 2632 3659 2729 3713; x_wconf 75' lang='grc' dir='ltr'>καὶ</span> <span class='ocrx_word' id='word_1_497' title='bbox 2749 3661 2809 3711; x_wconf 81' lang='grc' dir='ltr'>ὲν</span> <span class='ocrx_word' id='word_1_498' title='bbox 2834 3657 2911 3726; x_wconf 82' lang='grc' dir='ltr'>τῷ</span> <span class='ocrx_word' id='word_1_499' title='bbox 2938 3653 3005 3710; x_wconf 81' lang='grc' dir='ltr'>ια’</span> <span class='ocrx_word' id='word_1_500' title='bbox 3035 3652 3235 3725; x_wconf 79' lang='grc' dir='ltr'>ψαλμῷ</span> <span class='ocrx_word' id='word_1_501' title='bbox 3258 3670 3273 3683; x_wconf 86' lang='grc'>⁶</span> <span class='ocrx_word' id='word_1_502' title='bbox 3325 3650 3401 3706; x_wconf 79' lang='grc' dir='ltr'><em>Τὰ</em></span> <span class='ocrx_word' id='word_1_503' title='bbox 3430 3649 3609 3717; x_wconf 71' lang='grc' dir='ltr'>λόγια</span> <span class='ocrx_word' id='word_1_504' title='bbox 3637 3644 3869 3712; x_wconf 78' lang='grc' dir='ltr'>Κυρίου</span> 
     </span>
    </p>
   </div>
   <div class='ocr_carea' id='block_1_73' title="bbox 2286 3737 3868 3824">
    <p class='ocr_par' dir='ltr' id='par_1_73' title="bbox 2286 3737 3868 3824">
     <span class='ocr_line' id='line_1_73' title="bbox 2286 3737 3868 3824; baseline -0.014 -14"><span class='ocrx_word' id='word_1_505' title='bbox 2286 3753 2461 3824; x_wconf 71' lang='grc' dir='ltr'>ἁγνὰ,</span> <span class='ocrx_word' id='word_1_506' title='bbox 2485 3753 2771 3823; x_wconf 77' lang='grc' dir='ltr'>ἀργύριον</span> <span class='ocrx_word' id='word_1_507' title='bbox 2794 3748 3244 3818; x_wconf 78' lang='grc' dir='ltr'>πεπυρωμένον·</span> <span class='ocrx_word' id='word_1_508' title='bbox 3274 3745 3369 3798; x_wconf 81' lang='grc' dir='ltr'>καὶ</span> <span class='ocrx_word' id='word_1_509' title='bbox 3397 3742 3684 3814; x_wconf 73' lang='grc' dir='ltr'>ἠγάπησεν</span> <span class='ocrx_word' id='word_1_510' title='bbox 3735 3737 3868 3792; x_wconf 78' lang='grc' dir='ltr'><strong>αὑτό</strong></span> 
     </span>
    </p>
   </div>
   <div class='ocr_carea' id='block_1_74' title="bbox 2290 3830 3866 3918">
    <p class='ocr_par' dir='ltr' id='par_1_74' title="bbox 2290 3830 3866 3918">
     <span class='ocr_line' id='line_1_74' title="bbox 2290 3830 3866 3918; baseline -0.013 -18"><span class='ocrx_word' id='word_1_511' title='bbox 2290 3847 2451 3918; x_wconf 84' lang='grc' dir='ltr'>μόνος</span> <span class='ocrx_word' id='word_1_512' title='bbox 2484 3848 2509 3900; x_wconf 84' lang='grc' dir='ltr'>ὁ</span> <span class='ocrx_word' id='word_1_513' title='bbox 2533 3844 2718 3908; x_wconf 85' lang='grc' dir='ltr'>δοῦλός</span> <span class='ocrx_word' id='word_1_514' title='bbox 2757 3860 2875 3908; x_wconf 85' lang='grc' dir='ltr'>σου,</span> <span class='ocrx_word' id='word_1_515' title='bbox 2927 3844 2981 3895; x_wconf 78' lang='grc' dir='ltr'><strong>εἴ</strong></span> <span class='ocrx_word' id='word_1_516' title='bbox 3008 3841 3089 3905; x_wconf 81' lang='grc' dir='ltr'><strong>τίς</strong></span> <span class='ocrx_word' id='word_1_517' title='bbox 3128 3844 3244 3893; x_wconf 72' lang='grc' dir='ltr'>ἐστι</span> <span class='ocrx_word' id='word_1_518' title='bbox 3277 3836 3533 3906; x_wconf 80' lang='grc' dir='ltr'>θεράπων</span> <span class='ocrx_word' id='word_1_519' title='bbox 3562 3848 3681 3895; x_wconf 80' lang='grc' dir='ltr'>σου,</span> <span class='ocrx_word' id='word_1_520' title='bbox 3709 3830 3761 3883; x_wconf 72' lang='grc' dir='ltr'>τε</span> <span class='ocrx_word' id='word_1_521' title='bbox 3784 3844 3866 3891; x_wconf 82' lang='grc' dir='ltr'><strong>τις</strong></span> 
     </span>
    </p>
   </div>
   <div class='ocr_carea' id='block_1_75' title="bbox 2291 3937 2925 4010">
    <p class='ocr_par' dir='ltr' id='par_1_75' title="bbox 2291 3937 2925 4010">
     <span class='ocr_line' id='line_1_75' title="bbox 2291 3937 2925 4010; baseline -0.006 -18"><span class='ocrx_word' id='word_1_522' title='bbox 2291 3939 2430 4010; x_wconf 79' lang='grc' dir='ltr'>μετὰ</span> <span class='ocrx_word' id='word_1_523' title='bbox 2453 3938 2620 4008; x_wconf 72' lang='grc' dir='ltr'>φόϐου</span> <span class='ocrx_word' id='word_1_524' title='bbox 2651 3937 2925 4007; x_wconf 79' lang='grc' dir='ltr'>λατρεύει.</span> 
     </span>
    </p>
   </div>
   <div class='ocr_carea' id='block_1_76' title="bbox 604 4018 3865 4117">
    <p class='ocr_par' dir='ltr' id='par_1_76' title="bbox 604 4018 3865 4117">
     <span class='ocr_line' id='line_1_76' title="bbox 604 4018 3865 4117; baseline -0.009 -19"><span class='ocrx_word' id='word_1_525' title='bbox 604 4057 659 4102; x_wconf 72' lang='lat' dir='ltr'><strong>ut</strong></span> <span class='ocrx_word' id='word_1_526' title='bbox 690 4047 911 4117; x_wconf 79' lang='lat' dir='ltr'><strong>ignitum</strong></span> <span class='ocrx_word' id='word_1_527' title='bbox 936 4042 1224 4115; x_wconf 71' lang='lat' dir='ltr'><strong>signiﬁcat,</strong></span> <span class='ocrx_word' id='word_1_528' title='bbox 1254 4051 1305 4094; x_wconf 88' lang='lat' dir='ltr'><strong>et</strong></span> <span class='ocrx_word' id='word_1_529' title='bbox 1333 4041 1449 4111; x_wconf 82' lang='lat' dir='ltr'><strong>igne</strong></span> <span class='ocrx_word' id='word_1_530' title='bbox 1472 4036 1884 4099; x_wconf 74' lang='lat' dir='ltr'><strong>examinatum).</strong></span> <span class='ocrx_word' id='word_1_531' title='bbox 1915 4033 2027 4088; x_wconf 84' lang='lat' dir='ltr'><strong>Hoc</strong></span> <span class='ocrx_word' id='word_1_532' title='bbox 2052 4048 2180 4088; x_wconf 91' lang='lat' dir='ltr'><strong>vero</strong></span> <span class='ocrx_word' id='word_1_533' title='bbox 2219 4033 2500 4103; x_wconf 87' lang='lat' dir='ltr'><strong>eloquium</strong></span> <span class='ocrx_word' id='word_1_534' title='bbox 2532 4046 2628 4085; x_wconf 88' lang='lat' dir='ltr'><strong>seu</strong></span> <span class='ocrx_word' id='word_1_535' title='bbox 2668 4029 2985 4084; x_wconf 86' lang='lat' dir='ltr'><strong>mandatum</strong></span> <span class='ocrx_word' id='word_1_536' title='bbox 3022 4036 3177 4082; x_wconf 88' lang='lat' dir='ltr'><strong>tuum</strong></span> <span class='ocrx_word' id='word_1_537' title='bbox 3212 4026 3259 4082; x_wconf 87' lang='lat' dir='ltr'><strong>is</strong></span> <span class='ocrx_word' id='word_1_538' title='bbox 3328 4024 3481 4079; x_wconf 83' lang='lat' dir='ltr'><strong>solus</strong></span> <span class='ocrx_word' id='word_1_539' title='bbox 3541 4020 3743 4089; x_wconf 78' lang='lat' dir='ltr'><strong>diligit,</strong></span> <span class='ocrx_word' id='word_1_540' title='bbox 3774 4018 3865 4088; x_wconf 88' lang='lat' dir='ltr'><strong>qui</strong></span> 
     </span>
    </p>
   </div>
   <div class='ocr_carea' id='block_1_77' title="bbox 607 4118 2716 4205">
    <p class='ocr_par' dir='ltr' id='par_1_77' title="bbox 607 4118 2716 4205">
     <span class='ocr_line' id='line_1_77' title="bbox 607 4118 2716 4205; baseline -0.01 -7"><span class='ocrx_word' id='word_1_541' title='bbox 607 4160 800 4201; x_wconf 77' lang='lat' dir='ltr'><strong>servus</strong></span> <span class='ocrx_word' id='word_1_542' title='bbox 833 4118 1094 4198; x_wconf 48' lang='lat' dir='ltr'><strong>tuus-cst,</strong></span> <span class='ocrx_word' id='word_1_543' title='bbox 1140 4139 1230 4205; x_wconf 89' lang='lat' dir='ltr'><strong>qui</strong></span> <span class='ocrx_word' id='word_1_544' title='bbox 1268 4134 1366 4191; x_wconf 86' lang='lat' dir='ltr'><strong>tibi</strong></span> <span class='ocrx_word' id='word_1_545' title='bbox 1417 4135 1621 4199; x_wconf 85' lang='lat' dir='ltr'><strong>servit,</strong></span> <span class='ocrx_word' id='word_1_546' title='bbox 1659 4142 1711 4186; x_wconf 91' lang='lat' dir='ltr'><strong>te</strong></span> <span class='ocrx_word' id='word_1_547' title='bbox 1750 4131 1883 4186; x_wconf 89' lang='lat' dir='ltr'><strong>colit</strong></span> <span class='ocrx_word' id='word_1_548' title='bbox 1933 4139 1986 4184; x_wconf 85' lang='lat' dir='ltr'><strong>et</strong></span> <span class='ocrx_word' id='word_1_549' title='bbox 2025 4144 2150 4184; x_wconf 90' lang='lat' dir='ltr'><strong>cum</strong></span> <span class='ocrx_word' id='word_1_550' title='bbox 2188 4130 2384 4184; x_wconf 85' lang='lat' dir='ltr'><strong>timore</strong></span> <span class='ocrx_word' id='word_1_551' title='bbox 2409 4135 2716 4185; x_wconf 88' lang='lat' dir='ltr'><strong>veneratur.</strong></span> 
     </span>
    </p>
   </div>
   <div class='ocr_carea' id='block_1_78' title="bbox 680 4207 2176 4297">
    <p class='ocr_par' dir='ltr' id='par_1_78' title="bbox 680 4230 2176 4297">
     <span class='ocr_line' id='line_1_78' title="bbox 680 4230 2176 4297; baseline -0.01 -5"><span class='ocrx_word' id='word_1_552' title='bbox 680 4239 846 4292; x_wconf 68' lang='lat' dir='ltr'><strong>Vens.</strong></span> <span class='ocrx_word' id='word_1_553' title='bbox 885 4237 1002 4289; x_wconf 73' lang='lat' dir='ltr'><strong>HI.</strong></span> <span class='ocrx_word' id='word_1_554' title='bbox 1032 4230 1467 4288; x_wconf 77' lang='lat' dir='ltr'><strong>Adulescentulus</strong></span> <span class='ocrx_word' id='word_1_555' title='bbox 1499 4245 1616 4282; x_wconf 83' lang='lat' dir='ltr'><strong>sum</strong></span> <span class='ocrx_word' id='word_1_556' title='bbox 1638 4245 1730 4297; x_wconf 81' lang='lat' dir='ltr'><strong>ego</strong></span> <span class='ocrx_word' id='word_1_557' title='bbox 1757 4235 1805 4281; x_wconf 85' lang='lat' dir='ltr'><strong>et</strong></span> <span class='ocrx_word' id='word_1_558' title='bbox 1831 4234 2176 4293; x_wconf 82' lang='lat' dir='ltr'><strong>contemptus,</strong></span> 
     </span>
    </p>
   </div>
   <div class='ocr_carea' id='block_1_79' title="bbox 2275 4207 3869 4297">
    <p class='ocr_par' dir='ltr' id='par_1_79' title="bbox 2360 4207 3869 4290">
     <span class='ocr_line' id='line_1_79' title="bbox 2360 4207 3869 4290; baseline -0.013 -11"><span class='ocrx_word' id='word_1_559' title='bbox 2360 4221 2658 4289; x_wconf 84' lang='grc' dir='ltr'>Νεώτερός</span> <span class='ocrx_word' id='word_1_560' title='bbox 2704 4224 2820 4290; x_wconf 80' lang='grc' dir='ltr'>ειμι</span> <span class='ocrx_word' id='word_1_561' title='bbox 2855 4217 2971 4288; x_wconf 68' lang='grc' dir='ltr'><strong>ἐγὼ</strong></span> <span class='ocrx_word' id='word_1_562' title='bbox 3004 4217 3101 4272; x_wconf 78' lang='grc' dir='ltr'>καὶ</span> <span class='ocrx_word' id='word_1_563' title='bbox 3129 4210 3632 4283; x_wconf 74' lang='grc' dir='ltr'>ἐξουδενωμέγος,</span> <span class='ocrx_word' id='word_1_564' title='bbox 3677 4208 3757 4264; x_wconf 79' lang='grc' dir='ltr'>τὰ</span> <span class='ocrx_word' id='word_1_565' title='bbox 3781 4207 3869 4261; x_wconf 78' lang='grc' dir='ltr'>δι-</span> 
     </span>
    </p>
   </div>
   <div class='ocr_carea' id='block_1_80' title="bbox 601 4316 2185 4401">
    <p class='ocr_par' dir='ltr' id='par_1_80' title="bbox 601 4316 2185 4401">
     <span class='ocr_line' id='line_1_80' title="bbox 601 4316 2185 4401; baseline -0.009 -16"><span class='ocrx_word' id='word_1_566' title='bbox 601 4331 1014 4401; x_wconf 77' lang='lat' dir='ltr'><strong>justiﬁcationes</strong></span> <span class='ocrx_word' id='word_1_567' title='bbox 1047 4338 1168 4380; x_wconf 78' lang='lat' dir='ltr'><strong>tuus</strong></span> <span class='ocrx_word' id='word_1_568' title='bbox 1202 4343 1304 4379; x_wconf 80' lang='lat' dir='ltr'><strong>non</strong></span> <span class='ocrx_word' id='word_1_569' title='bbox 1329 4339 1441 4379; x_wconf 80' lang='lat' dir='ltr'><strong>sum</strong></span> <span class='ocrx_word' id='word_1_570' title='bbox 1472 4321 1682 4374; x_wconf 84' lang='lat' dir='ltr'><strong>oblitus.</strong></span> <span class='ocrx_word' id='word_1_571' title='bbox 1709 4316 1873 4373; x_wconf 74' lang='lat' dir='ltr'><strong>Juxta</strong></span> <span class='ocrx_word' id='word_1_572' title='bbox 1900 4318 2185 4373; x_wconf 79' lang='lat' dir='ltr'><strong>historiam</strong></span> 
     </span>
    </p>
   </div>
   <div class='ocr_carea' id='block_1_81' title="bbox 611 4407 2187 4478">
    <p class='ocr_par' dir='ltr' id='par_1_81' title="bbox 611 4407 2187 4478">
     <span class='ocr_line' id='line_1_81' title="bbox 611 4407 2187 4478; baseline -0.012 0"><span class='ocrx_word' id='word_1_573' title='bbox 611 4425 806 4478; x_wconf 82' lang='lat' dir='ltr'><strong>beatus</strong></span> <span class='ocrx_word' id='word_1_574' title='bbox 840 4419 1006 4473; x_wconf 84' lang='lat' dir='ltr'><strong>David</strong></span> <span class='ocrx_word' id='word_1_575' title='bbox 1041 4414 1447 4472; x_wconf 82' lang='lat' dir='ltr'><strong>adulescentior</strong></span> <span class='ocrx_word' id='word_1_576' title='bbox 1478 4422 1598 4464; x_wconf 85' lang='lat' dir='ltr'><strong>erat</strong></span> <span class='ocrx_word' id='word_1_577' title='bbox 1635 4413 1781 4465; x_wconf 89' lang='lat' dir='ltr'><strong>inter</strong></span> <span class='ocrx_word' id='word_1_578' title='bbox 1806 4419 2035 4463; x_wconf 75' lang='lat' dir='ltr'><strong>czcteros</strong></span> <span class='ocrx_word' id='word_1_579' title='bbox 2076 4407 2187 4460; x_wconf 82' lang='lat' dir='ltr'><strong>fra-</strong></span> 
     </span>
    </p>
   </div>
   <div class='ocr_carea' id='block_1_82' title="bbox 611 4501 2188 4579">
    <p class='ocr_par' dir='ltr' id='par_1_82' title="bbox 611 4501 2188 4579">
     <span class='ocr_line' id='line_1_82' title="bbox 611 4501 2188 4579; baseline -0.009 -13"><span class='ocrx_word' id='word_1_580' title='bbox 611 4522 750 4577; x_wconf 82' lang='lat' dir='ltr'><strong>tres,</strong></span> <span class='ocrx_word' id='word_1_581' title='bbox 780 4522 831 4566; x_wconf 89' lang='lat' dir='ltr'><strong>et</strong></span> <span class='ocrx_word' id='word_1_582' title='bbox 865 4519 1085 4579; x_wconf 80' lang='lat' dir='ltr'><strong>propter</strong></span> <span class='ocrx_word' id='word_1_583' title='bbox 1116 4516 1337 4564; x_wconf 68' lang='lat' dir='ltr'><strong>statura:</strong></span> <span class='ocrx_word' id='word_1_584' title='bbox 1372 4505 1671 4560; x_wconf 84' lang='lat' dir='ltr'><strong>exilitatem</strong></span> <span class='ocrx_word' id='word_1_585' title='bbox 1711 4502 1811 4555; x_wconf 79' lang='lat' dir='ltr'><strong>fuit</strong></span> <span class='ocrx_word' id='word_1_586' title='bbox 1845 4501 2009 4554; x_wconf 84' lang='lat' dir='ltr'><strong>etiam</strong></span> <span class='ocrx_word' id='word_1_587' title='bbox 2052 4514 2188 4553; x_wconf 83' lang='lat' dir='ltr'><strong>con-</strong></span> 
     </span>
    </p>
   </div>
   <div class='ocr_carea' id='block_1_83' title="bbox 613 4593 2189 4673">
    <p class='ocr_par' dir='ltr' id='par_1_83' title="bbox 613 4593 2189 4673">
     <span class='ocr_line' id='line_1_83' title="bbox 613 4593 2189 4673; baseline -0.01 -14"><span class='ocrx_word' id='word_1_588' title='bbox 613 4612 858 4673; x_wconf 83' lang='lat' dir='ltr'><strong>temptus</strong></span> <span class='ocrx_word' id='word_1_589' title='bbox 891 4618 919 4654; x_wconf 86' lang='lat' dir='ltr'><strong>a</strong></span> <span class='ocrx_word' id='word_1_590' title='bbox 967 4608 1144 4671; x_wconf 73' lang='lat' dir='ltr'><strong>patre,</strong></span> <span class='ocrx_word' id='word_1_591' title='bbox 1174 4597 1394 4669; x_wconf 84' lang='lat' dir='ltr'><strong>quando</strong></span> <span class='ocrx_word' id='word_1_592' title='bbox 1427 4593 1646 4649; x_wconf 82' lang='lat' dir='ltr'><strong>Samuel</strong></span> <span class='ocrx_word' id='word_1_593' title='bbox 1690 4594 1954 4663; x_wconf 80' lang='lat' dir='ltr'><strong>propheta</strong></span> <span class='ocrx_word' id='word_1_594' title='bbox 1994 4602 2189 4645; x_wconf 89' lang='lat' dir='ltr'><strong>unctu-</strong></span> 
     </span>
    </p>
   </div>
   <div class='ocr_carea' id='block_1_84' title="bbox 613 4679 2191 4759">
    <p class='ocr_par' dir='ltr' id='par_1_84' title="bbox 613 4679 2191 4759">
     <span class='ocr_line' id='line_1_84' title="bbox 613 4679 2191 4759; baseline -0.01 -13"><span class='ocrx_word' id='word_1_595' title='bbox 613 4709 713 4747; x_wconf 78' lang='lat' dir='ltr'><strong>rus</strong></span> <span class='ocrx_word' id='word_1_596' title='bbox 744 4708 867 4746; x_wconf 89' lang='lat' dir='ltr'><strong>eum</strong></span> <span class='ocrx_word' id='word_1_597' title='bbox 902 4692 955 4745; x_wconf 90' lang='lat' dir='ltr'><strong>iu</strong></span> <span class='ocrx_word' id='word_1_598' title='bbox 992 4705 1193 4759; x_wconf 74' lang='lat' dir='ltr'><strong>regem,</strong></span> <span class='ocrx_word' id='word_1_599' title='bbox 1230 4686 1468 4740; x_wconf 89' lang='lat' dir='ltr'><strong>advenit.</strong></span> <span class='ocrx_word' id='word_1_600' title='bbox 1507 4682 1632 4737; x_wconf 76' lang='lat' dir='ltr'><strong>Fuit</strong></span> <span class='ocrx_word' id='word_1_601' title='bbox 1660 4683 1822 4736; x_wconf 82' lang='lat' dir='ltr'><strong>etiam</strong></span> <span class='ocrx_word' id='word_1_602' title='bbox 1854 4679 2041 4749; x_wconf 86' lang='lat' dir='ltr'><strong>junior</strong></span> <span class='ocrx_word' id='word_1_603' title='bbox 2069 4681 2191 4747; x_wconf 80' lang='lat' dir='ltr'><strong>ipso</strong></span> 
     </span>
    </p>
   </div>
   <div class='ocr_carea' id='block_1_85' title="bbox 616 4769 2197 4851">
    <p class='ocr_par' dir='ltr' id='par_1_85' title="bbox 616 4769 2197 4851">
     <span class='ocr_line' id='line_1_85' title="bbox 616 4769 2197 4851; baseline -0.011 -12"><span class='ocrx_word' id='word_1_604' title='bbox 616 4785 747 4839; x_wconf 86' lang='lat' dir='ltr'><strong>Saul</strong></span> <span class='ocrx_word' id='word_1_605' title='bbox 776 4794 832 4838; x_wconf 92' lang='lat' dir='ltr'><strong>ct</strong></span> <span class='ocrx_word' id='word_1_606' title='bbox 861 4783 1141 4851; x_wconf 58' lang='lat' dir='ltr'><strong>neglectus</strong></span> <span class='ocrx_word' id='word_1_607' title='bbox 1192 4778 1261 4833; x_wconf 88' lang='lat' dir='ltr'><strong>ab</strong></span> <span class='ocrx_word' id='word_1_608' title='bbox 1304 4791 1391 4839; x_wconf 85' lang='lat' dir='ltr'><strong>eo,</strong></span> <span class='ocrx_word' id='word_1_609' title='bbox 1423 4791 1544 4829; x_wconf 90' lang='lat' dir='ltr'><strong>cum</strong></span> <span class='ocrx_word' id='word_1_610' title='bbox 1593 4772 1999 4843; x_wconf 78' lang='lat' dir='ltr'><strong>persecutiones</strong></span> <span class='ocrx_word' id='word_1_611' title='bbox 2035 4769 2103 4824; x_wconf 87' lang='lat' dir='ltr'><strong>ab</strong></span> <span class='ocrx_word' id='word_1_612' title='bbox 2130 4784 2197 4822; x_wconf 89' lang='lat' dir='ltr'><strong>eo</strong></span> 
     </span>
    </p>
   </div>
   <div class='ocr_carea' id='block_1_86' title="bbox 620 4864 2196 4933">
    <p class='ocr_par' dir='ltr' id='par_1_86' title="bbox 620 4864 2196 4933">
     <span class='ocr_line' id='line_1_86' title="bbox 620 4864 2196 4933; baseline -0.011 0"><span class='ocrx_word' id='word_1_613' title='bbox 620 4877 801 4933; x_wconf 77' lang='lat' dir='ltr'><strong>varias</strong></span> <span class='ocrx_word' id='word_1_614' title='bbox 845 4874 1143 4930; x_wconf 83' lang='lat' dir='ltr'><strong>sustineret</strong></span> <span class='ocrx_word' id='word_1_615' title='bbox 1175 4890 1187 4925; x_wconf 89' lang='lat'><strong>:</strong></span> <span class='ocrx_word' id='word_1_616' title='bbox 1221 4878 1593 4924; x_wconf 78' lang='lat' dir='ltr'><strong>verumtamen</strong></span> <span class='ocrx_word' id='word_1_617' title='bbox 1645 4866 1731 4919; x_wconf 74' lang='lat' dir='ltr'><strong>llic</strong></span> <span class='ocrx_word' id='word_1_618' title='bbox 1777 4864 1966 4933; x_wconf 82' lang='lat' dir='ltr'><strong>junior</strong></span> <span class='ocrx_word' id='word_1_619' title='bbox 2006 4871 2061 4916; x_wconf 83' lang='lat' dir='ltr'><strong>et</strong></span> <span class='ocrx_word' id='word_1_620' title='bbox 2097 4876 2196 4916; x_wconf 84' lang='lat' dir='ltr'><strong>ne-</strong></span> 
     </span>
    </p>
   </div>
   <div class='ocr_carea' id='block_1_87' title="bbox 623 4955 2196 5038">
    <p class='ocr_par' dir='ltr' id='par_1_87' title="bbox 623 4955 2196 5038">
     <span class='ocr_line' id='line_1_87' title="bbox 623 4955 2196 5038; baseline -0.01 -14"><span class='ocrx_word' id='word_1_621' title='bbox 623 4965 832 5038; x_wconf 70' lang='lat' dir='ltr'><strong>glectus</strong></span> <span class='ocrx_word' id='word_1_622' title='bbox 861 4983 1024 5036; x_wconf 86' lang='lat' dir='ltr'><strong>supra</strong></span> <span class='ocrx_word' id='word_1_623' title='bbox 1060 4967 1159 5018; x_wconf 82' lang='lat' dir='ltr'><strong>bos</strong></span> <span class='ocrx_word' id='word_1_624' title='bbox 1190 4978 1402 5025; x_wconf 78' lang='lat' dir='ltr'><strong>onuies,</strong></span> <span class='ocrx_word' id='word_1_625' title='bbox 1449 4959 1760 5013; x_wconf 82' lang='lat' dir='ltr'><strong>divinorum</strong></span> <span class='ocrx_word' id='word_1_626' title='bbox 1809 4955 2196 5010; x_wconf 84' lang='lat' dir='ltr'><strong>mandatorum</strong></span> 
     </span>
    </p>
   </div>
   <div class='ocr_carea' id='block_1_88' title="bbox 676 5049 2196 5118">
    <p class='ocr_par' dir='ltr' id='par_1_88' title="bbox 676 5049 2196 5118">
     <span class='ocr_line' id='line_1_88' title="bbox 676 5049 2196 5118; baseline -0.006 -10"><span class='ocrx_word' id='word_1_627' title='bbox 676 5057 894 5114; x_wconf 73' lang='lat' dir='ltr'><strong>eminil.</strong></span> <span class='ocrx_word' id='word_1_628' title='bbox 943 5061 1242 5113; x_wconf 75' lang='lat' dir='ltr'><strong>l’ossmnus</strong></span> <span class='ocrx_word' id='word_1_629' title='bbox 1275 5056 1439 5109; x_wconf 85' lang='lat' dir='ltr'><strong>etiam</strong></span> <span class='ocrx_word' id='word_1_630' title='bbox 1474 5050 1781 5118; x_wconf 74' lang='lat' dir='ltr'><strong>intelligere</strong></span> <span class='ocrx_word' id='word_1_631' title='bbox 1829 5050 1942 5101; x_wconf 60' lang='lat' dir='ltr'><strong>haec</strong></span> <span class='ocrx_word' id='word_1_632' title='bbox 1991 5049 2155 5101; x_wconf 90' lang='lat' dir='ltr'><strong>verba</strong></span> <span class='ocrx_word' id='word_1_633' title='bbox 2180 5086 2196 5111; x_wconf 90' lang='lat'><strong>,</strong></span> 
     </span>
    </p>
   </div>
   <div class='ocr_carea' id='block_1_89' title="bbox 623 5140 2201 5222">
    <p class='ocr_par' dir='ltr' id='par_1_89' title="bbox 623 5140 2201 5222">
     <span class='ocr_line' id='line_1_89' title="bbox 623 5140 2201 5222; baseline -0.008 -17"><span class='ocrx_word' id='word_1_634' title='bbox 623 5167 679 5206; x_wconf 88' lang='lat' dir='ltr'><strong>ut</strong></span> <span class='ocrx_word' id='word_1_635' title='bbox 715 5155 923 5222; x_wconf 70' lang='lat' dir='ltr'><strong>prolata</strong></span> <span class='ocrx_word' id='word_1_636' title='bbox 946 5154 1057 5207; x_wconf 83' lang='lat' dir='ltr'><strong>sint</strong></span> <span class='ocrx_word' id='word_1_637' title='bbox 1092 5167 1155 5203; x_wconf 71' lang='lat' dir='ltr'><strong>es</strong></span> <span class='ocrx_word' id='word_1_638' title='bbox 1186 5163 1418 5219; x_wconf 85' lang='lat' dir='ltr'><strong>persona</strong></span> <span class='ocrx_word' id='word_1_639' title='bbox 1446 5145 1570 5200; x_wconf 83' lang='lat' dir='ltr'><strong>novi</strong></span> <span class='ocrx_word' id='word_1_640' title='bbox 1607 5142 1813 5213; x_wconf 91' lang='lat' dir='ltr'><strong>populi,</strong></span> <span class='ocrx_word' id='word_1_641' title='bbox 1840 5140 1933 5211; x_wconf 87' lang='lat' dir='ltr'><strong>qui</strong></span> <span class='ocrx_word' id='word_1_642' title='bbox 1962 5151 2201 5195; x_wconf 86' lang='lat' dir='ltr'><strong>contem-</strong></span> 
     </span>
    </p>
   </div>
   <div class='ocr_carea' id='block_1_90' title="bbox 624 5231 2197 5313">
    <p class='ocr_par' dir='ltr' id='par_1_90' title="bbox 624 5231 2197 5313">
     <span class='ocr_line' id='line_1_90' title="bbox 624 5231 2197 5313; baseline -0.008 -15"><span class='ocrx_word' id='word_1_643' title='bbox 624 5254 749 5313; x_wconf 80' lang='lat' dir='ltr'><strong>ptus</strong></span> <span class='ocrx_word' id='word_1_644' title='bbox 774 5243 990 5312; x_wconf 79' lang='lat' dir='ltr'><strong>quidem</strong></span> <span class='ocrx_word' id='word_1_645' title='bbox 1014 5251 1068 5297; x_wconf 89' lang='lat' dir='ltr'><strong>ct</strong></span> <span class='ocrx_word' id='word_1_646' title='bbox 1100 5242 1380 5311; x_wconf 66' lang='lat' dir='ltr'><strong>neglectus</strong></span> <span class='ocrx_word' id='word_1_647' title='bbox 1411 5238 1509 5293; x_wconf 83' lang='lat' dir='ltr'><strong>luit</strong></span> <span class='ocrx_word' id='word_1_648' title='bbox 1541 5238 1609 5293; x_wconf 82' lang='lat' dir='ltr'><strong>ab</strong></span> <span class='ocrx_word' id='word_1_649' title='bbox 1638 5237 1861 5303; x_wconf 79' lang='lat' dir='ltr'><strong>antiquo</strong></span> <span class='ocrx_word' id='word_1_650' title='bbox 1886 5231 2197 5287; x_wconf 70' lang='lat' dir='ltr'><strong>Judacorum</strong></span> 
     </span>
    </p>
   </div>
   <div class='ocr_carea' id='block_1_91' title="bbox 625 5332 1321 5405">
    <p class='ocr_par' dir='ltr' id='par_1_91' title="bbox 625 5332 1321 5405">
     <span class='ocr_line' id='line_1_91' title="bbox 625 5332 1321 5405; baseline -0.01 -12"><span class='ocrx_word' id='word_1_651' title='bbox 625 5341 760 5393; x_wconf 67' lang='lat' dir='ltr'><strong>lcxit</strong></span> <span class='ocrx_word' id='word_1_652' title='bbox 799 5348 959 5405; x_wconf 65' lang='lat' dir='ltr'><strong>atque</strong></span> <span class='ocrx_word' id='word_1_653' title='bbox 993 5335 1245 5389; x_wconf 68' lang='lat' dir='ltr'><strong>obsurvax</strong></span> <span class='ocrx_word' id='word_1_654' title='bbox 1263 5332 1321 5386; x_wconf 87' lang='lat' dir='ltr'><strong>it.</strong></span> 
     </span>
    </p>
   </div>
   <div class='ocr_carea' id='block_1_92' title="bbox 698 5413 2202 5489">
    <p class='ocr_par' dir='ltr' id='par_1_92' title="bbox 698 5413 2202 5489">
     <span class='ocr_line' id='line_1_92' title="bbox 698 5413 2202 5489; baseline -0.007 -14"><span class='ocrx_word' id='word_1_655' title='bbox 698 5424 858 5479; x_wconf 69' lang='lat' dir='ltr'><strong>Vens.</strong></span> <span class='ocrx_word' id='word_1_656' title='bbox 901 5424 1021 5477; x_wconf 64' lang='grc' dir='ltr'><strong>ΗΞ.</strong></span> <span class='ocrx_word' id='word_1_657' title='bbox 1054 5421 1275 5475; x_wconf 71' lang='lat' dir='ltr'><strong>Iustitia</strong></span> <span class='ocrx_word' id='word_1_658' title='bbox 1310 5433 1420 5485; x_wconf 87' lang='lat' dir='ltr'><strong>tua,</strong></span> <span class='ocrx_word' id='word_1_659' title='bbox 1461 5422 1681 5489; x_wconf 82' lang='lat' dir='ltr'><strong>justitia</strong></span> <span class='ocrx_word' id='word_1_660' title='bbox 1715 5420 1767 5471; x_wconf 86' lang='lat' dir='ltr'><strong>in</strong></span> <span class='ocrx_word' id='word_1_661' title='bbox 1799 5416 2074 5471; x_wconf 66' lang='lat' dir='ltr'><strong>sacculum.</strong></span> <span class='ocrx_word' id='word_1_662' title='bbox 2107 5413 2202 5466; x_wconf 77' lang='lat' dir='ltr'><strong>Di—</strong></span> 
     </span>
    </p>
   </div>
   <div class='ocr_carea' id='block_1_93' title="bbox 626 5506 2199 5588">
    <p class='ocr_par' dir='ltr' id='par_1_93' title="bbox 626 5506 2199 5588">
     <span class='ocr_line' id='line_1_93' title="bbox 626 5506 2199 5588; baseline -0.011 -15"><span class='ocrx_word' id='word_1_663' title='bbox 626 5524 755 5573; x_wconf 77' lang='lat' dir='ltr'><strong>vina</strong></span> <span class='ocrx_word' id='word_1_664' title='bbox 794 5518 1002 5588; x_wconf 63' lang='lat' dir='ltr'><strong>iustitia</strong></span> <span class='ocrx_word' id='word_1_665' title='bbox 1038 5516 1251 5584; x_wconf 78' lang='lat' dir='ltr'><strong>proprie</strong></span> <span class='ocrx_word' id='word_1_666' title='bbox 1281 5530 1344 5567; x_wconf 87' lang='lat' dir='ltr'><strong>ac</strong></span> <span class='ocrx_word' id='word_1_667' title='bbox 1387 5529 1511 5566; x_wconf 78' lang='lat' dir='ltr'><strong>vere</strong></span> <span class='ocrx_word' id='word_1_668' title='bbox 1535 5522 1620 5566; x_wconf 85' lang='lat' dir='ltr'><strong>cst</strong></span> <span class='ocrx_word' id='word_1_669' title='bbox 1648 5522 1700 5562; x_wconf 73' lang='lat' dir='ltr'><strong>ct</strong></span> <span class='ocrx_word' id='word_1_670' title='bbox 1735 5506 1937 5563; x_wconf 72' lang='lat' dir='ltr'><strong>dicitur</strong></span> <span class='ocrx_word' id='word_1_671' title='bbox 1958 5507 2199 5576; x_wconf 85' lang='lat' dir='ltr'><strong>justitia;</strong></span> 
     </span>
    </p>
   </div>
   <div class='ocr_carea' id='block_1_94' title="bbox 631 5601 2205 5679">
    <p class='ocr_par' dir='ltr' id='par_1_94' title="bbox 631 5601 2205 5679">
     <span class='ocr_line' id='line_1_94' title="bbox 631 5601 2205 5679; baseline -0.006 -19"><span class='ocrx_word' id='word_1_672' title='bbox 631 5611 1014 5679; x_wconf 70' lang='lat' dir='ltr'><strong>mictueuuque</strong></span> <span class='ocrx_word' id='word_1_673' title='bbox 1046 5609 1187 5660; x_wconf 73' lang='lat' dir='ltr'><strong>enim</strong></span> <span class='ocrx_word' id='word_1_674' title='bbox 1225 5608 1366 5660; x_wconf 57' lang='lat' dir='ltr'><strong>Deus</strong></span> <span class='ocrx_word' id='word_1_675' title='bbox 1402 5603 1808 5673; x_wconf 76' lang='lat' dir='ltr'><strong>justilicaveiit,</strong></span> <span class='ocrx_word' id='word_1_676' title='bbox 1843 5602 1888 5655; x_wconf 89' lang='lat' dir='ltr'><strong>is</strong></span> <span class='ocrx_word' id='word_1_677' title='bbox 1934 5601 2081 5669; x_wconf 80' lang='lat' dir='ltr'><strong>justo</strong></span> <span class='ocrx_word' id='word_1_678' title='bbox 2119 5607 2205 5651; x_wconf 84' lang='lat' dir='ltr'><strong>at-</strong></span> 
     </span>
    </p>
   </div>
   <div class='ocr_carea' id='block_1_95' title="bbox 631 5688 2201 5770">
    <p class='ocr_par' dir='ltr' id='par_1_95' title="bbox 631 5688 2201 5770">
     <span class='ocr_line' id='line_1_95' title="bbox 631 5688 2201 5770; baseline -0.008 -15"><span class='ocrx_word' id='word_1_679' title='bbox 631 5721 737 5770; x_wconf 82' lang='lat' dir='ltr'><strong>que</strong></span> <span class='ocrx_word' id='word_1_680' title='bbox 760 5703 810 5753; x_wconf 85' lang='lat' dir='ltr'><strong>in</strong></span> <span class='ocrx_word' id='word_1_681' title='bbox 839 5710 1099 5754; x_wconf 60' lang='grc' dir='ltr'>αξιοι-ηοω</span> <span class='ocrx_word' id='word_1_682' title='bbox 1130 5701 1464 5768; x_wconf 67' lang='lat' dir='ltr'><strong>justilicatur</strong></span> <span class='ocrx_word' id='word_1_683' title='bbox 1487 5716 1500 5749; x_wconf 73' lang='grc' dir='ltr'><strong>ι</strong></span> <span class='ocrx_word' id='word_1_684' title='bbox 1524 5696 1803 5755; x_wconf 75' lang='lat' dir='ltr'><strong>luuniuum</strong></span> <span class='ocrx_word' id='word_1_685' title='bbox 1834 5707 1965 5746; x_wconf 80' lang='lat' dir='ltr'><strong>vero</strong></span> <span class='ocrx_word' id='word_1_686' title='bbox 1986 5688 2201 5761; x_wconf 75' lang='lat' dir='ltr'><strong>justilia</strong></span> 
     </span>
    </p>
   </div>
   <div class='ocr_carea' id='block_1_96' title="bbox 638 5783 2203 5866">
    <p class='ocr_par' dir='ltr' id='par_1_96' title="bbox 638 5783 2203 5866">
     <span class='ocr_line' id='line_1_96' title="bbox 638 5783 2203 5866; baseline -0.009 -18"><span class='ocrx_word' id='word_1_687' title='bbox 638 5794 949 5866; x_wconf 60' lang='lat' dir='ltr'><strong>lutiumuodi</strong></span> <span class='ocrx_word' id='word_1_688' title='bbox 988 5810 1091 5847; x_wconf 85' lang='lat' dir='ltr'><strong>nou</strong></span> <span class='ocrx_word' id='word_1_689' title='bbox 1126 5804 1231 5857; x_wconf 73' lang='lat' dir='ltr'><strong>est,</strong></span> <span class='ocrx_word' id='word_1_690' title='bbox 1267 5791 1356 5847; x_wconf 73' lang='lat' dir='ltr'><strong>scd</strong></span> <span class='ocrx_word' id='word_1_691' title='bbox 1397 5789 1710 5859; x_wconf 78' lang='lat' dir='ltr'><strong>temporalis</strong></span> <span class='ocrx_word' id='word_1_692' title='bbox 1747 5790 1800 5840; x_wconf 79' lang='lat' dir='ltr'><strong>et</strong></span> <span class='ocrx_word' id='word_1_693' title='bbox 1836 5799 2076 5855; x_wconf 61' lang='lat' dir='ltr'><strong>persa‘pe</strong></span> <span class='ocrx_word' id='word_1_694' title='bbox 2109 5783 2203 5835; x_wconf 77' lang='lat' dir='ltr'><strong>fal-</strong></span> 
     </span>
    </p>
   </div>
   <div class='ocr_carea' id='block_1_97' title="bbox 639 5886 782 5941">
    <p class='ocr_par' dir='ltr' id='par_1_97' title="bbox 639 5886 782 5941">
     <span class='ocr_line' id='line_1_97' title="bbox 639 5886 782 5941; baseline -0.014 -1"><span class='ocrx_word' id='word_1_695' title='bbox 639 5886 782 5941; x_wconf 72' lang='lat' dir='ltr'><strong>lttuz&#39;.</strong></span> 
     </span>
    </p>
   </div>
   <div class='ocr_carea' id='block_1_98' title="bbox 2288 4301 3872 4384">
    <p class='ocr_par' dir='ltr' id='par_1_98' title="bbox 2288 4301 3872 4384">
     <span class='ocr_line' id='line_1_98' title="bbox 2288 4301 3872 4384; baseline -0.009 -17"><span class='ocrx_word' id='word_1_696' title='bbox 2288 4311 2592 4384; x_wconf 80' lang='grc' dir='ltr'>καιώματά</span> <span class='ocrx_word' id='word_1_697' title='bbox 2607 4328 2725 4367; x_wconf 89' lang='grc' dir='ltr'>σου</span> <span class='ocrx_word' id='word_1_698' title='bbox 2747 4310 3153 4379; x_wconf 72' lang='grc' dir='ltr'>ἐπελαθόμην.</span> <span class='ocrx_word' id='word_1_699' title='bbox 3188 4304 3327 4360; x_wconf 79' lang='grc' dir='ltr'><strong>Καθ’</strong></span> <span class='ocrx_word' id='word_1_700' title='bbox 3360 4303 3602 4373; x_wconf 82' lang='grc' dir='ltr'>ἱστορίαν</span> <span class='ocrx_word' id='word_1_701' title='bbox 3632 4304 3660 4355; x_wconf 81' lang='grc' dir='ltr'>ὁ</span> <span class='ocrx_word' id='word_1_702' title='bbox 3710 4301 3872 4354; x_wconf 77' lang='grc' dir='ltr'>Δαῦὶδ</span> 
     </span>
    </p>
   </div>
   <div class='ocr_carea' id='block_1_99' title="bbox 2288 4391 3867 4478">
    <p class='ocr_par' dir='ltr' id='par_1_99' title="bbox 2288 4391 3867 4478">
     <span class='ocr_line' id='line_1_99' title="bbox 2288 4391 3867 4478; baseline -0.008 -19"><span class='ocrx_word' id='word_1_703' title='bbox 2288 4407 2551 4478; x_wconf 84' lang='grc' dir='ltr'>νεώτερος</span> <span class='ocrx_word' id='word_1_704' title='bbox 2567 4401 2634 4476; x_wconf 70' lang='grc' dir='ltr'>ἦν</span> <span class='ocrx_word' id='word_1_705' title='bbox 2647 4404 2758 4458; x_wconf 83' lang='grc' dir='ltr'><strong>τῶν</strong></span> <span class='ocrx_word' id='word_1_706' title='bbox 2774 4402 3142 4473; x_wconf 71' lang='grc' dir='ltr'>ἀδελφῶν,καὶ</span> <span class='ocrx_word' id='word_1_707' title='bbox 3160 4398 3589 4467; x_wconf 79' lang='grc' dir='ltr'>ὲξουδενωμένος</span> <span class='ocrx_word' id='word_1_708' title='bbox 3608 4396 3763 4465; x_wconf 81' lang='grc' dir='ltr'>παρᾶ</span> <span class='ocrx_word' id='word_1_709' title='bbox 3777 4391 3867 4446; x_wconf 82' lang='grc' dir='ltr'><strong>τοῦ</strong></span> 
     </span>
    </p>
   </div>
   <div class='ocr_carea' id='block_1_100' title="bbox 2291 4488 3868 4570">
    <p class='ocr_par' dir='ltr' id='par_1_100' title="bbox 2291 4488 3868 4570">
     <span class='ocr_line' id='line_1_100' title="bbox 2291 4488 3868 4570; baseline -0.008 -18"><span class='ocrx_word' id='word_1_710' title='bbox 2291 4501 2499 4570; x_wconf 72' lang='grc' dir='ltr'>πατρὸς</span> <span class='ocrx_word' id='word_1_711' title='bbox 2541 4498 2632 4551; x_wconf 71' lang='grc' dir='ltr'><strong>διὰ</strong></span> <span class='ocrx_word' id='word_1_712' title='bbox 2680 4498 2780 4566; x_wconf 83' lang='grc' dir='ltr'>τὴν</span> <span class='ocrx_word' id='word_1_713' title='bbox 2838 4495 3159 4568; x_wconf 82' lang='grc' dir='ltr'>βραχύτητα</span> <span class='ocrx_word' id='word_1_714' title='bbox 3188 4494 3288 4562; x_wconf 77' lang='grc' dir='ltr'>τῆς</span> <span class='ocrx_word' id='word_1_715' title='bbox 3331 4490 3571 4561; x_wconf 69' lang='grc' dir='ltr'>ἡλικίας,</span> <span class='ocrx_word' id='word_1_716' title='bbox 3597 4489 3739 4541; x_wconf 79' lang='grc' dir='ltr'><strong>ὃτεὸ</strong></span> <span class='ocrx_word' id='word_1_717' title='bbox 3777 4488 3868 4541; x_wconf 72' lang='lat' dir='ltr'><strong>Sa-</strong></span> 
     </span>
    </p>
   </div>
   <div class='ocr_carea' id='block_1_101' title="bbox 2294 4578 3869 4663">
    <p class='ocr_par' dir='ltr' id='par_1_101' title="bbox 2294 4578 3869 4663">
     <span class='ocr_line' id='line_1_101' title="bbox 2294 4578 3869 4663; baseline -0.008 -20"><span class='ocrx_word' id='word_1_718' title='bbox 2294 4591 2466 4663; x_wconf 82' lang='grc' dir='ltr'>μουὴλ</span> <span class='ocrx_word' id='word_1_719' title='bbox 2521 4590 2856 4658; x_wconf 80' lang='grc' dir='ltr'>παρεγένετο</span> <span class='ocrx_word' id='word_1_720' title='bbox 2886 4590 3090 4659; x_wconf 78' lang='grc' dir='ltr'>χρίσων</span> <span class='ocrx_word' id='word_1_721' title='bbox 3120 4587 3282 4639; x_wconf 73' lang='grc' dir='ltr'>αὑτὸν</span> <span class='ocrx_word' id='word_1_722' title='bbox 3305 4587 3384 4648; x_wconf 80' lang='grc' dir='ltr'><strong>εἰς</strong></span> <span class='ocrx_word' id='word_1_723' title='bbox 3417 4583 3666 4653; x_wconf 76' lang='grc' dir='ltr'>βασιλέα.</span> <span class='ocrx_word' id='word_1_724' title='bbox 3715 4578 3869 4635; x_wconf 70' lang='grc' dir='ltr'>Ἀλλὰ</span> 
     </span>
    </p>
   </div>
   <div class='ocr_carea' id='block_1_102' title="bbox 2291 4670 3865 4752">
    <p class='ocr_par' dir='ltr' id='par_1_102' title="bbox 2291 4670 3865 4752">
     <span class='ocr_line' id='line_1_102' title="bbox 2291 4670 3865 4752; baseline -0.006 -17"><span class='ocrx_word' id='word_1_725' title='bbox 2291 4683 2510 4736; x_wconf 77' lang='grc' dir='ltr'>καὶτοῦ</span> <span class='ocrx_word' id='word_1_726' title='bbox 2556 4684 2732 4735; x_wconf 74' lang='grc' dir='ltr'>Σαο”.λ</span> <span class='ocrx_word' id='word_1_727' title='bbox 2789 4681 3059 4752; x_wconf 84' lang='grc' dir='ltr'>νεώτερος</span> <span class='ocrx_word' id='word_1_728' title='bbox 3100 4676 3188 4750; x_wconf 79' lang='grc' dir='ltr'>ἦν,</span> <span class='ocrx_word' id='word_1_729' title='bbox 3218 4680 3317 4732; x_wconf 74' lang='grc' dir='ltr'>καὶ</span> <span class='ocrx_word' id='word_1_730' title='bbox 3345 4676 3691 4742; x_wconf 77' lang='grc' dir='ltr'>ὲξουδενοῦτο</span> <span class='ocrx_word' id='word_1_731' title='bbox 3740 4670 3865 4742; x_wconf 81' lang='grc' dir='ltr'>παρ’</span> 
     </span>
    </p>
   </div>
   <div class='ocr_carea' id='block_1_103' title="bbox 2296 4766 3868 4839">
    <p class='ocr_par' dir='ltr' id='par_1_103' title="bbox 2296 4766 3868 4839">
     <span class='ocr_line' id='line_1_103' title="bbox 2296 4766 3868 4839; baseline -0.004 -13"><span class='ocrx_word' id='word_1_732' title='bbox 2296 4773 2485 4835; x_wconf 73' lang='grc' dir='ltr'>αὐτοῦ,</span> <span class='ocrx_word' id='word_1_733' title='bbox 2520 4772 2614 4826; x_wconf 77' lang='grc' dir='ltr'>καὶ</span> <span class='ocrx_word' id='word_1_734' title='bbox 2640 4773 2918 4826; x_wconf 73' lang='grc' dir='ltr'>ἐδιώκετοο</span> <span class='ocrx_word' id='word_1_735' title='bbox 2950 4772 3046 4825; x_wconf 80' lang='grc' dir='ltr'>καὶ</span> <span class='ocrx_word' id='word_1_736' title='bbox 3068 4771 3216 4839; x_wconf 76' lang='grc' dir='ltr'>ὅμως</span> <span class='ocrx_word' id='word_1_737' title='bbox 3250 4768 3392 4837; x_wconf 81' lang='grc' dir='ltr'>ὑπὲρ</span> <span class='ocrx_word' id='word_1_738' title='bbox 3420 4770 3627 4829; x_wconf 80' lang='grc' dir='ltr'>πάντας</span> <span class='ocrx_word' id='word_1_739' title='bbox 3651 4766 3868 4827; x_wconf 79' lang='grc' dir='ltr'>τούτους</span> 
     </span>
    </p>
   </div>
   <div class='ocr_carea' id='block_1_104' title="bbox 2296 4856 3869 4933">
    <p class='ocr_par' dir='ltr' id='par_1_104' title="bbox 2296 4856 3869 4933">
     <span class='ocr_line' id='line_1_104' title="bbox 2296 4856 3869 4933; baseline -0.005 -17"><span class='ocrx_word' id='word_1_740' title='bbox 2296 4865 2322 4915; x_wconf 77' lang='grc' dir='ltr'><strong>ὲ</strong></span> <span class='ocrx_word' id='word_1_741' title='bbox 2332 4862 2638 4933; x_wconf 82' lang='grc' dir='ltr'>μνημόνευε</span> <span class='ocrx_word' id='word_1_742' title='bbox 2662 4862 2759 4931; x_wconf 79' lang='grc' dir='ltr'>τῆς</span> <span class='ocrx_word' id='word_1_743' title='bbox 2782 4861 3004 4931; x_wconf 76' lang='grc' dir='ltr'>ἐντολῆς</span> <span class='ocrx_word' id='word_1_744' title='bbox 3022 4860 3114 4913; x_wconf 87' lang='grc' dir='ltr'><strong>τοῦ</strong></span> <span class='ocrx_word' id='word_1_745' title='bbox 3140 4858 3297 4912; x_wconf 86' lang='grc' dir='ltr'>Θεοῦ.</span> <span class='ocrx_word' id='word_1_746' title='bbox 3324 4858 3546 4911; x_wconf 73' lang='grc' dir='ltr'>Νοείται</span> <span class='ocrx_word' id='word_1_747' title='bbox 3569 4856 3631 4911; x_wconf 64' lang='grc' dir='ltr'>δὲ</span> <span class='ocrx_word' id='word_1_748' title='bbox 3673 4858 3705 4910; x_wconf 86' lang='grc' dir='ltr'><strong>ὸ</strong></span> <span class='ocrx_word' id='word_1_749' title='bbox 3720 4857 3869 4924; x_wconf 71' lang='grc' dir='ltr'>λόγος</span> 
     </span>
    </p>
   </div>
   <div class='ocr_carea' id='block_1_105' title="bbox 2298 4948 3869 5026">
    <p class='ocr_par' dir='ltr' id='par_1_105' title="bbox 2298 4948 3869 5026">
     <span class='ocr_line' id='line_1_105' title="bbox 2298 4948 3869 5026; baseline -0.007 -16"><span class='ocrx_word' id='word_1_750' title='bbox 2298 4956 2392 5010; x_wconf 74' lang='grc' dir='ltr'>καὶ</span> <span class='ocrx_word' id='word_1_751' title='bbox 2425 4954 2704 5026; x_wconf 80' lang='grc' dir='ltr'>προσώπῳ</span> <span class='ocrx_word' id='word_1_752' title='bbox 2755 4954 2849 5007; x_wconf 88' lang='grc' dir='ltr'><strong>τοῦ</strong></span> <span class='ocrx_word' id='word_1_753' title='bbox 2905 4954 3026 5007; x_wconf 82' lang='grc' dir='ltr'>νέου</span> <span class='ocrx_word' id='word_1_754' title='bbox 3073 4950 3227 5017; x_wconf 82' lang='grc' dir='ltr'>λαοῦ,</span> <span class='ocrx_word' id='word_1_755' title='bbox 3288 4951 3724 5018; x_wconf 77' lang='grc' dir='ltr'>ὲξουδενωμένου</span> <span class='ocrx_word' id='word_1_756' title='bbox 3778 4948 3869 5019; x_wconf 70' lang='grc' dir='ltr'>μὲν</span> 
     </span>
    </p>
   </div>
   <div class='ocr_carea' id='block_1_106' title="bbox 2299 5038 3871 5115">
    <p class='ocr_par' dir='ltr' id='par_1_106' title="bbox 2299 5038 3871 5115">
     <span class='ocr_line' id='line_1_106' title="bbox 2299 5038 3871 5115; baseline -0.006 -14"><span class='ocrx_word' id='word_1_757' title='bbox 2299 5048 2404 5102; x_wconf 79' lang='grc' dir='ltr'><strong>ὑπὸ</strong></span> <span class='ocrx_word' id='word_1_758' title='bbox 2427 5047 2521 5101; x_wconf 85' lang='grc' dir='ltr'><strong>τοῦ</strong></span> <span class='ocrx_word' id='word_1_759' title='bbox 2576 5046 2831 5111; x_wconf 82' lang='grc' dir='ltr'>παλαιοῦ,</span> <span class='ocrx_word' id='word_1_760' title='bbox 2877 5046 2971 5100; x_wconf 78' lang='grc' dir='ltr'><strong>τὸν</strong></span> <span class='ocrx_word' id='word_1_761' title='bbox 3000 5044 3058 5099; x_wconf 75' lang='grc' dir='ltr'>δὲ</span> <span class='ocrx_word' id='word_1_762' title='bbox 3092 5044 3261 5115; x_wconf 87' lang='grc' dir='ltr'>νόμον</span> <span class='ocrx_word' id='word_1_763' title='bbox 3314 5043 3459 5113; x_wconf 78' lang='grc' dir='ltr'>ὑπὲρ</span> <span class='ocrx_word' id='word_1_764' title='bbox 3510 5042 3724 5095; x_wconf 75' lang='grc' dir='ltr'>ἐκεῖνον</span> <span class='ocrx_word' id='word_1_765' title='bbox 3783 5038 3871 5094; x_wconf 77' lang='grc' dir='ltr'>καὶ</span> 
     </span>
    </p>
   </div>
   <div class='ocr_carea' id='block_1_107' title="bbox 2298 5138 3102 5208">
    <p class='ocr_par' dir='ltr' id='par_1_107' title="bbox 2298 5138 3102 5208">
     <span class='ocr_line' id='line_1_107' title="bbox 2298 5138 3102 5208; baseline -0.002 -14"><span class='ocrx_word' id='word_1_766' title='bbox 2298 5139 2548 5203; x_wconf 85' lang='grc' dir='ltr'>νοοῦντος</span> <span class='ocrx_word' id='word_1_767' title='bbox 2582 5138 2680 5193; x_wconf 75' lang='grc' dir='ltr'>καὶ</span> <span class='ocrx_word' id='word_1_768' title='bbox 2709 5138 3102 5208; x_wconf 71' lang='grc' dir='ltr'>φυλάσσοντος.</span> 
     </span>
    </p>
   </div>
   <div class='ocr_carea' id='block_1_108' title="bbox 2244 5222 3870 5303">
    <p class='ocr_par' dir='ltr' id='par_1_108' title="bbox 2244 5222 3870 5303">
     <span class='ocr_line' id='line_1_108' title="bbox 2244 5222 3870 5303; baseline -0.007 -15"><span class='ocrx_word' id='word_1_769' title='bbox 2244 5234 2465 5303; x_wconf 87' lang='lat' dir='ltr'><strong>p0pulo,</strong></span> <span class='ocrx_word' id='word_1_770' title='bbox 2504 5242 2558 5288; x_wconf 88' lang='lat' dir='ltr'><strong>et</strong></span> <span class='ocrx_word' id='word_1_771' title='bbox 2589 5244 2773 5287; x_wconf 87' lang='lat' dir='ltr'><strong>tamen</strong></span> <span class='ocrx_word' id='word_1_772' title='bbox 2808 5244 2973 5300; x_wconf 84' lang='lat' dir='ltr'><strong>supra</strong></span> <span class='ocrx_word' id='word_1_773' title='bbox 3005 5244 3132 5285; x_wconf 89' lang='lat' dir='ltr'><strong>eum</strong></span> <span class='ocrx_word' id='word_1_774' title='bbox 3198 5226 3438 5282; x_wconf 87' lang='lat' dir='ltr'><strong>divinam</strong></span> <span class='ocrx_word' id='word_1_775' title='bbox 3485 5225 3656 5296; x_wconf 77' lang='lat' dir='ltr'><strong>legem</strong></span> <span class='ocrx_word' id='word_1_776' title='bbox 3712 5222 3870 5279; x_wconf 69' lang='lat' dir='ltr'><strong>intel-</strong></span> 
     </span>
    </p>
   </div>
   <div class='ocr_carea' id='block_1_109' title="bbox 2385 5398 3868 5475">
    <p class='ocr_par' dir='ltr' id='par_1_109' title="bbox 2385 5398 3868 5475">
     <span class='ocr_line' id='line_1_109' title="bbox 2385 5398 3868 5475; baseline -0.006 -12"><span class='ocrx_word' id='word_1_777' title='bbox 2385 5409 2455 5463; x_wconf 85' lang='grc' dir='ltr'><em>Ἥ</em></span> <span class='ocrx_word' id='word_1_778' title='bbox 2487 5409 2846 5475; x_wconf 76' lang='grc' dir='ltr'>δικαιοσύνη</span> <span class='ocrx_word' id='word_1_779' title='bbox 2874 5424 2989 5462; x_wconf 89' lang='grc' dir='ltr'>σου</span> <span class='ocrx_word' id='word_1_780' title='bbox 3032 5405 3391 5471; x_wconf 77' lang='grc' dir='ltr'>δικαιοσύνη</span> <span class='ocrx_word' id='word_1_781' title='bbox 3428 5404 3515 5470; x_wconf 82' lang='grc' dir='ltr'>εις</span> <span class='ocrx_word' id='word_1_782' title='bbox 3538 5399 3646 5456; x_wconf 74' lang='grc' dir='ltr'>τὸν</span> <span class='ocrx_word' id='word_1_783' title='bbox 3664 5398 3868 5456; x_wconf 70' lang='grc' dir='ltr'>αἰῶνα.</span> 
     </span>
    </p>
   </div>
   <div class='ocr_carea' id='block_1_110' title="bbox 2301 5490 3871 5571">
    <p class='ocr_par' dir='ltr' id='par_1_110' title="bbox 2301 5490 3871 5571">
     <span class='ocr_line' id='line_1_110' title="bbox 2301 5490 3871 5571; baseline -0.009 -13"><span class='ocrx_word' id='word_1_784' title='bbox 2301 5505 2633 5571; x_wconf 76' lang='grc' dir='ltr'>Δικαιοσύνη</span> <span class='ocrx_word' id='word_1_785' title='bbox 2664 5501 2906 5566; x_wconf 72' lang='grc' dir='ltr'>αἰώνιος,</span> <span class='ocrx_word' id='word_1_786' title='bbox 2931 5498 3252 5567; x_wconf 75' lang='grc' dir='ltr'>δικαιοσύνη</span> <span class='ocrx_word' id='word_1_787' title='bbox 3301 5493 3509 5568; x_wconf 85' lang='grc' dir='ltr'>κυρίως</span> <span class='ocrx_word' id='word_1_788' title='bbox 3537 5510 3552 5524; x_wconf 74' lang='grc' dir='ltr'><strong>ο</strong></span> <span class='ocrx_word' id='word_1_789' title='bbox 3583 5493 3644 5547; x_wconf 82' lang='grc' dir='ltr'><strong>δν</strong></span> <span class='ocrx_word' id='word_1_790' title='bbox 3675 5492 3784 5563; x_wconf 83' lang='grc' dir='ltr'>γὰρ</span> <span class='ocrx_word' id='word_1_791' title='bbox 3805 5490 3871 5545; x_wconf 74' lang='grc' dir='ltr'>ἂν</span> 
     </span>
    </p>
   </div>
   <div class='ocr_carea' id='block_1_111' title="bbox 2300 5583 3871 5661">
    <p class='ocr_par' dir='ltr' id='par_1_111' title="bbox 2300 5583 3871 5661">
     <span class='ocr_line' id='line_1_111' title="bbox 2300 5583 3871 5661; baseline -0.011 -9"><span class='ocrx_word' id='word_1_792' title='bbox 2300 5601 2555 5661; x_wconf 84' lang='grc' dir='ltr'>δικαιοῖς,</span> <span class='ocrx_word' id='word_1_793' title='bbox 2618 5594 2853 5657; x_wconf 77' lang='grc' dir='ltr'>αἰωνίως</span> <span class='ocrx_word' id='word_1_794' title='bbox 2894 5593 2991 5647; x_wconf 75' lang='grc' dir='ltr'>καὶ</span> <span class='ocrx_word' id='word_1_795' title='bbox 3039 5591 3265 5654; x_wconf 81' lang='grc' dir='ltr'>δικαίως</span> <span class='ocrx_word' id='word_1_796' title='bbox 3310 5589 3577 5651; x_wconf 75' lang='grc' dir='ltr'>δικαιοῖς·</span> <span class='ocrx_word' id='word_1_797' title='bbox 3623 5585 3736 5657; x_wconf 70' lang='grc' dir='ltr'><strong>ἠδὲ</strong></span> <span class='ocrx_word' id='word_1_798' title='bbox 3763 5583 3871 5637; x_wconf 81' lang='grc' dir='ltr'>τῶν</span> 
     </span>
    </p>
   </div>
   <div class='ocr_carea' id='block_1_112' title="bbox 2301 5674 3873 5759">
    <p class='ocr_par' dir='ltr' id='par_1_112' title="bbox 2301 5674 3873 5759">
     <span class='ocr_line' id='line_1_112' title="bbox 2301 5674 3873 5759; baseline -0.01 -16"><span class='ocrx_word' id='word_1_799' title='bbox 2301 5689 2608 5759; x_wconf 73' lang='grc' dir='ltr'>ἀνθρώπιον</span> <span class='ocrx_word' id='word_1_800' title='bbox 2666 5687 2726 5738; x_wconf 76' lang='grc' dir='ltr'>οὖ</span> <span class='ocrx_word' id='word_1_801' title='bbox 2778 5684 3025 5755; x_wconf 81' lang='grc' dir='ltr'>τοιαύτη,</span> <span class='ocrx_word' id='word_1_802' title='bbox 3090 5680 3431 5753; x_wconf 77' lang='grc' dir='ltr'>πρόσκαιρός</span> <span class='ocrx_word' id='word_1_803' title='bbox 3479 5696 3539 5734; x_wconf 71' lang='grc' dir='ltr'><strong>τε</strong></span> <span class='ocrx_word' id='word_1_804' title='bbox 3588 5674 3724 5733; x_wconf 69' lang='grc' dir='ltr'>οὖσα</span> <span class='ocrx_word' id='word_1_805' title='bbox 3778 5678 3873 5731; x_wconf 74' lang='grc' dir='ltr'>καὶ</span> 
     </span>
    </p>
   </div>
   <div class='ocr_carea' id='block_1_113' title="bbox 2303 5777 2961 5851">
    <p class='ocr_par' dir='ltr' id='par_1_113' title="bbox 2303 5777 2961 5851">
     <span class='ocr_line' id='line_1_113' title="bbox 2303 5777 2961 5851; baseline -0.002 -16"><span class='ocrx_word' id='word_1_806' title='bbox 2303 5780 2647 5851; x_wconf 55' lang='grc' dir='ltr'>σξαλλομένη</span> <span class='ocrx_word' id='word_1_807' title='bbox 2680 5778 2743 5831; x_wconf 73' lang='grc' dir='ltr'>τὰ</span> <span class='ocrx_word' id='word_1_808' title='bbox 2768 5777 2961 5834; x_wconf 67' lang='grc' dir='ltr'>πολλὰ.</span> 
     </span>
    </p>
   </div>
  </div>
