4134 6288
374 241 518 305 1177

1534 245 1923 307 COMMENT.
1970 247 2046 305 ΙΝ
2090 249 2445 311 PSALMOS,

3486 257 3620 323 H78

369 349 402 420 ἦ
430 350 526 403 καὶ
561 351 797 407 ἐνταῦθα
827 351 928 423 ζῇν
961 371 1029 424 με
1061 355 1288 429 ποίησον
1317 361 1458 413 κατὰ
1491 361 1583 414 τὸν
1622 363 1787 432 νόμον
1819 383 1912 418 σου

2045 374 2156 419 tam
2190 369 2419 422 abibunt
2447 379 2728 424 :eternam.
2755 369 2872 435 Vel,
2903 370 3008 424 Fac
3049 384 3131 424 me
3167 371 3221 424 in
3256 371 3356 427 hac
3391 373 3496 427 vita
3542 379 3620 426 vi-

371 443 653 511 συνεργῶν
678 461 771 513 μοι
801 445 1264 519 προθυμουμένω.

433 626 659 679 Πολλοὶ
687 629 743 680 οι
760 627 1150 696 ἐκδιώκοντές
1169 649 1268 702 με,
1297 635 1392 688 καὶ
1417 637 1729 706 θλίϐοντές
1751 658 1850 710 με,
1869 642 1938 695 ἐκ

361 719 826 788 τωνμαρτιφίων
843 724 1085 788 σου,οὐκ
1123 725 1620 789 ἐξέκλιναᾘολλοὶ
1641 735 1822 803 ὀρατοὶ
1845 737 1936 790 καὶ

365 804 590 877 ἀόρατοι
621 808 916 880 ζητοῦντες
953 812 1097 866 ἑλεῖν
1133 829 1224 884 με,
1281 820 1376 872 καὶ
1409 822 1519 874 πᾶν
1549 818 1689 886 εἶδος
1720 825 1937 894 ἐπεγεί-

362 916 550 965 ροντες
603 903 930 974 πειρασμῶν
957 922 972 935 ⁸
1003 906 1118 960 ἀλλ’
1152 908 1266 977 ἐγώ
1311 927 1394 966 σοι
1440 914 1591 986 μόνῳ
1618 917 1840 990 saepe»;
1871 923 1934 974 ἐκ

359 991 470 1044 τῶν
497 996 815 1064 μαρτυρίων
844 1014 938 1050 σου
969 998 1070 1052 οὐκ
1097 1001 1364 1066 ἐξέκλινα.
1401 1007 1681 1079 Διαφόρως
1698 1011 1754 1065 δὲ
1787 1013 1934 1083 λέγει

355 1084 424 1136 τὰ
460 1086 865 1158 προρρηθέντα,
902 1089 938 1144 ἃ.
962 1094 1056 1145 καὶ
1087 1095 1228 1147 κατὰ
1258 1096 1548 1169 διαφόρους
1583 1102 1776 1173 εῐρηκε
1809 1124 1930 1160 και-

356 1195 504 1248 ρους.

420 1358 606 1418 Εἶδον
637 1367 1094 1437 ἀσυνετοῦντας
1150 1375 1251 1430 καὶ
1275 1377 1685 1452 ἐξετηκόμην,
1729 1387 1818 1442 ὅτι
1857 1391 1930 1444 τὰ

358 1456 525 1524 λόγια
552 1473 670 1512 σου
697 1461 808 1515 οὐκ
831 1462 1236 1531 ἐφυλάξαντο.
1252 1471 1360 1528 Καὶ
1384 1475 1642 1548 ἀνωτέρω
1663 1483 1882 1550 εἴρηκεν
1907 1499 1923 1515 ο

346 1548 630 1618 Ἐξέτηξέ
657 1570 732 1621 με
757 1559 788 1608 d
811 1553 1010 1626 ζἰἷλός,
1035 1577 1152 1616 σου
1165 1563 1254 1618 ὅτι
1276 1566 1644 1625 ἐπελάθοντο
1676 1548 1794 1627 τῶν
1816 1580 1922 1630 λό-

349 1663 468 1712 γων
486 1661 604 1702 σου
636 1653 690 1703 οἱ
721 1651 928 1719 ἐχθροί
950 1673 1090 1722 μου.

422 1738 664 1794 Ἰὃεὸτι
701 1743 808 1808 τὰς
838 1746 1094 1816 ἐντολάς
1122 1768 1240 1807 σου
1268 1755 1578 1826 ἠγάπησα,
1626 1767 1826 1835 Κύριε,
1857 1779 1909 1823 ει

347 1832 429 1898 τῷ
464 1834 622 1888 ἐλέει
646 1852 764 1892 σου
787 1837 976 1907 ζῆσόν
1001 1858 1101 1910 με.
1129 1846 1266 1898 Ποτὲ
1300 1851 1400 1918 μὲν
1429 1855 1664 1908 ἱκετεύει
1697 1832 1928 1921 truonat-

345 1924 546 1992 ηθῆναι
584 1926 673 1981 διὰ
701 1929 800 2000 τὴν
832 1932 1084 2004 φυλακὴν
1129 1937 1238 1991 τῶν
1267 1942 1496 1998 ἐντολῶν
1532 1965 1624 2002 σου
1660 1991 1673 2015 ,
1713 1956 1841 2008 ποτὲ
1867 1957 1925 2010 δὲ

341 2018 434 2116 δια
454 2020 518 2074 τὸ
538 2021 694 2116 Ῠελεος
717 2025 812 2077 τοῦ
844 2025 979 2080 Θεοῦ
1005 2043 1018 2059 ·
1061 2029 1239 2086 ἐκεῖνο
1268 2035 1366 2102 μὲν
1392 2039 1918 2116 δικαιολογούμενος,

339 2111 512 2208 satiro-
527 2115 586 2168 δὲ
611 2120 1021 2208 usrptocppovibv
1043 2138 1057 2153 ο
1085 2124 1420 2196 τελειότερον
1445 2132 1501 2185 δὲ
1530 2135 1590 2186 τὸ
1618 2111 1909 2208 δεύτερον.

344 2204 553 2272 οὐδεὶς
585 2205 695 2276 γὰρ
718 2208 787 2273 ἐξ
823 2209 1016 2279 ἔργων
1040 2216 1228 2281 νόμου
1255 2217 1614 2279 δικαιοῦται.
1667 2204 1913 2298 Ζήτῇσον

338 2298 432 2350 καὶ
465 2300 525 2353 ἑν
557 2301 635 2368 τῷ
663 2300 746 2370 ρβ¹
794 2303 996 2372 ψαλμῷ
1028 2306 1124 2377 τὴν
1168 2309 1432 2380 ἐξήγησιν
1470 2317 1588 2382 τοῦ,
1627 2321 1738 2374 Τὸν
1773 2341 1913 2379 στε-

332 2390 647 2456 φανοῦντά
684 2408 759 2446 σε
787 2395 857 2447 ἐν
877 2395 1028 2449 ἐλέει
1057 2399 1157 2451 καὶ
1193 2403 1539 2474 οἱκτιρμοῖς.

333 2479 658 2551 Apostolus,
713 2501 780 2539 es:
839 2492 1084 2557 operibus
1111 2492 1235 2562 legis
1282 2495 1622 2568 justiﬁcatur
1661 2505 1728 2561 δ’.
1808 2506 1944 2564 Vide
1983 2509 2195 2580 psalmo
2232 2519 2306 2558 cu
2349 2515 2471 2571 qua:
2513 2499 2660 2554 dicta
2701 2500 2814 2552 sint
2855 2500 2907 2553 in
2955 2498 3047 2553 illo
3097 2497 3368 2554 versiculo
3422 2515 3435 2550 :

333 2587 553 2631 coronat
585 2589 634 2634 te
678 2583 1042 2639 misericordia
1072 2600 1120 2641 et
1152 2592 1606 2652 miserationibus.

417 2673 600 2741 Ἀρχὴ
643 2673 766 2728 τῶν
814 2678 1014 2746 ,λόγων
1073 2682 1348 2748 ἀλήθεια.
1398 2687 1662 2747 Βούλεται
1717 2697 1904 2766 λέγειν

2047 476 2172 515 vere
2198 462 2504 517 Secundum
2537 465 2705 532 legem
2744 473 2917 526 tuam,
2973 463 3242 530 adiuvans
3293 478 3616 536 promptituc

2044 553 2222 608 dinem
2261 569 2459 618 meam,
2492 563 2545 609 et
2573 555 2736 609 simul
2777 569 3106 623 cooperans.

2114 643 2279 699 Vens.
2305 647 2427 700 157.
2457 646 2614 699 Multi
2637 649 2726 714 qui
2747 656 3131 715 persequuntur
3159 663 3258 712 me,
3281 658 3330 701 et
3357 648 3616 701 tribulam

2041 753 2142 797 me.
2185 755 2216 788 α
2253 738 2565 791 testimoniis
2599 740 2702 790 tuis
2732 754 2835 790 non
2869 737 3148 790 declinavi.
3178 737 3506 804 Complures
3539 738 3617 790 vi-

2038 831 2225 886 sibiles
2259 841 2422 902 atque
2447 832 2748 886 invisibiles
2773 843 3160 902 persecutores
3187 842 3334 894 sunt,
3357 832 3447 901 qui
3474 848 3618 902 qure-

2038 934 2168 980 runt
2199 941 2283 980 me
2315 925 2796 996 comprehendere.
2826 936 2878 979 et
2913 940 3077 979 omne
3111 925 3478 979 tentatiomnn
3522 942 3614 994 ge-

2037 1034 2143 1074 nus
2170 1020 2409 1073 excitant
2439 1034 2454 1084 ;
2483 1033 2670 1073 verum
2723 1034 2826 1089 ego
2855 1019 2910 1072 ia
2946 1029 2997 1072 te
3028 1019 3147 1073 solo
3181 1018 3358 1072 fretus
3389 1033 3418 1070 ει
3452 1019 3614 1073 testi-

2037 1113 2234 1166 moniis
2265 1112 2371 1165 luis
2402 1126 2624 1166 aversus
2663 1127 2773 1164 non
2822 1127 2968 1166 sum.
3001 1110 3185 1166 Variis
3222 1124 3400 1165 autem
3433 1112 3612 1166 modis

2034 1205 2231 1272 repetit
2263 1203 2538 1274 PrOpheta
2564 1219 2626 1259 ea
2661 1219 2780 1272 qua:
2821 1219 2968 1273 saepe
2997 1205 3065 1259 ab
3097 1219 3162 1259 eo
3196 1205 3341 1258 dicta
3378 1213 3526 1269 sunt,
3558 1214 3610 1258 ct

2032 1297 2264 1352 diversis
2295 1297 2503 1367 prolata
2545 1296 2910 1366 temporibus.

2103 1389 2269 1444 Vens.
2304 1390 2426 1443 i58.
2462 1389 2577 1442 Vidi
2613 1389 2915 1458 insipientes
2964 1397 3011 1440 et
3079 1386 3405 1440 tabescebat»:
3432 1428 3445 1448 ,
3479 1389 3608 1455 quia

2027 1486 2235 1553 eloquia
2263 1494 2352 1537 tua
2379 1499 2481 1536 non
2513 1483 2898 1537 custodierunt.
2929 1483 3197 1549 Superius
3216 1482 3381 1535 etiam
3405 1481 3610 1538 dixisse

2028 1593 2153 1633 eum
2182 1577 2413 1646 legimus
2449 1592 2463 1627 :
2511 1573 2794 1628 Tabescere
2824 1592 2904 1626 me
2946 1574 3067 1640 fecit
3095 1574 3239 1627 zelus
3274 1589 3441 1639 meus,
3487 1575 3608 1643 quia

1959 1706 1998 1759 Β
2029 1669 2178 1724 obliti
2207 1679 2328 1722 sunt
2354 1667 2508 1720 verba
2533 1675 2626 1717 tua
2655 1665 2858 1716 inimici
2893 1665 3016 1717 mei.

2103 1758 2426 1814 \ens.159.
2485 1756 2608 1810 Vide
2657 1756 2908 1825 quoniam
2961 1760 3218 1808 mandata
3273 1765 3365 1808 tua
3421 1755 3608 1818 dilexi,

2022 1854 2271 1916 Domine,
2301 1853 2355 1904 in
2390 1848 2757 1903 misericordia
2800 1857 2890 1900 tua
2927 1848 3132 1916 vivi/ica
3161 1863 3260 1900 me.
3294 1847 3607 1917 Aliquando

2019 1944 2284 2002 vivilicari
2326 1943 2459 2012 petit
2491 1952 2712 2010 preptcr
2743 1942 3129 1994 mandatorum
3172 1941 3602 2002 observantiam,

2018 2052 2073 2095 et
2123 2037 2439 2109 aliquando,
2491 2045 2719 2104 propter
2773 2032 3208 2086 misericordiam
3269 2031 3360 2086 Dei
3413 2049 3429 2085 :
3473 2030 3604 2085 illud

2022 2133 2242 2204 quidem
2276 2140 2334 2184 ut
2370 2145 2431 2183 se
2468 2128 2753 2198 justiticet,
2794 2127 2898 2180 hoc
2941 2141 3071 2180 vero
3143 2136 3202 2178 ut
3275 2124 3603 2180 modestiam

2021 2237 2186 2296 atque
2212 2222 2572 2277 humilitatem
2606 2235 2761 2275 suam
2795 2219 2849 2272 in
2890 2218 3200 2286 exemplum
3229 2217 3444 2274 caeteris
3472 2233 3600 2286 pro-

2021 2328 2209 2392 ponat.
2237 2315 2590 2372 Perfectioris
2617 2321 2800 2367 autem
2846 2311 3040 2364 animm
3071 2319 3156 2366 est
3180 2313 3324 2380 quod
3352 2309 3602 2364 secundo

2022 2419 2144 2470 loco
2180 2428 2305 2468 eum
2340 2409 2521 2464 facere
2559 2407 2803 2461 diximus
2842 2422 2855 2458 :
2893 2405 3060 2458 Nemo
3103 2405 3277 2468 enim,
3313 2413 3372 2455 ut
3422 2403 3605 2489 inquit

3497 2493 3602 2561 ρκ’

2077 2690 2241 2748 Vens.
2289 2687 2408 2743 160.
2450 2686 2785 2753 Principium
2818 2695 3093 2738 verborum
3125 2695 3338 2737 tuorum
3383 2686 3598 2738 ueritas-

331 2766 413 2818 ὃτι
448 2768 513 2819 0i
569 2766 715 2836 λόγοι
749 2786 846 2823 σου
906 2771 1152 2844 ἀληθεῖς.
1192 2777 1254 2829 El
1303 2781 1413 2851 γὰρ
1465 2785 1498 2853 ἡ
1554 2785 1696 2858 ἀρχὴ
1723 2790 1907 2845 αὐτῶν

2018 2783 2228 2846 Dmnia,
2259 2780 2462 2849 inquit,
2499 2778 2665 2830 verba
2707 2786 2801 2829 tua
2851 2776 3080 2836 veritate
3114 2776 3367 2830 nituntur
3397 2820 3412 2842 ,
3471 2792 3594 2829 nam

331 2860 581 2956 ἀλήθειξν
613 2861 804 2956 κεκλῃτά
830 2864 959 2934 ἑξῆς
995 2866 1214 2932 πάντως
1265 2869 1516 2944 ἀλήθεια,
1565 2877 1813 2948 ἑπόμενα
1840 2887 1906 2956 τῇ

2018 2877 2065 2932 si
2097 2888 2287 2930 earum
2319 2871 2587 2942 principia
2615 2876 2745 2924 suut
2777 2884 2928 2932 vera,
2960 2879 3376 2938 consequenter
3412 2879 3466 2922 ct
3511 2883 3598 2921 re-

255 2982 266 2988 -
331 2951 670 3023 ἀρχῇ.’1σως
693 2954 751 3007 δὲ
769 2957 896 3026 περὶ
923 2957 1018 3010 τοῦ
1056 2960 1268 3030 πρώτου
1289 2965 1433 3034 λέγει
1461 2967 1558 3021 τοῦ
1584 2951 1912 3043 λαληθέντοξ

2018 2969 2164 3037 liqua
2220 2965 2385 3020 etiam
2425 2978 2551 3018 vera
2585 2970 2738 3025 sunt,
2767 2969 2822 3015 et
2847 2960 3120 3030 principio
3141 2974 3245 3014 suo
3266 2975 3600 3030 correspon-

330 3045 469 3113 πρὸς
519 3046 612 3098 τὸν
657 3047 868 3116 Ἀδάμ’
902 3051 1048 3104 Ἀπὸ
1080 3056 1310 3122 παντὸς
1338 3058 1471 3129 γὰρ,
1522 3065 1677 3133 φησι,
1719 3066 1913 3128 ξύλου

2018 3063 2173 3116 dent.
2209 3058 2467 3112 Fonasse
2519 3054 2686 3108 etiam
2738 3054 2806 3108 de
2855 3053 3048 3122 primis
3097 3052 3283 3108 verbis
3326 3052 3596 3121 loquitur,

332 3137 438 3191 τοῦ
468 3139 537 3191 ἐν
563 3136 643 3203 τῷ
665 3139 1032 3207 παραδείσῳ,
1063 3145 1292 3212 ,ϐρώσει
1319 3150 1537 3221 φάγοι),
1555 3155 1675 3210 ἀπὸ
1698 3156 1768 3210 δὲ
1803 3158 1911 3212 τοῦ

2018 3168 2138 3223 qua:
2168 3152 2387 3204 locutus
2414 3157 2499 3202 est
2541 3147 2800 3200 Dominus
2836 3146 2903 3199 ad
2931 3145 3104 3199 Adam
3146 3164 3159 3198 :
3197 3144 3274 3198 Ab
3310 3146 3476 3206 omni.
3511 3148 3599 3200 in-

332 3230 525 3294 εύλου
581 3233 687 3288 τοῦ
738 3235 1059 3302 γινώσκειν
1113 3240 1305 3294 καλὸν
1359 3245 1459 3296 καὶ
1503 3250 1796 3316 πονηρὸν,
1837 3253 1911 3306 οὐ

2018 3243 2235 3312 quiens,
2263 3241 2428 3309 ligno,
2456 3238 2594 3306 quod
2625 3239 2677 3290 in
2702 3235 2956 3305 paradiso
2979 3245 3078 3302 est,
3110 3235 3340 3300 comede,
3371 3236 3434 3290 de
3455 3235 3599 3304 ligno

328 3322 594 3393 φάγεσθε
644 3326 748 3379 ἀπ’
800 3328 1009 3383 αὑτοῦ.
1049 3325 1120 3402 ’ῌ
1149 3331 1200 3384 δ’
1251 3333 1328 3388 ἂν
1373 3336 1562 3405 ἡμέρᾳ
1611 3341 1907 3411 φάγησθε,

2018 3343 2189 3388 autem
2215 3333 2446 3386 scientiw
2475 3331 2599 3384 boni
2629 3339 2676 3383 et
2702 3329 2833 3381 mali
2858 3345 2959 3381 non
2982 3329 3287 3382 comedetis.
3354 3327 3418 3380 In
3464 3345 3600 3397 qua-

330 3415 567 3483 θανάτῳ
585 3419 1011 3476 ἀποθανεῖσθε.
1056 3425 1221 3494 Ἀρχή
1257 3443 1317 3478 τε
1368 3428 1473 3499 γὰρ
1503 3424 1662 3494 οὗτος
1690 3436 1717 3487 ὁ
1750 3432 1911 3503 λόγος

2018 3441 2220 3494 cunque
2266 3434 2443 3478 autem
2475 3422 2560 3474 die
2587 3421 2948 3483 comederitis,
2989 3429 3159 3473 morte
3191 3414 3492 3473 nioriemini
3528 3419 3594 3472 “.

328 3508 552 3563 πάντων
603 3510 713 3563 τῶν
753 3511 890 3582 πρὸς
939 3513 1031 3567 τὸν
1089 3515 1379 3586 ἄνθρωπον
1407 3519 1504 3573 τοῦ
1539 3521 1675 3576 Θεοῦ
1696 3525 1908 3590 λόγωνο

330 3599 431 3652 καὶ
495 3601 753 3655 τοσοῦτον
805 3603 1036 3673 ἀληθὴς,
1087 3605 1228 3660 ὥστε
1281 3614 1374 3662 καὶ
1401 3612 1542 3666 κατὰ
1585 3615 1788 3680 παντὸς
1813 3617 1909 3671 τοῦ

327 3690 522 3758 γένους
549 3695 710 3764 ἡμῶν
773 3696 915 3749 κατὰ
957 3698 1208 3768 διαδοχὴν
1243 3702 1548 3774 ἐκράτησεν
1582 3706 1610 3759 ὁ
1648 3707 1906 3773 θάνατος,

399 3873 505 3929 Καὶ
552 3877 638 3940 εἰς
680 3876 790 3929 τὸν
853 3877 1041 3933 αἰῶνα
1062 3880 1262 3936 πάντα
1294 3885 1366 3938 τὰ
1393 3886 1646 3955 κρίματα
1683 3889 1796 3958 τῆς
1821 3891 1909 3946 δι-

327 3969 664 4036 καιοσύνης
733 3987 874 4025 σου.
947 3973 1172 4038 Αἰὼνια,
1233 3977 1530 4039 ἀσάλευτα.
1603 3983 1713 4036 Καὶ
1768 3985 1908 4038 ἀνω-

322 4061 468 4130 τέρω
495 4061 602 4132 γὰρ
635 4057 810 4115 εἶπενο
852 4066 985 4118 ὀτι
1008 4067 1095 4133 εὶς
1131 4068 1240 4121 τὸν
1267 4067 1454 4123 αἰῶνα
1504 4072 1910 4144 ἐθεμελίωσας

325 4153 505 4207 αὑτά.

399 4249 724 4314 ’Ἄρχοντες
771 4245 1144 4313 κατεδίωξάν
1186 4270 1263 4320 με
1305 4253 1557 4322 δωρεὰν,
1616 4259 1714 4310 καὶ
1786 4258 1908 4313 ἀπὸ

322 4334 443 4390 τῶν
492 4338 691 4406 λόγων
748 4355 865 4393 σου
901 4341 1248 4404 ἐδειλίασεν
1300 4346 1340 4414 ἡ
1372 4347 1588 4414 καρδία
1626 4366 1764 4418 μου.
1790 4351 1907 4404 Οὐκ

322 4429 624 4489 ἑδειλίασεν
642 4431 738 4484 ἀπ’
762 4432 991 4489 ἐκείνων
1023 4434 1134 4489 τῶν
1168 4438 1608 4494 ἀποκτεινόντων
1626 4441 1686 4493 τὸ
1718 4442 1901 4510 σῶμα,

323 4522 460 4575 ἀλλὰ
490 4523 603 4577 ἀπὸ
632 4523 744 4577 τῶν
772 4524 946 4593 λόγων
985 4544 1104 4592 σου,
1144 4528 1255 4582 τῶν
1307 4530 1624 4600 δυναμένων
1657 4532 1752 4584 καὶ
1790 4532 1898 4601 ψυ-

323 4612 423 4683 χὴν
455 4616 550 4668 καὶ
593 4615 754 4686 σῶμα
809 4616 1073 4673 ἀπολέσαι
1120 4619 1180 4670 ὲν
1210 4621 1428 4692 γεέννῃ.
1457 4622 1748 4690 Τουτέστι,
1785 4624 1896 4688 Τὰς

324 4706 425 4769 σὰς
479 4708 700 4772 ἐντολὰς
756 4710 920 4764 πλέον
967 4711 1245 4784 ἐφοϐήθην
1325 4713 1359 4784 ἢ
1412 4714 1807 4779 ἐκείνωςκαὶ
1835 4716 1897 4768 οὗ

321 4793 409 4848 διὰ
458 4797 550 4850 τὸν
589 4797 756 4867 φόϐον
804 4799 1031 4854 ἐκείνων
1089 4800 1304 4872 ἔπραξά
1361 4819 1416 4855 τι
1470 4804 1622 4872 παρὰ
1665 4803 1894 4866 ταύτας.

321 4885 590 4942 Νοτιῦνται
612 4888 670 4942 δὲ
688 4889 951 4961 ἄρχοντες
998 4894 1091 4946 καὶ
1113 4893 1162 4946 οἱ
1185 4911 1252 4946 πε
1264 4895 1316 4964 pi.
1336 4895 1430 4947 τὸν
1449 4895 1644 4961 Σαοὺλ,
1676 4895 1736 4948 δν
1766 4895 1903 4949 πολ-

323 4977 480 5044 λάκις
510 4979 812 5051 δυνάμενος
865 4984 1079 5039 ἀνελεῖν
1126 4987 1406 5056 ἐφείσατο,
1445 4988 1770 5059 εὐλαϐηθεὶς
1803 4989 1902 5052 τὰς

323 5070 542 5136 ἐντολὰς
570 5071 664 5126 τοῦ
697 5073 856 5128 Θεοῦ.
881 5076 1172 5144 Ἄρχοντα
1225 5078 1358 5147 γὰρ,
1406 5079 1562 5149 φησὶ,
1592 5080 1701 5133 τοῦ
1745 5080 1902 5134 λαοῦ

325 5179 441 5218 σου
489 5165 601 5217 οὐκ
623 5163 778 5233 ἐρεῖς
800 5166 1020 5232 κακῶς.
1046 5169 1107 5221 Et
1122 5168 1168 5225 δ’
1193 5170 1256 5224 οὐ
1281 5170 1695 5242 κακολογήσεις,
1718 5172 1900 5226 πολλῶ

328 5250 527 5321 μᾶλλον
551 5254 650 5306 οὒκ
675 5254 1016 5321 ἀποκτενεῖς.

390 5523 856 5598 Ἀγαλλιάσομαι
886 5531 1000 5599 ἐγὼ
1019 5531 1114 5585 ἐπὶ
1141 5533 1210 5586 τὰ
1243 5535 1417 5604 ,ιόγιεὶ
1460 5552 1595 5600 σου,
1636 5539 1716 5603 ὡς
1739 5541 1895 5607 εὑρί-

2012 3516 2354 3585 Principium
2387 3515 2532 3568 enim
2561 3523 2640 3568 est
2676 3512 2764 3565 hic
2787 3525 2969 3565 sermo
3004 3512 3292 3566 verborum
3322 3511 3595 3576 omnium,

2011 3623 2136 3679 quae
2189 3625 2220 3662 a
2270 3607 2380 3661 Deo
2428 3608 2493 3660 ad
2554 3605 2832 3659 hominem
2885 3605 3029 3659 dicta
3086 3614 3270 3658 sunt:
3318 3605 3410 3674 qui
3453 3605 3593 3658 adeo

2011 3702 2175 3756 etiam
2210 3700 2312 3754 fuit
2341 3714 2524 3763 vcrus,
2559 3707 2617 3750 ut
2651 3697 2704 3748 in
2733 3697 3049 3750 universum
3084 3694 3386 3748 humanum
3415 3709 3592 3764 genus

2013 3804 2163 3844 mors
2207 3790 2497 3859 imperium
2530 3785 2851 3854 sumpserit.

2087 3879 2154 3934 Ει
2185 3881 2239 3934 in
2290 3878 2542 3934 sa'culum
2596 3878 2776 3932 omnia
2822 3875 3034 3944 judicia
3058 3875 3288 3946 justitiw
3316 3886 3442 3930 tute.
3480 3874 3594 3932 lloc

2010 3981 2117 4038 est,
2154 3986 2357 4029 aeterna
2393 3983 2524 4027 sunt
2578 3981 2745 4040 atque
2775 3970 3130 4023 inconcussa.
3172 3968 3307 4022 Nam
3335 3979 3391 4024 ct
3424 3984 3594 4040 supe-

2011 4068 2130 4121 rius
2170 4066 2310 4121 dixit
2343 4083 2358 4121 :
2391 4064 2531 4128 Quia
2561 4066 2614 4118 in
2647 4063 2902 4118 sarculum
2932 4061 3178 4130 fundasti
3208 4078 3295 4116 ea.

2079 4248 2246 4303 Vens.
2286 4247 2410 4301 161.
2458 4245 2738 4310 Principes
2765 4244 3028 4312 persecuti
3059 4251 3180 4296 sunt
3214 4259 3293 4295 me
3319 4244 3508 4309 gratis,
3541 4253 3591 4297 et

2007 4356 2044 4393 α
2071 4339 2242 4393 verbis
2271 4339 2375 4392 tuis
2400 4337 2707 4407 formidavit
2735 4351 2826 4389 cor
2852 4351 3046 4388 meum.
3077 4336 3195 4390 Non
3227 4340 3296 4389 ab
3337 4335 3448 4390 illis
3481 4334 3592 4390 for-

2011 4431 2241 4484 midavit
2272 4429 2366 4500 qui
2406 4425 2668 4484 occidunt
2721 4443 2945 4495 corpus,
2993 4428 3088 4481 sed
3135 4443 3164 4480 a
3203 4428 3385 4481 verbis
3416 4427 3525 4481 tuis
3573 4445 3587 4481 :

2006 4523 2135 4590 quia
2177 4531 2234 4575 tu
2269 4537 2376 4575 non
2414 4536 2617 4588 corpus
2653 4529 2890 4585 tantum,
2931 4520 3024 4575 sed
3063 4520 3302 4573 animam
3337 4519 3590 4573 occidere

2009 4621 2164 4683 potes
2192 4613 2249 4666 in
2305 4615 2579 4682 gehenna.
2613 4609 2726 4665 lloc
2757 4621 2863 4673 est,
2915 4610 3175 4664 Mandata
3206 4627 3307 4681 ego
3349 4623 3444 4665 tua
3473 4627 3592 4665 ma-

2007 4708 2094 4776 gis
2129 4706 2308 4769 timui,
2341 4719 2506 4775 quam
2542 4704 2734 4759 saeculi
2789 4703 2954 4772 hujus
3000 4703 3304 4772 principes,
3349 4705 3421 4758 ob
3451 4718 3591 4773 quo-

2005 4815 2129 4856 rum
2170 4801 2428 4855 timorem
2471 4814 2752 4870 nunquam
2793 4815 2894 4869 ego
2940 4800 3150 4869 aliquid
3198 4801 3464 4854 adversus
3495 4809 3588 4856 tua

2007 4891 2263 4946 commisi
2345 4891 2634 4946 mandata.
2701 4891 3015 4960 intelligere
3063 4893 3228 4947 etiam
3289 4906 3588 4962 possumus

2007 4982 2314 5051 principum
2385 4983 2632 5046 nomine,
2693 4984 2868 5050 ipsum
2941 4983 3074 5036 Saul
3156 5000 3360 5053 regem,
3421 4993 3586 5054 quem

2005 5089 2130 5128 cum
2175 5075 2371 5129 beatus
2414 5074 2581 5128 David
2630 5075 2887 5129 occidere
2927 5077 3129 5146 saepius
3180 5077 3472 5145 pomisset,
3515 5076 3588 5132 ob

2005 5168 2414 5222 venerationem
2455 5175 2640 5222 tamen
2683 5168 3068 5222 mandatorum
3137 5166 3231 5222 Dei
3294 5168 3584 5228 abstinuit.

2007 5256 2246 5324 Principi
2302 5259 2474 5324 enim,
2507 5259 2705 5328 inquit,
2742 5260 2924 5327 populi
2946 5261 3024 5311 tui
3051 5277 3154 5314 non
3193 5262 3471 5314 maledicos
3513 5259 3584 5316 “.

2003 5355 2159 5421 Quod
2216 5355 2260 5408 si
2319 5353 2649 5408 maledicere
2703 5353 3082 5422 prohibemur,
3147 5363 3356 5423 quanto
3407 5354 3584 5424 magis

2015 5450 2231 5514 laedere,
2274 5460 2369 5504 aut
2397 5449 2694 5503 occidere?

2074 5545 2240 5598 Vens.
2281 5544 2399 5598 169..
2450 5541 2743 5599 Exsuitubo
2775 5561 2862 5613 eg»
2907 5544 3289 5614 sup‘rercloqufa
3321 5553 3432 5607 tuo,
3471 5547 3577 5598 sic-

394 5704 443 5740 “
470 5703 846 5770 Bom.m.21).
927 5711 970 5748 τι
1000 5711 1135 5770 Gen.
1160 5730 1218 5782 ιι,
1262 5715 1457 5784 16,”.
1541 5720 1587 5753 ”
1619 5722 1786 5778 Exod.
1831 5723 2068 5792 “11,28.
