4134 6288
444 319 578 388 i181

1607 333 1993 397 CUMMEN'I‘.
2043 337 2118 394 lN
2165 335 2523 398 PSALMOS.

3550 328 3687 392 1182

436 441 622 507 σὰτω,
658 440 753 496 νῦν
777 441 854 509 δὲ,
914 443 1224 499 Εὶσέλθοιο
1262 446 1359 498 ἐὰν
1394 445 1501 516 γὰρ
1543 447 1764 519 ὲγγεσῃ,
1801 449 2013 510 πάντως

2125 451 2350 519 quidem
2418 450 2556 504 dixit
2601 447 3034 517 Appropinquet,
3095 443 3258 499 modo
3289 459 3418 498 vero
3497 443 3693 497 Intret.

435 535 533 587 καὶ
555 533 954 589 εἰσελεύσεται.

507 623 668 676 Κατὰ
716 623 782 675 τὸ
825 624 1036 694 λόγιόν
1055 638 1174 679 σου
1226 625 1447 691 ἐξελοῦ
1479 645 1576 696 με.
1599 626 1758 682 Κατὰ
1787 629 1888 698 τὴν
1923 647 2012 681 σο-

435 715 566 782 φίαν
618 733 713 769 σου
749 717 913 790 ῥῦσαί
971 736 1038 788 με
1078 719 1186 773 τῶν
1240 722 1588 792 πειρασμῶν,
1660 722 1693 792 ἢ
1751 721 1893 775 κατά
1919 722 2020 792 τὴν

435 808 729 879 ὑπόσχεσιν
759 828 875 871 σου,
919 811 1102 875 καθὼς
1145 813 1403 883 ἀνωτέρω
1441 814 1717 884 διαφόρως
1774 815 2017 884 εἴρηται.

435 903 546 957 Καὶ
578 904 761 969 ἰδικῶς
793 904 900 977 γὰρ
932 905 1132 976 αὑτῷὀ
1153 906 1284 970 Θεὸς
1320 907 1692 977 ἐπηγγείλατο
1736 907 2014 978 βοήθειαν.

502 1165 956 1238 Ἐξερεύεαιντο
986 1170 1058 1224 τὰ
1081 1171 1256 1241 χείλη
1284 1190 1400 1240 μου
1439 1171 1651 1239 ὕμνον,
1689 1169 1835 1224 ὅταν
1853 1168 2016 1224 διδά-

437 1254 550 1323 ξῃς
567 1275 643 1325 με
672 1258 741 1312 τὰ
772 1258 1133 1329 δικαιώματὰ
1152 1279 1290 1316 σου.
1310 1262 1620 1327 Ἐξενέγκοι
1649 1261 1822 1332 ὕμνον
1849 1262 2015 1332 εὐχα-

436 1351 738 1420 ριστήριον,
763 1352 893 1404 ὅταν
914 1353 1133 1426 διδάξῃς
1161 1371 1226 1424 με
1253 1355 1318 1407 τὰ
1346 1353 1694 1424 δικαιώματά
1733 1369 1828 1406 σου
1858 1369 2014 1407 συνε-

430 1439 692 1510 τώτερον,
751 1442 921 1514 ὕμνον
978 1446 1162 1509 ίδικῶς
1217 1449 1662 1517 εὐχαριστήριον,
1709 1446 1850 1512 ὑπὲρ
1910 1445 2014 1515 τῆς

430 1535 756 1608 εὐεργεσίας
794 1541 1021 1612 ταύτης.
1051 1540 1289 1611 Εὖχεται
1314 1541 1369 1594 δὲ
1390 1541 1550 1594 τοῦτο
1584 1540 1682 1610 τὴν
1710 1539 2012 1608 ὲπιϐυμίαν

431 1629 740 1697 ἐμφαίνων.

2121 544 2256 599 Nam
2291 544 2336 598 si
2367 541 2916 612 appmpinquaverit,
2947 540 3173 594 omnino
3199 539 3364 593 etiam
3401 536 3654 590 intrabit.

2193 630 2489 686 Secundum
2512 630 2778 700 eloquium
2805 640 2951 681 tuum
2976 629 3116 694 eripe
3141 643 3242 679 me.
3285 623 3446 678 Juxta
3478 624 3696 692 sapien-

2120 726 2254 781 tiam
2313 736 2465 778 tuam
2539 725 2714 778 libera
2774 738 2860 776 me
2910 722 2979 775 ab
3058 719 3471 774 atliictionibns.
3547 715 3694 768 Vel:

2118 816 2280 873 Juxta
2320 818 2743 887 pl‘OlltiSSlOﬂCtll
2776 826 2947 875 tuam,
2996 811 3462 884 quemadmodum
3509 820 3562 863 et
3597 823 3695 858 su-

2121 908 2308 974 perius
2333 908 2543 961 dictum
2575 916 2679 962 est.
2737 907 2869 960 Nam
2899 903 3154 976 privatim
3187 900 3450 956 Dominus
3482 899 3531 953 ei
3571 897 3692 966 pol.

2121 1000 2306 1054 licitns
2338 1000 2540 1066 fuerat,
2574 1000 2841 1054 auxilium
2905 1007 3070 1067 atque
3120 1009 3277 1064 opem
3311 1007 3469 1050 suam
3527 1005 3586 1045 se
3618 989 3694 1042 illi

2118 1089 2362 1160 prtestitu
2372 1106 2490 1143 rum
2522 1105 2663 1144 esse.

2187 1180 2355 1236 Vens.
2397 1181 2519 1234 ΠΙ.
2555 1179 2814 1233 Eructent
2845 1178 2990 1232 labia
3017 1195 3132 1232 mea
3161 1177 3414 1246 hymnum
3450 1186 3567 1224 cum
3597 1167 3695 1222 do-

2102 1273 2286 1328 .cueris
2327 1290 2406 1325 me
2443 1273 2857 1342 justiﬁcationes
2906 1285 3048 1325 tuas.
3083 1269 3257 1323 Simul
3311 1283 3374 1320 ac
3422 1260 3667 1335 justilica

2125 1364 2306 1421 tiones
2336 1376 2458 1421 tuas
2498 1367 2798 1436 sapientius
2839 1382 2923 1420 me
2956 1365 3240 1424 docueris,
3292 1362 3554 1431 hymnum
3597 1355 3698 1408 ali-

2122 1474 2286 1527 quem
2331 1460 2385 1511 iu
2420 1460 2722 1529 gratiarum
2748 1461 3043 1520 actionem,
3093 1471 3212 1509 mea
3249 1453 3477 1508 efferant
3506 1448 3648 1502 labia
3681 1465 3694 1501 :

2120 1553 2410 1624 hymnum,
2453 1553 2576 1607 dico
2606 1553 2880 1621 privatum
2925 1553 3161 1619 aliquem
3215 1547 3307 1616 qui
3355 1559 3453 1613 pro
3505 1540 3702 1610 hujus-

2122 1641 2267 1696 modi
2296 1643 2544 1712 acceptis
2570 1643 2857 1696 beneﬁciis
2890 1641 2944 1694 in
2989 1637 3203 1692 laudem
3236 1647 3407 1697 tuam,
3440 1644 3604 1702 atque
3641 1632 3696 1682 iu

429 1721 732 1789 gratiarum
787 1724 1063 1779 actionem
1114 1726 1470 1795 conscriptus
1506 1728 1603 1783 sit.
1660 1727 1778 1786 Hoc
1824 1738 2010 1784 autem
2049 1733 2322 1790 orationis
2356 1745 2408 1789 et
2447 1749 2670 1805 precum
2708 1747 2910 1805 genere
2946 1747 3106 1784 suum
3179 1727 3452 1796 Propheta
3517 1720 3699 1776 omni-

431 1817 535 1874 bus
562 1817 1011 1872 ardentissimum
1049 1821 1394 1874 demonstrat
1428 1821 1795 1877 desiderium.

499 1911 822 1982 Φθέγξοιτο
867 1914 906 1982 ἠ
946 1913 1198 1983 γλῶσσά
1241 1934 1362 1985 μου
1391 1918 1460 1971 τὰ
1499 1917 1675 1987 λόγιά
1725 1935 1864 1973 σου.
1905 1918 2013 1972 ’Δεὶ

2191 1919 2360 1975 Vsus.
2405 1919 2528 1972 172.
2571 1916 2897 1972 Promtntiat
2924 1917 3108 1986 lingua
3166 1929 3278 1965 utea
3323 1910 3529 1978 eloquia
3583 1916 3700 1959 tua.

427 2003 602 2059 ταῦτα
661 2004 994 2074 φθέγξαιτο,
1033 2005 1194 2059 τοῦτο
1256 2007 1354 2077 μὲν
1415 2009 1718 2076 μελετῶσα,
1757 2009 1917 2063 τοῦτο
1961 2009 2018 2063 δὲ

428 2095 651 2166 ἑτέρους
686 2096 1016 2150 διδάσκουσα
1044 2099 1143 2151 κει).
1181 2099 1348 2168 μηδὲν
1367 2098 1558 2166 ἕτερον
1611 2099 2016 2171 ἀσχολουμένη.

498 2276 624 2332 Ὅτι
651 2275 841 2332 πᾶσαι
865 2279 926 2330 al
949 2277 1196 2332 ἐντολαι
1226 2294 1344 2332 σου
1374 2277 1756 2346 δικαιοσύνη.
1819 2279 2004 2331 Εὐθύο

426 2386 527 2438 της
549 2370 855 2423 εὐθυνοῦσα
880 2371 972 2423 τὸν
1003 2369 1140 2438 βίον,
1167 2371 1265 2424 καὶ
1298 2371 1643 2442 ῥυθμίζουσα
1669 2375 1763 2425 τὸν
1789 2372 2012 2443 ἄνθρω-

426 2479 549 2516 πον.
589 2463 697 2516 Καὶ
719 2463 1014 2534 προλαϐὼν
1040 2462 1096 2518 δὲ
1127 2460 1272 2519 εἷπε·
1335 2467 1700 2534 Δικαιοσύνη
1750 2465 1823 2519 τὰ
1866 2483 2018 2536 μαρ-

426 2554 602 2623 τύριά
638 2570 781 2610 σου.

497 2735 778 2790 Γενέσθω
807 2738 847 2804 ἠ
870 2737 999 2806 χείρ
1028 2753 1145 2792 σου
1172 2738 1280 2793 τοῦ
1303 2738 1505 2793 σῶσαί
1533 2757 1632 2808 με,
1673 2739 1761 2793 ὅτι
1780 2743 1888 2807 τὰς
1920 2743 2017 2794 tr-

428 2828 614 2896 tonr;
639 2843 758 2882 σου
805 2829 1199 2898 ῂρετισάμην.
1232 2830 1495 2883 Τοιοῦτόν
1536 2832 1654 2885 ἐστι
1693 2833 1789 2886 καὶ
1834 2833 2015 2903 τοῦτο,

426 2918 540 2977 οἷον
570 2922 740 2976 καὶτὸ
753 2921 914 2989 Γενῇ
927 2940 1031 2992 μοι
1047 2926 1133 2989 εἰς
1152 2922 1304 2976 Θεὸν
1323 2925 1817 2992 ὑπερασπιστήν.
1837 2929 2017 2997 Παραο

427 3016 674 3085 γενέσθω
701 3018 795 3070 ἐπὶ
821 3017 900 3087 τῷ
937 3016 1110 3070 σῶσαί
1159 3033 1269 3086 με·
1339 3017 1587 3085 γενέσθω
1643 3019 1725 3081 εἰς
1778 3019 1838 3072 τὺ
1905 3021 2014 3074 σῶ·

429 3109 523 3163 σαί
553 3127 645 3179 με.
1644 3182 1649 3185 _

514 3204 898 3269 Ἐπεπόθησα
931 3202 996 3255 τὸ
1017 3202 1318 3268 σωτήριόν
1369 3219 1508 3266 σου,
1573 3204 1773 3272 Κύριε,
1816 3206 1918 3260 καί
1981 3210 2017 3261 ὁ

2125 2011 2362 2066 Assidue
2392 2027 2453 2065 ea
2495 2013 2773 2081 loquatur,
2829 2011 2903 2063 ita
2963 2017 3021 2062 ut
3069 2021 3286 2074 semper
3344 2001 3554 2059 eadem,
3608 2006 3704 2051 aut

2124 2103 2375 2167 mediter,
2439 2112 2535 2156 aut
2593 2104 2734 2157 alios
2785 2102 3033 2163 doceam,
3092 2107 3145 2152 et
3202 2097 3333 2150 nulli
3379 2095 3452 2147 rei
3483 2091 3575 2146 alii
3615 2105 3702 2142 va-

2122 2209 2264 2251 CCIII.

2197 2286 2336 2352 Quia
2367 2289 2542 2341 omnia
2575 2288 2832 2340 mandata
2882 2295 2972 2336 tua
3010 2282 3258 2351 justitia.
3294 2275 3407 2332 Hoc
3454 2286 3560 2338 est,
3619 2288 3701 2327 rc-

2122 2381 2358 2443 ctitudo,
2395 2396 2490 2434 seu
2524 2379 2794 2440 directio;
2827 2377 3106 2434 mandata,
3162 2374 3410 2440 inquam.
3447 2379 3538 2421 tua
3599 2366 3701 2418 bu-

2124 2487 2343 2526 manam
2377 2474 2544 2526 vitam
2577 2471 2938 2525 moderantia.
2987 2465 3314 2535 Huiusmodi
3364 2471 3546 2514 autem
3583 2472 3704 2513 ser-

2122 2579 2282 2618 mone
2314 2565 2570 2634 superius
2618 2567 2782 2619 etiam
2843 2577 2977 2616 usus
3029 2569 3137 2624 est,
3201 2557 3393 2610 dicens
3422 2550 3702 2610 .Judicia,

2124 2659 2417 2711 testimonia
2454 2669 2566 2710 tua.

2199 2751 2363 2805 Vnus.
2399 2753 2522 2804 175.
2573 2749 2688 2803 Fiat
2724 2766 2910 2802 manus
2966 2757 3079 2809 tua,
3135 2752 3191 2796 ut
3221 2743 3384 2796 salve!
3417 2755 3521 2801 me,
3578 2736 3704 2803 quia

2120 2850 2381 2899 mandata
2415 2854 2505 2895 tua
2540 2843 2694 2912 elegi.
2737 2840 3025 2902 Adveniat,
3054 2847 3111 2890 ut
3138 2837 3311 2889 salvct
3353 2850 3459 2885 me.
3498 2828 3705 2896 Hujus-

2120 2938 2268 2994 modi
2323 2937 2455 2990 illud
2515 2945 2618 3001 est,
2655 2933 2801 3003 quod
2836 2933 2963 2986 alibi
3000 2932 3234 3000 legimus
3268 2947 3280 2979 :
3326 2925 3452 2978 Esto
3504 2922 3628 2976 mihi
3653 2922 3706 2974 in

2121 3030 2283 3085 Deum
2313 3028 2685 3097 Tprotectorem
2717 3027 2784 3078 ".

2186 3210 2516 3267 “535.174.
2571 3208 2860 3277 Concupivi
2927 3204 3164 3258 salutare
3227 3210 3397 3258 tuum,
3461 3194 3702 3253 Domine,

425 3300 614 3365 νόμος
634 3311 751 3348 σου
776 3294 998 3362 μελέτη
1023 3295 1142 3362 μού
1163 3295 1321 3348 ἐστι.
1351 3294 1708 3363 Ἑπεπόοησα
1739 3297 1838 3367 τὴν
1864 3297 2013 3368 παρὰ

2118 3317 2165 3361 et
2196 3306 2280 3360 lea:
2321 3317 2409 3359 tua
2445 3305 2717 3358 meditatio
2756 3318 2870 3354 mea
2922 3307 3018 3352 est.
3045 3297 3294 3350 Salutem
3348 3304 3468 3345 eam
3500 3301 3708 3342 concu-

430 3389 532 3444 σοῦ
560 3388 864 3456 σωτηρίαν,
897 3387 960 3438 οὐ
993 3385 1092 3455 τὴν
1115 3386 1247 3454 παρ’
1271 3385 1568 3455 ἀνθρώπου
1614 3386 1893 3458 βοήθειαν.
1924 3389 2013 3442 Διὸ

2118 3397 2251 3468 pivi,
2304 3411 2424 3467 qua:
2454 3412 2484 3449 a
2535 3405 2587 3449 te
2623 3403 2730 3457 est,
2760 3401 2815 3445 et
2855 3405 2962 3443 non
3022 3388 3324 3441 humanum
3360 3375 3581 3447 aliquod
3609 3389 3707 3428 au-

427 3483 527 3536 καὶ
565 3483 594 3534 ὁ
618 3481 784 3548 νόμος
809 3496 903 3531 σου
940 3476 1141 3548 μελέτη
1179 3476 1280 3547 μού
1319 3480 1500 3542 ἐστιν,
1558 3479 1644 3530 ἵνα
1672 3479 1760 3532 διὰ
1810 3480 2013 3550 ταύτην

2118 3490 2311 3544 xilium
2350 3507 2363 3542 :
2401 3496 2565 3556 atque
2636 3486 2758 3539 ideo
2823 3483 2911 3536 lex
2951 3491 3044 3534 tua
3083 3475 3370 3531 meditatio
3417 3485 3534 3524 mea
3601 3474 3707 3532 est,

428 3575 575 3647 ῥύσῃ
595 3591 662 3642 με
686 3572 795 3624 τῶν
822 3570 1059 3641 ἐχθρῶν.
1080 3570 1243 3632 Ἴσως
1267 3570 1325 3622 δὲ
1348 3570 1445 3621 καὶ
1469 3570 1715 3639 περὶτῆς
1739 3570 2017 3641 ὲνανθρω-

428 3669 654 3739 πήσεως
687 3663 781 3717 τοῦ
811 3663 1071 3732 Σωτῆρος
1100 3662 1252 3729 λέγει
1275 3679 1288 3692 ·
1316 3660 1462 3732 αὕτη
1492 3661 1600 3732 γάρ
1626 3663 1899 3732 σωτήριον
1918 3664 2017 3718 τοῦ

2121 3591 2185 3634 ιιι
2221 3595 2318 3648 per
2353 3594 2474 3633 eam
2529 3579 2598 3631 ab
2655 3577 3010 3630 inimicorum
3078 3568 3295 3624 insidiis
3356 3578 3443 3618 me
3479 3559 3704 3628 eripias.

2120 3673 2360 3729 Possunt
2388 3673 2501 3726 haec
2536 3673 2703 3726 etiam
2753 3668 2978 3738 intelligi
3016 3665 3161 3718 dicta
3197 3676 3320 3717 esse
3352 3658 3418 3712 dc
3450 3655 3707 3709 Salvato-

430 3760 641 3829 κόσμου
676 3754 986 3826 παράὑτοῦ
1007 3772 1023 3784 ·
1056 3753 1299 3824 Ἐτέχθη
1333 3755 1470 3822 γὰρ,
1502 3754 1858 3823 φησιν,ὐμῖν
1901 3755 2013 3821 σή-

2121 3768 2201 3821 ris
2242 3766 2418 3819 nostri
2473 3764 2876 3826 incarnatione,
2918 3775 3040 3829 quae
3087 3754 3361 3826 quoddam
3394 3748 3582 3802 mundi
3616 3760 3708 3798 sa-

426 3856 610 3919 μερον
642 3847 845 3915 Σωτήρ
875 3863 888 3875 ·
923 3847 1060 3915 ὅπερ
1081 3847 1352 3916 σωτήριον
1409 3846 1729 3916 ὲπεπόθησα
1759 3847 1911 3912 ίδεῖν,
1939 3849 2017 3911 ὡς

430 3945 524 3994 καὶ
546 3943 602 3994 ὲν
625 3940 811 4003 ἄλλοις
842 3939 1152 4010 εἰρήκαμεν
1171 3953 1185 3967 ·
1217 3940 1308 3990 καὶ
1350 3937 1416 3991 '0
1449 3940 1636 4006 νόμος
1657 3953 1775 3992 σου
1787 3939 2012 4007 μελέτη

424 4035 544 4104 μού
576 4034 766 4098 ἐστιν,
794 4032 869 4094 ὡς
905 4032 974 4083 τὰ
1009 4031 1138 4099 περὶ
1164 4029 1259 4083 τοῦ
1295 4029 1566 4099 σωτηρίου
1593 4031 1788 4084 τούτου
1849 4049 2012 4086 σκια-

427 4127 660 4196 γραφῶν
693 4129 790 4179 καὶ
810 4124 1285 4195 ὑπαινιττόμενος.

2123 3863 2299 3916 lutarc
2349 3875 2377 3912 a
2433 3858 2542 3912 [leo
2593 3860 2824 3911 missum
2879 3854 3078 3907 merito
3137 3847 3446 3917 appellatur
3503 3839 3706 3909 (Natus

2117 3960 2196 4004 est
2229 3951 2402 4012 enim,
2455 3948 2654 4016 inquit,
2704 3947 2853 3999 nobis
2889 3944 3046 3996 hodie
3102 3939 3350 3994 Salvator
3403 3936 3502 4000 ⁸⁷),
3556 3929 3707 3999 quod

2116 4043 2377 4106 salutare,
2430 4040 2700 4108 Propheta
2726 4047 2913 4092 noster
2953 4034 3142 4087 videre
3192 4031 3464 4099 optabat:
3509 4041 3706 4092 quem-

2116 4133 2410 4187 admodum
2497 4133 2624 4186 alibi
2702 4131 2965 4184 diximus.
3035 4124 3190 4179 Unde
3247 4124 3444 4176 merito
3474 4118 3703 4173 subdit:

427 4223 542 4278 Lex
567 4235 660 4276 tua
687 4222 964 4274 meditatio
985 4236 1097 4273 mea
1127 4230 1226 4280 εει,
1257 4220 1564 4291 νεΙυιιριιιιω
1594 4222 1663 4276 de
1685 4222 2003 4291 huiusmodi

2118 4244 2425 4297 'ponttmero
2475 4231 2722 4300 loquitur
2764 4227 3040 4284 salutari:
3110 4223 3329 4276 tametsi
3386 4219 3706 4274 adumbratc

428 4325 593 4384 atque
637 4316 878 4369 obscure
910 4315 1202 4367 admodum
1239 4315 1372 4369 illud
1399 4316 1558 4370 nobis
1617 4316 1915 4387 signiﬁcet.

499 4407 753 4474 Ζήσετιιι
783 4407 822 4474 ἡ
852 4406 1023 4474 ψυχή
1045 4423 1184 4474 μου.
1239 4408 1336 4462 καὶ
1368 4409 1596 4463 αἰνέσει
1643 4425 1739 4469 σε.
1771 4413 1868 4464 καὶ
1945 4415 2019 4466 τὰ

427 4497 686 4568 κρίματά
743 4513 865 4550 σου
917 4497 1224 4563 βοηθήσει
1270 4516 1398 4568 μοι.
1461 4501 2015 4571 Ζήσεταιτὴνῦντως

428 4591 598 4660 ζωὴν,
632 4590 722 4642 ὅτε
787 4587 1186 4641 ἀπελεύσονται
1218 4590 1268 4642 οί
1297 4590 1368 4643 τὰ
1427 4591 1610 4658 ἀγαθά
1682 4597 2013 4663 ποιήσαντες

427 4685 509 4745 είς
541 4681 686 4752 ζωὴν
716 4680 962 4746 αἰώνιον,
1013 4682 1112 4732 καὶ
1153 4683 1368 4734 αἰνέσει
1399 4685 1521 4735 τότε
1574 4684 1912 4754 ὑψηλότερόν
1949 4701 2009 4737 τε

427 4778 524 4828 καὶ
547 4774 885 4843 τελεώτερον
905 4789 919 4806 ⁸
953 4774 1049 4827 καὶ
1078 4773 1148 4826 τὰ
1177 4775 1427 4845 κρίματά
1457 4794 1551 4828 σου
1579 4778 1650 4829 τὰ
1689 4779 1856 4847 νοητὰ
1885 4778 2011 4848 βοη-

427 4867 586 4935 Θήσει
619 4883 708 4934 μοι
744 4863 1044 4932 φυλάξαντι
1075 4862 1274 4925 ταῦτα.
1316 4865 1413 4917 καὶ
1445 4866 1763 4936 παρρησίαν
1807 4869 2008 4937 προξε-

431 4959 607 5026 νήσει.
639 4956 774 5009 Τινά
804 4955 863 5007 δὲ
902 4954 1012 5007 τῶν
1028 4955 1407 5025 ἀντιγράφων,
1428 4956 1690 5021 (quacro,
1711 4960 2010 5028 γράφουσι,

432 5053 524 5104 ut
549 5047 878 5116 βοηθήσοι,
901 5047 1201 5118 εὐχομένου
1226 5049 1322 5101 τοῦ
1349 5051 1632 5118 προφήτου
1678 5051 1843 5117 ζῆσαι
1863 5053 2009 5123 ζωὴν

427 5144 686 5210 ινάρετον
708 5155 724 5171 ⁶
786 5138 928 5210 αὕτη
961 5140 1068 5210 γὰρ
1100 5138 1290 5206 κύριος
1318 5139 1456 5210 ζωήο
1510 5140 1607 5194 καὶ
1671 5141 2010 5212 βοηθηθῆναι

428 5239 510 5300 είς
537 5236 695 5289 τοῦτο
725 5235 876 5306 παρά
903 5234 1000 5287 τοῦ
1023 5238 1190 5302 νόμου
1234 5233 1532 5299 ίθύνοντος,
1581 5236 1679 5288 καὶ
1715 5233 2012 5304 ῥυθμίζου-

428 5345 520 5390 τος
552 5328 738 5390 αὑτὸν,
775 5326 849 5388 ὡς
884 5327 1242 5398 προεέρηται.

499 5418 980 5487 Ἐπλανήθηιαώς
1003 5418 1302 5486 πρόϐατον
1349 5420 1666 5489 ἀπολωλός
1692 5439 1706 5454 ο
1740 5422 2004 5490 ζήτησον

429 5513 538 5565 τὸν
556 5510 782 5564 δοῦλόν
809 5525 950 5573 σου,
973 5511 1063 5563 ὅτι
1087 5510 1193 5577 τὰς
1209 5510 1467 5576 ἐντολάς
1491 5529 1608 5568 σου
1639 5518 1750 5569 οὐκ
1783 5517 2002 5570 ἐπελα-

428 5607 640 5674 θόμην.
672 5603 1039 5674 Ἐπλανήθην,
1067 5604 1170 5656 οὐκ
1207 5603 1479 5668 ἀπολέσας
1517 5605 1614 5676 τὴν
1635 5606 1756 5661 ὁδζν
1786 5607 1894 5662 τῶν
1918 5610 2001 5661 ἐν-

503 5781 550 5817 ⁸⁸
582 5781 722 5837 l'sal.
754 5797 879 5845 xu,
910 5781 961 5835 5.
1042 5782 1083 5812 "
1113 5781 1244 5837 Luc.
1275 5797 1333 5848 ll,
1360 5782 1419 5836 ll

2197 4411 2360 4466 Vens.
2392 4412 2516 4466 “’5.
2563 4411 2706 4464 Vivet
2741 4410 2922 4462 anima
2972 4423 3108 4470 mea,
3162 4415 3211 4458 et
3245 4401 3486 4455 laudabit
3539 4409 3608 4462 te,
3656 4399 3704 4451 εί

2114 4506 2322 4574 judicia
2355 4513 2448 4554 tua
2479 4502 2803 4570 adjuvabunt
2839 4516 2937 4552 me.
2962 4499 3117 4553 Vivet.
3161 4496 3339 4548 anima
3362 4505 3478 4544 mea
3513 4503 3699 4542 veram

2121 4599 2308 4659 vitam,
2341 4594 2560 4664 quando
2600 4595 2694 4662 qui
2746 4595 2888 4646 lunia
2922 4591 3193 4649 fecerunt,
3251 4587 3406 4639 ibunt
3447 4586 3500 4636 in
3535 4583 3700 4633 vitam

2115 4702 2375 4744 a-ternam
2407 4706 2420 4749 ;
2455 4696 2510 4740 et
2542 4686 2781 4739 laudabit
2806 4695 2858 4738 te
2894 4692 3030 4737 tunc
3064 4679 3358 4734 sublimius
3412 4684 3465 4729 et
3522 4672 3702 4742 perle-

2113 4786 2278 4835 ctius.
2332 4781 2400 4834 Et
2433 4781 2637 4848 judicia
2701 4790 2792 4832 tua
2833 4778 3026 4846 legalia
3070 4772 3406 4840 adjuvahunt
3434 4785 3542 4830 me,
3575 4765 3700 4835 quia

2117 4889 2178 4928 ea
2216 4874 2449 4935 servavi,
2491 4882 2677 4926 etnon
2718 4873 3051 4926 mediocrem
3093 4867 3222 4920 mihi
3267 4862 3522 4917 ﬁduciam
3558 4874 3699 4928 pra:-

2116 4965 2361 5020 stabunt.
2409 4965 2666 5032 Quadam
2697 4981 2830 5018 vero
2872 4959 3208 5030 exemplaria
3246 4958 3446 5010 habent
3503 4960 3701 5021 optan-

2118 5060 2190 5114 tis
2233 5059 2285 5111 in
2328 5059 2550 5112 modum
2589 5076 2603 5113 :
2661 5057 2812 5110 Vivat
2847 5065 2894 5108 et
2927 5054 3195 5120 adjuvent,
3242 5050 3314 5102 ita
3349 5058 3406 5100 ut
3438 5051 3698 5114 precetur

2115 5150 2392 5220 Propheta
2432 5152 2790 5205 \iverevitam
2828 5166 2896 5203 ex
2939 5150 3160 5212 virtute,
3207 5139 3565 5211 qumproprie
3586 5139 3694 5192 vita

2117 5253 2202 5297 est
2231 5261 2244 5296 :
2276 5254 2330 5297 et
2359 5243 2609 5311 adjuvari
2647 5243 2714 5294 ad
2750 5243 2853 5294 hoc
2903 5255 2931 5291 a
2966 5241 3104 5308 lege,
3157 5253 3277 5306 qua:
3331 5234 3535 5302 dirigat
3569 5245 3695 5284 eum

2115 5345 2169 5387 et
2207 5333 2545 5396 moderetur,
2582 5343 2641 5386 ut
2678 5333 2995 5400 praedictum
3021 5342 3121 5383 est.

2186 5419 2351 5476 VEBS.
2388 5421 2508 5475 176.
2590 5420 2788 5474 Erravi
2859 5422 2992 5472 sicut
3050 5418 3157 5470 oris
3223 5413 3429 5481 perdita
3467 5425 3694 5477 :qua're

2113 5529 2321 5566 servum
2363 5522 2530 5576 tuum,
2572 5513 2697 5581 quia
2731 5514 2981 5563 mandata
3025 5521 3115 5560 tua
3149 5522 3253 5559 nou
3305 5519 3419 5556 sum
3474 5500 3688 5553 oblitus.

2117 5605 2333 5672 I‘eravi,
2375 5620 2483 5660 non
2516 5604 2796 5675 deperdita
2841 5603 2935 5656 aut
2969 5602 3160 5655 relicta
3190 5598 3270 5652 via
3303 5595 3684 5648 mandatorum
