4134 6288
424 402 559 471 1185

1588 402 1977 465 COMMENT.
2023 401 2106 462 IN
2148 398 2508 461 PSALMOS.

3531 396 3675 458 1186

417 519 621 592 ψαλμῷ
671 519 1009 591 γέγραπται,
1071 518 1200 576 Evilat
1264 520 1328 573 τὸ
1357 520 1597 574 Ἀδικίαν
1644 520 1726 582 εἰς
1774 517 1838 571 τὸ
1868 516 1999 586 ὕψος

2122 529 2212 569 cui
2261 512 2489 582 injusta.
2542 526 2603 564 ea
2635 508 2905 579 intelligit,
2973 522 3093 577 qua!
3128 505 3454 573 iujuslitiam
3489 507 3541 561 iu
3571 510 3683 561 altu
3724 505 3729 509 ’

421 614 719 683 ἐλάλησαν,
751 613 848 667 καὶ
874 613 943 666 τὰ
970 612 1082 666 τῶν
1105 612 1493 682 συκοφαντῶν,
1525 613 1621 664 καὶ
1675 609 1861 674 ἁπλῶς
1890 605 1998 662 τῶν

424 703 760 776 παρανόμων
792 703 1031 760 πάντων.
1061 704 1287 759 Γλῶσσα
1310 704 1368 759 δὲ
1396 704 1545 757 δολία
1576 703 1610 775 ἢ
1641 702 1824 757 αὐτῶν
1871 702 1999 755 τού-

423 812 554 861 των,
582 796 615 868 ἢ
630 795 740 847 τῶν
757 794 1252 851 ἐπιϐουλευόντων.

501 1059 564 1112 Τί
581 1058 782 1127 δοθείη
802 1075 920 1122 σοι,
939 1060 1039 1113 καὶ
1062 1059 1121 1113 τί
1144 1061 1503 1127 προστεθειή
1520 1073 1618 1113 σοι
1635 1061 1786 1127 πρὸς
1808 1061 2004 1126 γλῶσ-

424 1167 547 1205 σαν
570 1151 823 1215 δο.ἰὶιιν;
858 1152 1087 1219 Ἕτερος
1117 1153 1174 1205 δέ
1209 1170 1376 1224 φητιν
1405 1152 1780 1223 ἑρμηνευτὴς,
1823 1154 1882 1205 Τί
1906 1150 2005 1205 δο-

425 1240 677 1306 θήσεταὲ
745 1257 866 1302 σοι,
912 1242 1011 1294 καί
1062 1242 1122 1295 τί
1177 1242 1658 1311 προστεθήσεταί
1698 1256 1798 1295 σοι
1854 1242 2004 1309 πρὸς

427 1334 717 1404 γλῶσσαν
740 1332 995 1396 δολίαη
1022 1324 1168 1406 Πρὸς
1196 1336 1305 1405 γὰρ
1333 1334 1424 1388 τὸν
1448 1335 1760 1388 ἱκετεύοντα
1787 1335 1816 1387 ό
1865 1352 2005 1401 προς

429 1427 604 1495 φητης
633 1424 986 1496 ἀποκρίνεται
1020 1426 1430 1496 πυνθανόμενος
1460 1426 1527 1481 ΤΞ
1586 1427 1873 1496 δοθήσεταί
1923 1445 2005 1480 σοι

428 1520 522 1571 καὶ
550 1518 1056 1589 τίπροστεοήσεταί
1106 1536 1191 1572 σοι
1240 1520 1583 1590 ἀμυντήριον
1630 1516 1766 1590 πρὸς
1823 1518 2006 1587 γλῶσ-

430 1626 530 1662 σαν
552 1608 732 1663 δολίαν
758 1629 773 1677 ;
816 1612 1102 1681 Ἐμφαίνει
1132 1611 1189 1665 δὲ
1211 1614 1240 1666 ό
1273 1611 1428 1679 λόγος
1477 1610 1511 1681 ἢ
1542 1612 1625 1665 ὅτι
1653 1607 2006 1677 δυσκαταγώ-

429 1720 610 1768 νιστος
672 1703 814 1774 αὕτη
860 1704 948 1757 διὰ
1013 1704 1279 1775 πονηρίας
1337 1702 1668 1773 ὑπερϐολὴν,
1711 1700 1745 1775 ἢ
1794 1703 1876 1755 ὅτι
1945 1702 2008 1754 οὗ

430 1797 588 1866 χρεία
648 1813 730 1850 σοι
777 1797 1153 1868 ἀμυντηρίου·
1192 1794 1331 1865 αὕτη
1384 1797 1494 1869 γὰρ
1540 1796 1574 1865 η
1613 1793 1857 1866 δολιότης
1906 1793 2005 1865 ἀρ-

432 1887 601 1941 κοῦσα
626 1887 720 1941 τοῦ
748 1888 924 1943 δολίου
957 1889 1221 1959 τιμωρία.

507 2071 583 2126 Τὰ
631 2069 792 2138 ,βέλη
859 2068 969 2125 τοῦ
1018 2068 1285 2125 δυνατοῦ
1333 2066 1683 2140 ἠκονημένα
1714 2065 1842 2123 σὺν
1888 2064 2017 2135 τοῖς

432 2160 682 2230 ἄνθραξι
714 2160 838 2228 τοῖς
888 2159 1211 2231 ἐρημικοῖς.
1264 2161 1375 2217 Kal.
1417 2160 1579 2215 τοῦτο
1645 2160 1780 2231 πρὸς
1831 2176 2015 2230 παρη-

436 2253 625 2323 γορίαν
652 2252 749 2307 τοῦ
782 2252 1142 2318 ἱκετεύοντος,
1171 2253 1249 2324 μὴ
1305 2252 1538 2324 ἀθυμεῖν
1596 2252 2011 2323 ὑποτιθέμενον.

437 2348 550 2399 Καὶ
580 2348 691 2417 γὰρ
726 2347 795 2401 τὰ
854 2344 984 2418 βέλη
1035 2344 1133 2400 τοῦ
1187 2345 1417 2400 δυνατοῦ
1480 2344 1617 2400 Θεοῦ
1699 2347 2019 2417 ἠκονημένα

435 2437 577 2492 κατὰ
613 2437 945 2510 παρανόμων
1001 2437 1099 2491 καὶ
1126 2436 1322 2491 δολίων
1371 2436 1512 2507 μετά
1562 2435 1854 2508 ἀνθράκων
1885 2440 2018 2510 ἐρη-

440 2530 720 2600 μοποιῶν,
750 2528 893 2584 ὥστε
922 2530 1165 2601 τέμνειν,
1194 2529 1293 2584 καὶ
1319 2530 1537 2600 καίεινλ
1578 2531 1675 2584 καὶ
1733 2530 2019 2599 ἀφανίζειν

436 2622 656 2686 αὐτούς.
685 2622 826 2694 Βὲλη
860 2622 922 2677 δὲ
977 2622 1076 2679 παλ.
1116 2622 1401 2694 ἄνθρακας
1448 2622 1548 2687 τὰς
1584 2622 1881 2694 διαφόρους
1932 2640 2020 2677 τι-

441 2714 652 2786 μωρίας
685 2713 992 2785 ὠνόμασεν.
1041 2714 1305 2786 Ἐνόησαν
1332 2712 1389 2768 δέ
1438 2732 1579 2779 τινες
1630 2715 1859 2769 δυνατὸν
1918 2714 2020 2787 μὲν

436 2808 533 2861 τὸν
571 2806 839 2875 διάὁολον,
891 2806 969 2871 ὡς
1016 2806 1388 2878 κατισχύοντα
1434 2806 1545 2861 τῶν
1600 2807 2016 2879 ῥᾳθυμούντων·

444 2900 574 2971 βέλη
602 2900 656 2954 δὲ
686 2899 855 2956 αὐτοῦ
885 2899 1203 2970 ἠκονημένα
1233 2900 1353 2969 μετ’
1386 2898 1682 2971 ἀνθράκων
1727 2901 2017 2970 ἀφανιστι-

442 2992 560 3048 κῶν
603 2994 732 3057 τοὺς
782 2993 1057 3062 ἐμπαθεῖς
1097 2993 1414 3065 λογισμοὺς,
1450 2992 1619 3058 ὀξέως
1653 2993 2019 3060 εἰσδύνοντας,

442 3087 542 3141 καλ
564 3084 1033 3157 ἐμπιμπρῶντας,
1082 3084 1177 3138 καὶ
1221 3085 1592 3155 ἀφανίζοντας
1647 3084 1748 3156 τὴν
1794 3084 2018 3155 ἀρετήν’

2104 606 2424 676 loquuntur,
2482 602 2945 673 quemadmodum
2996 601 3047 653 in
3121 614 3270 653 Lxxn
3303 600 3513 669 psalmo
3539 601 3681 656 scri-

2103 708 2256 769 ptum
2296 705 2417 763 est;
2454 696 2535 748 νιτί
2596 693 3072 758 calumniantium,
3110 702 3162 747 et
3205 696 3519 762 iniquorqu
3583 695 3685 746 ho-

2105 792 2309 843 minum
2340 789 2501 843 labia.
2560 787 2826 856 Linguam
2870 788 3035 839 etiam
3086 787 3330 841 delusum
3365 785 3683 840 cnrumdetn

2105 882 2342 950 linguam
2441 880 2695 950 appellat,
2788 877 2868 930 νιιί
2948 879 3232 947 speciatim
3298 878 3682 933 insidiatorum

2105 973 2346 1041 linguam

2183 1060 2350 1115 Vsus.
2380 1061 2433 1114 5.
2479 1059 2617 1125 Quid
2639 1058 2794 1112 detur
2818 1057 2913 1111 tibi
2930 1065 2978 1112 et
3005 1059 3132 1127 quid
3160 1070 3458 1128 apponatur
3491 1059 3585 1112 tibi
3616 1075 3686 1111 an

2107 1152 2341 1221 linguam
2366 1152 2649 1209 dolosam?
2709 1152 2859 1206 Alius
2899 1152 3167 1221 interpres
3218 1154 3451 1206 reddidit.
3489 1168 3505 1207 :
3541 1152 3685 1216 Quid

2104 1247 2323 1301 dabitur
2350 1247 2463 1313 tibi,
2484 1260 2530 1301 ct
2555 1248 2680 1317 quid
2711 1247 3052 1314 apponatur?
3081 1247 3159 1299 Ad
3183 1246 3361 1315 ipsum
3385 1248 3533 1299 enim
3554 1260 3690 1313 sup-

2109 1340 2397 1411 plicantem
2416 1341 2681 1409 Propheta
2696 1355 3005 1395 sermonem
3023 1339 3296 1395 convertit
3312 1339 3686 1407 interrogans.

2108 1442 2357 1497 qua‘nam
2391 1428 2439 1480 ei
2471 1426 2747 1491 defensio,
2779 1442 2875 1480 seu
2910 1442 3159 1497 qua-nam
3195 1428 3418 1482 dabitur
3445 1426 3687 1480 vindicta

2112 1518 2377 1573 adversus
2435 1516 2683 1571 dnlosam
2732 1518 2978 1588 linguam
3034 1517 3201 1572 illaut.
3253 1517 3318 1570 Et
3356 1517 3691 1589 signiﬁcare

2112 1611 2273 1667 nobis
2302 1611 2520 1665 videtur
2550 1611 2653 1664 hoc
2705 1626 2997 1674 sermone.
3044 1611 3127 1666 vel
3180 1612 3323 1681 quod
3373 1607 3691 1679 hujusmodi

2114 1705 2296 1775 lingua
2329 1703 2398 1758 ob
2424 1718 2696 1758 summam
2752 1716 2909 1756 suam
2940 1703 3335 1772 malignitatem
3375 1703 3693 1759 diilicillimc

2115 1797 2316 1868 poterit
2341 1795 2632 1867 superari,
2673 1795 2756 1850 vel
2785 1794 2930 1864 quod
2962 1794 3108 1848 nulla
3141 1794 3189 1849 ei
3236 1793 3560 1851 defensione
3595 1806 3693 1848 aut

2042 1863 2087 1920 Β
2117 1889 2354 1945 vindicta
2395 1888 2667 1943 adversus
2703 1886 2867 1941 talem
2916 1886 3159 1956 linguam
3208 1900 3352 1957 Opus
3398 1895 3521 1941 est:
3567 1902 3690 1940 cutn

2117 1981 2312 2037 doloso
2339 1980 2543 2035 homini
2578 1980 2737 2035 dolus
2770 1978 2887 2048 ipse
2918 1979 3053 2033 satis
3081 1979 3261 2049 ampla
3294 1978 3365 2033 sit
3395 1993 3579 2047 pinna.

2200 2074 2365 2130 Vens.
2398 2074 2452 2128 4.
2479 2071 2703 2144 Sagitta:
2743 2074 2966 2142 potentis
3012 2080 3183 2126 acuta
3213 2087 3331 2126 cum
3377 2072 3698 2127 carbonibus

2117 2166 2478 2223 desalatoriis.
2516 2166 2631 2221 lloc
2659 2167 2827 2221 etiam
2852 2180 2883 2220 a
2910 2164 3179 2234 Propheta
3208 2165 3275 2220 ad
3321 2166 3691 2237 supplicantis

2118 2261 2300 2331 pepuli
2326 2258 2760 2315 consolationem
2812 2257 3022 2313 dictum
3073 2266 3152 2313 est
3182 2297 3197 2323 ,
3248 2259 3338 2313 cui
3374 2258 3461 2315 his
3510 2260 3696 2315 verbis
3735 2330 3741 2337 ι

2119 2350 2353 2406 suadere
2380 2350 2595 2417 nititur,
2630 2349 2963 2405 tristandum
2994 2348 3044 2405 ci
3073 2350 3299 2407 minime
3344 2366 3468 2407 csse
3491 2390 3507 2413 .
3572 2367 3696 2406 cum

2122 2444 2357 2514 potentis
2393 2442 2486 2497 Dei
2530 2442 2744 2509 sagittae
2780 2449 2958 2496 acutas
3010 2438 3219 2497 cll‘ectae
3264 2442 3377 2499 sint
3428 2443 3702 2501 adversus

2120 2534 2345 2605 iniquos
2436 2542 2492 2587 et
2520 2531 2746 2589 dolosas
2771 2572 2786 2597 ,
2813 2542 2869 2588 ct
2909 2546 3036 2587 cum
3091 2530 3442 2589 desolatoriis
3488 2534 3701 2603 pariter

2119 2626 2453 2682 carbonibus
2481 2634 2707 2696 paratae,
2779 2624 2853 2678 ita
2885 2632 2946 2678 ut
2982 2624 3153 2694 iniqui
3210 2624 3354 2680 ferro
3411 2626 3696 2690 caedendi,

2119 2727 2288 2791 atque
2313 2721 2437 2790 igne
2484 2717 2751 2774 exureudi
2779 2758 2795 2783 ,
2853 2726 2908 2772 et
2938 2718 3155 2788 penitus
3185 2717 3400 2773 delendi
3429 2719 3559 2774 sint.
3594 2716 3701 2775 Per

2121 2811 2350 2882 sagittas
2380 2818 2558 2864 autem
2592 2816 2645 2863 et
2680 2809 2949 2863 carbones
2983 2798 3133 2862 varia
3170 2808 3568 2878 suppliciorum
3634 2825 3700 2865 ac

2122 2917 2412 2975 ptenarum
2448 2915 2646 2970 genera
2676 2900 2950 2972 intelligit.
2995 2899 3231 2966 Quidam
3274 2916 3405 2957 vero
3456 2917 3552 2971 per
3599 2918 3698 2973 po-

2122 3003 2329 3051 tentem
2365 2995 2467 3049 hoc
2496 2993 2550 3046 in
2587 2993 2710 3047 loco
2768 2991 3049 3047 diabolum
3083 2992 3389 3062 signiﬁcari
3419 2992 3706 3061 dixerunt,

2124 3098 2384 3157 tanquam
2413 3085 2835 3140 inralescentem
2857 3086 3123 3140 adversus
3146 3085 3478 3156 negligentes
3535 3099 3706 3158 atque

442 3176 541 3241 οὓς
597 3176 693 3232 καὶ
721 3178 748 3231 ό
792 3174 1123 3240 ’Δπόστολος
1168 3174 1301 3245 βέλη
1325 3177 1697 3247 πεπυρωμένα
1741 3176 2020 3231 ἐκάλεσεν.

2131 3181 2355 3245 inertes,
2375 3188 2431 3235 et
2451 3194 2549 3251 per
2568 3178 2794 3248 sagittas
2820 3193 2941 3232 cum
2966 3177 3303 3233 carbonibus
3321 3179 3692 3243 desolatoriis,

442 3266 579 3324 Εἶτα
598 3270 763 3325 πάλιν
789 3271 818 3323 ό
843 3268 1001 3337 λόγος
1020 3268 1129 3324 ἀπὸ
1160 3265 1255 3321 τοῦ
1274 3266 1634 3334 ἱκετεύοντος.

2131 3275 2493 3346 cogitationes
2545 3287 2906 3342 quascunque
2963 3272 3283 3343 passionum
3347 3281 3511 3343 atquc
3575 3274 3707 3330 alle-

439 3371 630 3419 ctuum
660 3361 872 3433 plenas.
935 3364 1071 3419 Nam
1101 3371 1156 3419 et
1186 3363 1297 3418 cito
1330 3367 1655 3437 sagittarum
1695 3367 1876 3425 instar
1924 3380 2233 3441 penetrant,
2263 3370 2666 3434 etcarbonum,
2716 3372 2818 3424 hoc
2878 3378 2985 3435 est,
3041 3370 3350 3425 ardentium
3405 3386 3703 3439 prunarum

439 3455 619 3513 instar
645 3456 968 3524 incendunt,
996 3464 1051 3512 et
1084 3456 1342 3512 virtutem
1366 3458 1550 3514 delent
1576 3478 1590 3513 :
1622 3462 2009 3534 quasqucipse
2045 3465 2214 3520 etiam
2245 3463 2552 3534 Apostolus
2575 3462 2844 3518 carbones
2871 3460 3014 3532 ignis
3052 3462 3343 3532 appellavit
3373 3461 3444 3518 ⁸⁸.
3499 3461 3708 3519 Deinde

442 3567 637 3609 rursus
666 3563 851 3607 sermo
871 3560 956 3605 est
986 3564 1053 3605 ex
1090 3564 1327 3621 persona
1371 3553 1735 3622 supplicantis
1788 3557 1973 3626 populi
2016 3555 2304 3627 (sequitur
2343 3554 2535 3617 enim)
2572 3569 2587 3606 :

515 3644 810 3715 auocat.
850 3645 890 3715 ἡ
936 3645 1220 3716 παροικία
1260 3663 1382 3715 μου
1438 3649 1803 3718 ἐμακρύνθη.
1865 3650 1927 3704 Ἦ
1967 3650 2028 3704 ὲν

445 3736 757 3807 Βαϐυλῶνι,
798 3736 835 3810 ἢ
886 3737 947 3793 ἔν
1002 3737 1389 3811 αἰχμαλωσίᾳο
1421 3738 1755 3811 ἀποδύρεται
1806 3744 1917 3814 γὰρ
1968 3741 2030 3796 τδ

447 3831 711 3894 πολυετὲς
740 3830 935 3902 αὐτῆς.

518 3920 971 3991 Κατεσκήνωσα
998 3923 1148 3991 μετὰ
1187 3919 1305 3976 τῶν
1348 3924 1758 3994 σκηνωμάτων
1802 3924 2024 3995 Κηδὰρ.

449 4017 636 4073 Μέσον
659 4017 771 4069 τῶν
797 4016 1179 4084 σκηνωμάτων
1225 4016 1449 4087 Κηδάρ·
1505 4018 1865 4072 ἀποκλαίεται
1922 4021 2030 4091 γὰρ

450 4108 548 4164 καὶ
598 4106 780 4162 τοῦτο.
809 4106 1005 4177 Κηδάρ
1046 4106 1104 4160 δὲ
1156 4106 1310 4179 χώρα
1356 4107 1437 4171 τίς
1486 4108 1604 4163 ἐστι
1646 4111 2029 4182 παρακειμένη

452 4202 845 4269 Βαϐυλωνίοις,
874 4201 1172 4272 οἰκήτορας
1207 4200 1410 4272 ἔχουσα
1462 4200 1787 4276 pasam-5;-
1845 4205 1903 4257 ὲν
1950 4196 2032 4264 οἷς

437 4298 550 4374 θεαὶ
569 4296 769 4360 αὐτοὺς
796 4296 848 4349 οἰ
876 4294 1211 4349 Βαϐυλώνιοι
1245 4294 1485 4365 σκηνοῦν
1509 4294 1727 4361 ἔταξαν.
1768 4296 1925 4349 Ἐπεὶ
1969 4295 2028 4347 δὲ

455 4391 653 4462 Κηδάρ
679 4389 1033 4459 σκοτασμὸς
1055 4387 1447 4459 ἑρμηνεύεται,
1481 4388 1708 4451 εἰκότως
1738 4387 2034 4459 ορηνοῦσιν

451 4486 502 4540 οἰ
557 4480 1027 4554 κατασκηνοῦντες
1090 4482 1149 4537 ἰν
1199 4483 1311 4545 τοῖς
1382 4480 1705 4553 σκηνώμασι
1758 4481 1853 4537 τοῦ
1904 4498 2034 4535 σκο-

2205 3650 2368 3706 Vtztts.
2397 3650 2450 3705 5.
2471 3648 2591 3703 Heu
2623 3648 2770 3711 milii,
2798 3646 2924 3717 quia
2947 3646 3302 3717 peregrinatio
3344 3662 3458 3702 mea
3495 3649 3711 3716 prolon-

2126 3749 2255 3817 gata
2282 3751 2383 3799 cu.
2419 3741 2480 3796 In
2514 3739 2793 3810 Babylone
2828 3739 3109 3802 nimirum,
3142 3754 3237 3795 seu
3265 3741 3319 3796 in
3372 3741 3708 3813 captivitate,

2128 3834 2287 3904 cujus
2309 3848 2457 3888 nunc
2489 3831 2907 3887 diuturnitatem
2935 3829 3209 3899 deplorat.

2202 3924 2454 3979 Habitaoi
2483 3939 2601 3977 cum
2642 3921 2997 3975 tabernaculis
3038 3918 3235 3975 Cedat.
3288 3921 3539 3976 l‘laliitavi
3573 3964 3588 3985 .
3625 3923 3711 3978 in-

2131 4019 2274 4090 quit,
2301 4017 2355 4071 in
2390 4016 2570 4071 medio
2594 4015 3071 4069 tabernaculorum
3108 4012 3304 4069 Ccdar.
3331 4014 3482 4071 llanc
3502 4017 3708 4071 etenim

2132 4109 2415 4166 miseriam
2445 4108 2607 4163 etiam
2632 4106 2903 4176 deplorat.
2939 4106 3118 4163 Ccdar
3150 4115 3333 4163 autem
3380 4107 3532 4179 regio
3563 4122 3714 4178 qua-

2132 4202 2257 4256 dam
2284 4212 2369 4255 est
2419 4198 2676 4269 Babyloni
2710 4199 2978 4267 proxima.
3005 4213 3126 4264 quae
3147 4197 3492 4253 habitatores
3511 4213 3712 4268 pravos

2133 4291 2392 4347 habebat.
2428 4291 2574 4346 Inter
2624 4292 2725 4345 hos
2754 4304 2881 4345 vero
2907 4290 3190 4360 Babylonii
3213 4287 3432 4345 Iudaeos
3457 4290 3706 4346 habitare

2135 4392 2462 4442 statuerant.
2488 4384 2552 4439 Et
2571 4383 2694 4451 quia
2711 4383 2887 4437 Cedar
2930 4384 3320 4451 interpretatur
3335 4382 3717 4445 obtenebratio.

2141 4478 2337 4532 merito
2367 4476 2404 4531 ii
2436 4475 2529 4531 uui
2564 4479 2705 4529 inter
2748 4476 3093 4530 tenebrarum
3149 4474 3506 4529 tabernacula
3562 4476 3718 4529 habio

455 4576 691 4648 τασμοῦ.
723 4575 1068 4646 Σκηνώματα
1096 4573 1154 4627 δὲ
1181 4574 1493 4644 σκοτασμοῦ
1548 4576 1581 4646 ή
1610 4576 1669 4629 ὲν
1691 4575 1804 4639 τοῖς
1837 4575 2020 4629 πάθεσξ

2142 4574 2283 4632 iant,
2318 4567 2706 4622 lamentantur.
2758 4566 3062 4621 Possumus
3122 4573 3303 4620 autem
3358 4566 3720 4621 tenebrarum

453 4671 732 4744 διατριϐὴ,
754 4671 865 4734 τοίς
889 4667 1198 4733 σκοτίζουσι
1232 4667 1323 4720 τὸν
1343 4665 1503 4722 νοῦν.

529 4932 738 4989 Πολλὰ
759 4930 1123 5001 παρῴκησεν
1154 4931 1193 4999 ἡ
1246 4931 1417 5001 ψυχή
1471 4948 1613 5001 μου.
1679 4931 1861 4988 Πολλά
1916 4931 2035 5005 ἔτη,

461 5025 629 5079 πολὺν
656 5023 986 5096 παρῴκησεν
1015 5024 1207 5093 καιρὸν
1242 5026 1301 5077 ἐν
1328 5026 1394 5095 τῇ
1424 5024 1798 5095 αἰχμαλωσίᾳ.
1862 5024 1871 5030 ’

536 5117 699 5173 Μετὰ
725 5116 847 5170 τῶν
864 5117 1210 5187 μισούντων
1231 5116 1343 5182 τὴν
1373 5116 1643 5186 εἰρήνην,
1673 5117 1836 5188 ἤμην
1878 5120 2037 5188 εἰρη-

459 5210 650 5277 νικός.
717 5210 874 5264 Μετὰ
915 5210 1027 5263 τῶν
1076 5209 1395 5279 φιλονείκων
1450 5211 1703 5274 ἐκείνων,
1766 5210 1874 5265 τῶν
1938 5210 2039 5282 τῆς

461 5302 652 5375 mea?
710 5302 1011 5375 ιίρήνευον,
1057 5302 1159 5357 οὐκ
1200 5303 1596 5374 ἀνθιστάμενος
1658 5304 1843 5368 αὐτοῖς
1908 5307 2040 5377 περὶ

464 5392 720 5466 βιωτικοῦ
772 5409 919 5457 τινος
947 5392 1297 5466 πράγματος,
1348 5393 1487 5448 ἀλλά
1536 5395 1908 5467 παραχωρῶν,
1960 5396 2037 5459 ώς

464 5483 834 5554 αἰχμάλωτος.
866 5484 1117 5539 Παιδεύει
1145 5485 1200 5539 δί
1235 5486 1332 5539 καὶ
1364 5486 1514 5558 ἡμᾶς
1560 5486 1589 5538 ό
1635 5486 1789 5555 λόγος
1858 5486 2037 5539 τοιοὺο

464 5592 590 5641 τους
613 5577 881 5645 γίνεσθαι,
914 5577 1008 5630 καὶ
1034 5579 1172 5648 μετὰ
1203 5580 1425 5635 πάντων
1477 5577 1783 5652 εἰρηνεύειν
1802 5592 1817 5609 ·
1852 5580 1901 5631 εἰ
1931 5579 2042 5649 γὰρ

467 5669 737 5737 μετὰτῶν
793 5669 1096 5740 μισούντων
1146 5672 1246 5743 τὴν
1300 5672 1544 5746 εἰρήνην,
1606 5671 1784 5744 πολλῷ
1842 5672 2044 5744 μᾶλλον

543 5850 590 5883 ⁸⁸
619 5847 782 5907 Rern.
828 5864 928 5917 ιιι,
958 5849 1050 5907 20.

2140 4659 2554 4714 tabernaculum
2585 4658 2881 4727 appellare,
2916 4671 3126 4711 moram
3161 4656 3305 4710 illam
3335 4698 3350 4721 ,
3379 4671 3444 4711 ac
3485 4673 3725 4713 consue-

2140 4752 2406 4814 tudinem,
2441 4766 2606 4820 quam
2642 4750 2767 4819 quis
2796 4752 2940 4805 inter
2984 4748 3153 4803 animi
3206 4748 3430 4805 affectus
3489 4757 3542 4805 ct
3593 4765 3723 4820 pas-

2142 4846 2330 4900 siones
2362 4842 2537 4903 ducit.
2572 4856 2693 4912 qua:
2728 4849 2961 4895 mentem
2995 4842 3384 4897 obteuebrant.

2217 4934 2447 4989 Multum
2474 4936 2806 5004 peregrinata
2847 4942 2926 4988 est
2957 4933 3138 4987 anima
3158 4950 3296 4987 mea.
3328 4931 3515 4987 Multis
3560 4932 3723 4987 annis

2143 5043 2208 5083 ac
2240 5028 2398 5097 longo
2424 5036 2667 5097 tempore
2705 5028 2756 5079 in
2786 5027 3101 5093 captivitate
3138 5028 3426 5098 peregrina
3458 5025 3583 5079 fuit.

2217 5119 2377 5173 Vsus.
2403 5118 2456 5173 6.
2476 5118 2605 5175 Cum
2628 5119 2691 5172 iis
2709 5120 2799 5187 qui
2819 5117 3041 5171 oderant
3064 5132 3267 5186 pacem,
3281 5133 3427 5170 eram
3447 5116 3723 5187 paciﬁcus.

2141 5211 2277 5268 Cum
2309 5211 2668 5269 contentiosis
2687 5210 2794 5264 illis
2823 5209 3138 5264 hominibus
3163 5208 3359 5272 Cedar,
3382 5223 3569 5278 pacem
3596 5223 3727 5277 age-

2144 5306 2422 5371 bam,ncc
2445 5319 2542 5374 pro
2570 5304 2843 5358 mundana
2887 5309 2984 5356 aut
3034 5300 3324 5370 temporali
3375 5314 3431 5355 re
3483 5299 3590 5353 ulla
3645 5302 3728 5355 eis

2144 5398 2512 5454 adversabar:
2544 5397 2814 5468 quinimo.
2848 5405 2906 5452 ut
2935 5394 3182 5464 captivus
3230 5392 3416 5447 omnia
3465 5392 3574 5447 illis
3602 5407 3731 5462 pcr-

2147 5492 2452 5546 mittcbam.
2487 5491 2752 5546 llocemur
2774 5499 2957 5543 autem
2987 5488 3075 5543 bis
3110 5486 3297 5541 verbis
3333 5486 3465 5541 tales
3520 5486 3631 5539 ﬁeri
3671 5494 3729 5539 ct

2150 5597 2252 5637 nos
2280 5622 2295 5644 .
2322 5596 2444 5636 cum
2475 5581 2733 5635 omnibus
2764 5578 2975 5634 scilicet
3005 5590 3192 5646 pacem
3243 5575 3461 5628 habere.
3507 5573 3640 5627 Nam
3678 5575 3727 5625 si

2151 5687 2276 5731 cum
2308 5671 2376 5729 iis
2405 5672 2593 5738 etiam,
2625 5671 2717 5741 qui
2753 5686 2940 5739 pacein
2972 5669 3144 5738 ipsam
3178 5666 3433 5731 oderunt,
3469 5663 3732 5728 paciﬁcos
