4134 6288
483 318 618 384 1187
1702 323 2084 384 EUTHYMII

2139 325 2503 388 ZIGABENI
3110 389 3132 410 ,
3587 334 3721 399 uas

473 448 574 488 nos
598 448 717 487 esse
750 433 1156 504 docet,quanto
1190 435 1361 504 magis
1407 450 1530 490 eum
1581 437 1645 490 iis
1702 441 1794 506 qui
1848 456 2035 509 pacein
2073 449 2105 501 Α

2087 449 2112 501 ι
2147 448 2288 512 μετὰ
2318 447 2428 496 τῶν
2455 446 2796 513 ἀγαπώντων
2827 445 3020 518 αὐτήν.
3063 446 3329 516 Ἐσόμεοα
3357 448 3416 500 δὲ
3473 454 3719 515 τοιοῦτοι,

474 525 780 577 amaverint
814 526 826 578 !
865 526 1078 580 Erimus
1109 535 1290 579 autem
1318 527 1490 592 tales,
1524 530 1567 582 si
1603 532 1763 584 veluti
1794 533 2042 600 hospites

2145 537 2240 588 ἐὰν
2267 536 2342 599 ὡς
2367 536 2508 602 ξένοι
2545 537 2937 609 διατρίϐωμεν,
2982 540 3079 592 ἐάν
3138 539 3214 602 ὡς
3262 541 3520 610 πάροικοι
3573 542 3722 597 πολι·-

473 623 636 684 atque
662 618 829 670 exteri
865 618 916 670 in
945 619 1047 673 hoc
1103 620 1305 673 mundo
1355 621 1668 685 vixerimus,
1706 626 1748 679 si
1783 634 2041 693 tanquam

2149 629 2460 698 τευώμεθα,
2497 631 2572 700 μὴ
2613 633 2822 701 σφόδρα
2873 633 2981 685 τῶν
3011 634 3298 705 παρόντων
3351 635 3717 704 ἀντεχόμενοι,

470 708 740 776 peregrini
789 712 1277 776 conversabimur,
1332 729 1442 765 non
1490 719 1890 769 contendentes
1940 732 2039 785 pro

1889 756 1890 764 η
1940 732 2039 785 pro
2147 722 2283 791 μηδ’
2318 721 2392 784 ὡς
2417 725 2797 793 παραμένουσι
2827 727 3256 796 προστρέχοντες
3287 727 3521 789 τούτοις.

471 801 826 868 prarseutibus
859 802 1020 871 hujus
1053 805 1237 857 seculi
1271 804 1454 868 rebus,
1496 821 1670 875 neque
1703 807 1944 860 animum
1985 811 2038 860 in
2079 810 2158 864 eis
2193 816 2349 882 quasi
2382 816 2434 869 in
2465 817 2911 885 permanentibus
2977 834 3038 871 ac
3079 820 3354 888 perpetuis
3400 820 3560 874 rebus
3617 835 3720 890 po-

467 902 681 948 IICHICS.

534 984 667 1038 Cum
718 985 966 1053 loquebar
1015 987 1147 1049 illis,
1191 991 1567 1057 oppugnabant
1605 1007 1684 1044 me
1729 993 1922 1064 gratis.
1972 1022 2035 1031 ——

2218 996 2404 1048 Ὅταν
2428 994 2697 1049 ἐλάλουν
2721 997 2945 1062 αὐτοις,
2982 994 3325 1064 ἐπολέμουν
3360 1013 3438 1065 με
3468 997 3718 1066 δωρεάν.

471 1081 648 1136 Gratis
673 1082 812 1135 dixit
840 1098 936 1150 pro
971 1084 1080 1137 sine
1121 1101 1286 1139 causa
1312 1126 1326 1150 ,
1361 1087 1567 1139 nullam
1623 1088 1882 1141 nimirum
1937 1106 2031 1143 oc-

2144 1090 2314 1143 Ὅταν
2343 1089 2565 1142 ἐλάλουν
2584 1089 2766 1153 αὐτοῖς
2793 1091 3071 1160 εἰρηνικὰ,
3100 1090 3402 1158 ἐπολέμουν
3425 1106 3493 1159 με
3518 1092 3717 1159 μάτην,

457 1175 735 1229 casionem
769 1175 1051 1238 habentes,
1077 1177 1172 1230 scd
1209 1185 1412 1233 temere
1438 1182 1619 1233 omnia
1645 1183 2034 1236 administran-

2144 1183 2416 1254 μηδεμίαν
2447 1182 2700 1253 ἀφορμὴν
2739 1182 2975 1253 ἔχοντες,
3001 1184 3098 1236 καὶ
3130 1183 3251 1237 οὐδὲ
3281 1182 3400 1236 τότε
3423 1182 3719 1253 ἐφείδοντοο

460 1278 541 1322 tes
577 1283 591 1322 :
622 1266 767 1336 quod
798 1283 862 1321 ex
889 1283 955 1322 eo
999 1271 1310 1338 perspicere
1354 1272 1519 1335 licet,
1572 1276 1716 1343 quod
1770 1291 1866 1328 nec
1906 1286 2032 1329 tunc

1380 1273 1480 1325 icet
1505 1313 1519 1335 ,
1572 1276 1716 1343 quod
1770 1291 1866 1328 nec
1906 1286 2032 1329 tunc
2138 1279 2253 1344 ἐγὼ
2287 1276 2360 1357 δὲ..
2384 1277 2478 1328 καὶ
2510 1275 2684 1338 οὕτως
2709 1277 3012 1346 είρὴνευον.

456 1359 753 1428 parcebant
792 1361 948 1423 milii,
983 1361 1204 1430 quando
1238 1379 1338 1434 ego
1379 1368 1604 1434 pacilicc
1626 1367 1854 1437 agebam
1901 1382 2027 1421 cum

456 1455 562 1509 eis.

922 1573 1203 1628 Canticum
1239 1593 1570 1630 asreusuum.

2561 1568 2699 1639 ᾨδὴ
2730 1567 2838 1623 τῶν
2889 1571 2950 1622 Ἀ
2958 1565 3290 1637 ναϐαθμῶν.

976 1685 1297 1743 PSALMUS
1337 1689 1501 1744 CXX.

2701 1685 2997 1739 ΨΛΛΜΟΣ
3026 1685 3159 1738 PK’.

520 1795 694 1854 Vens.
728 1802 778 1854 Ι.
811 1800 997 1856 Levavi
1035 1802 1213 1858 oculos
1246 1821 1385 1858 meos
1418 1807 1470 1859 in
1509 1819 1707 1862 montes
1732 1849 1746 1872 ,
1779 1811 1914 1864 unde
1947 1828 2028 1865 ve-
2060 1846 2102 1903 Β

2086 1847 2102 1903 ι
2207 1800 2361 1872 ἿΙριῑ
2399 1799 2543 1866 τοὺς
2575 1798 2923 1867 ὀφθαλμούς
2943 1815 3063 1866 μου
3110 1799 3198 1862 εἰς
3255 1794 3329 1849 τὰ
3381 1795 3513 1864 ὄρη,
3552 1795 3718 1902 ,ὅθεν

451 1891 554 1945 uie!
589 1892 848 1945 auxilium
889 1893 1040 1949 mihi.
1085 1892 1197 1947 Iloc
1246 1898 1460 1951 cantico
1505 1913 1566 1951 ca
1605 1900 1771 1953 verba
1824 1902 2022 1968 przedi-
2060 1885 2083 1903 ι

2087 1885 2102 1903 ’
2136 1898 2266 1965 ἣξει
2299 1896 2337 1962 ἡ
2359 1893 2611 1959 βοήθειά
2639 1910 2780 1960 μου.
2831 1886 2980 1958 Αὕτη
3039 1891 3073 1959 ἠ
3135 1889 3244 1960 ᾠδὴ
3289 1885 3624 1958 προφητεύει
3679 1889 3719 1942 ἃ.

449 1995 649 2038 cuntur
676 2000 708 2039 a
743 1983 1013 2053 Propheta
1035 2023 1054 2048 ,
1098 2001 1220 2055 qua:
1267 1986 1472 2040 dicturi
1514 1999 1672 2043 erant
1705 1987 2018 2047 Judzeorum

2129 1992 2337 2057 ελεγον,
2367 1990 2664 2057 ἀρξάμενοι
2713 1984 3046 2039 άναεαίνειν.
3094 1985 3232 2052 Ὀρη
3258 1982 3315 2034 δὲ
3385 1981 3534 2051 λέγει
3589 1983 3717 2044 τοὺς

447 2075 651 2144 «aptivi
680 2115 697 2138 ,
727 2090 853 2128 cum
881 2091 946 2129 cx
1001 2075 1272 2146 Babylone
1319 2078 1622 2134 discessuri
1672 2092 1859 2135 essent
1893 2123 1908 2147 ,
1967 2091 2023 2139 et

2128 2083 2392 2153 οὐρανοὺς
2449 2080 2538 2132 διὰ
2569 2079 2628 2131 τὺ
2653 2077 2812 2144 ὓῲος.
2855 2075 3097 2129 Ἐκεῖθεν
3129 2077 3238 2146 γὰρ
3259 2072 3490 2142 ἠλπιζον
3539 2071 3717 2126 ἐλθεῖν

447 2171 732 2225 ascensuri
763 2172 818 2225 iu
844 2169 1167 2225 Jerusalem.
1203 2170 1306 2226 Per
1360 2183 1573 2226 montes
1617 2185 1800 2230 autem
1846 2175 2020 2231 ccelos

2128 2177 2314 2237 αὐτοῖς
2400 2173 2498 2243 τὴν
2574 2171 2781 2242 συνήθη
2859 2169 3150 2239 ειήθειαν,
3231 2165 3716 2238 παραπέμπουσαν

448 2261 740 2334 intelligit.
768 2262 840 2317 ob
861 2277 1131 2317 summam
1168 2265 1380 2318 scilicet
1413 2280 1604 2319 eorum
1650 2267 2019 2322 altitudinem.

1766 2267 2019 2322 .udineut.
2121 2262 2414 2324 ~d61a6sig.
2455 2255 2607 2315 Ἐἶτα
2653 2262 2748 2313 καὶ
2777 2257 3182 2327 σαφηνίζειτὺν
3221 2253 3398 2321 λόγον.

447 2358 600 2416 Illinc
623 2359 824 2411 etenim
860 2357 1150 2426 sperabant
1175 2358 1540 2414 adventorum
1590 2363 1692 2417 sibi
1730 2378 1853 2417 esse
1881 2371 2207 2417 consuetum
2233 2360 2327 2413 Dei
2358 2357 2646 2419 auxilium,
2675 2369 2785 2425 quo
2845 2356 3082 2409 ducente
3143 2351 3296 2409 ξιιωεὶ
3362 2351 3416 2406 in
3478 2349 3714 2420 patriam

450 2457 816 2526 pervenirent.
878 2452 1081 2508 Deinde
1121 2469 1431 2512 sermonem
1479 2472 1638 2511 suum
1698 2461 1871 2528 magis
1926 2460 2194 2524 declarat,
2227 2458 2416 2512 dicens
2455 2471 2470 2509 :

520 2546 684 2602 Vsus.
712 2547 770 2601 2.
797 2547 1075 2601 Auxilium
1104 2564 1271 2602 meum
1302 2567 1334 2603 a
1368 2552 1611 2618 Domino,
1637 2555 1725 2622 qui
1754 2554 1877 2625 fecit
1897 2571 2003 2609 σοις

2209 2555 2281 2608 ἰι
2302 2549 2559 2617 βοήθειά
2592 2565 2712 2619 μου
2739 2557 2899 2614 παρα
2929 2550 3152 2617 Κυρίου
3191 2547 3298 2603 τοῦ
3334 2546 3714 2622 ποιήσαντος

446 2643 557 2695 tam
609 2652 658 2696 et
681 2650 896 2695 terram.
933 2641 1014 2695 Ab
1041 2656 1107 2697 eo
1135 2643 1226 2711 qui
1279 2659 1402 2699 vere
1443 2646 1709 2700 Dominus
1749 2656 1851 2701 est.
1880 2649 2017 2704 Pro-

2127 2647 2234 2700 τὸν
2271 2645 2533 2708 οὐρανὸν
2564 2643 2662 2696 καὶ
2706 2642 2820 2711 τὴν
2872 2639 3011 2710 γῆν.
3055 2633 3165 2694 Τοο
3213 2641 3431 2711 άληθῶς
3478 2644 3706 2713 Κυρίου.

447 2733 624 2801 prium
654 2733 798 2786 enim
830 2731 921 2787 Dei
961 2740 1080 2798 est,
1127 2741 1185 2788 ut
1235 2737 1481 2788 omnium
1528 2746 1745 2791 creator
1781 2739 2015 2804 dicatur,

2131 2740 2292 2792 Ἰδιον
2320 2738 2429 2807 ¹γὰρ
2461 2737 2522 2789 τὸ
2553 2736 2952 2806 δημιουργικὸν
2976 2736 3069 2788 τοῦ
3102 2733 3261 2788 Θεοῦ.
3292 2737 3405 2789 Καὶ
3435 2738 3565 2807 ἡμῖν
3591 2733 3706 2804 οὖν,

446 2840 572 2880 cum
603 2827 719 2894 ipse
751 2826 907 2882 solus
939 2826 1032 2890 sit,
1073 2826 1166 2896 qui
1203 2828 1377 2897 possit
1402 2843 1610 2883 creare.
1650 2828 1714 2882 Et
1769 2845 1869 2886 nos
1915 2831 2021 2900 igi-

2128 2833 2225 2884 ὲὰν
2253 2832 2475 2900 ἄρωμεν
2500 2829 2628 2891 τοὺς
2659 2829 2976 2896 ὀφθαλμοὺς
3000 2829 3098 2897 τῆς
3131 2827 3313 2898 ψυχῆς
3341 2830 3422 2890 είς
3468 2829 3558 2881 τὸν
3614 2832 3707 2883 οὖ-

448 2929 537 2972 tur
566 2920 609 2972 si
638 2919 832 2972 animae
857 2919 1048 2974 oculos
1083 2921 1134 2972 in
1174 2921 1373 2974 etelum
1407 2923 1790 2984 levaverimus,
1812 2939 2020 2992 eosque

2128 2925 2732 2994 ρανὸν,ἀποστήσαντες
2760 2923 2956 2984 αὐτοὺς
2978 2921 3088 2975 τῶν
3111 2923 3315 2994 γηΐνων
3338 2925 3704 2994 πραγμάτοιν,

445 3027 475 3065 a
505 3013 735 3065 terrenis
779 3011 942 3066 rebus
981 3012 1239 3067 omnibus
1291 3012 1723 3081 dimoveriuuts,
1772 3015 2017 3070 divinum

1416 3014 1723 3081 overiuuts,
1772 3015 2017 3070 divinum
2125 3020 2158 3086 ὴ
2190 3015 2416 3086 βοήθεια
2445 3015 2597 3086 παρὰ
2627 3015 2834 3084 Κυρίου
2871 3014 3048 3069 ἔσται.

446 3105 612 3158 simili
646 3104 805 3159 modo
828 3119 1233 3174 consequemur
1269 3107 1560 3161 auxilium.

515 3217 679 3272 Vsus.
713 3218 766 3272 5.
807 3220 884 3271 Ne
921 3219 1010 3272 des
1056 3218 1111 3272 in
1160 3221 1560 3274 commotionem
1595 3222 1774 3285 pedem
1825 3231 2014 3291 tuum,

2181 3216 2280 3285 Μὴ
2315 3215 2472 3283 δῴης
2500 3218 2585 3280 εις
2610 3215 2808 3269 σάλον
2821 3215 2928 3267 τὸν
2952 3215 3106 3269 πόδα
3132 3231 3272 3280 σου,
3295 3217 3454 3285 μηδὲ
3478 3221 3703 3273 νυστὰ.

441 3329 604 3382 atque
636 3313 880 3364 dormitet
909 3311 999 3380 qui
1047 3315 1275 3365 custodit
1317 3323 1384 3367 te.
1434 3313 1547 3370 Hoc
1591 3316 1658 3370 ad
1713 3315 2014 3372 fraternum
2049 3313 2073 3370 (

2069 3313 2090 3370 ,ἶ
2124 3310 2198 3378 En
2233 3313 2265 3363 ό
2295 3309 2637 3379 φυλάσσων
2666 3322 2761 3362 σε.
2799 3306 2974 3361 Τοῦτο
3035 3308 3414 3377 φιλαδελφίας,
3468 3311 3701 3365 ἕκαστον

442 3419 684 3458 amorem
722 3404 992 3473 pertinet,
1027 3409 1087 3457 ut
1136 3405 1517 3475 unusquisque
1575 3421 1673 3474 pro
1716 3406 1888 3462 altero
1939 3410 2019 3463 ef-

2123 3402 2353 3455 ἑκάστου
2415 3399 2837 3471 ὑπερεύχεσθαι.
2875 3401 2967 3472 Μὴ
3009 3400 3150 3470 om;
3202 3404 3284 3465 είς
3346 3404 3701 3474 παρατροπὴν

446 3498 672 3554 tundere
708 3501 775 3552 ad
811 3498 978 3550 Deum
1009 3513 1199 3567 preces
1228 3498 1498 3554 addiscat.
1543 3500 1619 3554 Ne
1649 3501 1783 3564 des,
1818 3500 2016 3570 inquit,

2122 3494 2214 3547 τὸν
2255 3494 2388 3547 πόδα
2423 3510 2540 3559 σου,
2609 3493 2742 3562 μηδὲ
2799 3493 3222 3563 παρατραπείης
3290 3494 3391 3564 τῆς
3461 3496 3697 3560 εὐθείας,

444 3593 632 3662 pedem
664 3601 813 3646 tttum
853 3591 905 3644 in
937 3593 1388 3655 commotionem,
1417 3593 1520 3646 hoc
1551 3601 1668 3655 est,‘
1692 3594 1744 3646 in
1777 3592 1981 3648 ﬂuctua

2121 3586 2242 3656 ἦτις
2270 3587 2417 3639 ἐστὶν
2445 3587 2478 3655 ἡ
2511 3586 2766 3654 ἐνάρετος
2795 3585 2913 3647 ὁδός
2939 3602 2953 3615 ’
2988 3586 3123 3656 μηδὲ
3168 3586 3256 3639 διὰ
3305 3587 3464 3639 τοῦτο
3506 3593 3701 3642 νυστάο

444 3685 645 3738 tionem
680 3701 694 3738 :
726 3699 902 3754 neque
931 3697 959 3736 a
994 3694 1145 3738 recta
1183 3686 1450 3739 virtutium
1483 3687 1569 3739 via
1612 3688 1915 3750 avertaris,
1952 3703 2019 3743 nc

2124 3680 2212 3746 ξαι
2243 3681 2274 3730 ὁ
2299 3679 2588 3748 φυλάσσων
2631 3695 2688 3732 σε
2715 3679 2866 3740 Θεὸς,
2903 3678 2978 3747 μὴ
3033 3679 3121 3731 διὰ
3170 3679 3329 3732 τοῦτο
3384 3682 3699 3752 ῥᾳθνμήσαι

444 3778 649 3828 idcirco
689 3776 803 3846 ipse
838 3779 1003 3830 etiam
1047 3777 1186 3831 Deus
1209 3820 1223 3846 ,
1258 3779 1350 3846 qui
1383 3786 1433 3830 te
1460 3777 1740 3831 custodire
1776 3779 2020 3842 solebat,

2126 3776 2254 3844 περὶ
2272 3773 2370 3842 τὴν
2392 3772 2644 3842 φυλακήν
2670 3789 2784 3833 σου,
2821 3771 2896 3832 ὡς
2930 3772 2987 3826 ιε
3015 3771 3351 3840 άπροσεξίας
3375 3773 3696 3844 ὀλισθῆσαν-

443 3869 723 3931 donnitot,
767 3869 869 3922 hoc
898 3876 1004 3930 est,
1037 3884 1104 3922 ne
1137 3871 1252 3937 ipse
1302 3869 1467 3921 etiam
1519 3869 1803 3938 negligens
1849 3869 2020 3924 videri

2123 3885 2235 3930 τος.
2264 3867 2356 3932 Ἢ,
2393 3868 2467 3938 μὴ
2493 3865 2636 3934 δὼῃς
2661 3867 2738 3928 εἰς
2771 3865 3105 3934 σαλευόμενα
3124 3867 3218 3918 καὶ
3234 3865 3500 3934 ὀλισθηρὰ
3524 3869 3695 3936 πράγ-

446 3963 617 4029 po~sit
658 3961 709 4013 in
742 3961 810 4014 iis
843 3975 963 4029 qnie
999 3961 1065 4013 ad
1120 3959 1426 4013 custodiam
1475 3967 1624 4014 tuam
1679 3961 1962 4028 pertinent
2001 3977 2016 4014 :

2127 3977 2273 4028 ματα
2301 3960 2401 4030 τὴν
2428 3959 2651 4029 πορείαν
2682 3974 2797 4021 σου,
2821 3957 2949 4010 ἀλλ’
2985 3956 3283 4019 ἐπιϐαίνοις
3307 3958 3498 4026 τρίϐου
3529 3961 3697 4026 ἀσφα-

440 4067 506 4105 eo
543 4051 686 4119 quod
719 4050 1130 4106 inadvertetttcr
1167 4050 1245 4105 sis
1277 4051 1483 4120 lapsus.
1524 4049 1640 4116 Vel,
1670 4067 1738 4106 ne
1773 4053 1869 4107 des
1914 4051 2022 4108 iter

2125 4052 2272 4115 λοῦς,
2332 4052 2456 4120 ἦτις
2510 4053 2659 4104 ἐστὶν
2705 4052 2738 4121 ἡ
2783 4049 3026 4118 ἔννομος,
3077 4050 3397 4122 εὐθυπορεῖν
3461 4068 3519 4105 σε
3593 4068 3697 4105 πα-

443 4155 592 4197 ῑιιυιη
626 4146 678 4198 in
711 4143 1032 4198 ﬂuctuantia
1072 4153 1127 4199 et
1161 4145 1370 4198 lubrica
1406 4145 1627 4214 negotia
1649 4186 1663 4208 ,
1700 4145 1794 4200 sed
1841 4155 2016 4199 tutam

939 4144 1032 4198 ttia
1072 4153 1127 4199 et
1161 4145 1370 4198 lubrica
1406 4145 1663 4214 negotia,
1700 4145 1794 4200 sed
1841 4155 2016 4199 tutam
2129 4143 2569 4216 ρασκευάζουσα.

443 4239 576 4308 legis
629 4253 691 4292 ac
742 4238 1120 4292 mandatorum
1178 4226 1428 4292 semitam
1510 4240 1855 4301 conscende.
1901 4256 2023 4309 qtue

442 4343 651 4387 rectum
685 4335 788 4387 i:er
816 4332 1202 4388 incedentibus
1232 4341 1473 4402 praestat.

517 4445 680 4499 Vens.
723 4447 774 4499 εί.
812 4445 947 4499 Ecce
971 4464 1077 4500 non
1104 4447 1437 4509 dormitabit,
1470 4465 1630 4517 neque
1661 4449 2020 4516 soporabilur,

2193 4438 2351 4497 Ἰδοὺ
2393 4441 2465 4494 οὺ
2510 4439 2823 4502 νυστάξει,
2871 4439 3017 4492 οὐδὲ
3057 4437 3328 4495 tim-duret
3364 4442 3398 4494 ὁ
3462 4443 3701 4508 φυλάσ-

439 4537 530 4604 qui
553 4536 781 4591 custodit
833 4535 1032 4591 Israel.
1081 4537 1224 4593 Deus
1274 4555 1397 4593 eunt
1452 4554 1558 4594 non
1603 4542 1831 4609 negliget
1861 4581 1876 4604 ,
1924 4557 2024 4597 uec

2124 4550 2252 4587 σων
2272 4533 2382 4587 τὸν
2401 4533 2672 4600 Ἰσραήλ.
2701 4534 2763 4584 Et
2809 4532 3078 4602 ἀπέχεται
3115 4531 3360 4600 δηλονότι
3426 4533 3536 4584 τῶν
3585 4533 3695 4586 ὀλι-

443 4627 775 4696 negligeuter
805 4628 1014 4696 aliquid
1041 4643 1170 4698 erga
1197 4628 1350 4681 illum
1380 4639 1526 4698 aget,
1557 4629 1650 4697 qui
1693 4645 1787 4698 per
1819 4639 2014 4688 tutam.
2053 4670 2075 4724 ῐ

2064 4670 2096 4724 D
2128 4625 2364 4694 σοηρῶν,
2404 4625 2454 4676 εί
2493 4623 2750 4692 ἀσφαλῶς
2777 4622 2973 4692 βαίνει,
3020 4621 3145 4676 οὔτε
3197 4623 3525 4695 ρᾳθυμήσει,
3573 4623 3696 4676 οὔτε

441 4731 604 4782 quam
646 4717 905 4780 diximus,
942 4719 1084 4772 viam
1109 4720 1418 4786 incesserit,
1440 4731 1496 4775 et
1535 4736 1562 4772 a
1593 4721 1804 4775 lubrico
1831 4722 2018 4776 sreculi
2055 4717 2073 4724 “

2062 4717 2088 4724 ⁷
2123 4718 2390 4788 ἀμελήσει
2413 4718 2547 4786 (39.).
2587 4717 2879 4788 Ίσραὴλδὲ
2909 4717 3002 4770 καὶ
3051 4719 3212 4786 ἡμεῖς
3271 4717 3410 4781 νέος,
3443 4717 3517 4781 ὡς
3569 4717 3694 4769 πολ-

441 4807 579 4860 ralle
609 4808 958 4863 abstinuerit.
989 4807 1292 4866 Possumus
1324 4819 1379 4865 et
1420 4826 1522 4866 nos
1554 4811 1740 4867 ﬁdeles
1781 4827 1974 4866 omnes
2003 4854 2018 4878 ,

2124 4811 2282 4875 λάκις
2311 4814 2633 4882 εἰρήκαμεν,
2679 4811 2923 4880 Ζήτησον
2967 4812 3062 4864 καὶ
3113 4813 3171 4863 ἐν
3216 4809 3294 4879 τῷ
3321 4810 3413 4880 μγ⁰
3471 4811 3693 4881 ψαλμῷ,

441 4896 546 4947 diri
581 4910 752 4948 novus
795 4897 983 4960 Israel,
1016 4897 1479 4964 quemadmodum
1513 4914 1659 4969 srepe
1694 4900 1822 4954 alibi
1878 4899 2021 4953 dixi-
2132 4905 2526 4975 Ἐξεγέρθητι,
2561 4905 2662 4958 ἵνα
2695 4905 2750 4957 τί
2775 4901 3014 4970 ὑπνοῖς,
3047 4904 3223 4970 Κύριε
3251 4919 3270 4968 ;

441 5006 582 5053 ιηιιε,
615 4993 889 5059 praecipue
925 4990 980 5044 in
1018 4991 1229 5060 psalmo
1250 5006 1403 5058 mu,
1432 4995 1506 5050 ibi
1536 4994 1835 5064 :Exsurge,
1857 5011 2019 5065 quare

439 5082 724 5146 obdormis,
763 5082 984 5137 Domine
1007 5086 1032 5141 τι

516 5197 679 5251 Vens.
713 5197 764 5250 ii.
803 5198 1052 5253 Dominus
1085 5202 1340 5254 custodiet
1380 5209 1446 5265 te,
1483 5201 1738 5255 Dominus
1761 5201 2019 5270 proiectio

2196 5193 2407 5260 Κύριος
2437 5192 2695 5261 φυλάξει
2723 5209 2815 5254 σε,
2853 5193 3062 5260 Κύριος
3089 5193 3290 5259 σκέπη
3313 5209 3432 5257 σοι,
3460 5192 3558 5246 ἐπὶ
3581 5193 3694 5262 xei:

445 5297 536 5338 tua
591 5290 658 5339 ad
695 5304 910 5340 manum
956 5288 1230 5342 dexteram
1280 5302 1449 5346 tuam.
1514 5293 1776 5346 Dominus
1822 5300 1874 5344 te
1922 5292 2025 5345 hoc

2115 5303 2195 5354 pa
2220 5286 2426 5350 δεξιάν
2451 5303 2588 5340 σου.
2623 5287 2824 5351 Κύριος
2850 5285 3076 5356 φυλάξει
3109 5304 3165 5340 σε
3193 5287 3363 5349 οὕτως
3387 5286 3692 5358 βαδίζοντα,

447 5388 605 5446 pacto
661 5379 999 5433 incedentem
1049 5383 1361 5451 custodiet,
1420 5382 1683 5438 Dominus
1757 5383 2023 5451 proiectio

2126 5384 2328 5449 Κύριος
2351 5383 2526 5452 σκέπη
2567 5399 2651 5434 σοι
2695 5384 2848 5452 παρὰ
2871 5382 2971 5453 τὴν
2997 5379 3180 5444 δεξιάν
3205 5398 3297 5433 σου
3350 5383 3526 5451 χεῖρα,
3575 5396 3694 5431 του-

449 5469 546 5522 tibi
572 5471 697 5531 erit,
739 5471 894 5538 juxta
941 5488 1158 5526 manum
1209 5477 1487 5528 dexteram
1535 5487 1682 5528 tuam
1708 5515 1723 5539 ,
1756 5474 1860 5528 hoc
1899 5485 1981 5528 est
2006 5515 2020 5540 ,

2125 5474 2276 5527 τέστι
2348 5477 2736 5547 παραστάτης,
2790 5476 3123 5544 σκεπαστὴς,
3179 5476 3398 5527 σκέπων
3435 5490 3492 5525 σε
3524 5467 3695 5543 api:-

1778 5649 1974 5710 Variw
2007 5647 2339 5711 lectiones.

520 5794 633 5865 (32)
670 5794 931 5849 Nimirum
961 5797 1112 5861 Θεὸς,
1146 5800 1192 5850 εί
1226 5799 1491 5869 ἀπέχετιι
1521 5799 1764 5871 Ἰσραήλ.
