4090 6288
576 418 708 483 1191

1793 421 2174 483 EUTIIYMII
2214 420 2576 483 ZIGABENI

3675 415 3823 481 1192

561 546 688 590 ante
737 536 1111 605 captivitatem
1143 540 1515 595 ascenderunt
1561 540 1735 595 tribus
1769 540 1960 603 Israel,
2011 541 2126 592 illm

2248 541 2454 604 ταύτας
2485 541 2793 609 ὠνόμασεν,
2832 539 2906 604 ὡς
2936 540 3062 594 λαὸν
3086 539 3251 595 αὑτοῦ
3278 583 3290 604 ,
3320 540 3392 602 ὡς
3423 539 3515 592 ὑπ’
3543 537 3711 593 αὑτοῦ
3737 554 3826 590 τεο

559 630 1061 699 congregabantur.
1099 633 1310 686 Domini
1338 643 1518 686 autem
1551 633 1730 685 tribus
1762 647 1856 685 cas
1895 630 2136 700 appella-

556 721 658 785 vit,
692 728 950 790 tanquam
985 726 1314 792 peculiarem
1349 724 1438 777 Dei
1463 726 1748 794 populum,
1771 727 1851 776 vel
1878 735 2134 792 tauquam

560 813 735 868 tribus
768 830 797 866 a
837 813 943 868 Deo
981 814 1290 870 ordinatas.

630 906 1009 962 Testimonium
1039 910 1138 976 ipsi
1166 909 1360 966 Israel.
1384 908 1515 975 Qum
1552 925 1656 970 res,
1685 909 1883 978 inquit,
1909 908 2138 962 demon~

557 999 754 1054 stratio
807 1000 1055 1069 quadam
1088 1009 1175 1055 est
1236 1017 1344 1056 non
1387 1003 1629 1073 vulgaris
1669 1002 1772 1070 ipsi
1834 999 2138 1052 Israelitico

556 1092 783 1160 populo,
817 1092 1015 1147 divina:
1055 1094 1463 1163 promissionis.
1490 1110 1611 1164 quae
1633 1095 1793 1147 tinem
1828 1106 1990 1146 suum
2019 1090 2132 1157 jam

555 1193 640 1238 est
679 1193 996 1239 consecuta.
1032 1185 1166 1240 Nam
1230 1193 1286 1240 et
1342 1187 1765 1255 multiplicatum
1825 1194 1908 1237 est
1948 1198 2133 1237 semen

556 1276 859 1339 Abraham,
897 1289 952 1334 et
1001 1281 1390 1349 promissionis
1452 1287 1655 1334 terram
1708 1278 1967 1334 obtinuit.
2039 1274 2133 1329 Vel

554 1372 890 1426 contestatio
929 1373 1044 1428 haec
1074 1373 1174 1427 fuit
1207 1375 1407 1443 populo
1438 1373 1629 1428 Israel.
1665 1372 2018 1425 Contcstatus
2043 1377 2133 1421 est

554 1476 738 1520 autem
774 1465 939 1533 Dens,
983 1467 1130 1536 quod
1155 1468 1479 1538 aliquando,
1509 1476 1562 1522 et
1592 1463 1762 1520 certis
1793 1461 2135 1531 temporibus

554 1557 664 1611 illic
678 1569 863 1612 essent
892 1561 1279 1630 eougregandi.
1307 1559 1455 1616 Ordo
1478 1568 1595 1613 est:
1627 1558 1765 1611 Illuc
1797 1555 2137 1609 ascenderunt

2245 635 2548 703 ταγμένας.

2318 904 2656 969 Μορτιῖγδιον
2699 901 2777 965 τῷ
2833 900 3091 968 Ἰσραήλ.
3142 901 3196 951 ’Λ
3211 898 3441 963 πόδειξες
3469 899 3548 969 τῷ
3576 899 3691 967 λαῷ
3720 899 3826 968 τῆς

2248 994 2664 1062 περατωοεξσης
2717 994 3069 1063 ὑποσχέσεως
3093 993 3185 1045 τοῦ
3217 991 3369 1055 λαοῦ,
3401 993 3481 1044 ὅτι
3509 991 3826 1062 ἐπληθύνθη

2240 1085 2300 1136 τὸ
2329 1086 2551 1153 σπέρμα
2577 1082 2669 1134 τοῦ
2704 1083 2974 1153 Ἀϐραὰμ,
3004 1082 3098 1134 καὶ
3117 1082 3216 1151 τὴν
3235 1081 3336 1149 γῆν
3364 1079 3460 1148 τῆς
3490 1079 3828 1146 ἐπαγγελίας

2239 1179 2705 1247 ἐκληρονόμησεν.
2744 1176 2815 1229 “ll
2846 1175 3217 1246 διαμαρτυρίαι
3240 1174 3317 1243 τῷ
3347 1175 3484 1242 λαῷ.
3517 1174 3827 1244 Διεμαρτὺ-

2243 1288 2371 1342 ρατο
2402 1271 2508 1338 γὰρ
2541 1268 2686 1338 αὐτῷ
2708 1270 2734 1322 ὁ
2758 1268 2890 1330 Θεὸς
2920 1270 3098 1320 ἐκεῖσε
3147 1266 3503 1334 συλλέγεσθαι
3529 1267 3669 1320 κατὰ
3695 1270 3826 1328 τοὺς

2242 1365 2567 1435 εἰρημένους
2599 1363 2851 1433 καιρούς.
2895 1362 2961 1414 ’11
3003 1362 3059 1414 δὲ
3093 1360 3348 1426 σύνταξις
3390 1360 3563 1422 οὔτως
3592 1377 3608 1391 ο
3659 1357 3831 1412 Ἐκεῖ

2243 1456 2553 1520 ἀνέϐησαν
2581 1452 2790 1522 φυλαὶ,
2842 1449 3256 1521 περιπεύοντος
3282 1448 3380 1501 τοῦ
3412 1446 3545 1517 γάρ.
3597 1447 3788 1515 ’Λνέση

2248 1567 2372 1613 σαν,
2406 1548 2594 1617 φησὶν,
2620 1547 2706 1599 διὰ
2746 1543 3029 1615 μαρτύρια
3080 1544 3176 1597 καὶ
3203 1541 3473 1605 κέλευσιν,
3501 1540 3690 1610 ἤγουν,
3715 1556 3822 1590 κα-

553 1652 745 1715 tribus,
782 1662 836 1707 et
897 1671 1019 1722 qua:
1048 1665 1359 1723 sequuntur
1388 1695 1402 1720 ,
1441 1656 1514 1707 ita
1574 1661 1632 1706 ut
1678 1651 1922 1705 abundet
1969 1647 2126 1701 dietit

2244 1643 2312 1696 τὰ
2342 1641 2592 1693 κέλευσιν
2631 1637 2805 1692 οείαν.

547 1747 688 1797 enim
726 1748 803 1812 (el.
840 1747 982 1814 quod
1017 1748 1092 1799 ait
1127 1766 1142 1800 :
1180 1747 1555 1805 Testimonium
1595 1747 1698 1815 ipsi
1730 1742 1926 1805 Israel,
1961 1737 2266 1795 delectivus
2294 1743 2379 1791 est
2440 1747 2652 1789 sermo.
2721 1728 3190 1799 Subintrlligenda
3251 1727 3398 1782 enim
3473 1733 3556 1780 est
3623 1724 3819 1779 dictio,

541 1837 754 1906 juxta),
793 1848 850 1890 ιιι
879 1838 951 1891 sit
986 1853 1208 1900 sensus,
1246 1839 1391 1907 quod
1423 1838 1550 1892 illuc
1580 1832 2124 1902 ascenderuntjttxla
2165 1825 2630 1882 contestationem
2661 1831 2716 1878 et
2742 1822 2989 1877 divinum
3026 1821 3371 1884 mandatum,
3434 1833 3466 1874 a
3503 1817 3610 1870 DCO
3683 1817 3817 1870 Olim

550 1929 756 1982 factum
795 1929 897 1999 ipsi
937 1933 1159 2000 populo.

623 2022 705 2075 Ad
738 2023 1098 2091 conﬁtendum
1130 2023 1333 2076 nomini
1368 2022 1603 2080 Domini.
1660 2023 1777 2078 IlOc
1801 2032 1903 2086 est,
1938 2026 1998 2074 ut
2032 2033 2126 2088 per

2313 2005 2425 2060 Τοῦ
2475 2004 3043 2075 ἐξομολογήσασθαι
3105 2002 3186 2068 τῷ
3247 2003 3492 2070 ὀνόματι
3547 2001 3814 2070 Κυρίου.

547 2115 801 2168 divinum
858 2115 1071 2170 cultum
1104 2133 1132 2169 a
1165 2119 1282 2186 lege
1313 2117 1655 2183 ordinatum,
1686 2116 1988 2186 condignas
2023 2113 2134 2168 Deo

545 2208 753 2278 gratias
783 2218 1028 2278 agerent.

620 2299 790 2356 Vens.
826 2303 878 2356 5.
925 2302 1062 2366 Quia
1094 2302 1207 2356 illic
1258 2302 1538 2357 collocata:
1570 2310 1693 2356 sunt
1718 2301 1863 2355 sedes
1895 2302 1947 2354 in
1975 2302 2128 2370 judi-

545 2393 706 2447 cium.
749 2392 890 2449 Ecce
913 2395 1020 2448 alia
1058 2394 1176 2450 laus
1209 2397 1361 2448 urbis
1397 2395 1703 2449 Jerusalem
1735 2413 1748 2450 :
1785 2394 1900 2448 lllic
1926 2393 2125 2448 etenim

549 2484 781 2539 stabiliti
818 2494 972 2550 sunt,
1003 2487 1208 2557 inquit,
1245 2489 1460 2558 regales
1519 2488 1714 2541 throni
1755 2486 1822 2540 ad
1866 2486 2124 2556 potiulum

542 2576 931 2644 iudicandum.

620 2666 785 2723 Sedes
842 2686 1002 2737 super
1029 2672 1244 2724 domum
1291 2671 1479 2725 David.
1542 2671 1655 2728 [loc
1705 2680 1806 2734 est,
1851 2672 1906 2726 lu
1941 2673 2127 2738 domo,

547 2774 646 2816 seu
686 2763 737 2814 in
769 2763 967 2830 palatio
1001 2762 1201 2829 David;
1240 2766 1322 2818 vel
1356 2767 1533 2834 primo
1567 2766 1690 2819 loco
1726 2767 1886 2821 sedes
1935 2782 2122 2822 sacer-

546 2852 740 2908 dotum
775 2856 934 2921 dixit,
969 2857 1215 2912 secundo
1249 2867 1430 2910 autem
1462 2858 1583 2912 loco
1621 2858 1801 2931 regias
1834 2857 2015 2914 sedes.

616 2948 784 3002 Vsus.
813 2948 868 3003 6.
913 2948 1251 3020 Interrogata
1298 2967 1417 3020 qum
1442 2951 1512 3003 ad
1543 2968 1725 3019 pacem
1777 2960 1901 3005 sunt
1956 2953 2127 3020 ipsam

544 3041 865 3097 Jerusalem.
926 3044 1006 3096 Ad
1040 3044 1244 3113 ipsam,
1301 3045 1501 3112 inquit,
1538 3043 1840 3099 Jerusalem
1897 3045 2125 3114 pacifica

549 3134 840 3202 loquimini
871 3135 1062 3190 verba.
1111 3134 1222 3190 Pax
1255 3137 1466 3192 scilicet
1488 3136 1560 3191 sit
1594 3137 1722 3202 tibi;
1757 3152 1859 3205 pax
1897 3136 2124 3206 populo.

549 3226 823 3296 Deinceps
843 3230 1048 3282 etenim
1090 3229 1442 3294 immensam,
1480 3239 1668 3298 atque,
1724 3239 1782 3282 ut
1816 3228 1888 3281 ita
1917 3229 2124 3292 dicam,

548 3317 875 3389 profundam
908 3332 1097 3387 pacem
1159 3319 1382 3372 habebit
1412 3329 1467 3373 et
1501 3320 1781 3390 gaudium.
1808 3319 1965 3373 Alius
1995 3333 2124 3373 vero

544 3412 827 3481 interpres
859 3425 876 3462 :
909 3409 1157 3464 Salutate
1188 3427 1327 3474 eam,
1355 3411 1518 3466 dixit.

625 3501 692 3574 Et
748 3501 1082 3555 abundantia
1123 3502 1467 3568 diligentibus
1525 3511 1592 3556 te.
1645 3503 1712 3556 Et
1764 3505 2126 3559 abundabunt

550 3610 663 3648 non
701 3595 778 3646 tui
807 3602 1019 3647 tantmu
1039 3594 1209 3658 cives,
1232 3597 1323 3650 sed
1357 3595 1552 3648 vicina?
1575 3596 1739 3650 etiam
1768 3605 1979 3664 gentes,
2003 3614 2127 3666 qua:

552 3699 605 3740 te
632 3687 883 3753 diligunt.
909 3687 1260 3759 Pmpltetiam
1281 3696 1461 3741 alitem
1487 3691 1775 3745 continent
1799 3690 1913 3743 lucc
1937 3693 2124 3745 verba.

622 3776 783 3832 Vsus.
812 3779 866 3832 7.
899 3778 1019 3831 I'iat
1044 3795 1149 3840 pax
1186 3780 1239 3832 in
1276 3781 1464 3834 virtute
1497 3789 1610 3834 tua.
1643 3781 1799 3836 Alius
1827 3791 2009 3837 autem
2045 3786 2128 3837 iu-

545 3880 766 3938 terpres
792 3870 846 3923 in
879 3869 1068 3924 futuro
1101 3870 1262 3935 dixit,
1295 3870 1430 3925 Fiet.
1469 3869 1572 3926 Per
1625 3873 1884 3926 virtutem
1916 3883 2124 3939 autem,

545 3964 694 4032 ipsos
725 3960 942 4016 Iudaici
979 3964 1166 4032 populi
1207 3965 1410 4021 milites
1447 3966 1723 4034 intelligit,
1767 3966 1968 4031 quibus
2003 3981 2128 4022 eer-

547 4056 762 4112 tissima
791 4058 900 4109 erit
926 4072 1049 4126 pax,
1083 4056 1127 4109 si
1155 4057 1378 4117 bellum,
1409 4067 1502 4109 aut
1538 4057 1752 4112 hostem
1787 4058 1995 4111 nullum
2030 4059 2127 4112 Ita-

546 4147 790 4202 buerint.

618 4239 688 4295 Et
714 4239 1044 4293 abundantia
1071 4241 1124 4293 in
1155 4242 1388 4294 turribus
1416 4243 1539 4295 tuis.
1570 4242 1722 4297 Alius
1755 4245 1917 4298 etiam
1952 4245 2122 4300 inter-

545 4348 699 4401 pres,
725 4329 790 4385 Et
818 4333 1018 4386 divitia:
1039 4333 1096 4385 in
1120 4335 1274 4403 regiis
1295 4335 1586 4400 tuis,dixit;
1615 4345 1667 4389 et
1696 4337 1859 4392 alius:
1879 4336 1945 4391 In
1962 4340 2122 4406 septis

546 4426 674 4479 tuis.
723 4422 856 4479 Illud
884 4426 1049 4478 etiam
1077 4424 1363 4481 sciendum
1390 4437 1495 4488 est,
1524 4429 1668 4496 quod
1708 4428 1761 4480 iu
1796 4427 1983 4483 Graeca
2045 4431 2120 4484 le-

544 4518 751 4583 ctione;
779 4532 885 4571 non
930 4517 985 4569 in
1021 4518 1258 4572 turribus
1292 4519 1620 4586 simpliciter
1647 4520 1903 4589 legimus,
1935 4522 2029 4575 sed
2066 4523 2120 4575 in

547 4609 927 4679 πυργοόάρεσι
960 4624 976 4663 :
1013 4624 1117 4677 qua
1146 4609 1388 4665 dictione
1416 4611 1519 4663 hoc
1553 4611 1605 4663 in
1635 4613 1755 4665 loco
1781 4612 1981 4666 moenia
2005 4622 2120 4668 tur-

545 4700 701 4753 ribus
731 4700 1097 4768 circinusepta
1129 4715 1193 4754 ac
1216 4700 1423 4754 munita
1455 4700 1836 4769 intelligimus.

618 4791 778 4846 Vens.
808 4791 856 4844 8.
897 4790 1123 4858 Propter
1145 4791 1339 4859 fratres
1380 4808 1541 4854 meos,
1577 4802 1626 4845 et
1660 4795 1932 4861 proximos
1985 4811 2124 4849 meos

543 4881 797 4950 loquebar
853 4896 1038 4948 pacem
1085 4879 1150 4934 de
1208 4889 1276 4934 te.
1326 4880 1611 4949 Propheta:
1657 4885 1821 4939 verba
1866 4894 1994 4938 sunt
2054 4885 2122 4939 ad

546 4977 717 5041 ipsam
751 4973 1079 5028 Jerusalem.
1119 4973 1347 5043 Propter
1373 4987 1660 5045 cognatos,
1717 4978 1916 5047 inquit,
1969 4994 2118 5033 meos

549 5066 848 5129 Israelitns,
877 5075 931 5118 et
981 5076 1203 5135 propter
1251 5067 1428 5121 tribus
1485 5068 1730 5135 ejusdem
1783 5069 1989 5137 populi,
2030 5085 2119 5121 ro-

547 5159 741 5227 gabant
795 5172 982 5227 pacem
1020 5174 1118 5229 pro
1171 5168 1225 5213 te
1261 5175 1276 5212 :
1313 5169 1374 5213 ut
1439 5162 1515 5213 illi
1571 5162 1830 5215 nimirum
1887 5164 1940 5216 in
1995 5179 2126 5235 pace

547 5248 804 5317 degentes
838 5261 893 5303 et
927 5248 1097 5304 Deum
1135 5266 1296 5305 suum
1334 5252 1603 5313 COlt'l‘cnl,
1655 5264 1711 5307 et
1750 5269 1847 5321 pro
1885 5257 2128 5326 acceptis

549 5340 832 5395 beneﬁciis
857 5341 1164 5408 condignas
1192 5343 1240 5397 ei
1273 5346 1480 5411 gratias
1529 5355 1773 5414 agerent.

622 5432 786 5488 "satis.
819 5435 872 5488 9.
910 5433 1137 5503 Propter
1163 5435 1377 5488 domum
1405 5436 1615 5489 Domini
1640 5436 1736 5489 Dei
1763 5440 1952 5503 nostri,
1981 5456 2124 5506 qua:-

547 5525 643 5578 sivi
677 5524 811 5578 bona
853 5526 970 5578 tibi.
1002 5525 1235 5596 Pmpter
1269 5543 1486 5581 sacrum
1523 5528 1613 5582 Dei
1659 5532 1941 5598 templum,
1978 5533 2121 5601 quod

553 5625 605 5672 in
692 5631 743 5675 te
794 5633 1176 5678 constructum
1247 5635 1369 5682 est.
1428 5626 1878 5693 tranquillitatem
1963 5639 2124 5698 atque

551 5712 942 5766 abundantiam
984 5715 1082 5768 tibi
1137 5717 1381 5770 studiose
1423 5717 1654 5784 quaesivi
1690 5735 1704 5771 :
1739 5728 1795 5772 ut
1842 5725 2122 5789 proprium

617 5805 762 5857 ilicet
798 5813 963 5875 atque
1037 5808 1322 5875 antiquum
1369 5808 1624 5860 decorem
1670 5824 2025 5879 recuperares
2071 5821 2124 5867 et

613 5896 792 5952 vinum
826 5897 1030 5952 cultum
1056 5897 1171 5967 lege
1211 5896 1585 5951 constitutum.

2149 3366 2196 3429 C

2250 2100 2379 2153 Ἐπὶ
2436 2100 2514 2168 τῷ
2565 2097 2968 2171 ενῦχαριστῆσαι
3023 2097 3110 2150 διὰ
3165 2095 3264 2166 τῆς
3307 2091 3816 2165 νενομοθετημένης

2235 2193 2514 2262 λατρείας.

2306 2286 2439 2337 Ὀτι
2467 2282 2601 2337 ἐκεῖ
2639 2279 2931 2335 ἐκάθισαν
2961 2280 3156 2348 θρόνοι
3186 2278 3274 2342 εἰς
3297 2278 3518 2346 κρίσιν.
3563 2275 3700 2328 Ἰδοὺ
3724 2277 3818 2328 καὶ

2235 2376 2365 2431 ἄλλο
2386 2374 2485 2444 τῆς
2538 2372 2898 2441 Ἰερουσαλὴμ
2932 2369 3229 2438 ἐγκώμιον.
3273 2368 3424 2419 Ἐκεῖ
3451 2366 3582 2436 γὰρ,
3623 2367 3814 2435 φησιν,

2239 2467 2573 2539 ἱδρύνθησαν
2625 2463 2806 2534 Θρὸνοι
2856 2462 3155 2532 βασιλείας,
3224 2461 3305 2524 εἰς
3359 2459 3419 2513 τὺ
3469 2457 3680 2529 κρίνειν
3724 2459 3817 2510 τὸν

2235 2560 2385 2613 λαόν.

2307 2655 2516 2724 Θρόνοι
2545 2650 2639 2705 ἐπ’
2667 2647 2840 2707 οἷκον
2885 2649 3085 2705 Δαϐίδ.
3130 2650 3220 2703 Ἐν
3256 2647 3333 2720 τῷ
3362 2649 3497 2718 οἴκῳ
3535 2643 3723 2709 Δασὶδ,
3753 2646 3815 2698 ὲν

2230 2751 2347 2810 τοῖς
2381 2745 2703 2816 ἀνακτόροις
2740 2743 2907 2798 Δαὸἰδ
2933 2758 2949 2775 ⁵
2981 2743 3014 2816 ἢ
3057 2742 3118 2797 τὸ
3146 2743 3364 2814 πρῶτον
3395 2741 3496 2812 μὲν
3526 2741 3708 2811 Θρόνοι
3740 2741 3817 2794 ἰε-

2235 2840 2396 2910 ρέων,
2426 2839 2487 2892 τὸ
2509 2838 2763 2908 δεύτερον
2808 2836 2864 2889 δὲ
2896 2836 3074 2906 Θρὸνοι
3111 2835 3401 2904 βασιλέων.

2314 2925 2687 2996 Ἐρωτήσατε
2714 2925 2791 2994 δὴ
2830 2926 2903 2981 τὰ
2930 2927 3019 2992 εἰς
3060 2925 3313 2994 εἰρήνην
3359 2925 3474 2992 τὴν
3519 2924 3813 2993 Ἰερουσα-

2230 3017 2376 3087 λήμ.
2426 3017 2914 3091 Προσαγορεύσατε
2963 3016 3137 3088 αὐτὴν
3161 3017 3414 3090 εἰρηνικὰ
3437 3056 3453 3081 ,
3482 3018 3566 3071 ὅτι
3604 3017 3814 3089 Εἰρήνη

2233 3127 2336 3175 σοι,
2383 3111 2575 3180 εἰρήνη
2610 3110 2692 3180 τῷ
2735 3107 2853 3178 λαῷ
2884 3125 3020 3162 σουο
3048 3107 3142 3162 τοῦ
3191 3109 3382 3163 λοιποῦ
3424 3110 3534 3180 γὰρ
3584 3109 3813 3178 εἰρήνην

2229 3201 2341 3264 ἕξει
2371 3200 2598 3271 βαθεῖαν
2625 3201 2721 3254 καὶ
2744 3203 2944 3273 χαράν.
2956 3201 3184 3272 Ἕτερος
3205 3200 3264 3256 δὲ
3279 3202 3578 3275 ἑρμηνεὺς,
3594 3201 3815 3256 Ἀσπά-

2230 3296 2427 3348 σασθε
2453 3295 2671 3361 αὐτὴν,
2703 3291 2850 3347 εἷπε.

2301 3478 2411 3535 Καὶ
2439 3482 2688 3547 εὐθηνία
2707 3480 3126 3552 τοῖς’ἀγαπῶσί
3151 3497 3244 3538 σε.
3289 3483 3399 3538 Καὶ
3422 3483 3815 3554 εὐθηνήσςυσιν

2229 3574 2326 3644 οὐχ
2357 3575 2408 3626 οἰ
2441 3575 2658 3628 πολιταί
2690 3592 2784 3628 σου
2821 3576 3004 3646 μόνον,
3034 3576 3172 3630 ἀλλά
3201 3577 3427 3631 καὶτῶν
3453 3576 3613 3648 πέριξ
3640 3576 3816 3630 ἰθνῶν

2229 3666 2284 3719 οἰ
2316 3667 2641 3734 ἀγαπῶντάς
2683 3684 2764 3723 σε.
2796 3669 3110 3739 Προφητεία
3144 3669 3200 3723 δὲ
3230 3671 3323 3723 καὶ
3350 3668 3528 3725 τοῦτο.

2284 3760 2582 3814 Τενέσθω
2620 3760 2696 3828 δὴ
2747 3761 2957 3831 εἰρήνη
2995 3763 3067 3816 ἐν
3109 3761 3186 3830 τῇ
3223 3761 3476 3831 δυνάμει
3501 3778 3639 3818 σου.
3676 3761 3814 3818 Καθ’

2229 3851 2414 3922 ἓτερον
2447 3854 2812 3926 ἑρμηνευτὴν,
2844 3854 3088 3909 ι’ἐνοιτο
3124 3855 3156 3926 ἢ
3187 3854 3528 3925 γενήσεται.
3563 3853 3809 3923 Δύναμιν

2228 3945 2284 3996 δὲ
2320 3946 2495 4014 αὐτῆς
2540 3945 2689 4014 λέγει
2750 3948 2879 4010 τοὺς
2905 3947 3245 4017 στρατιώτας
3278 3948 3472 4018 αὐτῆς,
3508 3941 3585 4003 ὧν
3611 3949 3806 4019 εἰρήνη

2229 4036 2288 4087 τδ
2317 4035 2392 4106 μὴ
2424 4037 2715 4106 μάχεσθαι,
2741 4039 2879 4110 μηδὲ
2912 4040 3055 4110 ἔχειν
3088 4039 3368 4109 πολέμιον.

2298 4258 2405 4314 Kal
2432 4262 2688 4328 εὐθηνία
2712 4261 2780 4314 ἑν
2809 4262 2934 4328 τοῖς
2968 4261 3374 4332 πυρτοϐἀρεσί
3404 4279 3542 4318 σου.
3579 4263 3811 4331 “Euge;

2226 4356 2282 4409 δέ
2330 4372 2482 4426 φησι.
2537 4355 2646 4412 Καὶ
2697 4359 2961 4424 πλοῦτος
3000 4361 3071 4414 ἑν
3111 4360 3235 4426 τοῖς
3263 4361 3612 4425 βασιλείοις
3638 4376 3757 4413 σου
3786 4375 3805 4390 ο

2225 4448 2384 4512 ἄλλος
2406 4451 2484 4515 δὲ,
2525 4450 2630 4504 Ἑν
2658 4451 2783 4516 τοῖς
2802 4453 3139 4521 περιϐόλοις
3159 4468 3296 4507 σου.
3329 4453 3677 4524 Πυργόΰαοις
3695 4450 3805 4524 γὰρ

2227 4540 2288 4593 τὸ
2313 4542 2655 4611 ὀχυρώτατον
2683 4543 2962 4615 τείχισμα.

2307 4804 2520 4859 Ἕνεκα
2572 4803 2692 4858 τῶν
2728 4804 3012 4876 ἀδελφῶν
3060 4823 3179 4876 μου
3244 4806 3492 4861 καὶτῶν
3526 4810 3809 4876 πλησίω·

2226 4912 2347 4962 μου
2378 4895 2650 4951 ἐλάλουν
2675 4896 2752 4963 δὴ
2802 4898 3054 4965 εἰρήνην
3089 4898 3224 4967 περί
3280 4898 3422 4957 σοῦ.
3453 4899 3625 4954 Τοῦτο
3671 4900 3808 4971 πρὸς

2228 4989 2390 5040 αὑτὸν
2417 4991 2444 5040 ὁ
2461 4991 2746 5059 προφήτης
2772 4989 2959 5060 φησίν
2994 4992 3075 5042 ὅτι
3103 4990 3205 5043 Διὰ
3229 4990 3356 5053 τοὺς
3391 4993 3674 5058 συγγενεῖς
3702 5009 3806 5060 μου

2229 5082 2354 5143 τοὺς
2401 5082 2763 5152 Ἰσραηλίτας,
2797 5082 2886 5137 διὰ
2915 5084 3016 5147 τὰς
3045 5083 3218 5151 φυλὰς
3248 5083 3343 5137 τοῦ
3375 5085 3611 5154 Ἰσραὴλ,
3647 5085 3809 5154 ηὐχόο

2231 5190 2341 5242 μην
2369 5175 2593 5243 εἰρήνην
2655 5175 2796 5244 ὑπὲρ
2843 5174 2940 5228 σοῦ
2967 5192 2980 5206 ο
3019 5176 3130 5237 ἵνα.
3157 5177 3216 5228 ὲν
3263 5175 3454 5246 εἰρήνῃ
3504 5176 3806 5244 διάγοντες,

2228 5264 2540 5336 λατρεύωσι
2575 5266 2668 5319 καὶ
2697 5265 3070 5336 εὐχαριστῶσι
3103 5266 3180 5336 τῷ
3209 5266 3350 5338 Θεῷ.

2304 5449 2528 5504 Ἕνεκα
2553 5451 2660 5504 τοῦ
2686 5450 2860 5503 οἰκου
2885 5450 3106 5517 Κυρίου
3132 5448 3237 5503 τοῦ
3272 5447 3422 5503 Θεοῦ
3452 5445 3621 5517 ἡμῶν
3671 5447 3807 5511 ἑξε-

2231 5542 2459 5609 ζιῐτησα
2493 5543 2685 5611 ἀγαθά
2707 5558 2828 5595 σοι.
2867 5541 2969 5594 Διὰ
2995 5543 3087 5595 τὸν
3120 5541 3246 5595 ναὸν
3287 5541 3380 5593 τὸν
3406 5542 3466 5592 ἐν
3506 5541 3591 5593 σοὶ
3619 5541 3807 5608 iaeeu-

2235 5640 2492 5705 τησὰμην
2531 5653 2611 5688 σοι
2645 5637 2890 5704 γαλήνην
2957 5637 3052 5689 καὶ
3107 5635 3415 5705 εὐετηρίαν·
3468 5634 3557 5686 ἵνα
3593 5634 3692 5702 τήν
3720 5636 3807 5684 οἱ-

2230 5728 2385 5778 κείαν
2413 5729 2696 5799 ἁπολὰϐῃς
2721 5729 3080 5798 εὐπρέπειαν,
3139 5727 3234 5779 καὶ
3280 5729 3674 5796 νενομισμένην
3708 5723 3804 5776 λα.-

2228 5820 2438 5889 τρείαν.
