4134 6288
407 252 540 316 12οἹ
1591 268 1970 332 EUTIIYMII
2021 275 2381 335 ZIGABENI

464 364 623 419 Vsus.
669 366 723 421 ι.
756 366 887 422 Ecce
937 372 1011 425 sic
1060 372 1388 430 benedicatur
1448 379 1635 448 homo,
1686 385 1775 453 qui
1819 387 1959 439 timet
1991 391 2036 447 Α

394 455 694 511 Dominum.
717 458 1101 529 Hnjuscemodi
1125 466 1304 521 divina
1323 470 1696 529 benedictione
1724 475 1956 532 fruetur.

390 546 493 602 Per
518 549 945 609 benedictionem
978 572 1105 611 vero
1133 559 1365 627 gratiam
1419 574 1473 619 et
1503 566 1824 622 beneﬁcium
1879 571 1962 624 in-

390 641 605 714 telligit,
644 652 900 714 tanquam
933 648 1096 704 laude
1126 650 1373 721 dignum,
1410 664 1463 709 et
1489 655 1556 712 de
1592 673 1701 728 quo
1724 659 1864 715 bene
1892 660 1960 715 ab

391 733 647 793 omnibus
670 737 958 795 dicendum
996 742 1085 800 sit.
1124 742 1279 809 Quod
1328 746 1375 801 si
1425 749 1548 817 quis
1598 752 1959 819 quaestionem

390 836 628 894 moveat,
658 829 872 895 dicens,
906 832 1191 898 Quomodo
1222 836 1289 891 iis
1308 840 1399 907 qui
1426 840 1619 895 timent
1639 839 1833 909 Deum,
1855 858 1961 897 non

392 919 599 989 majora
631 923 1021 991 promittuntur
1053 928 1217 995 bona,
1259 929 1354 985 sed
1386 931 1499 987 haec
1552 940 1764 987 tantum
1822 944 1965 989 tem-

391 1011 623 1079 poralia,
674 1012 805 1068 illud
833 1015 887 1069 in
914 1018 1105 1085 primis
1158 1020 1447 1077 dicendum
1491 1035 1595 1088 est,
1634 1024 1961 1095 Prophetnm

389 1104 458 1159 ad
493 1120 588 1159 eos
620 1121 928 1163 sermonem
961 1127 1120 1165 suum
1154 1113 1390 1185 dirigere
1418 1158 1433 1178 ,
1486 1119 1578 1186 qui
1632 1120 1818 1173 talium
1869 1121 1967 1176 bo-

389 1210 584 1248 norum
613 1211 797 1250 amore
833 1200 1147 1256 detinentur
1183 1221 1197 1257 :
1232 1205 1427 1259 deinde
1467 1207 1604 1262 illud
1660 1210 1823 1263 etiam
1864 1210 1964 1264 ad-

390 1288 603 1353 demus,
637 1291 781 1358 quod
814 1308 877 1347 ex
913 1295 1212 1349 abundanti
1245 1335 1261 1360 ,
1315 1294 1583 1367 Propheta
1634 1300 1749 1353 haec
1800 1302 1965 1354 etiam

3514 279 3653 342 1203

2148 386 2305 440 Ἰδοὺ
2354 389 2537 452 οὕτως
2571 384 3043 453 εἰηίογηθήσεται
3093 388 3423 454 ἅνθρωπος.
3467 391 3501 443 ὁ
3545 408 3653 458 φο-

2067 479 2361 546 ϐούμενος
2384 479 2490 532 τὸν
2523 482 2759 545 Κύριον.
2785 478 3056 547 Τοιαύτης
3092 479 3342 547 εὐλογίας
3398 480 3653 533 ἀπολαύ-

2069 586 2149 621 σει
2184 568 2333 639 παρὰ
2364 568 2521 622 Θεοῦ.
2556 569 2789 638 Εὑλογία
2812 568 2868 621 δὲ
2898 567 2995 622 νῦν
3027 569 3123 638 τὴν
3145 569 3305 638 χάριν
3338 571 3513 631 καλεῖ,
3543 571 3653 639 τὴν

2066 659 2409 733 εὐεργεσίαν,
2444 661 2518 723 ὡς
2549 660 2830 730 εὐφημίας
2875 658 3051 723 ἀξίαν.
3079 661 3144 713 Τί
3198 661 3401 731 λέγεις.
3463 663 3655 715 τοιαύ-

2064 767 2159 819 τη,
2194 752 2414 823 χάριτος
2446 751 2782 818 ἀπολαύσει;
2814 751 2946 816 Ναὶ,
2985 753 3141 821 φησι,
3184 754 3320 823 πρὸς
3350 755 3655 825 γόρὲρῶν.

2066 861 2162 906 τας
2222 844 2302 894 ἔτι
2352 844 2614 898 τοιούτων
2664 845 2887 915 ἀγαθῶν
2943 845 3292 915 διαλέγομαι.
3326 847 3535 903 ’Δλλως
3585 864 3652 900 τι

2067 933 2122 985 δὲ
2184 936 2276 986 καὶ
2304 937 2369 987 ἐκ
2416 936 2735 1004 περιουσίας
2767 939 2795 990 ὀ
2817 934 2995 1005 λόγος.
3020 939 3104 989 ὅτι
3134 937 3272 1005 μετὰ
3323 936 3435 989 τῶν
3500 937 3657 988 ιδ’ων

2070 1023 2293 1090 ἀγαθῶν
2354 1024 2451 1077 καὶ
2499 1023 2674 1078 ταῦτα
2721 1027 2885 1081 δώσει
2920 1046 2933 1058 ·
2987 1027 3233 1095 Ζητεῖτε
3275 1026 3403 1097 γὰρ.
3458 1029 3649 1094 φησὶν.

2070 1116 2183 1183 τὴν
2204 1116 2535 1179 βασιλείαν
2564 1117 2681 1172 τῶν
2714 1120 3006 1187 οὐρανῶν,
3045 1120 3143 1172 καὶ
3202 1118 3386 1173 ταῦτα
3448 1116 3651 1170 πάντα

2070 1206 2545 1274 προστεθήσεται
2567 1209 2731 1277 ὑμῖν.
2761 1208 2919 1261 Κατὰ
2945 1210 2998 1261 δὲ
3032 1209 3327 1276 ἀναγωγὴν
3382 1207 3517 1276 γυνὴ
3548 1208 3655 1275 μὲν

2067 1295 2163 1349 τοῦ
2198 1296 2485 1359 θεοσεϐοῦς
2535 1302 2565 1367 ἡ
2604 1298 2837 1365 σύζυγος
2867 1299 3012 1370 ψυχὴ
3059 1299 3289 1367 κομῶσα
3342 1301 3461 1360 ταῖς
3523 1299 3653 1367 dp:-

391 1381 532 1434 bona
570 1383 875 1450 pollicetur,
907 1386 1073 1439 veluti
1108 1401 1209 1439 una
1247 1402 1370 1441 eum
1398 1390 1619 1443 aeternis
1646 1388 1806 1445 bonis
1824 1389 1966 1445 Deus

2091 1389 2190 1449 ταῖς
2216 1390 2272 1440 ὲν
2302 1387 2379 1458 τῷ
2412 1388 2628 1459 σώματι
2665 1406 2679 1420 ‘
2715 1393 2820 1444 υἱοὶ
2848 1391 2903 1443 δὲ
2936 1390 3102 1443 αὑτοῦ
3150 1390 3200 1443 oi
3262 1387 3502 1458 μαθηταὶ
3555 1387 3655 1439 καὶ

394 1473 509 1526 haec
539 1475 857 1541 temporalia
895 1477 1054 1529 etiam
1088 1479 1161 1532 sit
1208 1479 1555 1547 praestiturus
1589 1496 1605 1543 ;
1660 1482 1964 1535 secundum

2091 1483 2335 1549 ιιμηταὶ,
2362 1482 2456 1535 καὶ
2498 1483 2734 1553 διάδοχοι
2763 1486 2862 1552 τῆς
2899 1481 3207 1545 εὐσεϐείας,
3260 1481 3545 1542 θάλλοντες
3592 1480 3655 1530 ὲν

392 1564 536 1631 quod
567 1564 691 1618 alibi
725 1568 989 1635 scriptum
1026 1570 1253 1638 legimus
1283 1588 1295 1623 :
1338 1569 1573 1636 Qum-ite
1628 1574 1859 1639 primum
1884 1588 1968 1625 re-

2091 1573 2300 1642 ιῦξήσει
2326 1576 2704 1645 πνευματικῆς
2737 1573 2973 1644 ἡλικίας,
3025 1571 3123 1626 καὶ
3169 1570 3498 1630 κυκλοῦντες
3550 1570 3657 1621 αὑ-

391 1671 547 1723 gnum
592 1655 708 1721 Dei,
750 1668 796 1710 et
826 1660 937 1712 Iure
962 1660 1138 1713 omnia
1176 1661 1492 1730 adjiciantur
1516 1664 1659 1717 vobis
1712 1665 1777 1719 ".
1807 1663 1970 1718 Juxta

2091 1665 2162 1718 τὸν
2196 1665 2539 1731 διδάσκοντα,
2568 1665 2664 1720 καὶ
2695 1664 2959 1719 ἑστιῶντα
2988 1664 3187 1728 αὐτοὺς
3236 1663 3498 1732 ἐδέσμασι
3552 1660 3649 1713 λο-

400 1760 679 1816 anagogen
713 1763 866 1814 vero,
898 1765 1032 1803 uxor
1064 1750 1135 1820 pii
1162 1766 1226 1807 ac
1260 1752 1498 1823 religiosi
1525 1753 1626 1807 viri
1650 1763 1735 1809 est
1766 1755 1971 1822 anima,
2004 1755 2047 1810 Β
2076 1757 2275 1825 γικοῖς.

396 1858 517 1912 qua:
548 1844 801 1913 conjugis
837 1846 1016 1899 instar
1053 1848 1266 1916 corpori
1305 1848 1595 1918 conjuncta
1618 1890 1631 1912 ε
1670 1850 1966 1905 virtutibus
2007 1852 2074 1905 iis
2104 1852 2431 1918 delectatur,
2461 1869 2583 1923 quas
2607 1854 2823 1924 corpori
2857 1854 3089 1917 insunt;
3161 1852 3257 1907 ﬁlii
3309 1864 3441 1905 vero
3509 1848 3661 1901 illius

397 1937 615 2001 animm,
648 1939 903 2009 discipuli
938 1953 1084 2002 sunt,
1116 1949 1169 1995 et
1201 1942 1443 2011 ejusdem
1513 1945 1794 2014 religionis
1859 1944 2188 2011 imitatores,
2261 1965 2358 2003 seu
2407 1964 2802 2015 successores;
2847 1950 2941 2017 qui
2993 1950 3157 2003 etiam
3248 1950 3303 2003 in
3357 1943 3662 2015 sp’ritualis

398 2030 573 2086 :etatis
598 2040 893 2101 augmento
929 2030 1144 2095 ﬂorent,
1180 2049 1243 2087 ac
1280 2040 1510 2107 vigent,
1541 2047 1594 2090 et
1624 2039 1803 2106 ipsum
1872 2036 2151 2094 doctorem
2228 2042 2599 2107 circumdant,
2668 2040 3031 2095 rationalibus
3096 2054 3194 2094 eos
3237 2038 3377 2094 cibis
3430 2048 3664 2105 pascen-

400 2130 529 2177 tem.

473 2234 638 2291 Vsus.
669 2234 718 2289 5.
762 2230 1112 2291 Benedicatle
1138 2239 1389 2295 Dominus
1439 2256 1504 2294 ea:
1556 2240 1709 2297 Sion.
1760 2239 1973 2297 Laudet

2148 2243 2499 2310 Εὐλογιήσαι
2522 2258 2597 2296 σε
2626 2241 2839 2309 Κύριος
2865 2240 2932 2293 ἐκ
2952 2238 3124 2294 Σιών.
3188 2234 3527 2300 Ἐπαινὲσαι,
3561 2251 3664 2303 χα-

399 2335 475 2389 te,
502 2335 554 2381 et
577 2327 781 2398 gratias
806 2327 967 2383 etiam
1014 2330 1109 2384 tibi
1172 2330 1396 2385 tribuat.
1449 2330 1620 2396 Quem
1656 2331 1802 2386 enim
1854 2346 1974 2386 sus-

2091 2335 2337 2405 ριτώσαιο
2374 2334 2433 2388 ὃν
2472 2336 2581 2403 γὰρ
2603 2334 2953 2404 ἀποδέχεται,
2974 2332 3190 2385 ἐπαινοῖ
3216 2346 3227 2360 ’
3261 2332 3357 2383 καὶ
3405 2328 3464 2381 ὃν
3506 2329 3665 2379 ὲπαι-

401 2421 535 2490 cipit
601 2420 743 2476 Deus
770 2461 785 2485 ,
842 2436 964 2477 eum
1016 2423 1175 2477 etiam
1207 2423 1435 2489 laudat,
1466 2432 1519 2478 et
1549 2439 1711 2494 quem
1742 2422 1928 2478 laudat
1958 2464 1973 2487 ,

403 2512 652 2568 eumdem
681 2512 869 2582 gratiis
898 2529 960 2569 ac
990 2513 1153 2569 donis
1203 2515 1598 2584 multiplicibus
1619 2515 1757 2571 solet
1780 2530 1977 2569 cumuc

404 2606 519 2660 lare
559 2623 572 2659 :
620 2604 897 2659 Dominum
932 2621 1064 2661 vero
1092 2606 1231 2661 dixit
1259 2623 1324 2663 ei:
1349 2604 1479 2662 Sion
1505 2646 1519 2669 ,
1562 2622 1662 2677 pro
1714 2606 1821 2672 Qui
1866 2605 1967 2659 ha-

2084 2428 2185 2488 νοῖ,
2214 2430 2446 2497 χαριτοῖ.
2478 2425 2681 2497 Κύριος
2708 2427 2765 2479 δὲ
2785 2429 2811 2478 ὁ
2852 2428 2909 2478 ἐν
2937 2426 3075 2479 Σιὼν
3098 2423 3288 2488 οἰκῶν,
3326 2423 3382 2475 ὲν
3410 2420 3487 2489 τῷ
3529 2420 3668 2487 οίκῳ

2085 2516 2163 2585 τῷ
2186 2518 2243 2569 ὲν
2270 2517 2430 2573 Σιών.
2477 2518 2688 2571 Ἐκεῖσε
2722 2520 2832 2589 γὰρ
2851 2520 3022 2572 οἰκεῖν
3061 2517 3301 2585 ἐλέγετο,
3341 2513 3427 2567 διὰ
3458 2511 3517 2565 τδ
3544 2513 3668 2580 ὀμι-

2078 2607 2191 2659 λετν
2223 2610 2279 2661 ὲν
2313 2608 2390 2678 τῷ
2420 2610 2532 2679 ναῷ
2556 2611 2668 2672 τοῖς
2692 2610 2922 2678 ἱερεῦσι.

406 2699 543 2754 bitat
576 2699 629 2753 in
663 2698 818 2762 Sion,
854 2699 957 2755 hoc
980 2709 1087 2764 est,
1121 2701 1175 2755 in
1206 2716 1269 2757 ea
1302 2701 1486 2766 domo,
1525 2715 1619 2756 seu
1659 2700 1715 2753 in
1748 2699 1969 2769 templo,
2011 2702 2158 2770 quod
2191 2710 2279 2758 est
2307 2702 2362 2756 in
2392 2701 2550 2756 Sion.
2622 2702 2741 2756 Illic
2808 2702 3012 2756 etenim
3064 2700 3322 2755 habitare
3374 2697 3673 2753 dicebatur

408 2791 552 2846 Deus
579 2828 593 2851 .
629 2804 694 2845 eo
754 2790 897 2861 quod
952 2791 1149 2846 ibidem
1198 2791 1577 2847 sacerdotibus
1645 2805 1969 2861 responsum
2008 2789 2194 2858 dabat,
2229 2805 2391 2863 atque
2426 2793 2493 2847 ad
2525 2810 2618 2849 eos
2659 2794 3009 2862 loquebatur.

478 2903 546 2957 Et
566 2900 737 2955 videas
766 2902 895 2955 bona
919 2902 1218 2958 Jerusalem
1240 2903 1478 2958 omnibus
1502 2902 1684 2957 diebus
1707 2904 1829 2957 vim
1857 2910 1982 2957 tute.

409 2995 557 3049 Bona
583 2995 801 3063 quidem
828 2993 1106 3049 inferioris
1122 3010 1185 3048 ac
1204 2995 1481 3050 terrestris
1501 2994 1665 3064 hujus
1677 2991 1981 3048 Jerusalem

2164 2906 2274 2960 Kal
2315 2905 2467 2972 ιδοις
2518 2909 2590 2960 τὰ
2620 2908 2809 2975 ἀγαθὰ
2862 2905 3253 2975 Ἰερουσαλὴμ
3310 2904 3513 2968 πάσας
3566 2903 3675 2968 τὰς

2094 2996 2319 3065 ἡμέρας
2356 2996 2467 3064 τῆς
2493 2995 2641 3063 (diﬁc
2673 3012 2809 3049 σου.
2857 2994 3063 3063 Ἀγαθὰ
3097 2994 3200 3063 τῆς
3237 2994 3336 3064 μὲν
3380 2993 3533 3047 κάτω
3572 2994 3674 3045 Ἱε-

411 3091 527 3142 haec
559 3094 684 3141 sunt
712 3104 726 3140 :
759 3102 911 3155 opes,
947 3086 1152 3140 divitiae
1179 3130 1195 3153 ,
1232 3086 1472 3155 potentia
1492 3124 1510 3152 ,
1540 3086 1820 3142 exercitus
1846 3126 1862 3151 ,
1902 3088 1985 3139 vi-

2092 3086 2373 3158 ρουσαλὴμ
2408 3086 2634 3147 πλοῦτος
2676 3090 2734 3139 ὲν
2792 3088 3065 3157 χρήμασι,
3115 3086 3347 3154 δύναμις
3382 3086 3440 3137 ἐν
3504 3100 3674 3155 στρα-

411 3180 583 3232 ctoria
615 3178 680 3231 de
712 3177 968 3241 inimicis,
999 3177 1173 3243 gloria
1206 3177 1347 3245 apud
1382 3190 1573 3232 omnes
1602 3217 1617 3241 ,
1656 3187 1820 3246 atque
1876 3175 1984 3228 alia

2092 3181 2351 3251 τεύμασι,
2386 3181 2509 3249 νίκη
2534 3181 2653 3232 κατ’
2682 3180 2913 3249 ἐχθρῶν,
2945 3179 3073 3243 δόξα
3102 3181 3253 3248 παρὰ
3303 3178 3463 3240 πᾶσι,
3495 3177 3589 3229 καὶ
3605 3177 3676 3229 τὰ

414 3269 726 3335 huiusmodi
763 3287 775 3321 :
814 3270 957 3323 bona
986 3283 1117 3323 vero
1150 3283 1403 3337 supernae
1430 3283 1493 3323 ac
1542 3269 1785 3325 caelestis
1831 3266 1991 3323 Jeru-

415 3363 583 3417 salem
620 3378 684 3416 ea
739 3369 869 3415 sunt
896 3402 909 3425 ,
940 3376 1059 3430 qum
1084 3376 1176 3414 nec
1206 3361 1390 3415 oculus
1417 3362 1547 3416 uidit
1569 3402 1582 3427 ,
1634 3377 1799 3430 neque
1841 3362 1990 3415 auris

433 3454 657 3517 audivit,
691 3462 745 3508 et
767 3468 889 3523 qua:
914 3453 969 3505 in
1007 3469 1097 3505 cor
1127 3451 1353 3506 hominis
1378 3470 1485 3508 non
1532 3456 1880 3509 ascenderunt
1920 3454 1990 3507 ⁸³.

488 3565 652 3618 Vens.
688 3564 741 3619 6.
766 3562 835 3617 Et
858 3562 1034 3617 videas
1063 3564 1204 3631 ﬁlios
1245 3564 1486 3631 ﬁliorum
1537 3572 1773 3617 tuorum.
1826 3560 1990 3616 Juxta

416 3657 699 3712 historiam
740 3655 959 3724 quidem
987 3654 1202 3724 generis
1256 3653 1333 3709 tui
1393 3668 1791 3717 successores;
1840 3652 1994 3719 juxta

416 3761 698 3817 anagogen
731 3759 859 3801 vero
887 3760 983 3815 per
1014 3745 1157 3800 ﬁlios
1198 3744 1457 3809 ﬁliorum,
1491 3744 1738 3799 heredes
1764 3756 1828 3798 ac
1864 3756 1995 3797 suc-

416 3854 666 3897 cessores
698 3840 754 3893 in
786 3838 1051 3909 religione
1103 3852 1168 3890 ac
1225 3838 1427 3906 pietate
1477 3836 1733 3903 intelligit
1766 3853 1780 3890 :
1819 3845 1871 3890 te
1911 3834 1995 3889 ni-

419 3932 617 3985 mirum
648 3944 743 3985 cos
772 3930 1027 3991 docente.
1062 3938 1116 3984 et
1152 3928 1517 3999 spiritualiter
1569 3936 1852 3997 regnante.

490 4042 609 4097 Pax
644 4057 800 4108 super
850 4040 1043 4095 Israel.
1102 4039 1428 4110 Hnjusmodi
1460 4041 1622 4095 etiam
1671 4040 1836 4095 verba
1897 4040 1995 4091 ha-

418 4136 640 4189 buinms
672 4133 725 4185 in
766 4131 977 4201 psalmo
1014 4144 1197 4184 csxtv.
1231 4127 1335 4182 Per
1388 4128 1642 4182 lsraelem
1685 4142 1813 4181 vero
1838 4166 1852 4189 ,
1887 4140 1995 4179 non

421 4227 596 4281 solum
626 4225 911 4292 antiquum
948 4222 1234 4292 populum,
1263 4221 1358 4275 sed
1389 4235 1589 4274 novum
1630 4219 1791 4273 etiam
1831 4216 1997 4270 intel-

423 4320 662 4388 ligimus,
693 4324 751 4369 ut
782 4314 908 4369 alibi
937 4328 1081 4383 saepe
1114 4313 1322 4365 dictum
1361 4320 1470 4365 est.
1502 4309 1658 4375 Quod
1706 4310 1750 4363 si
1783 4323 1886 4377 pax
1917 4307 2000 4359 in-

2090 3272 2336 3325 τοιαῦτα·
2362 3274 2475 3336 -τοῖς
2507 3272 2564 3323 δὲ
2596 3272 2728 3335 ἄνω,
2756 3269 2792 3324 ἃ
2821 3271 2958 3324 οὔτε
2995 3268 3301 3339 ὀφθαλμὸς
3326 3265 3507 3329 εἶδεν.
3534 3269 3675 3322 οὔτε

2093 3364 2201 3431 οὖς
2238 3362 2528 3433 ἤκουσεν,
2557 3362 2695 3417 οὔτε
2723 3361 2824 3415 ἐπὶ
2856 3362 3107 3431 καρδίαν
3126 3362 3442 3430 ἀνθρώπου
3460 3359 3673 3425 ἀνέϐη.

2166 3570 2275 3626 Kal
2311 3569 2461 3635 ἴδοις
2515 3568 2685 3635 υἱοὺς
2714 3566 2832 3621 τῶν
2860 3566 3006 3621 υἱῶν
3043 3579 3183 3620 σου.
3238 3562 3519 3630 Αίσθητῶς
3578 3560 3682 3629 μὲν

2094 3662 2369 3731 διαδόχους
2419 3658 2607 3727 γένους
2646 3675 2738 3711 σου
2806 3674 2823 3688 ο
2874 3656 3234 3726 ἀναγωγικῶς
3290 3654 3347 3707 δὲ
3398 3652 3678 3722 διαδόχους

2097 3753 2382 3815 εὐσεϐείας
2412 3765 2426 3782 ⁸
2455 3750 2681 3811 τούτους
2700 3750 2911 3803 ἐκείνου
2944 3748 3286 3808 διδάσκοντος
3309 3744 3406 3799 καὶ
3427 3758 3677 3811 πνευμα-

2096 3842 2263 3906 τικῶς
2293 3842 2721 3909 ἀναγεννῶντος.

2171 4041 2397 4109 Εἰρήνη
2436 4041 2533 4094 ἐπὶ
2566 4040 2675 4093 τὸν
2704 4039 2976 4107 Ἰσραήλ.
3006 4038 3178 4093 Τοῦτο
3222 4034 3345 4090 εἷπε
3389 4033 3486 4089 καὶ
3513 4036 3571 4087 ὲν
3597 4032 3682 4103 τῷ

2099 4133 2243 4187 τέλει
2290 4133 2384 4186 τοῦ
2418 4131 2526 4202 ρκδ¹
2556 4130 2799 4199 ψαλμοῦ.
2843 4129 3064 4200 Ἰσραὴλ
3098 4129 3155 4181 δὲ
3186 4127 3248 4180 οὐ
3282 4126 3447 4196 μόνον
3480 4127 3509 4179 ὁ
3572 4141 3683 4175 πα-

2100 4225 2250 4287 λαιὸς
2282 4226 2428 4287 λαὸς,
2458 4222 2595 4276 ἀλλᾶ
2624 4224 2716 4275 καὶ⁵
2754 4224 2781 4275 δ
2810 4221 2951 4285 νέος,
3012 4221 3087 4281 ῶς
3138 4220 3408 4288 διαφόρως
3458 4217 3688 4287 εἰρήκα-

2106 4333 2229 4385 μεν.
2263 4316 2326 4367 Εί
2365 4314 2423 4366 δὲ
2450 4313 2679 4382 διεκόπη
2709 4315 2777 4367 τὰ
2811 4312 2909 4381 τῆς
2937 4312 3184 4380 είρήνης,
3210 4309 3345 4363 ἀλλὰ
3385 4307 3536 4379 παρά
3582 4306 3685 4375 τὴν

423 4411 626 4467 tereisa
655 4418 740 4463 est
768 4405 1104 4474 aliquando,
1163 4403 1217 4458 id
1261 4403 1477 4457 illorum
1525 4402 1700 4473 gratia
1745 4399 1986 4455 cll‘ectum

2104 4406 2285 4461 αἰτίαν
2309 4404 2416 4459 τῶν
2449 4405 2726 4474 φανέντων
2757 4402 2996 4470 ἀναξίων
3022 4401 3195 4469 αὐτῆς
3230 4418 3246 4432 ν
3281 4398 3507 4467 καὶγὰρ
3560 4395 3688 4449 οὔτε

422 4507 552 4565 est,
600 4497 696 4567 qui
728 4512 788 4552 se
841 4496 1096 4561 indignos
1157 4494 1551 4562 praestiterunt.
1605 4489 1794 4559 Neque
1846 4489 1993 4543 enim

422 4591 795 4646 comminante
831 4586 941 4641 Deo
998 4584 1399 4654 desperandum
1433 4584 1594 4637 nobis
1627 4590 1748 4645 est,
1777 4582 1867 4636 sed
1908 4597 2005 4651 per

426 4681 805 4754 paenitentiam
837 4676 1234 4740 conﬁtendum,
1281 4682 1338 4727 ut
1384 4674 1530 4727 illius
1572 4688 1601 4727 a
1653 4672 1808 4726 nobis
1867 4670 2001 4724 iram

426 4782 740 4830 avertamus
767 4812 784 4837 ,
834 4770 997 4824 sicuti
1034 4768 1280 4822 fecerunt
1317 4763 1572 4819 Ninivita:
1605 4782 1619 4817 :
1657 4778 1758 4817 nec
1809 4777 2003 4817 rursus

427 4872 617 4928 eodem
647 4870 759 4925 Deo
807 4869 951 4923 bona
1000 4866 1331 4936 pollicente,
1379 4862 1538 4917 nobis
1582 4860 2004 4931 pigrescendum

428 4971 514 5019 est
547 4980 561 5017 :
592 4961 843 5032 quinimo
873 4957 1071 5028 majori
1104 4965 1233 5010 tunc
1261 4954 1443 5009 studio
1480 4954 1639 5008 nobis
1664 4960 1748 5007 est
1788 4958 2008 5006 conten-

429 5053 688 5118 dendum,
726 5060 783 5105 ut
816 5047 1213 5121 promissiones
1248 5046 1398 5099 illius
1426 5043 1492 5097 ad
1535 5043 1695 5097 linem
1736 5043 2006 5111 perduca-

431 5160 574 5199 mus.
612 5142 895 5211 Siquidem
930 5147 983 5194 et
1012 5137 1167 5193 ludat
1200 5135 1489 5190 Dominum
1534 5133 1854 5202 promisisse
1906 5145 2002 5183 no-

429 5238 609 5291 vimus
640 5234 784 5304 qnod
827 5234 987 5287 simul
1024 5246 1149 5286 cum
1179 5229 1301 5284 aliis
1334 5227 1597 5296 apostolis
1639 5239 2005 5280 eonsessurus

433 5339 579 5384 esset
600 5345 763 5400 super
787 5328 1069 5390 thronum,
1091 5331 1144 5378 et
1160 5318 1809 5391 judicaturusduodecim
1831 5318 2008 5371 tribus

2105 4496 2456 4558 ἀπειλοῦντος
2497 4493 2593 4547 τοῦ
2620 4492 2754 4547 Θεοῦ
2797 4494 2906 4563 χρὴ
2933 4489 3357 4559 ἀπογινώσκειν,
3417 4487 3553 4540 ἀλλὰ
3598 4486 3690 4539 διὰ

2116 4593 2409 4659 μετάνοιαν
2452 4588 2561 4655 τὴν»
2614 4586 2789 4656 ὀργὴν
2845 4583 3273 4654 ἀποκρούεσθαι,
3336 4579 3588 4648 καθάπερ
3636 4578 3688 4629 oi

2114 4677 2591 4735 Νινευῗταιοοῦτε
2644 4677 2827 4745 ἀγαθὰ
2887 4672 3360 4741 ἐπαγγελλομένου
3418 4670 3690 4740 προσήκει

2114 4769 2466 4831 ἀναπίπτειν,
2512 4768 2607 4819 καὶ
2644 4765 2932 4838 ῥᾳθυμεῖν,
2988 4764 3121 4817 ἀλλὰ
3167 4762 3353 4814 πλεῖον
3402 4757 3694 4828 ἐπιμελείᾳ

2117 4859 2232 4929 βίου
2288 4860 2368 4921 είς
2397 4858 2558 4929 ἔργον
2614 4856 3007 4928 προκαλεῖσθαι
3032 4856 3130 4917 τὰς
3161 4851 3523 4921 ὲπαγγελίας.
3578 4850 3693 4902 Καὶ

2116 4950 2225 5020 γὰρ
2281 4950 2375 5003 καὶ
2430 4950 2521 5002 τὸν
2588 4948 2790 5001 Ἰούδαν
2819 4950 2847 5001 ὁ
2885 4945 3119 5014 Χριστὸς
3169 4941 3559 5012 ἐπηγγείλατο,
3608 4938 3695 4991 ὅτι

2116 5046 2385 5098 καθιείται
2416 5044 2507 5096 ἐπὶ
2533 5042 2747 5111 θρόνου,
2783 5042 2877 5092 καὶ
2906 5038 3069 5100 αὐτὸς
3101 5035 3241 5106 μετὰ
3289 5035 3398 5087 τῶν
3442 5031 3696 5102 ἁμῶμων

2119 5136 2375 5205 μαθητῶν
2423 5136 2516 5188 καὶ
2544 5134 2720 5201 κρινεῖ
2753 5132 2849 5193 τὰς
2875 5131 3082 5183 δώδεκα
3109 5128 3282 5197 φυλὰς
3303 5126 3396 5180 τοῦ
3438 5122 3653 5193 Ἰσραήλ
3671 5136 3690 5153 ⁸

2115 5228 2228 5280 ἀλλ’
2252 5229 2409 5290 αὐτὸς
2439 5228 2794 5299 διεκρούσατο
2840 5227 2937 5297 τὴν
2965 5222 3294 5292 ἐπαγγελίαν
3345 5218 3567 5282 ἀνάξιον
3590 5216 3694 5270 αὐ-

2118 5319 2216 5385 τῆς
2239 5318 2433 5371 ἑαυτὸν
2460 5318 2901 5389 παρασχόμενος.

432 5422 596 5479 Israel
632 5440 645 5475 :
680 5430 1050 5476 verumtamen
1081 5415 1498 5487 promissionem
1533 5411 1847 5483 hujusmodi
1917 5410 2129 5466 tandem
2198 5414 2415 5482 repulit,
2447 5422 2501 5470 et
2527 5429 2587 5471 se
2638 5429 2699 5468 ea
2752 5414 3031 5486 indignum
3072 5427 3194 5468 esse
3241 5409 3497 5465 omnibus
3562 5417 3691 5477 pro-

436 5518 603 5573 bavit.

510 5696 554 5729 "
579 5692 768 5747 Matth.
796 5703 869 5755 VI,
906 5687 990 5744 55.
1072 5686 1117 5718 ⁸³
1153 5686 1255 5740 lsa.
1283 5698 1425 5747 ιιιν,
1452 5681 1519 5750 ι;
1572 5679 1590 5733 l
1621 5681 1750 5737 Cor.
1783 5696 1841 5747 ιι,
1876 5680 1929 5735 9.
