4090 6288
269 343 407 410 1909

858 462 957 534 ’ῼδ
967 463 998 532 ὴ
1028 463 1264 532 ὁμοίως.

788 554 1085 608 ΨΔΛΜΟΣ
1132 554 1313 611 ΡΚΗ’.

331 640 666 708 Πλεονάιιις
695 642 1094 713 ἐπολέμησάν
1116 663 1196 714 με
1225 646 1294 700 ἐκ
1355 648 1642 714 νεότητός
1698 666 1840 716 μου.

263 735 548 806 Προσώπῳ
581 735 677 789 τοῦ
715 735 850 791 λαοῦ
885 741 980 790 καὶ
1009 739 1208 802 ταῦτα,
1269 739 1536 803 πολλάκις
1593 740 1838 809 πολεμη-

262 827 448 891 Οέντος
480 827 634 897 παρὰ
662 828 772 883 τῶν
809 829 1208 901 πλησιοχώρων
1275 831 1468 893 ἐθνῶν,
1519 831 1595 896 ὡς
1651 831 1844 901 προεί-

263 935 446 988 ρηται,
481 917 801 974 κωλυόντων
845 923 946 991 τὴν
977 923 1296 993 οἰκοδομήν.
1325 922 1576 992 Νεότητα
1606 921 1660 975 δὲ
1692 922 1838 990 λέγει

262 1009 362 1079 τὴν
417 1011 596 1080 ἀρχὴν
647 1011 750 1080 τῆς
803 1011 911 1065 ἀπὸ
963 1013 1285 1076 Βαϐυλῶνος
1333 1013 1596 1066 ἐπανόδου
1625 1026 1639 1043 ⁸
1674 1011 1724 1064 ει
1782 1011 1840 1064 δὲ

260 1102 390 1170 περὶ
437 1100 531 1153 τοῦ
583 1100 692 1152 τῶν
739 1101 1016 1169 δαιμόνων
1063 1102 1302 1170 πολέμου
1337 1100 1512 1172 λάϐῃς
1539 1100 1600 1153 τὸ
1650 1099 1835 1168 ῥητὸν,

256 1193 486 1264 νεότητα
511 1192 728 1263 νοήσεις
760 1192 859 1264 τὴν
892 1193 1015 1246 καθ’
1051 1194 1275 1263 ἡλικίαν
1301 1208 1315 1223 ·
1364 1191 1528 1255 εὐθὺς
1581 1193 1645 1244 ὲκ
1686 1189 1839 1258 πρώ-

256 1303 359 1349 της
390 1285 607 1354 ἡλικίας
639 1284 982 1355 ἐπιθεμένων
1009 1286 1163 1354 ἡμῖν.

1477 347 1865 409 COMMEN'I‘.
1903 345 1981 407 IN
2023 345 2381 408 PSALMOS.

1883 469 1930 523 Α

3400 334 3539 400 1210

2424 457 2704 511 Canticum
2753 471 3085 511 ascensuum.

2416 552 2739 607 I’SALMUS
2779 548 3066 606 CXXVIII.

2023 646 2190 700 Vsus.
2230 646 2280 711 l,
2314 645 2369 700 2.
2413 643 2558 709 Swpe
2601 651 3030 714 oppugnaverunt
3077 657 3155 694 me
3197 657 3228 693 a
3267 641 3540 710 juventu'e

1949 760 2087 797 mea.
2138 741 2261 797 lImc
2317 743 2480 797 verba
2527 743 2691 797 etiam
2742 757 2806 794 ex
2868 741 3049 809 populi
3101 754 3329 807 persona
3385 739 3532 791 dicta

1947 839 2097 896 sunt,
2132 833 2219 886 cui
2263 848 2658 901 saepenumero,
2687 840 2745 885 ut
2776 831 3040 893 diximus,
3076 830 3286 884 bellum
3325 829 3533 882 illatum

1947 931 2031 975 est
2055 937 2083 975 a
2110 923 2356 977 tinitimis
2390 924 2494 978 illis
2523 925 2798 993 gentibus,
2831 938 2953 992 quae
2995 933 3048 977 et
3081 922 3265 990 templi
3318 929 3370 974 et
3405 921 3539 974 civi-

1950 1013 2080 1067 tatis
2113 1007 2568 1071 instaurationem
2616 1015 2881 1084 impedire
2928 1016 3262 1069 nitebantur.
3319 1012 3416 1066 Per
3444 1013 3536 1079 ju-

1945 1114 2228 1160 ventutem
2300 1123 2471 1172 vero,
2515 1109 2619 1164 hoc
2674 1109 2727 1161 in
2784 1109 2906 1162 loco
2954 1107 3226 1176 PrOpheta
3296 1106 3534 1174 primum

1949 1195 2082 1249 illud
2115 1207 2332 1268 tempus
2365 1199 2640 1267 intelligit,
2675 1215 2783 1266 quo
2817 1198 3049 1267 populus
3089 1212 3120 1253 ο
3177 1197 3448 1266 Babylone
3482 1197 3534 1246 in

1949 1289 2177 1354 patriam
2212 1306 2467 1345 reversus
2506 1300 2610 1345 est.
2641 1289 2795 1356 Quod
2829 1291 2874 1345 si
2909 1291 3022 1344 haec
3050 1289 3210 1343 verba
3240 1289 3308 1340 de
3336 1289 3540 1340 dmmO‘

257 1392 386 1430 mnu
421 1377 832 1446 impugnatione
863 1376 1215 1447 intelligenda
1244 1392 1368 1432 esse
1401 1376 1555 1432 dicas
1576 1416 1591 1440 ,
1619 1389 1715 1445 per
1740 1375 2084 1444 juventutem
2113 1395 2356 1449 expones
2385 1385 2614 1437 orimam
2683 1391 2899 1456 :etatem
2928 1399 2943 1449 ;
3006 1382 3060 1435 in
3130 1394 3195 1434 ea
3258 1379 3461 1434 etenim
3505 1391 3533 1430 a

256 1471 597 1525 dzenmuibus
629 1470 811 1524 statim
855 1470 1016 1524 nobis
1047 1469 1247 1523 bellum
1296 1469 1550 1524 infertur.

323 1565 556 1618 Ειπὰτω
584 1565 660 1633 δὴ
689 1565 926 1634 Ἰσραήλ
949 1583 965 1599 ο
997 1566 1299 1632 Πολλάκις
1331 1564 1722 1634 ἐπολέμησάν
1760 1577 1836 1630 με

2024 1560 2181 1615 Dicat
2237 1577 2365 1616 sane
2401 1561 2593 1624 Israel,
2636 1560 2787 1630 Sarpe
2821 1568 3251 1629 oppugnaverunt
3274 1575 3354 1611 me
3390 1557 3536 1623 aju-

167 1629 178 1636 ἢ
217 1657 228 1666 “
258 1661 324 1712 ἐκ
376 1629 665 1726 νεότητός
714 1629 877 1727 μου.
928 1657 1153 1712 Εῑπάτω
1210 1629 1467 1728 δὴντοῦτο
1509 1629 1830 1727 διαρρήδην.

1949 1661 2154 1706 oentute
2195 1669 2332 1706 mea.
2361 1653 2562 1720 Aperte
2591 1652 2692 1706 hoc
2722 1629 2772 1706 et
2800 1653 2974 1720 palam
3001 1651 3169 1715 dicat,
3197 1661 3255 1703 ut
3274 1647 3536 1702 omnibus

255 1751 405 1812 ὅπως
461 1750 632 1816 γνῶσι
683 1750 886 1814 πάντες
943 1749 1039 1820 ἀφ’
1077 1749 1208 1802 οἴων
1253 1747 1520 1801 κινδύνων
1568 1742 1840 1816 ἐρρύσατο

263 1843 408 1912 ἡμᾶς
435 1843 462 1893 6
495 1841 650 1904 Θεός.

330 1930 438 1984 Kai
469 1931 582 1999 γὰρ
610 1931 722 1984 οὐκ
760 1927 1162 1997 ὴὸυνήθησάν
1181 1943 1304 1997 μοι.
1353 1925 1465 1979 Οὐκ
1495 1923 1842 1994 ἠδυνήθησαν

255 2024 315 2076 ἰν
351 2023 474 2093 ἐμοί
497 2040 508 2052 ·
544 2023 606 2076 οὗ
648 2021 988 2092 κατίσχυσαν
1022 2037 1125 2090 μου
1158 2019 1372 2081 τέλεον,
1402 2017 1561 2070 τοῦτο
1581 2014 1677 2068 τοῦ
1704 2015 1840 2067 Θεοῦ

257 2115 334 2182 μὴ
359 2112 792 2183 συγχωροῦντος.
823 2110 917 2163 Διὸ
949 2111 1042 2163 καὶ
1093 2109 1485 2179 συνεχέστερον
1539 2106 1841 2176 ἐπολέμουν

258 2223 347 2276 με,
373 2204 627 2277 ἐκτρῖψαι
685 2222 752 2275 με
781 2200 1238 2273 φιλονεικοῦντες.

336 2375 465 2432 Ἐπὶ
502 2375 610 2429 τὸν
634 2372 826 2429 νῶτόν
853 2391 974 2444 μου
1032 2371 1376 2427 ὲτέκταινον
1401 2372 1456 2424 οι
1479 2370 1838 2439 ἁμαρτωλοί.

255 2468 381 2520 Ἐπὶ
412 2467 501 2520 τὸν
531 2466 700 2520 νῶτόν
733 2483 834 2535 μου
867 2462 1275 2526 κατεσκεύαζον
1295 2465 1363 2516 τὰ
1397 2462 1545 2516 κακὰ
1602 2463 1653 2513 oi.
1706 2461 1833 2513 ἀσε-

257 2563 392 2624 ϐεῖς,
425 2559 474 2612 οἱ
532 2557 759 2629 πονηροί
792 2574 806 2590 ·
843 2557 1150 2620 τουτέστιν,
1180 2555 1242 2610 οὗ
1301 2555 1461 2625 μόνον
1520 2550 1838 2622 ἔμπροσθέν

260 2669 383 2720 μου,
444 2650 580 2702 ἀλλὰ
615 2651 710 2703 καὶ
747 2650 991 2712 ὄπισθεν,
1040 2649 1101 2702 οὐ
1164 2649 1326 2716 μόνον
1380 2645 1652 2715 φανερῶς,
1699 2641 1838 2694 ἀλλὰ

259 2740 352 2789 καὶ
382 2737 604 2806 ἀφανῶς
651 2737 1038 2808 μηχανώμενοι
1071 2755 1085 2769 ο
1117 2737 1152 2806 ἢ
1191 2734 1469 2804 σύνεγγύς
1508 2751 1630 2804 μου,
1678 2731 1711 2803 ἢ
1743 2731 1837 2784 καὶ

256 2829 437 2882 αὐτῶν
479 2829 775 2899 ἁπτόμενοι
804 2829 912 2882 τῶν
939 2827 1162 2900 σαρκῶν
1197 2845 1323 2900 μου.

340 3001 722 3071 Ἐμάκρυναν
749 3000 866 3067 τὴν
892 3002 1150 3070 ἀνομίαν
1177 2999 1396 3056 αὐτῶν.
1443 3000 1567 3054 Ἐπὶ
1630 2998 1835 3071 αακρδν
1865 3020 1905 3076 C

259 3093 450 3162 χρόνον
479 3094 608 3145 πολε
618 3093 845 3161 μοῦντές
877 3109 988 3159 μοι.

333 3186 548 3254 Κύριος
593 3183 844 3250 δίκαιος.
905 3185 1117 3246 Ὄντως
1165 3184 1397 3246 δίκαιος,
1447 3184 1549 3253 ἐμὲ
1599 3185 1698 3252 μὲν
1735 3185 1841 3238 πά-

261 3293 413 3346 σχειν
461 3275 834 3346 παραχωρῶν.
897 3275 986 3328 ἵνα
1057 3276 1503 3347 σωφρονέστερος
1569 3278 1837 3346 γένωμαι,

259 3367 504 3429 ἒκείνους
531 3366 588 3420 δὲ
611 3365 881 3430 κολάζων,
913 3365 990 3429 ὡς
1039 3367 1242 3430 ἀδίκως
1287 3366 1672 3435 ἐπιθεμένους,
1742 3369 1843 3420 καὶ

267 3457 424 3526 φθονε
435 3458 564 3527 ρῶς.

340 3550 694 3618 Συνέκοψεν
738 3549 1001 3618 αὐχένας
1037 3550 1421 3621 ἁμαρτωλῶν.
1485 3550 1712 3618 Διέκοψε
1744 3549 1864 3620 τὴν·

265 3640 599 3711 ὑψαυχενίαν
637 3642 748 3694 τῶν
779 3642 1081 3711 πολεμίων,
1119 3643 1310 3711 ἀφεῖλε
1332 3642 1432 3712 τήν
1485 3642 1718 3712 ἔπαρσιν
1748 3641 1837 3694 αὺ-

264 3734 392 3797 τῶν,
437 3733 939 3803 ἐπικρατεστέρους
972 3735 1120 3804 ἡμᾶς
1153 3735 1413 3802 ποιήσας.

325 3823 863 3891 Αἰσχυνοήτωσαν,
889 3823 988 3876 καὶ
1019 3822 1591 3892 ἀποστραφήτωσαν
1620 3822 1842 3888 πάντες

261 3918 317 3970 οι
340 3915 666 3984 μισοῦντες
693 3915 866 3969 Σιών.
892 3916 962 3966 ’Ἥ
986 3915 1275 3980 εὐκτικῶς,
1313 3915 1435 3968 ἀντὶ
1461 3916 1553 3967 τοῦ
1577 3918 1842 3982 Αἰσχυν-

261 4008 539 4074 οείηοναν.
573 4006 604 4076 ἢ
633 4007 991 4077 προφητικῶς
1021 4009 1145 4060 ἀντὶ
1177 4006 1272 4059 τοῦ
1289 4009 1836 4074 Αἰσχυνοήσονται,

262 4087 354 4147 καὶ
377 4095 443 4148 τὰ
483 4096 607 4165 ἑξῆς
639 4097 861 4164 ὁμοίως.
894 4095 1220 4165 ’Λρμὸξουσι
1271 4098 1328 4151 δὲ
1381 4100 1450 4151 τὰ
1501 4097 1596 4150 τοῦ
1620 4096 1838 4166 ψαλμοῦ

261 4187 496 4240 νοεῖσθαι
530 4189 624 4241 καὶ
657 4188 909 4258 λέγεσθαι
941 4189 1036 4240 καὶ
1076 4189 1205 4258 περὶ
1251 4190 1349 4259 τῆς
1397 4191 1522 4254 νέας
1552 4189 1691 4244 Σιὼν
1737 4193 1838 4260 τῆς

260 4275 592 4346 Ἐκκλησὶας
621 4277 732 4330 τῶν
758 4279 989 4332 πιστῶν.

1949 1744 2283 1812 innotescat,
2323 1759 2352 1797 a
2388 1744 2613 1814 quantis
2657 1759 2755 1797 nos
2790 1742 2935 1798 Deus
2967 1743 3221 1797 liberavit
3248 1740 3532 1795 periculis.

2025 1920 2235 1976 Etenim
2276 1937 2381 1974 non
2415 1929 2696 1989 potuerunt
2734 1920 2884 1974 milii.
2938 1919 2991 1974 In
3034 1933 3120 1973 me
3173 1918 3378 1988 aliquid
3423 1933 3532 1972 non

1951 2019 2383 2083 potnerunt,seu
2414 2024 2520 2061 non
2547 2023 2774 2076 prorsus
2805 2006 3205 2076 praevaluerunt
3236 2007 3528 2060 adversum

1952 2116 2062 2166 me,
2105 2101 2218 2152 Deo
2239 2097 2447 2152 scilicet
2482 2097 2616 2152 illud
2650 2113 2756 2151 non
2791 2098 3163 2166 permittente.
3193 2097 3374 2166 Atque
3405 2096 3531 2150 ideo

1950 2187 2290 2258 frequentius
2327 2203 2410 2240 me
2451 2186 2842 2256 impugnabant
2873 2184 3276 2240 contendentes
3306 2186 3531 2239 subver-

1950 2287 2082 2334 [εἴθ.

2001 2353 2188 2424 Ὺειιει.
2224 2371 2276 2423 5.
2315 2367 2488 2437 Supra
2515 2371 2732 2422 dorsum
2767 2383 2938 2420 meum
2980 2366 3376 2434 fabricat-erunt
3407 2381 3529 2434 pec-

1943 2471 2174 2517 catores.
2217 2460 2399 2528 Impii,
2454 2461 2674 2529 inquit,
2724 2474 2789 2514 ac
2839 2459 2993 2527 pravi
3047 2459 3297 2511 homines
3361 2458 3530 2512 multa

1944 2554 2082 2608 mala
2117 2552 2411 2606 machinati
2448 2562 2571 2606 sunt
2607 2566 2772 2621 supra
2807 2551 3032 2604 dorsum
3054 2564 3256 2612 meum,
3289 2549 3394 2602 hoc
3418 2556 3527 2611 est,

1949 2662 2057 2701 non
2084 2657 2290 2699 tantum
2319 2660 2504 2698 coram
2542 2660 2646 2704 me.
2688 2652 2852 2711 atque
2883 2644 2936 2696 in
2961 2651 3255 2711 conspectu
3285 2656 3406 2695 meo
3442 2629 3537 2694 au‘

1949 2737 2149 2806 palam,
2179 2735 2272 2788 sed
2303 2743 2449 2788 retro
2475 2735 2638 2787 etiam
2664 2743 2717 2787 et
2739 2733 2901 2792 clam,
2939 2749 3003 2788 ac
3027 2733 3260 2786 latenter
3290 2733 3527 2802 plurima

1950 2829 2004 2882 iu
2039 2843 2126 2881 me
2165 2826 2336 2878 moliti
2374 2835 2500 2878 sunt
2540 2826 2663 2878 :vel
2705 2826 2839 2879 mihi
2880 2825 3381 2894 appmpinquantes
3407 2839 3534 2878 cor-

1950 2920 2063 2988 pori
2095 2932 2214 2971 meo
2241 2926 2295 2971 et
2324 2917 2587 2970 carnibus
2615 2917 2751 2969 meis
2785 2918 2949 2970 etiam
2988 2931 3094 2968 non
3137 2924 3448 2984 parcentes.

2022 3009 2473 3078 Prolongacerunt
2506 3009 2837 3076 iniquitatem
2871 3024 3062 3062 suam.
3117 3007 3250 3061 Dum
3293 3008 3387 3061 diu
3428 3007 3531 3060 sci—

1951 3103 2079 3157 licet
2108 3119 2194 3155 me
2236 3102 2577 3171 impngnant.

2023 3193 2189 3246 Vsus.
2223 3193 2273 3245 4.
2313 3190 2569 3244 Dominus
2593 3189 2798 3260 justus.
2835 3190 2974 3246 Vere
3027 3191 3208 3260 justus
3251 3199 3335 3244 est
3370 3229 3384 3253 ,
3446 3205 3532 3244 me

1948 3284 2169 3352 quidem
2208 3282 2317 3350 pati
2355 3283 2710 3351 permittens,
2745 3293 2802 3336 ut
2843 3283 3173 3336 moderatior
3209 3282 3333 3335 fiam
3360 3320 3375 3342 ,
3409 3281 3532 3336 illos

1948 3388 2078 3426 vero
2120 3372 2326 3439 injuste
2361 3371 2413 3424 in
2478 3387 2562 3426 me
2609 3372 2887 3429 irruentes
2915 3413 2931 3439 ,
2995 3382 3259 3443 tanquam
3313 3372 3531 3427 invidos

1947 3464 2246 3531 castigans.
3393 3453 3406 3464 ’

2017 3553 2260 3607 Concidit
2292 3555 2512 3607 ceruices
2544 3565 2902 3621 peccatorum.
2927 3555 3108 3609 Elatas
3132 3555 3374 3610 hostium
3407 3570 3531 3609 cer-

1945 3645 2116 3709 vices,
2151 3647 2256 3700 hoc
2295 3656 2400 3708 est,
2437 3649 2812 3714 arrogantiam
2852 3655 2906 3700 et
2950 3647 3268 3717 superbiam
3313 3647 3527 3700 illorum

1944 3736 2188 3799 abstulit,
2225 3736 2354 3790 dum
2387 3737 2496 3791 illis
2537 3754 2636 3792 nos
2671 3739 2984 3805 superiores
3019 3738 3167 3792 facit.

2021 3825 2185 3883 Vens.
2216 3826 2268 3882 5.
2306 3828 2714 3894 Confnndantitr
2747 3841 2794 3882 et
2824 3840 3194 3883 convertantur
3214 3841 3524 3897 retairsum,

1945 3936 2119 3972 omnes
2144 3921 2232 3982 qui
2267 3923 2485 3973 oderunt
2523 3920 2672 3975 Sion.
2705 3921 2959 3990 Optautis
2993 3932 3122 3975 sunt
3156 3925 3316 3976 verba
3361 3933 3528 3992 (tani-

1942 4013 2072 4073 etsi,
2111 4019 2171 4063 ut
2203 4026 2264 4062 ex
2300 4009 2485 4064 Grmca
2522 4013 2756 4064 lectione
2801 4013 3087 4066 manifeste
3138 4015 3481 4082 dignoscitur
3509 4057 3526 4080 ,

1945 4100 2267 4168 imperantis
2301 4101 2524 4152 modum
2560 4101 2863 4169 habeant).
2904 4103 2997 4155 Vel
3027 4105 3344 4172 prophetico
3377 4119 3528 4158 more

1943 4192 2265 4260 imperativo
2291 4192 2452 4244 modo
2480 4208 2614 4246 usus
2646 4202 2750 4257 est,
2775 4209 2875 4262 pro
2896 4195 3100 4258 futuro,
3125 4209 3186 4246 ac
3210 4198 3252 4248 si
3275 4195 3480 4247 diceret
3509 4212 3523 4248 :

1941 4280 2365 4337 Confundentur
2399 4293 2453 4337 et
2482 4295 2895 4346 convertentur,
2932 4302 3094 4353 quam
3159 4287 3416 4354 loquendi
3470 4287 3529 4339 fi-

258 4388 448 4441 guram
486 4372 540 4426 iu
575 4375 932 4443 sequentibus
953 4376 1119 4431 etiam
1152 4374 1494 4431 observabis.
1530 4373 1830 4432 Possumus
1870 4376 2036 4430 etiam
2078 4377 2225 4434 hunc
2253 4379 2521 4434 osahnum
2559 4380 2626 4434 de
2657 4396 2798 4435 nova
2867 4382 2998 4436 Sion
3032 4423 3046 4447 ,
3115 4392 3167 4437 et
3218 4386 3286 4439 de
3341 4385 3526 4440 futura

259 4465 498 4519 ﬁdelium
531 4463 772 4520 Ecclesia
802 4466 1127 4538 intelligere.

328 4555 783 4623 Γενηθήτωσαν
834 4557 976 4610 ὡσεὶ
1012 4558 1226 4626 χόρτος
1274 4556 1580 4627 δωμάτων.
1635 4557 1726 4628 Μὴ
1772 4557 1841 4620 ὡς

2024 4550 2194 4606 Vens.
2225 4554 2277 4608 6.
2312 4553 2475 4607 Fiant
2507 4556 2640 4609 sicut
2668 4559 2828 4610 herba
2856 4569 3130 4614 tectorum.
3161 4557 3275 4612 Non
3317 4561 3528 4631 simpli-

265 4645 458 4715 x’pto;
497 4644 706 4710 ἁπλῶς,
733 4645 853 4700 ἀλλ’
884 4646 960 4709 ὡς
1006 4647 1200 4718 χόρτος
1249 4649 1344 4700 ἐπὶ
1394 4648 1663 4717 δωμάτων
1715 4648 1841 4715 φυό-

1946 4643 2079 4697 citer
2104 4645 2272 4707 dixit,
2301 4643 2450 4699 Sicut
2474 4647 2658 4709 herba:
2685 4651 2774 4702 sed
2797 4688 2812 4710 ,
2845 4650 2999 4705 Sicut
3032 4651 3199 4704 herha
3225 4668 3343 4715 quae
3363 4668 3528 4721 supra

266 4753 428 4805 μενος
452 4753 467 4768 ο
495 4739 970 4809 εὐμαραντὸτερος
1028 4740 1137 4810 γὰρ
1177 4732 1356 4806 οὗτος,
1403 4739 1500 4793 καὶ
1533 4740 1670 4809 ταχὺ
1727 4739 1841 4791 δια-

1947 4731 2144 4786 domos
2175 4732 2228 4784 in
2263 4734 2422 4787 tectis
2465 4736 2730 4788 nasi:itur.
2765 4737 3018 4791 Tanescit
3058 4739 3204 4791 enim
3252 4741 3364 4793 htec
3394 4740 3528 4793 faei-

263 4829 644 4899 φθειρόμενος.
681 4831 1082 4902 Γενηθήτωσαν
1137 4833 1579 4896 εὐκατάπτωτοι,
1627 4831 1841 4900 ὠκύμο-

1946 4820 2067 4884 Iius,
2105 4831 2157 4874 et
2189 4823 2358 4876 citius
2391 4824 2726 4893 deperditur.
2784 4826 2947 4879 Fiant
2989 4827 3156 4894 igitur
3215 4830 3408 4884 caduci
3471 4842 3524 4885 et

260 4936 367 4988 ροι,
402 4920 663 4989 ἄκαρποι.
713 4916 845 4975 Εἶτα
885 4921 1204 4990 ἐνδιατρίϐει
1251 4928 1316 4992 τῇ
1350 4921 1516 4975 εικόνι
1547 4921 1640 4974 τοῦ
1663 4922 1841 4975 τοιού-

255 5028 351 5065 του
387 5011 604 5083 χόρτου,
633 5011 971 5081 καταλέγων,
1013 5014 1113 5068 ὅσα
1141 5014 1317 5082 τούτῳ
1346 5014 1762 5084 παρακολουθεῖ.

325 5186 426 5252 Ὃς
475 5185 590 5254 πρὸ
624 5185 730 5241 τοῦ
774 5187 1196 5256 ἐκσπασθῆναι
1241 5188 1565 5256 ἐξηράνθη.
1620 5191 1832 5260 Ἀωρος

257 5277 552 5348 ἐξηράνθη.
596 5278 656 5332 ⁸0
683 5279 789 5349 γὰρ
826 5278 987 5342 ἄλλος
1011 5280 1205 5350 χόρτος
1253 5282 1387 5349 μετὰ
1426 5280 1488 5334 τὸ
1552 5297 1833 5353 καρποφο-

260 5373 424 5440 ρῆσαι
453 5371 794 5443 ξηραίνεται,
832 5369 952 5424 εἶτα
982 5373 1319 5427 ἀνασπᾶται.

334 5540 417 5603 οὗ
457 5548 567 5601 οὐκ
589 5547 907 5615 ἐπλήρωσε
928 5549 1046 5618 τὴν
1085 5549 1251 5619 χεῖρα
1288 5549 1475 5605 αὐτοῦ
1514 5552 1546 5604 ό
1574 5550 1811 5618 θερίζων

265 5639 494 5709 Ἥγουν,
522 5639 581 5694 ὃν
608 5641 707 5694 οὖν
741 5641 958 5714 ὲθέρισέ
989 5659 1096 5710 τις,
1115 5643 1189 5708 ὡς
1214 5643 1720 5715 προδεαφθαρέντα.

1951 4911 2141 4973 faciles
2172 4913 2236 4966 ad
2281 4915 2494 4968 ruinam
2521 4932 2534 4978 ;
2571 4919 2681 4970 cito
2711 4919 2874 4970 etiam
2909 4927 3156 4986 pereant,
3181 4935 3245 4974 ac
3268 4921 3385 4974 sine
3412 4922 3527 4974 fru—

1948 5013 2064 5056 ctu.
2099 5002 2304 5056 Deinde
2336 5005 2387 5056 in
2419 5008 2518 5059 hac
2558 5007 2738 5061 herbm
2768 5009 3128 5064 similitudine
3176 5011 3520 5076 immoratur,

1946 5109 2181 5149 narrans
2210 5112 2460 5163 quzcnam
2493 5099 2540 5150 ei
2571 5100 2843 5155 accidant.

2016 5183 2147 5248 Qua:
2171 5187 2480 5254 priusquam
2517 5187 2790 5250 eveltutur,
2818 5191 3050 5242 exaruit.
3086 5189 3405 5252 lnimatura,
3434 5203 3518 5245 al-

1941 5289 2047 5342 que
2079 5277 2458 5344 intempestiva
2490 5288 2726 5332 exaruit.
2779 5281 2913 5333 Alia:
2955 5284 3153 5336 etenim
3209 5299 3317 5336 non
3359 5285 3513 5352 prius

1934 5377 2211 5434 arescunt,
2243 5385 2404 5437 quam
2439 5368 2677 5423 fructum
2709 5371 2961 5426 dederint
2988 5415 3001 5437 ,
3040 5384 3094 5430 et
3155 5384 3279 5445 post
3327 5377 3514 5431 datum

1946 5456 2187 5510 fructum
2225 5459 2560 5514 evelluntur.

2041 5545 2205 5601 Vsus.
2241 5547 2292 5601 ’1.
2322 5547 2396 5602 Dc
2431 5567 2527 5618 qua
2562 5569 2664 5605 non
2702 5553 2932 5622 implevit
2987 5570 3200 5608 manum
3230 5569 3386 5608 sitan:
3424 5554 3516 5625 qui

1941 5640 2104 5690 metit.
2147 5637 2201 5689 Id
2235 5649 2340 5706 est,
2369 5657 2532 5710 quam
2573 5659 2732 5698 nemo
2765 5647 2938 5711 metit,
2967 5661 3033 5701 eo
3061 5647 3206 5717 quod
3249 5647 3362 5718 jam
3416 5663 3514 5701 an-

1947 5735 2027 5781 tea
2068 5727 2243 5790 periit.
