4134 6288
413 334 554 401 1215
1646 344 1995 404 ΕΗΤΙ-ΙΥΜΙ

2113 343 2426 404 IGABENI
3537 339 3688 406 1216

414 461 624 527 aliqua,
682 465 778 512 aut
812 457 1105 512 temeraria
1157 455 1567 512 existimatione
1599 473 1614 522 ;
1654 471 1832 526 neque
1857 455 2000 509 oculi

2113 456 2306 524 χᾶσοαι
2365 459 2477 520 τοῖς
2530 457 2992 529 κατορθώμασιν·
3025 456 3155 510 ὅταν
3192 455 3265 527 μὴ
3291 454 3360 510 δι’
3389 453 3684 520 ἐπίδειξιν.

409 553 516 604 mei
549 552 825 620 superbiae
877 552 1072 605 morbo
1134 549 1332 604 elevati
1383 557 1533 604 sunt.
1579 548 1686 603 Sed
1715 550 1860 604 dicet
1899 549 1995 601 ali-

2114 548 2253 601 ἀλλά
2281 548 2349 602 δι’
2381 547 2654 617 ὠφέλειαν
2678 551 2789 604 τῶν
2823 550 3201 622 ἀκροωμένων
3224 547 3285 601 τὸ
3322 548 3556 615 πρᾶγμα
3589 547 3684 612 γί-

407 643 532 711 quis
563 661 576 697 :
608 642 802 698 Nonne
839 644 942 697 hoc
976 643 1026 696 in
1059 643 1181 697 loco
1210 643 1484 713 Propheta
1514 641 1818 712 gloriatur?
1848 641 1996 710 quod

2113 657 2276 705 νεται,
2329 641 2467 708 πρὸς
2511 641 2747 713 μίμησιν
2780 643 2975 710 ἒνάγον
3006 639 3224 703 αὐτούς.
3283 636 3467 692 Εἰπὼν
3495 637 3552 691 δὲ
3591 638 3683 690 ὅτι

405 736 662 792 elationis
680 752 744 792 ac
766 737 1033 807 superbia:
1057 737 1251 791 vitium
1283 743 1389 790 est.
1431 734 1683 789 Profecto
1705 733 1992 805 gloriatur.

2113 735 2218 802 ὶύχ
2269 733 2480 801 ὑψώθη
2534 734 2573 801 ἠ
2619 734 2835 802 καρδία
2859 750 3002 805 μου,
3061 731 3156 786 καὶ
3209 730 3489 801 προσθεὶς,
3521 726 3686 783 οὐδὲ

406 825 632 894 Verum,
686 830 936 899 exigente
963 830 1013 882 id
1073 840 1344 898 tempore,
1400 827 1628 897 gloriari
1689 825 1856 881 etiam
1895 837 1998 878 nos

2113 829 2600 895 uerewpwd'qo'ar
2619 829 2677 881 οἱ
2703 825 3010 897 ὀφθαλμοί
3025 840 3171 895 μου,
3202 820 3408 886 ἔδειξεν
3430 823 3514 875 ὅτι
3539 817 3685 872 ταύ-

407 919 568 975 decet
593 921 663 977 de
717 923 920 976 virtute
955 940 967 977 :
1000 924 1220 991 quando
1267 921 1528 974 nimirum
1556 935 1666 975 non
1715 918 1780 974 ad
1809 926 1998 973 osten-

2113 933 2198 985 της
2227 916 2450 988 πρῶτον
2494 917 2809 988 ὑψουμένης
2830 957 2847 982 ,
2877 911 3000 971 εἶτα
3039 912 3186 971 οὗτοι
3221 912 3677 983 μετεωρὶζονται.

407 1013 669 1067 tationem
718 1014 1039 1082 gloriamur,
1092 1015 1185 1068 sed
1233 1015 1299 1068 ad
1333 1014 1670 1068 audientium
1732 1009 2104 1069 commodum,
2136 1007 2242 1064 hoc
2297 1017 2404 1071 est,
2452 1011 2676 1080 quando
2737 1011 2816 1066 illi
2881 1008 3263 1080 hujuscemodi
3327 1004 3680 1074 gloriatione.

407 1107 474 1161 ad
520 1110 778 1162 virtutum
812 1111 1169 1163 imitationem
1223 1111 1545 1166 invitantur.
1576 1110 1642 1164 Et
1670 1123 1794 1163 cum
1819 1105 2058 1160 dixerit:
2094 1101 2217 1158 Non
2279 1107 2579 1161 exaltatum
2633 1116 2713 1162 est
2749 1123 2843 1162 cor
2881 1123 3078 1168 meum,
3136 1111 3303 1175 atque
3361 1101 3634 1157 addiderit
3658 1115 3680 1154 :

409 1196 592 1267 Neque
633 1199 821 1254 etevuti
886 1209 1008 1252 sunt
1069 1200 1211 1252 oculi
1274 1200 1395 1266 mei,
1452 1199 1707 1254 docuisse
1758 1197 1977 1251 videtur
2013 1194 2157 1263 quod
2193 1194 2284 1251 ubi
2318 1196 2558 1266 primum
2627 1212 2721 1252 cor
2773 1198 3072 1252 exaltatum
3118 1195 3178 1249 in
3247 1193 3412 1249 nobis
3485 1190 3679 1252 fuerit,

407 1289 550 1343 oculi
603 1290 765 1344 etiam
802 1291 1064 1357 deinceps
1095 1291 1404 1344 elevantur.

483 1383 665 1454 Neque
714 1383 982 1438 ambulavi
1021 1385 1075 1436 in
1109 1384 1337 1451 magnis,
1381 1398 1540 1452 neque
1573 1383 1628 1435 in
1663 1380 1999 1435 mirabilibus

2171 1376 2327 1430 Οὐδὲ
2355 1376 2694 1445 ἐπορεύθην
2714 1376 2788 1431 ἐν
2805 1375 3098 1446 μεγάλοις
3119 1413 3134 1436 ,
3164 1370 3309 1427 οὐδὲ
3346 1372 3418 1425 ἐν
3457 1374 3684 1440 damur

408 1492 565 1544 super
599 1493 698 1528 me.
748 1474 867 1528 Non
911 1475 1211 1542 ambulavi,
1243 1473 1442 1545 inquit,
1499 1489 1623 1527 cum
1679 1473 2000 1528 horninibus

2113 1469 2255 1534 γίοις
2307 1467 2462 1536 ὑπὲρ
2517 1468 2644 1538 ἐμέ.
2700 1465 2840 1524 Οὐδὲ
2894 1465 3202 1539 ἐπορεύθην
3262 1464 3402 1532 μετά
3461 1462 3679 1533 ἀνδρῶν

410 1569 739 1639 majoribus,
775 1577 829 1622 et
884 1583 1046 1636 supra
1068 1583 1155 1623 me
1191 1567 1552 1622 admirandis.
1618 1567 1753 1621 Cum
1804 1566 2002 1636 hujus-

2113 1559 2357 1622 ιειζόνων
2371 1559 2465 1612 καὶ
2486 1559 2958 1629 θαυμασιωτέρων
2979 1575 3084 1628 μου
3099 1573 3115 1590 ·
3139 1556 3202 1611 οὐ
3230 1556 3682 1624 συνανεστράφην

410 1661 622 1715 cemodi
673 1661 817 1714 enim
843 1661 978 1715 viris
1010 1667 1367 1715 conversatus
1392 1674 1502 1713 non
1532 1673 1679 1722 sum,
1712 1658 1996 1728 indignum

2113 1653 2207 1713 τοῖς
2236 1649 2376 1718 ὑπὲρ
2411 1648 2538 1718 ἐμὲ,
2568 1648 2790 1717 ἀνάξιον
2822 1648 3052 1702 ἐκείνων
3081 1642 3324 1717 ἐμαυτὸν
3353 1643 3681 1713 ἡγούμενος⁸

409 1769 499 1808 nte
535 1753 754 1808 illorum
792 1753 1214 1807 conversatione
1262 1767 1387 1807 esse
1444 1761 1748 1821 reputans;
1779 1749 1887 1805 nlsi
1920 1749 1998 1803 illi

2113 1743 2144 1794 ει
2173 1741 2248 1812 μή
2278 1757 2382 1793 που
2421 1739 2626 1794 ἄκοντα
2681 1740 3132 1810 κατηνάγκασαν.
3169 1735 3240 1789 Ἦ
3273 1733 3546 1805 μεγάλους
3586 1733 3685 1787 καὶ

411 1848 665 1901 fortassis
707 1862 790 1899 me
829 1846 1059 1902 invitum
1128 1846 1458 1915 coegissent.
1525 1841 1617 1898 Vel
1653 1858 1749 1912 per
1770 1855 1997 1911 magnos

2113 1834 2444 1904 θαυμασίους
2499 1833 2653 1900 λέγει
2707 1831 2839 1895 τοὺς
2890 1829 3191 1891 δοκοῦντας
3239 1828 3516 1891 τοιούτους
3550 1822 3684 1898 παρ’

410 1948 465 1994 et
494 1938 872 2004 admirandos,
906 1952 1002 1992 eos
1051 1937 1194 1991 forte
1247 1936 1524 2006 intelligit,
1577 1935 1670 2004 qui
1713 1935 1817 1989 sibi
1861 1935 1996 2004 ipsis

2113 1927 2341 1991 ἑαυτοῖς,
2407 1927 2528 1996 ῆτοι
2584 1925 2713 1986 τοὺς
2767 1920 3116 1993 ἐπηρμένους
3164 1921 3260 1973 καὶ
3344 1917 3685 1989 ὑψαύχενας,

410 2029 594 2098 magni
644 2039 808 2098 atque
851 2027 1205 2083 admirabiles
1268 2041 1392 2081 esse
1472 2026 1822 2091 videbantur,
1894 2025 1998 2080 hoc

2113 2017 2308 2071 ὒτανεὶ
2337 2017 2513 2085 λέγων
2532 2055 2548 2079 ,
2579 2016 2662 2067 ὅτι
2692 2015 2754 2066 οὒ
2789 2013 2949 2083 μόνον
2980 2011 3214 2080 ἔφευγον
3243 2012 3307 2064 τὸ
3337 2011 3553 2079 νόσημα
3581 2010 3688 2077 τῆς

409 2127 515 2183 est,
565 2121 658 2189 qui
705 2119 891 2174 animo
921 2119 1048 2173 elati
1108 2126 1312 2182 essent,
1345 2127 1400 2171 et
1443 2116 1691 2185 superbi.
1738 2117 1816 2171 Ae
1840 2117 1886 2172 si
1917 2116 1999 2170 ui-

2113 2111 2519 2182 ὑπερηφανίας,
2535 2108 2653 2163 ἀλλ’
2679 2106 2802 2161 οὐδὲ
2829 2099 3270 2175 συνεδιαιτώμῖιν
3293 2105 3406 2168 τοῖς
3431 2102 3684 2158 νοσοῦσιν

412 2220 563 2268 ceret
603 2227 618 2264 :
660 2210 781 2264 Non
846 2217 1056 2263 tantum
1124 2225 1223 2279 ego
1272 2208 1585 2277 superbiam
1632 2207 1858 2271 evitari,
1899 2206 1995 2260 sed
2101 2198 2254 2253 αὐτό.

414 2316 540 2355 cum
592 2299 906 2354 hominibus
945 2312 1012 2354 eo
1063 2299 1193 2354 vitio
1249 2296 1631 2353 laborantibus
1690 2296 1858 2352 etiam
1889 2311 1998 2350 non

410 2393 802 2447 conversabar.

488 2485 651 2540 Vens.
674 2487 729 2540 2.
764 2485 822 2540 Si
853 2501 953 2540 non
988 2484 1259 2538 humiliter
1323 2483 1632 2547 sentiebam,
1673 2481 1762 2536 sed
1790 2483 2000 2536 exalta-

2172 2484 2242 2538 Εἰ
2260 2481 2347 2553 μὴ
2382 2482 2957 2553 ἐταπεινοςορόνουν,
2981 2482 3142 2536 ἀλλὰ
3164 2482 3388 2551 ὕψωσα
3417 2479 3533 2548 τὴν
3567 2486 3687 2550 ψυ-

411 2579 462 2632 υἰ
509 2579 742 2631 animum
777 2594 968 2640 meam,
1004 2579 1136 2630 sicut
1167 2576 1466 2630 ablactatur
1502 2576 1554 2628 t'u
1586 2584 1805 2628 matrem
1824 2591 2000 2638 suam,

411 2674 491 2724 ita
541 2671 795 2722 retribuet:
836 2669 1029 2724 animat
1061 2685 1210 2723 metr.
1267 2669 1324 2722 Si
1356 2669 1605 2732 humilia,
1663 2667 1862 2736 inquit,
1889 2680 1998 2719 non

412 2779 534 2817 sum
586 2770 853 2824 sectatus,
930 2762 1026 2816 sed
1102 2763 1286 2816 animo
1363 2761 1605 2814 elevatus
1670 2775 1816 2821 sum,
1878 2774 2000 2812 cum

2101 2575 2223 2646 χήν
2247 2594 2390 2645 μου,
2459 2576 2539 2642 ὡς
2574 2577 2641 2629 τὸ
2675 2576 3358 2646 ἀπογεγαλακτισμένον
3424 2574 3526 2628 ἐπὶ
3573 2575 3694 2641 τὴν

2098 2670 2326 2740 μητέρα
2355 2670 2563 2736 αὐτοῦ,
2600 2669 2682 2735 ὡς
2706 2667 3163 2731 ἀνταποδὼσεις
3195 2667 3291 2721 ἐπὶ
3320 2670 3438 2736 τὴν
3467 2667 3688 2738 ψυχήν

2100 2780 2240 2832 μου.
2287 2761 2350 2813 Ei
2411 2761 2486 2829 μὴ
2527 2761 3063 2830 ἒταπεινοφρόνουν,
3116 2758 3255 2812 ἀλλὰ
3308 2759 3560 2829 ἐπήρθην
3611 2759 3690 2821 ὥς

415 2853 636 2907 humilis
702 2865 884 2908 tamen
944 2861 1107 2921 atque
1177 2852 1423 2920 abjectus
1469 2865 1669 2911 essem,
1728 2859 1783 2902 et
1837 2848 2000 2901 veluti

2113 2854 2386 2916 ταπεινὸς,
2415 2855 2512 2907 καὶ
2537 2853 2613 2916 ὠς
2637 2852 2698 2906 τὸ
2722 2854 2921 2922 νήπιον
2947 2851 3112 2913 εὐθὺς
3135 2852 3198 2904 τὸ
3223 2851 3598 2922 ἀποσχόμενον
3621 2850 3690 2919 δὴ

415 2942 620 3006 infans,
679 2943 772 3012 qui
824 2959 852 2997 a
910 2944 1103 2997 matris
1152 2941 1350 3012 papilla
1401 2939 1690 2994 abstinuit.
1725 2939 1845 3002 Vel,
1876 2941 2004 3008 quia

2113 2943 2210 3012 τῆς
2242 2943 2418 3012 θηλῆς
2451 2941 2605 3012 παρὰ
2631 2944 2698 3013 τῇ
2737 2941 2906 3012 μητρὶ
2940 2939 3132 3002 αὐτοῦ,
3165 2939 3341 3003 οὕτως
3370 2939 3689 2994 ἀνταποδιδ-

421 3032 608 3088 Graeca
643 3035 835 3095 dictio,
858 3033 958 3098 ὡς,
994 3049 1102 3087 non
1136 3035 1314 3088 solum
1364 3034 1463 3096 ita,
1499 3032 1593 3087 sed
1627 3033 1779 3086 valde
1839 3033 2003 3086 etiam

2113 3054 2247 3100 σεις.
2281 3037 2353 3089 "H
2402 3035 2525 3089 λίαν
2573 3032 2984 3097 ἀνταποδώσεις
3039 3034 3122 3095 εἰς
3166 3032 3266 3102 τὴν
3316 3030 3504 3102 ψυχήν
3538 3048 3688 3100 ’μου.

419 3125 718 3193 signiﬁcat,
756 3125 864 3177 alio
899 3125 1059 3177 modo
1112 3138 1328 3192 expone
1381 3140 1393 3176 :
1437 3121 1517 3176 Tu
1549 3123 1704 3176 valde
1732 3125 2002 3178 retribues

2113 3128 2378 3181 Μέλλοντι
2409 3127 2466 3180 δὲ
2500 3125 2778 3196 ἐχρήσατο
2821 3124 3089 3192 εὐκτικὴν
3147 3122 3327 3190 ἔχοντι
3370 3123 3686 3191 σημασίαν·

419 3216 614 3268 auium
668 3231 822 3270 mete.
871 3215 1057 3270 Utitur
1088 3217 1251 3268 etiam
1303 3215 1405 3268 hoc
1443 3214 1495 3267 in
1549 3215 1667 3269 loco
1730 3214 2000 3286 Propheta

2113 3219 2282 3272 πολλὰ
2314 3218 2425 3288 γὰρ
2457 3217 2686 3271 τοιαῦτα
2708 3218 2823 3280 τοῖς
2855 3215 3136 3278 παλαιοῖς.
3164 3216 3234 3268 Ἦ
3271 3214 3445 3278 ὅντως
3473 3212 3688 3268 ἀποδὼ-

425 3308 616 3362 futuro
678 3307 984 3371 indicativi,
1053 3321 1153 3376 pro
1213 3308 1477 3377 optativo,
1541 3307 2004 3374 quemadmodum

2113 3328 2221 3375 σεις
2275 3309 2512 3382 ἀμοιϐὴν
2566 3309 2669 3378 τῆς
2747 3307 3158 3378 ὑπερηφανίας.
3213 3303 3372 3369 Τινὲς
3425 3304 3484 3358 δὲ
3547 3303 3692 3357 οὕτω

419 3415 563 3467 smpe
601 3399 987 3467 hujuscemodi
1043 3401 1250 3453 abusus
1290 3398 1430 3468 apud
1465 3399 1807 3466 St-ripturam
1845 3414 2006 3467 repe-

417 3489 610 3542 rimus.
665 3486 756 3543 Vel
797 3504 923 3543 vere
985 3489 1275 3549 retribues,
1338 3487 1756 3540 retributionem
1795 3489 2008 3541 scilicet

2109 3401 2478 3454 συνάπτουσιν
2503 3416 2517 3431 ο
2545 3403 2614 3455 Et
2632 3400 2718 3468 μὴ
2740 3398 3313 3466 ἐταπεινοερρόνουν,
3345 3395 3426 3462 ὡς
3447 3395 3514 3449 τὸ
3541 3395 3689 3450 ἀπο-

2106 3488 2664 3558 τεταλακτισμένον
2684 3487 2784 3542 ἐπὶ
2814 3488 2929 3556 τὴν
2944 3489 3176 3557 μητέρα
3201 3485 3410 3540 αὐτοῦ.

418 3581 951 3648 superhim.Quidam
983 3600 1110 3638 vero
1139 3585 1210 3638 ita
1244 3591 1573 3638 comtruuut
1608 3603 1620 3638 :
1659 3583 1717 3637 Si
1749 3601 1851 3638 non
1889 3585 2006 3638 Itum

2113 3601 2159 3639 2r
2221 3588 2534 3649 sentiebam,
2585 3594 2842 3656 tanquam
2917 3585 3219 3640 ablactatur
3276 3600 3402 3655 erga
3473 3589 3690 3637 matrem

416 3689 592 3735 suam,
623 3682 727 3728 etc.

490 3763 655 3816 Vens.
686 3764 738 3816 5.
776 3761 961 3830 Speret
1025 3761 1199 3815 Israel
1237 3763 1290 3816 iu
1354 3761 1575 3815 Domino
1623 3779 1686 3816 ex
1748 3780 1906 3830 nunc,
1950 3773 2001 3818 et

418 3871 584 3924 usque
613 3856 665 3907 in
712 3857 994 3909 sa'culum.
1049 3854 1132 3908 Me
1163 3855 1376 3909 scilicet
1408 3856 1651 3909 imitatus
1686 3859 1775 3924 qui
1825 3860 1875 3910 in
1914 3873 2008 3912 ca-

421 3945 781 4010 lamitatibus,
819 3948 872 3999 iu
918 3949 1030 3998 otio
1059 3954 1112 4000 et
1171 3947 1376 4014 quiete,
1407 3955 1461 4001 et
1499 3951 1550 4001 in
1587 3949 1732 4002 omni
1770 3949 2007 4020 denique

421 4045 666 4104 tempore
694 4038 746 4091 in
785 4037 949 4090 Deum
1000 4054 1184 4106 spero.
1227 4041 1492 4105 Cnugruit
1547 4044 1711 4094 etiam
1748 4043 1834 4095 hic
1865 4043 2012 4111 ρεπι-

423 4143 547 4182 mus
580 4144 723 4183 novo
765 4132 964 4198 popqu
1030 4132 1214 4184 Israel.
1288 4131 1542 4187 Fortasse
1597 4133 1760 4186 etiam
1819 4134 2010 4192 beatus

425 4218 596 4273 David
628 4231 682 4274 et
713 4233 1030 4291 pt-reseutetu
1063 4233 1118 4276 et
1157 4225 1398 4292 proxime
1433 4225 1829 4293 praecedentem
1863 4227 2008 4295 psal-

428 4325 579 4365 mum
623 4328 686 4366 ex
745 4329 935 4369 corum
971 4330 1203 4384 persona
1265 4317 1619 4385 conscripsit,
1685 4319 1800 4386 qui,
1866 4319 2011 4374 inter

425 4418 683 4460 reversos
729 4421 760 4460 e
817 4405 1145 4476 Babylonica
1229 4409 1560 4476 captivitate,
1612 4408 1683 4478 pii
1728 4411 1903 4478 magis
1956 4420 2012 4465 et

425 4496 666 4565 religiosi
701 4506 856 4551 erant
896 4518 910 4555 :
969 4513 1197 4552 narrans
1257 4499 1467 4554 scilicet
1505 4515 1642 4568 quas
1674 4501 1815 4554 inter
1873 4502 2012 4555 afﬂi-

2195 3759 2532 3817 'E.1:nadm
2563 3761 2801 3829 Ἰσραὴλ
2833 3761 2933 3815 ἐπι
2982 3760 3090 3815 τὴν
3143 3761 3360 3828 Κύριον
3415 3759 3533 3814 ἀπὸ
3584 3757 3692 3813 τοῦ

2111 3858 2230 3912 νῦν
2264 3855 2364 3909 καὶ
2402 3854 2649 3921 ἕως-τοῦ
2677 3854 2917 3920 αἰῶνος.
2965 3851 3096 3923 Ἐμὲ
3125 3853 3460 3925 μιμούμενος
3490 3854 3584 3903 τὸν
3613 3852 3702 3903 ἐυ-

2117 3947 2300 4016 θ).ἰψει
2339 3948 2433 4000 καὶ
2496 3948 2553 3997 ἒν
2577 3946 2781 4007 ἀνέσει,
2806 3945 2902 3999 καὶ
2935 3945 3073 3997 κατά
3096 3945 3272 3997 πάντα
3304 3943 3516 4011 καιρὸν,
3548 3940 3698 3992 ὲ).πέ-

2119 4037 2282 4101 ζοντα
2322 4039 2417 4090 ἐπὶ
2448 4036 2680 4107 Κύριον.
2751 4036 3016 4107 Ἀρμόζει
3046 4036 3104 4088 δὲ
3129 4037 3224 4088 καὶ
3253 4028 3409 4095 οὗτος
3440 4037 3468 4086 ὁ
3487 4032 3700 4101 ψαλμός

2117 4129 2195 4199 τῷ
2222 4130 2326 4200 νέῳ
2361 4130 2601 4200 Ἰσραήλ.
2649 4128 2810 4192 Ἴσως
2840 4127 2896 4181 δὲ
2928 4126 3028 4180 καὶ
3053 4127 3145 4180 τὸν
3183 4125 3528 4197 προλαϐόντα
3561 4122 3699 4191 ψιλ-

2111 4220 2212 4289 μδν
2245 4223 2342 4274 καὶ
2402 4219 2496 4271 τδν
2538 4220 2784 4290 παρόντα
2820 4217 3102 4290 προσώπῳ
3163 4216 3258 4270 τοῦ
3305 4215 3697 4285 εὐσεϐεστέρου

2113 4313 2315 4383 μέρους
2342 4311 2454 4364 τῶν
2479 4310 2913 4375 ἐπανελθόντων,
2949 4309 3297 4381 συνέγραψεν
3324 4309 3353 4361 ὀ
3381 4309 3698 4377 Προφήτης,

2109 4401 2426 4467 διεξιόντος,
2457 4398 2551 4455 οἶα
2581 4401 2681 4472 μὲν
2707 4402 3050 4472 προσηύχετο
3107 4401 3165 4454 ἑν
3195 4402 3552 4472 πειρασμοῖς,
3580 4399 3699 4452 οἷαν

2109 4497 2168 4550 δὲ
2202 4495 2676 4567 μετριοιρροσύνην
2702 4490 2851 4564 εἶχεν
2907 4495 2966 4548 ιν
3017 4493 3310 4565 ἀπαλλαγῇ
3345 4490 3693 4564 πειρασμῶν,

428 4588 643 4641 ctiones
678 4588 992 4643 emitterent
1040 4589 1106 4642 ad
1169 4587 1335 4641 Deum
1393 4604 1608 4659 preces,
1657 4597 1709 4643 et
1767 4592 2006 4660 qualem.

2118 4590 2199 4652 εἰς
2228 4587 2500 4657 ὠφέλειαν
2523 4586 2619 4640 καὶ
2642 4586 2934 4641 παίδευσιν
2967 4585 3128 4657 ἡμῶν
3149 4585 3261 4640 τῶν
3279 4587 3346 4640 ὲκ
3373 4585 3476 4656 τῆς
3498 4586 3706 4655 αἰχμαο

429 4691 720 4746 postquam
752 4679 820 4732 ab
847 4681 927 4734 eis
980 4681 1194 4734 liberati
1239 4687 1388 4746 sunt,
1461 4679 1631 4734 animi
1682 4681 2006 4737 moderatio-

2120 4680 2321 4741 λωσῐας
2358 4680 2467 4732 τῶν
2491 4679 2766 4749 δαιμόνων
2792 4677 3222 4734 ἐπανελθόντων.

428 4788 552 4827 nem
603 4772 904 4826 haberent:
939 4783 1101 4841 atque
1164 4773 1268 4827 hoc
1313 4775 1378 4827 ad
1426 4773 1716 4827 utilitatem
1771 4781 1826 4828 et
1874 4771 2242 4828 eruditionem
2312 4779 2558 4827 nostram
2620 4770 2716 4841 qui
2781 4784 2811 4823 a
2881 4768 3093 4825 saviari
3148 4769 3456 4824 daemonum
3523 4769 3705 4838 capti-

426 4865 598 4918 vitate
628 4862 842 4917 liberati
881 4877 1094 4918 sumus.
1230 4936 1232 4939 ι

898 4950 1178 5006 Canticum
1219 4969 1556 5007 arceusuum.

938 5046 1261 5101 PSALMUS
1289 5045 1523 5101 CXXXI.

504 5139 670 5193 Vens.
739 5140 789 5202 i,
845 5135 1130 5201 Memento,
1189 5137 1428 5200 Domine,
1492 5134 1684 5200 David,
1732 5145 1780 5189 et
1847 5137 2018 5191 omnis

435 5228 858 5282 utausuetudinis
877 5227 1014 5297 ejus.
1052 5226 1209 5279 llunc
1233 5227 1396 5279 etiam
1431 5225 1702 5295 psalmum
1743 5226 2012 5290 Propheta

437 5337 501 5376 ex
532 5320 716 5389 populi
764 5334 994 5388 persona
1061 5316 1384 5386 conscripsit
1433 5317 1791 5385 supplicantis
1825 5319 2009 5386 templi

437 5411 906 5465 constructionem
988 5423 1303 5477 exsurgere,

1394 5416 1558 5474 atque
1614 5407 1665 5462 id
1724 5409 2018 5476 impetrare

2710 4947 2850 5019 ’ῼδὴ
2883 4946 3099 5018 ὁμοίως

2659 5041 2957 5095 ΨΛΔΜΟΣ
2996 5039 3170 5092 PAA'.

2195 5135 2530 5204 Μνήσθητι,
2555 5135 2755 5203 Κύριε,
2799 5131 2904 5187 τοῦ
2954 5131 3152 5196 Δασὶδ,
3184 5128 3283 5184 καὶ
3343 5127 3548 5195 πάσης
3596 5124 3706 5194 τῆς

2128 5231 2456 5297 πραότητος
2502 5226 2711 5282 αὐτοῦ.
2756 5223 3044 5296 Προσὼπῳ
3092 5222 3189 5276 τοῦ
3257 5223 3518 5294 ῥηθέντος
3570 5220 3702 5275 λαοῦ

2127 5321 2222 5375 καὶ
2267 5321 2359 5375 τὸν
2412 5320 2656 5392 παρόντα
2700 5318 2917 5390 ψαλμὸν
2974 5316 3279 5387 ἀνέγραψε,
3338 5316 3702 5381 ἱκετεύοντος,

2130 5415 2431 5481 ἀναστῆναι
2456 5415 2549 5466 τὸν
2577 5411 2708 5465 ναόν
2728 5428 2743 5442 ⁸
2780 5413 2826 5463 εἰ
2858 5413 2952 5464 καὶ
2985 5411 3059 5480 μὴ
3092 5410 3158 5462 δι’
3190 5409 3425 5474 αὐτοὺς,
3465 5409 3602 5461 ἀλλά
3639 5425 3705 5474 γε

437 5504 705 5568 optantis,
753 5502 797 5558 si
833 5517 939 5554 non
988 5513 1208 5570 propter
1256 5514 1332 5562 se,
1371 5500 1563 5553 saltem
1609 5509 1832 5569 propter
1885 5500 2006 5553 illuc

2121 5501 2210 5555 διὰ
2236 5503 2334 5569 τὴν
2360 5502 2618 5571 σπουδὴν,
2647 5500 2714 5572 ἣν
2742 5495 2857 5570 εἶχε
2897 5501 2926 5553 ὁ
2954 5500 3140 5562 Δαόὶδ,
3176 5500 3205 5552 ὁ
3248 5500 3520 5568 πρόγονος
3543 5499 3699 5566 ﬁan-

441 5597 710 5661 studium,
743 5594 887 5665 quod
903 5609 1089 5648 eorum
1121 5594 1431 5661 progenitor
1455 5591 1618 5646 David
1642 5608 1729 5646 rex
1766 5592 1818 5645 in
1853 5592 2006 5646 Deun

2122 5595 2248 5654 λεὺς
2280 5594 2479 5658 αὐτῶν,
2516 5592 2763 5661 ἐκζητῶν
2799 5592 2906 5661 πρὸ
2937 5591 3033 5659 τῆς
3066 5590 3361 5659 οἰκοδομῆς
3395 5590 3486 5642 τὸν
3537 5590 3704 5642 τόπον

444 5690 710 5745 habuisse
772 5688 1103 5758 perspicitur
1140 5703 1152 5738 :
1189 5695 1376 5754 utpote
1449 5687 1542 5754 qui
1610 5695 1736 5741 ante
1794 5688 2006 5753 primau

2125 5685 2222 5740 τοῦ
2253 5686 2498 5740 τοιούτου
2529 5684 2661 5738 ναοῦ
2684 5684 2984 5751 ἐπιμελῶς.
3011 5683 3301 5752 Πραὸτητα
3323 5681 3378 5734 δὲ
3405 5682 3554 5747 λέγει
3604 5682 3704 5749 τὴν

452 5780 640 5849 templi
679 5777 1169 5843 constructionem,
1206 5777 1384 5832 locum
1439 5777 1490 5832 ei
1557 5776 1808 5832 idoneum
1859 5778 2006 5830 tnult:

2132 5777 2508 5845 ἀνεξικακίαν,
2567 5778 2630 5849 ἢν
2696 5774 3034 5828 ἐνεδείκνυτο
3094 5775 3173 5838 εἰς
3221 5773 3311 5827 τὸν
3377 5773 3572 5832 Σαοὺλ,
3613 5775 3703 5824 καὶ
