4090 6288
433 295 572 362 1217
1611 302 1759 364 COM
1771 304 2003 365 MENT.

2119 307 2122 315 ’
2162 307 2524 369 PSALMOS.
3568 313 3707 376 1218

424 420 550 480 τοὺς
586 416 715 486 περὶ
769 416 970 472 αὐτόν·
1009 417 1088 472 ἔτι
1138 417 1192 473 δὲ
1254 419 1348 472 καὶ
1393 419 1472 483 είς
1503 418 1594 472 τὸν
1644 420 1863 490 Σεμεεὶ,
1915 421 2007 473 τὸν

2119 438 2234 478 cum
2267 425 2550 496 diligentia
2635 426 2977 497 perquisivit.
3034 429 3138 483 Per
3225 430 3704 484 mansuetudinem

427 508 723 579 ὑϐρίζοντα
751 509 938 573 αὑτὸν,
975 511 1068 563 καὶ
1100 512 1180 574 εἰς
1215 510 1446 574 πολλοὺς
1477 510 1696 577 ἄλλους.
1732 512 1867 582 Περὶ
1901 512 2000 580 μό-

2119 525 2276 572 vero.
2333 513 2651 581 patientiam
2723 516 3016 585 intelligit,
3071 532 3234 584 quam
3285 517 3474 573 beatus
3539 519 3707 574 David

426 616 524 667 νης
565 600 620 652 δὲ
649 601 743 670 τῆς
779 603 1096 671 πραότητος
1141 602 1308 656 αὐτοῦ
1362 603 1638 671 λέγουσιν,
1679 605 1755 667 ὡς
1804 604 2012 674 ταύτην

2119 617 2235 673 erga
2267 603 2485 660 Saulem
2542 617 2594 660 et
2629 609 2834 670 socios,
2872 624 2998 678 erga
3049 609 3230 664 Semci
3273 611 3366 679 qui
3420 621 3708 667 contume-

428 690 800 761 διαφερόντως
847 693 1334 763 κατορθώσαντος*
1380 695 1414 763 ἢ
1457 697 1548 748 καὶ
1573 696 1650 760 ὡς
1690 695 1779 749 διὰ
1808 696 2013 764 ταύτης

2119 696 2180 748 lia
2241 711 2366 749 eum
2410 697 2690 761 aﬂecerat,
2730 708 2892 766 atque
2939 715 3064 768 erga
3120 717 3312 754 einnes
3341 703 3480 757 alios
3509 704 3709 757 hostes

425 780 780 853 δηλουμένων
810 783 903 836 καὶ
941 785 1051 835 τῶν
1085 785 1312 838 λοιπῶν.
1365 785 1650 858 Μνήσοητι
1678 785 1773 838 τοῦ
1818 786 2005 850 Δαόὶδ,

425 873 523 925 τοῦ
561 876 900 944 πραοτάτου,
930 875 1028 930 τοῦ
1084 878 1174 932 διὰ
1224 879 1324 949 τῆς
1359 879 1669 950 πραότητος
1720 879 2021 948 εὐαρεστή-

428 967 623 1029 σανῖός
659 985 766 1020 σοι.

2113 803 2245 842 51108
2279 805 2550 842 summam
2601 793 2868 846 OSlt'lltlll.
2935 792 3122 846 Solius
3175 780 3363 846 ‘GIIICIII
3394 807 3712 848 ιιικιιειιοιυ-

2115 878 2263 933 ditiis
2296 882 2566 941 meminit,
2619 883 2745 950 quia
2807 883 2857 935 in
2927 883 3028 936 hac
3089 885 3291 938 virtute
3327 902 3436 953 pnt-
3499 888 3708 940 Galeris

2115 971 2396 1024 escelluit.
2449 970 2543 1025 Vel
2581 987 2675 1038 per
2721 974 2860 1027 hanc
2915 975 3174 1027 virtutem
3225 985 3708 1046 czeterasqnotutc

431 1058 725 1114 intellexit.
787 1060 1085 1126 Memento,
1143 1059 1341 1132 inquit,
1396 1060 1561 1115 David
1624 1061 1902 1116 mitissimi
1938 1060 2198 1126 hominis,
2263 1072 2428 1132 atque
2506 1064 2576 1117 ob
2633 1066 3114 1120 mansuetudinem
3181 1081 3338 1120 suam
3400 1068 3495 1121 tibi
3579 1070 3710 1124 olim

432 1151 770 1205 charissimi.

509 1246 609 1311 Ὠς
636 1245 837 1316 ὤμοσε
876 1245 959 1311 τῷ
996 1249 1193 1315 Κυρίῳ
1212 1288 1227 1313 ,
1259 1245 1490 1311 ηὔξατο
1515 1246 1595 1312 τῷ
1622 1246 1745 1311 Θεῷ
1783 1246 2011 1300 Ἰακώϐ.

430 1337 718 1406 Μνήσθητι
746 1337 916 1391 αὑτοῦ
949 1337 1067 1401 πῶς
1099 1337 1373 1409 ἐνώμοτος
1411 1338 1678 1408 ὑπέσχετο
1707 1340 1900 1408 Κυρίῳ
1933 1338 2012 1409 τῷ

430 1428 550 1500 Θεῷ
577 1428 644 1482 τὰ
668 1430 1044 1501 ῥηθησόμενα.

493 1608 564 1660 Et
614 1607 1042 1678 εἰσελεύσομαι
1085 1623 1174 1674 εις
1207 1621 1502 1677 σκηνωμα
1558 1607 1732 1662 οἴκου
1780 1625 1924 1676 μου,
1961 1610 2014 1662 εὶ

429 1696 812 1766 ἀναϐήσομαι
846 1699 946 1752 ἐπὶ
979 1698 1200 1766 κλίνης
1237 1697 1564 1767 στρωμνῆς
1594 1715 1735 1766 μου,
1763 1702 1814 1752 εὶ
1840 1698 2016 1752 δώσω

432 1789 628 1843 ὕπνον
655 1789 780 1857 τοῖς
804 1790 1139 1860 ὀφθαλμοῖς
1188 1807 1332 1858 μου,
1397 1788 1496 1845 καὶ
1528 1789 1652 1856 τοῖς
1673 1790 2013 1859 ,βλεφάροις

424 1901 546 1953 μου
582 1883 956 1951 νυστατμὸν,
991 1881 1090 1936 καὶ
1120 1881 1473 1936 ἀνάπαυσιν
1517 1879 1642 1947 τοῖς
1691 1881 2013 1948 κροτάφοις

426 1993 567 2044 μου,
597 1975 708 2040 ἕως
735 1971 807 2030 οὗ
836 1974 989 2043 εὕρω
1023 1975 1211 2028 τόπον
1242 1969 1324 2038 τῷ
1352 1971 1568 2040 Κυρίῳ,
1609 1973 1903 2040 σκήνωμα
1937 1971 2015 2038 τῷ

434 2067 557 2132 Θεῷ
595 2067 804 2122 Ἰακώϐ
825 2068 960 2138 (35).
1011 2066 1134 2130 Πῶς
1174 2081 1306 2118 ποτε
1337 2063 1589 2134 ζηλώσας
1623 2064 1762 2133 ὑπὲρ
1794 2065 1887 2118 τοῦ
1921 2067 2014 2131 et-

435 2160 628 2231 ρεσθαι
654 2161 783 2231 τῇδε
815 2161 1042 2214 κάκεῖσε
1091 2159 1193 2227 τὴν
1257 2158 1512 2222 κιϐωτὸν,
1550 2158 1841 2228 ἐνωμότως
1890 2157 2017 2210 bits-

435 2269 615 2323 σχετο,
651 2253 732 2305 ὅτι
765 2252 840 2305 Οὐ
898 2251 1112 2321 ποιήσω
1156 2250 1191 2321 ἢ
1227 2249 1348 2304 τόδε
1383 2250 1416 2320 ἢ
1447 2249 1564 2303 τόδε
1591 2293 1605 2317 ,
1649 2249 1755 2314 ἕως
1783 2246 1843 2304 οὗ
1870 2247 2017 2321 εὕρω

433 2346 527 2398 τὸν
556 2344 721 2398 τόπον
771 2343 844 2413 τῷ
878 2343 1070 2414 Κυρίῳ
1098 2342 1271 2408 ἄξιον,
1304 2342 1475 2411 ἤγουν
1525 2341 1863 2412 οἰκητήριον,
1896 2358 2020 2394 του-

433 2435 583 2490 τέστι
618 2437 780 2490 τόπον
807 2433 938 2488 ναοῦ
982 2449 998 2465 ’
1032 2434 1129 2487 καὶ
1157 2434 1257 2487 οὐκ
1288 2433 1656 2498 ἀνεπαύσατο,
1704 2435 1810 2497 ιως
1840 2435 2023 2504 εὑρεῖν

434 2528 570 2598 ὠςὴ
607 2527 788 2596 βίϐλος
833 2525 943 2580 τῶν
970 2524 1271 2579 Βασιλειῶν
1315 2527 1349 2596 ή
1383 2525 1579 2595 πρώτη
1629 2525 2019 2595 διαλαμϐάνει.

436 2623 512 2676 Τὸ
541 2626 594 2676 sl
633 2622 711 2688 δὲ,
737 2622 798 2674 τὸ
823 2623 896 2677 οὐ
931 2619 1213 2691 σημαίνει,
1263 2618 1341 2683 ὡς
1374 2620 1470 2673 καὶ
1494 2621 1550 2672 ἑν
1576 2620 1756 2684 ἄλλοις
1791 2623 2018 2692 εἰρήκα-

438 2734 562 2788 μεν.
595 2717 866 2785 Σκήνωμα
893 2715 951 2768 δὲ
984 2715 1078 2766 καὶ
1109 2709 1260 2778 οἶκος
1290 2711 1388 2766 τοῦ
1418 2711 1553 2766 Θεοῦ
1584 2713 1819 2781 λέγοιτο.
1845 2715 1934 2768 διὰ
1959 2716 2020 2767 τδ

435 2809 651 2863 ἐκεῖθεν
681 2807 1050 2878 χρηματίζειν
1080 2807 1176 2860 καὶ
1204 2805 1419 2876 ὀμιλεῐν
1440 2806 1554 2869 τοῖς
1597 2806 1798 2874 ἀξίοις,
1825 2806 1900 2870 ὡς
1924 2808 2021 2861 καὶ

437 2901 802 2972 προλαϐόντες
831 2901 1164 2969 είρήκαμεν.

2196 1246 2357 1301 Vens.
2399 1245 2455 1300 ‘2.
2501 1246 2777 1311 Quomodo
2804 1247 3010 1316 juravit
3063 1247 3307 1313 Domino,
3357 1262 3404 1302 et
3440 1251 3570 1304 t-ocil
3601 1251 3714 1307 Deo

2116 1339 2303 1393 Iacob.
2349 1337 2619 1392 Memento
2665 1339 2805 1407 ejus,
2838 1340 3036 1408 inquit,
3072 1342 3534 1406 quemadmodum
3586 1359 3712 1397 cum

2113 1428 2430 1499 jar-amento
2466 1445 2525 1483 ea
2576 1428 2684 1484 Deo
2746 1431 3025 1499 pollicitus
3062 1432 3154 1497 sit,
3190 1447 3311 1502 quae
3343 1431 3576 1488 inferius
3628 1434 3713 1488 di-

2118 1530 2333 1576 centur.

2197 1613 2509 1668 “1115.343.
2566 1612 2626 1668 Si
2669 1613 2900 1666 introibo
2964 1615 3015 1666 in
3078 1615 3478 1669 tabernaculum
3523 1618 3713 1673 domus

2122 1721 2269 1768 mere,
2311 1705 2356 1757 si
2389 1704 2673 1757 ascendam
2717 1718 2871 1771 super
2919 1705 3109 1756 lectum
3160 1704 3323 1758 strati
3355 1706 3473 1766 mei,
3503 1708 3549 1757 si
3576 1707 3714 1759 dabo

2118 1811 2363 1850 somnum
2415 1795 2581 1847 oculis
2648 1799 2796 1855 meis,
2831 1803 2877 1844 et
2920 1793 3186 1862 palpebris
3219 1796 3346 1847 meis
3369 1795 3715 1849 dormitatio-

2118 1903 2256 1950 nem,
2303 1897 2352 1938 et
2385 1887 2614 1953 requiem
2660 1884 2980 1953 temporibus
3025 1886 3176 1951 meis,
3246 1886 3412 1939 donec
3467 1887 3713 1942 invenero

2115 1984 2292 2036 locum
2339 1977 2581 2040 Domino,
2618 1978 3020 2029 tabernaculum
3047 1977 3150 2028 Deo
3184 1974 3374 2031 Jacob.
3411 1977 3711 2042 Memento,

2120 2070 2324 2138 inquit,
2412 2068 2871 2138 quemadmodum
2934 2069 3049 2137 ipse
3107 2070 3237 2121 olim
3295 2072 3412 2123 zelo
3471 2071 3711 2140 quodam

2117 2172 2406 2232 correptus
2458 2171 2560 2226 est,
2595 2177 2718 2214 cum
2775 2161 2990 2214 Domini
3035 2176 3217 2214 arcam
3255 2162 3356 2216 hue
3387 2173 3553 2233 atque
3585 2165 3715 2220 illuc

2115 2256 2487 2310 errabundam
2511 2270 2574 2308 ac
2605 2269 2798 2325 vagam
2843 2255 3191 2308 circumferri
3230 2255 3461 2321 videret,
3497 2263 3551 2310 et
3585 2273 3713 2311 cum

2111 2346 2424 2416 juramento
2468 2348 2748 2415 pollicitus
2786 2347 2878 2409 sit,
2935 2348 3126 2402 dicens
3161 2365 3174 2401 :
3222 2346 3339 2402 Non
3375 2348 3573 2404 faciam
3607 2366 3713 2416 ego

2119 2441 2249 2505 hoc,
2302 2456 2478 2509 neque
2515 2441 2670 2506 illud,
2718 2442 2892 2495 donec
2949 2441 3210 2496 invenero
3238 2443 3418 2496 locum
3484 2444 3715 2497 Domino

2120 2530 2370 2599 dignum,
2414 2533 2517 2587 hoc
2545 2543 2650 2598 est,
2713 2534 2895 2587 locum
2951 2535 3164 2603 templi,
3213 2544 3268 2589 et
3317 2535 3712 2592 habitationem

2120 2641 2264 2682 arcae
2294 2641 2357 2679 ac
2398 2626 2758 2680 tabernaculi.
2807 2624 2872 2678 Et
2903 2642 3090 2679 revera
3129 2628 3290 2680 etiant
3325 2644 3434 2682 non
3476 2630 3713 2698 quievit,

2119 2720 2296 2772 donec
2341 2717 2494 2770 illum
2555 2719 2849 2783 invenerit,
2907 2719 3368 2786 quemadmodum
3438 2721 3491 2773 in
3536 2721 3716 2790 prino

2122 2809 2332 2880 Regum
2373 2810 2513 2864 libro
2574 2809 2835 2863 traditur.
2891 2810 3064 2861 Dietio
3140 2821 3326 2864 autem
3388 2813 3454 2874 si,
3491 2814 3595 2866 hoc
3660 2813 3715 2865 in

2124 2902 2268 2966 loco,
2307 2899 2449 2956 idem
2511 2901 2786 2972 signiﬁcat
2847 2902 2993 2968 quod
3047 2918 3149 2952 non
3184 2939 3199 2962 ,
3251 2902 3712 2970 quemadmodum

442 3011 587 3067 saepe
629 2996 756 3050 alibi
821 2996 1087 3050 diximus.
1150 2991 1588 3048 Tabernaculnm
1642 3005 1774 3047 vero
1805 3003 1855 3046 et
1895 2992 2094 3048 domus
2136 2993 2249 3058 Dei,
2305 2994 2592 3047 dicebatur
2651 2993 2809 3048 locus
2894 2994 3004 3056 ille,
3066 2993 3158 3046 nbi
3227 3009 3490 3062 responsa
3550 3003 3717 3064 atque

440 3093 662 3147 oracula
717 3093 990 3146 dabantur
1029 3106 1059 3144 a
1116 3089 1265 3154 Deo;
1317 3089 1408 3143 ubi
1455 3088 1620 3142 etiam

1694 3089 1762 3142 ad
1815 3089 2018 3156 probos
2058 3098 2112 3143 et
2143 3091 2210 3143 ad
2248 3090 2453 3144 virtute
2484 3092 2746 3160 praeditos
2797 3090 3047 3142 homines
3112 3091 3456 3158 loquebatur,
3538 3102 3598 3145 ut
3665 3094 3716 3144 in

439 3182 817 3252 superioribus
877 3181 1142 3236 diximus.
1193 3177 1352 3252 (Nam
1406 3179 1609 3247 alioqui
1672 3179 1817 3234 Deus
1874 3180 2023 3233 nulla
2065 3181 2402 3236 habitatione
2451 3197 2545 3235 seu
2589 3181 2750 3235 dumo
2809 3181 3033 3248 indiget,
3101 3190 3195 3233 aut
3245 3183 3646 3253 tabernaculo.)

510 3273 659 3327 Ἰδοὺ
696 3273 1049 3342 ἠκούσαμεν
1091 3271 1288 3337 αὐτὴν
1339 3270 1409 3323 ἐν·
1453 3269 1760 3338 Εὐφραθᾶ.
1804 3271 2017 3342 Ἐπειδὴ

2200 3271 2369 3326 Vens.
2407 3272 2459 3327 6.
2517 3272 2650 3326 Ecce
2681 3274 2978 3325 audivimus
3007 3289 3123 3326 eam
3154 3274 3208 3326 in
3250 3273 3509 3341 Epitrata.
3570 3275 3718 3340 ρυο.

447 3365 601 3434 παρὰ
653 3364 762 3416 τῶν
815 3365 1073 3430 πατέρων
1133 3362 1313 3432 ἡμῶν,
1372 3361 1406 3424 ἢ
1463 3362 1616 3430 παρὰ
1664 3361 1774 3413 τῶν
1827 3361 2024 3431 βίϐλων

437 3458 755 3525 ἠκούσαμεν
791 3457 1078 3526 ἐνεχθῆναι
1127 3455 1228 3524 τὴν
1258 3453 1516 3519 κιϐωτὸν,
1564 3456 1627 3506 ὲν
1656 3454 1738 3528 τῷ,
1762 3453 1912 3523 τόπῳ
1944 3454 2025 3523 τῷ

439 3549 764 3618 καλουμένῳ
821 3547 1105 3620 Εὑφραθᾶ.
1158 3547 1270 3602 Καὶ
1324 3546 1425 3620 τὴν
1459 3547 1663 3617 Ῥαχὴλ
1717 3547 1772 3600 δὲ
1825 3546 2023 3602 θάπτει

449 3638 648 3693 Ἰακὼϐ
709 3642 769 3692 έν
817 3640 897 3711 τῷ
957 3638 1281 3708 ἱπποδρόμῳ
1327 3636 1424 3690 τοῦ
1479 3637 1776 3708 Εὑφραθᾶ·
1813 3639 1976 3706 Αὕτη
2004 3679 2020 3702 ,

439 3731 631 3799 (puri-iv,
665 3730 801 3785 ἐστὶ
832 3730 1140 3798 Βηθλεέμο
1175 3729 1338 3800 ἔφερε
1369 3731 1479 3798 γὰρ
1507 3731 1535 3781 ὁ
1567 3731 1732 3791 τόπος
1763 3727 1858 3782 τοῦ
1883 3744 2017 3798 προσ

440 3822 674 3892 κατόχου
700 3823 761 3874 τὸ
787 3823 984 3892 ὄνομα.

2129 3364 2297 3430 niam,
2330 3365 2529 3433 inquit,
2563 3379 2592 3417 a
2642 3365 2889 3432 patrihus
2923 3366 3147 3430 nostris,
3182 3365 3262 3420 vel
3290 3366 3455 3420 etiam
3493 3367 3716 3424 aliunde

2126 3472 2190 3512 ex
2233 3457 2409 3512 sacris
2441 3454 2626 3510 Lihris
2676 3456 2988 3509 audivimus
3022 3472 3166 3518 eam,
3207 3473 3392 3510 aream
3455 3460 3712 3513 nimirum

2131 3547 2189 3601 in
2225 3546 2481 3617 Ephrata:
2559 3548 2739 3599 locum
2813 3546 3045 3600 delatam
3120 3546 3312 3601 luisse.
3375 3547 3468 3601 Est
3528 3559 3711 3603 autem

2127 3638 2366 3707 Ephrata
2399 3641 2614 3701 eadem,
2666 3651 2786 3705 qua:
2842 3645 2895 3689 et
2943 3636 3239 3692 Bethleem.
3281 3638 3538 3708 Legimus
3564 3644 3710 3695 enim

2129 3727 2258 3781 alibi
2292 3728 2434 3795 apud
2462 3727 2805 3794 Scripturam
2834 3744 2848 3778 :
2874 3724 3136 3779 Bethleem
3166 3727 3355 3781 domus
3380 3728 3615 3796 Ephrata
3641 3731 3711 3787 ⁸³.

2123 3819 2254 3874 Item
2309 3818 2482 3873 Jacob
2527 3834 2754 3872 uxorem
2790 3817 2996 3870 Rachel
3029 3819 3283 3887 sepelivit
3309 3821 3363 3874 in
3399 3820 3712 3890 Hippodrn—

441 3928 531 3965 nio
585 3913 836 3984 Ephrata:
870 3933 884 3968 :
923 3913 1077 3981 Hrec,
1112 3913 1311 3984 inquit,
1386 3925 1463 3968 est
1515 3911 1800 3991 Bethleem.
1853 3913 2248 3985 Appellahatur
2300 3929 2536 3982 namque
2598 3913 2728 3966 olim
2780 3912 2932 3965 locus
3003 3912 3095 3965 ille
3139 3911 3300 3980 primi
3371 3916 3714 3984 possessoris

439 4020 681 4060 IlUlllllle.

513 4099 786 4167 Εὗρομεν
829 4098 1026 4165 αὐτὴν
1059 4099 1130 4154 ὲν
1156 4099 1276 4166 τοῖς
1324 4101 1556 4167 πεδίοις
1608 4101 1715 4156 τοῦ
1761 4101 2014 4173 δρυμοῦ.

438 4190 691 4262 Εὖρομεν
733 4191 905 4262 αὐτὴν
935 4190 1046 4245 ἀπὸ
1073 4191 1183 4245 τῶν
1214 4191 1527 4264 εἰρημένων
1549 4208 1563 4221 ⁸
1615 4193 1767 4262 παρὰ
1804 4195 2015 4247 τούτων

439 4283 717 4354 ἐμάθομεν
752 4285 923 4354 αὐτὴν
979 4285 1347 4354 αὑλιζομένην
1393 4287 1451 4337 ὲν
1487 4288 1599 4347 τοῖς
1657 4286 1863 4349 πεδίοις
1920 4283 2014 4338 τοῦ

437 4375 668 4446 δρυμοῦ,
734 4379 1037 4438 τουτέστιν,
1091 4371 1193 4428 ὦδε
1255 4376 1480 4428 κάκεῖσε
1546 4377 2013 4446 περιφερομένην,

439 4469 593 4538 παρὰ
621 4467 682 4522 τὸ
710 4469 786 4540 μὴ
814 4469 961 4539 ἔχειν
990 4468 1157 4521 τόπον
1189 4469 1597 4538 ἀφωρισμένον.
1646 4467 1832 4521 Ταῦτα
1854 4468 1909 4520 δὲ
1938 4469 2017 4520 λέ-

2197 4098 2501 4153 Invenimus
2543 4111 2656 4148 enm
2689 4094 2742 4146 in
2774 4096 2974 4160 campis
3010 4095 3179 4148 silum.
3220 4094 3533 4150 Invenimus
3563 4112 3710 4151 eam.

2124 4191 2225 4243 hoc
2251 4198 2355 4250 est,
2386 4201 2452 4240 eo
2502 4188 2664 4238 modo
2703 4183 3017 4246 didicimus,
3061 4194 3118 4238 ut
3159 4200 3325 4254 supra
3358 4185 3565 4240 dictum
3595 4199 3704 4250 εει,

2120 4296 2151 4334 a
2198 4279 2503 4347 majoribus
2533 4277 2788 4329 nimirum
2822 4278 3050 4338 nostris,
3116 4293 3213 4330 seu
3263 4294 3327 4331 ex
3378 4278 3582 4331 divinis
3641 4281 3710 4331 li-

2121 4375 2233 4427 bris
2262 4391 2276 4426 :
2309 4371 2635 4435 didicimus,
2700 4370 2948 4437 inquam,
2976 4384 3095 4423 eam
3123 4381 3513 4422 eommoratam
3543 4371 3714 4424 fuisse

2122 4465 2175 4517 in
2218 4464 2425 4530 campis
2481 4463 2653 4525 silva),
2725 4461 2829 4515 hoc
2861 4472 2964 4524 est,
3007 4462 3109 4512 hnc
3140 4472 3304 4530 atque
3371 4461 3498 4516 illuc
3525 4479 3715 4515 etran-

438 4572 598 4624 γουσι
661 4539 1026 4620 συνιστῶντες
1057 4557 1139 4611 ὃτι
1191 4557 1511 4624 ἀναγκαίως
1545 4558 1842 4628 ἐζήλωσεν,
1874 4558 2016 4627 ὑπὲρ

2125 4559 2193 4612 tis
2225 4559 2276 4609 in
2311 4571 2516 4609 morem
2575 4556 2918 4616 circumlata,
2964 4562 3152 4622 utpote
3216 4572 3337 4624 qua:
3402 4566 3612 4610 certum
3648 4573 3711 4609 ae

438 4645 612 4715 αὐτῆς
642 4652 666 4699 ὁ
693 4650 876 4711 Δαϐὶδ,
919 4650 1014 4702 καὶ
1046 4650 1153 4719 τὸν,
1178 4648 1340 4700 τόπον
1399 4639 1580 4717 εὗρεν,
1629 4648 1768 4719 ὑπὲρ
1814 4644 1875 4703 οὗ
1916 4649 2016 4702 καὶ

442 4735 542 4788 νῦν
579 4739 942 4793 ικετεύουσιν.

2117 4648 2448 4702 destinatum
2481 4646 2658 4700 locmn
2684 4647 2920 4714 aliquem
2959 4661 3064 4698 non
3099 4645 3343 4700 haberet.
3386 4647 3496 4700 lloc
3524 4657 3705 4699 υυινιιι

2118 4740 2331 4804 dicunt,
2383 4738 2765 4792 demonstrare
2816 4737 3238 4802 contendentes,
3301 4739 3449 4806 quod
3517 4738 3709 4791 beatus

441 4831 611 4884 David
649 4837 964 4889 necessario
1007 4833 1301 4890 admodum
1349 4849 1448 4905 pro
1491 4849 1555 4890 ea
1589 4832 1703 4889 zelo
1731 4840 2019 4903 correptus
2059 4844 2162 4900 εει,
2198 4845 2256 4888 ut
2297 4835 2474 4890 locum
2507 4835 2658 4888 illum
2683 4833 2976 4892 inveniret,
3014 4845 3111 4898 pro
3145 4845 3254 4897 quo
3289 4830 3389 4899 ipsi
3459 4831 3512 4883 in
3577 4846 3707 4898 ρι’ω-

443 4924 616 4980 sentia
647 4926 713 4979 ad
748 4925 913 4981 Deum
947 4929 1278 4997 supplicant.

507 5016 993 5084 εἰσελευσόμεθα
1055 5018 1142 5082 εις
1209 5016 1283 5069 τὰ
1356 5017 1719 5084 σκηνώματα
1789 5016 2017 5078 αὐτοῦ,

440 5105 964 5176 προσκυνήσωμεν
1008 5110 1097 5173 εις
1128 5109 1235 5162 τὸν
1268 5110 1477 5172 τόπον,
1519 5106 1592 5165 οὗ
1652 5111 1927 5175 ἔστησαν
1964 5110 2019 5160 οὶ

442 5196 626 5263 πόδες
683 5199 894 5252 αὺτοῦ.
945 5199 1134 5252 Ταίρτα
1191 5199 1470 5268 προσώπῳ
1529 5200 1642 5252 τῶν
1706 5202 1763 5251 ἐν
1827 5202 2018 5262 αὐτοῖς

448 5289 644 5356 ἁγίων,
700 5291 1161 5361 προφητευόντων
1194 5293 1400 5355 αὐτοῖς,
1450 5293 1532 5343 ὃτι
1583 5292 1951 5362 ἀναστήσεται
1990 5292 2019 5343 ὁ

444 5382 594 5443 ναὸς,
631 5383 726 5436 καὶ
758 5383 1161 5435 εἰσελεύσονται
1192 5382 1284 5434 καὶ
1318 5386 1756 5436 ποοσκυνίδσουσι
1791 5385 1884 5434 καὶ
1920 5382 2016 5434 λα-

541 5559 762 5617 ⁸Μὶυ11.
819 5576 848 5612 v
919 5560 973 5613 3.

2191 5012 2413 5066 VensJ.
2449 5010 2783 5066 Introeamus
2833 5011 2886 5062 in
2935 5005 3279 5060 tabernacula
3328 5004 3464 5070 ejus,
3520 5003 3709 5056 adore-

2120 5124 2235 5160 mus
2271 5109 2325 5159 in
2361 5108 2496 5167 loco,
2547 5105 2636 5156 ubi
2686 5109 2942 5155 steterunt
2985 5100 3140 5166 pedes
3187 5097 3324 5166 ejus.
3363 5096 3484 5148 Haec
3542 5099 3702 5148 verba

2118 5215 2185 5254 ex
2219 5208 2536 5252 sanctorum
2595 5207 2833 5264 persona
2867 5192 3012 5246 dicta
3054 5198 3207 5252 sunt,
3267 5188 3358 5254 qni
3397 5186 3598 5255 populo
3636 5202 3698 5237 ex

2117 5292 2431 5359 captivitate
2463 5289 2516 5341 in
2582 5287 2812 5355 patriam
2881 5282 3140 5336 restituto
3191 5279 3438 5332 aderant.
3495 5274 3700 5328 l’rredi-

2118 5382 2266 5434 citur
2297 5387 2480 5434 autem
2543 5378 2632 5433 his
2683 5374 2885 5438 verbis,
2936 5369 3396 5443 quemadmodum
3436 5367 3698 5436 templum

1795 5649 1996 5712 Variis
2020 5647 2349 5711 lectiones.

512 5758 621 5832 ('53)
647 5755 850 5828 Supple
885 5753 1196 5829 Μνήσοητι.
