4090 6288
510 224 512 226 ’
582 257 726 320 1223

1818 258 2199 320 EUTlIYMII
2234 259 2406 320 ZIGA
2419 261 2592 323 BEN!

3697 261 3834 332 ιεει

588 373 754 429 tionis
786 372 1212 442 progenitorem,
1246 368 1412 423 veluti
1442 369 1713 439 quoddam
1743 369 1923 423 lumen
1958 368 2138 423 futuri:

2262 371 2293 440 ἦ
2323 369 2516 440 λύχνον
2571 372 2672 442 τὴν
2700 373 3065 444 λαμπρότητα
3101 374 3196 429 τοῦ
3231 375 3422 446 γένους
3455 375 3643 442 αὐτοῦ,
3690 378 3836 445 λάμ·

586 465 1028 538 geuerationibus
1060 465 1286 518 illucere
1329 461 1477 516 facit.
1532 460 1628 515 Vel
1673 477 1769 531 per
1825 463 2104 515 lucernam
2137 501 2150 523 ,

585 560 802 626 generis
835 560 917 612 sui
943 556 1286 624 splendorem
1311 555 1433 610 ideo
1460 554 1736 624 intelligit,
1760 554 1886 624 quia
1911 554 2159 622 splendet

2263 478 2470 516 πουσαν
2521 465 2580 517 ἐν
2617 467 2732 528 τοῖς
2777 465 3012 521 ἔθνεσιν.
3067 467 3229 520 ’Δλλά
3275 468 3450 522 ταῦτα
3499 469 3698 531 πάντα,
3739 467 3836 521 ἐὰν

2267 554 2610 623 φυλάξωνται
2643 557 2741 627 τὴν
2772 556 3145 628 δικαιοσύνην,
3171 560 3246 622 ὡς
3272 561 3489 630 εἴρηται

583 655 726 707 inter
757 661 962 721 gentes.
1005 651 1200 705 Verum
1228 652 1342 705 hxc
1369 651 1552 706 omnia
1592 665 1653 705 ea
1681 649 1994 704 conditione
2031 648 2140 702 illis
2183 650 2455 717 promissa
2483 658 2648 714 sunt.
2696 651 2743 706 si
2784 659 3176 706 testamentum
3252 653 3348 707 Dei
3415 651 3837 708 custodiverint-

582 756 639 800 ut
667 748 872 801 dictum
902 755 1004 802 est.

657 841 816 894 Vsus.
853 841 936 894 l8.
993 839 1241 895 Inimicos
1279 841 1392 910 ejus
1423 841 1644 894 induam
1684 840 2009 909 confusione.
2047 839 2155 893 Ini.

584 936 756 987 micos
799 934 1008 986 scilicet
1042 931 1207 986 David
1243 948 1336 986 aut
1364 933 1580 1003 generis
1612 934 1756 1002 ejus.

653 1027 824 1093 Super
855 1029 1024 1092 ipsum
1064 1037 1236 1078 autem
1267 1027 1512 1096 c/jlorebit
1547 1026 1901 1094 sanctiﬁcatio
1944 1039 2150 1078 mea.—

583 1117 748 1185 Super
782 1121 950 1185 ipsum
990 1120 1176 1184 David,
1219 1135 1312 1172 seu
1342 1134 1507 1188 super
1543 1120 1666 1188 ejus
1717 1134 1926 1172 semen.
1974 1117 2152 1186 Super

581 1211 750 1276 ipsum
784 1219 989 1270 autem,
1030 1211 1130 1262 huc
1170 1218 1274 1273 est,
1331 1219 1573 1279 tempore
1620 1210 1790 1279 ipsius
1834 1209 2022 1273 David,
2066 1208 2152 1262 vel

582 1309 824 1367 tempore
851 1299 1077 1353 seminis
1106 1301 1241 1369 ejus.
1273 1317 1380 1370 quo
1401 1312 1645 1369 tempore
1677 1305 1937 1370 templum
1969 1317 2146 1356 meum

580 1405 795 1444 summo
825 1407 948 1444 cum
1001 1391 1291 1460 Splendore
1339 1392 1576 1457 ﬂorebit,
1640 1393 1742 1447 huc
1797 1400 1902 1455 est,
1948 1407 2010 1446 co
2071 1406 2155 1445 re.

581 1491 806 1550 gnante.
842 1482 1072 1547 Quidam
1109 1499 1237 1536 vero
1275 1499 1368 1553 per
1396 1499 1588 1548 cornu,
1618 1494 1671 1537 et
1710 1499 1806 1552 per
1843 1484 2152 1549 lucernam,

579 1589 758 1642 regem
808 1576 1114 1646 intelligunt
1165 1577 1509 1640 Zorubabel,
1559 1576 1716 1645 cujus
1771 1578 1953 1631 hostes
1999 1578 2155 1629 aiunt

580 1664 750 1718 fuisse
783 1665 1066 1729 confusus,
1095 1676 1148 1719 et
1182 1681 1292 1736 quo
1334 1675 1593 1738 regnante
1625 1669 1886 1736 templum
1915 1667 2150 1729 Domini,

2337 833 2490 898 Τοὺς
2544 829 2799 900 ἐχθροὺς
2837 831 3024 885 αὑτοῦ
3055 830 3295 884 ἐνδύσω
3335 838 3661 898 αισχυνην.
3695 830 3840 894 Τοὺς

2264 927 2495 998 ιχθροὺς
2520 925 2712 987 αὑτοῦ,
2744 924 2864 994 ἦτοι
2894 923 2989 977 τοῦ
3019 927 3207 991 γένους
3237 921 3427 977 αὑτοῦ.
3660 915 3666 920 ’

2342 1019 2475 1073 Ἐπὶ
2515 1018 2585 1072 δὲ
2645 1017 2837 1070 αὐτὸν
2898 1016 3222 1082 ἐξω-θήσει
3278 1015 3345 1069 τὸ
3386 1015 3649 1084 ἀτίσσμά
3688 1031 3832 1081 μου.

2272 1109 2394 1163 Ἐπὶ
2429 1109 2612 1175 Δασὶδ,
2642 1109 2811 1180 ἤγουν
2844 1109 2936 1162 ἐπὶ
2965 1109 3026 1160 τὸ
3054 1109 3278 1180 σπέρμα
3313 1109 3475 1161 αὐτοῦ
3496 1108 3833 1177 φαιδρυνυήο

2261 1219 2410 1253 σεται
2457 1199 2666 1253 θάλλων
2694 1202 2722 1253 ό
2753 1201 2876 1263 ναός
2921 1218 3044 1271 μου.
3093 1202 3166 1253 Τὸ
3207 1200 3331 1254 Ἐπ’
3361 1202 3547 1254 αὐτὸν
3591 1201 3671 1263 δὲ,
3712 1201 3837 1251 ἀντὶ

2258 1293 2352 1346 τοῦ
2379 1292 2514 1345 Κατ’
2541 1290 2731 1355 αὑτὸν,
2770 1291 2888 1360 ἤτοι
2953 1292 3094 1344 κατὰ
3150 1291 3248 1360 τὴν
3290 1292 3484 1358 γενεὰν
3535 1289 3722 1352 αὐτοῦ,
3778 1291 3834 1340 ὲν

2255 1388 2321 1454 τῇ
2357 1383 2607 1454 βασιλείᾳ
2673 1382 2862 1436 αὐτοῦ.
2906 1381 3064 1446 Τινὲς
3093 1383 3146 1434 δὲ
3171 1383 3339 1451 κέρας
3376 1382 3470 1435 καὶ
3502 1382 3696 1451 λύχνον
3740 1381 3834 1432 τὸν

2257 1476 2564 1547 Ζοροϐάϐελ
2600 1476 2737 1544 φασί
2765 1491 2779 1504 '
2842 1476 2936 1528 καὶ
2965 1477 3157 1529 τούτου
3189 1477 3408 1543 λέγουσι
3447 1477 3570 1536 τοὺς
3603 1474 3836 1543 ἐχθροὺς

2252 1575 2632 1644 αἰσχυνθῆναι,
2677 1572 2771 1625 καὶ
2817 1573 2910 1624 ἐπὶ
2939 1573 3038 1637 τῆς
3074 1571 3349 1641 βασιλείας
3381 1570 3547 1624 αὐτοῦ
3596 1569 3835 1635 ὲξανθῆ-

2255 1685 2344 1720 σαι
2376 1667 2465 1718 τὸν
2498 1665 2955 1736 ἀπομαρανθέντα
2980 1665 3150 1719 πάλαι
3182 1665 3307 1716 ναόν
3337 1680 3352 1695 ο
3381 1663 3560 1733 ἕτεροι
3586 1662 3643 1715 δὲ
3671 1660 3838 1713 πάλιν

576 1759 722 1825 quod
763 1757 851 1810 diu
886 1759 1015 1811 olim
1049 1759 1428 1828 profanatum,
1466 1761 1731 1823 dirutum,
1767 1769 1927 1826 atque
1957 1761 2039 1831 (ut
2078 1760 2138 1812 ita

2255 1760 2311 1811 τὲ
2338 1760 2428 1812 ὅτι
2460 1758 2786 1824 ἐξελέξατο
2814 1760 3030 1826 Κύριος
3061 1757 3178 1825 τὴν
3206 1756 3379 1823 Σιὼν,
3415 1758 3603 1812 καὶτὰ
3633 1756 3837 1826 ἐφεξῆς

580 1846 784 1919 dicam)
847 1847 1175 1902 labefactum
1212 1848 1405 1912 fueral,
1433 1849 1687 1902 eﬂloruit.
1727 1850 1957 1914 Quidam
1986 1850 2147 1903 etiam

583 1943 745 1997 verba
779 1943 868 1996 illa
904 1962 918 1995 :
953 1942 1090 2008 Quia
1114 1942 1266 2010 elegit
1302 1941 1559 1994 Dominus
1604 1944 1770 2006 δὶοη,
1814 1950 1868 1993 et
1903 1957 2022 2009 quae
2059 1956 2149 1994 se-

578 2046 822 2105 quuntur
857 2037 1040 2088 omnia
1071 2076 1086 2100 ,
1118 2037 1458 2105 prOphetiam
1496 2035 1780 2088 continere
1820 2034 2047 2098 dicunt,
2082 2031 2150 2087 de

575 2130 642 2182 iis
672 2129 763 2197 qui
795 2128 848 2181 in
883 2126 1194 2182 Iudaeorum
1230 2129 1430 2196 populo
1466 2127 1612 2195 digni
1652 2127 1894 2190 fuerunt,
1922 2132 1981 2178 ut
2009 2140 2151 2194 pro-

577 2221 843 2288 pbeticam
917 2220 1144 2287 gratiam
1202 2225 1694 2284 consequerentur.
1758 2213 1825 2268 Et
1885 2215 2146 2285 quoniam

567 2313 723 2378 juxta
761 2311 1007 2364 historiae
1039 2325 1262 2365 sensum
1313 2308 1582 2378 psalmum
1625 2309 1738 2377 jam
1767 2309 2145 2379 exposuimus,

570 2413 744 2458 restat
785 2413 844 2457 ut
870 2406 1153 2457 tradamus
1189 2405 1352 2456 etiam
1386 2418 1728 2472 quacunque
1756 2402 1823 2458 de
1865 2403 2148 2456 Salvatore

570 2502 760 2546 nthll‘t)
788 2495 841 2547 in
883 2508 948 2547 eo
982 2501 1313 2547 tractamur.
1346 2491 1716 2557 Inlroibimus,
1754 2493 1955 2563 inquit,
1982 2492 2033 2545 in
2066 2502 2149 2544 ta-

568 2584 852 2636 bernacula
887 2585 1040 2649 eius,
1097 2586 1440 2639 adorabimus
1489 2588 1543 2639 in
1591 2586 1704 2639 loco
1753 2587 1841 2638 ubi
1887 2596 2145 2640 steterunt

566 2675 719 2740 pedes
746 2675 898 2742 ejus;
940 2678 1060 2730 haec
1110 2677 1278 2731 verba
1324 2693 1388 2730 ex
1444 2677 1679 2730 ﬁdelium
1731 2693 1965 2746 persona
2018 2692 2145 2746 pro-

567 2766 784 2834 phetice
810 2766 954 2819 dicta
981 2775 1130 2834 sunt,
1154 2769 1247 2836 qui
1283 2776 1476 2821 mutuo
1497 2768 1636 2822 inter
1660 2782 1779 2822 sese
1805 2769 2139 2832 conSultant,

564 2857 823 2924 quidnam
867 2855 1064 2911 facturi
1101 2859 1233 2912 sint.
1260 2857 1326 2912 Et
1364 2875 1459 2927 per
1489 2860 1866 2923 tabernacula,
1899 2859 2018 2916 loca
2055 2860 2140 2914 in-

566 2943 838 3012 telligunt,
883 2959 1006 3012 qua:
1033 2944 1088 2997 in
1113 2944 1406 2998 Palaestina
1440 2957 1588 3010 sunt,
1629 2947 1719 3001 ubi
1752 2946 2140 3002 habitavitaut

2255 1851 2473 1904 ἅπαντα
2506 1850 2664 1922 ῥητὰ,
2712 1850 3049 1920 προφητείαν
3088 1846 3228 1904 εἶναι
3258 1850 3476 1908 λέγουσι
3523 1849 3634 1901 τῶν
3665 1851 3725 1901 ὲν
3759 1848 3836 1916 τῷ

2250 1940 2543 2010 δηλωθέντι
2569 1939 2684 2010 ναῷ
2715 1939 3062 2010 «potentum-3
3095 1941 3438 2010 χαρίσματος
3485 1939 3834 2009 ἠξιωμένων.

2266 2032 2418 2084 Ἐπεὶ
2443 2032 2498 2084 δὲ
2533 2032 2653 2084 καθ’
2685 2031 2925 2101 ἱστορίαν
2946 2033 2974 2084 ό
2994 2031 3208 2100 saepe;
3253 2033 3594 2103 ἡρμήνευται
3615 2073 3631 2094 ,
3666 2047 3834 2099 μεταο

2252 2123 2556 2194 χειριστέον
2591 2124 2691 2195 ἤδη
2753 2125 2848 2176 καὶ
2889 2124 2990 2177 ὅσα
3044 2125 3238 2176 τούτου
3287 2123 3537 2195 περὶτοῦ
3577 2120 3835 2192 Σωτῆρος

2256 2213 2418 2284 ἡμῶν
2456 2215 2698 2284 Χριστοῦ
2759 2213 3261 2283 διαλαμϐάνουσιν
3313 2214 3830 2282 Εἰσελευσόμεθα,

2251 2307 2440 2376 φησὶν,
2458 2307 2546 2371 εις
2581 2305 2652 2361 τὰ
2680 2307 3045 2376 σκηνώματα
3067 2307 3276 2370 αὐτοῦ,
3303 2306 3834 2376 προσκυνήσωμεν

2247 2399 2336 2462 εἱς
2387 2397 2575 2451 τόπον
2620 2393 2693 2454 οὗ
2744 2398 3018 2466 ἔστησαν
3079 2402 3134 2454 ot
3197 2399 3379 2466 πόδες
3432 2398 3642 2453 αὑτοῦ.
3691 2398 3834 2467 Προ-

2247 2489 2446 2558 φητεία
2513 2487 2670 2541 τοῦτο
2753 2491 2881 2561 περὶ
2955 2488 3065 2544 τῶν
3142 2490 3510 2562 Χριστιανῶν,
3575 2489 3832 2558 ἀλλήλοις

2248 2578 2418 2634 ταῦτα
2440 2579 2940 2651 συμϐουλευόντων,
2967 2585 3060 2636 καὶ
3088 2585 3356 2655 σκήνωμα
3382 2585 3481 2652 μὲν
3511 2583 3785 2650 λεγόντων
3807 2598 3822 2612 ο

2251 2673 2378 2734 τοὺς
2407 2673 2465 2725 ἐν
2499 2671 2837 2745 Παλαιστίνῃ
2873 2674 3099 2741 τόπους,
3136 2674 3266 2727 ἔνθα
3307 2674 3694 2743 ἀνεστρέφετο,
3737 2671 3829 2723 καὶ

2247 2760 2488 2834 κατῴκει
2513 2777 2530 2792 ⁸
2571 2765 2735 2817 τόπον
2785 2765 2842 2818 δὲ
2889 2767 3025 2820 ὅπου
3079 2767 3319 2836 ἔστησαν
3353 2767 3400 2819 ot
3434 2765 3592 2828 πόδες
3632 2751 3838 2823 αὐοοῦ.’

2245 2854 2279 2925 ἢ
2307 2856 2450 2910 αὐτὰ
2488 2854 2556 2909 τὰ
2587 2857 2922 2926 σκηνώματα
2951 2857 3080 2911 ἔνθα
3108 2856 3448 2926 περιεπάτει,
3472 2855 3505 2926 ἢ
3541 2855 3632 2908 τὸν
3661 2871 3828 2907 σταυο

2246 2946 2357 3016 ρδν,
2379 2939 2423 3014 ᾧ
2447 2946 2884 3018 προψλώθησαν
2908 2948 2959 3003 oi
2982 2949 3142 3012 πόδες
3183 2950 3368 3015 αὑτοῦ,
3391 2949 3450 3002 ὃν
3474 2949 3568 3002 καὶ
3591 2948 3826 3002 ὑποπό-

564 3045 920 3089 conversatus
969 3040 1052 3088 est
1091 3032 1370 3090 Christus.
1420 3034 1524 3092 Per
1572 3038 1749 3092 locum
1822 3047 2006 3094 autem
2051 3040 2138 3093 ubi

2243 3036 2378 3092 ὄιον
2409 3037 2694 3108 ὠνόμασεν
2740 3041 2800 3094 ιν
2829 3039 2906 3110 τῷ
2936 3039 3044 3109 υιη¹
3071 3040 3293 3110 ψαλμῷ.
3327 3039 3433 3093 Καὶ
3468 3039 3653 3108 μέντοι
3685 3055 3826 3091 παν·

565 3135 821 3179 ειιιεηιηι
851 3125 1003 3194 pedes
1029 3125 1166 3194 ejus,
1194 3127 1278 3182 vel
1302 3127 1493 3183 eadem
1522 3128 1763 3199 intelligo
1788 3131 2138 3186 tabernacula

2243 3129 2473 3200 ταχόθεν
2548 3132 2878 3202 συρρέοντες
2925 3133 3271 3205 εἰσέρχονται
3325 3135 3406 3196 εἰς
3463 3133 3592 3193 τοὺς
3621 3132 3824 3194 τόπους

564 3227 620 3273 et
666 3219 782 3272 loca
815 3221 868 3272 in
907 3219 1110 3287 quibus
1154 3219 1418 3276 Dominus
1464 3223 1794 3290 ambulavit;
1830 3226 1912 3278 vel
1964 3226 2138 3293 ipsam

2243 3219 2512 3288 ἐκείνους,
2548 3222 2645 3275 καὶ
2696 3223 3103 3290 προσκυνοῦσιν
3139 3224 3422 3277 ἑκάστοτε.
3472 3224 3822 3289 Ἀνάστηθι,

563 3326 809 3373 crucem,
839 3311 928 3364 cui
953 3311 1154 3367 Christi
1196 3315 1360 3379 pedes
1389 3313 1588 3370 conﬁxi
1619 3325 1769 3380 sunt,
1798 3326 1852 3371 et
1872 3332 2057 3386 quam,
2085 3318 2138 3372 in

2243 3311 2397 3380 φησὶ,
2446 3312 2644 3380 Κύριε,
2695 3315 2780 3378 είς
2837 3313 2952 3380 τὴν
2985 3313 3338 3370 ἀνάπαυσιν
3376 3332 3516 3382 σου,
3556 3314 3640 3368 σὺ
3667 3315 3820 3382 καιή

563 3403 776 3471 psalmo
811 3416 1006 3466 xcvut,
1043 3405 1330 3459 scabellum
1356 3409 1541 3471 pedum
1568 3410 1685 3478 ejus
1717 3410 2024 3479 appellavit.
2059 3408 2138 3465 Ex

2243 3401 2490 3468 κιϐωτὸς
2546 3401 2652 3456 τοῦ
2693 3402 3064 3474 ἁγιάσματός
3097 3421 3245 3460 σου·
3278 3404 3574 3472 ἀνάστηθι
3626 3407 3693 3460 ἐκ
3724 3422 3822 3460 νε-

564 3494 836 3549 universis
870 3496 1145 3563 siquidem
1180 3497 1366 3550 mundi
1400 3498 1650 3567 partibus
1679 3499 1810 3552 illuc
1851 3499 2138 3555 confluunt

2243 3491 2419 3559 κρῶν,
2448 3494 2546 3546 καί
2575 3493 2828 3562 ἀνάϐηθι
2857 3499 2943 3561 εις
2969 3497 3077 3549 τὸν
3115 3499 3332 3565 θρόνον
3357 3497 3465 3565 τῆς
3485 3501 3554 3551 ἐν
3579 3496 3819 3566 οἰιοσνῷ

567 3585 838 3653 homines,
871 3595 1034 3657 atque
1073 3590 1125 3641 in
1164 3603 1227 3643 ea
1261 3603 1446 3644 sancta
1482 3593 1598 3646 loca
1641 3591 2047 3663 ingrediuntur,
2081 3602 2137 3648 et

2243 3586 2560 3650 βασιλείας
2585 3601 2724 3650 σου,
2746 3587 2828 3642 σὺ
2845 3591 2879 3642 ό
2903 3589 3070 3656 Θεὸς,
3090 3590 3266 3644 καὶτὸ
3285 3592 3652 3661 πρόσλημμά
3674 3607 3818 3649 σου.

568 3678 796 3734 adorant
829 3680 940 3733 illic
988 3679 1300 3736 Dominum.
1357 3682 1614 3753 Exsurge,
1647 3684 1856 3753 inquit,
1894 3684 2134 3752 Domine,

2243 3675 2410 3730 Τοῦτο
2457 3677 2567 3748 γὰρ
2624 3679 2855 3742 κιϐωτὸς
2885 3681 2984 3750 τῆς
3012 3682 3347 3752 ἁγιωσύνης,
3389 3685 3510 3754 ἦτοι
3547 3685 3821 3753 σκήνωμα

567 3772 622 3824 in
643 3773 868 3840 requiem
901 3782 1068 3838 tuam,
1095 3782 1150 3825 tu
1176 3782 1225 3826 et
1261 3790 1386 3827 arca
1412 3776 1850 3843 satictiﬁcationis
1875 3787 2000 3841 tuaz,
2034 3779 2137 3832 hoc

2243 3772 2336 3840 τῆς
2381 3770 2667 3839 θεότητοςο
2709 3771 2900 3842 ὥσπερ
2940 3773 3048 3844 γὰρ
3081 3774 3114 3844 ὴ
3165 3774 3396 3838 κιϐωτὸς
3422 3777 3487 3827 ἐκ
3511 3775 3681 3840 ξύλων
3716 3778 3822 3848 μιν

563 3871 668 3929 est,
717 3874 824 3919 tua:
876 3865 1183 3921 divinitatis
1234 3868 1673 3932 tabernaculum,
1726 3879 1878 3922 tuum
1927 3870 2137 3925 scilicet

2243 3863 2506 3923 ἀσήπτων
2534 3863 2968 3929 κατεσκεύαστο,
3001 3867 3318 3936 κεχρύσωτο
3342 3868 3400 3922 δὲ
3432 3868 3659 3939 καθαρῷ
3683 3889 3820 3940 χρυ-

561 3955 998 4010 sacratissimum
1038 3972 1259 4027 corpus.
1303 3958 1774 4024 Quemadmodum
1810 3960 1958 4015 enim
2008 3976 2133 4016 arca

561 4046 648 4099 illa
684 4058 874 4102 sancta
913 4049 1002 4103 Dei
1035 4066 1098 4104 ex
1147 4051 1661 4121 incorruptibilibus
1687 4053 1845 4120 lignis
1871 4052 2133 4107 fabricata

560 4147 698 4201 erat,
727 4149 780 4194 et
817 4143 1112 4207 purissimo
1150 4143 1377 4212 insuper
1401 4160 1536 4199 auro
1562 4146 1835 4208 inaurata,
1873 4147 1944 4198 ita
1967 4146 2132 4200 etiam

563 4236 842 4292 assumpta
902 4227 1107 4283 Christi
1158 4230 1469 4287 humanitas
1522 4249 1588 4287 ex
1641 4237 1957 4305 incorrupto
2012 4237 2132 4305 ejus

558 4326 787 4382 corpore
813 4325 930 4369 erat
959 4328 1264 4387 compacta,
1295 4336 1360 4375 ex
1395 4323 1621 4392 ipsaque
1651 4341 1776 4378 vera
1809 4340 1871 4380 ac
1898 4330 2130 4385 sanctis-

558 4405 695 4457 sima
733 4406 1020 4462 divinitate
1057 4409 1138 4480 (ut
1195 4411 1268 4464 ita
1320 4412 1523 4483 dicam)
1562 4426 1680 4469 erat
1715 4417 1990 4484 deiﬁcata,
2035 4435 2132 4489 per

558 4497 813 4551 unionem
853 4502 1110 4555 nimirum
1149 4503 1296 4556 illam
1351 4505 1675 4561 ineﬂ‘abilem
1729 4511 1841 4565 veri
1877 4513 1990 4566 Dei.
2026 4511 2131 4566 Sa-

556 4589 791 4643 cerdotes
825 4592 901 4642 tui
934 4592 1478 4664 induenturjustitia,
1506 4601 1819 4667 evangeliea
1847 4602 2127 4668 nimirum,

555 4681 638 4732 vel
671 4682 820 4732 omni
851 4683 1112 4736 virtutum
1139 4701 1338 4755 genere
1361 4691 1706 4744 ornabuutur
1730 4709 1743 4756 ;
1771 4702 1822 4744 ct
1853 4696 2024 4747 sancti
2053 4696 2131 4748 tui

553 4771 924 4835 exsultabant,
965 4784 1018 4828 et
1058 4777 1370 4844 quicunque
1404 4795 1528 4831 cum
1564 4781 1944 4836 sacerdotibus
1976 4797 2131 4836 ama-

555 4873 703 4916 tores
736 4862 939 4919 fuerint
979 4867 1270 4934 virtutum,
1302 4870 1606 4938 angelicam
1647 4883 1965 4942 peragentes
1998 4889 2132 4929 cun-

556 4955 942 5020 versationem,
972 4958 1187 5012 illorum
1214 4961 1378 5014 etiam
1415 4978 1563 5016 more
1589 4964 1961 5018 exsultabunt.
1993 4966 2132 5018 Pto-

552 5055 667 5111 pter
702 5045 867 5100 David
904 5065 1108 5102 servum
1153 5061 1324 5116 tuum,
1357 5069 1417 5104 ne
1461 5064 1670 5107 avertas
1710 5055 1897 5122 faciem
1932 5057 2127 5111 Christi

554 5140 653 5191 tui.
703 5138 757 5191 Si
802 5142 1010 5194 nullam
1054 5144 1218 5195 aliam
1262 5144 1332 5197 ob
1359 5160 1610 5208 causam,
1642 5160 1863 5216 propter
1900 5165 1984 5203 me
2015 5150 2125 5203 Sul-

552 5237 659 5281 tem
693 5245 914 5283 servum
944 5240 1138 5297 tuum,
1172 5250 1379 5304 quaeso,
1417 5252 1483 5291 ne
1514 5237 1716 5291 Christi
1766 5242 1842 5292 tui
1877 5256 2121 5310 prasen-

556 5322 682 5372 tiam
707 5331 947 5388 avertas,
978 5326 1066 5393 qui
1100 5343 1196 5395 per
1229 5329 1663 5384 incarnationem
1698 5348 1852 5386 suam
1888 5334 2124 5389 homini-

554 5410 654 5463 bus
691 5415 1006 5480 apparebit;
1040 5417 1287 5484 quinimo
1327 5434 1454 5489 rogo
1487 5431 1538 5473 te
1582 5430 1638 5474 ut
1675 5422 1783 5475 cito
1838 5435 2120 5492 appareat.

555 5499 767 5554 Veritas
799 5503 962 5556 etiam
997 5521 1117 5572 qua:
1145 5508 1329 5575 jurata
1365 5509 1464 5563 fuit
1494 5511 1596 5579 ipsi
1629 5512 1797 5566 David
1829 5515 1972 5580 quod
2002 5516 2122 5584 ejus

560 5604 740 5643 semen
793 5608 1182 5650 consessurum
1235 5610 1379 5653 esset
1430 5616 1597 5669 super
1658 5603 1912 5656 thronum
1972 5607 2119 5674 regni

546 5682 690 5751 ejus,
721 5684 785 5737 ad
815 5684 989 5754 ipsum
1014 5688 1174 5742 etian.
1203 5690 1478 5745 Christum
1507 5695 1763 5760 pertinet.
1795 5693 1890 5750 llic
1916 5697 2116 5752 etenim

2239 3955 2336 4024 σῷ,
2357 3954 2498 4009 οὕτω
2517 3958 2611 4008 καὶ
2633 3956 2693 4009 τὸ
2712 3956 3045 4027 πρόσλημμα
3064 3959 3126 4012 ὲκ
3159 3958 3413 4030 σώματος
3431 3962 3532 4030 μὲν
3559 3961 3818 4030 ἀδιαφθό-

2239 4063 2334 4115 ρου
2375 4046 2759 4118 συμπέπηκτο.
2779 4048 3069 4102 Ἐτεθέωτο
3097 4049 3155 4103 δὲ
3187 4051 3252 4102 ἐκ
3280 4051 3535 4122 θεότητος
3555 4053 3816 4122 φυσικῆς,

2241 4137 2444 4209 κυρίως
2475 4138 2750 4211 θεότητος,
2795 4141 2964 4211 ἦγουν
3010 4143 3074 4194 ὲκ
3102 4142 3205 4212 τῆς
3238 4143 3487 4207 ὲνώσεως
3516 4144 3613 4199 τοῦ
3645 4146 3818 4210 ὅντως

2236 4229 2391 4284 Θεοῦ.
2450 4232 2515 4283 Οἱ
2547 4231 2744 4299 ἱερεῖς,
2789 4232 2978 4300 φησὶν,
3027 4232 3392 4289 ἐνδύσονται
3415 4237 3822 4306 δικαιοσύνην

2235 4321 2335 4391 τὴν
2367 4322 2510 4375 κατὰ
2550 4323 2612 4376 τὸ
2637 4324 2993 4392 Εὑαγγέλιον,
3022 4325 3142 4396 ἦτοι
3169 4328 3616 4399 κοσμηθήσονται
3645 4332 3818 4401 ἀρετῇ

2237 4415 2408 4486 πάσῃ·
2433 4415 2530 4469 καὶ
2560 4419 2612 4469 οἱ
2637 4416 2797 4469 ὅσιοί
2825 4433 2942 4472 σου
2960 4419 3455 4488 ἁγαλλιὰσονται·
3478 4423 3572 4475 καὶ
3593 4425 3643 4476 σί
3674 4428 3818 4494 μετὰ

2234 4508 2362 4571 τοὺς
2391 4494 2558 4578 ίερεῖς
2573 4525 2664 4561 σου
2689 4509 2977 4578 φιλάρετοι
2995 4511 3816 4589 ἀγαλλιάσονται,πολιτευόμε-

2234 4614 2314 4650 νοι
2344 4599 2674 4666 ἀγγελικῶς.
2703 4601 2982 4669 Ἕνεκεν,
3013 4604 3170 4674 φησὶ,
3218 4607 3398 4660 Δασὶό
3425 4608 3533 4663 τοῦ
3579 4609 3814 4665 δούλου

2231 4708 2368 4756 σου,
2418 4690 2505 4761 μὴ
2537 4693 2933 4762 ἀποστρέψῃς
2960 4696 3027 4749 τὸ
3052 4698 3379 4764 πρόσωπον
3409 4702 3516 4756 τοῦ
3548 4705 3816 4771 Χριστοῦ

2230 4799 2369 4839 σου.
2426 4785 2486 4837 Εί
2551 4785 2647 4838 καὶ
2699 4789 2776 4856 μὴ
2825 4788 2893 4840 δι’
2941 4790 3070 4843 ἄλλο
3113 4808 3188 4855 τι,
3239 4792 3375 4847 ἀλλά
3395 4811 3458 4862 γε
3489 4795 3557 4848 δι’
3591 4798 3692 4866 ἐμὲ
3722 4815 3816 4853 τον

2232 4876 2421 4928 δοῦλόν
2451 4893 2568 4940 σου,
2602 4879 2675 4946 μὴ
2707 4879 3053 4950 ἀποστρέψῃς
3076 4882 3175 4952 τὴν
3198 4886 3524 4953 ἐπιφάνειαν
3549 4889 3646 4942 τοῦ
3674 4892 3814 4960 Χρι-

2235 4964 2358 5016 στοῦ
2382 4982 2501 5029 σου,
2570 4967 2856 5034 μέλλοντος
2888 4969 3229 5040 ἐπιφανῆναι
3260 4977 3368 5038 τοίς
3398 4975 3712 5047 ἀνθρώποις
3746 4982 3815 5034 δι’

2229 5057 2706 5127 ὲνανθρωπήσεως
2734 5073 2747 5087 ·
2787 5060 2902 5112 ἀλλ’
2958 5061 3298 5133 ὲπιφανήτω.
3337 5065 3401 5119 Ἡ
3427 5069 3726 5138 όμοσθεὶσα
3755 5075 3810 5129 δὲ

2227 5144 2304 5213 τῷ
2361 5146 2525 5199 Δαϐὶδ
2577 5148 2832 5217 ἀλήθεια,
2897 5153 3016 5223 ἦτοι
3050 5155 3112 5206 τὸ
3159 5158 3223 5209 ἐκ
3269 5161 3586 5228 σπέρματος
3637 5167 3806 5220 αὐτοῦ

2227 5239 2454 5290 καθίσαι
2512 5242 2592 5301 εἰς
2644 5241 2737 5294 τὸν
2790 5242 2979 5313 θρόνον
3005 5248 3103 5316 τῆς
3154 5249 3436 5318 βασιλείας
3491 5258 3679 5321 αὐτοῦ,
3713 5262 3806 5314 τὸν

2228 5329 2464 5400 Χριστὸν
2513 5331 2776 5400 ᾐνίττετο.
2811 5332 2982 5400 Οὗτος
3013 5340 3122 5409 γάρ
3171 5342 3321 5396 ἐστιν
3346 5347 3374 5397 ὁ
3413 5350 3622 5417 κυρίως
3652 5351 3809 5422 βασε-

2227 5420 2353 5484 λεὺς
2397 5423 2491 5475 τοῦ
2536 5425 2778 5496 Ἰσραὴλ,
2810 5431 2874 5482 ὲκ
2903 5431 3220 5502 σπέρματος
3254 5438 3349 5490 τοῦ
3376 5441 3542 5496 Δαόὶδ
3572 5420 3673 5512 μὲν
3703 5447 3800 5510 ὢν,

2228 5513 2368 5606 κατᾲ
2423 5515 2520 5585 τὴν
2583 5519 2800 5590 μητέρα
2846 5523 2911 5574 ἐκ
2955 5524 3149 5588 γένους
3196 5530 3359 5582 Δαόὶδ
3390 5536 3799 5606 καταγομένην,

2229 5605 2479 5673 βασιλεὺς
2503 5607 2557 5660 δὲ
2600 5610 2741 5662 κατὰ
2765 5612 2824 5663 τὸ
2852 5615 3163 5682 νομοθετεῖν
3183 5624 3295 5684 τοῖς
3316 5623 3578 5692 ὑπηκόοις
3607 5605 3795 5690 αὐτοῦ.

2225 5701 2323 5754 καὶ
2355 5701 2670 5771 ῥυθμίζειν,
2702 5705 2794 5757 καὶ
2817 5708 3124 5780 περιέπειν,
3158 5713 3255 5767 καὶ
3285 5714 3797 5790 ὑπεραποθνήσκειν
