4090 6288
327 342 469 405 1225

1509 338 1900 397 (ἹΟΜΜΕΝΤ.
1948 337 2018 396 lN
2067 338 2430 398 l‘SALMClS.

3432 340 3567 404 1226

321 459 522 522 αὑτῶν,
553 458 587 512 ἃ
635 459 864 527 μάλιστα
902 458 1371 528 χξρικήρίζουσι
1417 458 1506 508 τὸν
1534 458 1751 523 άληθῶς
1789 456 1887 525 βα-

2005 470 2121 508 vere
2151 471 2213 508 ac
2250 457 2466 523 proprie
2500 453 2645 508 illius
2681 469 2866 509 settten
2909 456 3044 521 fuit;
3080 458 3206 526 quia
3238 473 3305 512 ex
3355 463 3568 516 semine

322 551 495 604 σιλέα.
546 552 686 604 Ἐὰν
713 550 1122 620 φυλάξωνται,
1189 552 1375 619 φησἰν,
1403 554 1452 603 ol
1487 552 1600 603 υἱοί
1628 552 1741 616 τὴν
1770 551 1895 601 διιε-

318 646 514 712 θήκην
545 661 661 698 σου
690 648 794 713 τὴν
829 642 1212 712 εὐαγγελικὴν,
1238 645 1333 696 καὶ
1365 643 1435 696 τὰ
1461 643 1753 711 μαρτύριά
1774 660 1894 711 μου

319 737 528 800 ταῦτα,
565 736 601 789 ἅ
626 737 844 801 διδάξω
867 735 1088 801 αὐτοὺς
1115 736 1201 788 διὰ
1233 735 1348 789 σοῦ.
1403 734 1536 787 Ἀπὸ
1564 733 1654 788 τοῦ
1683 736 1894 802 lla-.96;

321 828 378 881 δὲ
409 831 436 880 ὁ
491 829 647 895 λόγος
681 828 817 899 πρὸς
855 829 946 882 τὸν
1007 830 1069 880 ἐκ
1126 826 1291 880 Aemo
1329 828 1585 896 Χριστὸν.
1614 827 1704 878 ττιν
1735 844 1892 895 μονο-

324 921 457 990 γενῆ
490 920 640 986 Υἱὸν,
685 923 812 988 περὶ
847 921 955 972 τῶν
986 919 1250 990 μαθητῶν
1297 921 1394 973 καὶ
1442 918 1774 979 ἀποστόλων,
1803 917 1896 980 οὒς

323 1013 509 1064 τεκνία
541 1017 597 1064 ἐν
627 1014 739 1074 τοῖς
775 1012 1127 1079 Εὑαγγελίοις
1164 1010 1476 1079 ὠνόμασεν,
1509 1011 1585 1073 ὡς
1624 1013 1689 1064 ἐκ
1747 1010 1893 1064 δεδι-

327 1106 556 1166 σκαλίας
629 1105 726 1156 καὶ
784 1106 1023 1168 πίστεως
1061 1103 1470 1173 υἰοθετηθέντας
1504 1103 1692 1171 αὐτῷ·
1770 1104 1898 1156 Ἐὰν

322 1197 483 1250 τοῦτο
537 1200 860 1266 ποιήσωσιν,
921 1196 1022 1250 οὐκ
1071 1196 1231 1250 αὐτοὶ
1291 1196 1472 1266 μύκον,
1515 1197 1649 1250 ἀλλὰ
1708 1197 1802 1249 καὶ¹
1848 1198 1898 1248 oi

323 1292 533 1346 ⁸τούτων
567 1289 723 1352 αὖθις
752 1290 994 1361 μαθηταὶ
1019 1290 1113 1342 καὶ
1171 1294 1409 1361 μιμηταὶ
1441 1287 1758 1342 καθιοῦνται
1807 1289 1898 1342 ἐπὶ

322 1385 420 1440 τοῦ
480 1384 672 1455 θρόνου
729 1383 825 1437 τοῦ
876 1383 1238 1454 ποιμαντικοῦ
1305 1385 1402 1436 καὶ
1482 1381 1896 1436 διδασκαλικοῧ.

324 1477 742 1543 Καταστήσας
793 1477 924 1545 γὰρ,
967 1476 1151 1546 φησὶν,
1188 1476 1415 1541 αὐτοὺς
1466 1475 1767 1542 ἄρχοντας
1796 1477 1898 1530 ἐπὶ

323 1568 532 1624 πᾶσαν
561 1566 708 1637 γῆνο
757 1567 790 1636 ἧ
850 1568 942 1622 ἐπὶ
967 1567 1066 1636 τῆς
1097 1566 1458 1631 ἀναπαύσεως
1527 1568 1622 1620 καὶ
1655 1569 1895 1622 ἁπολαὺ·

328 1676 466 1721 σεως
497 1659 595 1727 τῆς
629 1657 881 1728 οὐρανίου
935 1657 1218 1728 βασιλείας
1253 1675 1347 1714 σου
1368 1674 1381 1688 °
1426 1657 1454 1711 ὂ
1485 1659 1550 1730 δὴ
1600 1661 1691 1712 καὶ
1723 1660 1900 1732 πέρας

327 1749 618 1820 λαμϐάνει,
650 1746 1030 1816 φυλαξάντων,
1077 1747 1152 1812 ὼς
1186 1748 1420 1819 εἴρηται.
1455 1751 1815 1813 Κατάπαυσις
1842 1750 1900 1804 δὲ

325 1841 418 1894 τοῦ
447 1839 583 1894 Θεοῦ
616 1839 859 1904 αίὼνιος,
895 1842 928 1911 ἠ
972 1840 1294 1911 Ἐκκλησία,
1324 1837 1401 1909 ἧς
1433 1841 1620 1896 πύλαι
1646 1841 1797 1910 ᾅδου
1829 1847 1901 1897 οὐ

326 1932 773 2002 κατισχύσουσι
794 1947 808 1962 ⁸
847 1929 992 2002 θήρα
1041 1930 1098 1983 δὲ
1143 1932 1342 2001 αὐτῆς,
1375 1934 1409 2001 ἡ
1439 1934 1649 2002 σαγήνη
1676 1931 1768 1986 τοῦ
1801 1950 1902 2001 κη·-

331 2023 634 2096 ρύγματος,
691 2025 758 2078 δι’
811 2018 880 2097 ἧς
934 2023 1157 2094 θηρεύει
1207 2025 1334 2087 τοὺς
1388 2026 1786 2094 ἐννηχομένους
1835 2027 1903 2096 τῇ

327 2118 478 2191 άλμῃ
540 2119 636 2188 τῆς
688 2118 925 2187 πλάνης·
963 2117 1305 2187 ήθήρευσις,
1357 2116 1480 2169 καθ’
1531 2119 1597 2189 ἢν
1643 2117 1692 2171 οἱ
1734 2118 1904 2182 ἁλιεῖς

325 2211 620 2264 ἀπόστολοι
668 2208 937 2279 ὲξὴγρουν
989 2209 1056 2262 τά
1085 2207 1286 2279 πλήθη.
1326 2211 1538 2279 Πτωχοὶ
1569 2210 1625 2262 δὲ
1652 2211 1823 2280 αὐτῆς
1853 2211 1903 2263 ot

328 2303 537 2371 πτωχοὶ
566 2301 645 2371 τῷ
677 2302 973 2371 πνεύματι,
997 2300 1090 2363 οὓς
1115 2301 1372 2371 χορτάσει
1415 2303 1582 2372 ἄρτου
1609 2303 1865 2372 οὐρανίου
1885 2321 1902 2336 ο

330 2391 450 2463 ἢτοι
472 2389 570 2457 τῆς
603 2389 881 2458 βασιλείας
907 2389 1018 2442 τῶν
1046 2388 1293 2459 οὐρανῶν
1321 2405 1336 2419 ’
1363 2388 1487 2452 τοὺς
1520 2391 1684 2461 ἱερεῖς
1713 2391 1768 2443 δὲ
1811 2393 1907 2446 αὑ-

326 2484 425 2550 τῆς
449 2481 657 2534 ἐνδόσει
693 2479 967 2550 σωτηρίαν
1014 2482 1268 2533 αίώνιονο
1307 2480 1708 2550 ἐνδυσαμένους
1749 2485 1907 2553 πρῶ-

327 2589 419 2628 τον
445 2573 820 2644 δικαιοσύνην,
852 2573 929 2634 ὡς
964 2574 1310 2644 προείρηται,
1339 2566 1406 2642 ἧς
1433 2578 1489 2625 οί
1521 2573 1702 2639 ὅσιοι,
1724 2577 1910 2645 ἀγαλ-

327 2664 526 2730 λιάσει
555 2666 763 2733 αἰωνίῳ,
804 2664 1295 2734 ἀγαλλιάσονται,
1336 2665 1476 2733 μετὰ
1511 2668 1608 2736 τὴν
1658 2668 1907 2722 ἐντεῦθεν

328 2757 596 2828 ικδημίαν
649 2758 889 2828 δηλαδή·
948 2757 1216 2810 κάκείνων
1271 2757 1624 2828 ὲνδυομένων,
1676 2760 1908 2815 καὶτῶν

329 2849 501 2913 οὓτως
527 2849 979 2919 άγαλλιωμὲνων.
1034 2851 1123 2902 Ἐν
1147 2853 1213 2920 τῇ
1259 2848 1562 2921 Ἐκκλησία
1606 2851 1661 2903 δὲ
1686 2851 1866 2916 ἐξανέ
1884 2882 1908 2893 -

330 2948 529 2998 τειλεν
544 2945 721 3012 ὕψος,
744 2944 839 2998 καὶ
872 2943 1050 3014 τιμὴν
1070 2942 1150 3009 τῷ
1168 2943 1368 3008 Δαϐίδ,
1393 2945 1532 3015 εὑφη
1543 2946 1797 3017 μουμένῳ
1817 2946 1912 2999 καὶ

329 3035 693 3106 δοξαζομένῳ,
729 3037 804 3100 ὡς
835 3037 1090 3106 προγόνῳ
1109 3035 1200 3088 τοῦ
1229 3035 1473 3108 Χριστοῦ
1501 3053 1514 3066 ·
1556 3036 1588 3107 ἢ
1625 3038 1718 3090 καὶ
1755 3039 1813 3089 ὲν
1840 3040 1907 3111 τῇ

1996 548 2214 612 quidem
2245 546 2343 599 luit
2371 547 2648 610 Davidico,
2682 556 2905 616 propter
2931 558 3182 615 matrem,
3207 567 3326 620 qua:
3353 566 3381 604 a
3411 553 3570 608 beato

1997 638 2164 693 David
2198 656 2368 706 genus
2417 638 2671 694 ducebat.
2735 637 2869 692 Fuit
2917 640 3082 694 etiam
3137 658 3261 696 Vere
3322 660 3451 706 rex.
3507 663 3572 698 eo

1996 729 2141 794 quod
2189 728 2430 783 subditis
2487 730 2603 782 suis
2657 728 2906 784 ﬁdelibus
2955 730 3122 799 legem
3182 735 3472 804 imposuit,
3521 748 3572 788 ct

2000 835 2265 872 summam
2301 834 2489 873 eorum
2530 833 2719 872 curam
2753 821 2982 886 habens,
3022 824 3132 876 veri
3181 827 3323 893 regis
3355 836 3407 879 et
3431 827 3575 881 dire-

1998 911 2167 964 ctoris
2206 925 2446 964 amorem
2494 919 2659 978 atque
2690 909 2923 964 ol'licium
2955 911 3162 977 docuit,
3195 931 3316 968 cum
3356 931 3454 985 pro
3494 920 3572 971 cis

2002 1015 2252 1056 mortuus
2295 1002 2410 1057 sit:
2453 1018 2573 1072 qua:
2617 1004 2800 1056 omnia
2847 1005 2957 1056 veri
3006 1005 3146 1072 regis
3196 1007 3569 1061 characterem

2001 1107 2061 1146 ac
2093 1092 2320 1162 figuram
2351 1093 2704 1162 exprimunt:
2742 1091 2800 1146 Si
2829 1096 3194 1162 custodieriut,
3222 1099 3436 1166 inquit,
3467 1102 3570 1168 filii

1999 1187 2112 1255 ejus
2146 1195 2512 1240 testamentum
2560 1204 2766 1254 meum,
2818 1189 3206 1257 Evangelicum
3261 1195 3570 1248 nimirum:

2000 1287 2048 1330 et
2075 1278 2378 1330 testimonia
2406 1292 2541 1340 mea,
2567 1283 2701 1343 lia-c,
2747 1294 2863 1347 qua:
2902 1280 3096 1333 docebo
3120 1296 3234 1344 eos;
3281 1292 3333 1336 te
3364 1286 3576 1339 scilich

2004 1368 2357 1439 praedicante.
2403 1369 2499 1422 Est
2529 1371 2730 1424 etenim
2770 1371 2858 1425 hic
2895 1386 3077 1425 sermo
3108 1387 3172 1426 ex
3206 1389 3440 1445 persona
3471 1375 3572 1430 ΡΑ-

2006 1462 2104 1516 tris
2137 1463 2202 1513 ad
2237 1459 2516 1517 Christum
2553 1471 2740 1515 natum
2775 1478 2836 1517 ex
2872 1464 3081 1518 semine
3115 1463 3283 1520 David
3333 1468 3578 1537 unigeni-

2006 1563 2117 1606 tum
2149 1551 2378 1618 Filiutn;
2413 1569 2615 1618 sermo,
2661 1554 2905 1622 inquam,
2940 1555 3007 1608 de
3036 1559 3298 1626 apostolis
3328 1567 3381 1612 et
3405 1561 3576 1614 disci-

2004 1646 2169 1716 pulis,
2199 1663 2335 1716 quos
2365 1646 2418 1699 in
2451 1646 2747 1716 Evangelio
2772 1649 2934 1700 etiam
2963 1648 3223 1705 Christus
3259 1651 3400 1706 lilios
3443 1668 3574 1708 suos

2007 1742 2323 1810 appellavit,
2374 1752 2634 1810 tanquam
2675 1755 2769 1810 per
2805 1741 3113 1797 doctrinam
3153 1753 3209 1798 et
3259 1745 3418 1800 ﬁdem
3466 1749 3571 1801 sibi

2007 1834 2315 1903 ad0ptatos.
2351 1832 2410 1887 Si
2453 1834 2624 1904 igitur
2653 1833 2707 1886 bi
2739 1833 2831 1886 lilii
2873 1835 2952 1888 tui
2997 1833 3112 1891 time
3158 1835 3407 1903 fecerint,
3458 1855 3579 1910 qua:

2005 1923 2154 1991 dico,
2192 1942 2298 1979 non
2333 1926 2436 1997 ipsi
2473 1935 2707 1991 tantum,
2750 1928 2846 1981 sed
2889 1942 3079 1980 eorum
3126 1930 3289 1982 ctiam
3325 1931 3578 2002 discipuli

2006 2016 2273 2072 sedebunt
2299 2033 2462 2087 super
2490 2019 2751 2072 thronum
2783 2027 2964 2081 tuum,
3006 2032 3174 2088 super
3209 2020 3468 2077 thronum
3498 2024 3583 2075 in-

2007 2127 2168 2179 quam
2219 2113 2453 2179 pastoris
2499 2123 2552 2165 et
2599 2112 2842 2166 doctoris
2875 2127 2890 2163 :
2921 2111 3223 2167 Constitues
3277 2116 3422 2168 enim
3467 2131 3580 2180 eos,

2007 2203 2206 2270 inquit,
2233 2203 2493 2271 principes
2519 2219 2671 2270 super
2694 2217 2900 2258 omnem
2933 2212 3129 2257 terram
3153 2204 3218 2258 ⁸⁹.
3248 2203 3342 2260 Vel
3367 2209 3421 2259 in
3447 2207 3580 2261 frui-

2008 2294 2158 2350 tione
2197 2303 2252 2349 et
2285 2295 2474 2364 requie
2507 2296 2695 2350 aeterni
2744 2297 2922 2366 regni.
2957 2295 3092 2363 Quae
3121 2299 3416 2366 promissio
3447 2316 3582 2356 sane

2010 2397 2141 2441 tunc
2174 2387 2394 2441 demum
2433 2387 2849 2456 adimplebitur,
2882 2387 2927 2443 si
2964 2389 3336 2444 custodierint
3371 2393 3543 2460 legem
3566 2433 3584 2456 .

2013 2487 2068 2532 ut
2097 2479 2300 2534 dictum
2331 2490 2435 2535 est.
2462 2483 2592 2535 (Iret:
2620 2480 2821 2550 requies
2849 2495 2964 2534 mea
2996 2480 3052 2531 in
3075 2479 3324 2534 oraculum
3357 2483 3538 2535 smculi
3565 2500 3582 2536 :

2009 2582 2208 2628 aeterna
2242 2572 2336 2629 Dei
2389 2577 2610 2645 requies
2661 2575 2908 2632 Ecclesia
2958 2586 3042 2630 est
3085 2574 3355 2639 liii-lium.
3392 2577 3584 2648 inqua

2011 2666 2157 2722 Deus
2205 2667 2471 2735 quiescit;
2523 2665 2705 2722 Portw
2755 2668 2926 2730 enim,
2981 2669 3175 2736 inquit,
3222 2670 3417 2740 inferni
3480 2689 3586 2726 non

2009 2759 2360 2827 prwvalebunt
2393 2761 2670 2814 adversum
2694 2775 2809 2812 eam
2836 2760 2900 2812 °°.
2927 2758 3028 2814 Per
3050 2765 3374 2816 cenationem
3402 2773 3583 2819 autem

2011 2853 2151 2918 ejus,
2173 2860 2292 2922 (seu
2322 2861 2378 2904 ut
2403 2849 2589 2905 Grmca
2608 2852 2776 2907 dictio
2798 2851 2965 2922 θήρα,
2994 2851 3152 2907 aliter
3175 2855 3468 2922 signiﬁcat,
3489 2872 3588 2924 per

2012 2945 2340 3012 capturum.)
2381 2944 2789 3014 praedicationis
2831 2959 3094 3013 sagenam
3129 2961 3191 2998 ac
3228 2956 3344 3001 rete
3386 2949 3588 3002 intelli-

2011 3050 2127 3105 ges.
2164 3051 2258 3105 per
2289 3051 2450 3106 quam
2497 3037 2748 3090 Christus
2777 3045 3012 3090 venatur
3053 3044 3109 3090 et
3152 3039 3302 3106 capit
3348 3053 3446 3094 eos
3493 3040 3588 3107 qui

333 3129 472 3182 Σιὼν
501 3129 806 3193 ὲξανέτειλε
846 3129 1016 3200 κέρας
1053 3130 1334 3201 βασιλείας
1378 3129 1455 3200 τῷ
1483 3130 1669 3194 Δαϐὶδ,
1702 3131 1903 3203 ὑψηλόν

2013 3127 2064 3180 in
2100 3127 2202 3181 hac
2228 3137 2435 3192 natant,
2469 3130 2540 3181 ita
2568 3137 2626 3180 ut
2659 3127 2862 3191 dicam,
2904 3128 3111 3182 erroris
3139 3129 3433 3201 salsugine.
3472 3130 3592 3190 Vel.

331 3239 393 3274 τε
440 3224 532 3275 καὶ
589 3222 832 3293 ἰσχυρὸν,
888 3222 1176 3293 κερατίζον
1208 3223 1300 3274 καὶ
1332 3222 1670 3275 καταῦάλλον
1701 3223 1906 3286 πάντας

331 3315 459 3376 τοὺς
494 3314 920 3381 ἀνθισταμένους
953 3315 1123 3384 αὐτῷ,
1155 3315 1182 3367 ὃ
1215 3316 1368 3366 ἐστιν
1409 3313 1442 3384 ἡ
1496 3314 1745 3382 βασιλεία
1772 3315 1908 3385 Χρι-

337 3405 486 3460 στοῦ.
517 3407 728 3476 Λύχνος
779 3406 836 3458 δὲ
875 3405 1226 3474 ἐτοιμασθεὶς
1274 3404 1354 3474 τῷ
1399 3406 1620 3475 Χριστῷ
1664 3408 1697 3474 ἡ
1739 3423 1903 3459 κατα-

336 3497 704 3550 σκευασθεῖσα
758 3497 910 3564 αὐτῷ
966 3497 1208 3564 παναγία
1244 3495 1403 3566 σὰρξ,
1446 3498 1478 3566 ὴ
1534 3496 1774 3566 φωτεινὴ
1819 3498 1908 3550 διὰ

333 3589 430 3658 τὴν
489 3589 851 3657 λαμπρότητα
892 3589 991 3655 τῆς
1037 3590 1454 3658 ἀναμαρτησίας
1480 3603 1491 3616 ⁸
1535 3589 1567 3658 ἢ
1634 3589 1692 3640 τὸ
1726 3589 1908 3658 Εὐαγ-

333 3683 512 3748 γέλιον
541 3680 776 3749 φωτίζον
801 3681 929 3741 τοὺς
963 3682 1020 3731 ὲν
1053 3681 1234 3731 σκότει
1265 3680 1500 3748 πλάνης,
1561 3681 1656 3734 καὶ
1675 3681 1907 3752 ὀδηγοῦν

334 3773 411 3830 είς
441 3771 663 3839 ἀρετήν·
701 3770 945 3837 Λύχνος
965 3769 1096 3838 γὰρ,
1132 3771 1317 3838 φησὶν,
1368 3769 1495 3836 τοῖς
1525 3772 1674 3824 ποσί
1699 3790 1818 3840 μου
1876 3775 1908 3825 ὀ

334 3863 515 3926 νόμος
539 3876 677 3926 σου,
718 3863 750 3929 ἢ
797 3864 824 3913 ὁ
863 3861 1176 3930 Πρόδρομος
1202 3876 1216 3890 ο
1266 3861 1530 3928 Ἐκεῖνος
1565 3865 1692 3931 γὰρ,
1719 3865 1906 3934 φησὶν,

332 3948 410 4020 ἦν
434 3956 465 4004 ό
497 3955 727 4020 λύχνος
754 3956 784 4005 ό
819 3953 1172 4019 καιόμενος·
1205 3953 1390 4021 ἐχθροὶ
1415 3953 1470 4004 δὲ
1507 3954 1673 4006 αὑτοῦ
1712 3957 1760 4007 οί
1792 3954 1909 4006 δαί-

338 4059 522 4112 μονες,
551 4045 643 4094 καὶ
679 4044 878 4103 πάντες
909 4042 958 4094 oi
980 4042 1167 4111 ἐχθροὶ
1184 4043 1280 4110 τῆς
1342 4042 1617 4112 ἀληθείας,
1678 4045 1726 4095 οἳ
1773 4045 1911 4114 σύμ-

337 4150 539 4194 παντες
613 4134 1098 4204 αξσχυνθήσονται,
1158 4136 1253 4188 καὶ
1328 4137 1563 4203 μάλιστα
1616 4137 1754 4190 κατὰ
1810 4139 1908 4206 τὴν

337 4227 686 4294 παγκόσμιον
770 4229 1069 4280 ἀνάστασιν
1134 4242 1148 4255 ·
1224 4230 1304 4289 είς
1375 4228 1540 4280 αὐτὸν
1611 4230 1666 4280 δὲ
1757 4229 1910 4293 ἐξαν-

336 4319 491 4387 θὴσει
522 4323 555 4388 ἡ
589 4320 719 4387 ἁγία
775 4321 1090 4389 Ἐκκλησία,
1133 4323 1166 4390 ἡ
1216 4320 1520 4389 ἁγιάζουσα
1546 4324 1672 4384 τοὺς
1732 4323 1908 4390 ὀρθῶς

335 4413 860 4482 προσερχομένους·
916 4414 1080 4466 αὐτὸν
1162 4414 1274 4476 ἕξει
1331 4413 1492 4475 ἄνθος
1554 4414 1647 4465 καὶ
1712 4413 1910 4484 εὑπρέ⁴

334 4519 514 4558 πειαν.

2010 3221 2357 3274 venationem
2395 3231 2447 3274 et
2481 3231 2768 3289 capturam
2805 3221 2973 3284 illam,
3007 3221 3160 3288 juxta
3197 3238 3358 3290 quam
3407 3223 3587 3289 pisca-

2013 3321 2162 3388 tores
2200 3312 2455 3379 apostoli,
2489 3328 2596 3365 non
2627 3312 2868 3380 amplius
2907 3314 3061 3365 vivos
3089 3313 3270 3381 pisces
3302 3314 3592 3381 capiebant

2013 3412 2068 3454 ut
2099 3403 2439 3467 Occiderent,
2473 3405 2566 3457 sed
2594 3412 2841 3457 mortuos
2885 3407 3122 3472 peccatis
3157 3406 3406 3461 homines
3453 3409 3592 3461 irreo

2010 3497 2214 3549 tiebant
2235 3505 2292 3548 ut
2316 3495 2674 3550 viviﬁcarcnt.
2700 3495 2801 3550 Per
2825 3513 3092 3565 pauperes
3122 3500 3287 3550 etiam
3313 3501 3434 3568 ejus
3459 3515 3594 3566 pau~

2009 3600 2166 3654 pcres
2199 3587 2393 3655 spiritu
2425 3588 2685 3656 intellige,
2733 3603 2869 3655 quos
2922 3587 3046 3640 coeli
3104 3603 3262 3656 pauc,
3315 3591 3418 3641 hoc.
3468 3603 3589 3644 cst:

2010 3676 2218 3729 caelesti
2253 3692 2454 3746 regno,
2489 3676 2740 3730 Christus
2776 3685 2892 3729 erat
2922 3687 3292 3730 saturaturus.
3323 3679 3591 3732 Sacerdo-

2013 3779 2091 3821 tes
2133 3776 2312 3823 autem
2345 3769 2486 3836 ejus,
2518 3779 2719 3822 interna
2757 3769 3008 3823 Christus
3055 3778 3189 3822 tunc
3226 3771 3444 3825 demum
3502 3774 3589 3825 in-

2011 3857 2142 3913 duet
2181 3859 2382 3924 salute,
2422 3860 2467 3912 si
2517 3873 2675 3912 autca
2721 3861 2933 3928 justitia
3014 3861 3188 3914 induti
3243 3861 3468 3924 fuerint,
3536 3876 3589 3914 ut

2013 3953 2330 4021 praedictum
2365 3964 2466 4005 est.
2503 3951 2631 4021 Ejus
2655 3954 2816 4006 etiam
2844 3953 3012 4004 sancti
3039 3954 3394 4006 exsultatione
3418 3956 3592 4007 exsul-

2012 4045 2222 4107 tabunl,
2257 4053 2379 4111 post
2408 4045 2707 4097 discessum
2742 4045 2956 4097 scilicet
3006 4059 3072 4098 e\'
3111 4045 3212 4098 hac
3258 4045 3409 4099 vita:
3464 4055 3592 4096 tunc

2011 4137 2212 4190 ctenim
2251 4145 2305 4190 et
2341 4136 2661 4191 sacerdotes
2699 4137 2769 4189 ita
2806 4137 2978 4188 induti
3007 4145 3206 4198 erunt,
3241 4146 3297 4189 ut
3331 4137 3591 4197 diximus,

2011 4239 2064 4284 ct
2096 4230 2270 4284 sancti
2300 4228 2678 4283 exsultabant.
2729 4227 2784 4280 In
2820 4228 3066 4281 Ecclesia
3107 4230 3270 4280 etiam
3302 4229 3433 4280 oriri
3469 4228 3594 4296 fecit

2011 4338 2178 4376 cornu
2202 4321 2300 4389 ipsi
2341 4320 2529 4382 David,
2563 4320 2664 4372 hoc
2696 4329 2799 4382 est,
2835 4320 3086 4387 gloriam.
3119 4328 3287 4387 atque
3321 4321 3590 4372 honorem

2016 4411 2260 4466 Davidici
2323 4411 2562 4465 nominis
2619 4410 2907 4474 celebrari,
2956 4419 3119 4478 atque
3163 4409 3426 4473 exaltari,
3465 4407 3590 4460 dun:

1943 4486 1988 4539 ἶ)
2024 4505 2278 4558 laudatur
2313 4503 2527 4558 scilicet
2555 4512 2608 4556 et
2647 4503 2983 4572 gloriﬁcatur
3032 4504 3101 4555 ab
3148 4502 3436 4564 omnibus,
3474 4511 3590 4556 tau.

335 4613 496 4669 quam
527 4599 843 4668 progenitor
887 4599 1118 4655 Christi.
1150 4599 1244 4655 Vel
1285 4599 1414 4656 oriri
1455 4599 1603 4665 fecit,
1659 4598 1902 4652 validum
1943 4608 1999 4652 et
2036 4600 2268 4653 sublime
2300 4613 2472 4652 cornu
2502 4599 2651 4666 regni
2686 4596 2789 4666 ipsi
2829 4597 3020 4660 David,
3056 4596 3108 4648 in
3149 4596 3322 4657 Sion,
3390 4593 3592 4647 feriens

337 4693 570 4759 scilicet,
610 4702 777 4761 atque
807 4692 1071 4761 dejiciens
1088 4707 1450 4762 quoscunque
1480 4691 1583 4746 sibi
1617 4692 1998 4745 adversantes.
2031 4691 2143 4745 lloc
2171 4700 2351 4745 autem
2387 4700 2470 4745 est
2542 4705 2771 4759 regnum
2840 4689 3068 4743 Christi.
3116 4687 3366 4742 Lucerna
3433 4701 3586 4748 vero,

337 4800 460 4856 quae
481 4787 702 4840 Christo
740 4787 842 4842 fuit
873 4796 1081 4856 parata,
1119 4802 1246 4845 caro
1276 4788 1368 4840 illa
1399 4787 1751 4842 sanctissima
1791 4797 1874 4841 est
1900 4830 1913 4854 ,
1958 4803 2078 4857 qua:
2110 4805 2136 4840 ti
2168 4790 2277 4844 Deo
2309 4789 2599 4854 fabricata,
2663 4799 2717 4843 et
2767 4791 3048 4844 divinitati
3095 4788 3198 4843 fuit
3241 4790 3537 4858 conjuncta
3570 4803 3585 4841 :

337 4894 461 4946 qua:
499 4878 880 4933 luccntissima
932 4891 1086 4944 crat,
1141 4890 1364 4949 propter
1411 4881 1536 4932 vita:
1587 4880 1934 4948 splendorem
1977 4879 2324 4950 (luitetenini
2359 4883 2478 4936 sine
2513 4885 2782 4949 peccato),
2816 4891 2870 4936 et
2900 4885 3026 4952 quia
3057 4887 3110 4936 in
3155 4899 3218 4935 ca
3280 4881 3583 4950 requievit,

339 4972 710 5041 septemplicis
765 4974 912 5027 illius
960 4973 1375 5042 fulgentissima:
1427 4974 1665 5028 lucerna
1713 4975 1910 5036 instar,
1954 4974 2331 5028 lucentissima
2357 4977 2728 5042 septemplicis
2760 4979 2985 5045 spiritus
3018 4979 3284 5045 potentia.
3338 4979 3429 5034 Vel
3497 4995 3590 5047 per

339 5066 643 5127 lucernam,
683 5066 1034 5135 Evangelium
1073 5068 1334 5137 intelligo,
1365 5083 1459 5136 per
1510 5067 1657 5135 quod
1707 5081 1900 5122 omnes
1941 5068 2035 5136 qui
2063 5069 2347 5122 constituti
2383 5077 2540 5121 erant
2576 5069 2628 5120 in
2661 5070 2921 5132 tenebris,
2962 5070 3255 5124 illuminati
3331 5080 3484 5132 sunt.
3526 5084 3581 5124 et

339 5160 406 5212 ad
440 5159 800 5212 clarissimam
856 5157 1074 5211 deducti
1121 5160 1399 5212 virtutem.
1448 5157 1692 5212 Lucerna
1715 5160 1859 5212 enim
1889 5201 1904 5222 ,
1988 5161 2196 5227 inquit,
2281 5159 2498 5226 pedibus
2539 5161 2666 5213 meis
2702 5160 2913 5212 verbum
2969 5173 3116 5213 luunt
3163 5161 3229 5215 σί.
3263 5161 3358 5216 Vel
3409 5165 3585 5231 ipsum

338 5255 500 5308 etiam
535 5251 746 5306 Domini
783 5250 1218 5312 Prmcursoreui,
1254 5249 1320 5302 de
1353 5264 1460 5316 quo
1495 5252 1756 5318 scriptum
1794 5259 1878 5304 est
1908 5267 1920 5303 :
1949 5251 2045 5304 Ille
2085 5260 2196 5304 erat
2231 5253 2445 5304 lucerna
2489 5252 2682 5304 ardens
2730 5251 2796 5301 θ’.
2836 5251 3044 5306 Inimici
3117 5269 3245 5307 vero
3317 5254 3591 5310 dmtnones

339 5356 492 5407 sunt,
526 5353 579 5398 et
607 5343 799 5412 reliqui
833 5355 1021 5395 omnes
1049 5341 1298 5395 veritatis
1321 5342 1528 5394 inimici
1567 5343 1705 5409 :qui
1728 5343 1895 5395 etiam
1939 5356 2131 5394 omnes
2169 5343 2373 5410 pariter
2409 5343 2844 5402 confundentnr.
2910 5343 3007 5396 sed
3053 5345 3322 5413 praicipue
3375 5344 3428 5399 in
3500 5345 3588 5399 die

341 5437 764 5492 resurrectionis
815 5433 1081 5487 universa:
1129 5434 1357 5486 carnis:
1398 5443 1451 5485 et
1507 5449 1672 5502 super
1724 5435 1902 5502 ipsum
1943 5433 2179 5502 denique
2206 5433 2468 5488 elllorchit
2507 5435 2656 5489 illius
2726 5435 3110 5498 sanctificatio,
3154 5445 3344 5490 sancta
3423 5439 3589 5490 nimi-

344 5547 463 5585 rum
494 5531 758 5592 Ecclesia,
786 5543 906 5597 qu:e
936 5543 1128 5582 omnes
1157 5529 1222 5580 ad
1264 5544 1322 5580 se
1351 5529 1673 5582 accedentes
1711 5529 2045 5589 sanctiﬁcat.
2093 5545 2325 5598 qua-que
2398 5530 2575 5597 ipsum
2643 5529 2919 5583 Christum
2982 5541 3239 5600 tauquam
3295 5530 3577 5586 ﬂorentis-

341 5623 537 5679 simam
561 5633 822 5675 coronam
856 5619 913 5672 in
944 5617 1222 5684 decorem,
1251 5629 1410 5689 atque
1439 5622 1492 5672 in
1524 5631 1908 5677 ornamentum
1956 5632 2070 5677 erat
2115 5624 2386 5676 habitura.

412 5803 456 5834 ”
488 5799 633 5857 Psai.
668 5814 817 5865 xciv,
861 5798 946 5853 t7.
1026 5799 1070 5830 "
1102 5799 1290 5854 Matth.
1329 5818 1435 5864 xvi,
1471 5803 1558 5855 18.
1636 5800 1678 5832 ⁸³
1712 5803 1852 5857 Psal.
1891 5817 1903 5856 t

2005 5820 2082 5868 iit,
2123 5804 2241 5859 l05.
2326 5806 2368 5836 ε’
2419 5805 2552 5861 Joan
2703 5811 2789 5864 55.

580 5894 859 5955 Panos.
906 5892 1023 5953 Gn.
1067 5894 1166 5952 ex
1185 5894 1407 5956 XVlll.

3072 5897 3147 5961 39
