4134 6288
511 195 648 261 1231

1752 201 2136 261 EUTHYMH
2169 201 2531 263 ZiGAllENl

3632 197 3779 263 1232

579 306 743 361 Vens.
789 307 840 359 l.
884 306 1127 361 Laudat:
1147 321 1333 361 nomen
1358 304 1594 369 Domini,
1642 308 1882 372 laudate,
1924 308 2075 365 servi.

2258 311 2488 364 Αίνεῖτε
2516 316 2579 363 to
2609 310 2796 380 ὄνομα
2839 310 3079 378 Κιψίου,
3119 309 3359 372 αίνεῖτε,
3386 310 3619 375 δοῦλοι,
3662 316 3790 367 Κύο

505 400 810 455 Dominum.
838 400 913 454 De
944 400 1030 455 his
1062 400 1243 461 verbis
1268 400 1510 453 diximus
1544 400 1599 452 in
1635 400 1844 467 psalmo
1875 414 1972 453 cu.

578 496 745 547 Vsus.
786 492 843 546 2.
886 490 988 558 Qui
1016 492 1172 546 statis
1206 494 1260 544 in
1284 490 1441 545 domo
1474 490 1707 554 Domini,
1738 493 1790 544 in
1822 492 1964 545 aulis
1990 493 2058 545 do

503 600 619 639 νινε
658 585 752 638 Dei
786 585 977 639 nostri.
1031 582 1155 639 Haec
1206 583 1370 639 verba
1411 583 1479 638 ad
1523 597 1759 653 unguem
1811 583 2087 639 habentur

506 680 560 731 in
600 679 845 747 proxime
871 675 1198 746 praecedenti
1216 675 1447 745 psalmo,
1473 675 1562 727 ubi
1592 690 1655 728 ea
1683 676 2084 745 exposuimus:

504 786 695 825 verum
753 770 843 823 hic
896 784 1006 821 non
1064 770 1388 821 universum
1446 767 1711 837 populum
1782 768 2088 838 alloquitur

505 862 802 931 I’r0plieia,
857 862 950 915 sed
1000 876 1097 914 eos
1148 862 1241 928 qui
1306 862 1361 913 in
1413 859 1677 929 templum
1739 856 2089 929 frequentius

505 954 860 1009 accedebant.
902 952 1030 1018 Vos,
1067 952 1264 1021 inquit,
1300 952 1395 1021 qui
1426 956 1585 1008 statis
1620 953 1675 1006 in
1720 954 1945 1021 templo,
1972 953 2091 1007 lau-

504 1050 631 1101 date
671 1048 863 1101 Deum.
916 1044 986 1101 lis
1017 1047 1246 1107 etenim,
1280 1045 1375 1114 qui
1412 1046 1465 1098 in
1509 1046 1714 1115 templo
1746 1059 1854 1098 non
1894 1060 2086 1098 mane-

504 1142 658 1205 bant,
694 1157 801 1194 non
834 1140 1031 1193 licebat
1062 1138 1230 1192 Deum
1263 1139 1512 1200 laudare,
1542 1149 1724 1204 neque
1750 1136 1859 1191 alio
1888 1138 1941 1189 in
1966 1137 2089 1190 loco

2181 418 2336 471 ριον.
2377 403 2605 471 Εἴρηται
2638 406 2765 471 περὶ
2798 403 2988 456 τούτου
3042 405 3100 455 ὲν
3124 402 3201 473 τῷ
3232 402 3314 472 ρξε’
3344 403 3564 473 ψαλμῷ.

2256 495 2322 547 Ol
2362 491 2621 559 ἑστῶτες
2666 494 2736 546 ἐν
2768 492 2914 561 οἴκῳ
2957 494 3201 561 Kvpfov,
3243 496 3312 545 ἐν
3353 496 3571 559 αὐλαῖς
3606 498 3790 551 οἷκον

2191 583 2341 639 Θεοῦ
2391 583 2579 653 ἡμῶν.
2642 586 2871 654 Εἴρηται
2925 587 2985 639 ἐν
3036 584 3115 654 τῷ
3154 586 3483 654 «pansam
3529 588 3783 658 ψαλμῷο

2189 676 2331 730 ἀλλὰ
2363 677 2456 729 καὶ
2484 677 2580 729 νῦν
2610 678 2875 747 περὶτῶν
2911 676 3172 730 ἑκάστοτε
3208 678 3519 746 φοιτώντων
3566 683 3645 743 είς
3691 681 3788 731 τὸν

2192 767 2320 818 ναὸν
2375 766 2756 835 διαλαμϐάνει.
2782 767 3015 830 Αἰνεῖτε,
3050 766 3236 836 φησὶν,
3259 767 3309 819 οἱ
3338 768 3574 831 ἑστῶτες
3614 770 3675 820 ὲν
3703 770 3787 840 τῷ

2191 856 2303 927 ναῷ
2334 874 2346 887 ·
2378 862 2493 921 τοῖς
2521 861 2631 930 γὰρ
2661 860 2733 928 μὴ
2768 858 2997 912 ἑστῶσιν
3025 859 3082 911 ὲν
3118 858 3295 929 τούτῳ
3325 860 3424 913 οὐκ
3455 859 3582 929 ἐξῆν
3612 862 3790 931 ὑμνο-

2192 950 2372 1021 λογεῖν
2423 952 2608 1017 αὐτὸν,
2663 952 2786 1005 οὐδὲ
2818 952 2992 1020 ἑτέρῳ
3027 951 3180 1021 τόπῳ
3229 952 3649 1022 προσεύχεσθαι,
3696 954 3789 1005 ἵνα

2190 1046 2283 1098 τὸν
2317 1045 2447 1098 ναὸν
2498 1049 2593 1099 καὶ
2611 1048 2678 1099 τὰ
2708 1050 2764 1099 ἐν
2788 1049 2938 1117 αὐτῷ
2961 1046 3272 1117 βλέποντες,
3312 1048 3386 1117 μὴ
3413 1046 3787 1101 ἐπιλάθωνται

2193 1151 2327 1188 ποτε
2356 1136 2453 1189 τοῦ
2485 1137 2650 1191 θεοῦ.

505 1237 571 1290 ad
605 1237 771 1289 Deum
807 1248 1010 1288 orare:
1052 1247 1118 1287 ea
1168 1232 1427 1286 nimirum
1466 1231 1681 1285 ratione
1724 1237 1784 1283 ut
1819 1228 2085 1297 templum
2110 1239 2425 1293 cernentes,
2474 1238 2643 1299 atque
2685 1245 2747 1286 ea
2809 1248 2932 1303 qua:
2982 1242 3141 1289 erant
3187 1234 3241 1287 in
3307 1235 3531 1303 templo,
3580 1233 3787 1286 divina:

504 1331 814 1401 majestatis
841 1344 1121 1398 nunquam
1156 1328 1647 1381 obliviscerentur.

576 1426 741 1479 Vsus.
780 1422 837 1477 3.
878 1419 1122 1473 Laudato
1152 1418 1459 1483 Dominum,
1494 1418 1750 1488 quoniam
1795 1417 1961 1469 bonus
2007 1425 2085 1468 est

2256 1410 2491 1467 Λινεῖτε
2524 1413 2634 1465 τὸν
2682 1411 2923 1480 Κύριον.
2984 1410 3074 1466 ὅτι
3105 1412 3327 1481 ἀγαθὸς
3370 1413 3601 1479 Κύριος.
3654 1413 3783 1467 Ὅτι

514 1517 788 1574 Dominus.
834 1513 1105 1579 Quoniam
1141 1511 1487 1577 misericors,
1532 1525 1596 1563 ae
1642 1506 2075 1565 beneﬁcentissi-

2188 1505 2597 1575 φιλάνθρωπος,
2628 1505 2708 1558 ὅτι
2728 1504 3249 1577 εὐεργετικώτατος,
3278 1507 3375 1559 καὶ
3404 1505 3641 1576 μάλιστα
3662 1507 3783 1568 τοίς

505 1628 627 1665 inus
651 1619 739 1662 est
770 1607 824 1660 in
859 1618 1090 1659 omnes:
1129 1602 1228 1657 scd
1260 1602 1314 1656 in
1351 1600 1478 1656 illos
1502 1601 1805 1671 praesertim
1835 1599 1929 1668 qui
1952 1612 2075 1654 eum

2188 1614 2223 1650 α
2234 1596 2453 1652 ίνοῦσινν
2467 1598 2655 1652 αὐτόν.

674 1718 685 1750 Ι
738 1738 751 1750 .

504 1702 803 1846 halitu.
829 1785 1031 1842 nomini
1067 1784 1203 1854 ejus,
1228 1783 1479 1854 quoniam
1509 1781 1790 1851 pulchrum
1815 1789 1916 1836 est.
1949 1779 2070 1836 Pul-

2263 1781 2503 1836 Ψὰλατε
2527 1781 2608 1848 τῷ
2633 1782 2881 1852 ὀνόματι
2903 1782 3114 1849 αὐτοῦ,
3148 1783 3241 1838 ὅτι
3274 1783 3485 1838 καλόν.
3521 1784 3644 1837 Ὀτι
3673 1802 3783 1837 ια·

501 1884 698 1938 cbrum
740 1891 827 1935 est
858 1878 907 1933 ei
955 1878 1217 1948 psallere.
1250 1874 1326 1929 Es
1362 1875 1590 1946 psalmis
1618 1873 1822 1928 etenim
1854 1881 1910 1928 et
1949 1886 2075 1927 can-

2188 1871 2279 1927 λδν
2311 1873 2372 1927 τὸ
2401 1873 2629 1943 ψάλλειν
2653 1874 2803 1947 αὐτῷ
2824 1890 2839 1906 ·
2888 1874 3211 1929 παιδεύουσι
3251 1876 3360 1946 γὰρ
3388 1876 3446 1930 al
3483 1874 3623 1945 ᾠδαὶ
3650 1876 3783 1945 δογ-

501 1975 649 2038 tieis,
688 1971 1002 2025 divinorum
1048 1970 1363 2037 dogmatum
1407 1965 1788 2020 excellentiam
1842 1960 2075 2018 addisci-

2186 1967 2376 2032 μάτων
2402 1967 2716 2043 ἀκρίϐειαν,
2752 1966 2845 2022 καὶ
2870 1968 3113 2023 τείνουσι
3138 1970 3233 2023 τὸν
3259 1969 3384 2024 νοῦν
3418 1969 3515 2023 τοῦ
3540 1970 3781 2040 ψάλλον-

501 2079 645 2121 mus.
692 2062 894 2118 Psalmi
928 2061 1094 2115 etiam
1124 2068 1180 2115 et
1224 2059 1439 2114 cantica
1475 2058 1837 2129 psallentium
1868 2063 2075 2110 mentes

2184 2075 2273 2122 τος
2315 2057 2453 2128 πρὸς
2488 2059 2584 2113 τὸν
2615 2059 2772 2125 Θεὸν,
2831 2060 2928 2114 καὶ
2975 2059 3291 2132 κοιμίζουσι
3343 2068 3411 2117 τὰ
3466 2063 3642 2135 πάθη,
3676 2064 3780 2116 καὶ

502 2155 835 2229 protendunt
866 2155 933 2208 ad
991 2153 1188 2219 Deum,
1248 2151 1525 2205 humanos
1577 2146 1812 2203 aﬂectus
1857 2146 2075 2210 sedant,

2182 2150 2438 2222 ἡδύνουσι
2494 2151 2598 2221 τὴν
2626 2150 2807 2224 ψυχὴν
2834 2151 2915 2224 τῷ
2963 2152 3145 2222 μέλει,
3182 2154 3276 2207 καὶ
3307 2155 3447 2225 μετὰ
3474 2155 3573 2224 τῆς
3626 2154 3781 2223 ὠφε-

499 2252 741 2305 auiulam
779 2258 945 2302 cantu
975 2247 1272 2307 delectant,
1302 2251 1358 2297 et
1390 2257 1515 2296 cum
1546 2240 1917 2296 delectatione
1943 2252 2078 2294 con-

494 2345 741 2415 junctam
771 2354 993 2410 quoque
1022 2337 1310 2391 utilitatem
1343 2332 1601 2390 aderunt.
1620 2332 1757 2389 Vide
1777 2349 1899 2404 qua
1929 2333 2076 2388 dicta

497 2436 609 2489 sint
634 2434 686 2486 iu
721 2431 930 2500 psalmo
954 2444 1009 2483 Ix
1040 2430 1095 2481 iu
1130 2441 1197 2482 eo
1229 2428 1539 2482 versiculo:
1586 2425 1831 2480 Psallam
1875 2424 2077 2479 nomini

497 2540 608 2588 tuo,
641 2522 944 2579 Altissime.

568 2637 730 2693 Vatis.
772 2636 827 2689 ε.
884 2632 1146 2699 Quoniam
1198 2630 1366 2686 θαι-οὺ
1415 2630 1575 2703 elegit
1627 2631 1731 2685 sibi
1784 2628 2074 2684 Dominus.

496 2732 763 2797 Quoniam
799 2728 1064 2782 Dominus
1094 2741 1161 2781 ex
1187 2724 1447 2780 omnibus
1506 2721 1827 2779 nationibus
1856 2720 2077 2777 Israeli-

494 2829 664 2879 ticum
699 2821 801 2877 sibi
835 2820 1101 2891 populum
1133 2819 1319 2889 elegit,
1370 2832 1433 2872 ac
1462 2816 1566 2872 sibi
1598 2817 1869 2887 reposuit,
1902 2813 2076 2870 veluti

493 2913 617 2972 eum
647 2913 902 2985 papulum
936 2928 965 2966 a
995 2926 1106 2983 quo
1135 2911 1258 2965 solo
1290 2910 1587 2965 coleretur.

565 3028 746 3084 Israel
790 3029 844 3081 in
876 3026 1141 3097 peculium
1172 3024 1298 3078 sibi.
1334 3022 1604 3091 Populum
1633 3019 1951 3078 Iudaeorum
1981 3023 2077 3078 de-

491 3121 849 3179 scendentem
880 3136 944 3176 es
991 3117 1186 3186 Jacob,
1240 3116 1444 3186 duplici
1495 3116 1721 3171 nomine
1757 3117 2074 3188 appellavit.

490 3212 662 3270 Jacob
676 3213 935 3269 nimirum
958 3224 1011 3266 et
1038 3210 1205 3265 lsrael
1233 3228 1247 3265 :
1278 3210 1740 3279 quemadmodum
1771 3211 1889 3278 ipse
1910 3210 2074 3265 etiam

492 3309 803 3379 patriarcha
848 3305 1016 3361 Jacob
1051 3317 1285 3373 utroque
1323 3305 1427 3359 lioc
1480 3305 1704 3358 nomine
1744 3303 1849 3359 luit
1880 3305 2071 3375 appel-

493 3405 654 3457 latus.
706 3398 994 3465 Eumdem,
1028 3396 1226 3465 inquit,
1262 3396 1523 3465 populum
1573 3396 1740 3465 elegit
1790 3397 1895 3450 sibi
1929 3397 2071 3453 Deus

491 3497 547 3549 in
581 3495 977 3556 luereditatem,
1008 3500 1175 3558 atque
1210 3489 1266 3543 in
1299 3497 1547 3552 sortem;
1578 3499 1628 3544 et
1668 3488 1792 3543 ideo
1821 3490 2064 3557 peculia-

494 3604 605 3641 rem
641 3587 900 3657 poliulum
956 3584 1106 3637 illum
1143 3596 1386 3650 persaepe
1423 3580 1739 3650 appellarit,
1790 3596 1851 3636 ea
1905 3583 2070 3635 nimi-

2178 2239 2331 2302 λιίας
2380 2240 2567 2311 ἔχουσι
2589 2244 2684 2295 καὶ
2714 2241 2778 2295 τὸ
2818 2244 3077 2313 τερπνόν.
3114 2245 3361 2315 Ζήτησον
3408 2246 3503 2299 καὶ
3533 2247 3593 2298 ἐν
3625 2245 3704 2315 τῷ
3732 2248 3779 2298 ν

2176 2329 2377 2402 ψαλμῷ
2407 2333 2503 2404 τὴν
2545 2333 2809 2404 ἐξήγησιν
2852 2333 2970 2402 τοῦ,
3005 2334 3189 2390 Ψαλῶ
3223 2335 3305 2402 τῷ
3336 2336 3584 2407 ὀνόματι
3627 2354 3774 2403 σου.

2180 2424 2203 2444 ⁹
2218 2424 2463 2494 nitate.

2257 2630 2384 2684 Ὅτι
2416 2629 2524 2685 τὸν
2578 2630 2793 2686 Ἰακὼό
2836 2631 3163 2699 ἐξελέξατο
3208 2631 3404 2697 ἑαυτῷ
3436 2635 3471 2686 δ
3516 2633 3760 2701 Κύριος.

2182 2722 2307 2776 Ὀτι
2364 2722 2460 2775 τὸν
2523 2722 2870 2794 Ἰσραηλίτην
2918 2723 3048 2777 λαὸν
3079 2725 3142 2777 ἐκ
3180 2725 3405 2778 πάντων
3434 2724 3545 2778 τῶν
3595 2726 3775 2780 ὲθνῶν

2176 2813 2487 2881 ἐξελέξατο,
2522 2816 2615 2868 καὶ
2640 2813 2913 2885 ἀνέθηκεν
2956 2814 3140 2886 ἐαυτῷ
3170 2813 3248 2879 ὡς
3288 2816 3454 2886 μόνον
3479 2816 3629 2887 αὐτῷ
3663 2818 3769 2870 λα-

2175 2924 2269 2979 τρε
2279 2923 2465 2961 υοντα.

2264 3020 2507 3092 Ἰσραὴλ
2532 3025 2622 3089 εις
2653 3022 3135 3092 περιουσιασμὸν
3170 3023 3387 3090 ἐαυτῷ.
3424 3025 3529 3078 Τὸν
3554 3024 3612 3089 ἐξ
3661 3026 3776 3078 Ἰα-

2182 3116 2297 3169 κὼό
2321 3115 2450 3169 λαὸν
2485 3114 2645 3167 καλεῖ
2666 3113 2770 3166 καὶ
2817 3113 3037 3184 Ἰσραήλ
3058 3130 3071 3144 ·
3102 3114 3391 3185 ἀμφότερα
3422 3114 3533 3187 γὰρ
3571 3118 3602 3168 ὀ
3662 3116 3773 3170 Ἰαο

2184 3208 2302 3263 κὼϐ
2351 3206 2692 3275 ὠνομάζετο.
2768 3205 2871 3259 Τὸν
2913 3207 3100 3273 αὑτὸν,
3139 3207 3326 3279 φησιν,
3365 3205 3646 3273 ἐξελέξατο
3687 3211 3774 3272 είς

2183 3300 2619 3371 περιουσιασμδν
2652 3297 2855 3367 ἑαυτῷ,
2881 3300 2962 3362 είς
2988 3298 3193 3369 κλῆρον
3214 3317 3226 3329 ·
3257 3290 3339 3352 διδ
3387 3300 3482 3353 καὶ
3510 3299 3635 3353 λαὸν
3667 3316 3774 3353 πε-

2182 3392 2422 3463 ριούσιον
2442 3391 2886 3461 προσηγόρευσεν
2908 3390 3094 3454 αὑτὸν,
3121 3391 3291 3462 ἦγουν
3321 3393 3398 3455 ὡς
3422 3392 3775 3463 περιουσίαν,

2178 3485 2255 3548 ὡς
2282 3484 2513 3536 πλοῦτον
2540 3481 2916 3551 λογιζόμενον,
2950 3480 3047 3534 καὶ
3084 3483 3475 3552 στεργόμενον,
3506 3482 3597 3537 καὶ
3644 3486 3769 3537 δικι-

2184 3576 2405 3648 μελείας
2435 3573 2781 3643 ἀξιούμενον.

494 3696 611 3733 rum
643 3679 875 3741 ratione,
910 3674 1196 3744 quodnon
1246 3686 1409 3729 secus
1436 3673 1589 3726 illum
1649 3680 1887 3737 amaret,
1964 3686 2295 3743 summoque
2342 3666 2531 3723 studio
2583 3663 2915 3731 custodiret,
2986 3678 3151 3734 quam
3200 3663 3424 3720 divitias
3502 3662 3772 3735 quasdam

491 3790 601 3830 non
632 3773 907 3840 vulgares,
955 3778 1012 3821 et
1069 3766 1343 3836 peculium
1397 3765 1673 3836 quoddam
1727 3764 2214 3834 pretiosissimum.

563 3887 729 3942 Vsus.
770 3885 824 3939 5.
858 3882 1136 3961 Quoniam
1171 3897 1265 3951 ego
1308 3884 1525 3952 cognovi
1556 3880 1697 3947 quod
1730 3896 1951 3948 magnus
1998 3892 2071 3934 est

492 3983 773 4038 Dominus.
820 3977 960 4032 Ecce
1006 3974 1155 4044 quod
1188 3974 1351 4028 aliam
1383 3974 1585 4029 divina:
1636 3974 1816 4028 laudis
1843 3989 2069 4029 causam

494 4072 742 4142 οιψοιιίι,
794 4068 1030 4121 dicens:
1073 4066 1346 4132 Quoniam
1373 4078 1477 4134 ego
1512 4066 1751 4134 amplius
1782 4080 1946 4135 quam
1979 4080 2073 4119 vos

490 4164 762 4234 cognovi;
795 4160 901 4225 vel,
931 4159 1057 4229 quia
1094 4158 1144 4211 id
1171 4157 1528 4213 exactissime
1562 4157 1711 4219 novi,
1760 4157 1906 4227 quod
1960 4155 2070 4209 Do-

490 4260 673 4312 minus
706 4268 938 4323 maguus
967 4261 1074 4305 est.
1105 4249 1352 4321 Cognovi
1384 4259 1569 4303 autem
1600 4247 1651 4303 id
1680 4263 1711 4302 a
1742 4249 1924 4302 divina
1946 4263 2070 4318 gra-

491 4349 587 4411 tia,
618 4359 671 4401 et
701 4346 829 4415 quia
859 4344 1005 4398 illius
1036 4356 1227 4413 opera,
1256 4342 1426 4395 multa
1456 4356 1581 4395 cum
1623 4339 1914 4408 prudentia
1939 4354 2074 4392 cou-

489 4438 747 4496 sideravi.

564 4554 629 4608 Et
656 4554 910 4608 Dominus
937 4560 1113 4605 noster
1165 4564 1275 4617 pra!
1300 4546 1542 4600 omnibus
1576 4547 1702 4599 diis.
1743 4545 1841 4599 llic
1880 4546 1924 4601 si
1953 4548 2077 4615 qui-

488 4652 611 4703 dem
661 4657 783 4712 est;
827 4646 904 4699 illi
952 4659 1081 4701 vero
1134 4659 1241 4696 non
1274 4648 1422 4695 sunt.
1460 4638 1556 4693 llic
1587 4641 1754 4693 etiam
1797 4654 1925 4693 vere
1967 4638 2075 4692 D0-

489 4745 704 4807 miuus;
737 4740 812 4793 illi
846 4748 1030 4792 autem
1068 4751 1174 4789 non
1209 4750 1335 4789 vere
1371 4734 1465 4787 dii.
1500 4732 1635 4786 Nam
1667 4743 1720 4787 et
1754 4734 1801 4787 si
1849 4746 2073 4801 compa-

490 4834 725 4887 rationis
766 4832 954 4893 verlia,
1011 4829 1125 4884 hac
1180 4842 1306 4881 esse
1355 4826 1667 4889 vidcantur,
1720 4840 1830 4879 non
1884 4832 2067 4878 tamen

493 4928 660 4980 l'alsos
690 4927 823 4977 deos
853 4937 984 4977 vero
1022 4921 1134 4975 [leo
1170 4926 1515 4987 comparant,
1550 4916 1645 4971 sed
1682 4931 1748 4971 ex
1775 4917 2067 4984 dispensa-

489 5022 637 5073 tione
665 5017 897 5085 quadam
927 5023 1147 5083 propter
1178 5013 1363 5081 populi
1391 5010 1773 5065 liebetudinem
1802 5006 2073 5077 Propheta

490 5110 569 5165 sic
607 5110 880 5176 loquitur:
916 5107 1120 5175 quippe
1148 5104 1239 5171 qui
1274 5101 1401 5155 alibi
1435 5099 1603 5156 Deum
1634 5101 1862 5154 deorum
1890 5101 2075 5169 appoi-

490 5202 586 5266 lat,
635 5211 689 5252 et
722 5214 868 5253 nunc
917 5202 1080 5252 etiam
1134 5196 1448 5250 auditorem
1503 5193 1837 5263 pedetentim
1888 5195 2072 5263 erigit,

490 5292 827 5348 mirahilium
881 5307 1061 5345 rerum
1096 5292 1275 5360 ipsum
1327 5288 1493 5342 Deum
1549 5297 1899 5356 Operatorem
1949 5299 2074 5340 esse

487 5392 897 5449 demonstrans,
932 5398 995 5438 ac
1029 5386 1285 5452 deinceps
1318 5381 1478 5452 paulo
1506 5390 1627 5450 post
1662 5379 1903 5449 gentium
1936 5378 2071 5434 deos

489 5479 858 5535 subsannans.
904 5477 1116 5530 Dictum
1174 5484 1259 5529 est
1306 5475 1472 5528 etiam
1527 5474 1583 5526 in
1640 5472 1853 5545 psalmo
1908 5485 2070 5524 xcvt:

494 5568 670 5623 Nimis
696 5568 962 5622 excitatas
989 5583 1043 5620 es
1068 5582 1225 5633 super
1253 5580 1431 5619 omnes
1474 5564 1640 5627 deos;
1686 5563 1757 5617 ibi
1790 5561 1908 5617 vide
1943 5576 2063 5631 quae

491 5664 545 5719 in
578 5659 914 5731 expositione
938 5660 1203 5714 diximus.

2254 3880 2386 3934 Ὀτι
2414 3880 2531 3949 ἐγὼ
2553 3880 2809 3948 ἔγνωκα,
2841 3880 2935 3934 ὅτι
2974 3881 3163 3951 μέγας
3185 3885 3218 3935 ό
3241 3883 3477 3949 Κύριος.
3507 3884 3637 3939 Ἰδοὺ
3671 3888 3773 3938 καὶ

2177 3971 2347 4040 ἄλλην
2395 3971 2579 4024 αίτίαν
2619 3970 2715 4023 τοῦ
2762 3974 2930 4024 αίνείν
2974 3973 3214 4043 τίθησιν·
3258 3974 3404 4040 Ὅτι,
3435 3976 3621 4045 φησιν,
3654 3976 3770 4044 ἑγὼ

2177 4064 2341 4116 πλέον
2375 4063 2531 4132 ὑμῶν
2584 4062 2825 4131 ἔγνωκα,
2856 4064 2889 4133 ἢ
2922 4063 3178 4134 ἀκριϐῶς
3209 4065 3447 4131 ἔγνωκα,
3478 4068 3558 4119 ὅτι
3590 4069 3771 4136 μέγας

2178 4156 2205 4205 ὁ
2235 4156 2458 4223 Κύριος·
2482 4154 2590 4208 ἀπό
2606 4171 2662 4207 τε
2690 4159 2789 4227 τῆς
2820 4156 2972 4218 θείας
3004 4156 3256 4226 χάριτος,
3280 4158 3388 4209 ἀπό
3412 4174 3473 4210 τε
3497 4157 3587 4211 τοῦ
3608 4175 3770 4212 συνε-

2178 4246 2286 4310 τῶς
2316 4248 2452 4317 ὀρᾷν
2482 4247 2549 4299 τὰ
2576 4248 2715 4316 ἔργα
2755 4248 2946 4312 αὑτοῦ,
2982 4249 3137 4302 τοῦτο
3170 4249 3353 4314 γνούς.

2254 4546 2361 4603 Καὶ
2390 4548 2421 4600 ὸ
2447 4546 2667 4614 ’Κύριος
2700 4544 2868 4615 ἡμῶν
2908 4549 3065 4615 παρὰ
3089 4546 3321 4616 πάντας
3362 4552 3553 4617 θεούς.
3573 4552 3631 4605 '0
3664 4555 3770 4625 μὲν

2180 4639 2290 4710 γάρ
2316 4640 2490 4702 ἐστιν,
2545 4640 2594 4691 oi
2621 4638 2676 4690 δὲ
2706 4639 2805 4690 οὐκ
2835 4639 2963 4692 είσί.
3004 4640 3115 4691 Καὶ
3142 4641 3170 4692 ὁ
3204 4641 3303 4710 μὲν
3344 4642 3547 4713 Κύριος
3572 4644 3764 4712 δντωῖ,

2178 4732 2231 4786 ol
2266 4732 2324 4783 δὲ
2374 4730 2488 4784 θεοὶ
2520 4732 2624 4785 οὐκ
2683 4730 2873 4793 ὄντως.
2901 4732 3062 4784 Δοκεῖ
3108 4732 3164 4785 δὲ
3209 4733 3366 4787 τοῦτο
3411 4741 3768 4805 συγκριτικὸν

2178 4823 2543 4893 οἰκονομικῶς
2596 4822 2683 4876 διὰ
2714 4823 2815 4911 τὴν
2848 4824 3141 4893 παχύτητα
3170 4825 3268 4877 τοῦ
3301 4825 3428 4878 λαοῦ
3462 4844 3476 4859 ·
3528 4828 3767 4898 ἀλλαχοῦ

2178 4913 2288 4983 γὰρ
2346 4913 2479 4967 Θεὸν
2524 4912 2631 4966 τῶν
2667 4911 2808 4966 θεῶν
2853 4913 3112 4983 ὀνομάζει
3156 4913 3389 4967 τοῦτον·
3438 4918 3531 4969 καὶ
3566 4916 3663 4969 νῦν
3709 4919 3769 4971 δὲ

2184 5004 2326 5059 κατὰ
2360 5004 2557 5077 μικρὸν
2586 5004 2807 5073 ἀνάγων
2836 5005 2962 5067 τοὺς
3000 5006 3299 5076 ἀκροατὰς,
3334 5008 3577 5079 ἐργάτην
3602 5010 3769 5061 αὑτὸν

2181 5097 2429 5150 δείκνυσι
2455 5096 2802 5167 θαυμασίων,
2840 5099 2937 5151 καὶ
2982 5097 3191 5167 προῖὼν
3224 5100 3279 5151 δὲ
3320 5099 3763 5169 διαμυκτηρίζει,

2180 5193 2273 5243 καὶ
2299 5188 2552 5257 φαυλίζει
2574 5189 2703 5253 τοὺς
2751 5188 2909 5253 θεοὺς
2940 5188 3051 5243 τῶν
3074 5189 3246 5243 ἐθνῶν
3272 5208 3285 5222 ο
3334 5192 3549 5260 εἴρηται
3583 5190 3639 5243 δὲ
3671 5194 3767 5243 καὶ

2177 5283 2237 5333 ὲν
2282 5280 2360 5350 τῷ
2409 5284 2506 5347 ιιςθ
2569 5279 2773 5351 ψαλμῷ
2809 5297 2825 5312 ο
2880 5280 3119 5350 Σφόδρα
3158 5283 3561 5350 ὑπερυψώθης
3609 5281 3764 5347 ὑπὲρ

2180 5373 2411 5440 πάντας
2464 5374 2610 5440 τοὺς
2666 5374 2841 5439 θεοὺς
2870 5390 2887 5407 ο
2938 5376 3031 5427 καὶ
3073 5374 3312 5443 ζήτησν
3358 5375 3455 5444 τὴν
3502 5372 3766 5444 ἐξήγησιν

2182 5469 2317 5520 ἐκεῖ.
