4134 6288
587 269 719 334 1251

1817 270 1914 329 EU
1932 269 2126 330 I‘HYM
2142 269 2195 327 ῐί
2242 269 2604 331 ZIGABENI

3716 266 3873 329 1252

582 398 684 449 gite
715 396 776 433 ac
810 379 1057 435 studiose
1107 378 1320 448 respice
1349 377 1414 431 ad
1453 392 1573 441 nos,
1618 393 1687 431 ne
1729 378 2003 448 despicias
2051 395 2153 433 nos

2261 381 2549 450 ίπίόλεψον
2575 381 2660 451 ἐφ’
2709 381 2853 451 ἡμᾶς
2925 377 3154 448 εὐμενὲς
3188 377 3282 429 καὶ
3327 376 3725 447 κηδεμονικὸν,
3760 382 3874 428 καὶ

581 471 719 525 dura
749 486 1045 540 oppressos
1072 469 1385 541 tyrannide.
1440 483 1503 521 ac
1556 468 1783 539 jsmjam
1850 469 2174 540 perituros."

590 563 680 618 Vel
717 583 730 619 :
767 563 887 619 Non
931 564 1204 634 despicias
1255 578 1353 619 nos
1386 574 1637 632 rogantes
1685 572 1847 633 atquc
1897 566 2155 619 invocan-

580 664 663 712 tes
696 667 771 711 te.

1070 748 1317 803 Psalmus
1345 750 1447 817 ipsi
1487 748 1677 802 David.

1012 840 1338 897 PSALMUS
1377 840 1718 895 CXXXVI".

650 935 822 992 Vsus.
858 937 907 992 1.
945 936 1188 1000 Domine,
1235 932 1475 1002 probasti
1505 949 1606 997 me,
1643 940 1691 985 et
1734 930 2022 1001 cognovisti
2050 946 2149 984 me.

581 1028 834 1084 Probasti
866 1044 976 1090 me,
1009 1028 1213 1097 inquit,
1249 1026 1641 1088 tentationnm,
1677 1032 1841 1094 alque
1869 1023 2153 1079 calamita-

578 1131 693 1174 tum
731 1120 1071 1188 probatione.
1103 1116 1216 1173 Nec
1248 1127 1424 1171 tamen
1452 1117 1554 1169 hoc
1588 1117 1723 1171 dicit
1744 1115 1935 1170 beatus
1962 1114 2151 1177 David,

576 1215 734 1282 quasi
758 1226 883 1268 ante
915 1213 1060 1265 lianc
1099 1211 1483 1281 probationem
1516 1211 1659 1265 Deus
1694 1226 1818 1264 eum
1846 1210 2144 1277 ignoraret.

577 1305 737 1359 Novit
766 1306 967 1359 etenim
1002 1306 1148 1359 Deus
1167 1302 1376 1366 omnia,
1401 1302 1566 1356 etiam
1588 1309 1884 1370 antequam
1917 1300 2049 1355 fiant
2079 1302 2146 1355 ".

2260 473 2335 543 μὴ
2370 474 2604 546 παρίδῃς
2644 478 3137 546 τυραννουμένους,
3180 474 3276 530 καὶ
3318 470 3746 540 ἀπολλυμένους
3776 486 3791 500 ·
3832 471 3871 538 ἢ

2258 562 2348 613 καὶ
2379 563 2690 632 δεομένους,
2713 566 2806 619 καὶ
2838 565 3303 635 ἐπικαλουμένους
3331 583 3411 620 σε.

2736 746 2980 815 Ψαλμὸς
3034 745 3113 812 τῷ
3158 746 3355 801 Δαὸίδ.

2789 838 3084 891 ΨΑΛΜΟΣ
3120 839 3304 892 PAH'.

2328 931 2527 1000 Κύριε,
2574 929 2943 1000 ἐδοκι’μασὰς
2970 946 3069 999 με,
3100 930 3200 984 καὶ
3252 929 3442 999 ἔγνως
3485 946 3587 999 με.
3633 928 3862 984 ἐδοκίο

2259 1024 2436 1093 μασάς
2500 1021 2679 1093 μετῷ
2722 1022 2955 1092 δοκιμίῳ
3012 1022 3121 1075 τῶν
3174 1022 3539 1093 πειρασμῶν,
3607 1022 3717 1092 οὐχ
3774 1024 3855 1087 ὡς

2254 1114 2464 1180 ἀγνοῶν
2508 1132 2574 1184 με
2628 1115 2732 1188 πρὸ
2785 1118 3003 1185 πείρας·
3037 1116 3157 1177 πῶς
3200 1117 3330 1188 γὰρ,
3387 1119 3414 1168 ὁ
3445 1118 3624 1171 πάντα
3677 1116 3851 1179 eiﬁt'u;

2256 1208 2385 1277 πρὶν
2420 1207 2686 1276 γενέσεως
2710 1207 2919 1270 αὐτῶνς
2947 1208 3063 1261 ἀλλ’
3086 1208 3173 1263 ἶνα
3204 1208 3435 1277 γνωσθῶ
3461 1211 3572 1273 τοῖς
3604 1207 3851 1276 ἀγνοοῦ-

2257 1301 2310 1353 σί
2333 1318 2398 1368 με
2429 1300 2671 1370 δόκιμος,
2700 1302 2795 1354 καὶ
2824 1301 3071 1372 γένωμαι
3103 1300 3316 1365 τούτοις
3357 1303 3662 1373 καρτερίας
3709 1301 3852 1355 ὑπό-

579 1396 688 1451 Sed
738 1396 1009 1465 probasti,
1057 1395 1260 1465 inquit,
1305 1402 1365 1446 ιιι
1406 1392 1475 1447 ab
1507 1393 1573 1447 iis
1613 1395 1706 1462 qui
1741 1408 1827 1446 me
1861 1394 2149 1462 probatum

2261 1393 2473 1460 δειγμα·
2507 1391 2605 1445 καὶ
2654 1393 2824 1460 έγνως
2870 1410 2937 1463 με
2970 1393 3105 1462 πρὸς
3149 1394 3462 1464 ἀκρίϐειαν,
3522 1385 3640 1456 οἷός
3678 1394 3805 1459 είμι
3834 1410 3848 1422 ο

574 1498 697 1539 esse
730 1485 1076 1553 ignorabant,
1116 1498 1502 1554 cognoscerer,
1532 1490 1696 1552 atque
1733 1492 1791 1535 ut
1824 1484 2146 1539 exsisterent

2261 1482 2311 1552 Pl.
2352 1482 2768 1552 ἙδοκΙμασας,
2820 1484 2915 1555 και
2971 1485 3202 1554 Ἐ’γνως
3250 1502 3346 1553 με,
3402 1486 3524 1537 ἀντὶ
3560 1484 3849 1553 Ἀκριόὡς

578 1578 661 1627 eis
715 1578 771 1630 in
805 1578 1113 1647 exeinplnm
1140 1558 1500 1630 .fortitudinis

575 1667 942 1732 exactissime,
965 1667 1142 1735 qualis
1161 1682 1302 1721 sum.
1332 1664 1427 1720 Vel
1447 1664 1708 1732 probasti,
1732 1676 1784 1720 et
1818 1666 2147 1737 Cognovisti,

1555 1592 1569 1628 :
1618 1584 1674 1629 ct
1716 1576 2017 1645 cognovisti
2065 1591 2150 1629 me

2261 1568 2422 1638 οἶδάς
2453 1590 2550 1641 με.
2582 1575 2690 1627 Καὶ
2713 1578 2741 1628 ὀ
2785 1575 3110 1639 ’Δπόστολος
3158 1577 3290 1648 γὰρ,
3318 1577 3494 1646 λέγων
3524 1579 3611 1631 ὅτι
3640 1578 3849 1649 ἔρευνᾷ

2255 1667 2350 1729 τὰς
2377 1668 2627 1738 καρδίας,
2661 1670 2759 1721 οὐκ
2784 1669 3008 1736 ἄγνοιαν
3061 1670 3320 1739 ἐμφαίνει
3368 1670 3476 1743 πρὸ
3517 1675 3621 1743 τῆς
3680 1671 3849 1741 ἐρεύ-

576 1774 675 1828 pro
746 1758 1042 1828 Diligenter
1090 1760 1251 1811 nosti.
1298 1757 1430 1811 Nam
1476 1768 1529 1813 et
1579 1759 1874 1829 Apostolus
1927 1759 2157 1822 dicens,

2262 1776 2379 1829 νης,
2406 1760 2520 1812 ἀλλ’
2545 1762 2749 1831 ἀκριϐῆ
2778 1763 2999 1830 rubum,
3035 1765 3132 1816 καὶ
3157 1766 3327 1835 σαφῆ.

572 1857 719 1928 (ιιιοᾶ
754 1854 889 1908 Deus
940 1865 1213 1909 scrutatur
1251 1858 1413 1910 corda
1447 1859 1514 1920 ⁷⁷,
1552 1874 1659 1911 ιιοιι
1693 1856 2003 1926 signiﬁcare
2057 1857 2231 1910 voluit
2294 1858 2462 1912 Deum
2527 1859 2809 1929 ignorasse
2871 1855 3189 1929 aliquando,
3263 1871 3553 1930 antequam
3620 1873 3846 1917 scruta-

573 1958 750 2010 retur,
788 1947 882 2000 sed
908 1948 1257 2001 exactissime
1281 1960 1443 2017 atque
1468 1949 1815 2019 apertissime
1851 1950 1999 2003 illum
2026 1948 2207 2003 omnia
2240 1964 2424 2004 nosse.

649 2044 807 2096 Vens.
834 2042 886 2096 2.
928 2042 1007 2095 Tu
1038 2044 1325 2110 cognovisti
1350 2044 1654 2097 cathedram
1683 2060 1876 2107 meam,
1896 2055 1944 2099 et
1968 2062 2155 2098 surre-

2326 2045 2410 2099 Σὺ
2441 2047 2629 2114 ἔγνως
2660 2048 2774 2114 τὴν
2819 2048 3116 2116 καθέδραν
3152 2068 3291 2119 μου,
3326 2055 3419 2106 καὶ
3448 2050 3563 2120 τὴν
3591 2052 3845 2123 ἕτερσίν

573 2137 795 2191 ctionem
832 2150 1020 2188 meam.
1053 2134 1167 2189 Hoc
1192 2147 1297 2200 est,
1320 2135 1483 2189 vitam
1521 2150 1692 2189 meam
1719 2151 2051 2189 universam.
2098 2135 2153 2189 In

2261 2154 2386 2196 μου.
2447 2139 2731 2203 Τυυτέστι,
2789 2139 2880 2193 τὸν
2939 2141 3055 2210 βίον
3117 2145 3338 2211 μουνέν
3412 2146 3621 2208 τούτοις
3679 2146 3847 2217 γὰρὸ

580 2228 667 2283 liis
694 2229 895 2282 etenim
916 2227 1155 2281 humana
1183 2227 1289 2279 vita
1319 2226 1594 2291 consistit,
1616 2226 1669 2279 in
1688 2228 1869 2295 quiete
1892 2227 2151 2283 nimirum

2261 2228 2386 2295 Βίος,
2412 2233 2470 2283 ἑν
2492 2232 2724 2301 ἠρεμίᾳ,
2762 2233 2857 2285 καὶ
2880 2235 3113 2303 κινήσει,
3133 2234 3191 2286 έν
3230 2232 3417 2307 σχολῇ,
3458 2234 3553 2289 καὶ
3580 2237 3844 2309 ἀσχολίᾳ,

577 2327 742 2388 atque
771 2319 823 2371 in
863 2325 1041 2381 motu,
1074 2319 1129 2371 in
1174 2318 1286 2373 otio
1318 2326 1483 2388 atque
1513 2319 1566 2371 in
1602 2319 1840 2388 negotio,
1876 2319 1928 2373 in
1964 2322 2151 2389 requie

2261 2326 2305 2374 ἐν
2371 2325 2565 2393 ἡσυχίᾳ
2612 2325 2705 2376 καὶ
2732 2324 3005 2396 ἐνεργείᾳ.

576 2420 629 2467 et
664 2413 717 2464 in
748 2411 1084 2481 operatione.

650 2502 809 2557 Vens.
842 2504 894 2555 3.
925 2501 1001 2554 Tu
1032 2501 1342 2555 intellexisti
1366 2503 1708 2571 cogitationes
1729 2518 1871 2555 meas
1892 2502 1955 2556 de
1979 2501 2149 2571 longe.

577 2592 656 2647 Nc
689 2592 813 2660 quis
855 2592 1089 2645 lortasse
1131 2592 1294 2644 Deum
1328 2594 1711 2659 suspicaretur
1744 2607 1838 2659 per
1866 2590 2153 2659 experien-

578 2686 706 2737 tiam
738 2700 800 2736 ac
830 2683 1203 2752 probationem
1239 2682 1515 2735 hominum
1548 2684 1761 2737 animos
1794 2697 2149 2752 cognoscere,

580 2790 892 2829 sermonem
924 2775 1418 2844 sunm,castigavit.
1454 2774 1586 2828 Nam
1622 2776 1713 2844 qui
1758 2775 2026 2829 humanas
2055 2787 2151 2825 co-

581 2866 871 2935 gitationes
899 2867 1066 2931 novit,
1104 2875 1229 2919 ante
1260 2882 1446 2919 earum
1473 2877 1677 2920 motum
1704 2884 1720 2931 ;
1755 2869 1861 2919 imo
1896 2879 2026 2919 vero
2056 2863 2151 2932 qui

2319 2495 2400 2547 Σὺ
2433 2496 2711 2563 συνῆκας
2741 2497 2879 2564 τοὺς
2949 2499 3383 2570 διαλογισμούς
3437 2521 3553 2567 μου
3578 2504 3701 2559 ἀπὸ
3724 2520 3849 2572 μα-

2252 2586 2485 2650 κρόθεν.
2546 2586 2661 2639 Ἵνα
2690 2589 2881 2657 μήτις
2936 2590 3197 2643 ὑπολάϐοι
3257 2593 3420 2645 αὑτὸν
3466 2594 3849 2664 δοκιμάζοντα

2252 2678 2563 2743 γινώσκειν,
2603 2678 2937 2747 ἐθεράπευσε
3027 2680 3117 2733 τὸν
3182 2680 3361 2749 λόγον.
3418 2684 3477 2736 ’0
3541 2685 3653 2754 γὰρ
3708 2690 3847 2749 τοὺς

2255 2768 2639 2839 διαλογισμοὺς
2690 2769 2867 2834 εἰδὼς,
2909 2773 3003 2825 καὶ
3026 2772 3249 2835 τούτους
3277 2775 3382 2843 πρὸ
3412 2774 3505 2828 τοῦ
3542 2776 3848 2845 κινηθῆναι

2258 2860 2473 2926 αὐτοὺς,
2541 2862 2744 2930 μᾶλλον
2785 2862 2841 2916 δὲ
2896 2865 3001 2935 πρὸ
3050 2864 3249 2918 πολλοῦ
3318 2866 3538 2935 χρόνον,
3598 2868 3715 2931 πῶς
3776 2867 3852 2922 ἂν

581 2957 750 3009 multo
782 2964 1028 3025 tempore
1068 2965 1225 3011 antea
1274 2972 1368 3010 eas
1420 2956 1687 3025 praevidit,
1724 2956 1867 3008 nulla
1902 2952 2151 3023 proiecto

2261 2952 2474 3024 δεηθείη
2520 2954 2844 3024 δοκιμασίας
2868 2973 2882 3018 ;

579 3051 954 3117 experientia,
1017 3057 1114 3103 aut
1196 3048 1517 3118 probatione
1575 3049 1821 3118 indigere
1882 3042 2229 3115 putandusC

579 3148 684 3194 est.

650 3232 906 3286 Semitam
946 3248 1137 3297 meam,
1182 3242 1227 3286 et
1261 3232 1556 3300 funiculum
1599 3250 1769 3287 meum
1804 3236 2142 3309 inrestigasti.

579 3325 805 3379 Omnem
826 3326 949 3378 vitae
972 3339 1103 3378 mea:
1131 3324 1420 3387 rationem,
1452 3340 1515 3378 ac
1544 3326 1787 3389 modum,
1815 3339 1871 3380 tu
1903 3345 2156 3397 perscru-

586 3426 733 3469 tatus
780 3429 861 3478 es,
899 3423 1164 3484 quantum
1200 3416 1411 3469 scilicet
1464 3417 1586 3470 vita:
1615 3426 1830 3486 tempus
1858 3434 2155 3488 praecesse-

585 3509 676 3571 rit,
707 3517 761 3561 et
793 3516 1060 3577 quantum
1103 3508 1175 3560 sit
1204 3507 1499 3573 reliquum.
1549 3506 1719 3561 Fttnis
1768 3519 1950 3563 autem
2012 3513 2154 3577 apud

584 3598 870 3670 Egyptios
903 3609 1065 3670 atque
1098 3600 1242 3669 apud
1273 3598 1471 3653 Persas
1507 3601 1721 3654 itineris
1756 3615 2012 3657 mensura
2045 3613 2152 3666 est,

580 3702 635 3743 et
672 3690 809 3743 idem
847 3690 977 3753 fere,
1004 3689 1147 3757 quod
1180 3688 1323 3758 apud
1357 3705 1454 3742 nos
1478 3690 1673 3742 dicitur
1702 3690 1960 3742 stadium.
1981 3689 2153 3745 Verbs

585 3789 768 3835 autem
814 3779 1065 3835 Probasti
1098 3787 1151 3834 et
1206 3781 1574 3851 lnvestigasti,
1613 3781 1667 3833 in
1719 3778 1831 3834 Deo
1865 3797 2044 3837 veram
2102 3794 2158 3838 et

581 3882 787 3928 certam
814 3872 1121 3938 scientiam,
1155 3880 1210 3927 et
1230 3874 1598 3943 cegnitionem
1639 3874 1914 3928 denotant.

661 3964 821 4018 Vens.
856 3965 910 4017 4.
947 3962 1015 4017 Et
1042 3982 1219 4019 omnes
1251 3965 1361 4018 vias
1387 3980 1529 4018 meas
1557 3966 1871 4032 praevidisti.
1903 3966 2160 4021 Actiones

591 4072 740 4109 ineas
770 4072 981 4119 omnes,
1011 4058 1180 4112 bonas
1212 4066 1264 4111 et
1289 4058 1476 4112 malas.
1513 4056 1577 4110 Et
1604 4073 1710 4111 non
1749 4057 1907 4123 dixit,
1935 4055 2161 4121 Vidisti,

584 4149 681 4203 sed
712 4149 1045 4213 Prtevidisti,
1082 4158 1374 4221 antequam
1406 4148 1613 4205 scilicet
1642 4148 1852 4204 tierent.

658 4326 809 4389 Quod
867 4343 969 4380 non
1001 4335 1079 4380 est
1110 4324 1265 4380 dolus
1297 4326 1360 4395 in
1411 4326 1591 4396 lingua
1620 4342 1759 4381 mea.
1807 4325 1922 4382 Hoc
1944 4341 2163 4397 quoque

2333 3209 2452 3280 Τὴν
2480 3213 2682 3281 τρίϐον
2706 3232 2826 3283 μου
2853 3214 2953 3269 καί
2999 3216 3113 3283 τὴν
3166 3219 3425 3287 σχοίνοι-
3451 3236 3572 3289 pou
3600 3220 3685 3273 σὺ
3717 3220 3855 3287 ἐξι-

2262 3304 2545 3372 χνίασας.
2573 3306 2685 3376 Τὴν
2710 3306 2829 3360 ὁδὸν
2844 3307 2937 3360 τοῦ
2960 3307 3075 3377 βίου
3089 3325 3190 3378 μου
3213 3312 3414 3375 πᾶσαν,
3440 3314 3605 3366 καὶτὸ
3633 3316 3851 3385 μέτρον

2259 3397 2450 3466 αὐτῆς,
2479 3399 2604 3451 ὅσον
2647 3397 2750 3468 μὲν
2805 3399 3035 3470 προέϐη,
3069 3402 3194 3453 ὅσον
3225 3402 3282 3454 δὲ
3313 3403 3582 3466 λείπεται,
3615 3406 3682 3457 σὺ
3708 3406 3850 3461 λίαν

2258 3491 2569 3544 ἐπίστασαι.
2602 3491 2820 3561 Σχοῖνος
2850 3489 2953 3562 γὰρ
2975 3494 3171 3562 μέτρος
3190 3492 3311 3546 ὀδοῦ
3340 3494 3474 3564 παρ’
3510 3496 3845 3563 Αίγυτιτίοις

2261 3584 2356 3636 καὶ
2386 3583 2651 3652 Πέρσαις.
2718 3584 2786 3636 ’0
2836 3584 2945 3654 γάρ
2987 3584 3107 3636 ἐστι
3162 3585 3294 3653 παρ’
3338 3587 3471 3655 ἡμῖν
3505 3587 3566 3639 τὸ
3597 3589 3853 3654 στάδιον,

2258 3673 2415 3726 τοῦτο
2443 3671 2575 3743 παρ’
2628 3673 2882 3737 ὲκείνοις,
2926 3673 3223 3743 ἠσχοίνος.
3266 3674 3339 3726 Τὸ
3381 3673 3440 3726 δὲ
3476 3674 3854 3744 Ἐδοκὶμασας

2262 3767 2355 3818 καὶ
2381 3764 2690 3836 ἔξιχνίασας
2723 3768 2815 3820 ἐπὶ
2843 3764 2981 3820 Θεοῦ
3019 3768 3121 3837 τὴν
3158 3765 3376 3837 ἀσφαλῆ
3404 3767 3605 3836 γνῶσιν
3644 3770 3855 3840 ἐμφαί-

2261 3875 2433 3914 νουσι.

2334 3949 2444 4002 Καὶ
2473 3950 2674 4016 πάσας
2702 3948 2805 4015 τὰς
2837 3949 3016 4016 ὁδούς
3050 3967 3170 4018 μου
3201 3952 3496 4021 προεῖδες.
3525 3954 3713 4019 Πάσας
3744 3956 3851 4018 τὰς

2263 4042 2492 4112 πράξεις
2540 4060 2667 4113 μου,
2723 4044 2820 4105 τὰς
2890 4044 3099 4111 ἀγαθὰς
3164 4044 3259 4098 καὶ
3309 4048 3405 4109 τὰς
3432 4049 3842 4118 πονηράς.οὖκ

2264 4132 2422 4187 εἶπεν
2457 4137 2542 4189 ὅτι
2573 4131 2768 4201 Εἶδες,
2798 4136 2914 4189 ἀλλ’
2934 4137 3018 4189 ὅτι
3042 4137 3320 4205 Προεῖδες
3337 4139 3443 4210 πρὸ
3467 4139 3560 4192 τοῦ
3583 4142 3847 4207 γενέσθαι

2263 4230 2452 4289 αὑτάς.

2343 4320 2467 4371 Ὅτι
2498 4321 2611 4373 οὐκ
2651 4318 2787 4373 ἐστι
2813 4320 2997 4386 δΑλος
3024 4322 3092 4374 ἐν
3120 4324 3371 4393 γλώσσῃ
3420 4342 3564 4393 μου.
3627 4326 3847 4394 Ἕγνως

586 4418 749 4473 simul
788 4434 910 4472 cum
960 4419 1174 4473 caeteris
1217 4418 1473 4473 omnibus
1522 4416 1663 4473 bene
1689 4420 1833 4473 nosti
1860 4456 1875 4479 ,
1917 4419 2063 4488 quod
2106 4420 2158 4474 in

2269 4411 2568 4475 καὶτοῦτο,
2634 4412 2774 4480 μετά
2812 4412 2921 4463 τῶν
2954 4412 3377 4478 ἄλλων,ὃτιούκ
3419 4416 3535 4470 ἔστι
3567 4420 3737 4472 κακία
3781 4422 3844 4471 ὲν

588 4510 938 4563 sermonibus
983 4510 1117 4563 meis
1157 4509 1367 4562 nullum
1398 4509 1588 4563 vitium
1619 4518 1739 4576 est,
1773 4510 1920 4563 nulla
1949 4524 2170 4579 perver-

2268 4507 2380 4566 τοῖς
2418 4502 2598 4569 λόγοις
2633 4520 2761 4571 μου,
2792 4504 2894 4557 οὐκ
2932 4504 3045 4557 ἐστι
3088 4507 3395 4577 πανουργία
3434 4508 3467 4577 ἢ
3511 4511 3796 4581 σκολιότης
3825 4527 3839 4541 ·

588 4604 757 4667 sitas,
812 4603 1021 4656 nullum
1064 4603 1266 4656 scelus.
1311 4600 1515 4657 Deinde
1562 4601 1736 4671 magis
1784 4601 2158 4657 universalitet

2271 4593 2390 4653 εἶτα
2418 4596 2563 4662 λέγει
2606 4596 3057 4664 καθολικωτέρως
3080 4612 3094 4626 ⁶

586 4691 739 4746 dicit:

665 4785 823 4836 Vens.
852 4782 905 4835 5.
941 4779 1072 4834 Ecce
1103 4790 1157 4833 tu
1177 4821 1191 4844 ,
1227 4779 1482 4846 Domine,
1516 4780 1799 4852 cognovisti
1823 4780 2036 4845 omnia,
2078 4796 2172 4834 uo.

590 4874 835 4935 rissima,
884 4879 933 4921 et
984 4868 1221 4939 antiqua.
1281 4866 1483 4923 Ultima
1527 4877 1582 4921 et
1643 4869 1846 4938 prima.
1892 4869 1994 4924 hoc
2027 4877 2113 4923 est
2144 4907 2161 4935 ,

588 4964 769 5017 omnia
803 4978 1065 5031 prorsus:
1105 4969 1159 5015 et
1194 4960 1327 5013 nihil
1359 4959 1727 5030 cognitionem
1768 4966 1915 5014 tuam
1951 4959 2163 5031 effugit.

589 5056 737 5110 Nosti
769 5057 975 5118 omnia,
1007 5069 1125 5121 qua:
1157 5051 1339 5105 futura
1367 5060 1516 5113 sunt,
1546 5060 1601 5106 et
1631 5066 1751 5120 qua:
1781 5051 2020 5106 fuerunt.

662 5234 740 5289 Tu
777 5237 1027 5304 {armasti
1090 5253 1198 5300 me,
1246 5248 1292 5290 et
1345 5236 1571 5300 posuisti
1619 5251 1775 5305 super
1815 5250 1894 5289 me
1950 5250 2162 5289 manum

592 5339 760 5381 tuam.
808 5329 924 5382 Non
960 5332 1136 5383 solum
1173 5328 1421 5383 formasti
1449 5367 1465 5391 ,
1499 5328 1595 5382 sed
1631 5343 1927 5384 conservas
1954 5329 2117 5382 etiam
2144 5366 2161 5393 ,

590 5433 644 5473 et
680 5424 847 5475 tueris
872 5460 887 5485 ,
918 5424 989 5476 ita
1028 5432 1086 5475 nt
1139 5423 1374 5476 alterum
1422 5421 1641 5490 quidem
1686 5420 1753 5473 ad
1790 5421 2119 5477 creationem
2146 5459 2162 5486 ,

593 5513 821 5565 alterum
856 5527 982 5566 vero
1017 5514 1081 5565 ad
1112 5514 1503 5582 providentiam
1537 5512 1823 5581 pertineat.

672 5695 717 5727 ⁷⁸
746 5695 883 5749 Dat'.
924 5709 1039 5747 λιι.
1081 5692 1173 5746 42.
1248 5694 1294 5728 τ’
1328 5690 1486 5746 Rom.
1517 5705 1636 5758 \‘ttt,
1669 5690 1759 5745 27.

2354 4776 2538 4843 Ἰδοὺ,
2593 4777 2830 4846 Κύριος,
2893 4778 2976 4833 σὺ
3017 4780 3208 4847 ἕς-νως
3246 4779 3442 4834 πάντα
3489 4781 3561 4834 τὰ
3588 4782 3843 4849 ἔσχατα,

2267 4867 2364 4920 καί
2398 4867 2470 4919 τὰ
2490 4866 2729 4934 ἀρχαῖα.
2764 4868 2846 4920 Τὰ
2881 4868 3183 4934 τελευταῖα,
3215 4870 3311 4924 καὶ
3339 4872 3407 4922 τὰ
3437 4870 3651 4940 πρῶτα,
3690 4887 3847 4924 70.1:-

2271 4959 2388 5011 ἐστι
2423 4957 2740 5026 σύμπαντα,
2797 4960 3118 5032 συλλήϐδην,
3147 4963 3242 5016 καὶ
3292 4962 3448 5016 οὐδὲν
3494 4962 3718 5031 διέφυγε
3748 4965 3849 5033 τὴν

2270 5051 2369 5120 σὴν
2400 5051 2620 5119 γνῶσιν·
2678 5052 2872 5120 ἔγνως,
2932 5054 3087 5123 φησὶ,
3149 5055 3327 5110 πάντα
3358 5059 3428 5108 τὰ
3476 5056 3843 5125 γενησόμενα,

2268 5144 2398 5197 τότε
2430 5145 2711 5211 γεγονότα.

2343 5237 2426 5291 Σὺ
2463 5236 2741 5302 ἐπλασάς
2773 5255 2872 5307 με,
2907 5238 3006 5291 καὶ
3026 5238 3248 5306 ἔθηκας
3277 5240 3371 5293 ἐπ’
3399 5240 3505 5310 ἐμὲ
3538 5241 3654 5308 τὴν
3676 5240 3849 5309 χεῖρά

2270 5345 2409 5383 σου.
2440 5330 2515 5382 Οὐ
2546 5331 2709 5399 μόνον
2742 5332 3007 5397 ἔπλασας,
3042 5333 3179 5387 ἀλλά
3229 5336 3325 5389 καὶ
3382 5335 3721 5405 διακρατεῖς,
3752 5336 3850 5389 καὶ

2273 5421 2521 5483 σκέπεις,
2577 5419 2653 5483 ὡς
2686 5417 2827 5474 εἶναι
2865 5422 2925 5474 τὸ
2970 5424 3068 5493 μὲν
3124 5423 3225 5494 τῆς
3283 5425 3672 5497 δημιουργίας,
3704 5424 3845 5477 τὸδὲ

2275 5510 2373 5579 τῆς
2399 5510 2655 5581 προνοίας
2684 5512 3003 5581 δηλωτικόν.
