4134 6288
403 293 539 363 1253

1563 305 1958 370 COMMENT.
1998 306 2079 367 IN
2106 307 2463 367 PSAIMOS.

3527 308 3669 374 1251

474 415 935 486 Ἓθαυμαστώθη
985 416 1024 485 ἡ
1062 416 1283 488 γνῶσις
1304 434 1420 472 σου
1449 417 1519 483 ἐξ
1542 418 1709 490 ἐμοῦ.
1743 421 1816 473 Τὸ
1842 420 1975 489 xvi.-

2164 421 2327 476 Vtsns.
2356 421 2407 475 6.
2452 419 2709 473 Mirabilis
2741 424 2885 488 lucta
2928 431 3005 473 est
3035 422 3265 490 cognitio
3307 432 3395 475 tua
3424 463 3438 486 ,
3466 439 3530 477 ea:
3568 440 3669 477 me.

388 512 480 562 ναί
504 526 587 573 σε,
641 510 990 581 ἐμεγαλύνθη
1047 512 1188 583 ὑπὲρ
1246 512 1345 581 ἐμέ
1381 527 1394 538 ·
1429 512 1574 566 οὓτω
1632 516 1741 585 γὰρ
1784 514 1971 584 ἔτερος

398 604 673 675 ἑρμηνεὺς
705 602 987 668 ἐξέδωκεν·
1024 606 1164 675 ὑπὲρ
1197 605 1294 675 τὴν
1322 604 1463 677 ἐμὴν
1492 607 1685 674 γέγονε
1732 607 1972 676 κατάλη·

388 695 505 763 φιν,
561 697 626 749 Ὀ
649 695 745 749 καὶ
772 697 859 750 διὰ
899 695 993 750 τοῦ
1052 696 1254 768 ἐφεξῆς
1311 698 1609 769 ὲσαφήνισε
1636 699 1849 770 στίχου,
1890 699 1975 752 λέ-

390 803 507 853 γων
544 805 559 819 ο

478 879 916 948 Ἐκραταιώθη,
972 882 1045 935 οὐ
1097 880 1183 951 μὴ
1237 881 1503 951 δύνωμαι
1553 883 1705 952 πρὸς
1759 882 1974 948 αὐτήν.

403 971 752 1043 ’ἰσχυροτέρα
791 972 1039 1042 γέγονεν,
1091 973 1123 1045 ἢ
1183 973 1325 1027 ὥστε
1381 973 1798 1045 καταληφθῆναι
1862 977 1976 1037 τοῖς

392 1064 544 1133 ἐμοῖς
591 1064 896 1137 λογισμοίςο
924 1067 985 1121 οὐ
1051 1067 1125 1137 μὴ
1162 1067 1366 1137 ἱσχὺσω
1402 1069 1540 1139 πρὸς
1593 1054 1787 1138 αὐτὴν,
1833 1068 1973 1121 ὥστε

392 1156 826 1228 περιὸράξασθαι
879 1159 1075 1229 αὐτῆς.
1139 1160 1344 1213 Γνῶσιν
1377 1162 1434 1213 δὲ
1468 1161 1642 1229 λέγει,
1694 1160 1797 1230 τὴν
1832 1164 1971 1214 κατὰ

390 1248 575 1314 φύσιν,
607 1250 808 1320 ὅτιμὲν
838 1252 945 1322 γάρ
978 1253 1146 1320 ἐστινι
1173 1252 1353 1320 ἴσμενο
1395 1251 1529 1305 τὸδὲ
1559 1252 1612 1304 τί
1644 1252 1745 1323 τὴν
1764 1253 1974 1319 οὐσίαν,

387 1339 721 1412 ἀγνοοῦμενο
762 1341 902 1396 ἀλλὰ
936 1342 1032 1394 καὶ
1056 1343 1139 1396 ὅτι
1171 1343 1271 1412 μὲν
1312 1342 1592 1414 πανταχοῦ
1628 1345 1768 1406 ἐστι,
1810 1327 1976 1411 γινὼέ

388 1450 615 1504 σκομεν.
651 1435 724 1488 Τδ
745 1436 805 1489 δὲ
843 1434 988 1500 πῶς,
1019 1435 1120 1488 οὐκ
1146 1435 1330 1505 ἴσμεν,
1373 1438 1468 1489 καὶ
1496 1437 1580 1489 ὅτι
1608 1436 1711 1505 μὲν
1748 1435 1973 1503 ἀγαθὸς,

388 1525 484 1578 καὶ
548 1526 951 1598 φιλάνθρωπος,
989 1530 1084 1580 καὶ
1116 1527 1302 1595 σοφὸς,
1337 1529 1433 1582 καὶ
1471 1528 1710 1592 συνετὸς,
1758 1528 1853 1581 καὶ
1907 1527 1977 1579 τὰ

385 1617 634 1681 τοιαῦτα,
669 1620 911 1691 οἴδαμεν.
951 1622 1026 1673 Τὸ
1057 1620 1115 1675 δὲ
1166 1622 1355 1687 πόσον,
1378 1622 1478 1676 οὐκ
1505 1621 1750 1689 οἴδαμεν.
1787 1620 1975 1690 Τούτῳ

382 1706 442 1760 δὲ
466 1710 681 1780 συνᾴδει
707 1710 800 1763 καὶ
823 1712 852 1764 ὁ
893 1708 1328 1781 Ἐκκλησιαστὴς
1366 1710 1541 1778 λέγων
1563 1727 1576 1739 ·
1616 1707 1773 1765 Εἷπα
1810 1724 1828 1742 ’
1869 1714 1977 1763 Σο-

2081 513 2324 585 Cognitio
2356 524 2443 566 tua
2468 555 2481 578 ,
2517 514 2692 583 inquit
2719 554 2733 578 ,
2763 530 2954 581 magna
2981 513 3129 582 facta
3166 525 3239 567 est
3269 532 3425 583 super
3455 532 3534 569 me
3573 517 3670 587 (ita

2080 607 2224 661 enim
2253 608 2397 659 alius
2430 606 2702 676 interpres
2731 605 2929 675 reddit)
2962 607 3063 660 hoc
3097 616 3177 662 est
3202 644 3215 671 ,
3254 608 3428 676 Super
3452 609 3672 677 capaci-

2078 706 2244 753 tatem
2300 698 2609 753 intellectus
2658 700 2761 751 mei
2816 697 2957 753 facta
3021 710 3123 754 est.
3165 698 3319 765 Quod
3381 702 3545 756 etiam
3604 718 3671 755 ex

2081 787 2442 857 sequentibus
2476 790 2646 858 magis
2678 789 2997 852 declaravit,
3036 790 3229 845 dicens
3261 806 3277 844 :

2147 879 2402 943 Iuvaluit,
2428 890 2476 933 et
2517 897 2621 934 non
2652 892 2833 948 potero
2863 884 2932 933 ad
2966 898 3107 935 eam.
3134 882 3352 936 Fortior
3379 898 3442 938 ac
3478 893 3672 955 poten-

2081 968 2190 1024 tior
2219 968 2358 1022 facta
2406 980 2521 1030 est,
2554 984 2715 1039 quam
2750 982 2805 1023 ιιι
2835 971 3225 1039 comprehendi
3269 975 3483 1042 possit,
3514 975 3666 1044 cogi-

2079 1062 2283 1117 tatione
2318 1076 2380 1115 ac
2430 1062 2873 1116 consideratione
2933 1077 3052 1118 mea
3097 1073 3193 1117 :et
3232 1080 3339 1117 non
3372 1074 3558 1133 potero
3590 1066 3659 1119 ad

2080 1171 2199 1211 eam
2226 1195 2240 1220 ,
2275 1157 2715 1225 appropinquare
2748 1156 3004 1209 nimirum
3028 1193 3045 1218 ,
3083 1157 3156 1210 ita
3194 1165 3254 1210 ut
3301 1160 3666 1227 comprehen-

2083 1246 2225 1301 d.nu.
2260 1246 2362 1301 Per
2402 1248 2765 1318 cognitionem
2797 1260 2978 1303 autem
3008 1248 3125 1314 Dei,
3161 1250 3295 1302 nihil
3322 1251 3467 1303 aliud
3502 1251 3675 1321 signi-

2080 1337 2245 1392 ﬁcare
2269 1338 2478 1403 voluit,
2513 1354 2674 1406 quam
2709 1340 2851 1393 scire
2880 1349 2932 1394 et
2966 1355 3299 1408 cognoscere
3334 1356 3459 1395 eum
3490 1343 3672 1411 qualis

2083 1441 2297 1484 natura:
2352 1429 2442 1484 sit.
2486 1428 2621 1483 Nam
2666 1433 2805 1500 quod
2843 1433 2913 1486 sit
2946 1431 3119 1497 Deus,
3162 1434 3267 1487 hoc
3309 1434 3673 1502 proculdubio

2080 1522 2286 1575 scimus
2320 1562 2330 1583 ,
2359 1521 2485 1590 quid
2519 1532 2696 1575 autem
2726 1562 2741 1586 ,
2777 1534 2869 1577 aut
2894 1526 3071 1588 qualis
3105 1525 3177 1579 sit
3216 1525 3365 1579 illius
3403 1524 3668 1581 substan-

2080 1613 2196 1676 tia,
2237 1612 2574 1681 ignoramus.
2629 1613 2893 1669 Similiter
2947 1617 3091 1686 quod
3151 1616 3461 1687 ubicunque
3528 1616 3669 1671 Deus

2079 1712 2204 1769 est,
2242 1698 2497 1761 norim'us
2528 1753 2539 1766 ,
2582 1708 2856 1777 quomodo
2894 1717 3073 1763 autem
3112 1709 3162 1763 id
3199 1711 3312 1764 ﬁeri
3342 1710 3534 1780 possit.
3570 1727 3669 1765 ne-

382 1798 787 1868 φισθήσομαι,
822 1801 920 1854 καὶ
944 1800 1099 1869 αὑτὴ
1128 1802 1474 1869 ὲμακρύνθη
1497 1800 1600 1855 ἀπ’
1617 1800 1787 1869 ἐμοῦ,
1817 1798 1973 1866 ὑπὲρ

2081 1794 2306 1850 scimus.
2339 1794 2461 1849 Pari
2492 1798 2655 1849 etiam
2686 1797 2847 1851 modo
2876 1800 3148 1865 novimus,
3180 1802 3325 1869 quod
3356 1802 3536 1855 bonus
3560 1811 3667 1866 est,

386 1889 421 1944 ὃ
446 1885 529 1959 ἦν
554 1908 570 1923 ·
609 1892 707 1946 καὶ
742 1892 906 1956 βαθὺ
930 1892 1147 1958 βάθος,
1181 1894 1273 1958 τις
1317 1892 1567 1960 εὑρήσει
1608 1893 1845 1959 αὐτήνς
1877 1892 1973 1943 καὶ

380 1984 413 2037 6
436 1982 647 2047 Παῦλος
679 1984 735 2037 δέ
761 2002 947 2054 φησιν,
979 1984 1041 2036 Ὢ
1080 1982 1276 2049 βάθος
1303 1984 1573 2037 πλούτου
1597 1982 1695 2034 καὶ
1724 1983 1970 2051 σοφίας,

382 2070 481 2125 καὶ
510 2072 781 2141 γνώσεως
815 2072 983 2127 Θεοῦ·
1017 2072 1097 2137 ὡς
1118 2071 1560 2139 ἀνεξερεύνητα
1588 2069 1659 2123 τὰ
1717 2072 1973 2138 κρίματα

382 2164 593 2227 αὑτοῦ,
643 2167 739 2217 καὶ
802 2166 1259 2233 ἀνεξιχνίαστοι
1293 2166 1354 2217 αὶ
1387 2163 1515 2217 ὁδοὶ
1557 2162 1769 2217 αὑτοῦ.
1812 2162 1970 2224 Τινὲς

384 2254 470 2318 ει,
494 2255 589 2308 καὶ
611 2256 755 2308 οὕτω
783 2257 1130 2325 νενοήκασιν·
1161 2254 1566 2324 ἐθαυμαστώθη
1601 2256 1633 2325 ἡ
1663 2256 1828 2322 σοφία
1875 2269 1968 2305 σου

385 2349 452 2402 in
484 2351 582 2419 τῆς
614 2349 757 2419 ὲμῆς
804 2348 1188 2411 διαπλάσεως..
1234 2351 1297 2401 ἐκ
1332 2349 1431 2417 τῆς
1463 2349 1601 2418 ἐμῆς
1624 2348 1969 2418 κατασκευῆς

386 2439 756 2509 ικραταιὼθη,
779 2441 841 2493 οὗ
870 2440 944 2511 μὴ
966 2440 1212 2510 δύνωμαι
1237 2440 1372 2510 πρὸς
1395 2439 1584 2506 αὐτὴν,
1616 2439 1755 2492 om
1789 2440 1963 2510 ὑμνῆ-

390 2548 481 2584 σαι
517 2531 688 2601 αὐτὴν
717 2532 905 2597 ἀξίως.
936 2533 1077 2586 Ἀλλ’
1110 2536 1161 2587 εί
1197 2533 1274 2602 μὴ
1303 2530 1451 2595 οἶδας
1479 2531 1647 2602 αὐτὴν
1702 2532 1970 2604 ἀκριὸὦς,

388 2624 510 2688 πῶς
540 2625 841 2694 θαυμάζεις
875 2627 1046 2696 αὑτήν
1079 2643 1094 2692 ;
1138 2628 1219 2678 Δι’
1255 2626 1388 2678 αὐτὸ
1428 2625 1590 2678 τοῦτο
1618 2626 1857 2686 πάντως,
1890 2626 1973 2677 ὅτι

386 2715 792 2787 ἀκατάληπτος.
846 2720 956 2773 Καὶ
994 2718 1092 2788 τὴν
1126 2718 1359 2788 ἡλιακὴν
1396 2718 1505 2788 γὰρ
1545 2719 1741 2771 ἀκτῖνα
1778 2718 1853 2789 μὴ
1880 2719 1973 2773 δυ-

387 2808 613 2879 νάμενοι
638 2810 998 2880 καταμαθεῖν,
1038 2812 1107 2865 δι’
1124 2812 1255 2865 αὐτὸ
1282 2811 1443 2864 τοῦτο
1480 2811 1720 2881 μάλιστα
1755 2811 1975 2882 θαυμά-

388 2901 577 2973 ζομεν.
620 2899 773 2968 Εἶτα,
800 2906 897 2957 καὶ
924 2905 1117 2975 ἑτέραν
1149 2904 1420 2975 θαυμάζει
1458 2904 1690 2974 δύναμιν
1718 2903 1812 2959 τοῦ
1835 2903 1971 2958 Θεοῦ

385 2994 450 3044 τὸ
499 2994 777 3062 πανταχοῦ
840 2996 1123 3062 παρεῖναι,
1167 2995 1232 3063 τῇ
1263 2990 1511 3063 δυνάμει,
1565 2991 1660 3044 καὶ
1723 2989 1970 3062 προνοίᾳ,

389 3080 488 3136 καὶ
545 3083 725 3137 πάντα.
746 3081 910 3136 τόπον
940 3083 1046 3155 πλη
1056 3082 1209 3151 ροῦν.

2082 1885 2227 1955 quod
2292 1885 2608 1941 misericors
2639 1928 2653 1953 ,
2706 1889 2853 1956 quod
2918 1890 3138 1958 sapiens
3194 1900 3245 1944 et
3294 1901 3527 1959 potens,
3571 1890 3669 1945 sed

2083 1974 2367 2041 bonitatis,
2396 1976 2814 2041 misericordiae,
2848 1980 3129 2048 sapientiae
3164 1982 3378 2046 modus,
3405 1992 3500 2034 aut
3534 1998 3671 2051 qua-

2083 2070 2211 2124 litas
2247 2086 2277 2123 a
2312 2081 2500 2124 nostra
2534 2071 2847 2140 cognitione
2890 2074 3081 2141 procul
3133 2085 3236 2127 est.
3292 2076 3390 2128 llis
3425 2091 3670 2130 consona

2083 2168 2230 2225 sunt,
2260 2178 2380 2232 qua:
2410 2164 2679 2217 habentur
2713 2165 2855 2233 apud
2889 2166 3259 2220 Ecclesiasten
3300 2184 3314 2220 :
3358 2166 3483 2219 Dixi
3514 2183 3533 2221 :
3564 2166 3669 2223 Su-

2083 2254 2227 2322 piens
2261 2255 2476 2322 eﬂieiar,
2503 2265 2552 2309 et
2602 2256 2718 2324 ipsa
2762 2257 2964 2326 longius
2995 2256 3139 2325 facta
3171 2270 3247 2311 est
3278 2276 3309 2310 a
3344 2276 3424 2313 me
3452 2302 3468 2323 ,
3505 2263 3669 2329 magis

2085 2360 2240 2414 quam
2277 2358 2388 2399 erat
2419 2387 2433 2408 ,
2474 2356 2521 2399 et
2577 2348 2840 2416 profunda
2872 2349 3212 2417 profunditas
3240 2389 3255 2414 ,
3287 2354 3404 2420 quia
3446 2351 3671 2405 inveniet

2081 2454 2196 2491 eam
2232 2438 2276 2468 ⁷⁸
2311 2437 2334 2490 ?
2398 2438 2599 2494 Paulus
2647 2440 2810 2493 etiam
2845 2456 2860 2493 :
2913 2440 2956 2495 Ο
2996 2442 3315 2507 profundum
3357 2442 3669 2495 divitiarum

2082 2530 2354 2597 sapientia:
2396 2541 2443 2583 et
2488 2531 2719 2583 scientia:
2770 2531 2863 2585 Dei
2913 2532 3086 2598 dixit;
3142 2549 3301 2601 quam
3351 2534 3671 2601 imperum—

2082 2622 2270 2675 tabilia
2294 2634 2412 2675 sunt
2434 2622 2643 2692 judicia
2670 2624 2804 2691 ejus,
2826 2634 2874 2677 et
2904 2626 3285 2695 investigabiles
3310 2628 3406 2681 vite
3435 2626 3548 2695 ejus
3573 2625 3667 2677 "1’

2082 2714 2313 2779 Quidam
2350 2729 2477 2769 vero
2528 2714 2597 2768 ita
2634 2716 3062 2770 intellexerunt:
3099 2716 3361 2771 Mirabilis
3396 2718 3534 2770 facta
3584 2727 3671 2771 c:-t

2081 2804 2310 2861 scientia
2332 2848 2346 2868 ,
2376 2822 2439 2860 ac
2485 2806 2753 2873 sapientia
2786 2818 2875 2859 tua
2916 2823 2980 2861 ex
3022 2809 3300 2863 creatione
3327 2849 3343 2874 ,
3371 2815 3427 2862 et
3468 2808 3669 2862 forma-

2082 2897 2230 2952 tione
2276 2910 2439 2951 mea:
2472 2904 2525 2951 et
2576 2898 2648 2949 ita
2693 2898 2959 2963 invaluit,
3011 2907 3069 2952 ut
3118 2914 3245 2954 vere
3296 2916 3623 2971 cognoscam
3653 2940 3669 2964 ,

2084 2989 2228 3061 quod
2277 3006 2386 3045 non
2433 2998 2621 3060 potero
2667 2991 2733 3045 ad
2785 3007 2903 3045 eam
2950 2994 3240 3061 pervenire
3288 3004 3346 3047 ut
3385 2994 3674 3065 condignis

2081 3098 2200 3137 eam
2259 3082 2511 3137 laudibus
2558 3083 2850 3138 celebrem.
2917 3080 3124 3138 Verum
3180 3086 3227 3141 si
3287 3084 3444 3155 plene
3504 3096 3671 3156 atque

388 3184 580 3229 exacte
616 3190 720 3229 non
748 3176 901 3230 novit
930 3191 1049 3228 eam
1088 3179 1281 3229 beatus
1313 3173 1519 3237 David,
1549 3175 1825 3246 quomodo
1890 3188 2011 3228 eam
2050 3172 2396 3227 admiratur?
2450 3172 2530 3228 Ob
2600 3174 2702 3227 hoc
2751 3175 2963 3242 ipsum,
3010 3174 3223 3245 inquit,
3277 3192 3490 3231 summe
3547 3176 3666 3231 eam

391 3269 659 3334 admiror,
694 3270 825 3339 quia
866 3270 1446 3340 incomprehensibilis
1494 3254 1636 3325 est.‘
1680 3268 1817 3324 Nam
1882 3280 1936 3320 et
2006 3269 2218 3324 solares
2275 3270 2461 3324 radios
2516 3271 2756 3334 intueri,
2810 3281 2975 3340 atque
3049 3274 3511 3342 comprehendere
3556 3289 3667 3328 non

390 3361 637 3417 valemus
661 3404 677 3430 ,
706 3374 867 3432 atque
893 3364 964 3419 ob
988 3364 1093 3418 hoc
1128 3365 1308 3432 ipsum
1344 3378 1441 3419 eos
1471 3364 1766 3434 plurimmn
1797 3364 2159 3421 admiramur.
2222 3363 2425 3417 Deinde
2494 3365 2654 3417 aliam
2717 3364 2809 3420 Dei
2880 3369 3176 3434 potentiam
3237 3369 3670 3424 adrnirabundus

392 3463 614 3519 narrat,
645 3458 793 3524 quod
824 3457 1176 3526 providentia
1208 3456 1469 3511 nimirum
1505 3473 1567 3509 ac
1589 3458 1834 3526 potentia
1867 3472 1961 3512 sua
1990 3495 2005 3519 ,
2038 3455 2181 3510 Deus
2207 3456 2407 3524 ubique
2440 3457 2611 3519 adest,
2650 3469 2809 3523 atque
2835 3474 3052 3512 onmem
3092 3460 3275 3527 implet
3301 3461 3499 3515 locum.

461 3547 588 3602 Ποῦ
604 3548 876 3616 πορευθῶ
891 3549 1009 3603 ἀπὸ
1039 3550 1145 3604 τοῦ
1176 3551 1521 3619 πνεύματός
1558 3565 1712 3614 σου;
1745 3550 1975 3605 καὶάπέ

2163 3547 2329 3602 Vens.
2364 3548 2395 3599 7
2420 3589 2435 3614 ,
2469 3548 2521 3603 8.
2570 3550 2685 3615 Quo
2712 3551 2797 3602 ibo
2830 3569 2859 3601 a
2885 3553 3075 3619 spiritu
3112 3555 3240 3607 tua?
3282 3564 3331 3607 et
3388 3571 3488 3624 quo
3532 3555 3670 3624 facie

390 3640 499 3694 τοῦ
516 3640 840 3707 προσώπου
862 3657 980 3696 σου
1011 3641 1131 3698 ποῦ
1142 3643 1312 3711 φύγω
1334 3660 1353 3709 ;
1372 3642 1514 3699 Ἐὰν
1542 3641 1743 3697 ἀναόῶ
1759 3646 1846 3709 εις
1874 3642 1975 3697 τὸν

2082 3654 2173 3695 tua
2230 3643 2476 3711 fugiam?
2531 3646 2576 3695 si
2618 3648 2904 3697 ascendere
2945 3646 2999 3696 in
3047 3646 3233 3699 uelum
3262 3658 3315 3699 tu
3346 3646 3459 3700 illic
3496 3665 3550 3702 es
3584 3689 3601 3711 ,
3626 3650 3672 3704 ei

397 3730 686 3799 οὐρανὸν,
713 3732 795 3785 σὺ
835 3731 963 3785 ἐκεῖ
979 3730 1072 3787 εἷ’
1105 3734 1217 3788 ἐὰν
1266 3733 1500 3787 κατασῶ
1538 3737 1625 3801 εις
1655 3737 1761 3788 τὸν
1801 3735 1975 3802 ᾅδην,

2081 3733 2394 3787 descendere
2424 3736 2476 3785 in
2511 3734 2773 3803 infernum
2803 3774 2816 3799 ,
2848 3734 2997 3788 ades.
3027 3735 3130 3789 Per
3164 3735 3416 3803 spiritum
3449 3735 3541 3791 Dei
3571 3776 3585 3799 .
3613 3747 3670 3791 cl.

393 3824 586 3892 πάρει.
626 3821 851 3895 Πνεῦμα
881 3828 975 3877 καὶ
1006 3828 1299 3896 πρόσωπον
1335 3826 1496 3889 Θεοῦ,
1532 3828 1625 3879 τὴν
1658 3826 1791 3880 Θεὸν
1827 3826 1978 3894 λέγει

392 3916 536 3969 κατά
567 3918 919 3988 περίφρασιν,
950 3921 983 3989 ἢ
1021 3918 1241 3989 πνεῦμα
1307 3919 1407 3989 μὲν
1439 3920 1631 3985 αὑτοῦ,
1663 3918 1723 3971 τὸ
1753 3918 1978 3989 Πνεῦμα

392 4007 455 4061 τὸ
481 4008 661 4076 ἆγιον,
705 4010 999 4079 πρόσωπον
1043 4010 1101 4063 δὲ
1138 4010 1328 4075 αὑτοῦ,
1368 4012 1461 4064 τὸν
1495 4010 1646 4076 Υιδν,
1681 4011 1756 4074 ὡς
1792 4012 1978 4065 εἰκόνα

391 4100 488 4155 τοῦ
534 4101 767 4171 “acpbe,
810 4103 903 4155 καὶ
928 4104 1255 4173 χαρακτῆρα
1283 4104 1381 4173 τῆς
1403 4104 1757 4167 ὑποστάσεως
1782 4104 1975 4159 αὑτοῦ.

401 4190 468 4244 '0
496 4190 765 4258 ἑωρακὼς
794 4193 927 4261 γὰρ,
954 4193 1141 4262 φησιν,
1171 4192 1297 4261 ἐμὲ,
1320 4194 1545 4260 ἑώρακε
1572 4195 1679 4247 τὸν·
1700 4194 1956 4260 Πατέρα.

397 4281 497 4333 Διὰ
522 4280 623 4349 μὲν
654 4279 748 4334 τοῦ
811 4280 1067 4351 οὐρανοῦ,
1119 4283 1210 4334 τὸν
1258 4281 1534 4353 ἀνώτερον
1566 4283 1857 4353 δεδήλωκε,
1889 4284 1976 4337 διὰ

395 4371 455 4425 δὲ
482 4373 579 4425 τοῦ
635 4370 795 4443 ᾅδου,
832 4373 893 4425 τὸ
934 4373 1270 4428 κατώτατον.
1322 4370 1458 4426 Εἶτα
1512 4374 1680 4441 λέγει,
1741 4377 1835 4430 καὶ
1876 4380 1975 4445 τὴν

395 4463 654 4526 ἄϐυσσον,
722 4465 815 4517 καὶ
862 4466 951 4518 τὸν
996 4463 1250 4534 πυθμένα
1295 4466 1395 4535 τῆς
1449 4464 1745 4536 θαλάσσης·
1801 4467 1870 4520 δι’
1898 4460 1974 4521 ὧν

395 4556 655 4609 ἁπάντων
695 4558 876 4610 πάντα
927 4557 1096 4610 τόπον
1143 4557 1346 4610 ἄδατον
1396 4556 1719 4627 ἀνθρώπους
1761 4574 1974 4628 συμπε-

2080 3840 2178 3894 per
2215 3825 2404 3878 faciem
2442 3823 2571 3889 Dei,
2628 3824 2793 3879 Deum
2848 3827 3024 3894 ipsum
3062 3825 3538 3893 circumloquitur.
3570 3822 3668 3881 γιιι

2081 3930 2177 3984 per
2203 3914 2457 3985 spiritum
2514 3916 2642 3980 Dei,
2681 3928 2930 3970 sanctum
2986 3915 3249 3986 Spiritum
3278 3917 3538 3987 intelligo.
3567 3919 3671 3974 I'er

2080 4006 2272 4061 faciem
2307 4023 2456 4072 vero,
2484 4010 2661 4078 ipsum
2691 4007 2887 4062 Filium
2916 4051 2930 4075 ,
2982 4018 3243 4079 tanquam
3275 4026 3454 4065 veram
3496 4016 3669 4082 patris

2083 4099 2307 4168 ﬁguram
2332 4138 2346 4163 ,
2380 4108 2434 4155 et.
2464 4101 2835 4155 certissimum
2866 4100 3018 4155 illius
3054 4102 3252 4157 divina:
3283 4111 3494 4157 naturae
3536 4104 3668 4157 cha-

2081 4200 2343 4244 racterem
2388 4208 2403 4244 :
2436 4190 2540 4256 Qui
2574 4190 2719 4244 enim
2746 4233 2760 4255 ,
2799 4192 3010 4261 inquit,
3037 4192 3162 4244 vidit
3191 4210 3270 4245 me
3290 4233 3303 4257 ,
3330 4194 3458 4247 vidit
3480 4203 3530 4247 et
3562 4211 3663 4263 pa-

2081 4290 2210 4334 trem
2241 4297 2412 4334 mcum
2454 4282 2522 4336 ".
2579 4281 2679 4335 l’er
2716 4284 2915 4336 coelum
2948 4294 3127 4337 autem
3160 4300 3399 4354 superna
3426 4324 3443 4349 ,
3486 4295 3539 4340 et
3568 4302 3666 4354 prr

2079 4374 2395 4437 infernum,
2436 4373 2650 4428 inferna
2701 4373 2823 4427 loca
2873 4374 3169 4429 denotavit.
3240 4376 3443 4431 Deinde
3500 4377 3662 4431 etiam

2078 4466 2339 4533 abyssum
2398 4464 2567 4525 dicit,
2612 4472 2666 4518 ct
2724 4463 3055 4535 profundum
3125 4468 3292 4522 maris
3346 4485 3361 4521 :
3414 4483 3508 4536 per
3546 4485 3667 4541 qua:

2077 4555 2261 4608 omnia
2296 4555 2578 4610 inaccessa
2626 4555 2942 4612 hominibus
2976 4559 3092 4613 loca
3120 4558 3485 4629 subsignavit.

438 4647 676 4701 ιὲὄαλεν.

438 4664 676 4701 ιευαλεν.
1190 4664 1198 4666 ‘

399 4664 430 4718 ρ
478 4739 619 4793 Ἐὰν
677 4738 1032 4811 ἁναλάϐοιμι
1061 4740 1168 4807 τὰς
1197 4740 1496 4809 πτέρυγάς
1526 4758 1648 4809 μου
1703 4742 1832 4795 κατ’
1872 4741 1971 4808 ὅρα

2148 4730 2319 4786 Vens.
2355 4732 2387 4787 9
2416 4772 2433 4797 ,
2470 4733 2555 4787 10.
2609 4732 2668 4787 Si
2711 4751 3045 4803 assumpsero
3088 4735 3205 4788 alas
3242 4752 3383 4789 meas
3407 4737 3662 4800 diluculo,

393 4836 556 4897 Opor,
611 4831 708 4885 καὶ
761 4833 1211 4900 κατασκηνώσω
1239 4835 1329 4899 εις
1354 4833 1424 4886 τὰ
1447 4832 1679 4900 ἔσχε-τα
1708 4830 1820 4899 τῆς
1868 4834 1969 4886 θα·

2081 4833 2123 4879 et
2163 4825 2466 4880 habitavero
2499 4828 2553 4878 in
2580 4830 2826 4881 extremis
2859 4831 3021 4882 maris
3058 4844 3074 4882 :
3101 4831 3288 4882 etenim
3319 4830 3449 4883 illuc
3477 4848 3663 4885 manus

391 4921 660 4988 .ldo'a'nc,
695 4923 794 4975 καὶ
829 4923 937 4991 γὰρ
961 4899 1094 4976 ἐκεῖ
1133 4925 1171 4990 ἠ
1202 4925 1333 4992 χείρ
1384 4940 1502 4977 σου
1530 4899 1533 4900 ν
1560 4922 1849 4991 ὁδηγήσει
1876 4939 1974 4991 με,

2083 4930 2177 4970 tua
2209 4917 2429 4971 deducet
2492 4933 2607 4983 me,
2643 4928 2693 4972 et
2736 4920 2925 4972 tenebit
2987 4936 3067 4972 me
3116 4920 3333 4974 dextera
3389 4932 3502 4975 tua.
3566 4924 3664 4976 l'rr

393 5014 493 5068 καὶ
525 5014 756 5078 καθέξει
798 5030 876 5083 με
914 5014 951 5079 ἡ
998 5013 1169 5078 δεξιὰ
1216 5029 1357 5069 σου.
1418 5015 1695 5083 Πτέρυγες
1725 5012 1975 5083 αὺτοῦ,ἠ

2081 5008 2196 5063 alas
2224 5050 2240 5075 ,
2269 5010 2567 5078 potentiam
2600 5010 2743 5063 illam
2777 5012 2977 5065 mentis
3009 5012 3291 5083 intelligit,
3326 5030 3433 5084 qua
3466 5016 3659 5069 huma-

392 5110 653 5178 κινητική
698 5106 930 5175 δύναμις
984 5106 1078 5159 τοῦ
1124 5107 1239 5161 νοῦ.
1295 5106 1427 5159 Ἐὰν
1480 5102 1856 5175 ταῐςπτέρυξι
1886 5102 1975 5156 τοῦ

2081 5114 2184 5155 nus
2213 5100 2525 5156 intellectus
2548 5111 2816 5155 movetur.
2846 5100 2900 5155 Si
2929 5104 3060 5171 alis,
3096 5105 3310 5175 inquit,
3351 5108 3661 5166 intelieetns

397 5200 491 5252 νοῦ
562 5216 690 5268 μου,
753 5199 939 5267 φησὶν,
992 5198 1319 5267 καταντήσω
1342 5198 1420 5260 εἰς
1466 5196 1564 5267 τὴν
1589 5196 1825 5251 ἄϐυσσον
1879 5195 1975 5265 τῆς

2082 5194 2185 5246 mei
2235 5193 2289 5246 in
2340 5191 2595 5263 abyssum
2638 5196 2805 5250 maris
2850 5210 3169 5264 pervenero,
3217 5213 3284 5253 eo
3326 5201 3558 5255 consilio
3600 5211 3660 5257 ut

395 5292 694 5360 θαλάσσης,
751 5289 890 5343 ὥστε
943 5291 1050 5344 κᾶν
1100 5290 1217 5342 ἐκεῖ
1252 5288 1513 5342 δύνασθαι
1573 5287 1845 5359 κρυϐῆναι
1875 5287 1975 5340 ἀ.πῦ

2083 5283 2194 5338 illic
2220 5285 2410 5338 saltem
2440 5284 2644 5353 possim
2682 5301 2708 5339 a
2740 5294 2796 5339 te
2822 5287 3082 5343 abscondi
3109 5328 3125 5355 ,
3171 5292 3408 5361 potentia
3456 5302 3546 5348 tua
3576 5296 3659 5348 ni-

396 5380 723 5449 σεῦ,ικεῑὴ
779 5378 1008 5449 δύναμίς
1066 5396 1163 5432 σου
1215 5378 1475 5449 ὁδηγήσει
1520 5393 1610 5448 με,
1664 5378 1761 5431 καὶ
1816 5374 1973 5439 αὖθις

2081 5375 2381 5431 hilominus
2421 5376 2549 5431 illuc
2582 5378 2743 5432 etiam
2780 5394 2867 5434 me
2899 5381 3129 5437 deducet
3158 5423 3174 5448 ,
3210 5392 3265 5437 et
3298 5400 3488 5441 rursus
3514 5389 3660 5441 deti-

394 5468 615 5537 καθέξιι
648 5489 713 5539 με
736 5488 749 5502 ·
808 5472 1111 5537 τουτέστιν,
1147 5470 1268 5525 οὐδὲ
1297 5471 1416 5525 ἐκεῖ
1466 5471 1599 5525 ἄνευ
1631 5468 1805 5539 αὐτῆς
1834 5470 1973 5522 ἁπε-

2081 5468 2229 5523 nebit
2258 5482 2381 5533 me;
2425 5467 2527 5523 hoc
2551 5476 2670 5524 est:
2704 5468 2890 5541 Neque
2920 5473 3047 5526 illuc
3082 5473 3246 5528 etiam
3278 5474 3398 5531 sine
3426 5485 3515 5530 tua
3552 5492 3653 5546 po-

391 5559 681 5632 λιύσομαι,
746 5561 882 5615 ἀλλὰ
932 5559 1377 5633 προπορεύσεταῐ
1410 5578 1537 5633 μου,
1561 5557 1840 5614 ἐνδιδοῦσα
1872 5575 1969 5611 πο-

2081 5560 2249 5614 tentia
2281 5558 2571 5629 accedam;
2627 5562 2875 5632 quinimo
2907 5564 2995 5620 illa
3052 5566 3264 5635 praeibit
3299 5583 3407 5634 me,
3435 5567 3525 5626 ilia
3551 5571 3658 5625 iter

466 5747 514 5782 "
543 5746 720 5803 Ecele.
757 5762 850 5816 vn,
882 5746 973 5803 24.
1048 5748 1094 5781 ν’
1129 5745 1285 5805 Rom.
1326 5762 1401 5812 st,
1436 5746 1525 5802 53.
1598 5744 1643 5778 ”
1684 5741 1843 5797 Joan.
1872 5754 1983 5810 xw,
2022 5740 2075 5797 9.
