4090 6288
493 241 632 306 1255

1753 245 2137 307 Ευτι-ιγΜιί
2172 247 2342 304 ZiGA
2357 245 2532 304 BENI

3619 238 3752 304 1256

480 359 794 423 concedet,
829 366 995 430 atque
1046 360 1155 415 illic
1208 364 1371 416 etiam
1422 377 1505 416 me
1552 360 1850 426 detinebit,
1885 363 1958 416 ita
2013 372 2072 416 ut

2178 363 2452 433 ρεύεσοαι,
2491 365 2583 416 καὶ
2610 365 2830 430 καθέξει
2855 358 3012 427 αὖθις
3038 364 3095 416 ἐν
3131 361 3379 432 ἀφύκτῳ,
3415 360 3535 413 κατ’
3556 359 3754 428 ὄρθρον

491 453 642 505 illinc
673 451 905 506 evadere
947 468 1052 506 non
1085 453 1318 508 valeam.
1382 452 1483 507 Per
1513 453 1809 509 diluculum
1839 467 2018 510 autem
2046 497 2060 518 ,

486 537 620 591 illud
670 548 885 608 tempus
935 540 1236 611 intelligit,
1275 557 1382 612 quo
1418 543 1765 613 potissimum
1822 547 2058 599 humana

488 646 644 684 mens
676 631 860 684 sobria
891 646 1014 687 esse
1049 636 1207 688 solet.
1238 634 1522 704 Superﬂua
1553 646 1635 691 est
1667 636 1828 691 etiam
1867 637 2058 703 dictio,

485 721 667 777 Enim.
717 723 950 789 Quidam
1003 734 1266 795 praeterea
1295 743 1390 796 per
1428 728 1753 796 diluculum,
1789 729 2058 785 orientem

483 812 915 880 i..teliexerunt;
953 829 1214 871 occasum
1241 833 1394 882 vero,
1433 833 1530 887 per
1569 825 1815 873 extrema
1856 820 2025 874 maris
2049 860 2066 886 ,

485 919 544 959 ut
570 909 642 960 sit
681 925 884 965 sensus
931 928 944 963 :
1005 910 1062 966 Si
1098 912 1381 967 intellectu
1422 927 1563 978 meo,
1608 912 1771 967 veluti
1802 913 1905 969 alis
1948 911 2071 983 qui-

483 1001 711 1054 husdam
785 1005 1067 1070 munitus,
1117 1006 1170 1059 in
1227 1006 1437 1061 oriente
1483 1007 1728 1061 elevatus
1780 1006 1959 1072 fuero,
2013 1015 2070 1062 et

481 1108 784 1160 pervenero
816 1112 994 1165 usque
1053 1097 1108 1151 in
1173 1098 1555 1164 occidentem,
1609 1098 1850 1168 potentia
1888 1109 2067 1154 tamen

2170 456 2225 508 δὲ
2283 451 2430 520 εἶπε,
2480 455 2664 525 ,δηλῶν
2716 455 2807 508 τὸν
2863 455 3053 524 καιρὸν
3082 455 3174 507 ὅτε
3202 454 3438 522 μάλιστα
3469 450 3748 520 νηφαλέος

2173 548 2319 598 ἐστὶν
2358 550 2385 599 ὁ
2413 546 2557 610 νοῦς.
2614 548 2876 618 Περιττδν
2912 547 2968 599 δὲ
3014 545 3077 598 τὸ
3109 545 3240 613 γάρ.
3279 545 3436 608 Τινὲς
3466 544 3520 596 δὲ
3553 543 3757 613 ὄρθρον

2173 639 2270 708 μὲν
2299 639 2399 708 τὴν
2426 639 2692 710 ἀνατολὴν
2719 638 2969 710 ἐνόησαν·
2997 638 3201 708 ἔσχατα
3229 637 3286 690 δὲ
3315 636 3415 707 τῆς
3445 635 3757 705 θαλάσσης,

2169 730 2268 800 τὴν
2296 730 2467 784 δύσιν⁶
2500 727 2613 784 οἷον
2670 731 2765 784 ἐὰν
2815 730 3176 800 πτερύξωμςιι
3211 729 3289 800 τῷ
3351 728 3429 800 νῷ
3483 745 3585 795 μου
3611 730 3762 781 κατὰ

2168 826 2270 891 τὴν
2297 823 2587 894 ἀνατολὴν,
2639 826 2736 876 καὶ
2776 826 3106 894 καταντήσω
3156 823 3234 885 si;
3276 823 3375 894 τὴν
3429 822 3604 885 δύσιν,
3661 821 3762 873 καὶ

2168 917 2247 978 εἰς
2271 916 2368 985 τὴν
2411 914 2700 987 ἀνατολήν,
2728 917 2761 987 ἡ
2789 916 3021 987 δύναμίς
3079 933 3171 970 σου
3203 915 3462 986 ὁδηγήσει
3497 931 3566 983 με
3621 929 3759 964 πτε-

2172 1006 2528 1076 ρυσσόμενον,
2558 1007 2653 1061 καὶ
2681 1009 2760 1071 εἰς
2787 1007 2886 1078 τὴν
2927 1007 3081 1061 δύσιν
3108 1007 3464 1060 καταντῶντα
3510 1003 3650 1072 αὐτή
3690 1020 3761 1072 με

2169 1097 2412 1164 καθέξει.

482 1199 572 1240 tua
609 1189 696 1242 illa
731 1192 836 1243 erit
863 1229 876 1254 ,
904 1205 1026 1259 quae
1055 1200 1107 1246 ct
1131 1191 1184 1244 in
1218 1193 1429 1246 oriente
1458 1191 1567 1245 dux
1597 1191 1730 1244 mihi
1757 1192 1863 1245 erit
1891 1229 1909 1256 ,
1942 1191 2072 1246 dum
2111 1191 2296 1246 elevor
2328 1208 2342 1244 :
2393 1199 2448 1246 et
2496 1193 2551 1246 in
2591 1192 2879 1250 occidente
2957 1208 3044 1250 me
3123 1191 3584 1265 comprehendet,
3631 1203 3762 1244 cum

481 1287 611 1342 illuc
639 1304 954 1357 pervenero.

551 1380 718 1436 Vens.
756 1383 840 1438 il.
879 1382 941 1436 Et
975 1385 1116 1450 dixi,
1144 1383 1412 1454 Numquid
1436 1384 1659 1439 tenewa
1685 1384 2067 1440 conculcabunt

481 1472 609 1524 me?
659 1479 708 1525 et
755 1488 858 1527 no.1:
916 1475 1236 1528 iiiuminatio
1289 1475 1342 1526 in
1372 1474 1574 1529 deliciis
1627 1476 1774 1529 meis.
1821 1473 2070 1545 Cogitavi

482 1564 623 1617 intra
661 1581 786 1631 me,
843 1565 1106 1635 numquid
1163 1567 1208 1622 si
1264 1566 1520 1620 tenebras
1559 1566 1841 1635 ingressus
1890 1563 2066 1633 fuero,

481 1655 654 1710 latere
688 1664 880 1723 potem
915 1659 988 1711 ita
1037 1663 1097 1710 nt
1149 1657 1218 1710 ab
1249 1657 1360 1712 illis
1407 1656 1718 1711 abscondar
1748 1655 1770 1709 ?
1822 1655 1895 1711 ita
1920 1659 2067 1711 enim

482 1749 791 1817 signiﬁcare
823 1749 1090 1803 voluutea
1121 1749 1285 1803 verba
1323 1765 1338 1802 :
1374 1746 1645 1818 Numquid
1678 1749 1905 1802 tenebrae
1943 1763 2070 1801 cou-

483 1840 768 1895 culcabunt
795 1844 918 1899 me?
947 1842 1094 1912 quod
1143 1841 1516 1912 metaphorice
1545 1841 1751 1896 dictum
1786 1850 1887 1896 est.
1928 1839 2066 1897 Nam

481 1933 516 1987 ii
542 1933 636 2004 qui
669 1935 844 1988 solum
873 1934 1104 2004 pedibus
1127 1933 1456 1989 canonicam
1485 1975 1502 2000 ,
1531 1934 1788 2005 obtegere
1818 1931 1950 1987 illud
1984 1940 2069 1987 at-

478 2042 590 2096 que
657 2026 995 2082 abscondere
1076 2025 1481 2098 quodammodo
1552 2027 1716 2082 etiam
1792 2026 2068 2080 videntur.

480 2118 690 2176 Deinde
721 2121 962 2174 intellexi
990 2120 1136 2189 quod
1169 2120 1284 2189 ipsa
1314 2120 1477 2175 etiam
1523 2133 1629 2173 nox
1663 2117 1718 2170 in
1749 2115 1858 2172 Deo
1885 2118 2064 2172 lucida

430 2243 432 2246 ν
478 2219 604 2277 est,
664 2212 812 2266 hunc
868 2212 1072 2266 etenim
1135 2212 1302 2265 Deum
1356 2207 1626 2280 Propheta
1667 2207 1892 2264 delicias
1939 2225 2068 2265 suas

476 2301 804 2371 appellavit,
834 2300 991 2369 cujus
1016 2299 1100 2356 vel
1129 2301 1301 2355 solam
1331 2299 1654 2353 memoriam
1689 2298 2066 2354 obieetamen-

2099 1806 2146 1866 Β

2257 1379 2367 1434 Καὶ
2421 1374 2580 1433 εἶπα·
2616 1373 2763 1447 Ἀρα
2818 1379 3040 1444 σκότος
3089 1377 3506 1447 καταπατῆσαι
3527 1395 3624 1448 με,
3659 1375 3761 1431 καὶ

2173 1473 2290 1537 νὺξ
2319 1473 2622 1543 φωτισμὸς
2645 1473 2716 1525 ἐν
2743 1471 2818 1540 τῇ
2848 1471 3046 1543 τρυφῇ
3063 1471 3208 1541 pou.
3244 1471 3614 1541 Ἐλογισάμην
3644 1466 3764 1540 ἆρα

2177 1567 2404 1628 σκότους
2459 1563 2939 1637 ὑποδυσκρυϐῆναι
2992 1566 3345 1638 δυνήσομαι,
3394 1561 3505 1634 ἄρα
3569 1563 3764 1625 σκότος

2174 1655 2515 1727 κατακρύψει
2570 1674 2661 1726 με,
2706 1652 2838 1711 εἶπα
2883 1659 2945 1710 ὲν
3002 1656 3274 1727 ὲμαυτῷς
3314 1655 3475 1710 τοῦτο
3517 1657 3651 1726 γὰρ,
3702 1656 3764 1708 ’τὸ

2176 1748 2613 1820 καταπατήσει,
2635 1749 2792 1820 δηλοῖ
2813 1763 2828 1778 ⁸
2873 1749 3110 1820 κρύπτει
3141 1747 3252 1820 γὰρ
3280 1749 3343 1802 τὸ
3369 1747 3569 1818 ἔδαφος
3597 1748 3627 1801 6
3655 1763 3764 1800 παι

2173 1840 2283 1897 τῶν
2311 1842 2466 1900 αὐτό.
2513 1836 2652 1898 Εἶτα
2690 1843 2941 1909 συνεῖκα,
2991 1844 3086 1896 καὶ
3134 1843 3170 1914 ή
3198 1841 3296 1909 νὺξ
3324 1840 3485 1912 αὐτὴ,
3521 1840 3761 1909 φωτεινή

2174 1933 2344 1999 ἐστιν,
2371 1936 2431 1989 ἐν
2453 1935 2532 2005 τῷ
2578 1933 2721 2006 Θεῷ,
2785 1936 2905 2006 ήτοι
2961 1933 3112 2004 παρὰ
3139 1935 3218 2006 τῷ
3241 1933 3363 2006 Θεῷ
3382 1951 3396 1966 ·
3449 1933 3611 1988 τοῦτο
3648 1934 3764 2002 γὰρ

2174 2026 2352 2096 λέγει,
2394 2027 2610 2100 τρυφὴν
2666 2026 2868 2082 ἑαυτοῦ
2895 2044 2910 2059 ο
2939 2023 3001 2082 οὗ
3034 2027 3128 2081 καὶ
3191 2031 3290 2097 τὴν
3318 2027 3544 2099 μνήμην
3575 2026 3762 2096 μόνον,

2171 2116 2520 2188 εὐφροσύνην
2549 2117 2790 2189 ήγεῖταιο
2864 2116 3220 2188 Ἐμνήσθην
3254 2116 3387 2186 γὰρ,
3435 2116 3595 2186 φησὶ,
3651 2113 3766 2166 τοῦ

2179 2209 2351 2276 Θεοῦ,
2405 2210 2506 2264 καὶ
2549 2210 2935 2280 ηὐφράνθην,
2989 2208 3164 2279 ἔγνων
3191 2208 3274 2263 ὅτι
3319 2207 3444 2262 οὐδὲ
3472 2206 3532 2262 τὸ
3566 2206 3768 2266 σκότος

2179 2302 2388 2374 κρύψαι
2419 2321 2485 2374 με
2521 2303 2632 2358 ἀπὸ
2652 2303 2748 2357 τοῦ
2776 2303 2913 2356 Θεοῦ
2938 2303 3186 2357 δύναται.

479 2405 593 2450 tum
642 2394 747 2449 sibi
789 2410 1061 2448 summum
1106 2410 1229 2449 esse
1274 2393 1590 2447 arbitratur.
1647 2390 1853 2446 Hemor
1883 2394 2062 2461 enim,
2097 2395 2314 2465 inquit,
2352 2396 2433 2466 {ui
2464 2395 2594 2464 Dei,
2621 2404 2673 2450 et
2701 2395 2991 2453 delectatus
3013 2412 3132 2451 sunt
3159 2395 3228 2452 ⁸⁸.
3292 2393 3531 2466 Cognovi
3599 2390 3766 2463 igitur

477 2488 626 2558 quod
661 2503 760 2542 nec
794 2488 924 2557 ipsa:
959 2488 1198 2541 tenebras
1238 2485 1580 2542 abscondere
1621 2501 1708 2540 me
1744 2497 2004 2556 poterunt
2039 2501 2068 2542 a
2104 2487 2236 2544 Deo.

550 2579 716 2636 Vnus.
749 2581 836 2633 12.
881 2581 1018 2647 Quia
1063 2580 1286 2635 tenebrat
1334 2597 1438 2635 non
1479 2582 1902 2635 obscurabuntur
1939 2591 2070 2637 ate.

477 2703 547 2714 --
575 2674 618 2727 A
647 2682 694 2727 te
718 2713 732 2738 ,
765 2673 906 2726 dixit
959 2689 1055 2744 pro
1087 2674 1245 2744 Apud
1297 2685 1379 2739 te,
1432 2673 1896 2744 quemadmodum
1931 2674 2073 2730 alius

479 2771 646 2822 etiam
681 2768 950 2836 interpres
988 2767 1247 2821 reddidit.
1283 2765 1418 2819 Nam
1445 2782 1566 2836 quae
1621 2767 1763 2836 apud
1800 2781 1903 2822 nos
1939 2773 2072 2822 sunt

481 2859 744 2922 tenebrae,
769 2859 910 2926 apud
944 2865 997 2912 te
1027 2858 1265 2913 tenebras
1287 2872 1393 2911 non
1425 2873 1546 2912 sum
1575 2857 1706 2923 ;tibi
1733 2857 1933 2912 etenim
1954 2871 2072 2912 om-

481 2955 570 3005 nia
605 2951 814 3005 lucent.
852 2950 1060 3005 Deinde
1104 2953 1275 3019 magis
1315 2950 1576 3014 declarat,
1608 2949 1801 3004 dicens
1832 2965 1850 3002 :

558 3034 624 3096 Et
653 3057 758 3096 nos:
788 3043 925 3098 sicut
955 3043 1062 3096 dies
1095 3040 1508 3095 illuminabitur.
1535 3042 1688 3112 Apud
1728 3051 1782 3096 te
1807 3040 2037 3098 scilicet.

552 3223 698 3281 Sicut
733 3224 956 3278 tenebras
983 3223 1095 3294 ejus
1123 3263 1138 3289 ,
1171 3222 1246 3274 ita
1279 3231 1327 3276 et
1355 3221 1446 3275 lux
1476 3221 1611 3290 ejus.
1650 3221 1804 3275 Sicut
1836 3223 2074 3276 tenebrae

2255 2586 2376 2640 Ὅτι
2399 2587 2624 2652 σκότος
2643 2587 2715 2640 οὐ
2742 2584 3213 2651 σκοτισθήσεται
3237 2584 3355 2640 ἀπο
3373 2581 3511 2638 σοῦ.
3533 2583 3765 2652 Ἥγουν,

2181 2679 2347 2748 Παρὰ
2378 2679 2497 2734 σοι·
2530 2677 2677 2732 οὕτω
2705 2679 2814 2749 γὰρ
2865 2679 3056 2747 ἕτερος
3104 2678 3393 2745 ἐξέδωκεν,
3428 2676 3510 2730 ὅτι
3539 2675 3601 2728 τὸ
3631 2676 3767 2744 παρ’

2179 2770 2312 2841 ήμίν
2342 2769 2560 2836 σκότος,
2615 2768 2718 2824 οὐκ
2765 2769 2852 2842 εἴη
2908 2769 3103 2831 σκότος
3157 2769 3308 2837 παρᾶ
3344 2767 3428 2821 σοί
3451 2785 3465 2800 θ
3491 2765 3630 2822 ἀλλὰ
3667 2768 3768 2819 καὶ

2177 2863 2315 2918 αὐτὸ
2341 2863 2524 2933 φαίνει
2547 2879 2562 2895 ο
2604 2859 2727 2918 εἶτα
2754 2860 3048 2935 σαφηνίζει
3073 2863 3166 2916 τὸν
3189 2861 3372 2930 λόγον.

2249 3044 2359 3098 Kal
2388 3041 2507 3108 νὺξ
2544 3042 2625 3126 ὡς
2675 3041 2866 3112 ἡμέρα
2924 3040 3390 3112 φωτισθήσεται.
3454 3038 3615 3111 Παρὰ
3679 3042 3767 3096 σοι

2177 3135 2444 3205 δηλονότι.

2263 3230 2359 3297 Ὠς
2389 3233 2454 3286 τὸ
2483 3233 2706 3296 σκότος
2729 3229 2942 3298 αὐτῆς,
2976 3230 3130 3284 οὕτω
3153 3228 3252 3284 καὶ
3293 3229 3364 3283 τὸ
3387 3228 3516 3298 φῶς
3548 3223 3764 3297 αὐτῆς.

479 3320 602 3390 ejus
650 3319 831 3372 noctis
862 3316 1058 3370 lucidze
1099 3324 1228 3370 sunt
1282 3314 1422 3384 apud
1456 3326 1505 3368 te
1531 3357 1544 3378 ,
1593 3313 1672 3368 sic
1700 3314 1866 3366 etiam
1895 3323 1948 3367 et
1972 3314 2063 3367 lux

2185 3323 2273 3386 Ὡς
2306 3323 2367 3376 τὸ
2397 3324 2585 3387 σκότος
2618 3323 2716 3393 τῆς
2778 3322 2973 3384 νυκτὸς
3001 3321 3156 3391 παρά
3187 3320 3271 3373 σοὶ
3301 3321 3587 3390 φωτεινὸν,
3619 3319 3767 3372 οὕτω

482 3413 610 3476 diei,
644 3410 746 3464 hoc
775 3417 860 3463 est
885 3409 994 3463 duo
1018 3410 1132 3462 hazc
1155 3423 1307 3470 atque
1339 3422 1397 3461 se
1423 3409 1625 3460 habent
1646 3407 1788 3475 apud
1817 3416 1889 3469 te,
1920 3421 2077 3476 aeque

480 3508 687 3566 lucent,
713 3518 866 3570 aeque
895 3501 1329 3571 splendescunt;
1362 3500 1517 3568 juxta
1563 3500 1664 3552 hoc
1684 3540 1697 3562 ,
1728 3513 1934 3553 sensus
1961 3509 2073 3565 est,

486 3596 632 3666 quod
658 3597 842 3649 omnia
871 3594 1011 3662 apud
1052 3595 1216 3647 Deum
1250 3592 1538 3647 manifesta
1577 3601 1728 3645 sunt.
1755 3590 2075 3661 intelligun-

487 3699 576 3743 tur
608 3691 770 3743 etiam
813 3687 926 3740 hac
953 3685 1119 3739 verba
1157 3685 1312 3753 juxta
1348 3683 1515 3735 alium
1568 3697 1792 3736 sensum
1829 3700 1843 3735 :
1875 3681 2078 3735 Tenta-

485 3785 724 3845 tionuni,
758 3779 959 3848 inquit,
989 3787 1154 3846 atque
1186 3773 1535 3829 aﬂiictionnin
1565 3775 1804 3828 tenebris
1837 3772 2077 3842 stipatus

481 3872 592 3928 dixi
631 3891 646 3928 :
681 3873 824 3942 quod
859 3869 1196 3923 tentationes
1224 3866 1452 3922 forsitan
1481 3867 1585 3920 mei
1617 3865 2076 3931 dominabuntur,

487 3981 678 4018 verum
709 3975 761 4017 te
791 3964 862 4015 ita
895 3961 1247 4031 postmodum
1280 3958 1512 4022 volente,
1551 3971 1656 4010 nox
1691 3955 1781 4010 illa
1815 3957 2076 4026 nigroris,

483 4051 812 4112 illuminatio
858 4055 1060 4108 lzntitia:
1090 4052 1220 4104 mihi
1250 4050 1440 4105 ell‘ecta
1465 4061 1568 4105 est.
1628 4048 1859 4118 Reliqua
1911 4051 2076 4104 etiam

481 4155 895 4218 consequenter
930 4145 1207 4215 prmdictis
1240 4141 1655 4212 interpretanda
1677 4151 1828 4196 sunt.
1868 4140 2079 4212 Grego-

486 4245 605 4298 rius
635 4257 766 4297 vcro
809 4241 1126 4309 Theologus
1160 4237 1320 4292 aliter
1363 4238 1465 4292 hoc
1513 4237 1723 4291 dictum
1771 4236 2026 4305 exposuit
2063 4251 2077 4288 :

489 4337 606 4399 Mc,
649 4336 862 4404 inquit,
898 4334 1115 4388 deliciis
1149 4339 1416 4395 vacante,
1452 4346 1563 4385 nox
1594 4331 1685 4385 illa
1723 4330 2078 4396 deliciarum,

487 4431 610 4499 quae
664 4437 906 4482 mentem
951 4425 1311 4488 obtenebrat,
1356 4423 1470 4477 visa
1520 4424 1654 4477 mihi
1705 4433 1790 4478 est
1831 4425 2079 4493 quaedam

485 4537 610 4577 esse
641 4519 971 4574 illuminatio
1002 4535 1014 4570 :
1046 4533 1152 4572 nox
1188 4518 1334 4571 enim
1358 4555 1373 4580 ,
1411 4515 1624 4585 inquit,
1666 4513 1911 4585 undique
1946 4516 2080 4570 mihi

495 4618 699 4671 misero
729 4623 852 4670 crat
873 4654 888 4679 ,
919 4623 975 4666 et
1007 4611 1344 4681 ignorabam.
1401 4609 1725 4665 Arbitrabar
1758 4610 1904 4664 enim
1945 4609 2081 4663 deli-

488 4710 606 4764 cias
635 4711 812 4763 lucem
841 4722 984 4761 esse.

565 4803 728 4856 Vens.
760 4800 847 4853 15.
882 4797 1144 4862 Quoniam
1175 4804 1229 4848 tu
1256 4794 1528 4865 possedisti
1549 4811 1724 4848 omnes
1747 4811 1892 4847 renes
1925 4809 2086 4850 meos.

493 4897 600 4950 Per
642 4907 804 4946 renes
831 4906 996 4954 suos,
1042 4891 1284 4957 seipsum
1341 4887 1649 4956 Propheta,
1706 4885 2085 4956 Chrysostomi

491 4987 804 5049 sententia,
856 4983 1339 5051 circumloquitur,
1384 4980 1554 5034 veluti
1613 4995 1642 5032 a
1699 4991 1854 5048 parte
1909 4988 2083 5033 totum

493 5084 836 5138 describens.
886 5076 1156 5144 Quoniam
1210 5085 1266 5130 tu
1300 5117 1313 5139 ,
1349 5076 1553 5145 inquit,
1607 5074 1900 5146 possedisti
1957 5090 2083 5142 me,

493 5179 602 5234 hoc
628 5185 742 5238 est,
780 5172 1186 5243 possessionem
1227 5182 1376 5224 tuam
1417 5184 1503 5223 me
1543 5168 1771 5223 ell‘ecisti
1806 5185 1820 5221 :
1852 5169 2078 5239 dignum

491 5270 755 5326 nimirum
788 5277 877 5320 tua
902 5265 1266 5336 providentia.
1293 5263 1425 5318 Nam
1457 5261 1551 5333 qui
1576 5261 1782 5331 aliquid
1815 5262 2080 5330 possidet,

493 5365 645 5420 illius
671 5365 838 5416 etiam
868 5374 1056 5415 curam
1096 5358 1280 5412 habet.

566 5455 832 5524 Adjuuisti
889 5469 970 5506 me
1007 5453 1071 5504 de
1104 5462 1278 5506 ventre
1321 5451 1507 5505 matris
1545 5466 1694 5504 metr.
1763 5449 1821 5503 In
1860 5456 2084 5518 septua-

492 5554 702 5624 gcsimo
735 5549 898 5604 etiam
930 5547 1139 5616 psalmo
1171 5547 1308 5601 dixit
1355 5563 1368 5600 :
1425 5543 1501 5599 De
1525 5551 1698 5599 ventre
1730 5543 1916 5597 matris
1956 5557 2084 5596 meta

568 5731 786 5787 “i’sal.
837 5745 1018 5794 Luvi,
1083 5727 1134 5779 ἃ.

2180 3417 2481 3486 7.0.1159th
2510 3416 2604 3486 τῆς
2626 3416 2861 3486 ἡμέραν
2885 3416 3164 3468 τουτέστιν
3183 3409 3275 3466 ἶσα
3295 3415 3445 3481 παρὰ
3470 3415 3551 3467 σοὶ
3573 3413 3764 3482 ἄμφω,

2181 3509 2275 3561 καὶ
2309 3509 2510 3579 ὁμοίως
2574 3509 2834 3576 φωτεινὰ.
2907 3509 3097 3561 Ταῦτα
3151 3509 3250 3576 μὲν
3304 3506 3552 3576 περὶτοῦ
3586 3510 3770 3559 πάντα

2183 3602 2396 3672 φανερὰ
2423 3597 2564 3654 εἶναι
2591 3602 2744 3670 παρὰ
2764 3599 2883 3665 Θεῷ
2909 3617 2923 3630 ο
2978 3599 3228 3652 νοοῦνται
3257 3599 3316 3653 δὲ
3355 3601 3449 3650 καὶ
3490 3598 3613 3653 καθ’
3646 3597 3770 3650 ἑτέ·

2186 3709 2285 3761 ραν
2343 3691 2605 3758 διάνοιαν,
2671 3694 2756 3746 ὃτι
2814 3692 3243 3762 περιστοιχιθεὶς
3306 3691 3384 3759 τῷ
3419 3693 3602 3743 σκότει
3655 3690 3769 3742 τῶν

2185 3783 2530 3853 πειρασμῶν,
2585 3779 2716 3835 εἶπα
2765 3783 2884 3835 καθ’
2915 3785 3107 3834 ἑαυτόν
3129 3798 3141 3810 ·
3171 3783 3314 3852 ’Ἄρα
3342 3782 3769 3854 κατακυριεύσει

2185 3893 2252 3946 με
2287 3892 2302 3941 ;
2339 3873 2458 3930 εἶτα
2501 3876 2595 3930 σοῦ
2628 3877 2977 3946 θελήσαντος,
3012 3876 3105 3928 καὶ
3148 3877 3181 3946 ή
3216 3877 3313 3940 νὺξ
3369 3877 3469 3939 τῆς
3525 3876 3770 3944 ἀθυμίας

2184 3970 2466 4038 φωτισμὸς
2517 3969 2860 4040 εὐφροσύνης
2927 3971 3148 4036 ἐγένετο
3173 3985 3186 3998 ·
3247 3968 3559 4030 ἀκολούθως
3590 3969 3771 4022 δὲκαὶ

2183 4062 2249 4114 τὰ
2308 4060 2439 4131 ἑξῆς
2491 4063 2882 4133 ὲρμηνευτέον.
2941 4063 3002 4114 '0
3048 4062 3104 4113 δὲ
3148 4060 3411 4129 Θεολὸγος
3465 4059 3772 4129 Γρήγόριος

2185 4154 2392 4225 ἑτέρως
2427 4156 2740 4224 ἡρμήνευσε
2776 4154 2836 4206 τὸ
2869 4154 3054 4224 ῥητὸν,
3083 4154 3166 4204 ὅτι
3215 4153 3532 4224 τρυφῶντος
3569 4170 3700 4222 μου,
3733 4156 3766 4220 ὴ

2182 4248 2281 4311 νὺξ
2331 4249 2432 4318 τῆς
2491 4248 2768 4320 τρυφῆςή
2810 4248 3137 4310 σκοτίζουσα
3175 4247 3265 4299 τὸν
3304 4246 3454 4310 νοῦν,
3487 4245 3772 4314 φωτισμὸς

2183 4341 2358 4394 ἐδόκει
2404 4355 2526 4409 μοι·
2558 4341 2654 4402 νὺξ
2685 4339 2792 4408 γὰρ
2829 4335 2917 4407 ἦν,
2958 4341 3114 4407 φησὶ,
3173 4337 3301 4406 περὶ
3361 4337 3461 4405 ἐμὲ
3505 4337 3598 4388 τὸν
3662 4335 3774 4388 δεί-

2186 4434 2358 4499 λιιον,
2420 4434 2512 4486 καὶ
2567 4435 2841 4503 ἠγνόουν·
2899 4429 3181 4500 φωτισμὸν
3238 4427 3505 4499 εἶναιτὴν
3557 4428 3771 4499 τρυφὴν

2187 4526 2595 4598 ὑπελάμϐανον.

2263 4802 2394 4852 Ὀτι
2459 4797 2540 4852 σὺ
2597 4796 2834 4861 ἐκτήσω
2888 4792 3031 4859 τοὺς
3093 4790 3357 4861 νεφρούς
3404 4805 3546 4860 μου.
3602 4787 3772 4857 Φησῖν

2187 4898 2214 4948 ὁ
2249 4892 2661 4962 Χρυσόστομος,
2700 4890 2782 4942 ὃτι
2837 4887 3077 4956 νεφροὺς
3109 4881 3348 4939 ἐνταῦθα
3396 4885 3425 4936 ὁ
3475 4882 3772 4951 προφήτης

2187 4989 2307 5042 ὅλον
2338 4985 2532 5041 ἑαυτὸν
2553 4985 2724 5052 λέγει,
2754 4981 2868 5035 ἀπὸ
2890 4981 3094 5052 μέρους
3127 4977 3188 5031 τὸ
3216 4977 3325 5030 πᾶν
3346 4990 3359 5007 ο
3385 4975 3470 5028 ὅτι
3507 4975 3572 5026 σὺ
3605 4974 3775 5043 ἒκτή-

2184 5098 2263 5134 σω
2302 5097 2391 5150 με,
2445 5079 2535 5131 σὺν
2579 5077 2768 5145 κτῆμα
2797 5073 3134 5143 πεποίηκας,
3173 5071 3270 5124 καὶ
3294 5067 3554 5138 προνοίας
3578 5066 3769 5133 ἀξιοῖς

2185 5176 2213 5227 ὁ
2243 5174 2353 5243 γὰρ
2383 5169 2662 5242 κτώμενός
2685 5186 2758 5234 τι,
2781 5169 2875 5222 καὶ
2903 5166 3215 5236 προνοεῖται
3251 5160 3448 5218 αὑτοῦ.

2258 5444 2609 5501 ’Λντελάσου
2626 5458 2746 5512 μου
2767 5440 2834 5493 ἐκ
2854 5437 3115 5508 γαστρὸς
3145 5433 3525 5504 μητρός-μου.
3573 5427 3682 5482 Καὶ
3708 5427 3765 5478 ἐν

2190 5541 2266 5612 τῷ
2313 5539 2354 5593 o'
2401 5536 2605 5610 ψαλμῷ
2643 5530 2798 5589 εἶπεν
2821 5548 2835 5562 ⁸
2880 5533 2976 5584 Ἐκ
3007 5528 3242 5590 κοιλίας
3269 5521 3497 5594 μητρός
3529 5519 3610 5574 σύ
3649 5531 3764 5588 μου
