4090 6288
318 408 446 469 1257

1469 402 1858 467 COMMENT.
1914 400 1995 459 ΙΝ
2032 396 2392 458 PSALMOS.

3434 395 3570 458 1258

309 537 356 571 ει
380 517 753 583 σκεπιιστής·
780 517 837 584 ἐξ
896 514 1074 570 αὑτῶν
1110 515 1217 568 τῶν
1251 515 1603 584 σπαργάνων,
1638 512 1702 563 ἐκ
1730 508 1880 580 πρῶ-

1995 513 2041 558 tu
2071 522 2123 558 es
2157 515 2416 574 protector
2448 520 2622 570 meus,
2674 519 2741 558 ex
2779 505 2914 574 ipsis
2958 505 3216 559 nimirum
3245 507 3574 574 cunabulis,

311 630 406 680 της
437 613 668 682 ἡλικίας.

391 703 950 774 Ἐξομολοτήσομαί
1009 721 1129 767 σοι,
1198 701 1288 754 ὅτι
1334 698 1595 768 φοϐερῶς
1630 696 1886 763 ἐθαυμα-

310 798 564 863 στώθης.
606 796 780 850 Πολλὰ
813 794 1190 866 Θαυμάζομεν,
1219 792 1336 847 ἀλλ’
1387 792 1447 844 οὐ
1500 790 1639 860 μετὰ
1672 789 1842 856 φόϐου
1867 804 1881 816 '

307 886 439 956 οἷον,
493 888 666 957 κάλλη
697 888 790 941 καὶ
834 887 1038 958 μεγέθη
1069 885 1361 956 σωμάτιον,
1393 884 1485 935 καὶ
1514 880 1887 950 οἰκοδομημά-

310 998 436 1042 των,
470 980 566 1032 καὶ
592 980 785 1048 σοφίαν
836 979 1065 1050 τεχνῶν,
1119 978 1213 1033 καὶ
1242 977 1308 1029 τὰ
1340 975 1588 1030 τοιαῦτα·
1631 974 1710 1037 εἰς
1738 973 1793 1028 δὲ
1827 972 1888 1025 τὸ

312 1069 470 1134 βάθος
505 1071 604 1140 τῆς
633 1070 914 1140 Θαλάσσης
944 1070 1383 1138 κατακόψαντες,
1421 1068 1520 1136 οὐχ
1543 1066 1731 1129 ἁπλῶς
1757 1067 1890 1122 αὐτὸ

308 1162 683 1232 θαυμάζομεν,
706 1164 840 1216 ἀλλὰ
867 1164 1006 1232 μετὰ
1031 1162 1221 1230 φόϐου.
1271 1161 1475 1216 Λοιπὸν
1498 1156 1598 1216 οὖν
1617 1163 1646 1213 ὁ
1669 1162 1886 1229 προφή-

309 1273 406 1324 της
449 1257 528 1318 εἰς
555 1255 616 1308 τὸ
653 1256 852 1325 ἀχανὲς
882 1256 1143 1324 πέλαγος,
1180 1255 1275 1307 καὶ
1313 1254 1406 1306 τὸν
1443 1253 1674 1326 ἄπειρον
1728 1252 1892 1322 βυθὸν

306 1349 407 1416 τῆς
441 1349 535 1402 τοῦ
568 1349 701 1401 Θεοῦ
733 1351 1020 1420 δυνάμεως
1051 1349 1147 1401 καὶ
1180 1345 1399 1414 σοφίας,
1439 1347 1534 1398 καὶ
1574 1345 1892 1414 οἰκονομίας

311 1443 659 1511 παρακύψας,
691 1444 783 1496 καὶ
817 1442 1148 1509 ἰλιγγιάσας,
1180 1439 1275 1490 καὶ
1304 1438 1443 1508 μετὰ
1477 1437 1646 1506 φόϐου
1678 1435 1892 1505 Θαυμά-

310 1552 430 1598 σας,
477 1535 827 1606 ἀνεχώρησεν
877 1538 1013 1605 πρὸς
1052 1534 1268 1598 ἑαυτὸν,
1313 1530 1411 1584 καὶ
1456 1529 1758 1598 ἀνεὸόησεν
1783 1529 1886 1592 ὅτι,

311 1629 642 1700 Εὐχαριστῶ
665 1646 747 1683 σοι
780 1630 945 1699 μόνῳ.

381 1811 692 1881 Θαυμάσια
736 1811 808 1864 τὰ
828 1811 973 1882 ἔργα
1011 1829 1151 1867 σου.
1206 1812 1395 1866 Πάντα
1426 1810 1557 1882 γὰρ,
1609 1807 1796 1879 φησὶν,
1832 1807 1890 1860 ὲν

309 1906 473 1974 σοφίᾳ
505 1906 795 1974 ἐποίησας.

381 1997 490 2050 Καὶ
523 1998 562 2066 ὴ
590 1996 760 2066 ψυχή
810 2015 931 2066 μου
979 1996 1263 2068 γινώσκει
1303 1994 1561 2066 σφόδρα.
1620 1991 1887 2047 Γινώσκει

307 2089 391 2145 ὅτι
416 2089 710 2159 θαυμαστὰ
738 2089 932 2144 ταῦτα.

374 2185 497 2237 Οὐκ
525 2183 746 2252 ἐκρύϐη
774 2187 840 2238 τὸ
871 2187 1099 2240 ὀστοῦν
1112 2203 1230 2255 μου
1260 2186 1379 2241 ἀπὸ
1426 2183 1566 2246 σοῦ,
1595 2183 1627 2237 ὃ
1683 2182 1888 2247 ἐποίη-

306 2287 425 2338 σας
462 2272 776 2342 ἐνκρυφῇ.
827 2275 1043 2343 Φανερᾶ
1096 2292 1179 2327 σοι
1237 2276 1330 2328 καὶ
1361 2275 1392 2344 ἡ
1424 2271 1720 2334 διάπλασις
1772 2267 1884 2320 τῶν

308 2365 513 2417 ὀστέων
578 2383 704 2434 μου,
744 2364 780 2418 ἃ
814 2367 1078 2435 ἐποίησας
1112 2367 1292 2436 ἀφανῆ
1322 2360 1789 2432 ὑποκεκρυμμένα
1821 2359 1886 2428 τῇ

313 2460 496 2528 σαρκί.
514 2460 622 2515 Καὶ
657 2459 850 2522 ἄλλως
876 2459 1067 2515 ὀστοῦν
1087 2463 1119 2530 ἡ
1139 2459 1298 2529 γυνὴ,
1325 2460 1413 2512 ὅτε
1441 2457 1646 2525 ἔφαγεν
1664 2453 1771 2506 ἀπὸ
1789 2449 1884 2504 τοῦ

312 2551 509 2615 ξύλουο
573 2551 763 2605 ὀστοῦν
815 2555 925 2623 γὰρ
961 2553 1102 2624 αὑτὴ
1133 2553 1230 2606 τοῦ
1279 2552 1473 2620 Ἀδὰμ,
1518 2548 1640 2617 ἥτις
1667 2547 1734 2598 ἐκ
1790 2542 1894 2610 τῆς

311 2643 553 2716 πλευρᾶς
603 2642 768 2695 αὑτοῦ
828 2642 1366 2715 πλαστουργηθεῖσα,
1403 2643 1470 2712 ἢν
1519 2637 1784 2706 ἐποίησας
1831 2634 1888 2684 ὲν

311 2735 797 2804 κρυφῇ,ἔκστασιν
851 2734 1132 2788 ἐπιὸαὶὼν
1156 2734 1234 2807 τῷ
1273 2734 1464 2801 Ἀδάμ.

1989 605 2152 666 atque
2180 612 2210 650 a
2244 595 2419 666 prima
2447 605 2500 650 ct
2529 605 2718 650 tenera
2750 605 2932 652 aatate.

2067 689 2226 745 νεεδ.
2273 689 2361 744 14.
2420 689 2713 758 Conﬁtebor
2757 691 2892 756 tibi,
2952 693 3200 757 quoniam
3275 695 3581 748 terribiliter

1989 783 2356 852 magniﬁcatus
2383 800 2455 836 es.
2498 782 2665 836 Multa
2701 798 2844 852 saepe
2874 784 3133 840 admirari
3167 787 3408 842 solemus
3432 828 3447 854 ,
3478 789 3577 843 sed

1989 879 2198 947 absque
2261 877 2374 931 ullo
2429 876 2871 941 timore,vcluti
2939 878 3455 947 pulchritudinem,
3515 897 3580 936 ac

1995 968 2430 1040 magnitudinem
2489 984 2821 1038 corporum,
2877 969 3236 1025 aediﬁciorum
3288 975 3492 1040 etiam,
3527 982 3582 1027 et

1991 1064 2192 1119 artium
2225 1061 2514 1117 scientiam
2540 1101 2553 1123 ,
2583 1070 2746 1130 atque
2770 1061 2875 1114 alia
2911 1061 3226 1131 hujusmodi
3253 1081 3267 1130 ;
3316 1082 3504 1119 verum
3535 1068 3581 1119 si

1992 1157 2158 1211 maris
2190 1154 2618 1225 profunditatem
2645 1154 2944 1221 intuemur,
2988 1171 3096 1210 non
3130 1158 3454 1226 simpliciter
3481 1159 3582 1212 ad-

1996 1251 2281 1312 miramur,
2312 1247 2407 1302 sed
2437 1263 2561 1302 cum
2602 1249 2816 1304 timore.
2864 1247 3129 1317 Propheta
3165 1250 3329 1319 igitur
3361 1262 3579 1308 vastum

1995 1342 2219 1410 pelagus
2261 1347 2422 1409 atque
2470 1341 2791 1393 immensum
2843 1340 3040 1394 divinae
3074 1342 3355 1405 sapientiae
3386 1352 3581 1412 potent-

1996 1432 2196 1500 tiaeqne
2225 1439 2280 1483 et
2305 1430 2802 1486 administrationis
2831 1430 3160 1500 profundum
3191 1432 3422 1488 intuitus
3453 1476 3466 1499 ,
3500 1445 3583 1487 at-

1994 1535 2099 1588 que
2159 1520 2444 1573 oculorum
2509 1521 2829 1591 vertiginem
2880 1537 3115 1591 passus,
3189 1539 3312 1576 cum
3383 1527 3584 1578 timorc

1995 1621 2158 1680 atque
2205 1611 2573 1665 admiratione
2623 1613 2676 1664 in
2711 1613 2949 1680 scipsum
3003 1627 3256 1668 reversus
3284 1653 3300 1678 ,
3327 1612 3584 1666 clamavit

1994 1703 2184 1758 dicens
2218 1719 2232 1756 :
2260 1701 2477 1756 Gratias
2511 1704 2605 1757 tibi
2640 1705 2738 1758 soli
2770 1719 2948 1775 agam.

2073 1796 2348 1853 Hirabilia
2379 1812 2539 1867 opera
2574 1806 2686 1851 tua.
2736 1796 2929 1852 Omnia
2957 1799 3133 1863 enim,
3158 1798 3360 1869 inquit,
3403 1801 3454 1852 in
3491 1814 3584 1855 sa-

1925 1894 1965 1946 Β
1998 1891 2198 1960 pientia
2230 1890 2431 1945 iecisti.

2071 1981 2136 2035 Et
2185 1982 2368 2035 anima
2426 1997 2542 2034 mea
2582 1980 2844 2052 cognoscit
2889 1979 3060 2034 valde.
3101 1978 3396 2051 Cognoscit
3438 1982 3586 2052 quod

1999 2076 2113 2130 haec
2145 2074 2469 2128 admiranda
2505 2084 2654 2128 sunt.

2070 2163 2232 2218 Vnus.
2283 2163 2370 2217 15.
2410 2160 2534 2215 Νοη
2563 2170 2640 2216 est
2681 2163 3000 2256 occultat,"
3040 2178 3098 2216 os
3149 2178 3322 2216 meum
3368 2165 3460 2216 abs
3500 2171 3548 2217 te
3573 2203 3588 2226 ,

1992 2261 2134 2328 quod
2156 2258 2326 2327 fecisti
2356 2259 2410 2311 in
2444 2257 2772 2311 abscondito.
2813 2257 2950 2311 Nota
2991 2273 3055 2312 ac
3096 2259 3388 2314 manifeSIa
3420 2259 3586 2313 etiam

1996 2349 2096 2404 tibi
2151 2359 2234 2403 est
2280 2349 2490 2404 ossium
2557 2364 2807 2404 meorum
2872 2349 3150 2414 formatio,
3206 2365 3303 2405 seu
3355 2351 3587 2406 creatio.

1993 2439 2069 2493 Ea
2101 2439 2300 2493 etenim
2332 2439 2502 2498 latere
2542 2441 2719 2498 fecisti
2744 2481 2760 2504 ,
2793 2450 2957 2510 atque
3002 2443 3117 2511 ipsa
3148 2457 3316 2496 carne
3344 2445 3585 2511 contegi.

1997 2527 2093 2582 Vel
2126 2529 2320 2583 aliter:
2365 2527 2458 2594 Os,
2493 2530 2597 2584 hoc
2625 2541 2728 2595 est,
2758 2534 2954 2586 mulier
2983 2533 3122 2601 ipsa,
3153 2548 3260 2587 non
3290 2543 3374 2588 cst
3401 2534 3590 2588 occul-

1999 2628 2148 2683 tata,
2209 2621 2429 2690 quando
2487 2622 2722 2674 comedit
2780 2623 2847 2676 de
2892 2621 3059 2692 ligno.
3113 2624 3223 2678 Eva
3269 2625 3471 2678 etenim
3523 2638 3591 2679 os

1999 2713 2200 2768 dicitur
2247 2713 2350 2766 viri
2410 2713 2495 2767 sui
2555 2710 2771 2781 Adam,
2805 2728 2871 2768 eo
2924 2715 3067 2784 quod
3122 2730 3188 2769 ex
3240 2716 3384 2775 illius
3434 2728 3591 2770 costa

307 2837 490 2881 creata
538 2837 661 2892 est,
699 2829 853 2896 juxta
917 2828 1096 2884 illud:
1137 2804 1247 2883 Hoc
1301 2843 1438 2881 nunc
1487 2841 1544 2878 os
1590 2839 1655 2877 ea:
1684 2820 1884 2876 ossibus
1927 2808 2052 2864 meis
2083 2806 2128 2838 ⁸⁸
2167 2842 2182 2869 ,
2219 2818 2380 2875 quam
2429 2805 2482 2858 in
2536 2804 2752 2861 οεοιιιιο
2829 2806 2951 2860 ideo
3000 2807 3198 2862 Ῐυοίεεθ
3255 2804 3397 2861 Deus
3456 2809 3593 2863 diei”

315 2935 419 2987 tur,
456 2925 582 2992 quia
619 2925 878 2977 exstasim
917 2939 1045 2979 tunc
1079 2924 1306 2978 immisit
1339 2923 1478 2978 Deus
1513 2922 1568 2975 in
1599 2921 1792 2977 Adam.

380 3016 545 3082 Καλή
582 3018 923 3081 ὺπόστασίς
970 3033 1089 3085 μου
1121 3015 1191 3068 ἐν
1215 3014 1339 3080 τοῖς
1363 3013 1719 3079 κατωτάτοις
1785 3012 1894 3082 τῆς

311 3104 443 3176 γῆς.
478 3109 694 3177 Φανερά
721 3125 804 3161 σοι
829 3109 923 3161 καὶ
953 3110 986 3177 ἡ
1019 3107 1179 3161 οὐσία
1208 3106 1303 3159 τοῦ
1339 3106 1588 3176 σώματός
1616 3123 1741 3175 μου,
1767 3107 1800 3176 ἢ
1834 3108 1891 3159 έν

2078 3017 2144 3071 Et
2181 3018 2482 3072 substantia
2529 3033 2642 3070 mea
2699 3018 2753 3069 in
2800 3016 3138 3086 inferioribus
3186 3025 3360 3071 terror.
3413 3016 3594 3071 Mani'

2000 3108 2138 3163 festa
2186 3111 2351 3163 etiam
2398 3107 2496 3163 tibi
2528 3118 2610 3162 est
2661 3109 2912 3177 corporis
2950 3109 3053 3161 mei
3085 3108 3389 3162 substantia
3419 3149 3434 3173 ,
3471 3125 3593 3178 quas

311 3197 392 3267 τῷ
432 3197 586 3267 βάθει
636 3198 737 3266 τῆς
778 3198 883 3266 γῆς
937 3195 1315 3266 κρυπτομένη.
1360 3196 1452 3248 καὶ
1477 3195 1715 3265 λυομένη
1747 3195 1889 3266 μετὰ

1997 3209 2121 3270 post
2165 3211 2394 3255 mortem
2427 3214 2602 3254 meam
2653 3199 2709 3253 in
2743 3208 2902 3253 terrae
2942 3197 3314 3267 profunditatc
3353 3201 3590 3257 abscon-

311 3291 406 3345 τὸν
439 3290 690 3343 Θάνατον·
713 3289 963 3342 τουτέστι
987 3290 1080 3341 καὶ
1111 3285 1578 3356 συμπηγνύμενον
1606 3288 1669 3356 τῇ
1688 3287 1892 3356 γαστρὶ

313 3379 415 3452 τῆς
468 3381 674 3451 μητρὸς
701 3382 836 3452 ὁρᾷς
864 3397 953 3449 με,
987 3382 1080 3436 καὶ
1126 3379 1390 3447 λυόμενον
1437 3372 1597 3440 αὖθις
1623 3378 1681 3430 ὲν
1711 3378 1892 3449 κοιλίᾳ

308 3475 412 3542 τῆς
441 3474 568 3542 γῆς.
599 3474 665 3526 Ἦ
689 3475 783 3527 ﬁdi
810 3474 1034 3542 ἑτέρως’
1070 3472 1288 3541 Φινερὰ
1324 3489 1428 3534 σοι,
1460 3472 1555 3523 καὶ
1587 3470 1890 3536 ὐπόστασίς

315 3582 445 3635 μου,
479 3568 512 3634 ἠ
547 3564 747 3629 πλάσις
793 3582 930 3634 μου·
954 3567 1010 3635 ἡ,
1047 3564 1240 3633 ὥσπερ
1291 3566 1350 3617 ἐν
1395 3567 1507 3627 τοῖς
1548 3567 1892 3627 κατωτάτοις

311 3657 415 3727 τῆς
467 3659 596 3728 γῆς,
646 3661 705 3711 ὲν
743 3660 857 3722 τοῖς
910 3658 1168 3727 ὲγκάτοις
1215 3658 1316 3728 τῆς
1373 3659 1650 3729 μητρικῆς
1700 3660 1894 3730 νηδύος

311 3749 678 3819 ὑφαινομένη.

390 3840 461 3894 Τὸ
490 3841 938 3911 dicarem-anr
959 3860 1078 3910 μου
1097 3840 1263 3897 εἶδον
1316 3846 1369 3898 οι
1400 3844 1697 3914 ὀφθαλμοί
1750 3859 1890 3899 σου.

316 3934 388 3987 ’Ἦ
416 3934 479 3989 τὸ
507 3933 601 3986 τοῦ
649 3934 892 4004 ὲμόρὺου
937 3936 1314 3989 ἀδιατύπωτον
1339 3937 1510 4006 λέγει,
1559 3939 1727 4006 μήπω
1751 3937 1890 4002 ἐξει-

311 4026 656 4088 κονισθέντος
680 4029 737 4077 ἐν
768 4026 844 4096 τῷ
906 4028 1261 4100 ἐργαστηρίῳ
1316 4029 1416 4098 τῆς
1453 4029 1669 4098 φύσεως
1690 4047 1703 4060 ·
1732 4028 1764 4096 ἢ
1791 4029 1891 4100 τήν

309 4115 408 4169 τοῦ
438 4116 558 4179 νοὸς
606 4117 769 4184 ἀτελῆ
821 4116 1054 4186 κίνησιν.
1118 4113 1306 4180 Οἶδας,
1337 4119 1524 4191 φησιν,
1566 4120 1732 4188 κάμὲ,
1784 4120 1892 4187 πρὸ

310 4207 410 4259 τοῦ
447 4209 901 4280 διαμορφωθῆναί
944 4225 1034 4278 με·
1069 4209 1168 4262 καὶ⁸
1210 4211 1338 4273 τοὺς
1389 4209 1685 4280 λογισμούς
1764 4229 1889 4281 μου,

311 4299 424 4367 πρὸ
447 4298 543 4352 τοῦ
576 4300 869 4371 κινηθῆναι
902 4299 1123 4364 αὐτούς.
1154 4295 1321 4363 Οἶδας
1358 4301 1535 4357 πάντα
1581 4302 1688 4373 πρὸ
1733 4304 1889 4372 γενέ-

314 4407 457 4455 σεως
492 4392 697 4446 αὐτῶν.

1995 3293 2154 3347 detur
2199 3303 2365 3362 atque
2415 3292 2767 3358 dissolvetur,
2815 3293 2918 3346 hoc
2977 3302 3102 3356 est,
3152 3302 3206 3346 et
3249 3305 3589 3363 compactum

1997 3401 2081 3439 me
2125 3383 2312 3440 vidisti
2372 3385 2426 3438 in
2481 3393 2638 3440 utero
2675 3385 2863 3438 matris
2923 3400 3098 3448 mete,
3151 3393 3205 3440 ct
3262 3386 3587 3443 dissolutum

1997 3492 2194 3532 rursus
2227 3477 2436 3532 videbis
2464 3477 2516 3529 in
2552 3486 2706 3531 utero
2738 3487 2916 3532 teme.
2950 3474 3048 3532 Vel
3079 3477 3239 3530 aliter
3269 3495 3282 3531 :
3317 3477 3451 3533 Nota
3491 3481 3591 3543 tibi

1995 3577 2081 3624 est
2108 3569 2468 3624 subsistentia
2501 3583 2619 3624 mea
2640 3609 2655 3634 ,
2680 3578 2734 3623 et
2765 3567 3021 3623 formatio
3054 3585 3205 3632 mea,
3241 3586 3360 3639 quae
3395 3574 3448 3627 in
3481 3589 3595 3628 ma~

1995 3663 2136 3715 terni
2173 3662 2309 3716 uteri
2341 3661 2645 3717 visceribus
2667 3701 2683 3726 ,
2721 3660 2887 3715 veluti
2929 3661 2983 3714 in
3019 3668 3180 3718 terra:
3211 3663 3589 3731 interioribus,

1994 3759 2251 3805 contexta
2281 3759 2388 3807 ρει.

2069 3840 2234 3895 Vens.
2274 3843 2357 3898 16.
2391 3842 2765 3913 Imperfectum
2799 3861 2880 3898 me
2919 3845 3155 3900 viderunt
3178 3847 3317 3900 oculi
3347 3847 3445 3900 tui.
3481 3847 3594 3901 Aut.

1995 3934 2332 3990 embrionem
2373 3934 2663 3989 informem
2694 3935 2948 4005 intelligit
2975 3975 2989 3998 ,
3024 3937 3118 4006 qui
3148 3937 3201 3990 in
3235 3945 3447 3992 natura:
3477 3939 3595 3991 oili-

1995 4029 2116 4080 cina
2151 4029 2376 4098 figuram
2429 4029 2610 4085 adhuc
2648 4035 2854 4086 nullam
2889 4046 3175 4105 acceperat
3202 4077 3216 4098 ,
3253 4042 3347 4088 aut
3380 4032 3590 4104 imper~

1999 4117 2199 4172 fectum
2236 4121 2435 4175 mentis
2460 4131 2689 4177 motum.
2722 4122 2896 4186 Nosti,
2924 4126 3122 4195 inquit,
3162 4142 3246 4181 me
3270 4130 3587 4196 priusquam

2000 4202 2287 4274 formarer.
2321 4221 2376 4265 ct
2423 4214 2786 4282 cogitationes
2823 4231 2972 4270 meas
3028 4217 3351 4287 priusquam
3403 4234 3592 4273 move-

1999 4309 2210 4366 rentur,
2255 4303 2356 4358 hoc
2408 4314 2535 4369 est,
2590 4309 2733 4360 nosti
2791 4310 3013 4372 omnia,
3073 4317 3369 4377 antequam
3436 4312 3589 4364 tiant.

2000 4394 2154 4451 Unde
2187 4397 2326 4452 alius
2359 4399 2629 4468 interpres
2662 4400 2896 4456 reddidit
2931 4420 2944 4456 :
2986 4401 3284 4472 biformem
3327 4421 3404 4458 me
3444 4406 3590 4458 vidc-

1998 4501 2120 4543 rmit
2156 4491 2294 4544 oeuli
2323 4495 2420 4546 tui.

387 4570 498 4623 Καὶ
527 4571 625 4626 ἐπὶ
656 4571 723 4624 τὸ
742 4573 989 4636 βιϐλίον
1031 4590 1147 4628 σου
1189 4574 1415 4640 πάντες
1452 4574 1887 4642 ποαςρήσονται.

2068 4586 2133 4637 In
2186 4585 2319 4638 libro
2366 4595 2454 4639 tuo
2512 4605 2688 4642 omnes
2747 4589 3064 4643 scribentur.
3130 4590 3297 4646 Liber
3354 4591 3446 4646 Dei
3505 4603 3592 4645 est

311 4662 530 4716 Βιϐλιον
561 4665 699 4717 Θεοῦ
738 4667 770 4733 ἡ
809 4665 1045 4737 ἀκριϐὴς
1071 4667 1293 4733 γνῶσις·
1330 4665 1520 4735 Γραφὴ
1546 4666 1603 4719 δὲ
1639 4668 1830 4735 αὑτοῦ,
1857 4672 1889 4738 ή

309 4755 568 4825 διηνεκὴς
603 4758 813 4828 μνήμη.
859 4758 948 4811 Ἐν
979 4760 1080 4828 μὲν
1101 4757 1292 4829 οῦντῷ
1344 4759 1531 4830 βιϐλίῳ
1581 4761 1682 4830 τῆς
1715 4763 1892 4834 ἁπλῆς

310 4847 571 4914 γνώσεως
606 4850 906 4918 γράφονται
949 4852 1136 4915 ἁπλῶς
1192 4853 1414 4918 πάντες,
1454 4856 1546 4908 καὶ
1568 4857 1770 4910 δεκαιοι
1799 4859 1892 4913 καὶ

312 4939 633 5009 ἁμαρτωλοί
660 4956 673 4968 ·
725 4943 782 4992 ἐν
817 4941 873 4992 δὲ
907 4941 983 5010 τῷ
1013 4943 1112 5010 τῆς
1165 4945 1290 4996 κατ’
1326 4947 1603 4998 οἱκείωσιν
1634 4949 1890 5016 γνώσεως

310 5029 620 5096 γράφονται
649 5029 799 5100 μόνοι
824 5032 873 5082 οἱ
899 5031 1119 5086 δίκαιοι.

2001 4694 2212 4731 summa
2261 4681 2380 4748 cjns
2438 4681 2709 4745 scientia;
2766 4679 3049 4749 Scriptura
3115 4697 3264 4742 vero.
3328 4693 3589 4752 perpetua

2002 4772 2280 4824 memoria.
2324 4773 2381 4827 In
2417 4771 2556 4826 libro
2609 4772 2772 4841 igitur
2826 4774 3022 4829 divinae
3068 4775 3312 4830 scientia:
3339 4816 3355 4837 ,
3396 4791 3589 4829 omnes

2001 4862 2335 4923 scribentur,
2381 4873 2485 4917 tam
2518 4865 2650 4930 justi
2684 4875 2846 4932 quam
2884 4874 3222 4934 peccatores.
3256 4867 3457 4921 Verum
3500 4866 3590 4920 hic

1999 4950 2197 5004 divinae
2258 4953 2501 5007 scientia:
2552 4954 2710 5018 liber,
2765 4955 2937 5024 magis
2978 4963 3062 5009 cst
3113 4957 3462 5011 universalis.
3492 4957 3590 5010 Est.

1991 5045 2189 5098 etenim
2225 5044 2365 5098 alius
2394 5045 2533 5098 liber
2575 5046 2817 5100 scientiae
2868 5047 2958 5100 Dei
2997 5050 3168 5118 magis
3201 5049 3444 5117 privatus
3471 5089 3486 5112 ,
3524 5050 3580 5102 in

313 5141 429 5193 quo
455 5127 556 5180 soli
586 5129 720 5194 justi
748 5129 1070 5184 scribuntur
1097 5145 1189 5184 :ea
1225 5134 1456 5196 ratione,
1484 5137 1628 5204 quod
1670 5154 1764 5194 eos
1794 5152 2003 5198 tantum
2039 5159 2409 5213 cognoscere,
2450 5145 2550 5199 hoc
2583 5157 2663 5199 cst
2689 5184 2702 5209 ,
2726 5149 3027 5216 approbare
3068 5144 3304 5212 dicitur;
3344 5143 3495 5212 juxta
3528 5141 3580 5194 id

307 5223 453 5291 quod
483 5223 746 5291 scriptum
790 5233 866 5278 est
898 5242 910 5278 :
941 5224 1100 5278 Novit
1141 5224 1394 5278 Dominus
1415 5229 1522 5280 vias
1545 5230 1803 5294 iustorum
1823 5236 1891 5287 ⁸³.

396 5312 640 5380 Ἡμέρας
668 5314 1155 5381 πλασθήσονταί,
1189 5317 1285 5370 καὶ
1311 5319 1513 5384 οὐδεὶς
1541 5322 1612 5374 ἐν
1659 5326 1885 5392 αὐτοῖς.

323 5405 417 5458 Ἐν
479 5406 617 5474 φωτὶ
659 5407 753 5458 τοῦ
821 5408 979 5474 ἁγίου
1029 5407 1370 5476 ῙΙνεύματος,
1438 5411 1887 5484 πλασῦήσονται,

310 5494 511 5547 πλάσιν
541 5496 640 5564 τὴν
667 5498 900 5567 ἀρίστην
943 5516 1000 5552 νε
1035 5499 1129 5552 καὶ
1180 5500 1609 5571 καθαρωτάτην,
1653 5509 1746 5559 καὶ
1791 5511 1888 5579 τῆς

308 5589 654 5658 νυκτερινῆς,
688 5591 781 5641 καὶ
811 5593 1136 5660 σωματικῆς
1169 5593 1468 5647 ἀντίθετονο
1499 5599 1591 5650 καὶ
1620 5601 1676 5651 ἐν
1703 5601 1888 5664 αὐτοῖς

306 5679 422 5741 τοῖς
452 5679 530 5744 ὡς
560 5681 774 5752 εἴρηται
804 5685 1195 5755 γραφομένοις,
1225 5687 1399 5752 οὐδείς
1432 5691 1600 5757 ἐστιν,
1636 5691 1711 5755 ὡς
1739 5693 1891 5764 ²·ἳή-

388 5864 433 5899 ⁸³
465 5862 598 5921 Gen.
643 5866 822 5930 ".25.
901 5867 947 5899 ⁸³
992 5867 1136 5923 l’sal.
1182 5885 1218 5932 ι,
1247 5867 1298 5921 6.

639 5965 915 6028 ΡΑτποι.
958 5967 1078 6026 Gn.
1125 5965 1461 6028 CXXVIII.

2077 5327 2170 5379 Die
2217 5327 2608 5396 formabuntur,
2646 5338 2693 5381 et
2741 5345 2888 5382 nemo
2941 5331 2993 5380 in
3040 5331 3130 5382 eis.
3183 5326 3587 5382 it‘ormabuntur

1989 5408 2049 5472 in
2080 5421 2199 5474 luce
2251 5421 2424 5473 sancti
2459 5419 2696 5488 Spiritus
2719 5459 2735 5482 ,
2772 5420 3094 5474 formatione
3142 5420 3398 5472 nimirum
3431 5418 3575 5482 opti-

1993 5528 2078 5566 ma
2143 5520 2195 5566 ct
2263 5514 2665 5578 mundissima,
2723 5529 2843 5583 qua:
2899 5513 3213 5566 formationi
3279 5510 3575 5569 tnatcriali,

1995 5617 2178 5676 atque.
2214 5615 2271 5660 nt
2301 5607 2372 5660 ita
2405 5607 2605 5672 dicam,
2644 5616 2927 5660 nocturna
2961 5616 3044 5660 est
3080 5604 3350 5659 contrario
3387 5620 3400 5656 :
3438 5611 3490 5657 et
3520 5602 3573 5654 in

1989 5697 2068 5754 eis
2093 5741 2106 5765 ,
2135 5700 2226 5768 qni
2261 5701 2311 5755 in
2344 5715 2407 5755 eo
2436 5701 2573 5756 libro
2615 5700 2802 5770 scripti
2839 5712 2987 5764 sum,
3022 5709 3080 5753 ut
3115 5698 3351 5752 diximus
3377 5739 3389 5762 ,
3424 5709 3584 5750 nemo

3136 5974 3210 6040 1&0
