4090 6288
506 225 601 294 12Ἰ
613 230 640 297 1

1726 225 2110 288 EUTHYMll
2146 227 2506 286 ZIGABENI

3610 225 3758 289 127?.

504 346 696 408 fuerit,
737 344 860 408 hoc,
887 344 1031 413 quod
1064 345 1208 408 dico,
1267 358 1612 415 consequens
1665 345 1772 397 erit
1822 351 1876 396 et
1923 343 2070 398 iactu

2206 349 2484 413 ιπερεπείς
2506 362 2518 374 ·
2553 342 2646 398 τοῦ
2682 345 2952 411 στόματος
2983 346 3088 413 γὰρ
3122 340 3553 412 φυλαττομένου,
3618 345 3756 397 ἀκόο

503 439 847 492 facillimum.

579 529 644 583 Ut
681 538 971 597 prwtexam
998 536 1285 598 prcetextus
1337 529 1389 580 in
1430 529 1681 596 peccatis.
1720 527 1796 582 Ita
1851 537 1908 584 ut
1969 545 2078 583 non

502 631 720 676 tantum
742 635 848 674 non
880 621 1102 674 inclinet
1137 623 1201 673 ad
1232 636 1294 674 ea
1324 621 1547 674 malitia:
1577 620 1765 686 verba,
1795 622 1888 676 sed
1912 624 2078 676 etiam

503 726 560 766 ut
596 728 703 768 non
741 722 1031 780 praetexam
1061 719 1384 780 praetextas,
1414 723 1577 780 atque
1608 711 1998 766 excusationes
2025 711 2080 764 in

505 808 774 874 peccatis.
832 804 1295 874 quemadmodum
1347 805 1508 875 primi
1534 810 1785 873 parentes
1812 804 2080 869 fecerunt,

502 906 627 946 cum
657 902 990 960 peccassent.
1030 893 1201 947 Adam
1231 895 1430 947 etenim
1464 894 1518 946 in
1551 892 1742 959 Evam,
1778 905 1829 948 ct
1864 895 1972 947 Eva
2020 896 2079 948 in

505 997 837 1052 serpentem,
870 986 1082 1056 peccati
1112 1001 1338 1041 causam
1375 988 1730 1056 praetexendo
1785 989 2025 1056 rejecere
2063 1004 2078 1043 :

507 1078 627 1146 pari
683 1079 846 1133 modo
906 1079 1202 1143 homicida,
1257 1080 1351 1135 irae
1401 1082 1742 1152 tyrannidem
1801 1081 2086 1150 pra-texit;

506 1186 534 1225 ιι
558 1169 739 1238 hiller,
761 1172 1217 1241 concupiscentia
1232 1175 1405 1239 vires;
1431 1174 1538 1238 fur,
1558 1175 1798 1244 inopiam
1818 1184 1874 1229 et
1899 1191 2090 1231 neces-

508 1268 722 1319 sitatem
749 1281 762 1330 ;
804 1275 856 1321 et
887 1267 1028 1320 alius
1059 1266 1205 1320 aliud
1229 1265 1381 1336 quid.
1418 1267 1612 1321 Verum
1646 1268 1777 1334 haec,
1803 1283 1923 1337 qua:
1949 1268 2091 1321 dixi-

513 1371 656 1424 mus,
687 1366 912 1427 peccata
934 1374 1040 1411 non
1061 1359 1314 1427 gignunt,
1337 1357 1432 1414 sed
1464 1359 1705 1413 humana
1730 1359 2088 1430 negligentia.

517 1448 580 1506 Et
613 1451 966 1506 manifestum
990 1452 1096 1506 hoc
1123 1450 1220 1507 tibi
1247 1450 1357 1518 ﬂet,
1380 1451 1426 1506 si
1451 1453 1588 1508 bene
1616 1452 2091 1507 animadverteris.

518 1545 714 1601 Sciens
771 1546 918 1601 enim
975 1545 1250 1608 diabolus,
1309 1545 1458 1614 quod
1529 1543 1882 1600 confessione
1937 1543 2086 1599 Deus

2183 439 2372 490 λουθον
2402 437 2579 501 τοῦτο,
2613 437 2709 489 καὶ
2742 435 3178 506 εύκατὸρθωτον.

2258 530 2372 586 Τοῦ
2424 529 2893 599 προφασίζεσθαι
2932 525 3264 596 προφάσεις
3307 527 3376 581 ἐν
3424 528 3762 595 ἁμαρτίαις.

2185 628 2350 680 Ὥστε
2379 625 2454 694 μὴ
2486 619 2645 694 μόνον
2674 621 3022 676 ὲκκλίνεσθαι
3064 623 3142 683 είς
3166 622 3410 685 τούτους,
3468 621 3604 673 ἀλλὰ
3663 621 3764 672 καὶ

2183 710 2624 789 προφασίζεσθαι
2658 713 2961 786 προφάσεις
2995 715 3052 766 ὲν
3099 713 3180 783 τῷ
3224 709 3566 783 ἁμαρτάνειν
3593 729 3608 742 ·
3665 713 3766 763 καὶ

2185 814 2233 864 οἱ
2268 809 2693 879 πρευτὸπλαστοι
2724 806 2830 875 γὰρ
2859 806 3304 876 ἁμαρτήσαντες,
3345 805 3374 855 ὀ
3418 803 3518 873 μὲν
3587 802 3767 868 Ἀδὰμ

2186 905 2285 973 τὴν
2313 903 2457 956 Εὕαν
2491 899 2925 971 ἓπροφασίσατο,
2960 900 2992 969 ἡ
3028 897 3075 950 δ’
3097 896 3208 951 Εὔα
3265 896 3358 949 τὸν
3428 895 3575 964 ὅφιν.
3648 896 3768 947 Καὶ

2190 995 2355 1051 πάλιν
2393 997 2420 1049 ὁ
2454 995 2554 1064 μὲν
2584 992 2781 1062 φονεὺς
2835 992 3238 1062 προφασίζεται
3285 989 3386 1059 τὴν
3447 987 3542 1041 τοῦ
3587 978 3769 1055 θυμοΰ

2188 1088 2500 1157 τυραννίδα,
2531 1089 2558 1141 ὁ
2577 1085 2632 1140 δὲ
2677 1083 2995 1156 μοιχεύσας,
3029 1084 3127 1160 τὴν
3154 1083 3276 1153 βίαν
3305 1083 3406 1150 τῆς
3433 1079 3767 1148 ἐπιθυμίας,

2190 1186 2217 1238 ὁ
2241 1181 2298 1236 δὲ
2324 1182 2590 1250 κλέπτης,
2614 1179 2714 1248 τὴν
2755 1176 3004 1246 ἀνάγκην
3030 1177 3131 1245 τῆς
3165 1169 3398 1238 ἐνδείας,
3437 1172 3534 1226 καὶ
3585 1171 3773 1231 ἄλλως

2191 1278 2247 1331 δὲ
2273 1277 2483 1345 ἕτερον.
2511 1275 2584 1326 Ού
2610 1271 2781 1326 ταῦτα
2811 1271 2867 1324 δὲ
2901 1263 3116 1323 ποιοῦσι
3147 1269 3246 1331 τὰς
3271 1267 3570 1338 ἁμαρτίας,
3595 1264 3718 1316 ἀλλ’
3735 1265 3772 1332 ἡ

2196 1371 2443 1441 ῥᾳθυμία
2469 1387 2482 1401 ·
2518 1369 2612 1420 καὶ
2642 1367 2801 1434 δῆλον
2835 1362 2944 1417 ἀπὸ
2967 1364 3078 1418 τῶν
3137 1362 3543 1432 προσεχόντων.
3598 1357 3772 1421 Εἰδὼς

2195 1467 2304 1532 γὰρ
2330 1464 2359 1515 ὁ
2385 1460 2633 1522 διάϐολος
2669 1458 2744 1520 ὼς
2775 1459 2808 1528 ἡ
2843 1458 2942 1527 μὲν
2993 1451 3264 1526 ὁμολογία
3324 1455 3423 1524 τῆς
3462 1452 3772 1523 ἁμαρτίας,

2201 1551 2442 1606 ἱλεοῦται
2473 1553 2566 1606 τὸν
2597 1551 2898 1620 Δεσπότην,
2932 1550 3035 1620 ἡδ’
3072 1549 3302 1619 ἄρνησις
3358 1547 3530 1613 αὐτῆς
3597 1555 3777 1614 παρο-

518 1641 787 1704 placatur,
819 1638 1194 1708 etncgatione
1241 1639 1416 1708 magis
1474 1639 1748 1703 irritatur,
1800 1641 2091 1710 persuadet

2206 1646 2347 1713 Ξύνει
2376 1644 2580 1715 μᾶλλον
2609 1644 2796 1705 αὐτὸν,
2819 1642 2995 1696 πείθει
3028 1642 3152 1705 τοὺς
3182 1641 3600 1710 ἁμαρτάνοντας
3633 1654 3778 1707 προ-

517 1731 907 1801 peccatorihus
971 1741 1294 1800 praetexere,
1355 1731 1501 1802 quod
1561 1731 1664 1800 ipsi
1727 1745 1836 1785 non
1900 1746 2096 1801 pecca-

517 1824 719 1890 verint,
752 1824 850 1880 sed
883 1819 1029 1895 quod
1067 1820 1273 1892 aliquid
1315 1826 1523 1894 peccati
1582 1838 1748 1879 causa
1804 1824 1885 1880 eis
1919 1824 2095 1880 exsti-

519 1919 669 1971 ierit.

589 2007 720 2063 Cum
758 2007 1058 2063 hominibus
1103 2009 1442 2077 operantibus
1476 2009 1836 2080 iniquitatem.
1885 2006 1962 2064 Ne
2004 2009 2094 2061 in-

520 2101 715 2166 clines,
744 2102 942 2171 inquit,
969 2116 1074 2165 me,
1108 2108 1166 2154 ut
1189 2102 1352 2155 simul
1376 2117 1500 2156 cum
1529 2102 1738 2170 iniquis
1776 2101 2094 2155 hominibus

519 2194 904 2250 excusationes
940 2201 1260 2263 praetexam.
1314 2193 1508 2252 Solent
1564 2196 1712 2249 enim
1771 2194 2090 2263 hujusmodi

523 2287 775 2343 homines
801 2295 928 2356 post
953 2295 1265 2356 peccatum,
1290 2286 1698 2349 excusationes,
1716 2295 1768 2341 et
1796 2296 2098 2356 praetentus

521 2383 706 2436 varios
737 2381 1028 2436 adducere.

595 2472 661 2527 Et
695 2490 796 2527 non
829 2472 1228 2527 communicabo
1257 2491 1375 2526 cum
1405 2471 1580 2527 electis
1609 2489 1813 2528 eorum.
1853 2469 2013 2538 Quod
2053 2471 2098 2525 si

525 2569 632 2624 hoc
665 2568 866 2622 factum
909 2566 1094 2633 fuerit,
1129 2576 1187 2621 ut
1215 2583 1300 2621 me
1335 2568 1579 2636 adjuves,
1620 2583 1729 2620 non
1767 2567 2098 2634 coniungam

527 2675 638 2723 me,
671 2675 772 2714 nec
801 2662 1247 2714 communionem
1287 2659 1523 2727 aliquam
1553 2659 1769 2712 habebo
1799 2674 1922 2712 cum
1955 2653 2099 2720 illis;

525 2756 779 2825 quinimo
807 2769 987 2823 neque
1022 2753 1340 2822 iniquorum
1378 2765 1473 2805 eos
1497 2759 1708 2803 tantum
1735 2747 1977 2810 evitabo,
2006 2745 2101 2815 qui

529 2846 724 2910 intimi,
755 2854 917 2913 atque
953 2843 1279 2914 abiectiores
1304 2855 1430 2897 sunt
1463 2844 1596 2898 :sed
1634 2857 1734 2896 nec
1761 2841 1926 2896 etiam
1974 2853 2099 2892 cum

532 2941 600 2994 iis
627 2954 924 2994 commune
956 2935 1160 3006 aliquid
1193 2935 1407 2990 habebo
1444 2934 1537 3005 qui
1567 2936 1711 2989 inter
1748 2932 1871 2987 illos
1907 2937 2100 3000 polen-

535 3033 700 3086 t'iores
734 3038 786 3084 et
817 3029 1081 3082 clariores
1114 3044 1236 3082 esse
1263 3025 1643 3093 apparuerint.

609 3125 768 3178 Vens.
811 3123 863 3176 5.
894 3121 1115 3174 Erudiet
1164 3137 1244 3174 me
1285 3121 1466 3188 justus
1517 3121 1571 3172 in
1612 3119 1999 3178 misericordia,
2057 3128 2104 3172 et

537 3227 719 3286 arguet
754 3232 831 3269 me
854 3231 872 3268 :
905 3216 1078 3269 oleum
1123 3224 1297 3267 autem
1333 3213 1624 3280 peccatoris
1674 3228 1779 3265 non
1818 3212 2106 3281 impinguet

533 3317 692 3379 caput
724 3325 912 3361 meum.
949 3306 1200 3377 lucrepet
1255 3321 1342 3360 me
1389 3305 1596 3374 justus,
1633 3313 1903 3364 coerceat,
1937 3312 1993 3357 ει
2026 3318 2110 3356 re-

537 3401 843 3470 prehendat
897 3401 1270 3454 :humanitas
1341 3405 1522 3451 autem
1587 3397 1916 3465 peccatoris,
1973 3397 2105 3450 mihi

535 3509 817 3564 nunquam
884 3495 1147 3548 inserviat
1195 3511 1208 3547 :
1265 3491 1458 3545 Met'ius
1508 3491 1656 3545 enim
1708 3499 1785 3544 est
1836 3485 2109 3559 ﬂagellant

526 3589 686 3653 justi,
723 3603 878 3654 quam
911 3586 1090 3655 gratia
1125 3584 1439 3650 peccatoris,
1476 3591 1527 3634 et
1555 3582 1740 3634 melior
1771 3582 1918 3650 virga
1943 3582 2108 3652 justi,

535 3696 691 3747 quam
711 3679 877 3730 honor
902 3681 1050 3746 pravi
1078 3677 1305 3730 hominis
1329 3675 1396 3728 “.
1428 3675 1486 3729 ln
1520 3674 1891 3730 misericordia
1923 3683 2108 3728 autem

540 3774 698 3836 dixit,
741 3787 806 3826 eo
833 3772 977 3840 quod
1007 3771 1191 3837 justus
1220 3768 1659 3823 misericorditer
1689 3768 1948 3836 castigat,
1982 3767 2108 3820 dum

539 3867 857 3936 castigando
885 3873 1063 3927 cavet,
1096 3879 1164 3917 ne
1195 3861 1406 3932 perdat.

614 3961 772 4015 Vens.
797 3960 848 4012 ϐ.
884 3958 1149 4023 Quoniam
1185 3958 1359 4009 adhuc
1410 3965 1460 4010 et
1495 3956 1669 4008 oratio
1707 3971 1822 4009 mea
1859 3955 1912 4008 in
1955 3954 2110 4007 bene-

538 4055 751 4123 placitis
802 4067 1004 4105 eorum.
1061 4048 1236 4102 Simul
1296 4047 1540 4117 fngiam,
1596 4047 1811 4117 inquit,
1871 4045 2110 4114 iniquos,

541 4161 845 4214 eorumque
872 4158 1117 4213 operam,
1144 4150 1198 4197 et
1233 4142 1497 4211 obsequia
1533 4141 1802 4206 rejiciam,
1824 4149 1985 4209 atque
2005 4154 2112 4194 una

543 4241 810 4312 precabor
843 4239 1106 4290 adversus
1168 4249 1359 4288 eorum
1422 4234 1789 4302 heneplacita,
1855 4232 1957 4285 hoc
2009 4241 2112 4294 cst,

543 4333 807 4385 adversus
837 4343 1025 4384 eorum
1054 4326 1392 4388 voluntates,
1426 4341 1495 4378 ne
1522 4325 1735 4378 scilicet
1769 4339 1959 4378 eorum
1986 4339 2115 4378 con-

545 4423 897 4494 cupiscenlizn
953 4420 1327 4488 perﬁciantur.
1385 4417 1495 4472 Has
1553 4415 2114 4485 ctenimbeneplacita

545 4517 857 4587 appellavit.

619 4611 867 4678 Absorpti
899 4608 1198 4673 suntjuxta
1229 4612 1432 4673 petram
1453 4604 1658 4673 judices
1685 4620 1884 4656 eorum.
1922 4601 2117 4655 Poten-

549 4715 629 4759 ιο»
656 4722 717 4758 ac
743 4703 1016 4772 principes
1048 4701 1144 4765 illi,
1176 4700 1266 4767 qui
1294 4699 1474 4754 omnia
1505 4713 1601 4767 pro
1627 4697 1852 4751 arbitrio
1884 4695 2119 4749 admini-

549 4797 817 4852 strabant.
842 4795 1029 4857 deleti,
1073 4809 1135 4846 ac
1167 4791 1362 4860 perditi
1395 4799 1544 4853 sunt,
1580 4789 1752 4844 instar
1780 4798 1964 4858 petrae.
2001 4803 2121 4856 quae

546 4893 794 4944 demersa
827 4899 912 4944 est
938 4901 991 4940 et
1014 4889 1174 4958 cujus
1209 4885 1418 4938 nullum
1456 4883 1787 4952 relinquitur
1811 4881 2121 4951 vestigium.

2127 3039 2173 3102 C

2197 1740 2546 1808 φασίζεσθαι,
2599 1739 2684 1792 ὅτι
2715 1738 2816 1790 οὐκ
2841 1737 2998 1790 αὐτοὶ
3049 1734 3322 1806 ἦμαρτον,
3348 1732 3467 1785 ἀλλ’
3492 1732 3683 1802 ἔτερόν
3719 1746 3779 1783 τι

2197 1830 2423 1904 γέγονεν
2456 1829 2652 1886 αἴτιον.

2270 2013 2396 2068 Σὺν
2448 2007 2790 2079 ἀνθρώποις
2839 2000 3253 2078 ἐργαζομένοις
3308 2000 3425 2072 τὴν
3488 1998 3776 2072 ἀνομίαν.

2200 2104 2309 2160 Τοῦ
2337 2103 2802 2174 προφασίζεσθαι,
2847 2101 3040 2171 φησιν,
3066 2098 3209 2168 μετὰ
3256 2097 3368 2151 τῶν
3401 2096 3743 2166 παρανόμων
3768 2110 3786 2126 ⁶

2199 2197 2406 2250 τούτων
2433 2196 2541 2268 γάρ
2583 2198 2699 2248 ἐστι
2731 2196 2792 2248 τὸ
2817 2192 3257 2265 προφασίζεσθαι
3281 2189 3421 2261 μετὰ
3447 2187 3547 2260 τὴν
3593 2190 3786 2258 ἁμαρι

2200 2307 2344 2343 τιαν.

2272 2473 2379 2529 Καί
2402 2475 2473 2529 οὐ
2490 2473 2574 2542 μὴ
2595 2469 2908 2526 συνδιάσω
2924 2467 3078 2538 μετὰ
3097 2459 3215 2520 τῶν
3240 2465 3543 2520 ἐκλεκτῶν
3557 2462 3788 2518 αὐτῶν.

2205 2568 2314 2620 Καὶ
2343 2567 2390 2619 εἰ
2425 2565 2583 2618 τοῦτο
2607 2562 2856 2632 γένηται,
2897 2559 2946 2613 εί
2985 2558 3279 2630 βοηθήσεις
3321 2568 3433 2626 μοι,
3485 2557 3549 2609 οὗ
3584 2573 3794 2607 συναυδ

2202 2659 2392 2722 λισθῶ,
2445 2657 2505 2709 ού
2541 2656 2614 2726 μὴ
2673 2653 3010 2724 κοινωνήσω,
3046 2654 3107 2706 ού
3134 2651 3295 2721 μόνον
3317 2652 3432 2714 τοῖς
3459 2649 3792 2703 ύποδεεστέ·

2207 2766 2321 2824 ροις
2373 2749 2732 2822 παρανόμοις,
2793 2745 2908 2800 ἀλλ’
2978 2746 3100 2798 οὐδὲ
3157 2745 3272 2808 τοῖς
3330 2743 3696 2813 ὑπερέχουσιν
3729 2741 3794 2794 ἓν

2206 2847 2415 2907 αὐτοῖς.

2284 3139 2600 3193 Παιδεύσει
2622 3153 2696 3207 με
2723 3136 2951 3202 δίκαιος
2976 3135 3045 3189 ἐν
3068 3134 3248 3199 ἐλέει,
3277 3129 3376 3187 καί
3413 3130 3646 3202 ἐλέγξει
3686 3145 3790 3200 με.

2207 3235 2416 3288 ἔλαιον
2437 3232 2505 3286 δὲ
2536 3228 2891 3301 ἁμαρτωλοῦ
2907 3227 2995 3297 μὴ
3028 3225 3337 3281 imarde
3358 3225 3473 3292 τὴν
3503 3226 3796 3292 κεφαλήν

2204 3347 2346 3398 μου.
2379 3321 3069 3394 Ἐπιπληξὰτω,στυψάτω
3104 3336 3173 3389 με
3225 3318 3459 3381 δίκαιος,
3491 3318 3584 3370 καὶ
3623 3317 3791 3382 ἐλεγ-

2212 3417 2378 3484 ξάτω,
2414 3415 2786 3488 φιλοφροσύνη
2828 3415 2882 3467 δὲ
2911 3411 3244 3482 ἀμαρτωλοῦ
3283 3412 3359 3483 μὴ
3389 3410 3796 3480 θεραπευσὰτω

2216 3531 2281 3583 με
2302 3527 2316 3540 ·
2349 3510 2633 3578 Κρεῑττον
2669 3508 2778 3578 γὰρ
2802 3505 3030 3577 μάστιξ
3060 3505 3321 3569 δικαίου,
3353 3504 3390 3571 ἢ
3420 3502 3589 3574 χάρις
3606 3505 3797 3572 ἁμαρ-

2211 3603 2427 3664 τωλοῦ,
2447 3601 2546 3654 καὶ
2565 3598 2791 3669 ῥάϐδος
2815 3598 3071 3660 δικαίου,
3100 3597 3337 3660 πλεῖον,
3358 3597 3396 3663 ἢ
3414 3595 3554 3664 τιμὴ
3577 3596 3795 3649 κακοῦ.

2214 3695 2288 3749 Τὸ
2321 3697 2375 3748 δὲ
2407 3697 2462 3750 ὲν
2487 3695 2628 3748 ἐλέει
2667 3694 3013 3762 πρόσκειται,
3044 3692 3178 3744 διότι
3206 3689 3796 3761 φιλανθρωπευόμενος

2216 3787 2516 3840 παιδεύειὸ
2550 3787 2783 3851 δίκαιος,
2819 3785 2911 3838 ἵνα
2950 3784 3024 3854 μὴ
3054 3784 3356 3853 ἀπόληται.

2286 3973 2415 4026 Ὅτι
2446 3971 2532 4024 ἔτι
2570 3971 2668 4028 καί
2699 3972 2735 4038 ἡ
2755 3966 3202 4037 προσευχήμου
3238 3963 3307 4015 ἐν
3335 3959 3466 4024 ταῖς
3489 3955 3800 4019 εὐδοκίαις

2214 4064 2434 4120 αὐτῶν.
2451 4065 2602 4118 Μετὰ
2628 4063 2688 4115 τὸ
2702 4079 2894 4130 φυγειν
2911 4062 3038 4123 τοὺς
3058 4057 3432 4129 παρανόμους,
3447 4054 3541 4106 καὶ
3557 4049 3806 4103 ἀπωθεῖο

2217 4160 2342 4212 σθαι
2361 4160 2456 4228 τὴν
2471 4154 2768 4227 θεραπείαν
2786 4154 2989 4218 αὐτῶν,
3006 4153 3086 4206 ἐτι
3107 4154 3200 4206 καὶ
3223 4146 3605 4220 προσεύχομαι
3649 4142 3798 4196 κατὰ

2217 4253 2326 4306 τῶν
2358 4251 2618 4304 εύδοκιῶν
2646 4248 2850 4311 αὐτῶν,
2875 4248 2996 4317 ἤτοι
3031 4243 3174 4298 κατὰ
3199 4242 3308 4295 τῶν
3337 4238 3663 4309 θελημὰτων
3701 4235 3801 4287 αὖ·

2218 4345 2348 4407 τῶν,
2375 4345 2461 4397 ἵνα
2499 4341 2572 4411 μὴ
2604 4339 3028 4392 συντελεσθῶσιν
3067 4339 3119 4391 αἱ
3160 4335 3351 4405 βουλαὶ
3379 4333 3474 4386 καὶ
3501 4329 3797 4399 ἐπιθυμίαι

2221 4433 2419 4484 αὐτῶν.
2473 4431 2656 4482 Ταῦτα
2681 4428 2788 4498 γὰρ
2817 4427 3064 4489 εὐδοκίας
3094 4426 3265 4492 λέγει.

2296 4615 2728 4681 Κατεπόθησαν
2755 4614 3015 4683 ἐχόμενα
3036 4609 3256 4678 πέτρας
3274 4609 3328 4662 οἱ
3357 4606 3548 4675 κριταί
3576 4605 3800 4661 αὐτῶν.

2225 4711 2291 4762 Οἱ
2316 4708 2580 4761 δυνάσται
2638 4705 2846 4770 αὐτῶν,
2897 4705 2944 4758 oi
2979 4705 3159 4757 πάντα
3193 4703 3424 4767 ἄγοντες
3472 4699 3566 4752 καὶ
3607 4699 3801 4766 φέρον.

2229 4818 2342 4867 τες,
2368 4797 2772 4870 ἠφανίσθησαν,
2804 4794 3206 4866 παραπλησίως
3239 4793 3491 4862 πέτραις,
3519 4789 3678 4860 δίκην
3711 4789 3808 4842 τι.

2233 4911 2370 4964 τρας
2397 4889 2964 4958 καταποντιζομένης,
2989 4883 3056 4959 ἧς
3082 4886 3205 4939 οὐδ’
3235 4885 3384 4955 ἴχνος
3416 4883 3804 4952 ύπολιμπὰνε-

551 4984 662 5035 Iloc
723 4981 886 5036 eliam
947 4981 1015 5034 de
1067 4980 1234 5048 impio
1287 4976 1417 5030 alibi
1464 4975 1671 5031 dictum
1727 4983 1810 5029 est
1848 4993 1861 5028 :
1894 4973 2103 5040 Qumsiv

2223 5005 2332 5041 ται.
2360 4985 2531 5038 Τοῦτο
2587 4986 2682 5038 καὶ
2738 4984 2867 5054 περὶ
2907 4981 3002 5034 τοῦ
3058 4978 3290 5042 ἀσεϐοῦς
3334 4974 3510 5042 εἶπεν,
3566 4977 3650 5031 ὅτι
3703 4976 3804 5030 καὶ

547 5078 718 5140 enim,
750 5074 949 5144 inquit,
975 5089 1089 5125 eum
1123 5084 1169 5126 et
1196 5081 1392 5124 nonest
1430 5070 1668 5123 inventus
1715 5069 1862 5120 locus
1916 5065 2029 5134 ejus
2053 5065 2123 5118 ’°.

549 5167 662 5222 Hoc
692 5174 854 5236 pacto
893 5167 1153 5220 nimirum
1184 5164 1528 5225 describens,
1561 5160 1836 5230 quomodo
1862 5159 1930 5214 ab
1971 5159 2124 5229 ipsis,

553 5269 610 5313 ut
649 5261 720 5313 ita
761 5259 962 5318 dicam,
1001 5257 1284 5310 rallicihus
1347 5256 1492 5308 illius
1559 5252 1823 5307 memoria
1891 5267 2123 5322 prorsus

553 5353 827 5406 exstincta
850 5353 938 5406 sit.
969 5349 1206 5404 Dentersi
1233 5358 1410 5402 autem
1437 5352 1580 5408 sunt,
1606 5345 1742 5399 dixit
1773 5359 1873 5413 pro
1905 5344 2125 5397 Demer-

553 5453 771 5512 gentur,
796 5460 918 5511 qua:
956 5443 1136 5497 futura
1161 5450 1339 5506 erant,
1375 5438 1675 5509 prophetia:
1711 5436 1849 5506 lege,
1892 5450 2123 5489 narrans

559 5543 616 5587 ut
655 5536 956 5603 practerita.

2237 5076 2566 5148 Ἐζήτησαν
2583 5076 2791 5141 αὐτὸν,
2817 5073 2914 5129 καί
2941 5075 3052 5142 οὐχ
3081 5073 3296 5142 εὑρέθη
3327 5074 3360 5126 ό
3393 5071 3577 5136 τόπος
3593 5064 3806 5130 αὐτοῦ.

2227 5173 2288 5224 τὸ
2330 5170 2629 5240 πρόρριζον
2659 5171 2752 5222 καὶ
2778 5167 3063 5235 ἀνώνυμον
3096 5164 3349 5219 ἐντεῦθεν
3377 5162 3577 5233 δηλῶν.
3611 5162 3687 5215 Τὸ
3734 5161 3794 5214 δὶ

2235 5263 2695 5330 Κατεπόθησαν,
2735 5261 2860 5314 ἀντὶ⁵
2885 5257 2978 5312 τοῦ
3011 5256 3534 5327 Καταποθὴσονται,
3583 5270 3803 5328 προφη-

2235 5358 2486 5421 τεύοντος
2514 5357 2614 5426 τὴν
2639 5355 3030 5425 καταστροφὴν
3063 5351 3266 5406 αὐτῶν.

628 5712 675 5746 ³⁵
697 5713 858 5768 Prov.
888 5729 1056 5780 nm,
1085 5714 1152 5783 5;
1182 5714 1357 5773 Eccle.
1413 5732 1503 5782 ιἰι,
1538 5713 1588 5769 6.
1665 5711 1711 5748 "
1739 5712 1882 5767 Psal.
1917 5725 2098 5778 um,
2137 5708 2230 5763 36.
