4090 6288
391 258 533 329 19.73

1566 262 1717 325 COM
1729 259 1960 322 MENT.
1998 256 2081 318 IN
2118 259 2476 326 PSALMOS,.

3513 277 3648 338 197i

468 379 850 435 Ἂκούσονται
879 382 952 436 τὰ
975 382 1217 453 ῥήματὰ
1263 401 1403 453 μου,
1440 383 1530 437 ὅτι
1573 384 1924 450 ἡδύν-θησαν

2029 419 2034 430 .
2136 377 2294 433 Vsus.
2335 382 2388 447 7,
2415 381 2466 436 8.
2502 382 2731 437 Audient
2770 382 2924 437 verba
2960 402 3093 446 mea,
3128 389 3372 455 quoniam
3408 386 3648 456 jurunda

397 471 457 526 '0
473 473 529 526 δὲ
554 475 875 545 Σύμμαχος,
894 476 1280 530 Ἀκούσογται
1293 478 1514 545 ῥήσεις
1529 495 1648 547 μου
1683 478 1962 546 ἡδίστας.

384 561 810 632 Παραδέξονταὶ,
859 567 1045 636 φησὶν,
1075 569 1124 620 οἱ
1176 569 1390 625 συνετοὶ
1439 569 1508 621 τὰ
1557 568 1780 638 ῥηματοὶ
1836 586 1963 638 μου,

2070 471 2309 544 fuerunt.
2345 473 2710 545 Symmachus
2741 487 2920 532 autem
2958 479 3213 542 reddidit,
3247 481 3474 534 Audient
3499 481 3646 532 locu-

2069 562 2240 615 tiones
2312 580 2459 617 meas
2517 566 2964 634 jucundissimas.
3030 569 3385 639 Suscipit-nt,
3444 572 3643 639 inquit,

381 657 537 718 διότι,
589 659 721 728 ἡδέα
752 658 927 715 ταῦτα
976 656 1089 724 τοῖς
1113 659 1422 727 εὐσεϐέσιν,
1476 661 1553 725 ὡς
1608 662 1808 734 ἀληθῆ,
1865 679 1924 715 κα

2065 655 2344 724 sapientes
2377 657 2477 708 viri
2503 658 2664 711 verba
2708 675 2845 721 mea,
2884 661 3141 729 quoniam
3175 663 3278 729 piis
3304 677 3363 714 ac
3393 661 3643 714 ﬁdelibus

380 748 652 817 ὠφέλιμα.

459 844 621 897 Ὠσεὶ
651 843 846 931 πάχος
873 836 984 913 τῆς
998 845 1219 914 ὲῤῥάγη
1251 843 1348 900 ἐπὶ
1383 845 1493 914 τῆς
1523 845 1654 914 γῆς,
1686 844 1958 916 διεσκορ-

2064 749 2181 801 ιιαξιξ
2210 750 2615 818 jucundissima
2652 761 2803 812 sunt,
2843 753 3007 806 veluti
3037 755 3188 806 utilia
3221 771 3283 807 ac
3310 771 3459 806 vera.

2135 839 2284 898 Sicut
2311 846 2610 900 crassitudo
2655 857 2812 901 terra:
2852 858 3038 916 erupta
3088 859 3165 901 est
3212 863 3369 914 super
3419 860 3636 912 terram,

379 936 566 1003 πίσθη
606 936 675 989 τὰ
703 935 854 992 ὀστᾶ
876 937 1077 991 αὐτῶν
1098 938 1263 1006 παρὰ
1304 933 1417 991 τὸν
1458 937 1634 1006 ᾅδην.
1687 937 1917 993 Καθάπε

2059 937 2299 1005 dispersa
2337 947 2459 991 sunt
2494 956 2617 992 ossa
2648 957 2827 993 eorum
2867 942 3008 1008 apud
3044 943 3329 1010 infernum.
3365 943 3638 1008 Quemad-

379 1030 552 1099 πάχος
597 1031 700 1099 γῆς
749 1031 968 1101 ἀρότρῳ
1029 1031 1473 1103 διατεμνόμενον,
1544 1029 1814 1104 ῥήγνυται
1862 1051 1924 1086 κα

2061 1032 2283 1086 modum
2318 1041 2476 1088 terra:
2515 1035 2832 1089 crassitudo
2861 1045 3046 1091 aratro
3073 1038 3303 1091 discissa
3342 1040 3636 1106 rumpitur,

378 1123 735 1193 σκορπίξεται
758 1125 853 1177 ἐπὶ
874 1125 974 1193 τῆς
1005 1125 1374 1196 ὑποκειμένης
1395 1126 1523 1194 γῆς,
1544 1121 1690 1201 οζιτω
1721 1126 1790 1190 τὰ
1819 1127 1924 1180 όστι

2058 1133 2111 1179 et
2176 1122 2233 1179 in
2299 1127 2605 1194 proximam
2657 1134 2860 1181 terram
2921 1131 3222 1196 spargitur,
3274 1130 3354 1182 sic
3404 1137 3456 1182 ct
3506 1145 3633 1182 ossa

375 1214 558 1267 αὐτῶν
589 1214 1181 1288 διασκορπισθήσονται
1224 1219 1281 1271 ἐν
1324 1216 1404 1288 τῷ
1437 1219 1615 1288 τάφῳ.
1651 1219 1821 1271 Τοῦτο
1843 1220 1924 1288 γά,

2056 1230 2248 1270 eorum
2318 1217 2706 1286 dispergentur
2763 1218 2819 1270 in
2877 1219 3180 1286 sepultura.
3234 1218 3382 1273 llanc
3429 1220 3632 1273 etenim

375 1306 661 1377 ὠνόμασεν
696 1308 852 1380 ᾅδην.

446 1403 565 1454 Ὅτι
602 1402 752 1470 πρὸς
786 1403 883 1467 σὲ,
909 1403 1106 1472 Κύριε,
1159 1407 1360 1475 Κύριε,
1403 1409 1460 1460 ot
1485 1408 1786 1476 ὀφθαλμοί
1807 1424 1949 1477 μου·

369 1491 470 1549 ἐπὶ
494 1495 595 1550 σοὶ
645 1491 904 1564 ἤλπισα,
930 1499 1018 1568 μὴ
1063 1499 1407 1569 ἀντανέλῃς
1439 1498 1786 1570 τὴνψυχήν
1803 1519 1949 1570 μου.

2055 1309 2331 1364 infernum
2359 1308 2669 1378 appellavit.

2123 1401 2264 1468 Quia
2304 1404 2444 1469 apud
2481 1412 2550 1468 te,
2585 1403 2831 1468 Domine,
2863 1401 3110 1469 Domine,
3142 1405 3281 1457 oculi
3312 1405 3413 1457 mei
3445 1420 3462 1457 :
3495 1404 3546 1455 in
3583 1411 3632 1455 te

2049 1497 2277 1561 speravi,
2331 1513 2393 1549 ne
2441 1504 2659 1564 (tuleras
2715 1496 2953 1549 animam
3016 1512 3204 1550 meam.
3263 1495 3339 1550 Ne
3390 1496 3628 1560 auferas,

369 1589 462 1658 Μὴ
488 1587 697 1660 ἀφέλῃς
727 1589 827 1659 τὴν
853 1591 1034 1662 ψυχήν
1090 1609 1193 1660 μου
1249 1589 1730 1662 καταδιωκομένου
1792 1604 1924 1664 παρέ

2052 1588 2251 1656 inquit,
2283 1589 2521 1641 animam
2571 1601 2768 1647 meam,
2798 1585 2928 1641 dum
2979 1588 3330 1641 inimicorum
3366 1603 3627 1657 persecu-

366 1679 480 1733 τῶν
509 1681 743 1751 ἐχθρῶν,
781 1685 875 1737 καὶ
904 1684 1151 1755 σφοδρῶς
1188 1684 1701 1756 ἐπιϐουλευομένου.

436 1772 721 1836 Φύλαξ-(όν
753 1790 830 1843 με
868 1768 986 1829 ἀπὸ
1043 1776 1317 1846 παγίδος,
1358 1768 1430 1846 ἧς
1468 1772 1943 1844 συνεστήσαντό

2050 1680 2277 1742 tionem,
2314 1687 2368 1732 et
2399 1678 2665 1730 maximas
2699 1677 2930 1731 insidias
2955 1679 3234 1731 sustineo:

2120 1773 2286 1828 Vens.
2322 1774 2376 1828 9.
2408 1771 2633 1826 Custodi
2663 1787 2742 1825 me
2781 1789 2812 1824 a
2859 1772 3067 1840 laqueo,
3127 1788 3280 1840 quem
3334 1771 3624 1825 constitue-

357 1881 455 1933 με,
495 1865 594 1918 καὶ
645 1866 765 1920 ἀπὸ
809 1867 1179 1923 σκανδάλων
1219 1868 1340 1922 τῶν
1365 1868 1774 1940 ἐργαζομένων
1827 1864 1924 1937 τὴν

2049 1876 2170 1919 runt
2200 1865 2346 1928 mihi,
2381 1873 2431 1916 et
2479 1882 2511 1917 a
2554 1863 2826 1918 scandatis
2884 1865 3215 1930 operantium
3269 1863 3622 1931 iniquitatem.

363 1955 640 2024 ἀνομίαν.
667 1957 952 2012 Σκάνδαλα
974 1959 1066 2013 καὶ
1091 1955 1249 2025 αὖθις
1278 1960 1379 2033 τὴν
1412 1962 1616 2030 παγίδα
1641 1959 1813 2032 λέγει,
1839 1961 1941 2016 καὶ

362 2046 462 2116 τὴν
486 2047 804 2120 ἐπιϐουλήν.

433 2138 771 2195 Πεσοῦνται
801 2141 874 2196 ἐν
911 2143 1342 2214 ἁμφιόλήστρῳ
1364 2145 1564 2199 αὐτῶν
1591 2149 1647 2201 οι
1675 2147 1942 2216 ἁμαρτω-

2051 1960 2153 2014 Per
2187 1958 2448 2012 scandala
2484 1965 2538 2012 et
2574 1973 2672 2028 per
2695 1957 2946 2026 laqueos,
2978 1954 3205 2012 insidias
3231 1972 3425 2011 rursus
3460 1957 3625 2011 intel-

2048 2051 2188 2121 ligit.

2121 2145 2285 2201 Vens.
2321 2144 2407 2199 i0.
2440 2144 2640 2200 Cadent
2662 2145 2717 2199 in
2747 2152 2852 2198 rete
2875 2158 3027 2197 suum
3059 2151 3380 2211 peccatores.
3415 2142 3472 2195 In
3498 2158 3596 2212 pro

361 2231 482 2286 λοι.
521 2232 919 2304 Ἐμπεσοῦνται
945 2236 1022 2304 τῷ
1051 2236 1255 2308 δικτύῳ
1275 2238 1478 2301 αὐτῶν,
1511 2239 1649 2309 ὅπερ
1678 2239 1924 2308 ἧπλωσαι

2046 2237 2248 2312 prium,
2279 2241 2478 2311 inquit,
2512 2249 2626 2294 rete
2670 2238 2932 2302 incident,
2990 2238 3134 2306 quod
3185 2237 3475 2291 adversum
3537 2251 3621 2290 me

363 2325 485 2377 κατ’
530 2325 691 2393 ἐμοῦ,
718 2326 1225 2398 σαγηνευθήσονται
1248 2332 1316 2401 τῇ
1353 2330 1462 2402 ἰδίᾳ
1503 2334 1754 2404 σαγήνῃ·
1789 2332 1822 2402 ἢ
1878 2334 1924 2386 ἐκ

2046 2334 2424 2397 tetenderunt,
2453 2339 2510 2388 et
2537 2330 2762 2401 propria
2804 2328 3344 2397 comprehendantur
3395 2342 3619 2397 sagena.

360 2416 767 2491 ἀμφιϐλήστρῳ
789 2420 978 2488 αὑτοῦ,
1004 2421 1248 2494 δηλονότι
1264 2425 1360 2477 τοῦ
1380 2424 1540 2480 Θεοῦ.

420 2603 819 2672 Καταμμόνας
847 2605 965 2675 ειμι
987 2606 1136 2676 ἐγὼ,
1200 2606 1314 2675 ἕως
1344 2606 1422 2661 ἂν
1455 2609 1754 2678 παρέλθω.
1820 2609 1937 2694 lide-

2045 2420 2143 2480 Vel
2170 2425 2324 2497 juxta
2347 2424 2512 2480 aliam
2542 2424 2783 2480 litteram
2823 2442 2837 2480 :
2876 2421 3079 2478 Cadent
3108 2421 3164 2474 in
3199 2428 3307 2474 rete
3329 2420 3466 2489 ejus,
3512 2421 3619 2476 hoc

2041 2531 2144 2586 est,
2180 2523 2303 2591 ejus
2327 2516 2445 2577 Dei.

2111 2614 2420 2684 Singularis
2455 2630 2571 2667 sum
2602 2629 2718 2682 ego,
2747 2629 3015 2685 usquequo
3068 2622 3358 2669 transeam.
3413 2607 3612 2677 Segre-

356 2695 676 2766 μονωμένος
726 2697 822 2751 ἀπ’
880 2699 1069 2754 αὐτῶν
1125 2702 1266 2771 εἰμι,
1302 2702 1493 2773 πόρρω
1550 2703 1651 2773 τῆς
1707 2703 1924 2778 γνώμης

2041 2716 2202 2780 gaius
2241 2707 2501 2763 nimirum
2530 2705 2600 2762 ab
2627 2710 2728 2774 eis,
2781 2705 3012 2761 eﬂectus
3039 2706 3214 2769 solus,
3243 2714 3295 2760 et
3329 2701 3517 2770 procul
3549 2701 3618 2754 ab

351 2783 564 2838 τούτων
595 2786 838 2842 ἐλαύνων
858 2804 873 2818 ·
906 2791 1004 2844 καὶ
1038 2790 1101 2846 οὑ
1133 2793 1389 2847 τοσοῦτον
1409 2793 1695 2848 διαστάσει
1724 2797 1928 2862 τόπων,

350 2878 477 2932 ὅσον
537 2878 916 2952 ἀλλοτριότητι
972 2886 1352 2955 προαιρέσεως
1409 2888 1932 2959 ἅποκεχωρισμένος

350 2970 552 3036 αὐτῶν,
586 2972 693 3038 ἕως
721 2974 789 3027 ἂν
809 2975 1092 3031 ἀποθάνω.

2039 2819 2229 2860 eorum
2295 2801 2565 2857 sententia
2627 2817 2642 2852 :
2695 2815 2796 2856 nec
2849 2807 3062 2853 tantum
3118 2800 3242 2853 loco
3296 2801 3614 2866 separatus,

2038 2904 2303 2966 quantum
2341 2909 2369 2946 a
2401 2894 2704 2962 proposito,
2746 2901 2801 2947 et
2831 2890 3065 2946 consilio
3125 2904 3317 2943 eorum
3380 2887 3615 2941 alienus.

2040 2992 2340 3058 Separatus
2367 2993 2548 3040 autem
2577 2987 2645 3039 ab
2675 2984 2778 3046 eis,
2817 2998 3106 3053 usquequo
3141 2982 3364 3036 moriar.

345 3062 656 3132 Συνέσεως
694 3064 774 3131 τῷ
805 3068 1004 3134 Δασὶδ,
1064 3068 1134 3123 ἐν
1198 3067 1277 3135 τῷ
1327 3065 1482 3127 εἶναι
1529 3073 1718 3129 αὐτόν
1747 3077 1814 3130 ἐν
1841 3076 1921 3141 τῷ

2031 3082 2400 3152 Intelligentite
2472 3080 2576 3147 ipsi
2657 3077 2869 3142 David,
2928 3093 3047 3131 cum
3122 3081 3280 3130 esset”
3340 3090 3501 3129 orans
3557 3073 3613 3126 in

700 3161 988 3226 σπηλαίῳ
1035 3164 1551 3233 προσευχόμενον.

866 3253 1160 3309 ΨΑΛΜΟΣ
1217 3259 1400 3316 PMA’.

415 3336 482 3394 Ti
527 3344 627 3413 μὲν
656 3344 811 3415 δηλοῖ
870 3348 932 3398 τὸ
971 3350 1304 3417 Συνέσεως,
1337 3354 1395 3407 ἐν
1427 3353 1708 3424 διαφόροις
1739 3355 1927 3419 ἄλλαις

346 3433 685 3503 ἐπιγραφαῖς
752 3437 1252 3508 παραδεδώκαμεν.
1292 3443 1568 3513 Σπήλαιον
1601 3445 1658 3497 δὲ
1690 3447 1838 3513 λέγει
1867 3448 1927 3500 τὸ

341 3525 586 3589 διπλοῦν,
619 3530 675 3581 ἐν
707 3524 752 3598 ᾧ
787 3531 948 3585 Δασὶδ
975 3533 1258 3603 ηὐλίσατο,
1317 3536 1538 3604 φεύγων
1572 3538 1665 3590 τὸν
1710 3539 1882 3592 Σαούλ
1908 3555 1923 3571 ⁸

345 3619 470 3672 ἐπεὶ
499 3619 608 3692 γὰρ
643 3621 803 3686 αὐτὸς
839 3624 940 3693 μὲν
992 3626 1260 3696 ἐνδοτέρω
1295 3629 1633 3698 ἐκέκρυπτο,
1663 3632 1838 3684 Σαοὺλ
1868 3632 1926 3685 δὲ

341 3714 760 3783 παρερχόμενος
782 3716 842 3767 ἐν
871 3714 950 3785 τῷ
966 3717 1219 3791 ἐξωτέρῳ
1241 3706 1686 3792 κατεσκήνωσεν,
1714 3725 1926 3792 ἀγνοῶν

339 3804 403 3856 τὸ
433 3807 687 3878 πρᾶγμα·
713 3810 878 3876 γνοὺς
912 3811 941 3863 ό
965 3811 1132 3864 Δασὶδ
1156 3812 1239 3865 ὅτι
1267 3814 1712 3883 συγκέκλεισται,
1756 3833 1923 3886 προσ·

341 3898 548 3968 ηὔξατο
580 3901 779 3956 ταῦτα.

411 4079 586 4147 Φωνῇ
639 4097 757 4147 μου
803 4081 954 4150 πρὸς
1008 4082 1234 4150 Κύριον
1270 4083 1587 4151 ἐκέκραξα,
1612 4084 1783 4152 φωνῇ
1803 4102 1924 4153 μου

340 4171 492 4238 πρὸς
541 4173 757 4240 Κύριον
805 4172 1083 4242 ἐδεήθην.
1145 4175 1258 4229 Καὶ
1290 4177 1397 4246 μὴν
1418 4177 1520 4228 οὐκ
1544 4176 1777 4247 ἠδύνατο
1817 4194 1925 4245 φω-

340 4267 472 4328 νεῖν,
507 4263 538 4332 ﬂ
576 4263 826 4334 κράζειν,
862 4265 948 4319 (va
977 4266 1052 4336 μὴ
1082 4270 1348 4334 γνωσθεὶς
1374 4268 1577 4322 αὐτίκα
1616 4268 1918 4338 συλληφθῇ.

337 4356 542 4410 Λοιπὸν
567 4352 662 4409 οὖν
701 4356 887 4428 φωνὴν
913 4358 1229 4427 κράζουσαν
1269 4362 1422 4430 λέγει
1455 4361 1572 4422 νῦν,
1609 4361 1706 4431 τὴν
1729 4378 1917 4414 συντερ

335 4447 578 4518 ταμένην
605 4446 846 4502 διάθεσιν
866 4449 968 4518 τῆς
994 4450 1246 4520 καρδίας,
1266 4451 1550 4521 ἀλαλήτως
1578 4451 1915 4522 κραζούσης,

334 4543 429 4592 καὶ
461 4540 668 4611 νοερῶς
695 4540 1192 4612 καθικετευούσης.

413 4812 632 4885 Ἐκκεῶ
659 4812 916 4869 ἐνώπιον
938 4813 1128 4868 αὐτοῦ
1166 4812 1283 4882 τὴν
1319 4815 1538 4883 δέησίν
1589 4833 1732 4885 μου.
1775 4821 1912 4886 Προ-

331 4910 504 4981 θήσω.

403 5003 530 5072 Τὴν
581 5001 796 5070 θλίψιν
833 5017 956 5072 μου
1007 4999 1263 5053 ἐνώπιον
1310 5002 1496 5056 αὐτοῦ
1561 5004 1904 5075 ἀπαγγελῶ.

331 5095 407 5148 Τὸ
447 5094 580 5150 αὐτὸ
636 5093 788 5162 λέγει
829 5093 1015 5147 πάλιν.
1061 5092 1180 5158 Τὴν
1231 5094 1445 5162 θλίψιν
1482 5097 1612 5149 ἀντὶ
1640 5098 1902 5168 δεήσεως,

332 5185 728 5257 προσαλοῦμαι,
761 5185 979 5255 κάμψαι
1009 5185 1148 5254 πρὸς
1189 5184 1474 5256 ἀντίληψιν
1533 5188 1628 5242 τὸν
1681 5191 1906 5262 Κύριον,

328 5279 661 5348 δυναμένην,
697 5277 843 5348 Αὕτη
869 5279 979 5347 γὰρ
1017 5279 1079 5330 οὑ
1123 5278 1284 5346 μόνον
1329 5279 1782 5352 σπουδαιοτέρους
1811 5289 1907 5340 καὶ

327 5370 872 5441 προσεκτικωτέρους
936 5369 1095 5424 εἴωθε
1153 5373 1348 5436 ποιεῖν,
1376 5372 1514 5425 ἀλλὰ
1547 5376 1642 5428 καὶ
1689 5380 1904 5450 παρῤη.

329 5467 454 5519 σίαν
508 5465 568 5516 οὐ
622 5465 827 5532 μικρὰν
883 5463 1020 5533 πρὸς
1075 5463 1231 5528 Θεδν,
1276 5464 1355 5532 τῷ
1405 5467 1525 5534 μετ’
1553 5468 1906 5539 εὐχαριστίας

325 5556 548 5625 φέροντι
596 5555 905 5623 χαρίζεται.
961 5557 1068 5610 Καὶ
1128 5555 1269 5626 μέγα
1330 5555 1626 5629 δικαίωμα,
1659 5563 1793 5634 πρὸς
1844 5568 1904 5619 τὸ

324 5646 748 5719 είσακουσθῆναι
777 5649 1006 5716 γίνεται.

1946 4417 1996 4475 Ι)

2689 3171 2960 3237 spelunca.

2548 3260 2871 3316 PSALMUS
2901 3259 3082 3316 CXLI.

2099 3357 2242 3423 Quid
2296 3355 2574 3426 signiticet
2606 3355 2900 3423 inscriptio
2963 3352 3358 3422 Intelligentiw,
3420 3349 3610 3403 multis

2030 3451 2082 3502 in
2122 3451 2258 3503 locis
2313 3449 2741 3503 declaravimus.
2778 3447 2883 3500 Per
2946 3446 3263 3514 speluncam
3300 3457 3426 3497 vero
3459 3443 3606 3494 illam

2028 3539 2302 3608 intelligit,
2337 3540 2390 3592 in
2432 3552 2539 3607 qua
2599 3539 2792 3592 beatus
2850 3535 3021 3590 David
3089 3535 3268 3597 latuit,
3306 3533 3435 3586 dum
3466 3533 3608 3584 Sau-

2030 3635 2132 3688 lem
2171 3633 2401 3700 fugeret.
2451 3631 2588 3684 Cum
2654 3643 2835 3684 autem
2883 3644 2947 3684 eo
2997 3629 3107 3682 illic
3164 3627 3412 3681 latitante
3441 3627 3607 3680 adve-

2028 3728 2201 3781 nisset
2249 3724 2402 3790 Saul,
2441 3733 2494 3776 et
2537 3723 2663 3777 l'acti
2697 3722 2927 3791 ignarus
2977 3733 3222 3774 exterius
3272 3729 3606 3781 moraretur,

2027 3817 2276 3872 resciens
2337 3812 2532 3879 David,
2575 3828 2634 3867 se
2666 3813 2782 3874 illic
2835 3812 2903 3866 ab
2956 3811 3116 3865 hoste
3178 3808 3604 3873 circumdatum,

2028 3926 2090 3964 ac
2151 3927 2290 3980 pene
2349 3909 2677 3964 conclusum
2753 3923 2902 3973 esse,
2974 3908 3279 3959 orationem
3335 3903 3479 3956 hanc
3538 3910 3606 3954 ad

2032 4001 2202 4056 Deum
2231 4002 2486 4071 protulit.

2097 4095 2264 4150 Vens.
2300 4095 2356 4149 2.
2404 4093 2536 4149 Voce
2592 4110 2706 4146 mea
2757 4092 2826 4144 ad
2861 4090 3142 4145 Dominum
3183 4090 3427 4155 clamavi,
3489 4105 3606 4143 uoce

2024 4204 2142 4241 mea
2183 4187 2250 4240 ad
2303 4187 2592 4240 Dominum
2627 4195 2878 4254 precatus
2915 4201 3054 4238 sum.
3111 4184 3274 4252 Atqui
3308 4198 3407 4236 nec
3458 4181 3605 4250 Ιοαμιί

2026 4288 2261 4344 poterat,
2300 4294 2402 4332 nec
2444 4279 2706 4341 clamare,
2760 4293 2826 4330 ne
2858 4277 3112 4344 cognitus
3173 4275 3384 4330 scilicet
3417 4277 3599 4328 statim

2025 4372 2613 4440 comprehenderetur,
2685 4379 2739 4424 et
2796 4371 3022 4439 periret.
3067 4368 3258 4422 Restat
3317 4367 3484 4435 igitur
3543 4376 3604 4419 ut

2023 4480 2119 4533 per
2171 4478 2355 4518 vocem
2408 4474 2461 4518 et
2506 4464 2828 4525 clamorem,
2890 4463 3165 4515 intensum
3223 4462 3407 4517 cordis
3473 4460 3605 4514 εσθ-

2018 4567 2168 4610 ctum
2216 4555 2612 4624 intelligamus.
2670 4554 2850 4608 Corde
2905 4553 3108 4608 etenim
3176 4561 3230 4606 et
3282 4567 3392 4606 non
3467 4567 3604 4606 voce

2018 4649 2348 4711 clamabat,
2421 4648 2652 4718 ipsaque
2730 4653 2912 4700 tuente
2995 4644 3061 4698 ad
3141 4646 3309 4698 Deum
3411 4659 3602 4712 preces

1980 4722 1985 4727 ”
2018 4738 2307 4794 efferebat.

2091 4828 2257 4884 Vens.
2292 4828 2346 4883 ὅ.
2379 4828 2668 4896 Effundam
2724 4827 2780 4878 in
2822 4833 3102 4895 conspectu
3149 4824 3263 4894 ejus
3307 4826 3599 4880 orationem

2020 4939 2212 4976 meam.
2245 4919 2360 4975 lloc
2391 4929 2477 4974 est
2504 4933 2826 4989 proponam.

2091 5013 2502 5065 Tributationem
2552 5028 2720 5065 meam
2779 5023 2902 5068 ante
2981 5015 3154 5082 ipsum
3220 5014 3592 5084 pronuntiabo.

2018 5106 2277 5161 Eamdem
2336 5122 2530 5162 rursus
2605 5112 2932 5165 sententiam
2995 5112 3211 5180 repetit.
3261 5109 3597 5165 Tribulatio-

2019 5215 2167 5263 nem,
2229 5200 2428 5268 inquit,
2488 5214 2662 5253 meam
2700 5218 2820 5270 quae
2855 5203 2922 5256 ad
2980 5204 3243 5257 auxilium
3299 5202 3466 5256 Deum
3502 5195 3595 5257 ile.

2019 5304 2168 5349 etcre
2214 5293 2437 5361 poterit,
2510 5309 2607 5360 pro
2660 5297 2912 5350 oratione
2982 5297 3030 5350 ci
3090 5311 3409 5366 proponam.
3474 5295 3594 5364 Ipsa

2019 5383 2293 5452 siquidem
2331 5384 2618 5437 tribulatio
2677 5400 2783 5437 non
2826 5388 3001 5439 solum
3057 5387 3380 5443 attentiores
3418 5388 3594 5441 homio

2017 5490 2114 5528 nes
2152 5473 2381 5528 reddere
2410 5476 2550 5530 solet
2622 5492 2745 5528 cum
2825 5486 3102 5541 narratur,
3168 5479 3263 5536 sed
3331 5480 3588 5534 liduciam

2015 5567 2178 5621 etiam
2214 5569 2261 5621 ei
2297 5577 2522 5636 praestat
2577 5583 2683 5622 non
2727 5570 3029 5636 minimam,
3065 5573 3160 5640 qui
3220 5586 3343 5625 cum
3390 5575 3591 5642 gratia-

2013 5676 2135 5714 rum
2218 5648 2438 5713 aetione
2532 5677 2652 5713 eam
2737 5663 3047 5730 protulerit.
3125 5661 3276 5718 Unde
3349 5665 3585 5718 maxima

2017 5754 2335 5825 justiticatio
2369 5754 2633 5827 edicitur,
2665 5757 2732 5813 ad
2789 5756 2917 5824 hoc,
2954 5765 3010 5814 ut
3060 5757 3184 5829 quis
3229 5756 3580 5818 cxuudiatdi.
