4090 6288
537 253 676 317 1279

531 460 725 514 stravit
761 473 845 510 me.
881 456 1137 511 inimicus
1169 456 1221 508 in
1255 466 1453 510 terram
1482 494 1495 517 ,
1527 471 1632 509 non
1676 463 1887 508 tantum
1919 470 1980 508 ea
2019 472 2107 508 ra-

532 553 706 615 tione,
740 550 885 619 quod
917 550 1296 604 calamitatum
1336 549 1575 616 pendere
1607 547 1908 615 depressus
1945 562 2065 600 sum
2093 586 2108 611 ,

530 644 623 698 sed
661 645 788 713 quia
823 645 998 711 ipsam
1034 643 1198 695 etiam
1243 641 1468 692 humum
1515 656 1611 706 pro
1664 640 1793 692 sede
1837 653 1900 693 ac
1934 646 2109 692 strato

531 752 652 791 meo
683 736 846 788 ltubtti
873 775 887 796 ,
928 734 1134 796 veluti,
1180 735 1269 802 qui
1307 734 1460 786 exsul
1522 747 1669 787 eram
1723 746 1751 784 a
1802 730 1995 798 patria,
2043 745 2106 782 ac

528 845 743 896 semper
781 829 834 882 in
867 827 1021 897 luga.
1047 826 1212 881 Juxta
1249 842 1555 894 anagogeu,
1590 823 1887 877 invisibilis
1922 823 2107 875 inimi-

527 937 625 974 cus
666 927 732 973 ad
763 929 983 974 terrena
1021 936 1104 972 me
1138 921 1353 987 negotia
1383 916 1624 979 deﬂexit,
1656 930 1777 968 cum
1808 929 1834 967 a
1869 912 2106 968 caalesti-

529 1013 632 1067 bus
666 1029 751 1066 me
786 1022 946 1066 antea
973 1016 1329 1068 extraxisset.
1359 1009 1566 1065 Nomen
1597 1024 1721 1062 vero
1756 1007 2102 1070 humilitatis,

528 1114 587 1158 ut
628 1121 772 1175 smpe
796 1105 1061 1171 diximus,
1095 1108 1248 1175 plura
1284 1104 1579 1175 signiﬁcat.
1610 1103 1795 1170 Neque
1819 1102 1963 1154 enim
1997 1101 2107 1153 vir-

527 1199 659 1251 tutis
697 1208 907 1253 tantum
951 1214 1148 1252 nomen
1185 1208 1288 1262 est,
1331 1197 1424 1250 sed
1460 1211 1557 1265 pro
1587 1209 1648 1249 ea
1686 1197 1849 1247 etiam
1883 1194 2106 1262 ponitur

528 1290 851 1353 humilitate,
887 1307 1005 1361 qua:
1038 1306 1067 1344 a
1115 1291 1520 1345 calamitatibus
1548 1289 1822 1356 provenit,
1880 1296 2046 1357 atque
2075 1301 2104 1339 ιι

523 1387 790 1452 peccatis.
824 1387 1119 1454 lAccipitur
1175 1385 1340 1440 etiam
1399 1384 1679 1438 humilitas
1730 1395 1830 1450 pro
1865 1381 2102 1448 quodam

1765 247 2149 307 EUTlIYMll
2188 247 2550 314 ZlGABENl

605 365 912 421 "nuntiavit
945 366 995 416 in
1034 372 1174 416 terra
1219 363 1377 415 vitam
1411 378 1601 416 meam.
1647 361 1850 430 Deiecit
1878 378 1941 416 ac
1979 378 2103 432 ιιι-ο-
2136 366 2179 420 Α

3657 260 3789 324 1980

2293 365 2735 421 Ἐταπείνωσεν
2761 369 2847 434 εἷς
2872 366 2990 439 γῆν
3027 368 3139 436 τὴν
3169 368 3322 437 ζωήν
3344 389 3477 436 μου.
3516 374 3796 442 Κατέκσμο

2220 456 2288 524 es
2333 476 2399 525 με
2437 461 2515 522 είς
2549 460 2674 528 γῆν,
2724 463 2785 514 οὐ
2854 463 3016 531 μόνον
3049 463 3128 526 είς
3161 463 3265 531 γῆν
3300 466 3685 533 συγκεκυφὸτα
3711 466 3797 518 διὰ

2216 552 2277 603 τὸ
2307 551 2476 620 βάρος
2505 553 2615 604 τῶν
2650 553 2970 623 συμφορῶν,
2998 555 3134 609 ἀλλά
3165 557 3260 608 καὶ
3303 558 3409 624 γῆν
3435 559 3627 628 ἔχοντα
3660 560 3793 613 καθ-

2220 643 2383 712 έδραν
2416 645 2510 696 καὶ
2541 646 2851 716 σῖρωμνὴν,
2891 647 2966 706 ὼς
2996 647 3233 714 φυγάδα.
3279 647 3338 701 Ὀ
3373 649 3471 718 μέν
3494 667 3573 702 τοι
3607 652 3794 719 νοητὸς
3822 685 3827 689 -

2217 735 2411 804 ἐχθρὸς
2431 776 2444 800 ,
2480 738 2798 808 κατέκαμψὲ
2825 756 2891 808 με
2916 741 2998 804 εἰς
3030 742 3094 792 τὰ
3122 742 3285 810 γήϊνα
3322 742 3625 812 πράγματα
3659 744 3792 795 καθ-

2215 822 2455 889 ελκύσας
2509 827 2618 881 ἀπὺ
2671 830 2779 882 τῶν
2827 829 3117 898 οὐρανίων.
3173 829 3596 901 Πολυσημαντον
3622 831 3700 895 δὲ,
3732 833 3793 884 τὸ

2211 919 2313 988 τῆς
2341 919 2728 984 ταπεινώσεως
2761 921 2934 992 ὄνομα
2961 939 2975 954 ο
3007 923 3160 992 δηλοί
3185 922 3294 992 γὰρ
3315 924 3375 977 οὐ
3407 923 3567 993 μόνον
3605 924 3705 994 τὴν
3731 925 3791 988 ἐξ

2214 1011 2437 1080 ἀρετῆς,
2469 1011 2608 1064 ἀλλὰ
2649 1011 2743 1064 καὶ
2787 1012 2887 1081 τὴν
2917 1013 3024 1065 ἀπὸ
3060 1012 3383 1082 συμφορῶν,
3415 1012 3510 1066 καὶ
3553 1013 3652 1083 τὴν
3684 1013 3792 1064 ἀπὸ

2211 1105 2658 1174 ἁμαρτημάτων,
2725 1106 2818 1161 καί
2848 1107 2946 1176 τὴν
2995 1105 3052 1172 ἐξ
3105 1107 3418 1175 ἑπάρσεως,
3462 1107 3556 1158 καὶ
3593 1105 3691 1176 τὴν
3733 1104 3790 1171 ἐξ

2209 1195 2542 1264 ἀπληστίας,
2585 1199 2707 1266 ἥτις
2744 1198 2839 1250 καὶ
2902 1198 2994 1250 τὸν
3047 1198 3236 1251 ὀϐολὸν
3283 1199 3427 1268 μέγα
3455 1215 3508 1250 τι.
3553 1195 3788 1266 νομίζει,

2213 1287 2311 1339 καὶ
2342 1287 2412 1340 τὰ
2443 1287 2637 1357 εὐτελῆ
2665 1288 3129 1359 περισπούδαστα,
3151 1287 3405 1361 καθάπερ
3425 1287 3494 1342 τὰ
3529 1286 3794 1357 παιδάρια

2210 1377 2312 1441 τὰς
2347 1380 2605 1450 σφαίρας,
2641 1382 2733 1432 καὶ
2766 1381 2892 1442 τοὺς
2921 1381 3325 1449 ἀστραγάλους,

524 1478 678 1543 vitio,
710 1481 853 1547 quod
886 1495 950 1535 ex
989 1479 1216 1532 avaritia
1254 1480 1519 1540 nascitur,
1551 1485 1647 1529 aut
1675 1492 1703 1529 a
1735 1473 2207 1545 pusillanimitate.
2246 1471 2422 1528 Veluti
2457 1488 2582 1527 cum
2651 1474 2776 1543 quis
2836 1474 3056 1529 obolum
3101 1474 3284 1543 magni
3349 1472 3618 1540 aestimat,
3690 1471 3792 1528 au‘

519 1587 642 1642 quae
672 1577 853 1630 tenuia
884 1591 946 1630 ac
990 1577 1113 1628 vilia
1151 1583 1323 1640 sunt,
1358 1573 1523 1644 digna
1568 1572 1752 1627 studio
1790 1589 1802 1624 :
1840 1570 2300 1640 quemadmodum
2338 1569 2493 1640 pueri
2523 1567 2756 1634 faciunt,
2782 1569 2875 1640 qui
2925 1570 3090 1640 pilas,
3149 1579 3244 1625 aut
3304 1569 3465 1635 talos,
3515 1583 3638 1624 esse
3692 1568 3794 1625 ali-

520 1669 650 1738 quid
680 1684 935 1740 magnum
972 1671 1315 1724 existimant.

592 1766 760 1819 Vens.
794 1766 848 1819 4.
884 1765 1173 1822 Collocavit
1202 1783 1280 1819 me
1319 1765 1376 1818 in
1408 1764 1644 1819 obscuris
1674 1763 1812 1817 sicut
1860 1769 2093 1815 mortuos
2127 1767 2169 1822 Β

519 1860 720 1911 sweuli.
753 1854 812 1913 In
836 1859 1147 1914 alilictionis
1177 1859 1427 1915 tenebras
1455 1874 1540 1911 me
1570 1856 1818 1911 immisit.
1851 1868 1903 1910 et
1935 1871 2094 1908 men-

517 1961 626 2005 tem
665 1966 837 2006 meam
883 1953 1052 2008 veluti
1094 1953 1327 2023 caligine
1356 1955 1590 2022 quadam
1642 1949 1890 2005 obduxit.
1937 1946 2093 2014 Quod

518 2059 646 2098 vero
679 2045 772 2109 ait,
800 2045 1037 2101 Mortuo:
1081 2049 1287 2111 saeculi,
1322 2047 1458 2102 dixit
1502 2045 1569 2099 ad
1602 2044 2093 2100 demonstrandam

515 2138 866 2193 tenebrarum
914 2139 1369 2211 magnitudinem.
1420 2139 1606 2208 Neque
1646 2138 1793 2191 enim
1844 2141 2092 2189 mortuos

517 2229 858 2298 simpliciter,
887 2232 982 2288 sed
1011 2234 1195 2288 saeculi
1221 2243 1466 2286 mortuos
1490 2232 1650 2298 dixit,
1683 2231 1784 2284 hoe
1814 2238 1918 2293 est,
1953 2227 2092 2281 anti-

510 2337 649 2390 quos
678 2338 775 2378 seu
811 2326 1116 2395 antiquitus
1157 2333 1428 2385 mortuos,
1464 2338 1665 2394 augere
1701 2321 1964 2375 nimirum
2000 2333 2095 2373 vo-

2280 1757 2562 1814 Ἐκὰθισέ
2578 1775 2654 1827 με
2683 1757 2754 1811 ἐν
2777 1753 3137 1820 σκοτεινοῖς,
3167 1753 3246 1818 ὡς
3266 1751 3523 1822 νεκροὺς
3544 1751 3788 1817 αἰῶνος.

2212 1851 2466 1905 Ἐνέϐαλέ
2501 1869 2569 1922 με
2597 1852 2781 1904 σκότει
2812 1849 3067 1919 θλίψεως,
3091 1850 3340 1915 ὲζόφωσε
3375 1847 3469 1901 τὸν
3500 1845 3625 1899 νοῦν
3653 1862 3781 1915 μου.

2199 1945 2274 1998 Τὸ
2323 1946 2400 2011 δὲ,
2470 1946 2564 2012 Ὡς
2624 1944 2882 2014 νεκροὺς
2927 1942 3165 2012 αἰῶνος,
3222 1941 3474 2004 ὲπίτασίς
3522 1941 3638 1994 ἐστι
3682 1941 3783 2009 τῆς

2203 2039 2522 2103 σκοτίσεως.
2556 2039 2694 2092 Οὐδὲ
2750 2041 2862 2110 γὰρ
2924 2038 3113 2102 ἁπλῶς
3167 2037 3398 2107 νεκροὺς
3451 2030 3627 2100 εἶπεν,
3665 2033 3785 2088 ἀλλ’

2199 2130 2419 2194 αίῶνος,
2452 2131 2572 2201 ἦτοι
2595 2130 2886 2196 παλαιοὺς,
2933 2131 3183 2199 ὀγκῶσαι
3225 2129 3398 2183 θέλων
3426 2128 3524 2198 τὴν
3557 2143 3776 2200 τραγῳ-

2200 2223 2355 2276 δίαν·
2390 2219 2542 2278 οἶιτοι
2591 2224 2724 2296 γὰρ,
2775 2226 2835 2278 ὲν
2887 2225 3042 2296 βαθεῖ
3090 2224 3304 2278 κεῖνται,
3351 2221 3556 2287 σκότει,
3600 2217 3786 2290 πο).λῷ

2200 2316 2421 2386 φορυτῷ
2460 2319 2862 2390 καταχώμενοι.

513 2415 632 2473 lens
667 2420 997 2475 sententiam
1026 2461 1040 2485 ,
1073 2436 1241 2491 quam
1288 2418 1494 2491 profert
1529 2416 1860 2480 sublimiori,
1900 2421 2088 2483 atque,
2130 2419 2193 2466 ut
2228 2412 2299 2466 ita
2328 2413 2533 2479 dicam,
2564 2417 2773 2484 tragico
2811 2414 3050 2486 quodam
3125 2428 3406 2471 sermone.
3454 2411 3498 2468 li
3575 2410 3784 2466 etenim

510 2528 649 2583 quos
673 2515 860 2569 szecnll
895 2524 1141 2571 mortuos
1162 2516 1318 2582 dicit,
1350 2516 1403 2569 in
1435 2511 2091 2584 profundissimisjacent
2125 2508 2392 2573 tenebris,
2428 2510 2594 2564 multa
2631 2511 2890 2566 nimirum
2925 2511 3092 2565 humo
3123 2509 3332 2565 obruti.

587 2607 652 2659 Et
676 2610 1022 2662 contristatus
1053 2619 1125 2662 est
1146 2610 1292 2661 inme
1310 2608 1528 2674 spiritus
1549 2623 1717 2661 meus.
1751 2607 1946 2660 Anima
1975 2619 2093 2658 inea

509 2697 700 2754 dolore
729 2695 918 2754 affecta
958 2707 1063 2762 est,
1099 2701 1169 2754 ob
1201 2715 1467 2754 summam
1502 2698 1874 2752 afﬂictionem.

583 2791 647 2845 In
677 2809 754 2844 me
792 2794 1058 2846 turbatum
1085 2801 1160 2846 est
1188 2809 1278 2846 cor
1309 2809 1500 2846 meum.
1533 2790 1953 2844 Tumultuatum
1982 2797 2089 2854 est,

510 2884 710 2952 inquit,
747 2899 844 2940 cor
880 2901 1062 2940 meum
1095 2885 1148 2938 ln
1201 2900 1285 2938 me
1325 2894 1379 2940 et
1429 2883 1770 2939 torsionibus
1827 2879 2088 2936 affectum

509 2984 618 3033 est.

569 3066 735 3122 Vens.
763 3068 811 3122 5.
848 3066 1051 3120 Mentor
1075 3067 1153 3135 fui
1183 3066 1388 3121 dierum
1417 3067 1780 3133 antiquorum.
1806 3069 1864 3121 In
1888 3067 2089 3136 quibus

509 3154 618 3211 Deo
647 3166 836 3227 gratus
864 3175 1038 3222 eram,
1071 3167 1126 3213 et
1168 3174 1426 3228 prospero
1459 3168 1656 3212 eventu
1689 3173 1775 3212 res
1809 3174 1942 3212 meae
1972 3175 2090 3212 om-

2271 2604 2380 2658 Kal
2403 2604 2742 2673 ἠκηδίασεν
2763 2605 2856 2658 ἐπ’
2875 2604 2985 2674 ἐμὲ
3013 2604 3080 2659 τὸ
3110 2601 3348 2672 πνεῦμά
3377 2621 3516 2673 μου.
3534 2599 3787 2671 Ἢθύμηο

2202 2709 2294 2746 trav
2328 2695 2387 2746 ὲν
2436 2695 2560 2763 ἐμοὶ
2593 2695 2625 2762 ὴ
2655 2694 2801 2763 ψυχή
2839 2711 2942 2761 μου
2973 2696 3038 2765 τῇ
3065 2693 3342 2765 ὑπερϐολῇ
3379 2694 3485 2762 τῆς
3515 2692 3783 2760 θλίψεως.

2267 2787 2375 2839 Ἐν
2409 2785 2539 2854 ἐμοὶ
2567 2783 2863 2857 ἐταράχθη
2899 2786 2937 2854 ἡ
2978 2785 3193 2856 καρδία
3209 2803 3350 2856 μου.
3377 2784 3784 2856 Θορυϐηθεῖσε,

2196 2881 2292 2933 καὶ
2324 2879 2737 2952 στρωϐηθεῖσα.

2268 3067 2624 3138 Ἓμνήσθην
2642 3067 2880 3137 ἡμερῶν
2906 3066 3193 3136 ἀρχαίων.
3218 3063 3311 3119 Ἐν
3343 3061 3431 3130 αἷς
3459 3065 3783 3136 εὖαρεστῶν

2197 3163 2317 3232 Θεῷ
2371 3161 2556 3225 καλῶς
2585 3161 2864 3232 ἐφερόμην
2888 3176 2902 3191 ·
2934 3159 2967 3229 ἢ
2998 3161 3058 3212 ἐν
3091 3153 3179 3224 αἷς
3215 3160 3263 3212 oi
3318 3161 3558 3229 πατέρες
3619 3159 3782 3229 ἡμῶν

508 3266 608 3304 nes
641 3251 1028 3320 procedebant.
1067 3251 1160 3305 Vel
1212 3265 1420 3304 memor
1479 3249 1555 3303 fui
1609 3249 1826 3304 dierqu
1886 3251 2088 3320 quibus

2197 3253 2524 3316 εὑωδοῦντο,
2551 3253 2650 3306 καλ⁸
2682 3249 2989 3320 κατόρθουν
3015 3268 3029 3282 ο
3061 3249 3093 3318 ἢ
3118 3249 3458 3315 τούναντίον,
3492 3250 3587 3302 καὶ
3617 3249 3783 3303 αὐτοὶ

507 3343 746 3412 nmjores
787 3344 998 3408 nostri,
1031 3355 1087 3398 et
1121 3344 1359 3398 secunda
1395 3345 1691 3397 utebantur
1727 3342 1946 3396 fortuna
1983 3383 1996 3406 ,
2030 3353 2086 3399 et

510 3436 804 3492 virtutibus
832 3433 1194 3490 excellebant.
1241 3431 1332 3487 Vel
1363 3433 1574 3487 dierum
1609 3435 1808 3502 quibus
1845 3451 1941 3504 per
1966 3447 2086 3491 ten-

2199 3349 2514 3417 συμφοραῖς
2541 3343 2638 3396 καὶ
2672 3342 3006 3411 πειρασμοῖς
3054 3339 3400 3408 ὲξητάξοντο.
3442 3340 3608 3408 Φέρει
3667 3340 3781 3410 γὰρ

2195 3444 2258 3494 οὐ
2288 3439 2497 3511 μικράν
2529 3453 2655 3491 τινα
2687 3435 3044 3505 παράκλησιν
3086 3433 3118 3502 ή
3150 3432 3378 3502 τοιαύτη
3413 3435 3629 3502 μνήμη.

502 3527 745 3581 lationes
803 3535 855 3581 et
885 3525 1228 3579 calamitates
1270 3524 1726 3593 exquirebantur.
1759 3523 1910 3580 Solet
1937 3529 2084 3584 enim
2125 3531 2504 3601 hujuscemodi
2539 3528 2802 3582 memoria
2846 3541 2956 3581 non
3025 3524 3309 3580 minimum
3364 3525 3559 3581 afferre
3630 3527 3780 3584 sola‘

509 3638 658 3677 Πυξοο

581 3715 867 3770 Meditalus
907 3732 1022 3769 sum
1063 3717 1118 3767 in
1150 3716 1394 3769 omnibus
1446 3715 1690 3784 operibus
1735 3718 1861 3772 tuis.
1895 3716 2090 3773 Revol-

505 3824 640 3862 veus
686 3823 896 3862 mecum
951 3807 1221 3860 mirabilia
1257 3818 1371 3870 tua,
1420 3817 1475 3860 et
1519 3823 1713 3862 omnes
1757 3825 1852 3864 eos
1899 3811 2085 3868 animo

507 3916 823 3960 recensens,
870 3899 962 3967 qui
1009 3898 1326 3953 admirande
1379 3915 1407 3952 a
1457 3908 1510 3954 te
1559 3915 1626 3955 cx
1675 3901 2083 3960 calamitatibus

506 3992 727 4047 liberati
757 3999 908 4046 sunt.

577 4083 637 4137 In
669 4084 822 4151 factis
858 4098 1111 4133 manuum
1158 4091 1366 4134 tuarum
1418 4083 1733 4136 meditabar.
1782 4083 2077 4150 Memoria,

504 4174 999 4245 inquit,,versabar
1046 4175 1098 4226 in
1142 4174 1415 4227 universis
1457 4173 1690 4243 opiﬁciis
1732 4177 1865 4240 tuis,
1904 4192 2078 4244 eaque

501 4283 716 4323 summa
751 4266 1092 4333 providentia
1126 4275 1211 4317 tua
1244 4266 1400 4334 plena
1424 4282 1546 4320 esse
1578 4268 1890 4332 inveniens,
1920 4287 2074 4339 spem

503 4355 699 4407 bonam
733 4354 945 4422 accepi,
972 4353 1117 4420 quod
1155 4369 1258 4406 non
1298 4352 1568 4421 despicies
1598 4370 1705 4423 me,
1739 4367 1821 4412 tot
1850 4360 2079 4413 calami-

502 4444 712 4499 tatibus
740 4459 1082 4512 oppressum,
1117 4459 1179 4498 ac
1212 4447 1471 4500 miseriis.

576 4534 739 4591 Vens.
784 4538 838 4588 ti.
875 4534 1120 4600 Expandi
1167 4537 1235 4589 ad
1287 4545 1335 4590 te
1388 4554 1576 4591 manus
1633 4556 1797 4594 meas.
1854 4540 2075 4609 Rogans

500 4631 738 4690 scilicet,
774 4636 826 4682 et
859 4628 1196 4696 supplicans.

575 4719 767 4771 Anima
795 4734 906 4770 mea
938 4719 1072 4770 sicut
1113 4730 1258 4772 terra
1292 4721 1550 4786 inaquosa
1584 4722 1698 4772 tibi.
1727 4721 1921 4773 Anima
1957 4737 2074 4775 mea

500 4813 568 4866 ad
609 4823 657 4865 te
690 4821 800 4864 tota
834 4809 1091 4876 respicit,
1125 4821 1273 4862 tuum
1315 4825 1419 4863 non
1471 4825 1628 4866 secus
1681 4813 1941 4865 auxilium
1998 4813 2074 4866 si—

501 4906 670 4967 tiens,
704 4912 870 4970 atque
897 4901 1164 4969 inaquosa
1205 4910 1349 4954 terra
1393 4911 1450 4956 et
1496 4902 1776 4957 sitibunda
1834 4904 2071 4972 pluviam

498 4996 796 5052 desiderat.

576 5089 740 5142 Vens.
773 5090 824 5141 7.
861 5086 1116 5140 Velociler
1147 5087 1336 5140 exaudi
1367 5087 1719 5152 me,l)ominc,
1752 5089 1939 5155 defecit
1963 5092 2075 5159 spi-

499 5184 638 5236 ritus
679 5199 843 5235 meus.
879 5180 1104 5246 Defcrit,
1140 5182 1212 5233 ita
1247 5189 1304 5232 ut
1333 5197 1610 5247 nunquam
1645 5184 1799 5236 adeo.
1831 5184 2072 5238 Dimittet

498 5282 684 5328 autem
711 5289 795 5326 me
827 5273 1076 5340 spiritus,
1111 5271 1212 5324 nisi
1249 5279 1306 5322 tu
1337 5271 1445 5323 cito
1474 5273 1843 5325 exaudiveris.

575 5363 656 5417 Ne
684 5372 890 5418 avertas
922 5365 1111 5431 facient
1148 5375 1293 5415 tuam
1323 5381 1355 5416 a
1397 5380 1475 5416 me
1499 5403 1512 5424 ,
1546 5374 1596 5418 c:
1636 5365 1826 5417 similis
1855 5381 1944 5418 ero
1980 5366 2070 5419 de-

495 5453 857 5512 scendentibus
887 5455 942 5506 in
979 5455 1178 5507 lacum.
1215 5450 1288 5507 Ne
1311 5454 1660 5522 derelinquas
1693 5472 1779 5509 me
1805 5464 1858 5509 et
1882 5458 2068 5511 statim

499 5548 723 5600 moriar.
757 5547 953 5601 Mortui
992 5549 1141 5601 enim
1187 5558 1315 5601 sunt
1343 5585 1357 5610 ,
1402 5547 1494 5617 qui
1527 5548 1578 5600 in
1631 5548 1809 5600 lacum
1842 5547 2071 5603 descen-

495 5638 656 5693 dunt.
689 5635 803 5693 Hoc
837 5649 993 5709 pacto
1028 5642 1193 5694 etiam
1243 5647 1493 5694 mortuus
1528 5640 1765 5702 videtur,
1803 5649 2066 5708 quantum

502 5732 573 5787 ad
606 5731 821 5788 virtutis
861 5747 1048 5798 opera,
1088 5731 1174 5783 il'le
1207 5730 1298 5800 qui
1334 5731 1536 5785 auxilio
1569 5741 1658 5784 tuo
1689 5730 1934 5799 privatus
1962 5740 2063 5785 cst.

2260 3719 2640 3788 Ἐμελέτησα
2665 3713 2736 3767 ἐν
2760 3709 2913 3768 πᾶσι
2946 3709 3075 3776 τοῖς
3109 3710 3308 3780 ἔργοις
3347 3727 3486 3765 σου.
3532 3713 3778 3765 Ἀνελῖτ-

2187 3832 2297 3868 των
2333 3812 2463 3881 παρ’
2509 3807 2736 3879 ἱμαντῷ
2762 3808 2833 3863 τὰ
2870 3806 3159 3878 Θαυμάσιά
3193 3823 3288 3861 σου
3311 3844 3328 3870 ,
3358 3807 3453 3858 καὶ
3479 3804 3778 3875 λογιζόμε-

2187 3921 2276 3969 νος
2308 3906 2435 3966 τοὺς
2462 3900 2785 3969 παραδόξως
2839 3898 2948 3952 τῶν
2980 3897 3282 3968 συμφορῶν
3327 3897 3770 3966 ἀπαλλαγέντας.

2255 4085 2356 4138 Ἕν
2399 4081 2693 4151 ποιήμασι
2742 4080 2860 4136 τῶν
2904 4079 3123 4149 χειρῶν
3163 4095 3285 4133 σου
3327 4080 3649 4147 ἐμελέτων.
3675 4080 3774 4134 Ἐν

2183 4179 2299 4239 τοῖς
2326 4175 2786 4246 δημιουργήμασί
2851 4188 2944 4224 σου
2989 4171 3295 4242 ἐδιέτριϐον
3319 4173 3384 4243 τῇ
3425 4173 3640 4243 μνήμῃ,
3673 4177 3774 4226 καὶ

2183 4269 2461 4338 εὑρίσκων
2528 4266 2670 4320 αὐτὰ
2737 4263 3002 4331 προνοίας
3059 4265 3159 4330 τῆς
3192 4264 3344 4334 παρά
3399 4263 3497 4317 σοῦ
3552 4269 3773 4335 τυγχά-

2184 4377 2369 4418 νοντα,
2397 4355 2645 4426 χρηστὰς
2677 4354 2991 4424 ἐλάμϐανον
3023 4353 3273 4417 ἐλπίδας,
3310 4355 3385 4416 ὡς
3417 4355 3480 4408 οὐ
3522 4359 3768 4429 περιὸψη

2187 4467 2256 4516 με
2282 4448 2515 4502 τοιαῦτα
2535 4447 2820 4517 πάσχοντα
2852 4445 2947 4498 καὶ
2979 4446 3530 4515 ταλαιπωρούμενον.

2255 4538 2589 4594 Διεπέτασα
2635 4538 2788 4606 ,πρὸς
2829 4535 2906 4590 σὲ
2933 4537 3038 4601 τὰς
3063 4537 3271 4606 χεῖράς
3313 4555 3459 4607 μου.
3493 4540 3765 4610 Παρακα-

2182 4633 2312 4696 λῶν,
2338 4633 2432 4686 καὶ
2459 4632 2739 4702 δεόμενος.

2262 4727 2334 4779 'II
2363 4725 2531 4793 ψυχή
2562 4742 2681 4792 μου
2707 4724 2788 4788 ὡς
2823 4723 2898 4792 τῆ
2937 4721 3207 4791 ἇνυδράς
3233 4739 3355 4777 σοι.
3387 4725 3452 4776 Ἡ
3474 4724 3621 4794 ψυχή
3656 4744 3762 4794 μου

2181 4817 2320 4886 πρδς
2382 4818 2440 4868 σὲ
2476 4816 2689 4884 διψῶσα
2745 4814 3023 4885 βοηθείας,
3085 4815 3162 4878 ὡς
3213 4815 3286 4885 γῆ
3332 4816 3564 4885 ἄνυδρος
3620 4819 3764 4889 πρὶς

2184 4910 2337 4961 ὑετὸν
2377 4906 2590 4976 διψῶσα
2620 4905 2842 4970 ὓδατος.

2256 5087 2408 5154 Ταχὺ
2470 5086 2843 5140 εἰσάκοροσόν
2900 5104 3060 5154 μου,
3113 5090 3325 5154 Κύριε,
3384 5091 3632 5154 ἐξέλιπε
3687 5096 3756 5148 τὸ

2179 5181 2416 5250 πνεῦμά
2441 5199 2582 5248 μου.
2616 5180 2916 5245 Ἐξέλιπεν,
2976 5183 3099 5234 ὅσον
3131 5182 3319 5246 οὔπω,
3367 5185 3548 5253 ἀφῆκέ
3583 5204 3674 5256 με.
3705 5191 3754 5240 εί

2181 5274 2256 5342 μὴ
2291 5272 2501 5341 ταχέως
2529 5271 2878 5332 εἰσακούσεις
2910 5289 3035 5342 μου.

2247 5369 2302 5419 Μ
2314 5364 2345 5431 ὴ
2380 5365 2776 5432 ἀποστρέψας
2822 5363 2890 5417 τὸ
2937 5365 3264 5433 πρόσωπόν
3301 5382 3416 5422 σου
3444 5369 3547 5422 ἀπ’
3575 5369 3751 5440 ἐμοῦ,

2169 5455 2269 5510 καὶ
2323 5454 2764 5522 δμοιωθήσομαι
2797 5453 2921 5520 τοῖς
2956 5458 3430 5512 καταϐαίνουσιν
3464 5461 3554 5523 εις
3598 5462 3750 5515 λάκ-

2171 5563 2306 5601 κον.
2344 5547 2435 5615 Μὴ
2469 5547 2842 5615 ἐγκαταλίπῃς
2870 5563 2960 5614 με,
2981 5549 3076 5600 καὶ
3099 5549 3299 5602 αὐτίκα
3332 5551 3745 5624 ἀποθανοῦμαι.

2180 5638 2385 5708 Νεκροί.
2447 5637 2557 5706 γὰρ
2612 5639 2663 5690 οἱ
2724 5639 3152 5703 καταϐαίνοντες
3202 5643 3284 5704 εἰς
3343 5643 3586 5698 λάκκον·
3646 5649 3747 5700 καὶ

2178 5731 2347 5793 ὅντως
2389 5730 2600 5800 νεκρὸς,
2630 5731 2657 5784 ὁ
2681 5729 2779 5800 τῆς
2817 5731 2967 5801 παρὰ
3012 5732 3106 5785 σοῦ
3136 5732 3392 5804 βοηθείας
3431 5740 3744 5810 ἐστερημέ-
