  <div class='ocr_page' id='page_1' title='image "/cluster/home/n/w/nwhite01/storage/ocr_20150623/128/mdp.39015078384263/648.png"; bbox 0 0 4134 6288; ppageno 0'>
   <div class='ocr_carea' id='block_1_1' title="bbox 342 411 477 474">
    <p class='ocr_par' dir='ltr' id='par_1_1' title="bbox 342 411 477 474">
     <span class='ocr_line' id='line_1_1' title="bbox 342 411 477 474; baseline 0.015 -1"><span class='ocrx_word' id='word_1_1' title='bbox 342 411 477 474; x_wconf 72' lang='grc'><strong>1181</strong></span> 
     </span>
    </p>
   </div>
   <div class='ocr_carea' id='block_1_2' title="bbox 1522 406 2449 470">
    <p class='ocr_par' dir='ltr' id='par_1_2' title="bbox 1522 406 2449 470">
     <span class='ocr_line' id='line_1_2' title="bbox 1522 406 2449 470; baseline -0.003 -2"><span class='ocrx_word' id='word_1_2' title='bbox 1522 410 1667 470; x_wconf 80' lang='lat' dir='ltr'><strong>COM</strong></span> <span class='ocrx_word' id='word_1_3' title='bbox 1682 407 1726 467; x_wconf 91' lang='lat' dir='ltr'><strong>M</strong></span> <span class='ocrx_word' id='word_1_4' title='bbox 1741 408 1908 468; x_wconf 86' lang='lat' dir='ltr'><strong>ENT.</strong></span> <span class='ocrx_word' id='word_1_5' title='bbox 1959 406 2037 464; x_wconf 84' lang='grc' dir='ltr'>ΙΝ</span> <span class='ocrx_word' id='word_1_6' title='bbox 2086 407 2449 466; x_wconf 73' lang='lat' dir='ltr'><strong>PSALMOS.</strong></span> 
     </span>
    </p>
   </div>
   <div class='ocr_carea' id='block_1_3' title="bbox 3448 400 3599 469">
    <p class='ocr_par' dir='ltr' id='par_1_3' title="bbox 3448 400 3599 469">
     <span class='ocr_line' id='line_1_3' title="bbox 3448 400 3599 469; baseline 0.013 -5"><span class='ocrx_word' id='word_1_7' title='bbox 3448 403 3472 464; x_wconf 79' lang='lat' dir='ltr'>‘I</span> <span class='ocrx_word' id='word_1_8' title='bbox 3487 400 3599 469; x_wconf 70' lang='grc'><strong>282</strong></span> 
     </span>
    </p>
   </div>
   <div class='ocr_carea' id='block_1_4' title="bbox 333 512 1920 591">
    <p class='ocr_par' dir='ltr' id='par_1_4' title="bbox 333 519 1909 591">
     <span class='ocr_line' id='line_1_4' title="bbox 333 519 1909 591; baseline -0.004 -16"><span class='ocrx_word' id='word_1_9' title='bbox 333 541 443 586; x_wconf 77' lang='grc' dir='ltr'><em>νος.</em></span> <span class='ocrx_word' id='word_1_10' title='bbox 504 521 868 591; x_wconf 82' lang='grc' dir='ltr'><strong>’Δποστρέφει</strong></span> <span class='ocrx_word' id='word_1_11' title='bbox 916 522 973 574; x_wconf 84' lang='grc' dir='ltr'>δὲ</span> <span class='ocrx_word' id='word_1_12' title='bbox 1009 520 1070 574; x_wconf 80' lang='grc' dir='ltr'><strong>τὸ</strong></span> <span class='ocrx_word' id='word_1_13' title='bbox 1126 519 1442 588; x_wconf 78' lang='grc' dir='ltr'><strong>πρόσωπον,</strong></span> <span class='ocrx_word' id='word_1_14' title='bbox 1497 521 1617 590; x_wconf 75' lang='grc' dir='ltr'><strong>ἦτοι</strong></span> <span class='ocrx_word' id='word_1_15' title='bbox 1651 519 1749 588; x_wconf 73' lang='grc' dir='ltr'><strong>τὴν</strong></span> <span class='ocrx_word' id='word_1_16' title='bbox 1785 519 1909 570; x_wconf 76' lang='grc' dir='ltr'><strong>επι-</strong></span> 
     </span>
    </p>
   </div>
   <div class='ocr_carea' id='block_1_5' title="bbox 2025 512 3589 591">
    <p class='ocr_par' dir='ltr' id='par_1_5' title="bbox 2025 512 3589 583">
     <span class='ocr_line' id='line_1_5' title="bbox 2025 512 3589 583; baseline -0.001 -16"><span class='ocrx_word' id='word_1_17' title='bbox 2025 518 2224 570; x_wconf 71' lang='lat' dir='ltr'><strong>Avertit</strong></span> <span class='ocrx_word' id='word_1_18' title='bbox 2270 527 2451 569; x_wconf 85' lang='lat' dir='ltr'><strong>autem</strong></span> <span class='ocrx_word' id='word_1_19' title='bbox 2484 515 2625 569; x_wconf 81' lang='lat' dir='ltr'><strong>Deus</strong></span> <span class='ocrx_word' id='word_1_20' title='bbox 2653 516 2873 577; x_wconf 76' lang='lat' dir='ltr'><strong>I&#39;aricm,</strong></span> <span class='ocrx_word' id='word_1_21' title='bbox 2901 512 3005 570; x_wconf 84' lang='lat' dir='ltr'><strong>hoc</strong></span> <span class='ocrx_word' id='word_1_22' title='bbox 3048 522 3152 579; x_wconf 87' lang='lat' dir='ltr'><strong>est,</strong></span> <span class='ocrx_word' id='word_1_23' title='bbox 3187 514 3589 583; x_wconf 84' lang='lat' dir='ltr'><strong>protectionem</strong></span> 
     </span>
    </p>
   </div>
   <div class='ocr_carea' id='block_1_6' title="bbox 338 609 1909 681">
    <p class='ocr_par' dir='ltr' id='par_1_6' title="bbox 338 609 1909 681">
     <span class='ocr_line' id='line_1_6' title="bbox 338 609 1909 681; baseline 0 -18"><span class='ocrx_word' id='word_1_24' title='bbox 338 611 547 680; x_wconf 76' lang='grc' dir='ltr'><strong>σκοπὴν</strong></span> <span class='ocrx_word' id='word_1_25' title='bbox 577 612 687 666; x_wconf 78' lang='grc' dir='ltr'><strong>ἀπὸ</strong></span> <span class='ocrx_word' id='word_1_26' title='bbox 719 614 829 663; x_wconf 79' lang='grc' dir='ltr'><strong>τῶν</strong></span> <span class='ocrx_word' id='word_1_27' title='bbox 865 609 1141 680; x_wconf 76' lang='grc' dir='ltr'><strong>πονηρῶν·</strong></span> <span class='ocrx_word' id='word_1_28' title='bbox 1176 613 1443 678; x_wconf 79' lang='grc' dir='ltr'><em>Καθαρὸς</em></span> <span class='ocrx_word' id='word_1_29' title='bbox 1478 611 1586 680; x_wconf 77' lang='grc' dir='ltr'><strong>γὰρ</strong></span> <span class='ocrx_word' id='word_1_30' title='bbox 1617 613 1649 664; x_wconf 83' lang='grc' dir='ltr'><em>ὀ</em></span> <span class='ocrx_word' id='word_1_31' title='bbox 1679 612 1909 681; x_wconf 63' lang='grc' dir='ltr'><strong>ὀφθαλ-</strong></span> 
     </span>
    </p>
   </div>
   <div class='ocr_carea' id='block_1_7' title="bbox 332 700 1341 770">
    <p class='ocr_par' dir='ltr' id='par_1_7' title="bbox 332 700 1341 770">
     <span class='ocr_line' id='line_1_7' title="bbox 332 700 1341 770; baseline 0 -15"><span class='ocrx_word' id='word_1_32' title='bbox 332 705 445 770; x_wconf 78' lang='grc' dir='ltr'><strong>μός</strong></span> <span class='ocrx_word' id='word_1_33' title='bbox 468 717 605 765; x_wconf 87' lang='grc' dir='ltr'><strong>σου,</strong></span> <span class='ocrx_word' id='word_1_34' title='bbox 635 702 743 756; x_wconf 84' lang='grc' dir='ltr'><strong>τοῦ</strong></span> <span class='ocrx_word' id='word_1_35' title='bbox 771 702 858 769; x_wconf 73' lang='grc' dir='ltr'><strong>μὴ</strong></span> <span class='ocrx_word' id='word_1_36' title='bbox 896 700 1046 769; x_wconf 71' lang='grc' dir='ltr'><em>ὁρᾷν</em></span> <span class='ocrx_word' id='word_1_37' title='bbox 1086 702 1341 769; x_wconf 75' lang='grc' dir='ltr'><strong>πονηρά.</strong></span> 
     </span>
    </p>
   </div>
   <div class='ocr_carea' id='block_1_8' title="bbox 404 794 1911 864">
    <p class='ocr_par' dir='ltr' id='par_1_8' title="bbox 404 794 1911 864">
     <span class='ocr_line' id='line_1_8' title="bbox 404 794 1911 864; baseline 0.002 -17"><span class='ocrx_word' id='word_1_38' title='bbox 404 795 731 848; x_wconf 81' lang='grc' dir='ltr'><strong>Ἀκουστὸν</strong></span> <span class='ocrx_word' id='word_1_39' title='bbox 751 797 1016 861; x_wconf 77' lang='grc' dir='ltr'><strong>ποίησόν</strong></span> <span class='ocrx_word' id='word_1_40' title='bbox 1050 813 1151 864; x_wconf 83' lang='grc' dir='ltr'><strong>μοι</strong></span> <span class='ocrx_word' id='word_1_41' title='bbox 1182 794 1249 849; x_wconf 84' lang='grc' dir='ltr'><strong>τὸ</strong></span> <span class='ocrx_word' id='word_1_42' title='bbox 1279 797 1430 862; x_wconf 80' lang='grc' dir='ltr'><strong>πρωϊ</strong></span> <span class='ocrx_word' id='word_1_43' title='bbox 1456 796 1522 850; x_wconf 84' lang='grc' dir='ltr'><strong>τὸ</strong></span> <span class='ocrx_word' id='word_1_44' title='bbox 1561 797 1735 862; x_wconf 66' lang='grc' dir='ltr'><strong>ἔλεός</strong></span> <span class='ocrx_word' id='word_1_45' title='bbox 1772 811 1911 863; x_wconf 72' lang='grc' dir='ltr'><strong>σου,</strong></span> 
     </span>
    </p>
   </div>
   <div class='ocr_carea' id='block_1_9' title="bbox 338 884 1915 956">
    <p class='ocr_par' dir='ltr' id='par_1_9' title="bbox 338 884 1915 956">
     <span class='ocr_line' id='line_1_9' title="bbox 338 884 1915 956; baseline 0.001 -20"><span class='ocrx_word' id='word_1_46' title='bbox 338 884 426 938; x_wconf 82' lang='grc' dir='ltr'><strong>ὅτι</strong></span> <span class='ocrx_word' id='word_1_47' title='bbox 463 884 560 937; x_wconf 71' lang='grc' dir='ltr'><strong>ἐπὶ</strong></span> <span class='ocrx_word' id='word_1_48' title='bbox 595 886 694 938; x_wconf 85' lang='grc' dir='ltr'><strong>σοὶ</strong></span> <span class='ocrx_word' id='word_1_49' title='bbox 730 885 986 951; x_wconf 69' lang='grc' dir='ltr'><strong>ἤλπισα.</strong></span> <span class='ocrx_word' id='word_1_50' title='bbox 1043 885 1285 955; x_wconf 81' lang='grc' dir='ltr'><strong>Μήνισὸν</strong></span> <span class='ocrx_word' id='word_1_51' title='bbox 1344 903 1431 956; x_wconf 84' lang='grc' dir='ltr'><strong>μοι</strong></span> <span class='ocrx_word' id='word_1_52' title='bbox 1475 886 1614 955; x_wconf 75' lang='grc' dir='ltr'><strong>ταχῦ</strong></span> <span class='ocrx_word' id='word_1_53' title='bbox 1662 886 1722 939; x_wconf 80' lang='grc' dir='ltr'><strong>τὸ</strong></span> <span class='ocrx_word' id='word_1_54' title='bbox 1766 886 1915 949; x_wconf 78' lang='grc' dir='ltr'><strong>ἔλεός</strong></span> 
     </span>
    </p>
   </div>
   <div class='ocr_carea' id='block_1_10' title="bbox 338 974 1913 1047">
    <p class='ocr_par' dir='ltr' id='par_1_10' title="bbox 338 974 1913 1047">
     <span class='ocr_line' id='line_1_10' title="bbox 338 974 1913 1047; baseline -0.001 -18"><span class='ocrx_word' id='word_1_55' title='bbox 338 993 474 1038; x_wconf 84' lang='grc' dir='ltr'><strong>σου,</strong></span> <span class='ocrx_word' id='word_1_56' title='bbox 556 976 643 1029; x_wconf 78' lang='grc' dir='ltr'><strong>ἵνα</strong></span> <span class='ocrx_word' id='word_1_57' title='bbox 696 978 793 1029; x_wconf 77' lang='grc' dir='ltr'><strong>καὶ</strong></span> <span class='ocrx_word' id='word_1_58' title='bbox 839 977 947 1047; x_wconf 73' lang='grc' dir='ltr'><strong>πρὸ</strong></span> <span class='ocrx_word' id='word_1_59' title='bbox 1012 974 1114 1043; x_wconf 79' lang='grc' dir='ltr'><strong>τῆς</strong></span> <span class='ocrx_word' id='word_1_60' title='bbox 1168 976 1366 1047; x_wconf 79' lang='grc' dir='ltr'><strong>πείρας</strong></span> <span class='ocrx_word' id='word_1_61' title='bbox 1400 1018 1415 1043; x_wconf 83' lang='grc'><em>,</em></span> <span class='ocrx_word' id='word_1_62' title='bbox 1470 980 1537 1047; x_wconf 82' lang='grc' dir='ltr'><strong>τῇ</strong></span> <span class='ocrx_word' id='word_1_63' title='bbox 1604 977 1913 1046; x_wconf 70' lang='grc' dir='ltr'><strong>ἐπαγγελίᾳ</strong></span> 
     </span>
    </p>
   </div>
   <div class='ocr_carea' id='block_1_11' title="bbox 337 1067 1910 1140">
    <p class='ocr_par' dir='ltr' id='par_1_11' title="bbox 337 1067 1910 1140">
     <span class='ocr_line' id='line_1_11' title="bbox 337 1067 1910 1140; baseline 0.001 -21"><span class='ocrx_word' id='word_1_64' title='bbox 337 1069 749 1140; x_wconf 57' lang='grc' dir='ltr'><strong>ψυχαγωγτηθῶ.</strong></span> <span class='ocrx_word' id='word_1_65' title='bbox 799 1067 938 1123; x_wconf 70' lang='grc' dir='ltr'><strong>Εἶτα</strong></span> <span class='ocrx_word' id='word_1_66' title='bbox 973 1072 1068 1122; x_wconf 78' lang='grc' dir='ltr'><strong>καὶ</strong></span> <span class='ocrx_word' id='word_1_67' title='bbox 1097 1073 1129 1140; x_wconf 80' lang='grc' dir='ltr'>ἡ</span> <span class='ocrx_word' id='word_1_68' title='bbox 1162 1068 1503 1138; x_wconf 76' lang='grc' dir='ltr'><strong>δικαιολογία</strong></span> <span class='ocrx_word' id='word_1_69' title='bbox 1554 1070 1646 1122; x_wconf 78' lang='grc' dir='ltr'><strong>τοῦ</strong></span> <span class='ocrx_word' id='word_1_70' title='bbox 1704 1073 1910 1139; x_wconf 78' lang='grc' dir='ltr'><strong>τυχεῖν,</strong></span> 
     </span>
    </p>
   </div>
   <div class='ocr_carea' id='block_1_12' title="bbox 337 1158 1913 1233">
    <p class='ocr_par' dir='ltr' id='par_1_12' title="bbox 337 1158 1913 1233">
     <span class='ocr_line' id='line_1_12' title="bbox 337 1158 1913 1233; baseline 0.001 -22"><span class='ocrx_word' id='word_1_71' title='bbox 337 1160 419 1212; x_wconf 80' lang='grc' dir='ltr'><strong>ὅτι</strong></span> <span class='ocrx_word' id='word_1_72' title='bbox 455 1162 549 1214; x_wconf 76' lang='grc' dir='ltr'><strong>ἐπὶ</strong></span> <span class='ocrx_word' id='word_1_73' title='bbox 598 1161 684 1214; x_wconf 76' lang='grc' dir='ltr'><strong>σοὶ</strong></span> <span class='ocrx_word' id='word_1_74' title='bbox 741 1160 981 1233; x_wconf 71' lang='grc' dir='ltr'><strong>ἤλπισα·</strong></span> <span class='ocrx_word' id='word_1_75' title='bbox 1042 1162 1203 1216; x_wconf 79' lang='grc' dir='ltr'><strong>τοῦτο</strong></span> <span class='ocrx_word' id='word_1_76' title='bbox 1232 1164 1339 1231; x_wconf 74' lang='grc' dir='ltr'><strong>γὰρ</strong></span> <span class='ocrx_word' id='word_1_77' title='bbox 1371 1158 1513 1215; x_wconf 77' lang='grc' dir='ltr'><strong>οἶδεν</strong></span> <span class='ocrx_word' id='word_1_78' title='bbox 1569 1161 1913 1217; x_wconf 78' lang='grc' dir='ltr'>ἐπισπᾶσθαι</span> 
     </span>
    </p>
   </div>
   <div class='ocr_carea' id='block_1_13' title="bbox 335 1250 614 1307">
    <p class='ocr_par' dir='ltr' id='par_1_13' title="bbox 335 1250 614 1307">
     <span class='ocr_line' id='line_1_13' title="bbox 335 1250 614 1307; baseline 0.011 -3"><span class='ocrx_word' id='word_1_79' title='bbox 335 1253 430 1305; x_wconf 76' lang='grc' dir='ltr'><strong>τὸν</strong></span> <span class='ocrx_word' id='word_1_80' title='bbox 460 1250 614 1307; x_wconf 81' lang='grc' dir='ltr'><strong>Θεόν.</strong></span> 
     </span>
    </p>
   </div>
   <div class='ocr_carea' id='block_1_14' title="bbox 408 1430 1917 1506">
    <p class='ocr_par' dir='ltr' id='par_1_14' title="bbox 408 1430 1917 1506">
     <span class='ocr_line' id='line_1_14' title="bbox 408 1430 1917 1506; baseline 0.002 -20"><span class='ocrx_word' id='word_1_81' title='bbox 408 1431 721 1502; x_wconf 77' lang='grc' dir='ltr'><strong>Γνώρισόν</strong></span> <span class='ocrx_word' id='word_1_82' title='bbox 743 1451 846 1503; x_wconf 83' lang='grc' dir='ltr'><strong>μοι</strong></span> <span class='ocrx_word' id='word_1_83' title='bbox 870 1474 885 1500; x_wconf 82' lang='grc'><em>,</em></span> <span class='ocrx_word' id='word_1_84' title='bbox 926 1435 1101 1503; x_wconf 79' lang='grc' dir='ltr'><strong>Κύριε</strong></span> <span class='ocrx_word' id='word_1_85' title='bbox 1128 1475 1143 1501; x_wconf 85' lang='lat'><strong>,</strong></span> <span class='ocrx_word' id='word_1_86' title='bbox 1183 1434 1329 1489; x_wconf 78' lang='grc' dir='ltr'><strong>ὁδὸν</strong></span> <span class='ocrx_word' id='word_1_87' title='bbox 1365 1435 1434 1489; x_wconf 77' lang='grc' dir='ltr'><strong>ἐν</strong></span> <span class='ocrx_word' id='word_1_88' title='bbox 1463 1430 1503 1506; x_wconf 79' lang='grc' dir='ltr'><em>ᾗ</em></span> <span class='ocrx_word' id='word_1_89' title='bbox 1526 1437 1917 1506; x_wconf 77' lang='grc' dir='ltr'><strong>πορεύσομαι,</strong></span> 
     </span>
    </p>
   </div>
   <div class='ocr_carea' id='block_1_15' title="bbox 336 1523 1918 1601">
    <p class='ocr_par' dir='ltr' id='par_1_15' title="bbox 336 1523 1918 1601">
     <span class='ocr_line' id='line_1_15' title="bbox 336 1523 1918 1601; baseline 0.001 -22"><span class='ocrx_word' id='word_1_90' title='bbox 336 1526 429 1580; x_wconf 81' lang='grc' dir='ltr'><strong>ὅτι</strong></span> <span class='ocrx_word' id='word_1_91' title='bbox 463 1527 613 1597; x_wconf 80' lang='grc' dir='ltr'><strong>πρὸς</strong></span> <span class='ocrx_word' id='word_1_92' title='bbox 654 1528 729 1580; x_wconf 82' lang='grc' dir='ltr'><strong>σὲ</strong></span> <span class='ocrx_word' id='word_1_93' title='bbox 751 1523 868 1598; x_wconf 81' lang='grc' dir='ltr'><strong>ᾖρα</strong></span> <span class='ocrx_word' id='word_1_94' title='bbox 905 1526 1017 1596; x_wconf 82' lang='grc' dir='ltr'><strong>τὴν</strong></span> <span class='ocrx_word' id='word_1_95' title='bbox 1045 1529 1261 1598; x_wconf 73' lang='grc' dir='ltr'><strong>ψυχήν</strong></span> <span class='ocrx_word' id='word_1_96' title='bbox 1285 1546 1427 1599; x_wconf 85' lang='grc' dir='ltr'><strong>μου.</strong></span> <span class='ocrx_word' id='word_1_97' title='bbox 1462 1532 1573 1584; x_wconf 75' lang='grc' dir='ltr'><strong>Καὶ</strong></span> <span class='ocrx_word' id='word_1_98' title='bbox 1608 1532 1717 1601; x_wconf 84' lang='grc' dir='ltr'><strong>μὴν</strong></span> <span class='ocrx_word' id='word_1_99' title='bbox 1757 1532 1851 1582; x_wconf 77' lang='grc' dir='ltr'><strong>καὶ</strong></span> <span class='ocrx_word' id='word_1_100' title='bbox 1890 1531 1918 1581; x_wconf 84' lang='grc' dir='ltr'>ὁ</span> 
     </span>
    </p>
   </div>
   <div class='ocr_carea' id='block_1_16' title="bbox 338 1620 1920 1694">
    <p class='ocr_par' dir='ltr' id='par_1_16' title="bbox 338 1620 1920 1694">
     <span class='ocr_line' id='line_1_16' title="bbox 338 1620 1920 1694; baseline 0.001 -21"><span class='ocrx_word' id='word_1_101' title='bbox 338 1620 573 1689; x_wconf 77' lang='grc' dir='ltr'><strong>φυσικὸς</strong></span> <span class='ocrx_word' id='word_1_102' title='bbox 611 1620 801 1688; x_wconf 79' lang='grc' dir='ltr'><strong>νόμος,</strong></span> <span class='ocrx_word' id='word_1_103' title='bbox 851 1622 948 1672; x_wconf 75' lang='grc' dir='ltr'><strong>καὶ</strong></span> <span class='ocrx_word' id='word_1_104' title='bbox 993 1620 1021 1671; x_wconf 83' lang='grc' dir='ltr'><strong>ὁ</strong></span> <span class='ocrx_word' id='word_1_105' title='bbox 1060 1621 1306 1689; x_wconf 75' lang='grc' dir='ltr'><strong>γραπτὸς</strong></span> <span class='ocrx_word' id='word_1_106' title='bbox 1352 1620 1668 1675; x_wconf 76' lang='grc' dir='ltr'><strong>διδάσκουσι</strong></span> <span class='ocrx_word' id='word_1_107' title='bbox 1702 1622 1802 1694; x_wconf 81' lang='grc' dir='ltr'><strong>τὴν</strong></span> <span class='ocrx_word' id='word_1_108' title='bbox 1831 1621 1920 1675; x_wconf 81' lang='grc' dir='ltr'><strong>εὖ-</strong></span> 
     </span>
    </p>
   </div>
   <div class='ocr_carea' id='block_1_17' title="bbox 338 1710 1919 1787">
    <p class='ocr_par' dir='ltr' id='par_1_17' title="bbox 338 1710 1919 1787">
     <span class='ocr_line' id='line_1_17' title="bbox 338 1710 1919 1787; baseline 0.001 -20"><span class='ocrx_word' id='word_1_109' title='bbox 338 1713 492 1777; x_wconf 80' lang='grc' dir='ltr'><strong>θείαν</strong></span> <span class='ocrx_word' id='word_1_110' title='bbox 525 1710 665 1766; x_wconf 72' lang='grc' dir='ltr'><strong>ὁδόν.</strong></span> <span class='ocrx_word' id='word_1_111' title='bbox 699 1714 770 1765; x_wconf 83' lang='grc' dir='ltr'>Ἣ</span> <span class='ocrx_word' id='word_1_112' title='bbox 799 1712 984 1766; x_wconf 73' lang='grc' dir='ltr'><strong>τοίνυν</strong></span> <span class='ocrx_word' id='word_1_113' title='bbox 1019 1713 1199 1778; x_wconf 80' lang='grc' dir='ltr'><strong>τοῦτο,</strong></span> <span class='ocrx_word' id='word_1_114' title='bbox 1228 1713 1423 1784; x_wconf 76' lang='grc' dir='ltr'><strong>φησὶν,</strong></span> <span class='ocrx_word' id='word_1_115' title='bbox 1458 1715 1786 1787; x_wconf 81' lang='grc' dir='ltr'><strong>κατεχώσθη</strong></span> <span class='ocrx_word' id='word_1_116' title='bbox 1816 1734 1919 1784; x_wconf 81' lang='grc' dir='ltr'><strong>μου</strong></span> 
     </span>
    </p>
   </div>
   <div class='ocr_carea' id='block_1_18' title="bbox 337 1802 1921 1876">
    <p class='ocr_par' dir='ltr' id='par_1_18' title="bbox 337 1802 1921 1876">
     <span class='ocr_line' id='line_1_18' title="bbox 337 1802 1921 1876; baseline 0.004 -19"><span class='ocrx_word' id='word_1_117' title='bbox 337 1804 399 1858; x_wconf 78' lang='grc' dir='ltr'><strong>τὸ</strong></span> <span class='ocrx_word' id='word_1_118' title='bbox 428 1805 680 1867; x_wconf 80' lang='grc' dir='ltr'><strong>συνειδὸς</strong></span> <span class='ocrx_word' id='word_1_119' title='bbox 737 1802 844 1858; x_wconf 49' lang='lat' dir='ltr'><strong>est.</strong></span> <span class='ocrx_word' id='word_1_120' title='bbox 873 1805 974 1875; x_wconf 73' lang='grc' dir='ltr'><strong>τῆς</strong></span> <span class='ocrx_word' id='word_1_121' title='bbox 1000 1806 1301 1876; x_wconf 80' lang='grc' dir='ltr'><strong>ἁμαρτίας,</strong></span> <span class='ocrx_word' id='word_1_122' title='bbox 1352 1807 1385 1876; x_wconf 80' lang='grc' dir='ltr'>ἢ</span> <span class='ocrx_word' id='word_1_123' title='bbox 1443 1808 1526 1861; x_wconf 83' lang='grc' dir='ltr'><strong>ὅτι</strong></span> <span class='ocrx_word' id='word_1_124' title='bbox 1589 1809 1762 1863; x_wconf 85' lang='grc' dir='ltr'><strong>πολλὰ</strong></span> <span class='ocrx_word' id='word_1_125' title='bbox 1805 1813 1921 1873; x_wconf 87' lang='grc' dir='ltr'><strong>τοῖς</strong></span> 
     </span>
    </p>
   </div>
   <div class='ocr_carea' id='block_1_19' title="bbox 339 1894 1919 1971">
    <p class='ocr_par' dir='ltr' id='par_1_19' title="bbox 339 1894 1919 1971">
     <span class='ocr_line' id='line_1_19' title="bbox 339 1894 1919 1971; baseline 0.004 -22"><span class='ocrx_word' id='word_1_126' title='bbox 339 1894 660 1964; x_wconf 81' lang='grc' dir='ltr'><strong>ἀνθρώποις</strong></span> <span class='ocrx_word' id='word_1_127' title='bbox 692 1898 985 1968; x_wconf 68' lang='grc' dir='ltr'><strong>ἠγνόηται.</strong></span> <span class='ocrx_word' id='word_1_128' title='bbox 1016 1898 1106 1950; x_wconf 75' lang='grc' dir='ltr'><strong>Διὸ</strong></span> <span class='ocrx_word' id='word_1_129' title='bbox 1130 1899 1223 1951; x_wconf 70' lang='grc' dir='ltr'><strong>καὶ</strong></span> <span class='ocrx_word' id='word_1_130' title='bbox 1248 1898 1461 1962; x_wconf 81' lang='grc' dir='ltr'><strong>Παῦλος</strong></span> <span class='ocrx_word' id='word_1_131' title='bbox 1494 1899 1647 1965; x_wconf 74' lang='grc' dir='ltr'><strong>ἔλεγε</strong></span> <span class='ocrx_word' id='word_1_132' title='bbox 1666 1917 1680 1931; x_wconf 72' lang='grc' dir='ltr'><strong>ο</strong></span> <span class='ocrx_word' id='word_1_133' title='bbox 1713 1902 1784 1955; x_wconf 83' lang='grc' dir='ltr'><strong>Τὸ</strong></span> <span class='ocrx_word' id='word_1_134' title='bbox 1806 1903 1919 1971; x_wconf 76' lang='grc' dir='ltr'><strong>γὰρ</strong></span> 
     </span>
    </p>
   </div>
   <div class='ocr_carea' id='block_1_20' title="bbox 335 1988 1916 2063">
    <p class='ocr_par' dir='ltr' id='par_1_20' title="bbox 335 1988 1916 2063">
     <span class='ocr_line' id='line_1_20' title="bbox 335 1988 1916 2063; baseline 0.004 -22"><span class='ocrx_word' id='word_1_135' title='bbox 335 1988 396 2041; x_wconf 78' lang='grc' dir='ltr'><strong>τί</strong></span> <span class='ocrx_word' id='word_1_136' title='bbox 432 1989 944 2057; x_wconf 76' lang='grc' dir='ltr'><strong>προσευξώμεθα,</strong></span> <span class='ocrx_word' id='word_1_137' title='bbox 984 1991 1085 2044; x_wconf 79' lang='grc' dir='ltr'><strong>καὶ</strong></span> <span class='ocrx_word' id='word_1_138' title='bbox 1132 1991 1282 2047; x_wconf 85' lang='grc' dir='ltr'><strong>καθὸ</strong></span> <span class='ocrx_word' id='word_1_139' title='bbox 1331 1991 1444 2056; x_wconf 81' lang='grc' dir='ltr'><strong>δεῖ,</strong></span> <span class='ocrx_word' id='word_1_140' title='bbox 1493 1995 1605 2047; x_wconf 83' lang='grc' dir='ltr'><strong>οὐκ</strong></span> <span class='ocrx_word' id='word_1_141' title='bbox 1646 1995 1916 2063; x_wconf 79' lang='grc' dir='ltr'><strong>οἴδαμεν.</strong></span> 
     </span>
    </p>
   </div>
   <div class='ocr_carea' id='block_1_21' title="bbox 337 2079 1918 2161">
    <p class='ocr_par' dir='ltr' id='par_1_21' title="bbox 337 2079 1918 2161">
     <span class='ocr_line' id='line_1_21' title="bbox 337 2079 1918 2161; baseline 0.005 -29"><span class='ocrx_word' id='word_1_142' title='bbox 337 2079 490 2150; x_wconf 74' lang='grc' dir='ltr'><strong>Πρὸς</strong></span> <span class='ocrx_word' id='word_1_143' title='bbox 522 2081 604 2144; x_wconf 73' lang='grc' dir='ltr'><strong>σὲ,</strong></span> <span class='ocrx_word' id='word_1_144' title='bbox 657 2080 817 2150; x_wconf 81' lang='grc' dir='ltr'><strong>φησὶ,</strong></span> <span class='ocrx_word' id='word_1_145' title='bbox 862 2082 1093 2152; x_wconf 74' lang='grc' dir='ltr'><strong>κέχηνα,</strong></span> <span class='ocrx_word' id='word_1_146' title='bbox 1154 2082 1423 2154; x_wconf 82' lang='grc' dir='ltr'><strong>γνώρισόν</strong></span> <span class='ocrx_word' id='word_1_147' title='bbox 1477 2100 1568 2154; x_wconf 82' lang='grc' dir='ltr'><strong>μοι</strong></span> <span class='ocrx_word' id='word_1_148' title='bbox 1602 2084 1744 2150; x_wconf 74' lang='grc' dir='ltr'><strong>ὁδὸν,</strong></span> <span class='ocrx_word' id='word_1_149' title='bbox 1789 2088 1847 2140; x_wconf 85' lang='grc' dir='ltr'><strong>ὲν</strong></span> <span class='ocrx_word' id='word_1_150' title='bbox 1883 2079 1918 2161; x_wconf 80' lang='grc' dir='ltr'>ᾖ</span> 
     </span>
    </p>
   </div>
   <div class='ocr_carea' id='block_1_22' title="bbox 338 2170 837 2243">
    <p class='ocr_par' dir='ltr' id='par_1_22' title="bbox 338 2170 837 2243">
     <span class='ocr_line' id='line_1_22' title="bbox 338 2170 837 2243; baseline 0 -16"><span class='ocrx_word' id='word_1_151' title='bbox 338 2170 550 2243; x_wconf 74' lang='grc' dir='ltr'><strong>βαδῐσω</strong></span> <span class='ocrx_word' id='word_1_152' title='bbox 582 2172 721 2242; x_wconf 70' lang='grc' dir='ltr'>πρὸς</span> <span class='ocrx_word' id='word_1_153' title='bbox 754 2173 837 2228; x_wconf 74' lang='grc' dir='ltr'><strong>σέ.</strong></span> 
     </span>
    </p>
   </div>
   <div class='ocr_carea' id='block_1_23' title="bbox 421 2263 1921 2340">
    <p class='ocr_par' dir='ltr' id='par_1_23' title="bbox 421 2263 1921 2340">
     <span class='ocr_line' id='line_1_23' title="bbox 421 2263 1921 2340; baseline 0.002 -21"><span class='ocrx_word' id='word_1_154' title='bbox 421 2263 675 2330; x_wconf 76' lang='grc' dir='ltr'><strong>Ἕξελονΰ</strong></span> <span class='ocrx_word' id='word_1_155' title='bbox 718 2283 796 2335; x_wconf 79' lang='grc' dir='ltr'><strong>με</strong></span> <span class='ocrx_word' id='word_1_156' title='bbox 824 2266 894 2320; x_wconf 78' lang='grc' dir='ltr'><strong>ἐκ</strong></span> <span class='ocrx_word' id='word_1_157' title='bbox 931 2265 1052 2320; x_wconf 84' lang='grc' dir='ltr'><strong>τῶν</strong></span> <span class='ocrx_word' id='word_1_158' title='bbox 1091 2266 1322 2336; x_wconf 80' lang='grc' dir='ltr'><strong>ἐχθρῶν</strong></span> <span class='ocrx_word' id='word_1_159' title='bbox 1340 2287 1497 2338; x_wconf 82' lang='grc' dir='ltr'><strong>μου,</strong></span> <span class='ocrx_word' id='word_1_160' title='bbox 1528 2271 1725 2340; x_wconf 80' lang='grc' dir='ltr'><strong>Κύριε.</strong></span> <span class='ocrx_word' id='word_1_161' title='bbox 1769 2273 1921 2340; x_wconf 71' lang='grc' dir='ltr'><em>πρὸς</em></span> 
     </span>
    </p>
   </div>
   <div class='ocr_carea' id='block_1_24' title="bbox 335 2354 1923 2434">
    <p class='ocr_par' dir='ltr' id='par_1_24' title="bbox 335 2354 1923 2434">
     <span class='ocr_line' id='line_1_24' title="bbox 335 2354 1923 2434; baseline 0.007 -26"><span class='ocrx_word' id='word_1_162' title='bbox 335 2354 415 2408; x_wconf 79' lang='grc' dir='ltr'><strong>σὲ</strong></span> <span class='ocrx_word' id='word_1_163' title='bbox 438 2355 783 2425; x_wconf 68' lang='grc' dir='ltr'><strong>κατέφυγον</strong></span> <span class='ocrx_word' id='word_1_164' title='bbox 804 2373 817 2388; x_wconf 70' lang='grc' dir='ltr'><strong>ο</strong></span> <span class='ocrx_word' id='word_1_165' title='bbox 858 2356 1111 2420; x_wconf 77' lang='grc' dir='ltr'><strong>δίδαξον</strong></span> <span class='ocrx_word' id='word_1_166' title='bbox 1134 2376 1211 2429; x_wconf 85' lang='grc' dir='ltr'><strong>με</strong></span> <span class='ocrx_word' id='word_1_167' title='bbox 1235 2361 1341 2415; x_wconf 77' lang='grc' dir='ltr'><strong>τοῦ</strong></span> <span class='ocrx_word' id='word_1_168' title='bbox 1372 2363 1565 2426; x_wconf 83' lang='grc' dir='ltr'><strong>ποιεῖν</strong></span> <span class='ocrx_word' id='word_1_169' title='bbox 1596 2364 1662 2416; x_wconf 79' lang='grc' dir='ltr'><strong>τὸ</strong></span> <span class='ocrx_word' id='word_1_170' title='bbox 1692 2363 1923 2434; x_wconf 69' lang='grc' dir='ltr'><strong>θέλημά</strong></span> 
     </span>
    </p>
   </div>
   <div class='ocr_carea' id='block_1_25' title="bbox 334 2445 1921 2526">
    <p class='ocr_par' dir='ltr' id='par_1_25' title="bbox 334 2445 1921 2526">
     <span class='ocr_line' id='line_1_25' title="bbox 334 2445 1921 2526; baseline 0.004 -22"><span class='ocrx_word' id='word_1_171' title='bbox 334 2461 481 2512; x_wconf 82' lang='grc' dir='ltr'><strong>σου,</strong></span> <span class='ocrx_word' id='word_1_172' title='bbox 516 2448 606 2501; x_wconf 81' lang='grc' dir='ltr'><strong>ὅτι</strong></span> <span class='ocrx_word' id='word_1_173' title='bbox 636 2449 716 2502; x_wconf 86' lang='grc' dir='ltr'><strong>σὺ</strong></span> <span class='ocrx_word' id='word_1_174' title='bbox 744 2445 801 2502; x_wconf 77' lang='grc' dir='ltr'><strong>εἴ</strong></span> <span class='ocrx_word' id='word_1_175' title='bbox 825 2452 857 2503; x_wconf 84' lang='grc' dir='ltr'><em>ό</em></span> <span class='ocrx_word' id='word_1_176' title='bbox 890 2452 1036 2515; x_wconf 84' lang='grc' dir='ltr'><strong>Θεός</strong></span> <span class='ocrx_word' id='word_1_177' title='bbox 1062 2468 1202 2519; x_wconf 87' lang='grc' dir='ltr'><strong>μου.</strong></span> <span class='ocrx_word' id='word_1_178' title='bbox 1235 2453 1350 2507; x_wconf 76' lang='grc' dir='ltr'><strong>Οὐκ</strong></span> <span class='ocrx_word' id='word_1_179' title='bbox 1396 2449 1552 2508; x_wconf 69' lang='grc' dir='ltr'><strong>εἶπεν</strong></span> <span class='ocrx_word' id='word_1_180' title='bbox 1588 2456 1811 2521; x_wconf 81' lang='grc' dir='ltr'><strong>Δίδαξὸν</strong></span> <span class='ocrx_word' id='word_1_181' title='bbox 1851 2474 1921 2526; x_wconf 86' lang='grc' dir='ltr'><strong>με</strong></span> 
     </span>
    </p>
   </div>
   <div class='ocr_carea' id='block_1_26' title="bbox 337 2534 1922 2619">
    <p class='ocr_par' dir='ltr' id='par_1_26' title="bbox 337 2534 1922 2619">
     <span class='ocr_line' id='line_1_26' title="bbox 337 2534 1922 2619; baseline 0.004 -25"><span class='ocrx_word' id='word_1_182' title='bbox 337 2534 403 2595; x_wconf 73' lang='grc' dir='ltr'><strong>τὸ</strong></span> <span class='ocrx_word' id='word_1_183' title='bbox 426 2540 644 2610; x_wconf 78' lang='grc' dir='ltr'><strong>θέλημά</strong></span> <span class='ocrx_word' id='word_1_184' title='bbox 680 2557 797 2607; x_wconf 84' lang='grc' dir='ltr'><strong>σου,</strong></span> <span class='ocrx_word' id='word_1_185' title='bbox 829 2542 968 2595; x_wconf 78' lang='grc' dir='ltr'><strong>ἀλλὰ</strong></span> <span class='ocrx_word' id='word_1_186' title='bbox 1001 2542 1109 2597; x_wconf 79' lang='grc' dir='ltr'><strong>Τοῦ</strong></span> <span class='ocrx_word' id='word_1_187' title='bbox 1141 2546 1335 2599; x_wconf 80' lang='grc' dir='ltr'><strong>ποιεῖν.</strong></span> <span class='ocrx_word' id='word_1_188' title='bbox 1364 2546 1651 2616; x_wconf 84' lang='grc' dir='ltr'><strong>Μακάριος</strong></span> <span class='ocrx_word' id='word_1_189' title='bbox 1683 2547 1792 2618; x_wconf 86' lang='grc' dir='ltr'><strong>γὰρ</strong></span> <span class='ocrx_word' id='word_1_190' title='bbox 1822 2548 1922 2619; x_wconf 87' lang='grc' dir='ltr'><strong>οὐχ</strong></span> 
     </span>
    </p>
   </div>
   <div class='ocr_carea' id='block_1_27' title="bbox 336 2632 1920 2713">
    <p class='ocr_par' dir='ltr' id='par_1_27' title="bbox 336 2632 1920 2713">
     <span class='ocr_line' id='line_1_27' title="bbox 336 2632 1920 2713; baseline 0.005 -26"><span class='ocrx_word' id='word_1_191' title='bbox 336 2636 367 2687; x_wconf 83' lang='grc' dir='ltr'>ὁ</span> <span class='ocrx_word' id='word_1_192' title='bbox 399 2632 561 2697; x_wconf 70' lang='grc' dir='ltr'><strong>εἰδὼς</strong></span> <span class='ocrx_word' id='word_1_193' title='bbox 594 2633 776 2703; x_wconf 86' lang='grc' dir='ltr'><strong>μόνον,</strong></span> <span class='ocrx_word' id='word_1_194' title='bbox 817 2634 937 2687; x_wconf 82' lang='grc' dir='ltr'><strong>ἀλλ’</strong></span> <span class='ocrx_word' id='word_1_195' title='bbox 962 2637 990 2690; x_wconf 83' lang='grc' dir='ltr'>ὁ</span> <span class='ocrx_word' id='word_1_196' title='bbox 1022 2636 1120 2689; x_wconf 73' lang='grc' dir='ltr'><strong>καὶ</strong></span> <span class='ocrx_word' id='word_1_197' title='bbox 1177 2638 1350 2692; x_wconf 82' lang='grc' dir='ltr'><strong>ποιῶν</strong></span> <span class='ocrx_word' id='word_1_198' title='bbox 1380 2640 1535 2693; x_wconf 80' lang='grc' dir='ltr'><strong>αὐτό.</strong></span> <span class='ocrx_word' id='word_1_199' title='bbox 1574 2641 1685 2693; x_wconf 67' lang='grc' dir='ltr'><strong>Καὶ</strong></span> <span class='ocrx_word' id='word_1_200' title='bbox 1720 2641 1830 2713; x_wconf 81' lang='grc' dir='ltr'><strong>γὰρ</strong></span> <span class='ocrx_word' id='word_1_201' title='bbox 1860 2642 1920 2695; x_wconf 77' lang='grc' dir='ltr'><strong>τὸ</strong></span> 
     </span>
    </p>
   </div>
   <div class='ocr_carea' id='block_1_28' title="bbox 343 2724 1921 2802">
    <p class='ocr_par' dir='ltr' id='par_1_28' title="bbox 343 2724 1921 2802">
     <span class='ocr_line' id='line_1_28' title="bbox 343 2724 1921 2802; baseline 0.006 -25"><span class='ocrx_word' id='word_1_202' title='bbox 343 2725 444 2795; x_wconf 76' lang='grc' dir='ltr'><strong>μὲν</strong></span> <span class='ocrx_word' id='word_1_203' title='bbox 504 2724 728 2787; x_wconf 72' lang='grc' dir='ltr'><strong>εἰδέναι,</strong></span> <span class='ocrx_word' id='word_1_204' title='bbox 772 2724 980 2796; x_wconf 78' lang='grc' dir='ltr'><strong>ῥᾴδιον,</strong></span> <span class='ocrx_word' id='word_1_205' title='bbox 1024 2726 1086 2780; x_wconf 82' lang='grc' dir='ltr'><strong>τὸ</strong></span> <span class='ocrx_word' id='word_1_206' title='bbox 1144 2727 1202 2781; x_wconf 78' lang='grc' dir='ltr'>δὲ</span> <span class='ocrx_word' id='word_1_207' title='bbox 1255 2732 1434 2783; x_wconf 84' lang='grc' dir='ltr'><strong>ποιεῖν</strong></span> <span class='ocrx_word' id='word_1_208' title='bbox 1467 2730 1770 2802; x_wconf 79' lang='grc' dir='ltr'><strong>δυσχερές’</strong></span> <span class='ocrx_word' id='word_1_209' title='bbox 1823 2735 1921 2787; x_wconf 80' lang='grc' dir='ltr'><strong>καὶ</strong></span> 
     </span>
    </p>
   </div>
   <div class='ocr_carea' id='block_1_29' title="bbox 340 2814 1923 2896">
    <p class='ocr_par' dir='ltr' id='par_1_29' title="bbox 340 2814 1923 2896">
     <span class='ocr_line' id='line_1_29' title="bbox 340 2814 1923 2896; baseline 0.006 -26"><span class='ocrx_word' id='word_1_210' title='bbox 340 2815 588 2884; x_wconf 82' lang='grc' dir='ltr'><strong>μάλιστα</strong></span> <span class='ocrx_word' id='word_1_211' title='bbox 643 2814 744 2885; x_wconf 83' lang='grc' dir='ltr'><strong>τῆς</strong></span> <span class='ocrx_word' id='word_1_212' title='bbox 798 2815 1014 2873; x_wconf 76' lang='grc' dir='ltr'><strong>ἄνωθεν</strong></span> <span class='ocrx_word' id='word_1_213' title='bbox 1073 2816 1451 2887; x_wconf 76' lang='grc' dir='ltr'><strong>διδασκαλίας,</strong></span> <span class='ocrx_word' id='word_1_214' title='bbox 1510 2823 1610 2876; x_wconf 81' lang='grc' dir='ltr'><strong>καὶ</strong></span> <span class='ocrx_word' id='word_1_215' title='bbox 1663 2822 1923 2896; x_wconf 77' lang='grc' dir='ltr'><strong>βοηθείας</strong></span> 
     </span>
    </p>
   </div>
   <div class='ocr_carea' id='block_1_30' title="bbox 334 2906 622 2977">
    <p class='ocr_par' dir='ltr' id='par_1_30' title="bbox 334 2906 622 2977">
     <span class='ocr_line' id='line_1_30' title="bbox 334 2906 622 2977; baseline 0.007 -17"><span class='ocrx_word' id='word_1_216' title='bbox 334 2906 622 2977; x_wconf 79' lang='grc' dir='ltr'><strong>δεόμενον.</strong></span> 
     </span>
    </p>
   </div>
   <div class='ocr_carea' id='block_1_31' title="bbox 413 2998 1922 3078">
    <p class='ocr_par' dir='ltr' id='par_1_31' title="bbox 413 2998 1922 3078">
     <span class='ocr_line' id='line_1_31' title="bbox 413 2998 1922 3078; baseline 0.007 -25"><span class='ocrx_word' id='word_1_217' title='bbox 413 3000 489 3054; x_wconf 79' lang='grc' dir='ltr'><em>Τὸ</em></span> <span class='ocrx_word' id='word_1_218' title='bbox 520 2998 760 3067; x_wconf 78' lang='grc' dir='ltr'><strong>πνεῦμα</strong></span> <span class='ocrx_word' id='word_1_219' title='bbox 809 3000 877 3052; x_wconf 82' lang='grc' dir='ltr'><strong>τὸ</strong></span> <span class='ocrx_word' id='word_1_220' title='bbox 928 3000 1156 3070; x_wconf 74' lang='grc' dir='ltr'><strong>ἀγαθὸν</strong></span> <span class='ocrx_word' id='word_1_221' title='bbox 1192 3002 1481 3071; x_wconf 75' lang='grc' dir='ltr'><strong>ὁδηγήσει</strong></span> <span class='ocrx_word' id='word_1_222' title='bbox 1504 3021 1585 3075; x_wconf 72' lang='grc' dir='ltr'><strong>με</strong></span> <span class='ocrx_word' id='word_1_223' title='bbox 1611 3005 1681 3060; x_wconf 84' lang='grc' dir='ltr'><strong>ἐν</strong></span> <span class='ocrx_word' id='word_1_224' title='bbox 1716 3006 1793 3078; x_wconf 75' lang='grc' dir='ltr'><strong>τῇ</strong></span> <span class='ocrx_word' id='word_1_225' title='bbox 1818 3010 1922 3063; x_wconf 86' lang='grc' dir='ltr'><strong>εὑ-</strong></span> 
     </span>
    </p>
   </div>
   <div class='ocr_carea' id='block_1_32' title="bbox 335 3090 1922 3170">
    <p class='ocr_par' dir='ltr' id='par_1_32' title="bbox 335 3090 1922 3170">
     <span class='ocr_line' id='line_1_32' title="bbox 335 3090 1922 3170; baseline 0.001 -25"><span class='ocrx_word' id='word_1_226' title='bbox 335 3092 496 3161; x_wconf 58' lang='lat' dir='ltr'><strong>eam.</strong></span> <span class='ocrx_word' id='word_1_227' title='bbox 527 3091 621 3144; x_wconf 82' lang='grc' dir='ltr'><strong>Ἐν</strong></span> <span class='ocrx_word' id='word_1_228' title='bbox 649 3090 756 3161; x_wconf 83' lang='grc' dir='ltr'><strong>ὀδῷ</strong></span> <span class='ocrx_word' id='word_1_229' title='bbox 779 3092 937 3164; x_wconf 76' lang='grc' dir='ltr'><strong>ὀρθῇ,</strong></span> <span class='ocrx_word' id='word_1_230' title='bbox 966 3094 1061 3146; x_wconf 77' lang='grc' dir='ltr'><strong>καὶ</strong></span> <span class='ocrx_word' id='word_1_231' title='bbox 1087 3094 1291 3165; x_wconf 81' lang='grc' dir='ltr'><strong>ὁμαλῇ.</strong></span> <span class='ocrx_word' id='word_1_232' title='bbox 1329 3096 1571 3165; x_wconf 81' lang='grc' dir='ltr'><strong>Τοιαύτη</strong></span> <span class='ocrx_word' id='word_1_233' title='bbox 1607 3098 1686 3163; x_wconf 83' lang='grc' dir='ltr'><strong>δὲ,</strong></span> <span class='ocrx_word' id='word_1_234' title='bbox 1736 3102 1769 3170; x_wconf 79' lang='grc' dir='ltr'>ἡ</span> <span class='ocrx_word' id='word_1_235' title='bbox 1821 3102 1922 3170; x_wconf 79' lang='grc' dir='ltr'><strong>τῆς</strong></span> 
     </span>
    </p>
   </div>
   <div class='ocr_carea' id='block_1_33' title="bbox 2017 606 3599 675">
    <p class='ocr_par' dir='ltr' id='par_1_33' title="bbox 2017 606 3599 675">
     <span class='ocr_line' id='line_1_33' title="bbox 2017 606 3599 675; baseline 0.002 -16"><span class='ocrx_word' id='word_1_236' title='bbox 2017 617 2071 659; x_wconf 81' lang='lat' dir='ltr'><strong>et</strong></span> <span class='ocrx_word' id='word_1_237' title='bbox 2111 609 2417 663; x_wconf 82' lang='lat' dir='ltr'><strong>custodiam</strong></span> <span class='ocrx_word' id='word_1_238' title='bbox 2451 624 2603 662; x_wconf 87' lang='lat' dir='ltr'><strong>suam</strong></span> <span class='ocrx_word' id='word_1_239' title='bbox 2636 610 2703 661; x_wconf 85' lang='lat' dir='ltr'><strong>ab</strong></span> <span class='ocrx_word' id='word_1_240' title='bbox 2748 607 3063 661; x_wconf 84' lang='lat' dir='ltr'><strong>hominibus</strong></span> <span class='ocrx_word' id='word_1_241' title='bbox 3102 610 3324 675; x_wconf 79' lang='lat' dir='ltr'><strong>pravis:</strong></span> <span class='ocrx_word' id='word_1_242' title='bbox 3363 606 3599 663; x_wconf 78' lang='lat' dir='ltr'><strong>Mundus</strong></span> 
     </span>
    </p>
   </div>
   <div class='ocr_carea' id='block_1_34' title="bbox 2016 699 3462 767">
    <p class='ocr_par' dir='ltr' id='par_1_34' title="bbox 2016 699 3462 767">
     <span class='ocr_line' id='line_1_34' title="bbox 2016 699 3462 767; baseline 0.001 -14"><span class='ocrx_word' id='word_1_243' title='bbox 2016 699 2182 758; x_wconf 84' lang='lat' dir='ltr'><strong>cnim,</strong></span> <span class='ocrx_word' id='word_1_244' title='bbox 2213 699 2408 767; x_wconf 89' lang='lat' dir='ltr'><strong>inquit,</strong></span> <span class='ocrx_word' id='word_1_245' title='bbox 2445 712 2518 753; x_wconf 80' lang='lat' dir='ltr'><strong>est</strong></span> <span class='ocrx_word' id='word_1_246' title='bbox 2553 701 2733 752; x_wconf 80' lang='lat' dir='ltr'><strong>oculus</strong></span> <span class='ocrx_word' id='word_1_247' title='bbox 2763 711 2882 753; x_wconf 85' lang='lat' dir='ltr'><strong>tuus</strong></span> <span class='ocrx_word' id='word_1_248' title='bbox 2919 715 2979 749; x_wconf 84' lang='lat' dir='ltr'><strong>ne</strong></span> <span class='ocrx_word' id='word_1_249' title='bbox 3009 699 3178 752; x_wconf 86' lang='lat' dir='ltr'><strong>videat</strong></span> <span class='ocrx_word' id='word_1_250' title='bbox 3202 716 3365 767; x_wconf 78' lang='lat' dir='ltr'><strong>prava</strong></span> <span class='ocrx_word' id='word_1_251' title='bbox 3396 700 3462 753; x_wconf 66' lang='grc' dir='ltr'><strong>ε’.</strong></span> 
     </span>
    </p>
   </div>
   <div class='ocr_carea' id='block_1_35' title="bbox 2090 792 3596 859">
    <p class='ocr_par' dir='ltr' id='par_1_35' title="bbox 2090 792 3596 859">
     <span class='ocr_line' id='line_1_35' title="bbox 2090 792 3596 859; baseline 0 -14"><span class='ocrx_word' id='word_1_252' title='bbox 2090 793 2255 847; x_wconf 68' lang='lat' dir='ltr'><strong>Vens.</strong></span> <span class='ocrx_word' id='word_1_253' title='bbox 2295 793 2348 846; x_wconf 88' lang='lat'><strong>8.</strong></span> <span class='ocrx_word' id='word_1_254' title='bbox 2384 794 2637 847; x_wconf 81' lang='lat' dir='ltr'><strong>Auditum</strong></span> <span class='ocrx_word' id='word_1_255' title='bbox 2681 793 2769 859; x_wconf 75' lang='lat' dir='ltr'><strong>[ac</strong></span> <span class='ocrx_word' id='word_1_256' title='bbox 2811 792 2937 843; x_wconf 83' lang='lat' dir='ltr'><strong>mihi</strong></span> <span class='ocrx_word' id='word_1_257' title='bbox 2971 808 3123 845; x_wconf 73' lang='lat' dir='ltr'><strong>manu</strong></span> <span class='ocrx_word' id='word_1_258' title='bbox 3168 792 3596 845; x_wconf 85' lang='lat' dir='ltr'><strong>misericordiam</strong></span> 
     </span>
    </p>
   </div>
   <div class='ocr_carea' id='block_1_36' title="bbox 2017 882 3597 955">
    <p class='ocr_par' dir='ltr' id='par_1_36' title="bbox 2017 882 3597 955">
     <span class='ocr_line' id='line_1_36' title="bbox 2017 882 3597 955; baseline -0.001 -17"><span class='ocrx_word' id='word_1_259' title='bbox 2017 894 2187 951; x_wconf 86' lang='lat' dir='ltr'><strong>tuam,</strong></span> <span class='ocrx_word' id='word_1_260' title='bbox 2221 887 2346 955; x_wconf 79' lang='lat' dir='ltr'><strong>quia</strong></span> <span class='ocrx_word' id='word_1_261' title='bbox 2375 886 2423 938; x_wconf 82' lang='lat' dir='ltr'><strong>in</strong></span> <span class='ocrx_word' id='word_1_262' title='bbox 2460 893 2506 938; x_wconf 86' lang='lat' dir='ltr'><strong>te</strong></span> <span class='ocrx_word' id='word_1_263' title='bbox 2532 884 2761 953; x_wconf 78' lang='lat' dir='ltr'><strong>speravi.</strong></span> <span class='ocrx_word' id='word_1_264' title='bbox 2785 882 3040 953; x_wconf 76' lang='lat' dir='ltr'><strong>Signiﬁca</strong></span> <span class='ocrx_word' id='word_1_265' title='bbox 3075 883 3228 947; x_wconf 86' lang='lat' dir='ltr'><strong>mihi,</strong></span> <span class='ocrx_word' id='word_1_266' title='bbox 3258 883 3456 951; x_wconf 84' lang='lat' dir='ltr'><strong>inquit,</strong></span> <span class='ocrx_word' id='word_1_267' title='bbox 3487 885 3597 937; x_wconf 85' lang='lat' dir='ltr'><strong>cito</strong></span> 
     </span>
    </p>
   </div>
   <div class='ocr_carea' id='block_1_37' title="bbox 2019 976 3595 1045">
    <p class='ocr_par' dir='ltr' id='par_1_37' title="bbox 2019 976 3595 1045">
     <span class='ocr_line' id='line_1_37' title="bbox 2019 976 3595 1045; baseline 0 -14"><span class='ocrx_word' id='word_1_268' title='bbox 2019 979 2448 1032; x_wconf 83' lang='lat' dir='ltr'><strong>misericordiam</strong></span> <span class='ocrx_word' id='word_1_269' title='bbox 2493 990 2663 1038; x_wconf 85' lang='lat' dir='ltr'><strong>tuam,</strong></span> <span class='ocrx_word' id='word_1_270' title='bbox 2717 986 2773 1031; x_wconf 90' lang='lat' dir='ltr'><strong>ut</strong></span> <span class='ocrx_word' id='word_1_271' title='bbox 2821 986 2950 1031; x_wconf 96' lang='lat' dir='ltr'><strong>ante</strong></span> <span class='ocrx_word' id='word_1_272' title='bbox 2993 976 3413 1045; x_wconf 80' lang='lat' dir='ltr'><strong>experientiam,</strong></span> <span class='ocrx_word' id='word_1_273' title='bbox 3467 993 3595 1044; x_wconf 85' lang='lat' dir='ltr'><strong>pru-</strong></span> 
     </span>
    </p>
   </div>
   <div class='ocr_carea' id='block_1_38' title="bbox 2020 1068 3595 1139">
    <p class='ocr_par' dir='ltr' id='par_1_38' title="bbox 2020 1068 3595 1139">
     <span class='ocr_line' id='line_1_38' title="bbox 2020 1068 3595 1139; baseline -0.002 -15"><span class='ocrx_word' id='word_1_274' title='bbox 2020 1072 2281 1124; x_wconf 87' lang='lat' dir='ltr'><strong>missione</strong></span> <span class='ocrx_word' id='word_1_275' title='bbox 2319 1080 2409 1123; x_wconf 85' lang='lat' dir='ltr'><strong>tua</strong></span> <span class='ocrx_word' id='word_1_276' title='bbox 2446 1069 2752 1139; x_wconf 77' lang='lat' dir='ltr'><strong>refrigcrcr.</strong></span> <span class='ocrx_word' id='word_1_277' title='bbox 2787 1068 2989 1122; x_wconf 80' lang='lat' dir='ltr'><strong>Deinde</strong></span> <span class='ocrx_word' id='word_1_278' title='bbox 3022 1069 3290 1121; x_wconf 72' lang='lat' dir='ltr'><strong>rationem</strong></span> <span class='ocrx_word' id='word_1_279' title='bbox 3334 1070 3557 1137; x_wconf 83' lang='lat' dir='ltr'><strong>apponit</strong></span> <span class='ocrx_word' id='word_1_280' title='bbox 3580 1108 3595 1130; x_wconf 87' lang='lat'><strong>,</strong></span> 
     </span>
    </p>
   </div>
   <div class='ocr_carea' id='block_1_39' title="bbox 2017 1161 3594 1232">
    <p class='ocr_par' dir='ltr' id='par_1_39' title="bbox 2017 1161 3594 1232">
     <span class='ocr_line' id='line_1_39' title="bbox 2017 1161 3594 1232; baseline -0.003 -15"><span class='ocrx_word' id='word_1_281' title='bbox 2017 1180 2117 1217; x_wconf 89' lang='lat' dir='ltr'><strong>cur</strong></span> <span class='ocrx_word' id='word_1_282' title='bbox 2153 1164 2460 1232; x_wconf 71' lang='lat' dir='ltr'><strong>praestanda</strong></span> <span class='ocrx_word' id='word_1_283' title='bbox 2496 1165 2543 1217; x_wconf 87' lang='lat' dir='ltr'><strong>ei</strong></span> <span class='ocrx_word' id='word_1_284' title='bbox 2575 1164 2645 1216; x_wconf 91' lang='lat' dir='ltr'><strong>sit</strong></span> <span class='ocrx_word' id='word_1_285' title='bbox 2683 1161 3089 1217; x_wconf 70' lang='lat' dir='ltr'><strong>misericordia.</strong></span> <span class='ocrx_word' id='word_1_286' title='bbox 3132 1162 3268 1227; x_wconf 83' lang='lat' dir='ltr'><strong>Quia</strong></span> <span class='ocrx_word' id='word_1_287' title='bbox 3303 1161 3511 1215; x_wconf 80' lang='lat' dir='ltr'><strong>scilicet</strong></span> <span class='ocrx_word' id='word_1_288' title='bbox 3540 1162 3594 1213; x_wconf 90' lang='lat' dir='ltr'><strong>in</strong></span> 
     </span>
    </p>
   </div>
   <div class='ocr_carea' id='block_1_40' title="bbox 2020 1255 3602 1324">
    <p class='ocr_par' dir='ltr' id='par_1_40' title="bbox 2020 1255 3602 1324">
     <span class='ocr_line' id='line_1_40' title="bbox 2020 1255 3602 1324; baseline -0.001 -15"><span class='ocrx_word' id='word_1_289' title='bbox 2020 1265 2072 1309; x_wconf 86' lang='lat' dir='ltr'><strong>te</strong></span> <span class='ocrx_word' id='word_1_290' title='bbox 2106 1258 2337 1322; x_wconf 67' lang='lat' dir='ltr'><strong>sprravi.</strong></span> <span class='ocrx_word' id='word_1_291' title='bbox 2369 1255 2760 1323; x_wconf 78' lang='lat' dir='ltr'><strong>Ilujusccmodi</strong></span> <span class='ocrx_word' id='word_1_292' title='bbox 2802 1256 2947 1309; x_wconf 88' lang='lat' dir='ltr'><strong>enim</strong></span> <span class='ocrx_word' id='word_1_293' title='bbox 2982 1269 3110 1323; x_wconf 82' lang='lat' dir='ltr'><strong>spes</strong></span> <span class='ocrx_word' id='word_1_294' title='bbox 3135 1270 3470 1324; x_wconf 72' lang='lat' dir='ltr'><strong>magnolierc</strong></span> <span class='ocrx_word' id='word_1_295' title='bbox 3509 1268 3602 1307; x_wconf 84' lang='lat' dir='ltr'><strong>so-</strong></span> 
     </span>
    </p>
   </div>
   <div class='ocr_carea' id='block_1_41' title="bbox 2023 1348 2651 1403">
    <p class='ocr_par' dir='ltr' id='par_1_41' title="bbox 2023 1348 2651 1403">
     <span class='ocr_line' id='line_1_41' title="bbox 2023 1348 2651 1403; baseline -0.005 -1"><span class='ocrx_word' id='word_1_296' title='bbox 2023 1350 2096 1402; x_wconf 77' lang='lat' dir='ltr'><strong>let</strong></span> <span class='ocrx_word' id='word_1_297' title='bbox 2133 1348 2300 1400; x_wconf 84' lang='lat' dir='ltr'><strong>Deum</strong></span> <span class='ocrx_word' id='word_1_298' title='bbox 2330 1349 2651 1403; x_wconf 87' lang='lat' dir='ltr'><strong>conciliare.</strong></span> 
     </span>
    </p>
   </div>
   <div class='ocr_carea' id='block_1_42' title="bbox 2094 1435 3598 1510">
    <p class='ocr_par' dir='ltr' id='par_1_42' title="bbox 2094 1435 3598 1510">
     <span class='ocr_line' id='line_1_42' title="bbox 2094 1435 3598 1510; baseline -0.004 -14"><span class='ocrx_word' id='word_1_299' title='bbox 2094 1440 2293 1496; x_wconf 80' lang='lat' dir='ltr'><strong>Notum</strong></span> <span class='ocrx_word' id='word_1_300' title='bbox 2329 1440 2417 1510; x_wconf 76' lang='lat' dir='ltr'><strong>{ac</strong></span> <span class='ocrx_word' id='word_1_301' title='bbox 2442 1440 2586 1504; x_wconf 83' lang='lat' dir='ltr'><strong>mihi,</strong></span> <span class='ocrx_word' id='word_1_302' title='bbox 2614 1438 2855 1504; x_wconf 85' lang='lat' dir='ltr'><strong>Domine,</strong></span> <span class='ocrx_word' id='word_1_303' title='bbox 2890 1439 3055 1504; x_wconf 84' lang='lat' dir='ltr'><strong>uiam,</strong></span> <span class='ocrx_word' id='word_1_304' title='bbox 3082 1438 3262 1504; x_wconf 85' lang='lat' dir='ltr'><strong>inqua</strong></span> <span class='ocrx_word' id='word_1_305' title='bbox 3292 1435 3598 1499; x_wconf 81' lang='lat' dir='ltr'><strong>ambulubo,</strong></span> 
     </span>
    </p>
   </div>
   <div class='ocr_carea' id='block_1_43' title="bbox 2023 1531 3601 1606">
    <p class='ocr_par' dir='ltr' id='par_1_43' title="bbox 2023 1531 3601 1606">
     <span class='ocr_line' id='line_1_43' title="bbox 2023 1531 3601 1606; baseline -0.004 -19"><span class='ocrx_word' id='word_1_306' title='bbox 2023 1537 2148 1606; x_wconf 84' lang='lat' dir='ltr'><strong>quia</strong></span> <span class='ocrx_word' id='word_1_307' title='bbox 2186 1533 2256 1587; x_wconf 89' lang='lat' dir='ltr'><strong>ad</strong></span> <span class='ocrx_word' id='word_1_308' title='bbox 2286 1544 2332 1587; x_wconf 89' lang='lat' dir='ltr'><strong>te</strong></span> <span class='ocrx_word' id='word_1_309' title='bbox 2361 1533 2527 1587; x_wconf 78' lang='lat' dir='ltr'><strong>levavi</strong></span> <span class='ocrx_word' id='word_1_310' title='bbox 2556 1535 2789 1587; x_wconf 76' lang='lat' dir='ltr'><strong>animant</strong></span> <span class='ocrx_word' id='word_1_311' title='bbox 2826 1549 3018 1585; x_wconf 86' lang='lat' dir='ltr'><strong>meam.</strong></span> <span class='ocrx_word' id='word_1_312' title='bbox 3053 1531 3215 1599; x_wconf 87' lang='lat' dir='ltr'><strong>Atqui</strong></span> <span class='ocrx_word' id='word_1_313' title='bbox 3239 1572 3252 1591; x_wconf 94' lang='lat'><strong>,</strong></span> <span class='ocrx_word' id='word_1_314' title='bbox 3287 1541 3396 1583; x_wconf 82' lang='lat' dir='ltr'><strong>tam</strong></span> <span class='ocrx_word' id='word_1_315' title='bbox 3442 1538 3601 1583; x_wconf 85' lang='lat' dir='ltr'><strong>natu-</strong></span> 
     </span>
    </p>
   </div>
   <div class='ocr_carea' id='block_1_44' title="bbox 2023 1620 3599 1695">
    <p class='ocr_par' dir='ltr' id='par_1_44' title="bbox 2023 1620 3599 1695">
     <span class='ocr_line' id='line_1_44' title="bbox 2023 1620 3599 1695; baseline -0.003 -13"><span class='ocrx_word' id='word_1_316' title='bbox 2023 1629 2155 1683; x_wconf 82' lang='lat' dir='ltr'><strong>ralis</strong></span> <span class='ocrx_word' id='word_1_317' title='bbox 2184 1630 2270 1682; x_wconf 78' lang='lat' dir='ltr'><strong>lex</strong></span> <span class='ocrx_word' id='word_1_318' title='bbox 2306 1640 2471 1695; x_wconf 87' lang='lat' dir='ltr'><strong>quam</strong></span> <span class='ocrx_word' id='word_1_319' title='bbox 2510 1628 2712 1695; x_wconf 85' lang='lat' dir='ltr'><strong>scripta</strong></span> <span class='ocrx_word' id='word_1_320' title='bbox 2746 1665 2761 1688; x_wconf 90' lang='lat'><strong>,</strong></span> <span class='ocrx_word' id='word_1_321' title='bbox 2793 1627 2996 1679; x_wconf 87' lang='lat' dir='ltr'><strong>docent</strong></span> <span class='ocrx_word' id='word_1_322' title='bbox 3040 1630 3248 1678; x_wconf 88' lang='lat' dir='ltr'><strong>rectam</strong></span> <span class='ocrx_word' id='word_1_323' title='bbox 3288 1624 3451 1677; x_wconf 85' lang='lat' dir='ltr'><strong>viam.</strong></span> <span class='ocrx_word' id='word_1_324' title='bbox 3491 1620 3599 1677; x_wconf 85' lang='lat' dir='ltr'><strong>Ve-</strong></span> 
     </span>
    </p>
   </div>
   <div class='ocr_carea' id='block_1_45' title="bbox 2025 1717 3603 1787">
    <p class='ocr_par' dir='ltr' id='par_1_45' title="bbox 2025 1717 3603 1787">
     <span class='ocr_line' id='line_1_45' title="bbox 2025 1717 3603 1787; baseline -0.005 -12"><span class='ocrx_word' id='word_1_325' title='bbox 2025 1737 2145 1775; x_wconf 90' lang='lat' dir='ltr'><strong>rum</strong></span> <span class='ocrx_word' id='word_1_326' title='bbox 2175 1736 2339 1784; x_wconf 88' lang='lat' dir='ltr'><strong>nunc,</strong></span> <span class='ocrx_word' id='word_1_327' title='bbox 2363 1721 2449 1773; x_wconf 77' lang='lat' dir='ltr'><strong>vel</strong></span> <span class='ocrx_word' id='word_1_328' title='bbox 2481 1720 2612 1773; x_wconf 89' lang='lat' dir='ltr'><strong>illud</strong></span> <span class='ocrx_word' id='word_1_329' title='bbox 2645 1719 2827 1774; x_wconf 81' lang='lat' dir='ltr'><strong>dicere</strong></span> <span class='ocrx_word' id='word_1_330' title='bbox 2854 1718 3108 1781; x_wconf 88' lang='lat' dir='ltr'><strong>intendit,</strong></span> <span class='ocrx_word' id='word_1_331' title='bbox 3138 1718 3286 1787; x_wconf 90' lang='lat' dir='ltr'><strong>quod</strong></span> <span class='ocrx_word' id='word_1_332' title='bbox 3312 1717 3603 1771; x_wconf 78' lang='lat' dir='ltr'><strong>conscien-</strong></span> 
     </span>
    </p>
   </div>
   <div class='ocr_carea' id='block_1_46' title="bbox 2027 1807 3602 1879">
    <p class='ocr_par' dir='ltr' id='par_1_46' title="bbox 2027 1807 3602 1879">
     <span class='ocr_line' id='line_1_46' title="bbox 2027 1807 3602 1879; baseline -0.002 -15"><span class='ocrx_word' id='word_1_333' title='bbox 2027 1811 2099 1864; x_wconf 89' lang='lat' dir='ltr'><strong>tia</strong></span> <span class='ocrx_word' id='word_1_334' title='bbox 2130 1825 2228 1865; x_wconf 84' lang='lat' dir='ltr'><strong>sua</strong></span> <span class='ocrx_word' id='word_1_335' title='bbox 2268 1810 2505 1877; x_wconf 82' lang='lat' dir='ltr'><strong>peccatis</strong></span> <span class='ocrx_word' id='word_1_336' title='bbox 2536 1821 2677 1864; x_wconf 87' lang='lat' dir='ltr'><strong>esset</strong></span> <span class='ocrx_word' id='word_1_337' title='bbox 2710 1808 2994 1879; x_wconf 82' lang='lat' dir='ltr'><strong>inquinata</strong></span> <span class='ocrx_word' id='word_1_338' title='bbox 3024 1825 3040 1862; x_wconf 87' lang='lat'><strong>:</strong></span> <span class='ocrx_word' id='word_1_339' title='bbox 3071 1808 3154 1861; x_wconf 80' lang='lat' dir='ltr'><strong>vel</strong></span> <span class='ocrx_word' id='word_1_340' title='bbox 3183 1807 3328 1877; x_wconf 86' lang='lat' dir='ltr'><strong>quod</strong></span> <span class='ocrx_word' id='word_1_341' title='bbox 3366 1808 3602 1876; x_wconf 87' lang='lat' dir='ltr'><strong>plurima</strong></span> 
     </span>
    </p>
   </div>
   <div class='ocr_carea' id='block_1_47' title="bbox 2027 1898 3606 1970">
    <p class='ocr_par' dir='ltr' id='par_1_47' title="bbox 2027 1898 3606 1970">
     <span class='ocr_line' id='line_1_47' title="bbox 2027 1898 3606 1970; baseline -0.001 -16"><span class='ocrx_word' id='word_1_342' title='bbox 2027 1902 2095 1955; x_wconf 83' lang='lat' dir='ltr'><strong>ah</strong></span> <span class='ocrx_word' id='word_1_343' title='bbox 2122 1901 2441 1956; x_wconf 87' lang='lat' dir='ltr'><strong>hominibus</strong></span> <span class='ocrx_word' id='word_1_344' title='bbox 2475 1901 2820 1970; x_wconf 83' lang='lat' dir='ltr'><strong>ignorantur.</strong></span> <span class='ocrx_word' id='word_1_345' title='bbox 2852 1900 3029 1968; x_wconf 78' lang='lat' dir='ltr'><strong>Atque</strong></span> <span class='ocrx_word' id='word_1_346' title='bbox 3062 1898 3186 1954; x_wconf 88' lang='lat' dir='ltr'><strong>ideo</strong></span> <span class='ocrx_word' id='word_1_347' title='bbox 3217 1898 3426 1953; x_wconf 82' lang='lat' dir='ltr'><strong>Paulus</strong></span> <span class='ocrx_word' id='word_1_348' title='bbox 3455 1899 3606 1953; x_wconf 87' lang='lat' dir='ltr'><strong>dice-</strong></span> 
     </span>
    </p>
   </div>
   <div class='ocr_carea' id='block_1_48' title="bbox 2022 1990 3604 2059">
    <p class='ocr_par' dir='ltr' id='par_1_48' title="bbox 2022 1990 3604 2059">
     <span class='ocr_line' id='line_1_48' title="bbox 2022 1990 3604 2059; baseline -0.001 -11"><span class='ocrx_word' id='word_1_349' title='bbox 2022 1993 2118 2049; x_wconf 84' lang='lat' dir='ltr'><strong>bat</strong></span> <span class='ocrx_word' id='word_1_350' title='bbox 2158 2007 2176 2047; x_wconf 88' lang='lat'><strong>:</strong></span> <span class='ocrx_word' id='word_1_351' title='bbox 2216 1993 2368 2058; x_wconf 78' lang='lat' dir='ltr'><strong>Quod</strong></span> <span class='ocrx_word' id='word_1_352' title='bbox 2419 2009 2650 2055; x_wconf 79' lang='lat' dir='ltr'><strong>oremus,</strong></span> <span class='ocrx_word' id='word_1_353' title='bbox 2685 2002 2734 2047; x_wconf 87' lang='lat' dir='ltr'><strong>et</strong></span> <span class='ocrx_word' id='word_1_354' title='bbox 2761 1990 3206 2058; x_wconf 71' lang='lat' dir='ltr'><strong>quemadmodum</strong></span> <span class='ocrx_word' id='word_1_355' title='bbox 3238 2000 3465 2059; x_wconf 82' lang='lat' dir='ltr'><strong>oportet,</strong></span> <span class='ocrx_word' id='word_1_356' title='bbox 3510 2008 3604 2046; x_wconf 84' lang='lat' dir='ltr'><strong>ne-</strong></span> 
     </span>
    </p>
   </div>
   <div class='ocr_carea' id='block_1_49' title="bbox 2023 2084 3601 2155">
    <p class='ocr_par' dir='ltr' id='par_1_49' title="bbox 2023 2084 3601 2155">
     <span class='ocr_line' id='line_1_49' title="bbox 2023 2084 3601 2155; baseline -0.002 -14"><span class='ocrx_word' id='word_1_357' title='bbox 2023 2087 2219 2141; x_wconf 78' lang='lat' dir='ltr'><strong>scimus</strong></span> <span class='ocrx_word' id='word_1_358' title='bbox 2251 2087 2319 2139; x_wconf 66' lang='lat'><strong>9’.</strong></span> <span class='ocrx_word' id='word_1_359' title='bbox 2347 2086 2427 2140; x_wconf 71' lang='lat' dir='ltr'><strong>All</strong></span> <span class='ocrx_word' id='word_1_360' title='bbox 2456 2096 2506 2141; x_wconf 79' lang='lat' dir='ltr'><strong>te</strong></span> <span class='ocrx_word' id='word_1_361' title='bbox 2530 2085 2720 2154; x_wconf 79' lang='lat' dir='ltr'><strong>igitur,</strong></span> <span class='ocrx_word' id='word_1_362' title='bbox 2746 2084 3362 2154; x_wconf 86' lang='lat' dir='ltr'><strong>inquit,&#39;oscitabundus</strong></span> <span class='ocrx_word' id='word_1_363' title='bbox 3388 2095 3601 2155; x_wconf 83' lang='lat' dir='ltr'><strong>specto,</strong></span> 
     </span>
    </p>
   </div>
   <div class='ocr_carea' id='block_1_50' title="bbox 2022 2177 3407 2247">
    <p class='ocr_par' dir='ltr' id='par_1_50' title="bbox 2022 2177 3407 2247">
     <span class='ocr_line' id='line_1_50' title="bbox 2022 2177 3407 2247; baseline 0 -14"><span class='ocrx_word' id='word_1_364' title='bbox 2022 2180 2209 2234; x_wconf 80' lang='lat' dir='ltr'><strong>indica</strong></span> <span class='ocrx_word' id='word_1_365' title='bbox 2243 2179 2376 2234; x_wconf 90' lang='lat' dir='ltr'><strong>mihi</strong></span> <span class='ocrx_word' id='word_1_366' title='bbox 2416 2178 2556 2232; x_wconf 79' lang='lat' dir='ltr'><strong>viam</strong></span> <span class='ocrx_word' id='word_1_367' title='bbox 2591 2193 2689 2247; x_wconf 86' lang='lat' dir='ltr'><strong>per</strong></span> <span class='ocrx_word' id='word_1_368' title='bbox 2718 2193 2882 2247; x_wconf 89' lang='lat' dir='ltr'><strong>quam</strong></span> <span class='ocrx_word' id='word_1_369' title='bbox 2917 2178 3189 2233; x_wconf 78' lang='lat' dir='ltr'><strong>ambulem</strong></span> <span class='ocrx_word' id='word_1_370' title='bbox 3228 2177 3295 2230; x_wconf 89' lang='lat' dir='ltr'><strong>ad</strong></span> <span class='ocrx_word' id='word_1_371' title='bbox 3332 2185 3407 2233; x_wconf 90' lang='lat' dir='ltr'><strong>te.</strong></span> 
     </span>
    </p>
   </div>
   <div class='ocr_carea' id='block_1_51' title="bbox 2094 2266 3607 2338">
    <p class='ocr_par' dir='ltr' id='par_1_51' title="bbox 2094 2266 3607 2338">
     <span class='ocr_line' id='line_1_51' title="bbox 2094 2266 3607 2338; baseline -0.001 -13"><span class='ocrx_word' id='word_1_372' title='bbox 2094 2271 2259 2327; x_wconf 70' lang='lat' dir='ltr'><strong>Vnus.</strong></span> <span class='ocrx_word' id='word_1_373' title='bbox 2286 2273 2339 2329; x_wconf 88' lang='lat'><strong>9.</strong></span> <span class='ocrx_word' id='word_1_374' title='bbox 2368 2272 2523 2338; x_wconf 78' lang='lat' dir='ltr'><strong>Eripe</strong></span> <span class='ocrx_word' id='word_1_375' title='bbox 2555 2288 2634 2325; x_wconf 90' lang='lat' dir='ltr'><strong>me</strong></span> <span class='ocrx_word' id='word_1_376' title='bbox 2660 2272 2726 2324; x_wconf 87' lang='lat' dir='ltr'><strong>de</strong></span> <span class='ocrx_word' id='word_1_377' title='bbox 2758 2270 2985 2323; x_wconf 78' lang='lat' dir='ltr'><strong>inimicis</strong></span> <span class='ocrx_word' id='word_1_378' title='bbox 3006 2270 3158 2335; x_wconf 69' lang='lat' dir='ltr'><strong>meis,</strong></span> <span class='ocrx_word' id='word_1_379' title='bbox 3186 2268 3427 2333; x_wconf 87' lang='lat' dir='ltr'><strong>Domine,</strong></span> <span class='ocrx_word' id='word_1_380' title='bbox 3453 2266 3525 2323; x_wconf 83' lang='lat' dir='ltr'><strong>ad</strong></span> <span class='ocrx_word' id='word_1_381' title='bbox 3555 2276 3607 2328; x_wconf 79' lang='lat' dir='ltr'><strong>te</strong></span> 
     </span>
    </p>
   </div>
   <div class='ocr_carea' id='block_1_52' title="bbox 2023 2362 3605 2435">
    <p class='ocr_par' dir='ltr' id='par_1_52' title="bbox 2023 2362 3605 2435">
     <span class='ocr_line' id='line_1_52' title="bbox 2023 2362 3605 2435; baseline -0.003 -15"><span class='ocrx_word' id='word_1_382' title='bbox 2023 2364 2259 2435; x_wconf 78' lang='lat' dir='ltr'><strong>confugi,</strong></span> <span class='ocrx_word' id='word_1_383' title='bbox 2287 2366 2412 2417; x_wconf 84' lang='lat' dir='ltr'><strong>doce</strong></span> <span class='ocrx_word' id='word_1_384' title='bbox 2443 2381 2522 2417; x_wconf 89' lang='lat' dir='ltr'><strong>me</strong></span> <span class='ocrx_word' id='word_1_385' title='bbox 2548 2364 2724 2433; x_wconf 79' lang='lat' dir='ltr'><strong>facere</strong></span> <span class='ocrx_word' id='word_1_386' title='bbox 2755 2362 3074 2416; x_wconf 80' lang='lat' dir='ltr'><strong>voluntatem</strong></span> <span class='ocrx_word' id='word_1_387' title='bbox 3111 2371 3277 2424; x_wconf 85' lang='lat' dir='ltr'><strong>tuam,</strong></span> <span class='ocrx_word' id='word_1_388' title='bbox 3315 2363 3439 2432; x_wconf 89' lang='lat' dir='ltr'><strong>quia</strong></span> <span class='ocrx_word' id='word_1_389' title='bbox 3465 2362 3605 2417; x_wconf 75' lang='lat' dir='ltr'><strong>Deus</strong></span> 
     </span>
    </p>
   </div>
   <div class='ocr_carea' id='block_1_53' title="bbox 2024 2455 3601 2521">
    <p class='ocr_par' dir='ltr' id='par_1_53' title="bbox 2024 2455 3601 2521">
     <span class='ocr_line' id='line_1_53' title="bbox 2024 2455 3601 2521; baseline -0.003 -8"><span class='ocrx_word' id='word_1_390' title='bbox 2024 2476 2170 2514; x_wconf 82' lang='lat' dir='ltr'><strong>meus</strong></span> <span class='ocrx_word' id='word_1_391' title='bbox 2217 2475 2271 2512; x_wconf 86' lang='lat' dir='ltr'><strong>es</strong></span> <span class='ocrx_word' id='word_1_392' title='bbox 2315 2468 2393 2514; x_wconf 86' lang='lat' dir='ltr'><strong>tu.</strong></span> <span class='ocrx_word' id='word_1_393' title='bbox 2466 2458 2584 2513; x_wconf 85' lang='lat' dir='ltr'><strong>Non</strong></span> <span class='ocrx_word' id='word_1_394' title='bbox 2650 2458 2832 2513; x_wconf 81' lang='lat' dir='ltr'><strong>dixit:</strong></span> <span class='ocrx_word' id='word_1_395' title='bbox 2882 2455 3027 2512; x_wconf 87' lang='lat' dir='ltr'><strong>Doce</strong></span> <span class='ocrx_word' id='word_1_396' title='bbox 3089 2471 3177 2511; x_wconf 88' lang='lat' dir='ltr'><strong>me</strong></span> <span class='ocrx_word' id='word_1_397' title='bbox 3236 2456 3601 2521; x_wconf 78' lang='lat' dir='ltr'><strong>voluntatem,</strong></span> 
     </span>
    </p>
   </div>
   <div class='ocr_carea' id='block_1_54' title="bbox 2034 2548 3605 2617">
    <p class='ocr_par' dir='ltr' id='par_1_54' title="bbox 2034 2548 3605 2617">
     <span class='ocr_line' id='line_1_54' title="bbox 2034 2548 3605 2617; baseline -0.003 -11"><span class='ocrx_word' id='word_1_398' title='bbox 2034 2552 2129 2608; x_wconf 88' lang='lat' dir='ltr'><strong>sed</strong></span> <span class='ocrx_word' id='word_1_399' title='bbox 2169 2552 2312 2608; x_wconf 86' lang='lat' dir='ltr'><strong>Doce</strong></span> <span class='ocrx_word' id='word_1_400' title='bbox 2348 2561 2406 2605; x_wconf 90' lang='lat' dir='ltr'><strong>ut</strong></span> <span class='ocrx_word' id='word_1_401' title='bbox 2440 2550 2635 2606; x_wconf 82' lang='lat' dir='ltr'><strong>faciam</strong></span> <span class='ocrx_word' id='word_1_402' title='bbox 2666 2565 2815 2613; x_wconf 80' lang='lat' dir='ltr'><strong>eam.</strong></span> <span class='ocrx_word' id='word_1_403' title='bbox 2840 2548 3041 2604; x_wconf 86' lang='lat' dir='ltr'><strong>Beatus</strong></span> <span class='ocrx_word' id='word_1_404' title='bbox 3070 2548 3251 2612; x_wconf 88' lang='lat' dir='ltr'><strong>enim,</strong></span> <span class='ocrx_word' id='word_1_405' title='bbox 3282 2549 3477 2617; x_wconf 90' lang='lat' dir='ltr'><strong>inquit,</strong></span> <span class='ocrx_word' id='word_1_406' title='bbox 3509 2549 3605 2617; x_wconf 87' lang='lat' dir='ltr'><strong>qui</strong></span> 
     </span>
    </p>
   </div>
   <div class='ocr_carea' id='block_1_55' title="bbox 2023 2639 3604 2710">
    <p class='ocr_par' dir='ltr' id='par_1_55' title="bbox 2023 2639 3604 2710">
     <span class='ocr_line' id='line_1_55' title="bbox 2023 2639 3604 2710; baseline -0.003 -10"><span class='ocrx_word' id='word_1_407' title='bbox 2023 2661 2132 2700; x_wconf 88' lang='lat' dir='ltr'><strong>non</strong></span> <span class='ocrx_word' id='word_1_408' title='bbox 2165 2644 2315 2698; x_wconf 79' lang='lat' dir='ltr'><strong>novit</strong></span> <span class='ocrx_word' id='word_1_409' title='bbox 2343 2652 2576 2707; x_wconf 88' lang='lat' dir='ltr'><strong>tantum,</strong></span> <span class='ocrx_word' id='word_1_410' title='bbox 2616 2643 2711 2698; x_wconf 83' lang='lat' dir='ltr'><strong>sed</strong></span> <span class='ocrx_word' id='word_1_411' title='bbox 2751 2641 2879 2695; x_wconf 81' lang='lat' dir='ltr'><strong>facit</strong></span> <span class='ocrx_word' id='word_1_412' title='bbox 2911 2655 3053 2695; x_wconf 86' lang='lat' dir='ltr'><strong>eam.</strong></span> <span class='ocrx_word' id='word_1_413' title='bbox 3081 2639 3427 2710; x_wconf 77' lang='lat' dir='ltr'><strong>Cognoscere</strong></span> <span class='ocrx_word' id='word_1_414' title='bbox 3456 2644 3604 2696; x_wconf 83' lang='lat' dir='ltr'><strong>enim</strong></span> 
     </span>
    </p>
   </div>
   <div class='ocr_carea' id='block_1_56' title="bbox 2025 2732 3606 2804">
    <p class='ocr_par' dir='ltr' id='par_1_56' title="bbox 2025 2732 3606 2804">
     <span class='ocr_line' id='line_1_56' title="bbox 2025 2732 3606 2804; baseline -0.003 -12"><span class='ocrx_word' id='word_1_415' title='bbox 2025 2737 2243 2793; x_wconf 82' lang='lat' dir='ltr'><strong>facilius</strong></span> <span class='ocrx_word' id='word_1_416' title='bbox 2277 2746 2382 2799; x_wconf 85' lang='lat' dir='ltr'><strong>est,</strong></span> <span class='ocrx_word' id='word_1_417' title='bbox 2418 2735 2635 2804; x_wconf 88' lang='lat' dir='ltr'><strong>operari</strong></span> <span class='ocrx_word' id='word_1_418' title='bbox 2679 2749 2811 2790; x_wconf 84' lang='lat' dir='ltr'><strong>vero</strong></span> <span class='ocrx_word' id='word_1_419' title='bbox 2843 2732 3143 2798; x_wconf 73' lang='lat' dir='ltr'><strong>diliicilius,</strong></span> <span class='ocrx_word' id='word_1_420' title='bbox 3188 2733 3257 2787; x_wconf 90' lang='lat' dir='ltr'><strong>iis</strong></span> <span class='ocrx_word' id='word_1_421' title='bbox 3300 2732 3606 2802; x_wconf 65' lang='lat' dir='ltr'><strong>praesertim</strong></span> 
     </span>
    </p>
   </div>
   <div class='ocr_carea' id='block_1_57' title="bbox 2022 2824 3319 2899">
    <p class='ocr_par' dir='ltr' id='par_1_57' title="bbox 2022 2824 3319 2899">
     <span class='ocr_line' id='line_1_57' title="bbox 2022 2824 3319 2899; baseline -0.002 -17"><span class='ocrx_word' id='word_1_422' title='bbox 2022 2828 2117 2899; x_wconf 89' lang='lat' dir='ltr'><strong>qui</strong></span> <span class='ocrx_word' id='word_1_423' title='bbox 2157 2843 2392 2899; x_wconf 87' lang='lat' dir='ltr'><strong>superna</strong></span> <span class='ocrx_word' id='word_1_424' title='bbox 2419 2827 2672 2884; x_wconf 85' lang='lat' dir='ltr'><strong>doctrina</strong></span> <span class='ocrx_word' id='word_1_425' title='bbox 2713 2834 2878 2897; x_wconf 88' lang='lat' dir='ltr'><strong>atque</strong></span> <span class='ocrx_word' id='word_1_426' title='bbox 2918 2838 3021 2896; x_wconf 84' lang='lat' dir='ltr'><strong>ope</strong></span> <span class='ocrx_word' id='word_1_427' title='bbox 3049 2824 3319 2895; x_wconf 77' lang='lat' dir='ltr'><strong>indigent.</strong></span> 
     </span>
    </p>
   </div>
   <div class='ocr_carea' id='block_1_58' title="bbox 2097 3002 3611 3074">
    <p class='ocr_par' dir='ltr' id='par_1_58' title="bbox 2097 3002 3611 3074">
     <span class='ocr_line' id='line_1_58' title="bbox 2097 3002 3611 3074; baseline -0.005 -10"><span class='ocrx_word' id='word_1_428' title='bbox 2097 3007 2265 3064; x_wconf 73' lang='lat' dir='ltr'><strong>Vens.</strong></span> <span class='ocrx_word' id='word_1_429' title='bbox 2298 3006 2386 3062; x_wconf 85' lang='lat' dir='ltr'><strong>I0.</strong></span> <span class='ocrx_word' id='word_1_430' title='bbox 2421 3004 2653 3074; x_wconf 79' lang='lat' dir='ltr'><strong>Spiritus</strong></span> <span class='ocrx_word' id='word_1_431' title='bbox 2692 3013 2815 3058; x_wconf 84' lang='lat' dir='ltr'><strong>tuus</strong></span> <span class='ocrx_word' id='word_1_432' title='bbox 2846 3003 3011 3058; x_wconf 70' lang='lat' dir='ltr'><strong>bonus</strong></span> <span class='ocrx_word' id='word_1_433' title='bbox 3039 3002 3260 3057; x_wconf 86' lang='lat' dir='ltr'><strong>deducet</strong></span> <span class='ocrx_word' id='word_1_434' title='bbox 3288 3018 3370 3062; x_wconf 80' lang='lat' dir='ltr'><strong>me</strong></span> <span class='ocrx_word' id='word_1_435' title='bbox 3406 3004 3464 3062; x_wconf 75' lang='lat' dir='ltr'><strong>in</strong></span> <span class='ocrx_word' id='word_1_436' title='bbox 3504 3011 3611 3058; x_wconf 78' lang='lat' dir='ltr'><strong>ter-</strong></span> 
     </span>
    </p>
   </div>
   <div class='ocr_carea' id='block_1_59' title="bbox 2026 3095 3610 3165">
    <p class='ocr_par' dir='ltr' id='par_1_59' title="bbox 2026 3095 3610 3165">
     <span class='ocr_line' id='line_1_59' title="bbox 2026 3095 3610 3165; baseline -0.002 -11"><span class='ocrx_word' id='word_1_437' title='bbox 2026 3117 2142 3155; x_wconf 88' lang='lat' dir='ltr'><strong>ram</strong></span> <span class='ocrx_word' id='word_1_438' title='bbox 2169 3109 2389 3154; x_wconf 89' lang='lat' dir='ltr'><strong>rectam.</strong></span> <span class='ocrx_word' id='word_1_439' title='bbox 2423 3100 2479 3151; x_wconf 87' lang='lat' dir='ltr'><strong>In</strong></span> <span class='ocrx_word' id='word_1_440' title='bbox 2506 3099 2648 3151; x_wconf 77' lang='lat' dir='ltr'><strong>viam</strong></span> <span class='ocrx_word' id='word_1_441' title='bbox 2680 3105 2881 3152; x_wconf 85' lang='lat' dir='ltr'><strong>rectam</strong></span> <span class='ocrx_word' id='word_1_442' title='bbox 2921 3105 2977 3151; x_wconf 92' lang='lat' dir='ltr'><strong>et</strong></span> <span class='ocrx_word' id='word_1_443' title='bbox 3030 3098 3271 3165; x_wconf 84' lang='lat' dir='ltr'><strong>planam,</strong></span> <span class='ocrx_word' id='word_1_444' title='bbox 3296 3095 3475 3165; x_wconf 85' lang='lat' dir='ltr'><strong>qualis</strong></span> <span class='ocrx_word' id='word_1_445' title='bbox 3522 3105 3610 3151; x_wconf 83' lang='lat' dir='ltr'><strong>est</strong></span> 
     </span>
    </p>
   </div>
   <div class='ocr_carea' id='block_1_60' title="bbox 333 3182 1920 3258">
    <p class='ocr_par' dir='ltr' id='par_1_60' title="bbox 333 3182 1914 3258">
     <span class='ocr_line' id='line_1_60' title="bbox 333 3182 1914 3258; baseline 0.003 -21"><span class='ocrx_word' id='word_1_446' title='bbox 333 3182 569 3255; x_wconf 80' lang='grc' dir='ltr'><strong>ἀρετῆς,</strong></span> <span class='ocrx_word' id='word_1_447' title='bbox 618 3182 753 3255; x_wconf 74' lang='grc' dir='ltr'><strong>ὀρθὴ</strong></span> <span class='ocrx_word' id='word_1_448' title='bbox 806 3185 927 3253; x_wconf 79' lang='grc' dir='ltr'><strong>μὲν,</strong></span> <span class='ocrx_word' id='word_1_449' title='bbox 965 3184 1043 3248; x_wconf 83' lang='grc' dir='ltr'><em>ὡς</em></span> <span class='ocrx_word' id='word_1_450' title='bbox 1071 3184 1345 3256; x_wconf 75' lang='grc' dir='ltr'><strong>ἀπλανὴς,</strong></span> <span class='ocrx_word' id='word_1_451' title='bbox 1371 3186 1551 3258; x_wconf 76' lang='grc' dir='ltr'><strong>ὁμαλὴ</strong></span> <span class='ocrx_word' id='word_1_452' title='bbox 1590 3188 1668 3255; x_wconf 85' lang='grc' dir='ltr'><strong>δὲ,</strong></span> <span class='ocrx_word' id='word_1_453' title='bbox 1708 3189 1785 3253; x_wconf 76' lang='grc' dir='ltr'><em>ὡς</em></span> <span class='ocrx_word' id='word_1_454' title='bbox 1808 3192 1914 3245; x_wconf 80' lang='grc' dir='ltr'><strong>ἀπ-</strong></span> 
     </span>
    </p>
   </div>
   <div class='ocr_carea' id='block_1_61' title="bbox 2025 3182 3606 3258">
    <p class='ocr_par' dir='ltr' id='par_1_61' title="bbox 2033 3188 3606 3258">
     <span class='ocr_line' id='line_1_61' title="bbox 2033 3188 3606 3258; baseline 0 -14"><span class='ocrx_word' id='word_1_455' title='bbox 2033 3194 2117 3247; x_wconf 83' lang='lat' dir='ltr'><strong>via</strong></span> <span class='ocrx_word' id='word_1_456' title='bbox 2148 3192 2391 3246; x_wconf 84' lang='lat' dir='ltr'><strong>virtutis.</strong></span> <span class='ocrx_word' id='word_1_457' title='bbox 2447 3188 2617 3245; x_wconf 81' lang='lat' dir='ltr'><strong>Recta</strong></span> <span class='ocrx_word' id='word_1_458' title='bbox 2660 3190 2878 3258; x_wconf 87' lang='lat' dir='ltr'><strong>quidem</strong></span> <span class='ocrx_word' id='word_1_459' title='bbox 2908 3230 2923 3253; x_wconf 88' lang='lat'><strong>,</strong></span> <span class='ocrx_word' id='word_1_460' title='bbox 2967 3188 3133 3243; x_wconf 79' lang='lat' dir='ltr'><strong>veluti</strong></span> <span class='ocrx_word' id='word_1_461' title='bbox 3191 3190 3311 3244; x_wconf 83' lang='lat' dir='ltr'><strong>sine</strong></span> <span class='ocrx_word' id='word_1_462' title='bbox 3368 3204 3606 3253; x_wconf 81' lang='lat' dir='ltr'><strong>errore:</strong></span> 
     </span>
    </p>
   </div>
   <div class='ocr_carea' id='block_1_62' title="bbox 334 3275 1923 3353">
    <p class='ocr_par' dir='ltr' id='par_1_62' title="bbox 334 3275 1923 3353">
     <span class='ocr_line' id='line_1_62' title="bbox 334 3275 1923 3353; baseline 0.007 -25"><span class='ocrx_word' id='word_1_463' title='bbox 334 3275 665 3346; x_wconf 79' lang='grc' dir='ltr'><strong>ηλλαγμένη</strong></span> <span class='ocrx_word' id='word_1_464' title='bbox 735 3275 988 3341; x_wconf 84' lang='grc' dir='ltr'><strong>σκώλων,</strong></span> <span class='ocrx_word' id='word_1_465' title='bbox 1054 3277 1153 3332; x_wconf 84' lang='grc' dir='ltr'><strong>καὶ</strong></span> <span class='ocrx_word' id='word_1_466' title='bbox 1218 3283 1707 3351; x_wconf 68' lang='grc' dir='ltr'><strong>’προσκομμιᾶιτων⁹</strong></span> <span class='ocrx_word' id='word_1_467' title='bbox 1776 3285 1923 3353; x_wconf 73' lang='grc' dir='ltr'><strong>ἅπερ</strong></span> 
     </span>
    </p>
   </div>
   <div class='ocr_carea' id='block_1_63' title="bbox 331 3366 1169 3439">
    <p class='ocr_par' dir='ltr' id='par_1_63' title="bbox 331 3366 1169 3439">
     <span class='ocr_line' id='line_1_63' title="bbox 331 3366 1169 3439; baseline 0 -18"><span class='ocrx_word' id='word_1_468' title='bbox 331 3369 444 3422; x_wconf 75' lang='grc' dir='ltr'><strong>εἰσὶ</strong></span> <span class='ocrx_word' id='word_1_469' title='bbox 463 3367 538 3422; x_wconf 80' lang='grc' dir='ltr'><strong>τὰ</strong></span> <span class='ocrx_word' id='word_1_470' title='bbox 571 3366 718 3438; x_wconf 72' lang='grc' dir='ltr'><strong>πάθη</strong></span> <span class='ocrx_word' id='word_1_471' title='bbox 744 3366 841 3436; x_wconf 82' lang='grc' dir='ltr'><strong>τῆς</strong></span> <span class='ocrx_word' id='word_1_472' title='bbox 872 3368 1169 3439; x_wconf 77' lang='grc' dir='ltr'><strong>ἁμαρτίας.</strong></span> 
     </span>
    </p>
   </div>
   <div class='ocr_carea' id='block_1_64' title="bbox 410 3459 1920 3535">
    <p class='ocr_par' dir='ltr' id='par_1_64' title="bbox 410 3459 1920 3535">
     <span class='ocr_line' id='line_1_64' title="bbox 410 3459 1920 3535; baseline 0.006 -23"><span class='ocrx_word' id='word_1_473' title='bbox 410 3460 673 3516; x_wconf 76' lang='grc' dir='ltr'><em>Ἕνεκεν</em></span> <span class='ocrx_word' id='word_1_474' title='bbox 702 3459 811 3513; x_wconf 86' lang='grc' dir='ltr'><strong>τοῦ</strong></span> <span class='ocrx_word' id='word_1_475' title='bbox 848 3460 1144 3529; x_wconf 80' lang='grc' dir='ltr'><strong>ὀνόματός</strong></span> <span class='ocrx_word' id='word_1_476' title='bbox 1193 3474 1335 3527; x_wconf 86' lang='grc' dir='ltr'><strong>σου,</strong></span> <span class='ocrx_word' id='word_1_477' title='bbox 1368 3462 1566 3531; x_wconf 80' lang='grc' dir='ltr'><strong>Κύριε,</strong></span> <span class='ocrx_word' id='word_1_478' title='bbox 1596 3463 1797 3533; x_wconf 75' lang='grc' dir='ltr'><strong>ζήσεις</strong></span> <span class='ocrx_word' id='word_1_479' title='bbox 1823 3483 1920 3535; x_wconf 80' lang='grc' dir='ltr'><strong>με.</strong></span> 
     </span>
    </p>
   </div>
   <div class='ocr_carea' id='block_1_65' title="bbox 332 3550 1920 3629">
    <p class='ocr_par' dir='ltr' id='par_1_65' title="bbox 332 3550 1920 3629">
     <span class='ocr_line' id='line_1_65' title="bbox 332 3550 1920 3629; baseline 0.003 -21"><span class='ocrx_word' id='word_1_480' title='bbox 332 3555 412 3608; x_wconf 85' lang='grc' dir='ltr'><strong>Οὐ</strong></span> <span class='ocrx_word' id='word_1_481' title='bbox 446 3552 542 3608; x_wconf 83' lang='grc' dir='ltr'>διὰ</span> <span class='ocrx_word' id='word_1_482' title='bbox 575 3550 674 3622; x_wconf 80' lang='grc' dir='ltr'><strong>τὴν</strong></span> <span class='ocrx_word' id='word_1_483' title='bbox 709 3552 849 3624; x_wconf 74' lang='grc' dir='ltr'><strong>ἐμὴν</strong></span> <span class='ocrx_word' id='word_1_484' title='bbox 910 3551 1139 3625; x_wconf 81' lang='grc' dir='ltr'><strong>ἀρετὴν,</strong></span> <span class='ocrx_word' id='word_1_485' title='bbox 1169 3553 1307 3608; x_wconf 83' lang='grc' dir='ltr'><strong>ἀλλὰ</strong></span> <span class='ocrx_word' id='word_1_486' title='bbox 1338 3556 1427 3611; x_wconf 77' lang='grc' dir='ltr'><strong>διὰ</strong></span> <span class='ocrx_word' id='word_1_487' title='bbox 1458 3556 1522 3609; x_wconf 78' lang='grc' dir='ltr'><strong>τὸ</strong></span> <span class='ocrx_word' id='word_1_488' title='bbox 1562 3557 1735 3629; x_wconf 75' lang='grc' dir='ltr'><strong>ὄνομά</strong></span> <span class='ocrx_word' id='word_1_489' title='bbox 1787 3577 1880 3613; x_wconf 84' lang='grc' dir='ltr'><strong>σου</strong></span> <span class='ocrx_word' id='word_1_490' title='bbox 1906 3577 1920 3591; x_wconf 76' lang='grc' dir='ltr'><strong><em>ο</em></strong></span> 
     </span>
    </p>
   </div>
   <div class='ocr_carea' id='block_1_66' title="bbox 333 3645 1924 3725">
    <p class='ocr_par' dir='ltr' id='par_1_66' title="bbox 333 3645 1924 3725">
     <span class='ocr_line' id='line_1_66' title="bbox 333 3645 1924 3725; baseline 0.003 -24"><span class='ocrx_word' id='word_1_491' title='bbox 333 3646 742 3716; x_wconf 78' lang='grc' dir='ltr'><strong>φιλάνθρωπος</strong></span> <span class='ocrx_word' id='word_1_492' title='bbox 788 3645 901 3717; x_wconf 82' lang='grc' dir='ltr'><strong>γὰρ</strong></span> <span class='ocrx_word' id='word_1_493' title='bbox 946 3646 1215 3717; x_wconf 70' lang='grc' dir='ltr'><strong>ὀνομάζῃ,</strong></span> <span class='ocrx_word' id='word_1_494' title='bbox 1244 3648 1342 3704; x_wconf 80' lang='grc' dir='ltr'><strong>καὶ</strong></span> <span class='ocrx_word' id='word_1_495' title='bbox 1366 3650 1637 3719; x_wconf 76' lang='grc' dir='ltr'><strong>ἐλεήμων.</strong></span> <span class='ocrx_word' id='word_1_496' title='bbox 1692 3653 1924 3725; x_wconf 80' lang='grc' dir='ltr'><strong>Εἴρηται</strong></span> 
     </span>
    </p>
   </div>
   <div class='ocr_carea' id='block_1_67' title="bbox 329 3736 1922 3816">
    <p class='ocr_par' dir='ltr' id='par_1_67' title="bbox 329 3736 1922 3816">
     <span class='ocr_line' id='line_1_67' title="bbox 329 3736 1922 3816; baseline 0.009 -14"><span class='ocrx_word' id='word_1_497' title='bbox 329 3742 390 3795; x_wconf 78' lang='grc' dir='ltr'>δὲ</span> <span class='ocrx_word' id='word_1_498' title='bbox 426 3740 531 3795; x_wconf 67' lang='grc' dir='ltr'><strong>καὶ</strong></span> <span class='ocrx_word' id='word_1_499' title='bbox 576 3740 634 3791; x_wconf 73' lang='grc' dir='ltr'><strong>ἐν</strong></span> <span class='ocrx_word' id='word_1_500' title='bbox 663 3738 740 3807; x_wconf 73' lang='grc' dir='ltr'><strong>τῷ</strong></span> <span class='ocrx_word' id='word_1_501' title='bbox 772 3736 878 3808; x_wconf 86' lang='grc' dir='ltr'><strong>ριγ’</strong></span> <span class='ocrx_word' id='word_1_502' title='bbox 905 3739 1109 3809; x_wconf 71' lang='grc' dir='ltr'><strong>ψαλμῷ</strong></span> <span class='ocrx_word' id='word_1_503' title='bbox 1137 3781 1153 3806; x_wconf 78' lang='lat'><strong>.</strong></span> <span class='ocrx_word' id='word_1_504' title='bbox 1211 3740 1306 3809; x_wconf 80' lang='grc' dir='ltr'><strong>Μὴ</strong></span> <span class='ocrx_word' id='word_1_505' title='bbox 1359 3741 1525 3811; x_wconf 70' lang='grc' dir='ltr'><strong>ἡμῖν»</strong></span> <span class='ocrx_word' id='word_1_506' title='bbox 1582 3745 1783 3814; x_wconf 72' lang='grc' dir='ltr'><strong>Κύριε.</strong></span> <span class='ocrx_word' id='word_1_507' title='bbox 1834 3746 1922 3816; x_wconf 79' lang='grc' dir='ltr'><strong>μὴ</strong></span> 
     </span>
    </p>
   </div>
   <div class='ocr_carea' id='block_1_68' title="bbox 327 3828 1652 3901">
    <p class='ocr_par' dir='ltr' id='par_1_68' title="bbox 327 3828 1652 3901">
     <span class='ocr_line' id='line_1_68' title="bbox 327 3828 1652 3901; baseline 0.002 -14"><span class='ocrx_word' id='word_1_508' title='bbox 327 3832 510 3901; x_wconf 70' lang='grc' dir='ltr'><strong>ἡμῖν,</strong></span> <span class='ocrx_word' id='word_1_509' title='bbox 532 3830 672 3885; x_wconf 72' lang='grc' dir='ltr'><strong>ἀλλ’</strong></span> <span class='ocrx_word' id='word_1_510' title='bbox 700 3828 739 3897; x_wconf 78' lang='grc' dir='ltr'><em>ἢ</em></span> <span class='ocrx_word' id='word_1_511' title='bbox 774 3828 854 3895; x_wconf 82' lang='grc' dir='ltr'><strong>τῷ</strong></span> <span class='ocrx_word' id='word_1_512' title='bbox 896 3831 1147 3900; x_wconf 82' lang='grc' dir='ltr'><strong>ὀνόματι</strong></span> <span class='ocrx_word' id='word_1_513' title='bbox 1171 3845 1290 3887; x_wconf 87' lang='grc' dir='ltr'><strong>σου</strong></span> <span class='ocrx_word' id='word_1_514' title='bbox 1310 3834 1417 3899; x_wconf 83' lang='grc' dir='ltr'><strong>δὸς</strong></span> <span class='ocrx_word' id='word_1_515' title='bbox 1442 3834 1652 3899; x_wconf 80' lang='grc' dir='ltr'><strong>δόξαν.</strong></span> 
     </span>
    </p>
   </div>
   <div class='ocr_carea' id='block_1_69' title="bbox 418 3920 1925 3999">
    <p class='ocr_par' dir='ltr' id='par_1_69' title="bbox 418 3920 1925 3999">
     <span class='ocr_line' id='line_1_69' title="bbox 418 3920 1925 3999; baseline 0.005 -22"><span class='ocrx_word' id='word_1_516' title='bbox 418 3924 527 3977; x_wconf 85' lang='grc' dir='ltr'><strong>Ἐν</strong></span> <span class='ocrx_word' id='word_1_517' title='bbox 567 3920 641 3988; x_wconf 77' lang='grc' dir='ltr'><strong>τῇ</strong></span> <span class='ocrx_word' id='word_1_518' title='bbox 692 3921 1052 3991; x_wconf 80' lang='grc' dir='ltr'><strong>δικαιοσύνῃ</strong></span> <span class='ocrx_word' id='word_1_519' title='bbox 1098 3940 1217 3978; x_wconf 86' lang='grc' dir='ltr'><strong>σου</strong></span> <span class='ocrx_word' id='word_1_520' title='bbox 1264 3924 1507 3994; x_wconf 79' lang='grc' dir='ltr'><strong>ἐξάξεις</strong></span> <span class='ocrx_word' id='word_1_521' title='bbox 1545 3927 1615 3982; x_wconf 78' lang='grc' dir='ltr'><strong>ἐκ</strong></span> <span class='ocrx_word' id='word_1_522' title='bbox 1661 3931 1925 3999; x_wconf 70' lang='grc' dir='ltr'><strong>θλίψεως</strong></span> 
     </span>
    </p>
   </div>
   <div class='ocr_carea' id='block_1_70' title="bbox 327 4014 1924 4087">
    <p class='ocr_par' dir='ltr' id='par_1_70' title="bbox 327 4014 1924 4087">
     <span class='ocr_line' id='line_1_70' title="bbox 327 4014 1924 4087; baseline 0.004 -16"><span class='ocrx_word' id='word_1_523' title='bbox 327 4015 453 4082; x_wconf 70' lang='grc' dir='ltr'><strong>τὴν</strong></span> <span class='ocrx_word' id='word_1_524' title='bbox 505 4014 721 4082; x_wconf 71' lang='grc' dir='ltr'><strong>ψυχήν</strong></span> <span class='ocrx_word' id='word_1_525' title='bbox 766 4030 911 4081; x_wconf 82' lang='grc' dir='ltr'><strong>μου,</strong></span> <span class='ocrx_word' id='word_1_526' title='bbox 951 4014 1050 4067; x_wconf 77' lang='grc' dir='ltr'><strong>καὶ</strong></span> <span class='ocrx_word' id='word_1_527' title='bbox 1109 4016 1181 4072; x_wconf 74' lang='grc' dir='ltr'><strong>ἐν</strong></span> <span class='ocrx_word' id='word_1_528' title='bbox 1212 4015 1293 4085; x_wconf 85' lang='grc' dir='ltr'><strong>τῷ</strong></span> <span class='ocrx_word' id='word_1_529' title='bbox 1342 4018 1499 4073; x_wconf 73' lang='grc' dir='ltr'><strong>ἐλέει</strong></span> <span class='ocrx_word' id='word_1_530' title='bbox 1547 4036 1664 4075; x_wconf 81' lang='grc' dir='ltr'><strong>σου</strong></span> <span class='ocrx_word' id='word_1_531' title='bbox 1713 4022 1924 4087; x_wconf 72' lang='grc' dir='ltr'><strong>ἐξολο-</strong></span> 
     </span>
    </p>
   </div>
   <div class='ocr_carea' id='block_1_71' title="bbox 328 4105 1925 4182">
    <p class='ocr_par' dir='ltr' id='par_1_71' title="bbox 328 4105 1925 4182">
     <span class='ocr_line' id='line_1_71' title="bbox 328 4105 1925 4182; baseline 0.005 -20"><span class='ocrx_word' id='word_1_532' title='bbox 328 4108 625 4175; x_wconf 76' lang='grc' dir='ltr'><strong>(θρεύσεις</strong></span> <span class='ocrx_word' id='word_1_533' title='bbox 663 4107 806 4170; x_wconf 84' lang='grc' dir='ltr'><em>τοὺς</em></span> <span class='ocrx_word' id='word_1_534' title='bbox 833 4105 1093 4176; x_wconf 81' lang='grc' dir='ltr'><strong>ἐχθρούς</strong></span> <span class='ocrx_word' id='word_1_535' title='bbox 1110 4125 1254 4177; x_wconf 81' lang='grc' dir='ltr'><strong>μου,</strong></span> <span class='ocrx_word' id='word_1_536' title='bbox 1296 4110 1393 4164; x_wconf 74' lang='grc' dir='ltr'><strong>καὶ</strong></span> <span class='ocrx_word' id='word_1_537' title='bbox 1420 4110 1671 4177; x_wconf 72' lang='grc' dir='ltr'><strong>ἀπολεῖς</strong></span> <span class='ocrx_word' id='word_1_538' title='bbox 1691 4112 1925 4182; x_wconf 80' lang='grc' dir='ltr'><em>πάντας</em></span> 
     </span>
    </p>
   </div>
   <div class='ocr_carea' id='block_1_72' title="bbox 329 4196 1925 4275">
    <p class='ocr_par' dir='ltr' id='par_1_72' title="bbox 329 4196 1925 4275">
     <span class='ocr_line' id='line_1_72' title="bbox 329 4196 1925 4275; baseline 0.005 -22"><span class='ocrx_word' id='word_1_539' title='bbox 329 4197 484 4265; x_wconf 79' lang='grc' dir='ltr'><em>τοὺς</em></span> <span class='ocrx_word' id='word_1_540' title='bbox 518 4196 840 4262; x_wconf 74' lang='grc' dir='ltr'><strong>θλίϐοντας</strong></span> <span class='ocrx_word' id='word_1_541' title='bbox 869 4197 988 4265; x_wconf 78' lang='grc' dir='ltr'><strong>τὴν</strong></span> <span class='ocrx_word' id='word_1_542' title='bbox 1016 4200 1235 4268; x_wconf 77' lang='grc' dir='ltr'><strong>ψυχήν</strong></span> <span class='ocrx_word' id='word_1_543' title='bbox 1266 4218 1411 4270; x_wconf 81' lang='grc' dir='ltr'><strong>μου.</strong></span> <span class='ocrx_word' id='word_1_544' title='bbox 1440 4200 1659 4275; x_wconf 84' lang='grc' dir='ltr'><strong>’Ἦνπερ</strong></span> <span class='ocrx_word' id='word_1_545' title='bbox 1683 4202 1839 4259; x_wconf 75' lang='grc' dir='ltr'><strong>εἶπεν</strong></span> <span class='ocrx_word' id='word_1_546' title='bbox 1866 4210 1925 4261; x_wconf 78' lang='grc' dir='ltr'><strong>ὲν</strong></span> 
     </span>
    </p>
   </div>
   <div class='ocr_carea' id='block_1_73' title="bbox 329 4285 1925 4363">
    <p class='ocr_par' dir='ltr' id='par_1_73' title="bbox 329 4285 1925 4363">
     <span class='ocr_line' id='line_1_73' title="bbox 329 4285 1925 4363; baseline 0.003 -18"><span class='ocrx_word' id='word_1_547' title='bbox 329 4291 488 4359; x_wconf 79' lang='grc' dir='ltr'><strong>ἀρχῇ</strong></span> <span class='ocrx_word' id='word_1_548' title='bbox 550 4285 647 4341; x_wconf 80' lang='grc' dir='ltr'><strong>τοῦ</strong></span> <span class='ocrx_word' id='word_1_549' title='bbox 706 4286 926 4358; x_wconf 76' lang='grc' dir='ltr'><strong>ψαλμοῦ</strong></span> <span class='ocrx_word' id='word_1_550' title='bbox 962 4287 1341 4362; x_wconf 85' lang='grc' dir='ltr'><strong>δικαιοσύνην,</strong></span> <span class='ocrx_word' id='word_1_551' title='bbox 1382 4290 1589 4363; x_wconf 80' lang='grc' dir='ltr'><strong>ταύτην</strong></span> <span class='ocrx_word' id='word_1_552' title='bbox 1624 4294 1774 4363; x_wconf 81' lang='grc' dir='ltr'><strong>λέγει</strong></span> <span class='ocrx_word' id='word_1_553' title='bbox 1830 4297 1925 4349; x_wconf 77' lang='grc' dir='ltr'><strong>καὶ</strong></span> 
     </span>
    </p>
   </div>
   <div class='ocr_carea' id='block_1_74' title="bbox 330 4377 1925 4455">
    <p class='ocr_par' dir='ltr' id='par_1_74' title="bbox 330 4377 1925 4455">
     <span class='ocr_line' id='line_1_74' title="bbox 330 4377 1925 4455; baseline 0.004 -22"><span class='ocrx_word' id='word_1_554' title='bbox 330 4380 459 4445; x_wconf 81' lang='grc' dir='ltr'><strong>νῦν,</strong></span> <span class='ocrx_word' id='word_1_555' title='bbox 522 4377 617 4431; x_wconf 75' lang='grc' dir='ltr'><strong>καὶ</strong></span> <span class='ocrx_word' id='word_1_556' title='bbox 670 4377 738 4447; x_wconf 71' lang='grc' dir='ltr'><strong>ἦν</strong></span> <span class='ocrx_word' id='word_1_557' title='bbox 791 4378 1051 4431; x_wconf 76' lang='grc' dir='ltr'><strong>ἐκάλεσεν</strong></span> <span class='ocrx_word' id='word_1_558' title='bbox 1111 4379 1378 4450; x_wconf 79' lang='grc' dir='ltr'><strong>ἀλήθειαν</strong></span> <span class='ocrx_word' id='word_1_559' title='bbox 1436 4382 1574 4450; x_wconf 68' lang='grc' dir='ltr'><strong>ἐκεῖ,</strong></span> <span class='ocrx_word' id='word_1_560' title='bbox 1638 4384 1925 4455; x_wconf 81' lang='grc' dir='ltr'><strong>ὠνόμασεν</strong></span> 
     </span>
    </p>
   </div>
   <div class='ocr_carea' id='block_1_75' title="bbox 332 4469 1921 4542">
    <p class='ocr_par' dir='ltr' id='par_1_75' title="bbox 332 4469 1921 4542">
     <span class='ocr_line' id='line_1_75' title="bbox 332 4469 1921 4542; baseline 0.003 -15"><span class='ocrx_word' id='word_1_561' title='bbox 332 4469 582 4528; x_wconf 74' lang='grc' dir='ltr'><strong>ἐνταῦοα</strong></span> <span class='ocrx_word' id='word_1_562' title='bbox 614 4470 801 4533; x_wconf 75' lang='grc' dir='ltr'><strong>ἕλεοςο</strong></span> <span class='ocrx_word' id='word_1_563' title='bbox 853 4469 1229 4542; x_wconf 73' lang='grc' dir='ltr'><strong>ἔξολόθρευσις</strong></span> <span class='ocrx_word' id='word_1_564' title='bbox 1275 4473 1339 4527; x_wconf 76' lang='grc' dir='ltr'>δὶ</span> <span class='ocrx_word' id='word_1_565' title='bbox 1388 4474 1484 4527; x_wconf 82' lang='grc' dir='ltr'><strong>καὶ</strong></span> <span class='ocrx_word' id='word_1_566' title='bbox 1532 4475 1779 4530; x_wconf 80' lang='grc' dir='ltr'><strong>ἀπώλεια</strong></span> <span class='ocrx_word' id='word_1_567' title='bbox 1813 4479 1921 4531; x_wconf 82' lang='grc' dir='ltr'><strong>τῶν</strong></span> 
     </span>
    </p>
   </div>
   <div class='ocr_carea' id='block_1_76' title="bbox 328 4562 1919 4637">
    <p class='ocr_par' dir='ltr' id='par_1_76' title="bbox 328 4562 1919 4637">
     <span class='ocr_line' id='line_1_76' title="bbox 328 4562 1919 4637; baseline 0.003 -19"><span class='ocrx_word' id='word_1_568' title='bbox 328 4564 553 4634; x_wconf 82' lang='grc' dir='ltr'><strong>νοητῶν</strong></span> <span class='ocrx_word' id='word_1_569' title='bbox 607 4562 848 4636; x_wconf 75' lang='grc' dir='ltr'><strong>ἐχθρῶν,</strong></span> <span class='ocrx_word' id='word_1_570' title='bbox 898 4565 933 4633; x_wconf 77' lang='grc' dir='ltr'>ἠ</span> <span class='ocrx_word' id='word_1_571' title='bbox 978 4564 1246 4626; x_wconf 83' lang='grc' dir='ltr'><strong>ἀπέλασις</strong></span> <span class='ocrx_word' id='word_1_572' title='bbox 1280 4566 1463 4620; x_wconf 81' lang='grc' dir='ltr'><strong>αὐτῶν</strong></span> <span class='ocrx_word' id='word_1_573' title='bbox 1487 4604 1503 4630; x_wconf 83' lang='grc'><em>,</em></span> <span class='ocrx_word' id='word_1_574' title='bbox 1538 4569 1633 4620; x_wconf 77' lang='grc' dir='ltr'><strong>καὶ</strong></span> <span class='ocrx_word' id='word_1_575' title='bbox 1661 4571 1690 4622; x_wconf 82' lang='grc' dir='ltr'>ὁ</span> <span class='ocrx_word' id='word_1_576' title='bbox 1722 4570 1919 4637; x_wconf 80' lang='grc' dir='ltr'><strong>ἀφανι-</strong></span> 
     </span>
    </p>
   </div>
   <div class='ocr_carea' id='block_1_77' title="bbox 331 4654 1923 4728">
    <p class='ocr_par' dir='ltr' id='par_1_77' title="bbox 331 4654 1923 4728">
     <span class='ocr_line' id='line_1_77' title="bbox 331 4654 1923 4728; baseline 0.004 -19"><span class='ocrx_word' id='word_1_577' title='bbox 331 4662 505 4728; x_wconf 82' lang='grc' dir='ltr'><strong>σμὸς,</strong></span> <span class='ocrx_word' id='word_1_578' title='bbox 537 4656 662 4709; x_wconf 85' lang='grc' dir='ltr'><strong>ὅσον</strong></span> <span class='ocrx_word' id='word_1_579' title='bbox 687 4657 823 4726; x_wconf 80' lang='grc' dir='ltr'><strong>πρὸς</strong></span> <span class='ocrx_word' id='word_1_580' title='bbox 849 4655 942 4709; x_wconf 71' lang='grc' dir='ltr'><strong>τὸν</strong></span> <span class='ocrx_word' id='word_1_581' title='bbox 971 4654 1150 4709; x_wconf 79' lang='grc' dir='ltr'><strong>ταῦτα</strong></span> <span class='ocrx_word' id='word_1_582' title='bbox 1194 4656 1457 4725; x_wconf 68' lang='grc' dir='ltr'><strong>λέγοντα⁹</strong></span> <span class='ocrx_word' id='word_1_583' title='bbox 1496 4658 1557 4711; x_wconf 84' lang='grc' dir='ltr'><strong>τὸ</strong></span> <span class='ocrx_word' id='word_1_584' title='bbox 1608 4658 1665 4713; x_wconf 84' lang='grc' dir='ltr'>δὲ</span> <span class='ocrx_word' id='word_1_585' title='bbox 1698 4660 1923 4728; x_wconf 78' lang='grc' dir='ltr'><strong>Ζήσεις</strong></span> 
     </span>
    </p>
   </div>
   <div class='ocr_carea' id='block_1_78' title="bbox 329 4742 1922 4817">
    <p class='ocr_par' dir='ltr' id='par_1_78' title="bbox 329 4742 1922 4817">
     <span class='ocr_line' id='line_1_78' title="bbox 329 4742 1922 4817; baseline 0.003 -17"><span class='ocrx_word' id='word_1_586' title='bbox 329 4748 434 4802; x_wconf 75' lang='grc' dir='ltr'><strong>καὶ</strong></span> <span class='ocrx_word' id='word_1_587' title='bbox 492 4742 756 4811; x_wconf 75' lang='grc' dir='ltr'><strong>ἐξάξεις,</strong></span> <span class='ocrx_word' id='word_1_588' title='bbox 820 4743 1300 4812; x_wconf 74' lang='grc' dir='ltr'><strong>ἐξολοθρεύσεις,</strong></span> <span class='ocrx_word' id='word_1_589' title='bbox 1348 4748 1443 4800; x_wconf 78' lang='grc' dir='ltr'><strong>καὶ</strong></span> <span class='ocrx_word' id='word_1_590' title='bbox 1491 4747 1763 4817; x_wconf 76' lang='grc' dir='ltr'><strong>ἀπολεῖς,</strong></span> <span class='ocrx_word' id='word_1_591' title='bbox 1815 4753 1922 4804; x_wconf 79' lang='grc' dir='ltr'><strong>εἰσὶ</strong></span> 
     </span>
    </p>
   </div>
   <div class='ocr_carea' id='block_1_79' title="bbox 332 4834 1663 4908">
    <p class='ocr_par' dir='ltr' id='par_1_79' title="bbox 332 4834 1663 4908">
     <span class='ocr_line' id='line_1_79' title="bbox 332 4834 1663 4908; baseline 0.002 -16"><span class='ocrx_word' id='word_1_592' title='bbox 332 4838 468 4908; x_wconf 70' lang='grc' dir='ltr'><strong>μὶν,</strong></span> <span class='ocrx_word' id='word_1_593' title='bbox 507 4837 605 4890; x_wconf 75' lang='grc' dir='ltr'><strong>καὶ</strong></span> <span class='ocrx_word' id='word_1_594' title='bbox 632 4834 987 4906; x_wconf 81' lang='grc' dir='ltr'><strong>προφητικοῦ</strong></span> <span class='ocrx_word' id='word_1_595' title='bbox 1027 4835 1227 4903; x_wconf 78' lang='grc' dir='ltr'><strong>τύπου,</strong></span> <span class='ocrx_word' id='word_1_596' title='bbox 1259 4837 1355 4894; x_wconf 74' lang='grc' dir='ltr'><strong>καὶ</strong></span> <span class='ocrx_word' id='word_1_597' title='bbox 1383 4837 1663 4894; x_wconf 73' lang='grc' dir='ltr'><strong>εὐκτικοῦ.</strong></span> 
     </span>
    </p>
   </div>
   <div class='ocr_carea' id='block_1_80' title="bbox 406 5012 1922 5092">
    <p class='ocr_par' dir='ltr' id='par_1_80' title="bbox 406 5012 1922 5092">
     <span class='ocr_line' id='line_1_80' title="bbox 406 5012 1922 5092; baseline 0.006 -24"><span class='ocrx_word' id='word_1_598' title='bbox 406 5014 548 5069; x_wconf 83' lang='grc' dir='ltr'><strong>Ὀτι</strong></span> <span class='ocrx_word' id='word_1_599' title='bbox 567 5013 684 5083; x_wconf 76' lang='grc' dir='ltr'><strong>ἐγὼ</strong></span> <span class='ocrx_word' id='word_1_600' title='bbox 712 5012 935 5081; x_wconf 69' lang='grc' dir='ltr'><em>δοῦλός</em></span> <span class='ocrx_word' id='word_1_601' title='bbox 950 5029 1068 5070; x_wconf 84' lang='grc' dir='ltr'><strong>σου</strong></span> <span class='ocrx_word' id='word_1_602' title='bbox 1092 5016 1237 5085; x_wconf 74' lang='grc' dir='ltr'><strong>ειμι.</strong></span> <span class='ocrx_word' id='word_1_603' title='bbox 1260 5018 1483 5082; x_wconf 80' lang='grc' dir='ltr'><strong>Δοῦλος,</strong></span> <span class='ocrx_word' id='word_1_604' title='bbox 1500 5018 1575 5083; x_wconf 80' lang='grc' dir='ltr'><em>ὡς</em></span> <span class='ocrx_word' id='word_1_605' title='bbox 1592 5020 1922 5092; x_wconf 80' lang='grc' dir='ltr'><strong>Θεραπεύειν</strong></span> 
     </span>
    </p>
   </div>
   <div class='ocr_carea' id='block_1_81' title="bbox 336 5103 1924 5184">
    <p class='ocr_par' dir='ltr' id='par_1_81' title="bbox 336 5103 1924 5184">
     <span class='ocr_line' id='line_1_81' title="bbox 336 5103 1924 5184; baseline 0.004 -22"><span class='ocrx_word' id='word_1_606' title='bbox 336 5103 735 5173; x_wconf 72' lang='grc' dir='ltr'><strong>ἐπειγόμενος,</strong></span> <span class='ocrx_word' id='word_1_607' title='bbox 785 5105 879 5159; x_wconf 72' lang='grc' dir='ltr'><strong>καὶ</strong></span> <span class='ocrx_word' id='word_1_608' title='bbox 927 5105 1227 5173; x_wconf 71' lang='grc' dir='ltr'><strong>φυλάττειν</strong></span> <span class='ocrx_word' id='word_1_609' title='bbox 1270 5110 1340 5163; x_wconf 85' lang='grc' dir='ltr'><strong>τὰ</strong></span> <span class='ocrx_word' id='word_1_610' title='bbox 1398 5110 1699 5167; x_wconf 83' lang='grc' dir='ltr'><strong>δεσποτικὰ</strong></span> <span class='ocrx_word' id='word_1_611' title='bbox 1754 5130 1924 5184; x_wconf 83' lang='grc' dir='ltr'><strong>προσ-</strong></span> 
     </span>
    </p>
   </div>
   <div class='ocr_carea' id='block_1_82' title="bbox 333 5198 1151 5271">
    <p class='ocr_par' dir='ltr' id='par_1_82' title="bbox 333 5198 1151 5271">
     <span class='ocr_line' id='line_1_82' title="bbox 333 5198 1151 5271; baseline -0.004 -15"><span class='ocrx_word' id='word_1_612' title='bbox 333 5203 628 5271; x_wconf 84' lang='grc' dir='ltr'><strong>τάγματα.</strong></span> <span class='ocrx_word' id='word_1_613' title='bbox 1148 5198 1151 5202; x_wconf 65' lang='grc'><em>’</em></span> 
     </span>
    </p>
   </div>
   <div class='ocr_carea' id='block_1_83' title="bbox 599 5290 1620 5361">
    <p class='ocr_par' dir='ltr' id='par_1_83' title="bbox 599 5290 1620 5361">
     <span class='ocr_line' id='line_1_83' title="bbox 599 5290 1620 5361; baseline 0.005 -16"><span class='ocrx_word' id='word_1_614' title='bbox 599 5290 846 5360; x_wconf 59' lang='grc' dir='ltr'><strong>Ψωιμὸς</strong></span> <span class='ocrx_word' id='word_1_615' title='bbox 876 5290 956 5356; x_wconf 81' lang='grc' dir='ltr'><strong>τῷ</strong></span> <span class='ocrx_word' id='word_1_616' title='bbox 982 5291 1161 5347; x_wconf 74' lang='grc' dir='ltr'><strong>Δαὸὶδ</strong></span> <span class='ocrx_word' id='word_1_617' title='bbox 1197 5293 1349 5361; x_wconf 75' lang='grc' dir='ltr'><em>πρὸς</em></span> <span class='ocrx_word' id='word_1_618' title='bbox 1375 5294 1620 5350; x_wconf 79' lang='grc' dir='ltr'><strong>Γολιάθ.</strong></span> 
     </span>
    </p>
   </div>
   <div class='ocr_carea' id='block_1_84' title="bbox 880 5382 1391 5440">
    <p class='ocr_par' dir='ltr' id='par_1_84' title="bbox 880 5382 1391 5440">
     <span class='ocr_line' id='line_1_84' title="bbox 880 5382 1391 5440; baseline 0.01 -5"><span class='ocrx_word' id='word_1_619' title='bbox 880 5382 1174 5437; x_wconf 71' lang='grc' dir='ltr'><strong>ΨᾹΔΜΟΣ</strong></span> <span class='ocrx_word' id='word_1_620' title='bbox 1215 5384 1391 5440; x_wconf 82' lang='lat' dir='ltr'><strong>PMI&quot;.</strong></span> 
     </span>
    </p>
   </div>
   <div class='ocr_carea' id='block_1_85' title="bbox 419 5470 1925 5551">
    <p class='ocr_par' dir='ltr' id='par_1_85' title="bbox 419 5470 1925 5551">
     <span class='ocr_line' id='line_1_85' title="bbox 419 5470 1925 5551; baseline 0.009 -24"><span class='ocrx_word' id='word_1_621' title='bbox 419 5470 563 5527; x_wconf 80' lang='grc' dir='ltr'><strong>Τινᾶ</strong></span> <span class='ocrx_word' id='word_1_622' title='bbox 587 5474 697 5526; x_wconf 84' lang='grc' dir='ltr'><strong>τῶν</strong></span> <span class='ocrx_word' id='word_1_623' title='bbox 724 5474 1103 5544; x_wconf 74' lang='grc' dir='ltr'><strong>ἀντιγράφων,</strong></span> <span class='ocrx_word' id='word_1_624' title='bbox 1155 5478 1258 5530; x_wconf 78' lang='grc' dir='ltr'><strong>οὐκ</strong></span> <span class='ocrx_word' id='word_1_625' title='bbox 1291 5477 1473 5548; x_wconf 76' lang='grc' dir='ltr'><strong>ἔχουσι</strong></span> <span class='ocrx_word' id='word_1_626' title='bbox 1527 5480 1591 5535; x_wconf 78' lang='grc' dir='ltr'><strong>τὸ</strong></span> <span class='ocrx_word' id='word_1_627' title='bbox 1636 5484 1789 5551; x_wconf 77' lang='grc' dir='ltr'><strong>Πρὸς</strong></span> <span class='ocrx_word' id='word_1_628' title='bbox 1817 5487 1925 5540; x_wconf 81' lang='grc' dir='ltr'><strong>τὸν</strong></span> 
     </span>
    </p>
   </div>
   <div class='ocr_carea' id='block_1_86' title="bbox 336 5563 1919 5640">
    <p class='ocr_par' dir='ltr' id='par_1_86' title="bbox 336 5563 1919 5640">
     <span class='ocr_line' id='line_1_86' title="bbox 336 5563 1919 5640; baseline 0.006 -19"><span class='ocrx_word' id='word_1_629' title='bbox 336 5564 598 5621; x_wconf 73' lang='grc' dir='ltr'><strong>Γολιάθ.</strong></span> <span class='ocrx_word' id='word_1_630' title='bbox 638 5563 804 5618; x_wconf 79' lang='grc' dir='ltr'><strong>Οὐδὲν</strong></span> <span class='ocrx_word' id='word_1_631' title='bbox 829 5565 886 5617; x_wconf 83' lang='grc' dir='ltr'>δὲ</span> <span class='ocrx_word' id='word_1_632' title='bbox 916 5565 1117 5618; x_wconf 79' lang='grc' dir='ltr'><strong>κωλύει</strong></span> <span class='ocrx_word' id='word_1_633' title='bbox 1149 5568 1243 5621; x_wconf 74' lang='grc' dir='ltr'><strong>καὶ</strong></span> <span class='ocrx_word' id='word_1_634' title='bbox 1269 5569 1431 5623; x_wconf 81' lang='grc' dir='ltr'><strong>τοῦτο</strong></span> <span class='ocrx_word' id='word_1_635' title='bbox 1464 5574 1793 5640; x_wconf 78' lang='grc' dir='ltr'><strong>προκεῖσθαι</strong></span> <span class='ocrx_word' id='word_1_636' title='bbox 1825 5577 1919 5630; x_wconf 80' lang='grc' dir='ltr'><strong>τοῦ</strong></span> 
     </span>
    </p>
   </div>
   <div class='ocr_carea' id='block_1_87' title="bbox 334 5652 1920 5734">
    <p class='ocr_par' dir='ltr' id='par_1_87' title="bbox 334 5652 1920 5734">
     <span class='ocr_line' id='line_1_87' title="bbox 334 5652 1920 5734; baseline 0.018 -39"><span class='ocrx_word' id='word_1_637' title='bbox 334 5652 592 5723; x_wconf 70' lang='grc' dir='ltr'><strong>ψαλμοῦ,</strong></span> <span class='ocrx_word' id='word_1_638' title='bbox 649 5656 790 5724; x_wconf 85' lang='grc' dir='ltr'><strong>μετά</strong></span> <span class='ocrx_word' id='word_1_639' title='bbox 835 5672 897 5723; x_wconf 82' lang='grc' dir='ltr'><strong>γε</strong></span> <span class='ocrx_word' id='word_1_640' title='bbox 948 5656 1009 5708; x_wconf 82' lang='grc' dir='ltr'><strong>τὸ</strong></span> <span class='ocrx_word' id='word_1_641' title='bbox 1061 5657 1179 5726; x_wconf 79' lang='grc' dir='ltr'><strong>μετ’</strong></span> <span class='ocrx_word' id='word_1_642' title='bbox 1222 5659 1435 5713; x_wconf 73' lang='grc' dir='ltr'><strong>ἐκείνου</strong></span> <span class='ocrx_word' id='word_1_643' title='bbox 1485 5664 1769 5734; x_wconf 76' lang='grc' dir='ltr'><strong>τρόπαιον,</strong></span> <span class='ocrx_word' id='word_1_644' title='bbox 1827 5670 1920 5722; x_wconf 76' lang='grc' dir='ltr'><strong>καὶ</strong></span> 
     </span>
    </p>
   </div>
   <div class='ocr_carea' id='block_1_88' title="bbox 415 5838 1482 5913">
    <p class='ocr_par' dir='ltr' id='par_1_88' title="bbox 415 5838 1482 5913">
     <span class='ocr_line' id='line_1_88' title="bbox 415 5838 1482 5913; baseline 0.007 -20"><span class='ocrx_word' id='word_1_645' title='bbox 415 5838 469 5873; x_wconf 74' lang='grc'><strong>’⁸</strong></span> <span class='ocrx_word' id='word_1_646' title='bbox 502 5841 704 5897; x_wconf 79' lang='lat' dir='ltr'><strong>llahac.</strong></span> <span class='ocrx_word' id='word_1_647' title='bbox 734 5856 772 5909; x_wconf 84' lang='grc' dir='ltr'><strong>ι,</strong></span> <span class='ocrx_word' id='word_1_648' title='bbox 811 5842 894 5897; x_wconf 82' lang='lat' dir='ltr'><strong>I5.</strong></span> <span class='ocrx_word' id='word_1_649' title='bbox 969 5842 1015 5874; x_wconf 80' lang='lat'><strong>&quot;</strong></span> <span class='ocrx_word' id='word_1_650' title='bbox 1055 5844 1212 5900; x_wconf 84' lang='lat' dir='ltr'><strong>Rom.</strong></span> <span class='ocrx_word' id='word_1_651' title='bbox 1240 5859 1369 5913; x_wconf 67' lang='lat' dir='ltr'><strong>xm,</strong></span> <span class='ocrx_word' id='word_1_652' title='bbox 1391 5844 1482 5901; x_wconf 75' lang='lat'><strong>26.</strong></span> 
     </span>
    </p>
   </div>
   <div class='ocr_carea' id='block_1_89' title="bbox 2029 3278 3607 3353">
    <p class='ocr_par' dir='ltr' id='par_1_89' title="bbox 2029 3278 3607 3353">
     <span class='ocr_line' id='line_1_89' title="bbox 2029 3278 3607 3353; baseline -0.001 -19"><span class='ocrx_word' id='word_1_653' title='bbox 2029 3282 2189 3353; x_wconf 83' lang='lat' dir='ltr'><strong>plana</strong></span> <span class='ocrx_word' id='word_1_654' title='bbox 2223 3294 2373 3346; x_wconf 85' lang='lat' dir='ltr'><strong>vero,</strong></span> <span class='ocrx_word' id='word_1_655' title='bbox 2411 3288 2672 3347; x_wconf 89' lang='lat' dir='ltr'><strong>tanquam</strong></span> <span class='ocrx_word' id='word_1_656' title='bbox 2708 3278 2967 3348; x_wconf 86' lang='lat' dir='ltr'><strong>periculis</strong></span> <span class='ocrx_word' id='word_1_657' title='bbox 2996 3287 3047 3333; x_wconf 88' lang='lat' dir='ltr'><strong>et</strong></span> <span class='ocrx_word' id='word_1_658' title='bbox 3081 3278 3357 3335; x_wconf 70' lang='lat' dir='ltr'><strong>scandulis</strong></span> <span class='ocrx_word' id='word_1_659' title='bbox 3392 3278 3565 3333; x_wconf 80' lang='lat' dir='ltr'><strong>libera</strong></span> <span class='ocrx_word' id='word_1_660' title='bbox 3587 3293 3607 3333; x_wconf 69' lang='grc' dir='ltr'><strong>ε</strong></span> 
     </span>
    </p>
   </div>
   <div class='ocr_carea' id='block_1_90' title="bbox 2026 3368 3436 3444">
    <p class='ocr_par' dir='ltr' id='par_1_90' title="bbox 2026 3368 3436 3444">
     <span class='ocr_line' id='line_1_90' title="bbox 2026 3368 3436 3444; baseline -0.001 -19"><span class='ocrx_word' id='word_1_661' title='bbox 2026 3388 2146 3444; x_wconf 83' lang='lat' dir='ltr'><strong>quae</strong></span> <span class='ocrx_word' id='word_1_662' title='bbox 2186 3370 2371 3427; x_wconf 80' lang='lat' dir='ltr'><strong>dicere</strong></span> <span class='ocrx_word' id='word_1_663' title='bbox 2408 3385 2702 3440; x_wconf 84' lang='lat' dir='ltr'><strong>possumus</strong></span> <span class='ocrx_word' id='word_1_664' title='bbox 2731 3384 2855 3425; x_wconf 82' lang='lat' dir='ltr'><strong>esse</strong></span> <span class='ocrx_word' id='word_1_665' title='bbox 2888 3369 3147 3438; x_wconf 83' lang='lat' dir='ltr'><strong>peccandi</strong></span> <span class='ocrx_word' id='word_1_666' title='bbox 3184 3368 3436 3425; x_wconf 68' lang='lat' dir='ltr'><strong>allectus.</strong></span> 
     </span>
    </p>
   </div>
   <div class='ocr_carea' id='block_1_91' title="bbox 2095 3459 3609 3531">
    <p class='ocr_par' dir='ltr' id='par_1_91' title="bbox 2095 3459 3609 3531">
     <span class='ocr_line' id='line_1_91' title="bbox 2095 3459 3609 3531; baseline -0.002 -12"><span class='ocrx_word' id='word_1_667' title='bbox 2095 3464 2316 3531; x_wconf 84' lang='lat' dir='ltr'><strong>Propter</strong></span> <span class='ocrx_word' id='word_1_668' title='bbox 2345 3478 2532 3516; x_wconf 86' lang='lat' dir='ltr'><strong>nomen</strong></span> <span class='ocrx_word' id='word_1_669' title='bbox 2567 3471 2741 3525; x_wconf 87' lang='lat' dir='ltr'><strong>tuum,</strong></span> <span class='ocrx_word' id='word_1_670' title='bbox 2764 3460 3001 3526; x_wconf 84' lang='lat' dir='ltr'><strong>Domine,</strong></span> <span class='ocrx_word' id='word_1_671' title='bbox 3038 3460 3326 3529; x_wconf 73' lang='lat' dir='ltr'><strong>viviﬁcabis</strong></span> <span class='ocrx_word' id='word_1_672' title='bbox 3347 3475 3447 3515; x_wconf 84' lang='lat' dir='ltr'><strong>me.</strong></span> <span class='ocrx_word' id='word_1_673' title='bbox 3486 3459 3609 3516; x_wconf 90' lang='lat' dir='ltr'><strong>Non</strong></span> 
     </span>
    </p>
   </div>
   <div class='ocr_carea' id='block_1_92' title="bbox 2024 3552 3606 3622">
    <p class='ocr_par' dir='ltr' id='par_1_92' title="bbox 2024 3552 3606 3622">
     <span class='ocr_line' id='line_1_92' title="bbox 2024 3552 3606 3622; baseline -0.003 -11"><span class='ocrx_word' id='word_1_674' title='bbox 2024 3558 2093 3612; x_wconf 89' lang='lat' dir='ltr'><strong>oh</strong></span> <span class='ocrx_word' id='word_1_675' title='bbox 2125 3569 2298 3609; x_wconf 85' lang='lat' dir='ltr'><strong>meatu</strong></span> <span class='ocrx_word' id='word_1_676' title='bbox 2334 3554 2590 3608; x_wconf 82' lang='lat' dir='ltr'><strong>virtutem</strong></span> <span class='ocrx_word' id='word_1_677' title='bbox 2616 3592 2632 3616; x_wconf 87' lang='lat'><strong>,</strong></span> <span class='ocrx_word' id='word_1_678' title='bbox 2667 3552 2763 3607; x_wconf 84' lang='lat' dir='ltr'><strong>sed</strong></span> <span class='ocrx_word' id='word_1_679' title='bbox 2791 3562 3014 3622; x_wconf 84' lang='lat' dir='ltr'><strong>propter</strong></span> <span class='ocrx_word' id='word_1_680' title='bbox 3040 3560 3197 3607; x_wconf 90' lang='lat' dir='ltr'><strong>tuum</strong></span> <span class='ocrx_word' id='word_1_681' title='bbox 3239 3567 3458 3609; x_wconf 90' lang='lat' dir='ltr'><strong>nomen.</strong></span> <span class='ocrx_word' id='word_1_682' title='bbox 3500 3552 3606 3606; x_wconf 81' lang='lat' dir='ltr'><strong>Mi-</strong></span> 
     </span>
    </p>
   </div>
   <div class='ocr_carea' id='block_1_93' title="bbox 2026 3643 3611 3715">
    <p class='ocr_par' dir='ltr' id='par_1_93' title="bbox 2026 3643 3611 3715">
     <span class='ocr_line' id='line_1_93' title="bbox 2026 3643 3611 3715; baseline -0.002 -14"><span class='ocrx_word' id='word_1_683' title='bbox 2026 3650 2265 3707; x_wconf 75' lang='lat' dir='ltr'><strong>sericors</strong></span> <span class='ocrx_word' id='word_1_684' title='bbox 2296 3648 2499 3702; x_wconf 88' lang='lat' dir='ltr'><strong>etenim</strong></span> <span class='ocrx_word' id='word_1_685' title='bbox 2539 3646 2850 3715; x_wconf 88' lang='lat' dir='ltr'><strong>appellaris,</strong></span> <span class='ocrx_word' id='word_1_686' title='bbox 2884 3654 2944 3703; x_wconf 89' lang='lat' dir='ltr'><strong>ut</strong></span> <span class='ocrx_word' id='word_1_687' title='bbox 2978 3646 3185 3701; x_wconf 88' lang='lat' dir='ltr'><strong>dictum</strong></span> <span class='ocrx_word' id='word_1_688' title='bbox 3217 3651 3323 3709; x_wconf 86' lang='lat' dir='ltr'><strong>est,</strong></span> <span class='ocrx_word' id='word_1_689' title='bbox 3372 3643 3427 3700; x_wconf 90' lang='lat' dir='ltr'><strong>in</strong></span> <span class='ocrx_word' id='word_1_690' title='bbox 3458 3645 3611 3714; x_wconf 83' lang='lat' dir='ltr'><strong>psal-</strong></span> 
     </span>
    </p>
   </div>
   <div class='ocr_carea' id='block_1_94' title="bbox 2026 3734 3613 3803">
    <p class='ocr_par' dir='ltr' id='par_1_94' title="bbox 2026 3734 3613 3803">
     <span class='ocr_line' id='line_1_94' title="bbox 2026 3734 3613 3803; baseline -0.004 -8"><span class='ocrx_word' id='word_1_691' title='bbox 2026 3755 2115 3795; x_wconf 88' lang='lat' dir='ltr'><strong>tno</strong></span> <span class='ocrx_word' id='word_1_692' title='bbox 2140 3753 2293 3803; x_wconf 77' lang='lat' dir='ltr'><strong>cun,</strong></span> <span class='ocrx_word' id='word_1_693' title='bbox 2328 3736 2400 3792; x_wconf 90' lang='lat' dir='ltr'><strong>ibi</strong></span> <span class='ocrx_word' id='word_1_694' title='bbox 2434 3756 2447 3790; x_wconf 92' lang='lat'><strong>:</strong></span> <span class='ocrx_word' id='word_1_695' title='bbox 2483 3734 2605 3789; x_wconf 85' lang='lat' dir='ltr'><strong>Non</strong></span> <span class='ocrx_word' id='word_1_696' title='bbox 2631 3735 2796 3801; x_wconf 83' lang='lat' dir='ltr'><strong>nobis,</strong></span> <span class='ocrx_word' id='word_1_697' title='bbox 2823 3734 3069 3801; x_wconf 83' lang='lat' dir='ltr'><strong>Domine,</strong></span> <span class='ocrx_word' id='word_1_698' title='bbox 3094 3750 3197 3789; x_wconf 80' lang='lat' dir='ltr'><strong>non</strong></span> <span class='ocrx_word' id='word_1_699' title='bbox 3217 3736 3384 3800; x_wconf 72' lang='lat' dir='ltr'><strong>nobis,</strong></span> <span class='ocrx_word' id='word_1_700' title='bbox 3408 3737 3498 3789; x_wconf 72' lang='lat' dir='ltr'><strong>sed</strong></span> <span class='ocrx_word' id='word_1_701' title='bbox 3516 3749 3613 3789; x_wconf 83' lang='lat' dir='ltr'><strong>uo-</strong></span> 
     </span>
    </p>
   </div>
   <div class='ocr_carea' id='block_1_95' title="bbox 2027 3829 2639 3899">
    <p class='ocr_par' dir='ltr' id='par_1_95' title="bbox 2027 3829 2639 3899">
     <span class='ocr_line' id='line_1_95' title="bbox 2027 3829 2639 3899; baseline -0.003 -12"><span class='ocrx_word' id='word_1_702' title='bbox 2027 3833 2159 3887; x_wconf 87' lang='lat' dir='ltr'><strong>mini</strong></span> <span class='ocrx_word' id='word_1_703' title='bbox 2183 3840 2272 3885; x_wconf 86' lang='lat' dir='ltr'><strong>tuo</strong></span> <span class='ocrx_word' id='word_1_704' title='bbox 2296 3831 2366 3883; x_wconf 90' lang='lat' dir='ltr'><strong>da</strong></span> <span class='ocrx_word' id='word_1_705' title='bbox 2390 3829 2639 3899; x_wconf 82' lang='lat' dir='ltr'><strong>gloriam.</strong></span> 
     </span>
    </p>
   </div>
   <div class='ocr_carea' id='block_1_96' title="bbox 2096 3918 3612 3991">
    <p class='ocr_par' dir='ltr' id='par_1_96' title="bbox 2096 3918 3612 3991">
     <span class='ocr_line' id='line_1_96' title="bbox 2096 3918 3612 3991; baseline -0.003 -12"><span class='ocrx_word' id='word_1_706' title='bbox 2096 3922 2476 3991; x_wconf 73' lang='lat' dir='ltr'><strong>Veas.ll,21.</strong></span> <span class='ocrx_word' id='word_1_707' title='bbox 2504 3921 2569 3979; x_wconf 72' lang='lat' dir='ltr'><strong>In</strong></span> <span class='ocrx_word' id='word_1_708' title='bbox 2593 3920 2808 3989; x_wconf 73' lang='lat' dir='ltr'><strong>justitia</strong></span> <span class='ocrx_word' id='word_1_709' title='bbox 2828 3919 3145 3985; x_wconf 73' lang='lat' dir='ltr'><strong>tua,educes</strong></span> <span class='ocrx_word' id='word_1_710' title='bbox 3173 3918 3237 3974; x_wconf 85' lang='lat' dir='ltr'><strong>de</strong></span> <span class='ocrx_word' id='word_1_711' title='bbox 3268 3918 3612 3975; x_wconf 81' lang='lat' dir='ltr'><strong>tribulatione</strong></span> 
     </span>
    </p>
   </div>
   <div class='ocr_carea' id='block_1_97' title="bbox 2026 4011 3609 4077">
    <p class='ocr_par' dir='ltr' id='par_1_97' title="bbox 2026 4011 3609 4077">
     <span class='ocr_line' id='line_1_97' title="bbox 2026 4011 3609 4077; baseline -0.001 -8"><span class='ocrx_word' id='word_1_712' title='bbox 2026 4019 2265 4075; x_wconf 80' lang='lat' dir='ltr'><strong>animum</strong></span> <span class='ocrx_word' id='word_1_713' title='bbox 2307 4031 2502 4077; x_wconf 87' lang='lat' dir='ltr'><strong>meam,</strong></span> <span class='ocrx_word' id='word_1_714' title='bbox 2529 4024 2575 4071; x_wconf 80' lang='lat' dir='ltr'><strong>et</strong></span> <span class='ocrx_word' id='word_1_715' title='bbox 2617 4016 2672 4066; x_wconf 85' lang='lat' dir='ltr'><strong>in</strong></span> <span class='ocrx_word' id='word_1_716' title='bbox 2710 4011 3077 4066; x_wconf 77' lang='lat' dir='ltr'><strong>misericordia</strong></span> <span class='ocrx_word' id='word_1_717' title='bbox 3112 4021 3205 4065; x_wconf 91' lang='lat' dir='ltr'><strong>tua</strong></span> <span class='ocrx_word' id='word_1_718' title='bbox 3232 4014 3609 4067; x_wconf 69' lang='lat' dir='ltr'><strong>exterminabis</strong></span> 
     </span>
    </p>
   </div>
   <div class='ocr_carea' id='block_1_98' title="bbox 2026 4102 3611 4172">
    <p class='ocr_par' dir='ltr' id='par_1_98' title="bbox 2026 4102 3611 4172">
     <span class='ocr_line' id='line_1_98' title="bbox 2026 4102 3611 4172; baseline -0.004 -10"><span class='ocrx_word' id='word_1_719' title='bbox 2026 4109 2267 4167; x_wconf 82' lang='lat' dir='ltr'><strong>inimicos</strong></span> <span class='ocrx_word' id='word_1_720' title='bbox 2284 4122 2444 4170; x_wconf 82' lang='lat' dir='ltr'><strong>meos,</strong></span> <span class='ocrx_word' id='word_1_721' title='bbox 2481 4115 2526 4157; x_wconf 88' lang='lat' dir='ltr'><strong>et</strong></span> <span class='ocrx_word' id='word_1_722' title='bbox 2560 4103 2739 4171; x_wconf 77' lang='lat' dir='ltr'><strong>perdes</strong></span> <span class='ocrx_word' id='word_1_723' title='bbox 2771 4118 2948 4156; x_wconf 83' lang='lat' dir='ltr'><strong>omnes</strong></span> <span class='ocrx_word' id='word_1_724' title='bbox 2971 4102 3062 4172; x_wconf 85' lang='lat' dir='ltr'><strong>qui</strong></span> <span class='ocrx_word' id='word_1_725' title='bbox 3092 4102 3349 4159; x_wconf 81' lang='lat' dir='ltr'><strong>tribulam</strong></span> <span class='ocrx_word' id='word_1_726' title='bbox 3372 4104 3611 4156; x_wconf 85' lang='lat' dir='ltr'><strong>animam</strong></span> 
     </span>
    </p>
   </div>
   <div class='ocr_carea' id='block_1_99' title="bbox 2024 4194 3613 4267">
    <p class='ocr_par' dir='ltr' id='par_1_99' title="bbox 2024 4194 3613 4267">
     <span class='ocr_line' id='line_1_99' title="bbox 2024 4194 3613 4267; baseline -0.005 -12"><span class='ocrx_word' id='word_1_727' title='bbox 2024 4217 2218 4255; x_wconf 82' lang='lat' dir='ltr'><strong>meum.</strong></span> <span class='ocrx_word' id='word_1_728' title='bbox 2250 4200 2421 4267; x_wconf 83' lang='lat' dir='ltr'><strong>Quam</strong></span> <span class='ocrx_word' id='word_1_729' title='bbox 2459 4199 2567 4253; x_wconf 89' lang='lat' dir='ltr'><strong>illic</strong></span> <span class='ocrx_word' id='word_1_730' title='bbox 2592 4198 2859 4265; x_wconf 81' lang='lat' dir='ltr'><strong>justitiam</strong></span> <span class='ocrx_word' id='word_1_731' title='bbox 2893 4195 2979 4250; x_wconf 90' lang='lat' dir='ltr'><strong>hic</strong></span> <span class='ocrx_word' id='word_1_732' title='bbox 3005 4194 3506 4265; x_wconf 77' lang='lat' dir='ltr'><strong>quoqueiustitiam</strong></span> <span class='ocrx_word' id='word_1_733' title='bbox 3526 4194 3613 4249; x_wconf 79' lang='lat' dir='ltr'><strong>di-</strong></span> 
     </span>
    </p>
   </div>
   <div class='ocr_carea' id='block_1_100' title="bbox 2025 4286 3613 4361">
    <p class='ocr_par' dir='ltr' id='par_1_100' title="bbox 2025 4286 3613 4361">
     <span class='ocr_line' id='line_1_100' title="bbox 2025 4286 3613 4361; baseline -0.008 -12"><span class='ocrx_word' id='word_1_734' title='bbox 2025 4294 2124 4358; x_wconf 89' lang='lat' dir='ltr'><strong>cit,</strong></span> <span class='ocrx_word' id='word_1_735' title='bbox 2148 4301 2203 4347; x_wconf 90' lang='lat' dir='ltr'><strong>et</strong></span> <span class='ocrx_word' id='word_1_736' title='bbox 2234 4307 2399 4361; x_wconf 89' lang='lat' dir='ltr'><strong>quam</strong></span> <span class='ocrx_word' id='word_1_737' title='bbox 2425 4291 2536 4346; x_wconf 89' lang='lat' dir='ltr'><strong>illic</strong></span> <span class='ocrx_word' id='word_1_738' title='bbox 2563 4288 3022 4351; x_wconf 79' lang='lat' dir='ltr'><strong>veritatemdixit,</strong></span> <span class='ocrx_word' id='word_1_739' title='bbox 3056 4300 3201 4341; x_wconf 91' lang='lat' dir='ltr'><strong>nunc</strong></span> <span class='ocrx_word' id='word_1_740' title='bbox 3235 4286 3368 4340; x_wconf 91' lang='lat' dir='ltr'><strong>dicit</strong></span> <span class='ocrx_word' id='word_1_741' title='bbox 3394 4286 3613 4341; x_wconf 74' lang='lat' dir='ltr'><strong>miSvri-</strong></span> 
     </span>
    </p>
   </div>
   <div class='ocr_carea' id='block_1_101' title="bbox 2025 4378 3719 4449">
    <p class='ocr_par' dir='ltr' id='par_1_101' title="bbox 2025 4378 3719 4449">
     <span class='ocr_line' id='line_1_101' title="bbox 2025 4378 3719 4449; baseline -0.007 -8"><span class='ocrx_word' id='word_1_742' title='bbox 2025 4385 2293 4441; x_wconf 90' lang='lat' dir='ltr'><strong>cordiam.</strong></span> <span class='ocrx_word' id='word_1_743' title='bbox 2333 4381 2737 4439; x_wconf 78' lang='lat' dir='ltr'><strong>Exterminabis</strong></span> <span class='ocrx_word' id='word_1_744' title='bbox 2772 4389 2953 4435; x_wconf 89' lang='lat' dir='ltr'><strong>autem</strong></span> <span class='ocrx_word' id='word_1_745' title='bbox 2983 4390 3038 4434; x_wconf 90' lang='lat' dir='ltr'><strong>et</strong></span> <span class='ocrx_word' id='word_1_746' title='bbox 3064 4379 3260 4449; x_wconf 82' lang='lat' dir='ltr'><strong>perdes</strong></span> <span class='ocrx_word' id='word_1_747' title='bbox 3310 4378 3613 4433; x_wconf 78' lang='lat' dir='ltr'><strong>invisibiles</strong></span> <span class='ocrx_word' id='word_1_748' title='bbox 3711 4397 3719 4404; x_wconf 87' lang='lat'><em>-</em></span> 
     </span>
    </p>
   </div>
   <div class='ocr_carea' id='block_1_102' title="bbox 2028 4470 3608 4543">
    <p class='ocr_par' dir='ltr' id='par_1_102' title="bbox 2028 4470 3608 4543">
     <span class='ocr_line' id='line_1_102' title="bbox 2028 4470 3608 4543; baseline -0.006 -13"><span class='ocrx_word' id='word_1_749' title='bbox 2028 4477 2306 4539; x_wconf 86' lang='lat' dir='ltr'><strong>inimicos,</strong></span> <span class='ocrx_word' id='word_1_750' title='bbox 2349 4476 2453 4529; x_wconf 89' lang='lat' dir='ltr'><strong>hoc</strong></span> <span class='ocrx_word' id='word_1_751' title='bbox 2480 4483 2588 4536; x_wconf 83' lang='lat' dir='ltr'><strong>est,</strong></span> <span class='ocrx_word' id='word_1_752' title='bbox 2619 4472 2856 4543; x_wconf 78' lang='lat' dir='ltr'><strong>expelles</strong></span> <span class='ocrx_word' id='word_1_753' title='bbox 2881 4480 2933 4525; x_wconf 90' lang='lat' dir='ltr'><strong>ct</strong></span> <span class='ocrx_word' id='word_1_754' title='bbox 2962 4470 3171 4527; x_wconf 88' lang='lat' dir='ltr'><strong>delebis</strong></span> <span class='ocrx_word' id='word_1_755' title='bbox 3194 4485 3311 4533; x_wconf 82' lang='lat' dir='ltr'><strong>eos,</strong></span> <span class='ocrx_word' id='word_1_756' title='bbox 3340 4478 3608 4540; x_wconf 89' lang='lat' dir='ltr'><strong>quantum</strong></span> 
     </span>
    </p>
   </div>
   <div class='ocr_carea' id='block_1_103' title="bbox 2027 4562 3613 4636">
    <p class='ocr_par' dir='ltr' id='par_1_103' title="bbox 2027 4562 3613 4636">
     <span class='ocr_line' id='line_1_103' title="bbox 2027 4562 3613 4636; baseline -0.004 -12"><span class='ocrx_word' id='word_1_757' title='bbox 2027 4570 2237 4624; x_wconf 85' lang='lat' dir='ltr'><strong>scilicet</strong></span> <span class='ocrx_word' id='word_1_758' title='bbox 2268 4569 2504 4636; x_wconf 89' lang='lat' dir='ltr'><strong>pertinet</strong></span> <span class='ocrx_word' id='word_1_759' title='bbox 2533 4568 2596 4620; x_wconf 90' lang='lat' dir='ltr'><strong>ad</strong></span> <span class='ocrx_word' id='word_1_760' title='bbox 2631 4567 2833 4635; x_wconf 89' lang='lat' dir='ltr'><strong>ipsum,</strong></span> <span class='ocrx_word' id='word_1_761' title='bbox 2860 4564 2952 4634; x_wconf 87' lang='lat' dir='ltr'><strong>qui</strong></span> <span class='ocrx_word' id='word_1_762' title='bbox 2987 4565 3091 4619; x_wconf 88' lang='lat' dir='ltr'><strong>hoc</strong></span> <span class='ocrx_word' id='word_1_763' title='bbox 3119 4565 3273 4634; x_wconf 88' lang='lat' dir='ltr'><strong>petit.</strong></span> <span class='ocrx_word' id='word_1_764' title='bbox 3299 4562 3454 4630; x_wconf 84' lang='lat' dir='ltr'><strong>Quod</strong></span> <span class='ocrx_word' id='word_1_765' title='bbox 3481 4579 3613 4618; x_wconf 80' lang='lat' dir='ltr'><strong>vero</strong></span> 
     </span>
    </p>
   </div>
   <div class='ocr_carea' id='block_1_104' title="bbox 2029 4657 3612 4728">
    <p class='ocr_par' dir='ltr' id='par_1_104' title="bbox 2029 4657 3612 4728">
     <span class='ocr_line' id='line_1_104' title="bbox 2029 4657 3612 4728; baseline -0.003 -14"><span class='ocrx_word' id='word_1_766' title='bbox 2029 4663 2105 4716; x_wconf 90' lang='lat' dir='ltr'><strong>ait</strong></span> <span class='ocrx_word' id='word_1_767' title='bbox 2143 4676 2157 4713; x_wconf 87' lang='lat'><strong>:</strong></span> <span class='ocrx_word' id='word_1_768' title='bbox 2202 4659 2520 4728; x_wconf 67' lang='lat' dir='ltr'><strong>Vici/iratis,</strong></span> <span class='ocrx_word' id='word_1_769' title='bbox 2550 4657 2944 4721; x_wconf 74' lang='lat' dir='ltr'><strong>exterminabis,</strong></span> <span class='ocrx_word' id='word_1_770' title='bbox 2969 4666 3017 4712; x_wconf 89' lang='lat' dir='ltr'><strong>et</strong></span> <span class='ocrx_word' id='word_1_771' title='bbox 3040 4658 3243 4725; x_wconf 73' lang='lat' dir='ltr'><strong>perdes,</strong></span> <span class='ocrx_word' id='word_1_772' title='bbox 3269 4672 3375 4711; x_wconf 90' lang='lat' dir='ltr'><strong>non</strong></span> <span class='ocrx_word' id='word_1_773' title='bbox 3399 4665 3612 4710; x_wconf 87' lang='lat' dir='ltr'><strong>tantum</strong></span> 
     </span>
    </p>
   </div>
   <div class='ocr_carea' id='block_1_105' title="bbox 2030 4748 3615 4823">
    <p class='ocr_par' dir='ltr' id='par_1_105' title="bbox 2030 4748 3615 4823">
     <span class='ocr_line' id='line_1_105' title="bbox 2030 4748 3615 4823; baseline -0.004 -15"><span class='ocrx_word' id='word_1_774' title='bbox 2030 4755 2084 4810; x_wconf 91' lang='lat' dir='ltr'><strong>in</strong></span> <span class='ocrx_word' id='word_1_775' title='bbox 2120 4768 2185 4808; x_wconf 87' lang='lat' dir='ltr'><strong>eo</strong></span> <span class='ocrx_word' id='word_1_776' title='bbox 2225 4768 2390 4807; x_wconf 88' lang='lat' dir='ltr'><strong>sensu</strong></span> <span class='ocrx_word' id='word_1_777' title='bbox 2444 4752 2673 4823; x_wconf 81' lang='lat' dir='ltr'><strong>intelligi</strong></span> <span class='ocrx_word' id='word_1_778' title='bbox 2734 4760 2957 4822; x_wconf 82' lang='lat' dir='ltr'><strong>potest,</strong></span> <span class='ocrx_word' id='word_1_779' title='bbox 2991 4760 3049 4805; x_wconf 91' lang='lat' dir='ltr'><strong>ut</strong></span> <span class='ocrx_word' id='word_1_780' title='bbox 3082 4749 3246 4804; x_wconf 81' lang='lat' dir='ltr'><strong>verba</strong></span> <span class='ocrx_word' id='word_1_781' title='bbox 3288 4748 3459 4803; x_wconf 82' lang='lat' dir='ltr'><strong>futuri</strong></span> <span class='ocrx_word' id='word_1_782' title='bbox 3503 4748 3615 4801; x_wconf 73' lang='lat' dir='ltr'><strong>sint</strong></span> 
     </span>
    </p>
   </div>
   <div class='ocr_carea' id='block_1_106' title="bbox 2031 4839 3612 4917">
    <p class='ocr_par' dir='ltr' id='par_1_106' title="bbox 2031 4839 3612 4917">
     <span class='ocr_line' id='line_1_106' title="bbox 2031 4839 3612 4917; baseline -0.006 -16"><span class='ocrx_word' id='word_1_783' title='bbox 2031 4847 2316 4917; x_wconf 86' lang='lat' dir='ltr'><strong>temporis,</strong></span> <span class='ocrx_word' id='word_1_784' title='bbox 2367 4853 2421 4899; x_wconf 88' lang='lat' dir='ltr'><strong>et</strong></span> <span class='ocrx_word' id='word_1_785' title='bbox 2464 4845 2803 4914; x_wconf 85' lang='lat' dir='ltr'><strong>prophetiam</strong></span> <span class='ocrx_word' id='word_1_786' title='bbox 2848 4843 3191 4905; x_wconf 84' lang='lat' dir='ltr'><strong>contineant,</strong></span> <span class='ocrx_word' id='word_1_787' title='bbox 3240 4841 3331 4895; x_wconf 89' lang='lat' dir='ltr'><strong>sed</strong></span> <span class='ocrx_word' id='word_1_788' title='bbox 3382 4839 3612 4909; x_wconf 62' lang='lat' dir='ltr'><strong>intcllici</strong></span> 
     </span>
    </p>
   </div>
   <div class='ocr_carea' id='block_1_107' title="bbox 2026 4932 3531 5007">
    <p class='ocr_par' dir='ltr' id='par_1_107' title="bbox 2026 4932 3531 5007">
     <span class='ocr_line' id='line_1_107' title="bbox 2026 4932 3531 5007; baseline -0.005 -13"><span class='ocrx_word' id='word_1_789' title='bbox 2026 4940 2196 4994; x_wconf 79' lang='lat' dir='ltr'><strong>etiam</strong></span> <span class='ocrx_word' id='word_1_790' title='bbox 2227 4947 2482 5007; x_wconf 82' lang='lat' dir='ltr'><strong>possunt,</strong></span> <span class='ocrx_word' id='word_1_791' title='bbox 2515 4947 2575 4991; x_wconf 92' lang='lat' dir='ltr'><strong>ut</strong></span> <span class='ocrx_word' id='word_1_792' title='bbox 2610 4939 2662 4991; x_wconf 90' lang='lat' dir='ltr'><strong>in</strong></span> <span class='ocrx_word' id='word_1_793' title='bbox 2698 4936 2942 5004; x_wconf 88' lang='lat' dir='ltr'><strong>optantis</strong></span> <span class='ocrx_word' id='word_1_794' title='bbox 2973 4932 3195 4990; x_wconf 88' lang='lat' dir='ltr'><strong>modum</strong></span> <span class='ocrx_word' id='word_1_795' title='bbox 3228 4934 3340 4988; x_wconf 90' lang='lat' dir='ltr'><strong>sint</strong></span> <span class='ocrx_word' id='word_1_796' title='bbox 3365 4932 3531 4987; x_wconf 83' lang='lat' dir='ltr'><strong>dicta.</strong></span> 
     </span>
    </p>
   </div>
   <div class='ocr_carea' id='block_1_108' title="bbox 2102 5026 3613 5100">
    <p class='ocr_par' dir='ltr' id='par_1_108' title="bbox 2102 5026 3613 5100">
     <span class='ocr_line' id='line_1_108' title="bbox 2102 5026 3613 5100; baseline -0.003 -16"><span class='ocrx_word' id='word_1_797' title='bbox 2102 5029 2244 5096; x_wconf 78' lang='lat' dir='ltr'><strong>Quia</strong></span> <span class='ocrx_word' id='word_1_798' title='bbox 2274 5047 2366 5100; x_wconf 88' lang='lat' dir='ltr'><strong>ego</strong></span> <span class='ocrx_word' id='word_1_799' title='bbox 2401 5046 2578 5085; x_wconf 76' lang='lat' dir='ltr'><strong>servus</strong></span> <span class='ocrx_word' id='word_1_800' title='bbox 2615 5040 2736 5082; x_wconf 80' lang='lat' dir='ltr'><strong>tuus</strong></span> <span class='ocrx_word' id='word_1_801' title='bbox 2783 5045 2923 5082; x_wconf 79' lang='lat' dir='ltr'><strong>sum.</strong></span> <span class='ocrx_word' id='word_1_802' title='bbox 2965 5026 3040 5081; x_wconf 88' lang='lat' dir='ltr'><strong>Eo</strong></span> <span class='ocrx_word' id='word_1_803' title='bbox 3073 5028 3219 5097; x_wconf 89' lang='lat' dir='ltr'><strong>quod</strong></span> <span class='ocrx_word' id='word_1_804' title='bbox 3260 5035 3311 5081; x_wconf 88' lang='lat' dir='ltr'><strong>et</strong></span> <span class='ocrx_word' id='word_1_805' title='bbox 3351 5027 3613 5081; x_wconf 72' lang='lat' dir='ltr'><strong>inservire</strong></span> 
     </span>
    </p>
   </div>
   <div class='ocr_carea' id='block_1_109' title="bbox 2032 5115 3611 5189">
    <p class='ocr_par' dir='ltr' id='par_1_109' title="bbox 2032 5115 3611 5189">
     <span class='ocr_line' id='line_1_109' title="bbox 2032 5115 3611 5189; baseline -0.001 -17"><span class='ocrx_word' id='word_1_806' title='bbox 2032 5120 2129 5174; x_wconf 85' lang='lat' dir='ltr'><strong>tibi</strong></span> <span class='ocrx_word' id='word_1_807' title='bbox 2164 5120 2385 5183; x_wconf 79' lang='lat' dir='ltr'><strong>festino,</strong></span> <span class='ocrx_word' id='word_1_808' title='bbox 2416 5127 2471 5174; x_wconf 90' lang='lat' dir='ltr'><strong>et</strong></span> <span class='ocrx_word' id='word_1_809' title='bbox 2502 5128 2769 5189; x_wconf 68' lang='lat' dir='ltr'><strong>praecepta</strong></span> <span class='ocrx_word' id='word_1_810' title='bbox 2798 5127 2909 5183; x_wconf 90' lang='lat' dir='ltr'><strong>tua,</strong></span> <span class='ocrx_word' id='word_1_811' title='bbox 2945 5126 3199 5188; x_wconf 86' lang='lat' dir='ltr'><strong>tanquam</strong></span> <span class='ocrx_word' id='word_1_812' title='bbox 3227 5115 3439 5171; x_wconf 90' lang='lat' dir='ltr'><strong>Domini</strong></span> <span class='ocrx_word' id='word_1_813' title='bbox 3459 5116 3611 5187; x_wconf 87' lang='lat' dir='ltr'><strong>jussa</strong></span> 
     </span>
    </p>
   </div>
   <div class='ocr_carea' id='block_1_110' title="bbox 2032 5212 2567 5281">
    <p class='ocr_par' dir='ltr' id='par_1_110' title="bbox 2032 5212 2567 5281">
     <span class='ocr_line' id='line_1_110' title="bbox 2032 5212 2567 5281; baseline -0.004 -16"><span class='ocrx_word' id='word_1_814' title='bbox 2032 5212 2326 5267; x_wconf 67' lang='lat' dir='ltr'><strong>observare</strong></span> <span class='ocrx_word' id='word_1_815' title='bbox 2360 5218 2567 5281; x_wconf 80' lang='lat' dir='ltr'><strong>satago.</strong></span> 
     </span>
    </p>
   </div>
   <div class='ocr_carea' id='block_1_111' title="bbox 2248 5300 3390 5370">
    <p class='ocr_par' dir='ltr' id='par_1_111' title="bbox 2248 5300 3390 5370">
     <span class='ocr_line' id='line_1_111' title="bbox 2248 5300 3390 5370; baseline 0.001 -14"><span class='ocrx_word' id='word_1_816' title='bbox 2248 5302 2495 5357; x_wconf 76' lang='lat' dir='ltr'><strong>Psalmus</strong></span> <span class='ocrx_word' id='word_1_817' title='bbox 2527 5305 2628 5370; x_wconf 76' lang='lat' dir='ltr'><strong>ipsi</strong></span> <span class='ocrx_word' id='word_1_818' title='bbox 2665 5302 2832 5356; x_wconf 84' lang='lat' dir='ltr'><strong>David</strong></span> <span class='ocrx_word' id='word_1_819' title='bbox 2864 5303 3117 5357; x_wconf 79' lang='lat' dir='ltr'><strong>adversus</strong></span> <span class='ocrx_word' id='word_1_820' title='bbox 3159 5300 3390 5361; x_wconf 80' lang='lat' dir='ltr'><strong>Goliutlt.</strong></span> 
     </span>
    </p>
   </div>
   <div class='ocr_carea' id='block_1_112' title="bbox 2553 5392 3147 5449">
    <p class='ocr_par' dir='ltr' id='par_1_112' title="bbox 2553 5392 3147 5449">
     <span class='ocr_line' id='line_1_112' title="bbox 2553 5392 3147 5449; baseline 0.003 -3"><span class='ocrx_word' id='word_1_821' title='bbox 2553 5392 2875 5449; x_wconf 77' lang='lat' dir='ltr'><strong>PSALMUS</strong></span> <span class='ocrx_word' id='word_1_822' title='bbox 2920 5393 3147 5448; x_wconf 80' lang='lat' dir='ltr'><strong>CXLIII.</strong></span> 
     </span>
    </p>
   </div>
   <div class='ocr_carea' id='block_1_113' title="bbox 2105 5485 3607 5557">
    <p class='ocr_par' dir='ltr' id='par_1_113' title="bbox 2105 5485 3607 5557">
     <span class='ocr_line' id='line_1_113' title="bbox 2105 5485 3607 5557; baseline -0.001 -16"><span class='ocrx_word' id='word_1_823' title='bbox 2105 5485 2362 5552; x_wconf 65' lang='lat' dir='ltr'><strong>Quatdam</strong></span> <span class='ocrx_word' id='word_1_824' title='bbox 2397 5487 2725 5557; x_wconf 76' lang='lat' dir='ltr'><strong>exemplaria</strong></span> <span class='ocrx_word' id='word_1_825' title='bbox 2760 5500 2868 5539; x_wconf 87' lang='lat' dir='ltr'><strong>non</strong></span> <span class='ocrx_word' id='word_1_826' title='bbox 2907 5486 3107 5539; x_wconf 74' lang='lat' dir='ltr'><strong>habent</strong></span> <span class='ocrx_word' id='word_1_827' title='bbox 3138 5485 3304 5539; x_wconf 83' lang='lat' dir='ltr'><strong>verba</strong></span> <span class='ocrx_word' id='word_1_828' title='bbox 3336 5486 3465 5539; x_wconf 86' lang='lat' dir='ltr'><strong>illa:</strong></span> <span class='ocrx_word' id='word_1_829' title='bbox 3498 5485 3607 5539; x_wconf 74' lang='lat' dir='ltr'><strong>Ad-</strong></span> 
     </span>
    </p>
   </div>
   <div class='ocr_carea' id='block_1_114' title="bbox 2030 5578 3604 5647">
    <p class='ocr_par' dir='ltr' id='par_1_114' title="bbox 2030 5578 3604 5647">
     <span class='ocr_line' id='line_1_114' title="bbox 2030 5578 3604 5647; baseline -0.001 -13"><span class='ocrx_word' id='word_1_830' title='bbox 2030 5595 2208 5634; x_wconf 82' lang='lat' dir='ltr'><strong>versus</strong></span> <span class='ocrx_word' id='word_1_831' title='bbox 2241 5579 2477 5634; x_wconf 75' lang='lat' dir='ltr'><strong>Coliath.</strong></span> <span class='ocrx_word' id='word_1_832' title='bbox 2513 5578 2657 5632; x_wconf 79' lang='lat' dir='ltr'><strong>Nihil</strong></span> <span class='ocrx_word' id='word_1_833' title='bbox 2701 5587 2881 5631; x_wconf 82' lang='lat' dir='ltr'><strong>tamen</strong></span> <span class='ocrx_word' id='word_1_834' title='bbox 2930 5578 3320 5647; x_wconf 81' lang='lat' dir='ltr'><strong>impedimento</strong></span> <span class='ocrx_word' id='word_1_835' title='bbox 3352 5590 3433 5632; x_wconf 82' lang='lat' dir='ltr'><strong>est</strong></span> <span class='ocrx_word' id='word_1_836' title='bbox 3472 5581 3604 5646; x_wconf 80' lang='lat' dir='ltr'><strong>quin</strong></span> 
     </span>
    </p>
   </div>
   <div class='ocr_carea' id='block_1_115' title="bbox 2029 5669 3603 5743">
    <p class='ocr_par' dir='ltr' id='par_1_115' title="bbox 2029 5669 3603 5743">
     <span class='ocr_line' id='line_1_115' title="bbox 2029 5669 3603 5743; baseline -0.001 -16"><span class='ocrx_word' id='word_1_837' title='bbox 2029 5673 2218 5728; x_wconf 81' lang='lat' dir='ltr'><strong>adesse</strong></span> <span class='ocrx_word' id='word_1_838' title='bbox 2253 5673 2467 5743; x_wconf 80' lang='lat' dir='ltr'><strong>possint</strong></span> <span class='ocrx_word' id='word_1_839' title='bbox 2505 5689 2516 5723; x_wconf 87' lang='lat'><strong>:</strong></span> <span class='ocrx_word' id='word_1_840' title='bbox 2552 5671 2710 5742; x_wconf 84' lang='lat' dir='ltr'><strong>quasi</strong></span> <span class='ocrx_word' id='word_1_841' title='bbox 2742 5672 3080 5741; x_wconf 88' lang='lat' dir='ltr'><strong>compositus</strong></span> <span class='ocrx_word' id='word_1_842' title='bbox 3126 5671 3289 5726; x_wconf 79' lang='lat' dir='ltr'><strong>fuerit</strong></span> <span class='ocrx_word' id='word_1_843' title='bbox 3321 5669 3409 5725; x_wconf 87' lang='lat' dir='ltr'><strong>hic</strong></span> <span class='ocrx_word' id='word_1_844' title='bbox 3453 5672 3603 5742; x_wconf 82' lang='lat' dir='ltr'><strong>psal-</strong></span> 
     </span>
    </p>
   </div>
  </div>
