4090 6288
524 351 659 412 ιὶὶδἾ

1737 349 2516 411 EUTHYMIIZIGABENI

3625 350 3765 419 1288

525 471 728 528 ﬁcitur,
787 465 831 521 si
895 467 1138 535 quinque
1185 466 1434 536 corporis
1477 481 1696 532 sensus,
1747 477 1799 523 et
1854 470 2092 537 quinque

2205 471 2364 522 πέντε
2397 468 2492 521 τοῦ
2534 468 2786 540 σώματος
2815 469 3118 540 αἰσθήσεις,
3162 471 3253 524 καὶ
3293 471 3391 534 τὰς
3420 471 3580 526 πέντε
3608 474 3771 526 δυνά-

525 560 691 612 aniiui
725 559 1018 627 potentias,
1052 560 1107 613 in
1151 575 1210 615 se
1253 571 1379 629 apte
1429 570 1591 630 atque
1656 563 1928 617 concinne
1982 564 2096 618 dis-

415 667 424 674 ί
522 653 733 720 positas
802 652 1071 706 habuerit.
1144 651 1370 717 Quoties
1435 654 1600 722 igitur
1670 654 1865 708 oculus
1946 665 2094 710 recta

522 743 695 805 videt,
726 753 779 796 et
810 745 957 796 auris
991 745 1376 812 Spiritualihus
1403 762 1640 815 superne
1689 746 1918 800 intendit
1948 748 2097 800 voci-

521 835 659 900 bus,
724 843 777 886 et
834 836 1028 904 reliqui
1096 851 1286 890 onmes
1353 851 1415 888 ae
1481 838 1678 906 singuli
1734 853 1974 900 sensus,
2035 848 2092 892 et

523 925 782 992 putentia:
838 925 1113 994 praedicta:
1177 928 1757 997 irrcprehensibiliter,
1813 939 1867 983 ct
1931 928 2097 1000 digne

525 1017 659 1081 Deo,
716 1017 768 1070 id
821 1030 1145 1086 Opermtlur,
1201 1021 1344 1089 quod
1387 1022 1542 1075 decet
1585 1039 1597 1074 :
1639 1031 1768 1075 tunc
1823 1022 1875 1075 in
1931 1023 2096 1076 deca-

524 1109 731 1163 chordo
768 1112 1030 1180 psalterio
1078 1113 1184 1166 Deo
1218 1116 1493 1176 canimus,
1547 1116 1707 1184 eique
1741 1115 1947 1184 gratias
1976 1117 2094 1188 agi-

525 1215 664 1260 mus,
699 1213 747 1254 et
789 1203 936 1255 illius
972 1218 1168 1256 nomen
1201 1204 1595 1272 gloriﬁcamus.

590 1289 759 1346 Vens.
794 1293 878 1346 10.
915 1291 1015 1358 Qui
1049 1294 1145 1346 das
1176 1295 1402 1348 salutem
1438 1297 1667 1364 regibus.
1719 1295 1904 1366 Neque
1948 1298 2091 1351 enim

517 1383 813 1444 exercitus,
864 1396 958 1437 aut
1006 1385 1256 1438 humanae
1295 1387 1453 1448 vires,
1504 1387 1718 1441 salrare
1760 1404 1855 1442 eos
1890 1390 2093 1452 solent,

517 1473 609 1524 sed
647 1473 734 1528 Dei
766 1479 1025 1543 potentia.

598 1571 703 1635 Qui
761 1573 976 1624 redimis
1013 1572 1184 1626 David
1224 1590 1430 1626 servum
1463 1581 1610 1626 tuum
1649 1574 1713 1628 de
1755 1576 1935 1645 gladio
1974 1594 2095 1630 ma-

517 1669 679 1734 ligno.
728 1665 804 1718 Ex
848 1667 999 1736 gravi
1043 1667 1254 1722 scilicet
1307 1669 1516 1736 prmlio,
1580 1644 1766 1738 atque
1798 1686 1863 1724 cx
1895 1671 2092 1724 acerba
2126 1644 2144 1659 ’

518 1764 714 1810 morte.

587 1851 752 1908 Vens.
790 1854 880 1906 Η.
915 1852 1068 1920 Eripe
1097 1870 1197 1915 me,
1232 1864 1279 1908 et
1304 1871 1427 1907 erue
1455 1872 1534 1908 me
1561 1855 1626 1908 de
1652 1871 1810 1907 manu
1855 1855 2089 1922 filiorum

516 1947 835 2011 alienorum,
885 1963 1109 2016 quorum
1162 1964 1218 2000 os
1269 1948 1504 2000 locutum
1553 1958 1631 2000 est
1674 1949 1986 2012 vanitatem,
2041 1959 2090 2002 et

514 2041 729 2092 dextera
752 2055 935 2093 eorum
965 2041 1180 2093 dextera
1213 2040 1513 2107 injustitite.
1554 2039 1679 2094 ch
1720 2041 1883 2094 verba
1923 2039 2089 2093 etiam

514 2140 770 2200 superius
830 2133 976 2186 dicta
1024 2139 1174 2194 sunt,
1211 2148 1398 2186 verum
1457 2132 1645 2187 eadem
1703 2148 1848 2187 nunc
1895 2133 2091 2202 repetit

513 2222 804 2291 Propheta,
825 2224 1130 2277 orationem
1156 2239 1218 2277 ac
1239 2239 1430 2293 preces
1449 2240 1579 2278 suas
1594 2225 1763 2294 magis
1778 2224 2090 2278 intendens.

587 2313 753 2370 Vens.
789 2315 875 2369 l2.
907 2317 1146 2381 Quorum
1178 2317 1281 2385 ﬁlii
1305 2332 1487 2370 eorum
1519 2317 1655 2369 sicut
1694 2317 1909 2371 novella:
1935 2317 2090 2385 plan-

514 2410 761 2473 tationes,
807 2409 1058 2460 stabilitas
1117 2409 1172 2461 in
1233 2408 1505 2477 jurentute
1555 2426 1673 2462 sua.
1750 2408 2088 2465 Felicitatem

512 2516 702 2554 eorum
766 2500 1074 2564 describit,
1129 2511 1183 2554 et
1235 2502 1482 2557 divitias.
1543 2501 1827 2569 Quorum,
1886 2503 2088 2571 inquit,

515 2591 610 2643 lilii
659 2589 920 2646 ﬂorentes
981 2601 1132 2656 sunt,
1185 2601 1349 2661 atque
1408 2594 1461 2648 in
1508 2595 1714 2664 vigore,
1771 2596 1939 2650 veluti
1993 2610 2089 2650 no-

513 2683 666 2736 vellre
701 2683 899 2751 planta:
932 2692 1104 2738 aucta:
1143 2685 1196 2737 in
1247 2684 1534 2752 juventute
1580 2700 1701 2741 sua.

587 2773 741 2827 Filia:
763 2791 940 2828 eorum
969 2775 1234 2844 eleganter
1269 2779 1569 2845 composin
1592 2821 1609 2842 ,
1658 2789 1813 2847 atque
1853 2787 2088 2839 ornata.

517 2877 571 2920 ut
596 2866 889 2921 similitudo
919 2868 1114 2936 temp’i.
1150 2866 1263 2922 Hoc
1280 2879 1387 2932 est,
1427 2879 1635 2924 ornata:
1664 2869 2043 2938 instar-templi
2071 2886 2086 2936 ;

513 2959 599 3014 vel
645 2959 780 3012 adeo
809 2969 1035 3021 ornataa,
1068 2967 1124 3012 ut
1165 2959 1234 3013 ob
1263 2973 1532 3014 summam
1555 2963 1901 3031 elegantiam,
1925 2969 2090 3028 atque

513 3056 914 3111 ornamentum,
947 3048 1130 3118 teinpll
1164 3049 1465 3103 similitudo
1496 3048 1801 3105 videantur.

2203 579 2326 630 μεις
2387 563 2488 631 τῆς
2539 562 2739 631 ψυχῆς.
2789 564 2958 615 Ὅταν
2991 559 3083 616 οὖν
3120 566 3148 616 ὁ
3201 564 3299 632 μὲν
3327 562 3606 633 ὀφθαλμὸς
3637 563 3773 632 ὀρθὰ

2200 655 2395 726 βλέπῃ,
2428 658 2458 724 ἡ
2498 656 2555 708 δὲ
2598 656 2736 723 ἀκοὴ
2772 657 3173 724 πνευματικοὺς
3229 657 3506 726 ἐνηχείται
3558 655 3770 722 λόγους,

2199 751 2294 800 καὶ
2325 748 2533 816 ἑκάστη
2593 749 2701 798 τῶν
2747 748 3060 816 εἰρημένων
3103 747 3414 818 αἰσθήσεων
3467 751 3561 800 καὶ
3613 748 3773 800 δυνά-

2201 857 2368 908 μεων,
2401 839 2705 908 ἀμέμπτως
2733 838 2829 892 καὶ
2862 838 3125 909 θεοφιλῶς
3147 841 3345 911 ἐνεργῇ
3377 841 3444 894 τὰ
3467 841 3767 911 πρέποντα,

2195 932 2317 984 τότε
2345 933 2432 983 διὰ
2459 932 2569 986 τῶν
2596 932 2728 985 δέκα
2761 932 2990 997 τούτων,
3049 933 3124 996 ὡς
3188 934 3321 988 δέκα
3365 935 3604 1005 χορδαῖς,
3654 933 3769 1006 ᾄδει

2195 1042 2298 1091 τις,
2336 1026 2427 1077 καὶ
2454 1025 2788 1098 εὐχαριστεῖ,
2837 1026 2928 1079 καὶ
2952 1025 3166 1090 δοξάζει
3194 1027 3285 1080 τὸν
3311 1027 3463 1081 Θεόν.

2274 1297 2357 1361 Τῷ
2386 1297 2611 1350 διδόντι
2643 1297 2756 1367 τὴν
2801 1300 3104 1367 σωτηρίαν
3132 1302 3257 1366 τοῖς
3283 1302 3635 1365 βασιλεῦσι.
3690 1305 3766 1356 Οὐ

2196 1390 2304 1458 γὰρ
2335 1390 2717 1457 στρατόπεδαι,
2745 1392 2840 1444 καὶ
2861 1392 3102 1446 τοιαῦται
3132 1394 3409 1464 δυνάμεις,
3460 1395 3573 1448 ἀλλ’
3598 1398 3630 1465 ή
3673 1394 3765 1450 τοῦ

2194 1482 2330 1535 Θεοῦ
2363 1486 2526 1554 ῥοπή.

2271 1572 2360 1638 Τῷ
2387 1574 2773 1642 λυτρουμένῳ
2805 1575 3003 1638 Δαόὶδ,
3047 1577 3155 1630 τὸν
3184 1577 3412 1633 δοῦλον
3449 1580 3657 1645 αὑτοῦ,
3698 1582 3769 1638 ἐκ

2194 1665 2489 1734 ῥομφαίας
2512 1665 2797 1734 πονηρᾶς.
2825 1669 2922 1721 Ἐκ
2955 1668 3192 1739 πολέμου
3243 1669 3440 1735 δεινοῦ,
3471 1675 3563 1729 καὶ
3603 1673 3767 1728 θανά-

2195 1776 2290 1811 του
2319 1759 2542 1829 πικροῦ.

2277 1852 2491 1907 Ῥῦσαί
2505 1871 2608 1924 με,
2633 1853 2731 1908 καὶ
2756 1855 2973 1920 ἐξελοῦ
2994 1873 3072 1926 με
3099 1858 3168 1911 ἐκ
3201 1859 3400 1928 χειρὸς
3461 1859 3607 1914 υἱῶν
3661 1844 3769 1916 ἀλ·

2192 1945 2468 2013 λοτριων,
2492 1943 2580 2000 ὧν
2608 1946 2675 2000 τὸ
2704 1950 2899 2016 στόμα
2927 1948 3200 2016 ἐλάλησα
3231 1954 3617 2019 ματαιότητα,
3666 1954 3766 2006 και

2194 2036 2230 2103 ἡ
2277 2037 2447 2101 δεξιὰ
2477 2038 2696 2103 αὐτῶν,
2736 2040 2906 2104 δοξιὰ
2943 2040 3198 2105 ἀδικίας.
3250 2039 3383 2094 Eius
3419 2042 3614 2108 ταῦτα,
3673 2045 3770 2098 καὶ

2192 2127 2451 2199 ἀνωτέρω
2472 2147 2488 2161 ο
2517 2129 2814 2199 διττολογεῖ
2839 2131 2919 2196 δὲ,
2948 2131 3048 2201 τὴν
3089 2131 3276 2202 δέησιν
3316 2134 3623 2187 ἐπιτείνων.

2265 2302 2381 2364 Ὧν
2423 2312 2480 2363 ol
2507 2311 2626 2364 υἱοὶ
2657 2310 2857 2365 αὐτῶν
2886 2313 2966 2378 ὡς
2991 2312 3255 2380 νεόφυτα
3282 2310 3568 2380 ἱδρυμένα
3595 2309 3665 2363 ἐν
3692 2307 3767 2381 τῇ

2193 2404 2429 2470 νεότητι
2457 2402 2676 2458 αὐτῶν.
2709 2403 2822 2472 Τὴν
2855 2405 3156 2475 εὐημερίαν
3202 2403 3386 2456 αὐτῶν
3433 2403 3764 2472 ὑπογράγει,

2194 2498 2292 2550 καὶ
2320 2498 2411 2550 τὸν
2439 2496 2690 2551 πλοῦτον·
2722 2492 2799 2552 ὧν
2826 2498 2874 2550 οἱ
2902 2497 3029 2562 υἱοὶ,
3057 2497 3250 2567 φησιν,
3283 2496 3555 2562 εὐθαλεῖς,
3584 2495 3769 2563 ἀκμᾶ-

2192 2589 2378 2653 ζοντες
2413 2591 2489 2652 ὡς
2512 2589 2746 2658 νεόφυτα
2775 2589 3083 2660 ηὑξάμενα,
3117 2590 3175 2641 ἐν
3202 2593 3267 2660 τῇ
3302 2588 3518 2659 νεότητι
3559 2586 3764 2644 αὐτῶν.

2255 2770 2323 2822 Al
2355 2767 2674 2835 θυγατέρες
2701 2767 2899 2822 αὐτῶν
2919 2767 3506 2836 κεκαλλωπισμέναι,
3535 2784 3772 2836 περικεν

2193 2858 2677 2927 κοσμημέναιώς
2709 2861 2974 2930 ὁμοίωμα
3024 2861 3196 2914 ναοῦ.
3265 2861 3554 2930 Ὀμοίωμα
3606 2858 3764 2926 ναοῦ,

2190 2953 2224 3021 ἢ
2256 2952 2331 3015 ὡς
2363 2952 2541 3008 δοκεῖν
2579 2954 2832 3023 ὁμοίωμα
2887 2953 3041 3019 ναοῦ,
3085 2952 3227 3007 κατὰ
3259 2954 3485 3022 κόσμον,
3535 2955 3633 3007 καὶ
3675 2953 3772 3009 τὸν

2193 3044 2600 3112 καλλωπισμόν.
3172 3027 3179 3034 ι

589 3136 754 3192 Vens.
788 3137 877 3193 15.
906 3137 1290 3206 Promptuaria
1319 3155 1500 3194 eorum
1539 3142 1694 3211 plena
1716 3182 1732 3205 ,
1784 3148 2084 3201 eructantia

2267 3136 2344 3188 Τὰ
2398 3133 2608 3203 ταμεῐα
2667 3133 2867 3189 αὐτῶν
2921 3135 3147 3205 πλήρη,
3205 3138 3642 3208 ὲξερευτόμενα
3699 3134 3772 3194 ἐκ

509 3246 576 3283 ea:
601 3230 696 3282 hoc
723 3232 775 3283 in
799 3231 914 3284 hoc.
943 3232 1054 3286 Hoc
1074 3242 1176 3297 est,
1213 3234 1284 3288 ob
1310 3236 1531 3289 inultam
1559 3237 1963 3294 reconditorum
1992 3243 2088 3295 ho-

516 3335 709 3372 norum
745 3320 979 3389 capiam,
1022 3323 1077 3376 in
1103 3322 1256 3378 aliud
1289 3327 1722 3394 promptuarium
1774 3339 2035 3383 evacuate
2070 3346 2085 3383 :

515 3410 670 3476 quasi
697 3409 869 3478 prima
901 3411 992 3464 illa
1027 3415 1404 3483 promptuaria
1433 3426 1615 3470 essent
1647 3424 1902 3486 angusta,
1925 3429 2090 3486 atque

511 3502 637 3554 ideo
664 3503 839 3557 delata
872 3505 937 3557 ad
967 3506 1170 3575 majora
1221 3509 1592 3577 promptuaria
1621 3525 1640 3575 ;
1694 3510 1848 3580 juxta
1902 3512 2034 3566 illud
2071 3529 2086 3568 :

513 3593 795 3647 Desiruam
821 3597 1012 3651 horrea
1044 3615 1180 3661 mea,
1209 3610 1256 3653 et
1281 3601 1488 3669 majora
1523 3601 1802 3670 wdiﬁcabo
1831 3605 1903 3657 ".

583 3685 749 3742 Vens.
780 3688 869 3743 14.
901 3688 1034 3744 Oves
1057 3707 1236 3744 eorum
1265 3691 1536 3760 fecunda,
1585 3695 1999 3763 multiplicantes
2037 3699 2092 3748 in

511 3782 802 3849 egressibus
832 3784 967 3850 suis,
1004 3787 1151 3839 boves
1181 3803 1361 3840 eorum
1385 3789 1624 3857 pingues.
1669 3786 1770 3841 Per
1811 3802 2090 3856 egressus,

513 3879 608 3922 aut
636 3879 823 3940 partus
858 3872 1162 3944 intelligere
1189 3878 1449 3933 debemus
1477 3919 1492 3944 ,
1522 3887 1618 3932 aut
1660 3879 1842 3933 exitus
1876 3877 1945 3933 ad
1998 3893 2094 3948 pa—

512 3975 667 4015 seua.

587 4051 708 4106 Non
733 4063 808 4107 est
848 4058 1003 4110 ruina
1029 4058 1270 4110 maceria:
1299 4096 1313 4120 ,
1370 4075 1530 4127 neque
1559 4060 1819 4116 transitus
1849 4100 1868 4126 ,
1926 4079 2090 4132 neque

512 4147 715 4196 clamor
740 4146 792 4197 in
819 4147 1008 4214 plateis
1036 4164 1236 4201 eorum.
1264 4149 1378 4202 Non
1405 4159 1616 4202 tantum
1638 4166 1827 4206 eorum
1877 4164 2091 4224 segetes

512 4246 568 4289 et
598 4239 773 4305 campi
833 4237 1046 4302 lloreut,
1087 4251 1141 4294 et
1168 4242 1336 4295 vineae
1359 4260 1374 4307 ;
1399 4243 1492 4297 sed
1531 4245 1756 4300 stabiles
1779 4247 1940 4301 etiam
1967 4257 2094 4301 sunt

511 4343 700 4383 eorum
743 4333 1010 4386 maceriae.
1059 4333 1158 4387 Per
1215 4338 1511 4389 maceriam
1567 4336 1731 4391 eiiam
1764 4379 1779 4403 ,
1834 4355 1928 4394 seu
1985 4339 2094 4411 [ut

513 4421 693 4488 potius
727 4420 914 4475 Grreea
940 4423 1108 4477 dictio
1141 4425 1392 4493 φραγμδς
1416 4427 1741 4498 signiﬁcat],
1764 4445 1860 4496 per
1881 4445 2086 4500 sepem,

2189 3226 2406 3281 τούτου
2432 3229 2518 3292 εις
2547 3226 2742 3282 τοῦτο.
2789 3227 3194 3282 ’Δποκενοῦντα
3221 3231 3302 3293 εις
3332 3229 3522 3301 ἕτερον
3570 3228 3661 3282 διὰ
3704 3228 3771 3281 τὸ

2192 3320 2649 3390 στενοχωρεῖσθαι
2681 3320 2760 3390 τῷ
2810 3319 3008 3392 πλήθει
3051 3321 3162 3374 τῶν
3220 3320 3767 3391 τεθησαυρισμένων.

2193 3414 2265 3466 Ἢ
2293 3416 2380 3467 καὶ
2406 3413 2573 3484 φοροῦ
2582 3431 2717 3483 μενα
2738 3415 2819 3476 εἰς
2849 3414 3092 3483 μείζονα,
3126 3415 3269 3471 κατὰ
3296 3415 3358 3468 τὸ
3381 3412 3624 3471 Καθελῶ
3640 3430 3768 3482 μου

2190 3503 2297 3570 τὰς
2334 3504 2675 3571 ἀποθήκας,
2697 3504 2794 3561 καὶ
2819 3503 3103 3574 μείζονας
3125 3503 3523 3574 οἰκοδομήσω.

2268 3687 2344 3741 Τὰ
2374 3688 2638 3755 πρόϐατα
2671 3684 2872 3741 αὐτῶν
2917 3685 3244 3749 πολύτοκα,
3275 3682 3669 3751 adumbras-ta
3695 3681 3772 3734 ἐν

2193 3779 2322 3846 ταῖς
2351 3779 2586 3844 ἐξόδοις
2617 3777 2836 3833 αὐτῶν
2873 3780 2927 3831 ol
2951 3778 3104 3844 ,ϐόες
3129 3774 3330 3830 αὐτῶν
3351 3774 3590 3843 παχεῖς.
3612 3773 3770 3839 Ἐξό-

2191 3871 2317 3934 δους
2349 3871 2381 3941 ἢ
2411 3871 2509 3933 τὰς
2540 3872 2826 3941 γεννήσεις
2852 3869 3104 3940 νοοῦμεν,
3135 3866 3288 3943 ﬁsci;
3318 3868 3411 3920 ἐπὶ
3453 3867 3553 3929 τὰς
3591 3865 3772 3936 νομὰς

2194 3964 2484 4033 προόδους.

2260 4055 2383 4107 Οὺκ
2411 4053 2547 4108 ἐστι
2581 4051 2941 4120 κατάπτωμα
2965 4050 3262 4120 φραγμοῦ,
3297 4050 3440 4103 οὐδὲ
3467 4049 3769 4115 διέξοδος.

2194 4146 2337 4202 οὐδὲ
2365 4145 2598 4214 κραυγὴ
2623 4145 2694 4198 ἐν
2724 4144 2855 4210 ταῖς
2889 4145 3202 4209 πλατείαις
3230 4143 3447 4197 αὐτῶν.
3488 4145 3561 4196 0'3
3605 4144 3774 4211 μόνον

2193 4236 2441 4305 κομῶσιν
2463 4235 2644 4288 αὐτῶν
2668 4235 2735 4288 τὰ
2765 4235 2892 4303 λήῖα
2919 4235 3010 4287 καὶ
3028 4237 3073 4286 ol
3100 4233 3445 4303 ἀμπελῶνες,
3472 4233 3587 4286 ἀλλ’
3610 4235 3777 4289 ἑστᾶ-

2198 4343 2248 4379 σι
2277 4328 2370 4381 καὶ
2391 4330 2439 4380 οἱ
2469 4327 2676 4382 τούτων
2711 4327 2978 4396 φραγμοι·
3009 4324 3262 4396 φραγμδς
3291 4324 3346 4377 δέ
3375 4325 3470 4377 καὶ
3503 4325 3564 4377 τὸ
3589 4325 3776 4395 τεῖχος

2194 4419 2294 4487 τῆς
2333 4419 2566 4480 πόλεως,
2609 4418 2701 4470 καὶ
2751 4418 2851 4486 τῆς
2881 4417 3109 4480 οἰκείας,
3153 4409 3228 4471 ὧν
3262 4416 3438 4478 οὐδὲν,
3471 4417 3628 4489 φησι,
3674 4416 3776 4474 πέ-

513 4522 605 4564 aut
636 4514 870 4568 civitatis
899 4516 1095 4568 mcenia
1125 4518 1468 4586 accipiuntur
1492 4559 1508 4582 ,
1571 4529 1663 4572 aut
1700 4521 1892 4588 privati
1946 4523 2085 4576 muri

2200 4528 2440 4567 πτωκεν·
2486 4511 2602 4565 ἀλλ’
2633 4509 2758 4563 οὒτε
2791 4507 3054 4578 ἐκδρομὴ,
3085 4506 3210 4560 οὔτε
3257 4507 3495 4577 κραυγὴ,
3529 4510 3588 4558 ἐν
3645 4509 3774 4568 ταῖς

516 4605 733 4658 domus.
773 4604 1037 4672 Quorum,
1073 4608 1251 4676 inquit
1287 4609 1472 4677 igitur,
1507 4610 1641 4664 nihil
1688 4612 1888 4666 decidit
1922 4631 1936 4666 :
1993 4613 2087 4667 sed

517 4709 694 4762 neque
717 4696 1124 4761 excursiones,
1173 4709 1265 4749 aut
1311 4699 1578 4752 clamores
1619 4701 1671 4754 in
1723 4716 1912 4754 eorum
1963 4712 2092 4757 sunt

518 4785 767 4846 urbibus,
810 4788 918 4848 vel,
947 4786 1102 4853 quta
1133 4789 1298 4840 alium
1338 4790 1709 4859 interpretem,
1732 4793 1783 4845 in
1809 4793 2090 4850 suburbiis

513 4891 726 4930 eorum.
755 4877 852 4932 Ubi
887 4880 1032 4931 enim
1073 4882 1424 4934 tumultuatio
1451 4892 1572 4943 est,
1623 4894 1717 4937 aut
1755 4888 2093 4953 perturbatio

515 4987 578 5023 ex
615 4971 777 5033 bello,
808 4972 920 5024 illic
959 4973 1124 5024 etiam
1157 4975 1510 5028 excursiones
1541 4975 1778 5029 hostium
1834 4987 1983 5031 sunt.
2018 4978 2092 5032 Dc

518 5061 619 5111 huc
660 5062 884 5112 materia
941 5061 1147 5114 dictum
1202 5071 1286 5116 est
1327 5063 1488 5116 etiam
1537 5065 1589 5116 in
1635 5066 1842 5132 psalmo
1893 5083 2089 5121 uitii:

521 5150 658 5213 Quia
694 5151 857 5203 εειαυὶ
898 5152 948 5204 in
971 5153 1163 5221 iniquis
1197 5191 1209 5213 ,
1244 5171 1418 5212 pacem
1442 5165 1772 5222 peccatorum
1798 5157 1998 5212 videns.

591 5241 755 5295 Vatis.
783 5245 869 5297 15.
893 5243 1114 5296 Beatum
1135 5245 1382 5297 dixerunt
1411 5246 1659 5314 pupulum
1684 5250 1767 5299 cui
1799 5248 1908 5300 ha'c
1943 5259 2086 5303 sunt.

518 5331 694 5398 Multi,
728 5336 925 5403 inquit,
959 5338 1101 5390 hunc
1131 5338 1387 5405 pupulum
1443 5338 1512 5391 ob
1539 5337 1834 5392 visibilium
1893 5338 2089 5406 hujus-

519 5427 730 5478 cemodi
797 5429 1063 5482 honorum
1096 5430 1331 5498 c0piam,
1376 5430 1590 5482 beatum
1624 5431 1898 5494 dixerunt,
1935 5446 2088 5484 cum-

520 5533 627 5584 quc
670 5519 914 5572 fallacem
949 5521 1088 5573 hanc
1123 5522 1264 5591 vulgi
1301 5521 1620 5576 sententiam
1644 5522 1910 5589 posuerit,
1936 5535 2088 5574 suam

522 5612 777 5681 deinceps
809 5613 1077 5681 Propheta
1106 5615 1405 5671 meliorem.
1439 5628 1502 5670 ac
1534 5615 1818 5670 rcctiorem
1879 5612 2041 5666 inicit
2074 5650 2089 5674 ,

523 5703 711 5757 dicens
743 5724 756 5758 :

594 5815 639 5847 ⁶⁴
673 5819 802 5869 Luc.
832 5832 926 5881 ιιι,
959 5815 1038 5869 IS.

2197 4606 2479 4666 πλατείαις
2504 4604 2604 4674 τῆς
2635 4602 2841 4664 πόλεως
2871 4601 3074 4654 αὐτῶν.
3107 4601 3178 4652 Ἤ
3214 4599 3316 4656 καθ
3336 4598 3348 4618 ’
3369 4599 3560 4669 ἕτερον
3593 4599 3775 4668 ἐρμή-

2198 4702 2413 4768 νευτὴν,
2445 4698 2502 4748 ἐν
2536 4698 2654 4759 ταῖς
2687 4692 2984 4746 ἐπαύλεσιν
3012 4692 3212 4747 αὐτῶν.
3253 4691 3421 4743 Ἔνθα
3453 4692 3563 4760 γὰρ
3604 4689 3771 4759 Θόρν-

2199 4789 2291 4852 60;
2344 4790 2436 4841 καὶ
2457 4789 2673 4856 ταραχὴ
2705 4791 2768 4839 ἐκ
2799 4785 3075 4855 πολεμίων
3099 4787 3236 4850 ἐκεῖ,
3269 4785 3362 4838 καὶ
3393 4784 3773 4854 ἑκδρομὴ,καὶ

2193 4882 2484 4950 διαδρομή.
2525 4880 2689 4945 Λέγει
2716 4877 2770 4930 δὲ
2801 4882 2894 4930 καὶ
2921 4880 2979 4930 ἐν
3013 4877 3092 4947 τῷ
3131 4877 3211 4944 οβ’
3237 4877 3460 4946 ψαλμῷ,
3490 4877 3572 4927 ὃτι
3604 4875 3775 4935 Ἐζή-

2192 4976 2366 5024 λωσα
2392 4973 2460 5022 ἐν
2483 4970 2608 5035 τοῖς
2637 4968 2910 5037 ἀνόμοις,
2944 4967 3197 5036 εἰρήνην
3231 4964 3599 5035 ἁμαρτωλῶν
3626 4969 3774 5020 θεω-

2184 5062 2332 5129 ρῶν.

2264 5241 2670 5311 Ἑμακάρισαν
2717 5241 2825 5294 τὸν
2867 5241 3023 5294 λαὸν
3067 5259 3114 5308 φ
3151 5237 3340 5295 ταῦτά
3395 5241 3548 5294 ἐστι.
3603 5239 3780 5310 Ἐμα-

2195 5332 2431 5394 κάρισαν
2461 5333 2510 5383 οἱ
2538 5331 2726 5382 πολλοὶ
2761 5334 2973 5395 τοῦτον,
3003 5333 3094 5384 διὰ
3128 5333 3226 5400 τὴν
3255 5332 3529 5402 εὐθημίαν
3550 5331 3660 5384 τῶν
3679 5332 3776 5386 δο-

2194 5425 2436 5477 κούντων
2459 5423 2702 5491 ἀγαθῶν.
2730 5423 2855 5485 est;
2882 5423 2937 5476 δὲ
2959 5423 3056 5490 τὴν
3076 5425 3423 5493 ἑσφαλμὲνην
3443 5425 3626 5493 κρίσιν
3656 5423 3775 5479 τῶν

2193 5516 2426 5582 πολλῶν,
2462 5517 2654 5583 ἐπάγει
2689 5516 2784 5568 καὶ
2809 5515 2907 5587 τὴν
2933 5516 3098 5588 ὀρθὴν
3123 5517 3302 5585 ψῆφον
3328 5518 3552 5580 ἑαυτοῦ,
