4134 6288
425 324 562 389 1⁵289

1564 320 1974 385 COMMENT.
2004 320 2087 382 IN
2129 318 2494 381 PSALMOS.

3541 308 3677 374 19.90

480 432 779 501 Μακάριος
812 435 846 487 ό
868 431 1041 498 λαὸς,
1082 427 1153 488 οὗ
1179 431 1393 500 Κύριος
1422 434 1454 487 ό
1492 433 1639 499 Θεὸς
1667 432 1878 488 αὐτοῦ.
1916 424 1988 486 Οῦ

2163 429 2363 484 Beatus
2391 426 2635 496 populus,
2678 424 2829 492 cujus
2859 421 3114 477 Dominus
3163 420 3301 477 Deus
3332 424 3468 492 ejus.
3507 420 3679 489 Cujus

408 531 573 596 μέρος
607 525 805 595 Κύριος
836 527 863 578 ὁ
918 525 1054 588 Θεὸς
1102 524 1292 579 αὐτοῦ’
1341 524 1373 595 ἦ
1419 517 1484 578 οῦ
1535 523 1798 593 Κύριοςὸ
1859 520 1992 585 Θεὸς

407 618 601 683 αὑτοῦ,
630 612 696 671 οὗ
743 617 991 688 κυριεύει
1021 620 1051 671 ὁ
1084 618 1239 682 Θεὸς.
1271 618 1369 687 οὐχ
1394 616 1603 679 ἁπλῶς,
1646 615 1785 669 ἀλλὰ
1816 614 1997 667 πειθο·

414 710 578 780 μένου
621 712 741 772 ταῖς
772 711 1017 773 ἐντολαῖς
1066 709 1253 765 αὑτοῦ.
1287 708 1459 762 Τοῦτο
1487 708 1595 779 γὰρ
1617 706 1787 769 ὅντως
1818 724 1995 777 μακα-

412 802 621 872 ριότης,
661 799 737 865 ὡς
771 799 976 869 ἀγαθὸν
1010 800 1240 869 μόνιμον
1289 801 1383 853 καὶ
1414 799 1743 863 δικιωνίξον.

856 894 1155 960 Αινέσεως
1204 892 1286 958 τῷ
1335 891 1535 946 Δαὸίό.

951 987 1247 1041 ΨΔΛΜΟΣ
1302 988 1395 1042 ΡΜ
1405 983 1475 1040 λ’.

646 1081 869 1146 Αίνεσις
907 1082 1063 1137 κοινὴ
1145 1083 1238 1135 καὶ
1278 1083 1445 1135 πᾶσιν
1487 1080 1829 1153 ἁρμόζουσα.

494 1342 748 1413 ’Υψώσω
771 1360 866 1409 σε,
889 1345 923 1399 ὁ
947 1344 1094 1410 Θεός
1112 1362 1255 1412 μου,
1279 1346 1312 1398 ὀ
1343 1344 1645 1409 βασιλεὺς
1671 1360 1807 1415 μου.
1827 1343 1994 1416 Ὑψη-

2098 522 2277 591 portio
2320 517 2584 573 Dominus
2618 516 2761 571 Deus
2795 517 2913 585 ejus
2942 531 2957 579 ;
2991 514 3074 569 vel
3103 513 3260 581 cujus
3299 514 3560 567 Dominus
3591 521 3678 567 est

2095 612 2239 669 Deus
2268 612 2408 680 ejus,
2440 610 2600 680 cujus
2634 607 2779 663 Deus
2815 606 3129 661 dominatur
3162 623 3175 658 :
3205 621 3303 660 nec
3327 604 3676 673 simpliciter,

2094 703 2189 759 sed
2222 704 2348 773 quia
2384 703 2532 756 illius
2569 710 2723 771 paret
2756 698 3055 754 mandatis.
3091 697 3215 752 llaec
3264 698 3463 752 etenim
3504 698 3678 751 beati-

2095 798 2225 853 tudo
2257 813 2383 854 vera
2418 807 2522 856 est.
2553 794 2717 852 veluti
2752 794 2918 859 bona,
2953 794 3166 849 stabilis
3198 808 3263 849 ac
3304 804 3585 864 perpetua.

2519 886 2873 941 Laudationis
2905 886 3005 952 ipsi
3057 884 3253 939 David.

2593 977 2913 1034 PSALMUS
2946 976 3180 1032 CXLIV.

2167 1073 2266 1130 llic
2302 1074 2548 1144 psalmus
2582 1072 2952 1127 laudationem
2990 1068 3081 1123 Dei
3111 1068 3379 1137 continet,
3412 1084 3535 1139 quae
3558 1084 3676 1123 om-

2097 1167 2261 1223 nibus
2290 1166 2596 1221 communis
2632 1178 2757 1219 esse
2785 1168 2986 1233 potest,
3018 1171 3071 1214 et
3102 1174 3167 1215 ex
3196 1160 3372 1219 tldeli:
3406 1162 3678 1233 cuiusque

2095 1273 2330 1330 persona
2359 1255 2616 1327 proferri.

2167 1352 2334 1406 Vens.
2367 1350 2415 1404 l.
2452 1349 2717 1405 Eraltabo
2751 1358 2819 1418 te,
2856 1349 2995 1405 Deus
3025 1364 3191 1413 meus,
3228 1364 3320 1401 rex
3359 1363 3520 1402 meus.
3556 1347 3676 1401 Alta

410 1435 480 1497 λὰ
520 1437 652 1506 περὶ
710 1436 807 1490 σοῦ
856 1436 1227 1509 Θεολογῶννῆ
1280 1438 1340 1491 τὸ
1371 1438 1504 1508 ὕψος
1567 1454 1662 1491 σου
1712 1438 1988 1507 γνωρίζων

2097 1456 2160 1496 ac
2186 1440 2440 1496 sublimia
2468 1441 2533 1495 de
2551 1451 2603 1495 te
2630 1441 3026 1512 contemplans,
3049 1440 3132 1495 vel
3155 1439 3495 1494 altitudinem
3517 1449 3667 1492 tuam

411 1528 529 1590 τοῖς
560 1525 874 1595 ἀγνοοῦσιν.

2097 1532 2481 1606 ignorantibus
2512 1532 2822 1588 declarans.

483 1619 589 1675 Kal
613 1620 933 1689 εὐλογήσω
964 1620 1030 1674 τὸ
1060 1618 1251 1689 ὄνομα
1277 1634 1397 1673 σου
1423 1620 1507 1686 εὶς
1537 1620 1644 1673 τὸν
1670 1618 1857 1675 αίῶγα
1887 1621 1988 1675 τοῦ

2167 1623 2235 1678 Ει
2268 1625 2569 1680 benedicam
2599 1625 2798 1678 nomini
2830 1635 2917 1678 tuo
2947 1641 3002 1679 ιη
3032 1622 3313 1689 mentum,
3342 1632 3393 1677 et
3418 1638 3471 1677 tn
3500 1638 3672 1677 strau-

408 1710 645 1777 αὶῶνος.
692 1712 811 1776 Πῶς
843 1713 952 1783 γὰρ
983 1713 1083 1766 οὐκ
1111 1711 1465 1780 ἄτοπον,τὴν
1511 1712 1612 1780 μὲν
1667 1713 1849 1766 κτίσιν
1902 1712 1988 1765 διὰ

2094 1712 2200 1768 Ιιιηι
2232 1715 2435 1769 sazculi.
2466 1714 2777 1769 Absurdum
2807 1713 2954 1769 enim
2988 1723 3133 1770 esset
3159 1756 3175 1780 ,
3209 1723 3500 1783 postquam
3556 1715 3676 1784 ipsa

411 1804 612 1867 παντὸς
647 1777 1000 1873 ἀναπέμπειν
1027 1804 1106 1876 τῷ
1140 1804 1353 1876 κτίστῃ
1397 1777 1555 1868 δ’όξαν
1610 1803 1703 1874 (οί
1737 1806 1985 1868 οὐρανοὶ

2092 1808 2256 1863 etiam
2289 1807 2626 1863 irrationalis
2656 1814 2911 1862 creatura
2986 1805 3302 1861 Creatorem
3338 1821 3498 1861 suum
3528 1820 3680 1859 sem-

408 1895 542 1965 γὰρ,
574 1897 762 1965 φησὶν,
804 1894 1155 1964 διηγοῦνται
1204 1895 1397 1961 δόξαν
1438 1899 1611 1968 Θεοῦ)
1656 1898 1750 1951 τὸν
1776 1899 1833 1952 δὲ
1903 1898 1988 1951 M-

2094 1914 2192 1970 per
2228 1899 2501 1970 glorificat
2538 1898 2693 1968 (Caeli
2720 1898 2888 1963 enim,
2922 1899 3122 1969 inquit,
3166 1909 3418 1952 enarrant
3448 1899 3679 1969 gloriam

408 2001 528 2053 γιον
561 1986 869 2057 ἄνθρωπον
897 1987 1255 2042 ἐλαττοῦσθαι
1295 1989 1499 2059 ταύτης
1533 1992 1591 2043 ὲν
1644 1991 1851 2061 τούτῳ,
1899 1993 1988 2042 καὶ

2093 1990 2193 2045 Dei
2223 1988 2315 2060 "),
2353 1990 2397 2045 si
2434 1990 2718 2045 rationalis
2747 1989 2910 2043 homo
2976 1990 3029 2043 in
3062 1991 3164 2044 boc
3209 1990 3543 2047 laudationis
3586 2005 3679 2060 ge-

411 2078 489 2146 μὴ
521 2078 754 2130 πάντοτε
787 2077 1035 2143 δοξάζειν
1066 2080 1228 2133 αὑτὸν
1264 2080 1360 2135 καὶ
1392 2080 1461 2134 δι’
1490 2082 1768 2151 εὐφημίας
1804 2081 1899 2133 καὶ
1928 2080 1988 2134 δι¹

2100 2096 2231 2137 nere
2272 2080 2341 2137 ab
2373 2096 2435 2136 ea
2467 2082 2798 2146 vinceretur,
2829 2094 2931 2134 nec
2963 2092 3180 2147 semper
3208 2077 3373 2133 Deum
3402 2080 3680 2150 gloriﬁca-

407 2169 780 2240 ἀγαθοεργίας
811 2185 828 2233 ;
858 2171 1059 2236 Ὅπως
1096 2174 1223 2242 γὰρ,
1262 2173 1448 2243 φησὶν,
1512 2172 1681 2226 ῑδωσι
1731 2173 1805 2227 τὰ
1841 2172 1988 2227 καλὰ

2093 2182 2198 2240 ret,
2230 2188 2329 2244 per
2355 2174 2545 2228 laudes
2582 2172 2841 2226 nimirum
2903 2180 2957 2225 et
2983 2186 3076 2241 per
3112 2171 3254 2225 bona
3298 2184 3486 2241 opera,
3516 2171 3677 2241 juxta

406 2258 580 2327 ὑμῶν
607 2259 774 2329 ἔργα,
816 2262 911 2315 καὶ
942 2268 1009 2316 τὰ
1042 2261 1195 2333 ἑξῆς
1240 2264 1337 2317 καὶ
1389 2263 1501 2334 γὰρ
1565 2264 1778 2317 πολλῶν
1820 2264 1988 2332 ἐσμεν

2090 2265 2143 2319 id
2172 2266 2315 2335 quod
2350 2265 2618 2335 scriptum
2655 2271 2737 2320 est
2769 2281 2782 2316 :
2817 2262 2885 2319 Ut
2906 2265 3113 2317 videant
3135 2264 3273 2319 bona
3294 2273 3466 2319 uestra
3490 2280 3674 2331 opera,

408 2351 685 2419 ὸψειλέται
714 2352 791 2423 τῷ
840 2353 982 2424 Θεῷ,
1012 2356 1096 2407 ὅτι
1138 2373 1197 2408 τε
1229 2356 1329 2408 οὒκ
1380 2356 1543 2418 ὄντας
1590 2355 1838 2425 ἐποίησε,
1899 2356 1988 2409 καὶ

2087 2367 2138 2412 et
2194 2357 2486 2427 glorificent
2539 2356 2753 2409 Patrem
2785 2355 2858 2423 ’⁸,
2920 2363 3026 2409 ctc.
3069 2355 3272 2409 Sumus
3322 2356 3521 2410 etenim
3568 2371 3679 2424 pra:

406 2445 491 2499 ὅτι
512 2446 787 2510 τοιούτους
805 2448 1121 2518 εἰργάσατο,
1148 2450 1244 2501 καὶ
1270 2449 1329 2500 τὸ
1356 2448 1649 2517 γενόμενον
1686 2447 1995 2518 διακρατεῖ,

410 2540 508 2591 καί
540 2542 853 2609 προνοεῖται
893 2540 983 2594 διὰ
1015 2541 1238 2607 παντὸς,
1276 2543 1369 2593 καὶ
1403 2543 1581 2612 κοινῇ,
1613 2542 1707 2594 καὶ
1735 2542 1866 2612 ἰδία,
1899 2541 1995 2593 καὶ

406 2628 605 2700 λάθρα,
637 2634 731 2684 καὶ
750 2635 1019 2702 φανερῶς,
1045 2634 1140 2685 καὶ
1171 2633 1393 2686 εἰδότων
1410 2633 1506 2686 καὶ
1531 2632 1896 2701 ἀγνοούντων.
1927 2632 1970 2683 Τ
1977 2630 1994 2684 ί

407 2726 519 2793 γὰρ
541 2726 607 2779 ἄν
631 2741 714 2788 τις
740 2726 882 2779 εἴποι
911 2724 981 2777 τὰ
1006 2724 1075 2779 δι’
1100 2726 1244 2795 ἡμᾶς
1270 2725 1580 2789 κτισθέντα,
1608 2725 1707 2794 τὴν
1724 2723 2000 2777 διακονίαν

411 2820 483 2887 ἢν
514 2818 646 2887 ἡμῖν
686 2817 1014 2888 παρέχεται,
1038 2817 1137 2888 τὴν
1156 2816 1445 2871 διάπλασιν
1470 2815 1565 2870 τοῦ
1598 2815 1876 2885 σώματος,
1898 2816 1999 2885 τὴν

407 2907 688 2974 εὐγένειαν
706 2910 805 2977 τῆς
826 2907 1028 2979 ψυχῆς,
1055 2908 1152 2979 τὴν
1184 2908 1424 2972 σῦνεσιν,
1440 2906 1532 2960 τὸν
1551 2906 1785 2976 φυσικὸν
1802 2908 1991 2976 νόμον,

2091 2451 2306 2507 caeteris
2336 2449 2596 2505 omnibus
2628 2464 2728 2502 nos
2763 2447 2873 2503 Deo
2906 2447 3220 2510 debitores,
3264 2455 3317 2503 et
3366 2449 3493 2517 quia
3550 2448 3677 2502 fecit

2090 2560 2216 2609 nos,
2246 2560 2369 2599 eum
2409 2558 2515 2598 non
2548 2558 2797 2599 essemus
2833 2561 2849 2599 :
2882 2550 2937 2599 et
2969 2543 3095 2613 quia
3129 2542 3263 2598 tales
3291 2544 3501 2598 creavit
3529 2583 3544 2607 ,
3580 2544 3679 2597 bo-

2096 2637 2272 2693 miries
2326 2636 2541 2691 scilicet
2582 2643 2637 2690 et
2673 2636 2858 2691 ﬁdeles
2887 2653 2904 2703 ;
2940 2644 2994 2690 et
3022 2637 3164 2705 quod
3196 2645 3415 2693 creatos
3448 2652 3677 2692 conscr-

2090 2739 2217 2794 vat;
2250 2734 2305 2782 et
2337 2729 2465 2798 quia
2491 2726 2888 2799 providentiam
2923 2736 3172 2780 nostrum
3201 2728 3446 2783 omnium
3483 2729 3669 2791 habet,

2089 2823 2144 2877 in
2182 2822 2494 2875 universum
2535 2818 2813 2883 omnium,
2849 2831 2914 2872 ac
2955 2817 3211 2887 privatim
3267 2821 3612 2889 singulorum
3653 2860 3670 2884 ,

2089 2918 2303 2967 secreto
2332 2918 2385 2963 et
2411 2908 2610 2979 palam,
2630 2915 2736 2960 tam
2766 2906 3057 2962 scientiam
3078 2923 3242 2978 quam
3276 2909 3667 2979 ignorantium.

405 3001 499 3053 τὸν
526 3002 793 3070 γραπτόνς
815 3003 908 3054 καὶ
928 3003 987 3054 τδ
1003 3001 1297 3069 κεφάλαιον
1312 3000 1420 3052 τῶν
1445 3000 1687 3069 αγαθῶν,
1710 3002 1744 3070 ἡ
1759 2998 1988 3069 διῖὴμᾶς

2092 3001 2227 3069 Quis
2262 3000 2406 3057 cnim
2447 2998 2632 3053 omnia
2667 3012 2728 3050 ea
2776 3012 3036 3052 enarrare
3096 3008 3325 3068 posset,
3362 3015 3485 3069 quae
3530 2999 3672 3055 Deus

407 3088 849 3161 ὲνανθρὼπησις,
888 3092 982 3144 καὶ
1013 3092 1083 3144 τὰ
1109 3091 1279 3162 πάθη,
1315 3092 1409 3144 καὶ
1449 3093 1481 3160 ἠ
1515 3092 1725 3163 σφαγή.
1762 3092 1984 3144 Τούτων

2086 3103 2309 3163 propter
2332 3091 2581 3145 homines
2603 3088 2851 3145 creavit?
2874 3088 2938 3142 Et
2962 3091 3325 3145 ministerium
3352 3091 3507 3156 illud,
3524 3094 3673 3163 quod

407 3177 504 3235 οὖν
558 3182 816 3237 ἁπάντων
847 3185 940 3236 καὶ
972 3184 1183 3255 μυρίων
1233 3183 1413 3237 ἄλλων
1474 3183 1751 3253 ὀφειλέται
1793 3184 1981 3254 ἐσμέν.

2094 3179 2253 3238 nobis
2279 3179 2590 3251 impendit?
2622 3178 2875 3248 corporis
2910 3177 3318 3247 formationem,
3346 3184 3541 3238 anima:
3574 3199 3675 3238 no-

407 3277 697 3345 bilitatem,
733 3281 1080 3350 sapientiam,
1117 3281 1816 3351 naturtelegem,etlegcm
1848 3282 2134 3351 scriptam,
2161 3279 2393 3350 etquod
2436 3279 2703 3334 bonorum
2766 3279 3014 3333 omnium
3094 3286 3184 3334 est
3249 3288 3413 3349 eaput
3438 3319 3456 3347 ,
3524 3281 3674 3340 illit-e

408 3369 863 3434 incarnationem,
896 3372 1204 3441 passiones,
1233 3382 1287 3429 et
1317 3372 1824 3429 mortem‘lﬂorum
1858 3373 2107 3430 omnium
2179 3372 2346 3445 igitur
2424 3383 2595 3441 atque
2644 3371 3132 3428 innumerabilium
3211 3374 3442 3429 aliorum
3502 3377 3672 3433 bene-

407 3468 680 3529 liciorum.
713 3470 823 3525 Deo
850 3471 1126 3528 debitores
1161 3487 1374 3528 sumus.

479 3565 603 3615 Καο
618 3559 902 3628 ’ἑκάστην
922 3562 1153 3631 ἡμέραν
1175 3564 1495 3634 εὐλογήσω
1515 3582 1610 3629 σε,
1640 3565 1733 3619 καὶ
1765 3563 1986 3620 alt-£00

408 3654 476 3706 τύ
506 3651 694 3720 ὄνομα
722 3669 839 3707 σου
863 3656 950 3720 εις
973 3656 1081 3709 τὸν
1113 3654 1322 3723 αἰῶνα,
1374 3656 1470 3711 καὶ
1510 3660 1599 3723 εις
1634 3657 1742 3712 τὸν
1799 3657 1988 3713 αιῶνα

410 3742 519 3797 τοῦ
546 3742 780 3810 αἰῶνος.
816 3742 1004 3799 Ταῦτα
1038 3746 1212 3816 σαφῆ.

479 3834 680 3902 Μέγας
710 3836 923 3903 Κύριος
986 3837 1083 3891 καὶ
1132 3837 1368 3902 αἰνετός
1410 3837 1670 3907 σφόδρα,
1713 3837 1812 3893 καὶ
1873 3855 1986 3904 της

403 3927 838 3996 μεγαλοσύνης
876 3928 1065 3982 αὐτοῦ
1112 3932 1227 3984 οὐκ
1251 3930 1385 3983 ἐστι
1426 3930 1633 3997 πέρας.
1691 3930 1875 3998 Μέγας
1922 3932 1983 3984 οὐ

412 4020 577 4091 μόνον
611 4019 686 4082 ὡς
721 4020 1123 4091 μεγαλουργὸς,
1161 4022 1297 4074 ἀλλὰ
1336 4022 1432 4075 καὶ
1454 4022 1534 4085 ὡς
1580 4023 1982 4092 μεγαλόδωρος,

409 4112 506 4164 καὶ
534 4112 620 4165 διὰ
661 4111 835 4164 ταῦτα
894 4114 1105 4175 αἰνετδς
1154 4115 1378 4185 σφόδρα.
1435 4115 1496 4167 El
1526 4116 1582 4167 δὲ
1611 4115 1710 4185 τῆς
1753 4115 1986 4185 μεγαλο-

411 4204 578 4272 σύνης
613 4204 779 4257 αὐτοῦ
808 4207 908 4258 οὐκ
936 4205 1051 4259 εστι
1082 4207 1278 4277 πέρας,
1332 4208 1454 4261 οὐδὲ
1496 4208 1716 4279 μέτρον,
1767 4208 1985 4271 πάντως

406 4295 529 4349 οὐδὲ
560 4295 659 4365 τῆς
682 4296 943 4360 αἰνέσεως
975 4297 1164 4351 αὐτοῦ.

480 4475 669 4532 Γενεὰ
704 4476 802 4531 καὶ
850 4478 1029 4545 γενεὰ
1073 4478 1381 4534 ἐπαινέσει
1435 4481 1506 4535 τὰ
1548 4480 1692 4549 ἔργα
1731 4496 1873 4537 σου.
1907 4483 1985 4536 Ἥ

407 4586 465 4621 τε
511 4566 664 4633 οὖσα,
697 4570 793 4639 ἥτε
826 4570 1078 4623 ἐπιοῦσα·
1112 4573 1364 4625 τουτέστι
1398 4574 1571 4626 πᾶσα.
1608 4573 1786 4642 Ἔργα
1810 4574 1866 4628 δὲ
1899 4574 1987 4626 λέ-

407 4678 496 4728 γει
542 4660 659 4723 νῦν,
692 4661 763 4715 τὰ
793 4662 851 4713 ὲν
878 4661 938 4728 ἓξ
975 4662 1216 4733 ἡμέραις
1247 4664 1748 4734 δημιουργηθένταο
1795 4666 1830 4736 ἧ
1888 4667 1984 4720 καὶ

405 4754 475 4806 τὰ
507 4755 565 4807 ὲν
594 4754 784 4825 τέρασι
820 4756 914 4808 καὶ
939 4755 1193 4826 σημείοις
1216 4757 1340 4810 καθ’
1371 4759 1614 4830 ἑκάστην
1638 4758 1835 4827 γενεὰν
1862 4761 1987 4814 ἑπι-

404 4843 722 4911 τελούμενα.

480 5021 589 5074 Kal
614 5019 728 5087 τὴν
750 5021 854 5074 δύω
866 5023 1011 5091 αμίν
1034 5038 1151 5078 σου
1183 5024 1616 5094 ἀπαγγελοῦσι.
1636 5028 1749 5100 Τὴν
1772 5032 1829 5083 ἐν
1853 5034 1981 5085 τού-

404 5131 519 5175 τοις
539 5130 599 5165 τε
633 5115 725 5167 καὶ
745 5113 845 5184 τὴν
874 5116 931 5167 ὲν
967 5116 1046 5185 τῷ
1082 5118 1413 5187 εὐεργετεῖν,
1432 5121 1466 5189 ἦ
1488 5120 1759 5185 κολάζειν.
1780 5122 1981 5179 Γενεὰν

402 5206 459 5259 δὲ
514 5206 607 5258 καὶ
669 5208 864 5273 γενεὰν
911 5208 1060 5276 λέγει
1101 5209 1195 5262 νῦν
1257 5212 1384 5275 τοὺς
1432 5214 1490 5266 ἐν
1538 5216 1746 5284 ἑκάστῃ
1814 5219 1979 5289 γενεᾷ

404 5299 663 5360 συνετοὺς
689 5300 783 5352 καλ⁵
817 5299 1107 5369 θεοφιλεῖς,
1133 5301 1184 5354 οἳ
1225 5305 1417 5374 πρῶτι
1448 5307 1547 5374 μὲν
1571 5309 1785 5371 ἑαυτοῖς
1824 5310 1981 5362 ἔπαιε

400 5390 554 5445 νοῦσι
582 5391 650 5441 τὰ
680 5389 815 5461 ἔργα
849 5392 941 5445 τοῦ
999 5394 1156 5461 Θεοῦ,
1192 5393 1309 5449 εἶτα
1368 5400 1460 5451 καὶ
1489 5397 1669 5463 ἄλλοις
1701 5400 1980 5470 ἀπαγγέλ-

400 5484 556 5536 λουσι
594 5482 694 5553 τὴν
720 5484 951 5554 δύναμιν
972 5487 1159 5543 αὑτοῦ.

2167 3558 2334 3616 Vens.
2370 3560 2433 3616 2.
2464 3560 2567 3614 Per
2598 3560 2835 3629 singulos
2857 3561 2967 3614 dies
2994 3560 3295 3615 benedicam
3326 3562 3421 3615 tibi
3438 3606 3452 3624 ,
3480 3575 3528 3618 et
3551 3562 3672 3618 lon-

2089 3654 2231 3708 daba
2250 3670 2439 3707 nomen
2466 3664 2612 3708 tuum
2640 3655 2694 3706 in
2722 3653 3003 3716 saxulum,
3026 3662 3077 3708 et
3108 3654 3162 3706 in
3182 3658 3434 3708 srrculum
3459 3660 3666 3715 saeculi.

2092 3746 2216 3801 llasc
2244 3746 2407 3801 verba
2443 3761 2540 3815 per
2568 3760 2627 3800 se
2656 3744 2804 3799 clara
2846 3757 2999 3800 sunt.

2161 3836 2324 3892 Vens.
2367 3838 2422 3892 3.
2454 3835 2678 3905 Magnus
2707 3835 2962 3890 Dominus
3005 3847 3054 3891 et
3088 3837 3389 3893 laudandus
3419 3842 3591 3907 valde,
3620 3859 3669 3899 ιιι

2090 3927 2470 3998 magnitudinis
2496 3928 2611 3995 ejus
2632 3942 2735 3979 non
2754 3936 2830 3979 est
2861 3926 3004 3993 ﬁnis.
3033 3925 3267 3997 Magnus
3295 3945 3403 3983 non
3429 3940 3666 3996 tantum,

2092 4035 2147 4075 ut
2179 4034 2498 4090 magnarum
2555 4033 2741 4074 rerum
2800 4018 2979 4088 epiiex
3012 4060 3028 4085 ,
3082 4020 3177 4074 sed
3232 4030 3290 4074 ut
3348 4039 3667 4095 magnorum

2090 4113 2359 4165 donorum
2394 4109 2623 4178 largitor
2660 4125 2675 4162 :
2711 4117 2765 4164 et
2816 4120 3103 4178 propterea
3162 4111 3319 4165 valde
3361 4113 3671 4171 laudandus

2088 4210 2194 4259 est.
2236 4200 2392 4269 Quod
2428 4201 2475 4257 si
2512 4201 2696 4255 nullus
2725 4207 2811 4256 est
2845 4201 2971 4255 linis
3005 4201 3206 4257 divina:
3249 4206 3666 4274 magnitudinis,

2089 4303 2493 4365 consequenter
2542 4293 2725 4349 nullus
2773 4294 2878 4348 erit
2927 4294 3092 4349 etiam
3150 4295 3352 4352 divinis
3414 4299 3668 4357 laudibus

2092 4386 2309 4441 modus.

2158 4475 2320 4530 Vens.
2379 4475 2432 4529 4.
2477 4475 2756 4530 Generatio
2803 4485 2853 4529 et
2906 4478 3175 4546 generatio
3219 4478 3464 4537 laudabit
3508 4498 3668 4548 opem

2090 4579 2201 4622 tua.
2251 4569 2385 4623 Tam
2417 4583 2659 4637 praesens
2690 4569 3005 4635 generatio,
3039 4585 3203 4638 quam
3257 4588 3379 4641 qum
3436 4586 3664 4630 ventura

2089 4670 2172 4717 est
2198 4701 2213 4726 ,
2250 4660 2354 4714 hoc
2380 4669 2463 4715 est
2485 4662 2667 4715 omnis
2700 4660 3007 4730 generatio.
3041 4660 3215 4730 Opera
3258 4674 3442 4718 autem
3485 4667 3572 4721 hic
3602 4683 3664 4721 ra

2089 4752 2225 4807 dicit
2268 4749 2541 4821 PrOplieta
2570 4789 2587 4814 ,
2616 4766 2738 4819 qua:
2765 4752 2952 4807 mundi
2989 4752 3169 4817 initio,
3205 4754 3317 4809 illis
3355 4771 3447 4812 sex
3474 4758 3667 4813 diebus

2010 4842 2062 4902 D
2093 4843 2234 4900 facta
2273 4851 2401 4899 sunt
2433 4864 2446 4899 :
2485 4845 2566 4898 vel
2600 4845 2863 4899 miracula
2918 4853 2973 4899 et
2997 4847 3265 4916 prodigia,
3291 4865 3413 4919 quae
3445 4851 3665 4909 assiduo

2092 4939 2145 4992 in
2177 4937 2324 4992 omni
2356 4938 2707 5005 generatione
2737 4938 2806 4991 ab
2840 4952 2905 4992 eo
2935 4939 3049 4993 ﬁeri
3083 4941 3375 5012 contingit.

2167 5027 2231 5081 Et
2267 5030 2551 5096 potentiam
2611 5038 2761 5081 tuam
2817 5031 3257 5099 pronuntiabunt.
3319 5032 3660 5101 Potentiam,

2088 5135 2252 5189 quam
2283 5121 2335 5173 in
2370 5121 2644 5189 praedictis
2664 5121 2831 5177 babes
2864 5123 3333 5193 generationibus,
3361 5126 3440 5179 vel
3469 5134 3653 5194 poten-

2087 5216 2217 5268 tiam
2254 5214 2549 5281 prmstandi
2601 5214 2885 5280 beneficia,
2931 5224 2985 5271 et
3019 5216 3294 5287 inlligendi
3346 5220 3657 5287 supplicia;

2086 5304 2493 5373 generationem
2523 5315 2703 5360 autem
2733 5316 2786 5360 et
2820 5309 3231 5376 generationem
3286 5324 3382 5363 eos
3401 5310 3661 5378 appellat,

2084 5398 2179 5466 qui
2217 5396 2269 5450 in
2305 5412 2633 5468 unaquaque
2681 5402 3036 5470 generatione
3088 5402 3364 5470 sapientes
3429 5414 3556 5456 sunt
3603 5416 3655 5459 et

2078 5488 2166 5542 Dei
2199 5499 2498 5556 amatores,
2528 5494 2622 5562 qui
2670 5494 2905 5563 primum
2940 5494 3159 5562 quidem
3194 5510 3223 5547 a
3252 5495 3449 5563 scipsis
3473 5494 3658 5547 divina

2074 5596 2237 5651 Opt‘ra
2286 5582 2529 5648 laudant,
2560 5586 2752 5640 deinde
2781 5586 2942 5641 etiam
2973 5586 3091 5655 ejus
3120 5589 3415 5656 potentiam
3443 5589 3656 5645 caeteris

2076 5676 2422 5729 aununtiant.

470 5753 515 5786 "’
537 5753 680 5811 Psal.
720 5770 869 5819 xvm,
904 5756 953 5809 l.
1052 5758 1097 5790 "
1130 5758 1323 5814 Matth.
1348 5776 1399 5823 v,
1432 5762 1512 5816 l6.

752 5846 1022 5908 Parnm"
1086 5848 1201 5909 Gn.
1248 5850 1548 5914 CXXVlll.

3180 5869 3249 5935 41
