4134 6288
483 280 624 344 1303

1744 290 2123 353 EUTIIYMII
2152 293 2513 359 ZIGABENI

3604 290 3737 354 1305

555 395 716 447 Vens.
767 395 817 451 5.
861 397 1086 467 Magnus
1122 403 1374 456 uomiuus
1402 417 1602 469 uoster,
1642 415 1688 458 ct
1735 422 1924 474 ntagna
1957 423 2048 472 po-

2225 411 2426 478 Mé‘rac
2452 417 2485 467 ὁ
2508 417 2721 481 Κυριος
2770 413 2958 484 ἡμῶν,
2993 411 3089 468 καί
3114 410 3346 482 μεγάλη
3367 409 3601 478 ἠῖσχὺς
3631 411 3732 461 αὑ·-

483 488 649 539 tentia
673 488 811 556 ejus.
843 488 979 554 Quia
1014 506 1124 544 rem
1176 495 1439 562 grandem
1495 495 1767 565 Propheta
1801 498 2059 566 superius

479 578 666 632 dixit:
707 581 851 650 quod
907 583 1122 638 scilicet
1174 593 1252 638 tot
1298 585 1610 642 Judaeorum
1657 590 2056 653 multitudines,

480 669 684 739 ubique
731 674 975 742 gentium
1029 676 1328 746 dispersas,
1374 679 1517 736 Deus
1568 691 1715 736 esset
1756 696 2060 751 congrega-

479 767 662 825 turus,
695 761 958 834 deinceps
989 767 1055 819 de
1085 765 1268 820 divina
1293 780 1597 837 pertractat
1631 775 1895 842 potentia,
1928 789 2061 828 con-

481 851 650 906 lidere
696 869 890 911 omnes
923 857 1146 926 iubens,
1202 870 1257 915 et
1308 863 1516 932 absque
1554 864 1665 918 ulla
1717 866 2060 920 dubitatione

480 945 535 997 in
567 960 692 998 eum
725 949 971 1003 credere.

561 1036 633 1090 Et
656 1040 934 1106 sapientia:
963 1043 1076 1111 ejus
1109 1061 1211 1098 non
1239 1055 1312 1099 est
1346 1065 1617 1103 numerus.
1650 1045 1767 1103 Noli
1817 1065 2062 1120 qumrere

481 1144 721 1196 quonam
753 1133 934 1197 modo,
972 1145 1065 1188 aut
1097 1151 1203 1206 qua
1243 1139 1456 1194 ratione
1501 1141 1632 1194 illud
1672 1141 1923 1195 facturus
1968 1141 2059 1194 sit.

479 1218 614 1273 Nam
663 1227 1123 1292 quemadmodum
1183 1229 1379 1283 divina!
1433 1231 1827 1302 magnitudinis
1877 1234 2062 1287 nullus

480 1325 567 1369 est
601 1315 746 1380 linis,
774 1319 846 1370 ita
882 1323 1044 1374 etiam
1075 1322 1194 1390 ejus
1228 1326 1515 1394 sapientiae
1575 1328 1762 1383 nullus
1814 1338 1901 1384 est
1955 1344 2061 1383 nu-

480 1422 687 1461 merus.
728 1407 845 1462 Noli
903 1412 1070 1480 igitur
1104 1413 1170 1468 de
1224 1431 1290 1469 eo
1322 1416 1528 1487 aliquid
1576 1418 1851 1485 dubitare,
1901 1423 2059 1489 cujus

483 1499 917 1567 magnitudinem
955 1519 1020 1558 ac
1071 1507 1400 1576 sapientiam
1445 1511 1712 1567 inﬁnitam
1747 1528 1869 1568 esse
1917 1513 2060 1569 didi-

479 1606 644 1645 εοιις.

558 1686 722 1742 Vens.
772 1687 824 1742 6.
863 1687 1162 1757 Suscipiens
1204 1694 1354 1748 mites
1397 1694 1674 1754 Dominus.
1727 1697 1938 1756 Fovens
1995 1717 2061 1754 ac

483 1792 780 1844 recreans,
835 1781 1118 1851 patrisque
1188 1799 1283 1839 seu
1359 1790 1632 1846 curatoris
1699 1793 1903 1856 instar,
1966 1808 2063 1850 eos

483 1872 700 1929 fovens.

562 1965 871 2024 Ilumiliam
931 1983 1109 2028 autem
1155 1987 1454 2043 peccatores
1500 1994 1663 2049 usque
1727 1983 1795 2035 ad
1844 1992 2064 2036 terram.

487 2053 787 2114 Destruens
837 2077 934 2116 eos
969 2062 1239 2132 funditus,
1283 2080 1337 2124 et
1377 2070 1446 2125 ad
1494 2071 1674 2126 solum
1714 2075 2069 2128 vehementer

483 2161 580 2204 eos
611 2150 861 2207 allidens.
891 2154 1006 2230 iioc
1048 2159 1195 2213 enim
1226 2161 1540 2232 signiﬁcant
1574 2179 1636 2217 ea
1683 2164 1872 2228 verba,
1905 2182 2068 2236 usque

485 2239 556 2290 ad
587 2249 803 2298 terram.
833 2242 938 2298 Per
971 2247 1131 2302 mites
1159 2258 1340 2304 autem
1406 2251 1644 2306 humiles
1679 2251 1844 2307 corde
1881 2253 2065 2307 homiv

488 2346 586 2386 nes
611 2332 885 2402 intelligit,
921 2350 1015 2405 per
1045 2350 1364 2405 peccatores
1394 2358 1545 2408 vero,
1578 2347 1871 2413 superbos,
1909 2345 2064 2410 juxta

486 2425 619 2478 illud
661 2444 674 2480 :
716 2425 971 2483 Dominus
1015 2430 1216 2484 resistit
1239 2432 1501 2499 superbis,
1550 2434 1837 2490 humilibus
1889 2448 2067 2490 autem

488 2519 581 2570 (lat
612 2523 845 2590 gratiam
864 2523 929 2576 ⁸⁸.

564 2611 723 2669 Vens.
786 2615 906 2670 7-9.
977 2614 1258 2674 Prtecinite
1311 2620 1540 2676 Domino
1601 2624 1656 2677 in
1720 2626 2067 2694 confessione.

492 2701 779 2761 l’rmcinite
812 2708 860 2759 ei
901 2710 1178 2763 canticum
1210 2711 1428 2781 aliquod
1461 2715 1516 2767 in
1551 2715 1856 2782 gratiarum
1889 2716 2068 2770 actio-

489 2811 651 2858 nem;
690 2797 772 2850 vel
805 2797 985 2853 canite
1011 2800 1057 2853 ei
1117 2817 1210 2870 per
1250 2804 1550 2872 gratiarum
1585 2807 1856 2861 actiones.

561 2886 782 2943 Psallite
814 2889 918 2943 Deo
955 2901 1136 2946 nostra
1174 2897 1226 2946 in
1255 2895 1484 2957 cit/rara,
1523 2898 1614 2964 qui
1664 2900 1832 2966 operit
1882 2897 2071 2952 cazlum

487 2979 550 3032 in
579 2981 827 3044 nubibus,
891 2993 937 3035 et
992 2997 1263 3052 pra-parat
1320 2997 1474 3042 terra:
1519 2991 1752 3058 pluviam
1781 3009 1798 3045 :
1825 2994 1915 3061 qui
1953 3009 2075 3060 pro-

2164 505 2292 559 τοῦ.
2336 507 2556 578 Ἐπειδὴ
2589 509 2827 578 πρᾶγμα
2851 505 2974 562 εἷπε
3011 509 3293 577 μέγιστον,
3350 506 3433 557 ὅτι
3466 503 3735 562 τοσαύτας

2167 601 2439 669 μυριάδας
2461 601 2736 674 πανταχοῦ
2784 602 3183 669 διασπαρείσας
3209 599 3550 664 ἐπισυνάξει,
3605 596 3732 664 περὶ

2164 693 2264 761 τῆς
2327 694 2613 763 δυνάμεως
2661 694 2828 747 αὐτοῦ
2885 695 3072 747 λοιπὸν
3127 692 3459 760 διαλέγεται,
3515 689 3737 763 Θαρρεῖν

2163 786 2606 855 παρασκευάζων
2658 789 2756 841 καὶ
2791 786 3073 841 πιστεύειν
3103 784 3521 844 ἅνενδοιάστως.

2234 1061 2344 1116 Kal
2375 1059 2487 1129 τῆς
2525 1058 2836 1126 συνέσεως
2879 1057 3066 1114 αὐτοῦ
3100 1058 3213 1110 οὐκ
3262 1053 3435 1109 ἐστιν
3469 1049 3740 1120 ἀριθμός.

2164 1152 2256 1223 Μὴ
2310 1150 2465 1222 ζήτει
2500 1150 2640 1215 πῶς,
2676 1150 2772 1204 καὶ
2822 1150 2927 1202 τίνι
2978 1147 3190 1221 τρόπῳ,
3237 1145 3451 1213 Ὠσπερ
3483 1141 3591 1210 γὰρ
3643 1138 3744 1205 τῆς

2168 1243 2548 1316 μεγαλοσύνης
2596 1243 2760 1297 αὑτοῦ
2795 1242 2897 1295 οὐκ
2963 1241 3080 1294 ἐστι
3114 1238 3312 1307 πέρας,
3336 1233 3480 1289 οὕτω
3519 1232 3616 1284 καὶ
3647 1229 3746 1295 τῆς

2165 1335 2440 1398 συνέσεως
2483 1334 2648 1390 αὐτοῦ
2710 1335 2813 1387 οὐκ
2863 1332 3014 1387 ἐστιν
3071 1329 3307 1402 ἀριθμός
3337 1343 3352 1359 ·
3396 1321 3457 1381 οὗ
3495 1326 3550 1378 δὲ
3590 1321 3746 1392 καὶὴ

2167 1425 2517 1500 μεγαλοσῦνη
2580 1430 2672 1482 καὶ
2699 1428 2733 1498 ἠ
2762 1426 2922 1496 σοφία
2971 1425 3222 1497 ἄπειρος,
3273 1422 3404 1493 περὶ
3434 1419 3626 1473 τούτου
3673 1413 3748 1487 μὴ

2163 1521 2500 1594 ἀμφίόαλὶε.

2251 1698 2710 1770 Ἀναλαμϐάνων
2737 1697 2945 1768 πραεῖς
2978 1701 3011 1753 ὁ
3040 1696 3270 1767 Κύριος.
3315 1690 3753 1760 Ἀνακτώμενος.

2173 1795 2375 1864 φέρων,
2448 1791 2852 1857 διαϐαστάζων,
2906 1791 3194 1862 πατρικῶς
3220 1805 3282 1842 τι
3355 1785 3454 1841 καὶ
3516 1784 3756 1854 κηδεμοο

2171 1888 2340 1952 νικῶς

2246 1984 2550 2040 Ταπεινῶν
2603 1981 2670 2037 δὲ
2702 1977 3090 2052 ἁμαρτωλοὺς
3130 1975 3244 2040 ἕως
3290 1969 3425 2042 γῆς.
3454 1963 3760 2035 Καθαιρῶν

2171 2081 2249 2143 εἴς
2280 2078 2498 2148 ἔδαφος,
2538 2076 2904 2146 καταράσσων
2944 2072 3174 2142 σφόδρα.
3204 2067 3381 2122 Τοῦτο
3419 2064 3527 2134 γὰρ
3553 2057 3760 2130 ἐμφαί-

2170 2191 2248 2226 νει
2306 2173 2387 2234 τὸ,
2416 2170 2527 2237 ἕως
2578 2166 2713 2238 τῆς.
2777 2167 2981 2238 Πραεῖς
3018 2165 3116 2234 μὲν
3141 2159 3234 2218 οὖν
3258 2159 3410 2226 λέγει
3457 2156 3584 2216 τοὺς
3617 2170 3633 2184 ο
3665 2167 3760 2205 τα-

2174 2267 2393 2328 πεινοὺς
2421 2267 2485 2335 τῇ
2519 2262 2748 2332 καρδίᾳ·
2787 2257 3152 2330 ἁμαρτωλοὺς
3195 2254 3252 2308 δὲ
3303 2252 3428 2314 τοὺς
3470 2245 3751 2318 ὑπερηφά-

2172 2375 2314 2422 νους,
2369 2355 2511 2410 κατὰ
2559 2355 2639 2417 τὸ,
2699 2355 2913 2419 Κύριος
2949 2347 3365 2418 ὑπερηφάνοις
3391 2341 3762 2399 ἀντιτάσσε-

2173 2467 2288 2514 ται,
2313 2446 2617 2513 ταπεινοῖς
2642 2445 2708 2498 δὲ
2732 2445 2942 2497 δίδωσι
2979 2441 3176 2514 χάριν.

2257 2609 2581 2677 Ἐξάρεατε
2613 2603 2693 2670 τῷ
2722 2605 2914 2671 Κυρίῳ
2944 2602 3014 2656 ἐν
3061 2595 3523 2669 ἐξομολογήσει.
3563 2592 3769 2660 Ἐξάρο

2179 2710 2304 2772 ξατε
2332 2702 2481 2768 αὑτῷ
2507 2701 2650 2772 ᾠδῆς
2676 2697 2945 2769 δηλονότι,
2982 2698 3040 2749 ὲν
3071 2690 3424 2764 εὐχαριστίᾳ·
3471 2689 3530 2760 ἢ,
3587 2684 3768 2754 ἐξάρ-

2176 2799 2337 2861 Eata,
2369 2797 2492 2849 ἀντὶ
2520 2794 2628 2848 τοῦ
2682 2793 2854 2864 ᾅσατε
2880 2787 3027 2860 αὑτῷ
3055 2787 3121 2841 δι’
3146 2784 3529 2856 εὐχαριστίας.

2256 2887 2498 2942 Ψὰλατε
2521 2885 2600 2951 τῷ
2634 2883 2757 2949 Θεῷ
2786 2881 2955 2951 ἡμῶν
2982 2880 3052 2933 ἐν
3082 2875 3294 2944 κιθάρᾳ
3317 2892 3329 2904 ·
3359 2871 3440 2937 τῷ
3475 2868 3767 2938 περιϐάλ-

2180 2986 2353 3036 λοντι
2415 2981 2524 3034 τὸν
2565 2975 2826 3046 οὐρανὸν
2852 2976 2921 3027 ἐν
2946 2971 3252 3040 νεφέλαις,
3288 2966 3366 3031 τῷ
3397 2962 3769 3034 ἐτοιμάζοιτι

489 3075 633 3126 ducit
663 3073 714 3126 in
763 3075 1028 3129 montibus
1084 3079 1296 3131 herbam
1347 3090 1398 3134 et
1431 3057 1577 3135 olera
1615 3083 1853 3136 servituti
1899 3085 2065 3135 homi-

2183 3073 2254 3141 τῇ
2293 3071 2370 3142 γῇ
2407 3071 2605 3132 ὑετὸν,
2628 3067 2706 3133 τῷ
2743 3063 3209 3130 ἐξανατέλλοντι
3245 3061 3306 3113 ἐν
3335 3058 3501 3126 ὄρεσι
3544 3057 3771 3154 ζόρτον

491 3181 661 3219 num:
712 3170 799 3236 qui
851 3169 944 3220 dat
987 3171 1265 3237 pecoribus
1307 3171 1619 3228 alimentum
1657 3193 1864 3231 eorum.
1917 3174 2075 3245 Tegit

493 3260 710 3328 quidem
747 3261 888 3315 Deus
914 3263 1113 3317 caelum
1147 3265 1403 3329 nubibus,
1429 3275 1489 3321 ut
1515 3267 1699 3336 pluat;
1727 3267 1865 3338 pluit
1893 3277 2071 3323 autem

493 3360 553 3405 ut
589 3352 811 3407 herbam
845 3355 1112 3423 producat
1170 3368 1334 3427 atque
1361 3359 1529 3414 olera.
1567 3359 1724 3414 Olera
1755 3376 1884 3415 vero
1911 3368 2076 3430 atque

497 3446 725 3500 herbam
755 3447 1046 3515 producit,
1081 3457 1141 3502 ut
1189 3450 1339 3504 mitia
1393 3452 1556 3506 simul
1629 3463 1797 3522 atque
1845 3453 2075 3507 immitia

497 3536 609 3588 alat
635 3551 857 3605 pecora,
886 3553 1010 3605 qua:
1042 3537 1229 3594 herbis
1260 3550 1582 3596 vescuntur.
1619 3542 1834 3597 Dictum
1868 3551 1951 3598 cst
1978 3558 2078 3596 au-

498 3638 608 3681 tem
642 3629 696 3683 in
747 3630 957 3696 psalmo
990 3646 1083 3685 (‘llt
1127 3646 1141 3684 :
1177 3633 1419 3702 Irrigans
1457 3643 1657 3689 montes
1678 3635 1744 3687 de
1794 3634 2077 3687 cmnaculis

497 3723 626 3775 tuis.
676 3721 832 3787 Quod
864 3723 909 3777 si
963 3734 1177 3778 montes
1226 3726 1422 3794 irrigat
1470 3726 1630 3787 Deus,
1681 3727 1850 3779 multo
1904 3725 2078 3794 magis

496 3813 840 3869 fructiferam
893 3826 1093 3870 terram
1147 3817 1398 3887 irrigabit
1439 3835 1452 3872 :
1490 3825 1544 3872 et
1587 3817 1632 3872 si
1675 3818 2074 3872 irrationalium

500 3920 689 3959 curam
743 3922 806 3962 ac
837 3908 1239 3976 providentiam
1278 3910 1464 3973 habet,
1494 3911 1666 3965 multo
1702 3912 1879 3981 magis
1909 3911 2080 3964 ττιιὶοο

499 3997 708 4052 nalium
762 3999 1005 4059 habebit,
1049 4013 1270 4070 propter
1299 4016 1438 4069 quos
1475 4002 1813 4057 irrationalia
1852 4004 1967 4073 ipsa
2014 4003 2082 4055 ab

499 4105 566 4143 eo
588 4097 773 4143 creata
811 4104 960 4144 sunt.
995 4089 1126 4156 Quae
1158 4100 1471 4160 sequuntur
1499 4095 1552 4147 in
1588 4095 1782 4149 eodem
1831 4094 2082 4148 similiter

500 4181 774 4237 habentur
799 4183 1030 4250 psalmo,
1053 4183 1124 4237 ibi
1152 4203 1164 4238 :
1193 4183 1502 4240 Producens
1532 4186 1708 4239 renum
1748 4187 2020 4253 pecoribus
2041 4189 2085 4242 ⁸.

579 4357 646 4410 Et
674 4361 837 4428 pullis
883 4377 1161 4415 carrorum
1203 4363 1566 4418 invocantibus
1608 4381 1748 4421 eum.
1799 4364 1856 4419 In
1895 4365 2083 4421 eodem

2178 3167 2277 3222 καὶ
2302 3167 2498 3237 χλόην
2537 3163 2622 3231 ’τῇ
2666 3161 2915 3227 δουλείᾳ
2963 3156 3082 3211 τῶν
3130 3151 3479 3220 ἀνθρώπων,
3533 3148 3769 3202 διδόντι

2179 3265 2304 3327 τοῖς
2319 3259 2568 3324 κτήνεσι
2598 3253 2828 3323 τροφὴν
2846 3249 3066 3306 αὐτῶν.
3105 3245 3385 3302 Καλύπτει
3419 3243 3517 3311 μὲν
3541 3241 3657 3308 γὰρ
3675 3242 3768 3293 τὸν

2179 3353 2407 3426 οὐρανὸν
2431 3353 2488 3403 ὲν
2518 3348 2793 3416 νεφέλαις,
2816 3345 2900 3397 ἵνα
2928 3341 3140 3410 ὐετέσῃ·
3168 3337 3371 3401 ὑετίζει
3396 3336 3475 3397 δὲ,
3496 3334 3582 3386 ἴνα
3601 3332 3771 3402 χλόην

2183 3424 2278 3503 καὶ
2304 3445 2500 3516 χόρτον
2556 3438 2900 3506 ἐξανατείλῃ·
2960 3431 3308 3499 ἐξανατέλλει
3335 3429 3391 3481 δὲ
3418 3425 3595 3480 ταῦτα
3630 3424 3771 3516 προς

2179 3515 2514 3610 τροφὴνξτῶν
2534 3530 2842 3600 ποηφάγων
2873 3525 3090 3596 κτηνῶν
3108 3524 3333 3592 ἡμέρων
3353 3537 3412 3572 τε
3434 3518 3527 3573 καὶ
3557 3515 3772 3610 ἀνηρέ-

2185 3607 2315 3704 ρων.
2353 3629 2581 3699 Εἴρηται
2610 3624 2667 3678 δὲ
2712 3624 2810 3676 καὶ
2867 3624 2924 3675 ἐν
2976 3617 3054 3685 τῷ
3102 3613 3460 3711 pri-«bolum:
3511 3607 3776 3711 Ποτίςιοτ

2184 3701 2290 3795 ὅρη
2316 3725 2385 3777 ἐκ
2412 3721 2531 3775 τῶν
2575 3715 2860 3784 ὑπερῴων
2890 3711 3099 3768 αὐτοῦ.
3144 3708 3207 3761 El
3229 3707 3285 3758 δὲ
3309 3707 3378 3760 τὰ
3411 3704 3536 3773 ὅρη,
3584 3701 3775 3795 πολιῷ

2187 3793 2388 3890 μᾶλλον
2435 3814 2536 3885 τὴν
2598 3807 2949 3880 καρποφόρον
3001 3805 3139 3872 γῆν
3194 3801 3289 3854 καὶ
3326 3800 3375 3851 εί
3399 3798 3506 3851 τῶν
3555 3793 3774 3890 ἀλόγων

2185 3888 2394 3965 τίθεται
2431 3906 2712 3978 πρόνοιαν,
2750 3899 2930 3969 πολλῷ
2996 3897 3196 3966 μᾶλλον
3251 3893 3359 3946 τῶν
3417 3892 3680 3960 λογικῶν,
3706 3888 3775 3943 δι’

2185 4003 2278 4066 οὒς
2343 4002 2559 4069 παρῆγε
2605 3995 2700 4049 καὶ
2753 3991 2823 4046 τὰ
2881 3990 3070 4056 ἄλογα.
3111 3986 3344 4055 Ὀμοίως
3375 3985 3430 4037 δὲ
3492 3983 3586 4036 καὶ
3647 3983 3776 4051 περὶ

2187 4098 2295 4149 τῶν
2350 4092 2550 4161 ἑφεξῆς
2606 4088 2813 4160 ἐρρήθη
2846 4087 2905 4137 ὲν
2952 4083 3031 4153 τῷ
3074 4080 3370 4150 δηλωθέντι
3426 4077 3668 4148 ψαλμῷ·
3720 4075 3777 4127 '0

2187 4186 2610 4251 ἐξανατέλλειν
2634 4183 2852 4248 χόρτον
2882 4177 3007 4242 τοῖς
3042 4175 3316 4242 κτήνεσι,
3348 4174 3446 4228 καὶ
3471 4172 3672 4242 χλόην
3700 4169 3775 4238 τῇ

2188 4281 2435 4344 δουλείᾳ
2460 4277 2579 4330 τῶν
2607 4272 2952 4339 ἀνθρώπων.

2260 4372 2372 4428 Καὶ
2401 4368 2528 4434 τοῖς
2548 4364 2836 4429 νεοσσοῖς
2858 4364 2978 4417 τῶν
3003 4364 3272 4430 κοράκων
3292 4361 3420 4428 τοῖς
3442 4362 3774 4416 emittam;-

502 4455 668 4507 etiam
706 4454 918 4522 psalmo
955 4455 1093 4509 dixit
1122 4473 1136 4509 :
1177 4455 1373 4510 Omnia
1404 4458 1472 4509 ad
1499 4466 1546 4510 te
1573 4469 1892 4524 exspectant,
1915 4471 1969 4511 ut
1997 4460 2075 4512 de:

2190 4465 2397 4535 μένοις
2427 4460 2633 4515 αὐτόν.
2691 4453 2823 4509 Eine
2860 4454 2952 4508 καὶ
2981 4457 3040 4506 ἐν
3073 4452 3150 4522 τῷ
3189 4459 3266 4521 ργ¹
3297 4452 3501 4523 ψαλμῷ
3521 4468 3536 4482 ⁶
3571 4452 3774 4506 Πάντα

504 4545 613 4598 illis
637 4547 811 4598 cibum
843 4546 898 4600 in
929 4555 1182 4616 tempore.
1211 4548 1419 4604 Sensus
1452 4561 1556 4612 est,
1597 4549 1744 4619 quod
1793 4566 2086 4605 corvorum

512 4639 694 4703 pullos
747 4642 841 4707 qui
896 4651 1183 4709 parentum
1230 4634 1552 4698 crudelitate
1603 4645 1672 4697 ab
1710 4645 1792 4698 eis
1838 4643 2090 4697 derelicti

510 4733 772 4800 (oderunt
804 4732 950 4787 enim
974 4736 1124 4788 corvi
1155 4737 1410 4804 prOprios
1436 4735 1625 4806 foetus)
1658 4737 1896 4789 clamant
1930 4737 2091 4790 velte-

511 4832 748 4888 meuter,
803 4831 856 4877 ct
905 4841 1143 4894 superne
1187 4828 1428 4882 oscitant
1477 4835 1531 4881 ct
1583 4829 1764 4882 cibum
1815 4837 2088 4897 quarunt,

511 4915 659 4986 quod
712 4915 838 4978 hos,
889 4922 1135 4986 inquam,
1169 4934 1462 4973 corvorum
1502 4920 1681 4986 pullos
1715 4919 1859 4974 Deus
1915 4921 2094 4972 admi-

518 5009 752 5063 randum
796 5011 850 5063 in
881 5011 1103 5064 modum
1139 5013 1236 5065 alit
1269 5029 1281 5065 :
1319 5011 1384 5063 ad
1437 5026 1708 5078 suprema:
1744 5012 1951 5066 scilicet
1998 5014 2096 5066 be-

516 5100 804 5169 nignitatis
863 5111 918 5156 ct
958 5117 1187 5158 summa:
1218 5101 1576 5170 providentiae
1601 5116 1716 5156 sum
1754 5101 2095 5157 demonsmh

516 5191 746 5245 tionem.
792 5195 995 5248 Auram
1033 5197 1234 5250 etenim
1268 5193 1564 5263 quamdam
1615 5191 1756 5248 Deus
1799 5193 1854 5248 in
1907 5209 2094 5248 eorum

520 5298 617 5335 ora
652 5283 912 5350 demittit,
950 5302 1046 5356 per
1082 5302 1244 5356 quam
1298 5285 1693 5338 nutrimentum
1731 5287 1917 5340 nescio
1947 5286 2095 5356 quod

517 5392 585 5427 ex
625 5391 752 5431 aere
812 5390 1196 5448 congregatur,
1251 5393 1360 5448 quo
1404 5379 1469 5430 ad
1526 5376 1876 5445 grandiorem
1923 5395 2097 5448 usque

519 5476 735 5522 :ctatcm
766 5471 1110 5525 nutriuntur.
1139 5471 1398 5524 invocant
1423 5477 1608 5522 autem
1647 5467 1952 5535 Christum,
1987 5487 2093 5526 non

522 5560 668 5628 quod
709 5563 1017 5630 intelligant
1051 5564 1184 5633 quid
1217 5571 1400 5632 agant,
1435 5559 1526 5615 sed
1559 5559 1687 5626 quia
1729 5561 1990 5619 invocare
2016 5569 2095 5620 vi.

597 5743 640 5777 ”
672 5743 786 5799 Jac.
829 5761 899 5812 tv,
937 5744 990 5798 6.
1066 5749 1084 5779 τ
1126 5745 1266 5801 Psal.
1339 5761 1454 5812 cru,
1509 5749 1593 5808 l3.

2194 4557 2342 4625 πρὸς
2375 4554 2449 4608 σὲ
2477 4548 2864 4622 προσδοκῶσι
2908 4546 3120 4600 δοῦναι
3167 4545 3280 4612 τὴν
3308 4545 3541 4613 τροφὴν
3574 4542 3773 4598 αὐτῶν

2192 4654 2278 4714 είς
2306 4649 2604 4714 εὔκαιρον
2636 4645 2734 4696 καὶ⁵
2763 4644 2916 4711 ζήτει
2955 4642 3096 4693 ἐκεῖ·
3143 4639 3378 4707 φυσικὸς
3419 4638 3477 4690 δὲ
3505 4640 3534 4690 ὁ
3565 4637 3726 4706 λόγος
3759 4652 3774 4668 ο

2193 4742 2266 4804 ὼς
2309 4740 2358 4791 oi
2422 4736 2631 4790 νεοσσοὶ
2687 4733 2797 4786 τῶν
2847 4731 3101 4803 κοράκων
3159 4729 3773 4799 ἐγκαταλιμπανόμενιιο

2197 4833 2262 4885 δι’
2289 4829 2547 4901 ὠμότητα
2620 4827 2712 4880 καὶ
2757 4823 3101 4895 μισοτεκνίαν
3129 4839 3201 4874 πα
3211 4823 3278 4891 ρὰ
3307 4821 3415 4874 τῶν
3447 4821 3772 4890 γεγεννηκό-

2195 4942 2327 4989 των,
2362 4921 2658 4993 κράξουσιν
2702 4917 2916 4988 ἰσκέως,
2953 4914 3392 4984 κεχηνότεςᾶνω,
3429 4912 3521 4965 καὶ
3552 4911 3762 4980 ζητοῦνο

2193 5033 2284 5077 τες
2335 5014 2546 5083 τροφήν
2577 5028 2591 5041 ·
2653 5007 2746 5073 οὓς
2776 5011 2804 5062 ὁ
2829 5007 2961 5071 Θεὸς
3015 5005 3346 5078 ἀπορρήτως
3385 5005 3600 5074 τρέφει,
3638 5003 3773 5072 πρὸς

2196 5105 2423 5172 ἔνδειξιν
2468 5105 2565 5174 τῆς
2623 5102 2833 5164 οἰκείας
2892 5099 3185 5168 προνοίας,
3243 5097 3340 5151 καὶ
3411 5097 3542 5164 περὶ
3598 5095 3774 5150 πάντα

2196 5200 2586 5271 χρηστότητος,
2637 5193 2810 5264 αὔρας
2870 5195 2983 5254 τοῖς
3050 5192 3315 5259 στόμασιν
3369 5187 3551 5242 αὐτῶν
3610 5189 3772 5255 ἐμπι-

2208 5288 2498 5356 πτούσης,
2560 5285 2762 5356 βρῶσιν
2817 5283 2875 5346 ἐξ
2929 5282 3091 5350 ἀέρος
3162 5280 3285 5333 τινὰ
3345 5278 3774 5347 ὲπισπωμένοις.

2219 5378 2641 5436 Ἐπικαλοῦνται
2695 5378 2750 5430 δὲ
2780 5375 2871 5429 τὸν
2905 5375 3063 5437 Θεὸν,
3092 5375 3191 5445 οὐχ
3223 5377 3301 5436 ὡς
3333 5371 3629 5433 συνιέντες,
3659 5369 3774 5423 ἀλλ’

2208 5476 2281 5540 ὡς
2306 5471 2594 5532 δοκοῦντες
2661 5468 3066 5530 ἐπικαλεῖσθαι,
3117 5468 3210 5520 καὶ
3257 5466 3335 5529 ὡς
3374 5464 3476 5533 τῆς
3529 5462 3773 5533 κραυγῆς

2210 5565 2558 5639 μιμουμένης
2590 5563 2776 5636 δέησιν
2805 5580 2818 5595 ·
2853 5558 2941 5616 διὰ
2971 5558 3130 5613 τοῦτο
3171 5558 3281 5628 γὰρ
3312 5557 3406 5610 καὶ
3439 5553 3620 5615 ίδικῶς
3655 5551 3772 5603 τούν
