4134 6288
448 289 585 354 13ὓὸ

1581 296 1966 358 COMMENT.
2005 299 2083 360 IN
2127 300 2488 362 PSALMOS.

3559 295 3700 361 1306

440 417 564 463 τους
599 400 834 455 ἐνταῦθα
879 406 1236 476 μνημονεύει·
1264 407 1474 460 νεοσσοὶ
1502 406 1557 460 δὲ
1596 410 1852 478 κοράκων
1878 411 2001 463 ἀνα-

2116 410 2352 476 dentur,
2403 419 2458 467 et
2510 412 2640 484 quia
2694 411 2911 468 illorum
2986 412 3195 466 clamor
3254 410 3692 466 obsecrationem

440 495 712 561 γωγικῶς,
743 496 793 549 oi
826 497 884 563 ἐξ
944 498 1138 564 ἐθνῶν,
1161 500 1270 553 τῶν
1325 500 1596 570 ἀκάρπων
1624 502 1720 553 καὶ
1773 503 2013 570 μεμολυ-

440 589 653 656 σμένων
687 590 785 653 τὰς
814 590 992 660 ψυχὰς
1025 593 1105 662 τῷ
1137 591 1286 663 ζόφῳ
1330 593 1430 660 τῆς
1459 593 1757 663 ἁμαρτίας,
1783 592 1864 657 οἷς
1930 595 2013 647 δί-

434 679 568 734 δωσι
604 684 815 753 τροφὴν
854 687 881 738 ὁ
908 684 1042 748 Θεὸς
1082 686 1463 755 πνευματικήν
1494 702 1554 738 τε
1610 692 1705 738 καὶ
1739 687 1815 755 μὴ
1844 687 2013 740 ἀπολ-

432 774 694 847 λυμένην·
725 780 848 832 ἐπεὶ
869 778 925 832 δὲ
954 777 1200 840 ἀσθενεῖς
1227 775 1367 848 ἦσαν
1401 781 1463 833 ἐκ
1491 779 1590 846 τῆς
1611 780 2014 850 αἰχμαλωσίας,

2118 503 2411 572 quamdam
2435 518 2500 558 ac
2533 519 2722 572 preces
2747 505 3014 560 innitatur.
3058 503 3169 556 llac
3203 504 3371 570 igitur
3411 502 3480 555 de
3527 515 3695 555 causa

2120 607 2267 647 nunc
2311 606 2602 648 corvorum
2628 596 2942 664 specialiter
2979 595 3247 648 meminit.
3287 592 3447 646 Juxta
3495 605 3700 658 antigo-

2117 699 2219 753 gen
2248 686 2590 741 :Corvorum
2617 689 2746 756 pulli
2772 687 2957 742 ﬁdeles
2984 687 3168 757 pepuli
3195 697 3325 741 sunt
3351 703 3412 741 ex
3441 686 3698 753 geritibus

2121 779 2463 849 cnngrcgati,
2496 779 2662 833 veluti
2713 781 2805 850 qui
2855 780 3122 833 immundi
3158 787 3335 841 erant,
3370 787 3424 831 et
3461 777 3700 830 [indutas

2119 871 2329 938 peccati
2383 871 2621 940 caligine
2675 872 2807 925 olim
2863 873 3080 926 animas
3123 871 3398 924 habebant
3435 887 3449 924 :
3492 868 3697 938 quibus

439 960 566 1028 μηδ’
595 961 851 1017 ἐντεῦθεν
886 962 1249 1036 οορυδῶνται,
1282 963 1378 1016 καὶ
1402 966 1606 1032 ταύτην
1630 963 1810 1018 αὐτῶν
1847 965 2001 1036 Οερα.⁴

2118 960 2258 1016 Deus
2290 964 2633 1032 spiritualem
2655 965 2841 1018 cibum
2877 965 3101 1033 pra'ltet,
3134 973 3190 1017 ot
3214 978 3320 1017 non
3350 971 3697 1032 pereuntem.

431 1045 591 1101 must
623 1049 722 1121 τὴν
745 1053 1003 1123 ὑποψίαν,
1037 1053 1212 1122 λέγων
1252 1069 1268 1083 ⁸

2117 1054 2338 1122 (Dicunt
2379 1055 2545 1110 etiam
2607 1056 2797 1124 aliqui,
2830 1056 2979 1125 quod
3012 1070 3139 1108 cum
3179 1055 3289 1115 ille.
3334 1053 3427 1122 qui
3472 1064 3700 1105 summa:

431 1138 696 1198 bonitatis
728 1145 978 1212 estl’ons,
1005 1146 1213 1216 justam
1249 1146 1379 1203 Elia:
1404 1146 1763 1220 prophetaein
1787 1145 2007 1204 Iudaeos
2047 1148 2482 1217 indignationem
2523 1150 2741 1204 mollire
2812 1159 3056 1219 cuperet,
3097 1149 3292 1202 laniem
3346 1145 3575 1207 induxit,
3642 1154 3703 1198 ut

428 1232 698 1290 satietatis
750 1235 962 1293 fructus
1030 1241 1326 1310 castigaret
1393 1260 1408 1295 :
1479 1250 1534 1295 et
1569 1241 1725 1296 illum
1774 1241 2104 1311 praeparavit
2141 1243 2341 1296 nutriri
2372 1258 2401 1296 a
2434 1258 2622 1304 corvo.
2665 1259 2693 1295 a
2731 1244 2953 1298 volucre
2982 1243 3124 1306 dico,
3153 1241 3355 1310 proprii
3389 1240 3554 1294 [intus
3591 1240 3701 1291 ini-

432 1328 598 1394 mica,
639 1345 761 1399 qua
788 1333 933 1402 parit
956 1332 1173 1402 quidem
1207 1334 1407 1402 pullos,
1440 1335 1534 1388 sed
1561 1348 1658 1389 eos
1690 1349 1799 1389 non
1822 1334 1997 1388 nutrit
2036 1333 2382 1402 (nutriuntur
2433 1335 2580 1390 enim
2611 1336 2992 1389 minutissimis
3052 1334 3378 1403 quibusdam
3446 1330 3700 1386 animali'

429 1417 555 1484 bus,
584 1436 705 1491 quae
756 1422 970 1476 illorum
1012 1423 1173 1478 nidos
1205 1423 1631 1495 circumvolant)
1665 1442 1680 1479 :
1760 1438 1827 1479 ac
1897 1423 2212 1493 huiusmodi
2257 1424 2423 1491 iacto,
2460 1426 2613 1480 visus
2643 1436 2728 1481 est
2768 1426 3061 1480 consilium
3102 1424 3233 1479 Elim
3296 1424 3559 1495 praebere,
3597 1435 3701 1474 nc-

427 1512 594 1567 nimia
641 1514 694 1567 in
750 1511 967 1572 Judaeos
1020 1516 1394 1588 indignatione
1445 1527 1717 1582 uteretur,
1764 1532 1900 1572 nere
1947 1531 2006 1571 se
2046 1517 2412 1572 inhumanum
2469 1522 2649 1590 magis
2702 1518 3039 1582 ostenderet,
3091 1533 3257 1589 quam
3301 1518 3356 1572 in
3422 1532 3547 1572 eum
3615 1502 3700 1569 vel

425 1605 518 1659 illa
546 1607 664 1661 avis
695 1607 882 1674 fuerit,
923 1626 1044 1678 qua:
1073 1619 1226 1667 tanto
1271 1612 1398 1668 odio
1425 1615 1678 1683 proprios
1740 1613 2088 1683 persequitur
2119 1613 2302 1683 ﬁlios).
2340 1611 2478 1679 Quia
2509 1629 2642 1668 vero
2663 1611 2866 1676 Judaei,
2935 1614 3025 1682 qui
3069 1627 3135 1667 ex
3221 1611 3546 1682 Babylonica
3615 1625 3684 1663 re-

427 1700 572 1752 versi
627 1699 847 1755 l'ucraut
897 1703 1238 1772 captivitate,
1285 1704 1495 1760 debiles
1539 1713 1720 1769 erant,
1762 1719 1830 1759 ac
1884 1703 2004 1758 sine
2043 1705 2234 1770 armis,
2312 1706 2682 1775 omnibusque
2757 1706 2879 1760 aliis
2950 1705 3120 1758 rebus
3168 1703 3449 1767 denudati,
3500 1702 3700 1757 timens

425 1791 701 1864 Propheta
750 1810 819 1850 ne
887 1796 1099 1854 idcirco
1149 1797 1335 1854 animo
1410 1802 1893 1871 perturbarentur,
1941 1798 2084 1853 hanc
2121 1815 2310 1854 eorum
2354 1800 2409 1855 in
2445 1803 2807 1872 sequentibus
2858 1801 3076 1857 timoris
3120 1801 3490 1870 suspicionem
3515 1811 3697 1868 sanat,

424 1884 617 1937 dicens
655 1899 670 1937 :

497 1981 620 2032 Οὐκ
645 1980 716 2034 ἐν
736 1979 811 2048 τῇ
848 1981 1178 2050 δυναστείᾳ
1198 1984 1306 2038 τοῦ
1330 1985 1523 2040 ἵππου
1565 1984 1836 2051 θελήσει,
1862 1984 2001 2039 οὐδὲ

2178 1981 2345 2039 Vsus.
2382 1984 2468 2046 10,
2495 1984 2582 2038 Η.
2613 1983 2733 2037 Non
2767 1985 2819 2037 in
2851 1983 3169 2053 fortitudine
3192 1984 3312 2053 (qni
3343 1983 3499 2042 volet,
3531 1996 3695 2048 neque

436 869 530 920 καὶ
565 871 748 923 ὃπλων
782 869 1006 942 ἔρημοι,
1045 873 1141 924 καὶ
1173 871 1391 925 πάντων
1442 873 1884 940 γεγυμνωμένοι,
1926 872 2014 924 ἵνα

421 2071 493 2126 ἐν
518 2073 648 2140 ταῖς
676 2075 936 2144 κνήμαις
966 2077 1070 2130 τοῦ
1096 2077 1321 2146 ἀνδρὸς
1353 2079 1610 2134 εὐδοκεῖ.
1644 2081 1877 2150 Θὲλησιν
1910 2081 2004 2131 καὶ

422 2167 675 2220 εὐδοκίαν
731 2169 832 2236 τὴν
855 2169 1153 2250 ἀρέσκειαν
1174 2170 1345 2241 λέγει,
1378 2174 1470 2226 καὶ
1499 2171 1659 2236 αὖθις
1686 2173 2006 2226 δυναστείαν

423 2263 521 2314 καὶ
551 2262 790 2332 κνήμας,
818 2262 916 2334 τὴν
944 2261 1203 2334 δύναμιν.
1255 2263 1469 2334 Ὠσπερ
1498 2265 1609 2334 γὰρ
1643 2267 1701 2318 ἐν
1725 2266 1838 2328 τοῖς
1871 2265 2006 2335 βρα-

422 2353 590 2424 χίοσι,
619 2353 730 2408 τῶν
751 2355 977 2425 χειρῶν,
1035 2355 1180 2410 οὕτω
1213 2358 1306 2409 καὶ
1348 2357 1410 2410 ἐν
1455 2359 1578 2418 ταῖς
1605 2357 1865 2428 κνήμαις,
1897 2357 2006 2410 τῶν

426 2442 605 2497 ποδῶν
635 2445 668 2514 ή
710 2443 1003 2514 περιουσία.
1041 2446 1141 2514 τῆς
1169 2445 1480 2515 δυνάμεως·
1528 2445 1631 2499 οὐκ
1660 2447 1718 2498 ἐν
1755 2449 1821 2516 τῇ
1843 2446 2005 2499 δυνά-

426 2553 538 2604 μει,
573 2538 762 2607 φησὶν,
792 2537 888 2590 τοῦ
914 2536 1110 2600 ἵππου,
1143 2538 1290 2610 ἢτοῦ
1320 2540 1551 2593 ἱππότου
1584 2539 2001 2610 ἑναρεθήσεται,

423 2628 458 2698 ἢ
488 2628 700 2681 εὐδοκεῖ
722 2627 784 2682 τὸ
819 2630 1043 2698 κράτος,
1079 2629 1197 2683 ἀλλ’
1228 2631 1287 2684 ὲν
1318 2631 1486 2695 τίσιν,
1514 2630 1771 2686 ἄκουσον.

491 2719 743 2775 Εὐδοκει
801 2722 1018 2790 Κύριος
1051 2722 1123 2775 ἐν
1161 2721 1281 2789 τοῖς
1341 2723 1739 2791 φοϐουμένοις
1790 2722 1999 2790 αὐτὸν,

421 2812 519 2864 καί
546 2811 615 2866 ἐν
636 2812 762 2877 τοῖς
783 2812 1093 2874 ἐλπίζουσι
1127 2814 1225 2867 ἐπὶ
1249 2815 1318 2867 τὸ
1347 2813 1522 2881 ἔλεος
1553 2814 1766 2870 αὑτοῦ.
1803 2816 2006 2869 Λοιπὸν

419 2902 538 2968 οὖν,
584 2903 750 2972 φόῦον
781 2903 1026 2957 τοιοῦτον
1057 2905 1152 2958 καὶ
1183 2903 1374 2958 ἐλπίδα
1425 2907 1689 2976 τοιαύτην
1722 2908 2007 2977 κτησᾶμε-

422 3013 525 3056 νοι,
554 2995 632 3066 μὴ
659 2995 1001 3065 θορυϐεῖσθε.

1008 3090 1402 3157 Ἀλληλούτα.

957 3181 1254 3237 ΨΔΛΜΟΣ
1288 3184 1467 3238 PMZ'.

492 3279 708 3342 Αἵνεσις
734 3275 830 3331 καὶ
855 3270 1007 3342 οὗτος
1062 3276 1202 3348 ὑπὲρ
1232 3277 1339 3330 τῶν
1367 3278 1590 3347 ἀγαθῶν
1650 3279 1752 3352 τῆς
1799 3279 2002 3351 Ἰερουο

423 3371 556 3440 σαλή
568 3387 624 3439 μ.

493 3461 784 3523 Ἐπαίνει.
835 3461 1264 3530 Ἰερουσαλὴμ,
1296 3461 1403 3516 τὸν
1431 3463 1675 3532 Κύριον,
1700 3463 1854 3516 αινει
1892 3463 2002 3516 τὸν

425 3557 575 3609 Θεόν
612 3571 752 3618 σου,
767 3555 939 3609 Σιών.
981 3555 1341 3625 Ἰερουσαλὴμ
1369 3555 1490 3624 μὲν,
1524 3557 1556 3623 ἡ
1580 3556 2001 3623 οἰκοδομηθεῖσα

421 3647 603 3709 πόλιςο
633 3645 773 3699 Σιὼν
811 3647 888 3707 δὲ,
922 3646 983 3698 τὸ
1013 3645 1140 3716 ὄρος
1188 3647 1275 3714 ἐφ’
1314 3639 1377 3700 οὗ
1426 3644 1569 3716 αὕτη
1618 3646 1943 3717 ᾠκοδόμητο
1980 3661 1998 3680 ’

420 3736 710 3807 ἀμφότερα
739 3737 795 3788 δὲ
825 3737 928 3807 τῆς
953 3736 1125 3804 αὐτῆς
1153 3736 1419 3804 ὀνόματα.

493 3828 622 3882 Ὀτι
649 3829 944 3898 ἐνίσχιισε
968 3829 1112 3892 τοὺς
1137 3827 1410 3896 μοχλοὺς
1457 3827 1578 3880 τῶν
1615 3827 1827 3883 uultur
1859 3843 1998 3883 σου.

420 3917 649 3986 ’Υμνει,
697 3921 886 3987 φησὶν,
945 3917 1144 3970 αὐτόν’
1194 3913 1384 3979 δόξαζε
1407 3916 1463 3969 δὲ
1497 3919 1591 3969 καὶ
1641 3918 1984 3986 εὐχαρίστει,

417 4009 499 4062 δτι
528 4008 941 4076 ὲνεδυνάμωσεν
963 4008 1090 4068 τοὺς
1132 4006 1361 4075 μοχλοῐμ⁵
1401 4007 1512 4058 τῶν
1535 4008 1715 4060 πυλῶν
1741 4025 1858 4072 σου,
1885 4007 2001 4071 Oet;

421 4099 623 4160 αὐτοὺς
673 4097 1076 4168 ἀδιαρρἠτους
1137 4100 1252 4160 τοῖς
1283 4096 1591 4165 πολεμίοις.
1645 4093 1778 4151 Εἶτα
1847 4100 1998 4166 λέγει

416 4193 514 4244 καὶ
561 4191 662 4252 τὰς
692 4189 885 4251 λοιπὰς
914 4189 1257 4258 εὐεργεσίας.

489 4282 806 4350 Εὺλόγησε
827 4278 968 4344 τοὺς
1001 4281 1171 4345 υιούς
1199 4293 1318 4334 σου
1360 4281 1425 4333 ἐν
1467 4281 1588 4334 σοι.
1633 4281 2000 4353 Ἐχαρίτωσεν

415 4370 637 4434 αὐτοὺς,
693 4369 771 4432 είς
830 4367 1060 4438 πλῆθος.
1123 4371 1204 4428 είς
1265 4370 1444 4439 ἰσχὺν,
1515 4373 1598 4431 είς
1644 4370 1884 4433 σύνεσιν,
1918 4372 1999 4434 είς

415 4461 672 4526 πλοῦτον,
720 4462 816 4513 καὶ
848 4460 909 4513 τὸ
935 4460 1144 4529 μεῖζον,
1197 4460 1280 4513 ὅτι
1313 4462 1372 4512 ὲν
1421 4463 1503 4513 σοὶ
1563 4462 1752 4526 ὄντας,
1815 4481 1998 4516 κατοι-

416 4553 652 4615 κοῦντας
706 4550 880 4620 ὁμοῦ·
940 4551 1005 4604 τὸ
1055 4553 1166 4622 γὰρ
1220 4553 1293 4604 ἐν
1335 4552 1457 4614 σοι,
1490 4554 1612 4606 ἀντὶ
1685 4553 1804 4613 τοῦ,
1857 4556 1994 4626 ὁμοῦ

2107 2079 2163 2130 in
2196 2076 2339 2130 tibiis
2392 2076 2493 2129 viri
2536 2077 2852 2144 complacet.
2901 2074 3005 2128 Per
3049 2075 3390 2130 voluntatem
3439 2083 3490 2126 ct
3543 2087 3696 2126 com-

2109 2169 2456 2239 p'acentiam,
2495 2169 2674 2238 ipsum
2706 2168 2798 2223 Dei
2855 2167 3264 2236 beneplacitum
3307 2165 3587 2234 intelligit,
3639 2175 3694 2218 et

2108 2277 2324 2326 rursus,
2362 2276 2457 2332 per
2490 2260 2872 2316 fortitudinem
2901 2267 2956 2315 et
3007 2275 3107 2328 per
3140 2258 3328 2319 tibias.
3355 2260 3503 2325 ipsas
3522 2259 3691 2311 vires.

2107 2351 2242 2406 Nam
2281 2349 2741 2421 quemadmodum
2769 2351 2822 2402 in
2858 2347 3102 2402 brachiis
3130 2347 3277 2400 vires
3302 2361 3560 2399 manuuu
3593 2359 3694 2410 po-

2109 2445 2385 2499 tissimum
2411 2444 2744 2505 consistunt,
2775 2441 2846 2495 ita
2882 2440 2935 2493 in
2969 2439 3120 2493 tibiis
3151 2439 3296 2492 vires
3324 2437 3542 2506 pedum.
3572 2435 3690 2489 Non

2109 2537 2164 2589 in
2201 2534 2326 2604 equi
2364 2545 2458 2590 aut
2491 2535 2697 2604 equitis
2759 2533 3026 2604 potentia,
3060 2530 3262 2599 inquit,
3296 2527 3692 2595 delectabitur;

2108 2629 2201 2683 sed
2230 2628 2284 2682 in
2309 2629 2637 2698 quibusnam
2666 2628 2966 2682 delectetur
2994 2623 3152 2677 audi.

2180 2718 2488 2773 Delectatur
2511 2717 2770 2772 Dominus
2803 2717 2856 2768 in
2886 2712 3190 2767 timentibus
3233 2726 3376 2771 eum,
3425 2719 3472 2763 et
3529 2709 3584 2761 in
3624 2707 3692 2762 iis

2109 2814 2199 2882 qui
2231 2820 2447 2881 sperant
2496 2811 2549 2864 in
2581 2809 2952 2863 misericordia
2986 2807 3123 2875 ejus.
3163 2803 3354 2858 Restat
3398 2802 3587 2870 igitur,
3632 2809 3693 2856 tit

2108 2914 2265 2974 parto
2291 2901 2604 2973 hujusmodi
2642 2901 2839 2954 timore
2865 2913 2929 2954 ac
2982 2912 3102 2969 spe,
3144 2894 3381 2966 amplius
3422 2908 3529 2947 non
3560 2907 3691 2963 per-

2110 2993 2428 3050 turbemini.

2777 3082 3035 3136 Alleluia.

2587 3171 2913 3230 l’SAthUS
2950 3170 3206 3227 CXLVII.

2185 3270 2553 3324 Laudatorius
2583 3276 2667 3323 est
2695 3270 2859 3324 etiam
2895 3269 2982 3320 hic
3007 3268 3272 3334 psalmus,
3307 3271 3362 3319 et
3389 3265 3686 3334 gratiarum

2109 3364 2355 3416 actiones
2382 3363 2629 3416 continet
2661 3375 2758 3428 pro
2801 3360 2960 3413 bonis
2991 3358 3315 3413 Jerusalem.

2181 3455 2347 3509 Vens.
2394 3454 2478 3506 12.
2534 3451 2744 3518 Lauda,
2769 3449 3089 3514 Jerusalem,
3154 3449 3469 3510 Dominum,
3526 3447 3691 3503 lauda

2111 3551 2276 3604 Deum
2308 3561 2480 3615 tuum,
2516 3547 2665 3602 Sion.
2686 3547 2788 3602 Per
2815 3543 3122 3601 Jerusalem
3144 3545 3361 3614 quidem
3408 3543 3686 3599 conditura

2111 3643 2280 3710 ipsam
2320 3641 2602 3694 civitatem
2635 3638 2930 3708 intelligit;
2964 3651 3060 3706 per
3094 3634 3225 3689 Sion
3254 3650 3405 3698 vero,
3443 3642 3686 3691 montem

2110 3734 2163 3786 in
2199 3747 2307 3799 quo
2335 3738 2454 3784 erat
2482 3728 2775 3784 aediﬁcata.

2181 3823 2346 3879 Vens.
2377 3821 2462 3877 15.
2489 3823 2627 3886 Quia
2652 3819 3139 3889 fortiﬁcauitvectes
3153 3825 3422 3884 portarum
3445 3828 3682 3870 tuarum.

2108 3914 2317 3975 Lauda,
2351 3913 2550 3981 inquit,
2582 3914 2774 3976 Deum,
2808 3917 2863 3963 et
2902 3909 3110 3978 gratias
3143 3908 3191 3962 ei
3240 3922 3360 3976 age,
3395 3905 3520 3974 quin
3553 3921 3685 3974 por-

2109 4015 2286 4058 larum
2325 4014 2541 4057 tuarum
2570 4009 2753 4057 vectes
2795 4000 2933 4054 adeo
2983 3999 3198 4052 validos
3234 4013 3360 4052 esse
3391 3997 3594 4062 etii-cit,
3625 4007 3684 4053 ut

2106 4098 2176 4150 ab
2213 4096 2467 4150 hostibus
2509 4093 2686 4162 frangi
2729 4102 3029 4163 nequeant.
3085 4087 3292 4146 Deinde
3343 4090 3447 4144 alia
3491 4105 3682 4161 perse-

2105 4189 2295 4257 quitur
2332 4182 2618 4239 beneﬁcia.

2176 4278 2456 4333 Beuedia'it
2487 4276 2616 4344 ﬁliis
2664 4276 2768 4328 tuis
2804 4275 2860 4328 in
2899 4285 2968 4328 te.
3015 4272 3292 4328 Tribuens
3328 4272 3428 4326 tibi
3480 4285 3593 4332 eos,
3629 4281 3678 4326 ct

2106 4371 2401 4432 multos,et
2424 4365 2616 4430 fortes,
2644 4373 2697 4420 et
2718 4367 3018 4435 sapientes,
3046 4373 3100 4416 et
3138 4363 3360 4424 divites,
3411 4372 3486 4423 et,
3529 4361 3678 4428 quod

2104 4463 2314 4516 cu~teris
2359 4461 2519 4530 longe
2567 4457 2746 4525 majus
2790 4466 2896 4520 est,
2948 4457 3001 4509 lii
3053 4455 3147 4508 lilii
3185 4456 3237 4509 in
3263 4463 3316 4508 te
3347 4469 3452 4506 una
3485 4467 3678 4506 omnes

2104 4549 2410 4608 Sunt.Nam
2442 4550 2585 4619 quod
2627 4549 2766 4603 dixit
2799 4549 2853 4602 in
2879 4560 2948 4611 te,
2981 4547 3127 4602 idem
3179 4545 3286 4600 sibi
3337 4545 3474 4606 vult,
3523 4559 3588 4597 ac
3632 4544 3676 4597 si

414 4642 829 4695 κατοικοῦνται.
892 4639 1052 4695 Ἰδοὺ
1101 4644 1232 4710 γὰρ,
1275 4644 1465 4712 φησὶν,
1512 4644 1573 4697 τι
1604 4645 1799 4697 καλὸν
1845 4645 1882 4712 ἦ
1940 4649 1998 4700 τι

2107 4644 2329 4698 dixisset
2371 4658 2385 4694 :
2424 4641 2526 4694 Eos
2561 4641 2658 4694 tibi
2692 4640 2887 4693 tribuit
2909 4653 3014 4692 una
3041 4651 3105 4692 ac
3137 4638 3343 4707 pariter
3367 4636 3495 4689 inte
3517 4634 3674 4688 habi-

413 4735 693 4799 τερπνὸν,
724 4733 865 4787 ἀλλ’
923 4733 961 4802 ἢ
992 4733 1056 4787 τὸ
1088 4734 1392 4789 κατοικεῖν
1439 4735 1748 4805 ἀδελφοὺς
1798 4736 1896 4790 ἐπὶ
1929 4738 1996 4792 τὸ

412 4827 584 4880 αὐτό.

495 4920 561 4971 '0
585 4915 769 4982 τιθείς
797 4915 869 4970 τὰ
893 4916 1030 4985 ὄριά
1073 4934 1190 4973 σου
1211 4917 1482 4987 ειρήνην.
1529 4919 1588 4974 '0
1613 4920 1834 4974 πάντων
1887 4921 1995 4975 τῶν

413 5010 579 5080 ἐρίων
612 5024 706 5061 σου
754 5007 848 5060 τὸν
901 5008 1139 5076 πόλεμον
1197 5007 1501 5073 ἀπελάσας,
1530 5012 1558 5063 ὁ
1584 5011 1754 5076 τιθεὶς
1781 5012 1847 5065 τὰ
1871 5013 1995 5084 ὅριὰ

415 5119 512 5153 σου
564 5097 924 5169 εἰρηνεῦσαι·
958 5097 994 5170 ἢ
1044 5101 1074 5152 ὁ
1105 5098 1282 5162 τιθεὶς
1330 5100 1412 5163 εἰς
1472 5101 1541 5153 τὰ
1587 5101 1714 5172 apta
1765 5120 1861 5157 σου
1915 5105 1996 5156 εἰ-

416 5194 611 5265 μήνην.

488 5283 596 5337 Καὶ
661 5282 844 5352 στέαρ
898 5283 1093 5350 ,πυροῦ
1157 5282 1477 5353 ἐμπιπλῶν
1537 5302 1631 5343 σε.
1700 5287 1776 5340 Οὐ
1845 5288 1992 5339 σῖτον

417 5374 628 5438 ἁπλῶς,
657 5375 794 5429 ἀλλὰ
833 5374 1072 5444 πιμελὴν
1107 5375 1255 5427 σίτου
1277 5392 1291 5406 ⁸
1342 5377 1492 5443 λέγει
1521 5379 1577 5431 δὲ
1634 5379 1733 5448 τὴν
1764 5379 1989 5446 σεμίδα-

414 5465 533 5518 λιν·
565 5466 703 5536 αὕτη
735 5468 864 5534 γὰρ,
897 5465 959 5519 τὸ
997 5465 1250 5519 πιότατον
1292 5468 1389 5522 καὶ
1451 5469 1847 5538 καθαρώτατον
1892 5471 1987 5523 τοῦ

413 5557 646 5631 ἀλεύρου
665 5576 680 5592 ’
738 5560 832 5611 καὶ
860 5558 921 5610 οὐ
951 5557 1128 5622 διδοὺς
1159 5557 1371 5627 ἁπλῶς,
1410 5560 1528 5615 ἀλλ’
1582 5561 1895 5633 ἐμπιπλῶν·
1918 5560 1986 5614 δι’

485 5737 505 5769 τ
532 5735 671 5792 Psal.
699 5749 866 5800 xutt,
897 5736 943 5789 l.

2103 4744 2304 4790 tantes.
2361 4733 2494 4788 Ecce
2526 4730 2921 4798 enim,inquit,
2975 4729 3100 4797 quid
3159 4730 3370 4790 bonum,
3407 4734 3498 4779 aut
3547 4725 3674 4795 quid

2092 4827 2413 4897 jucundum,
2443 4839 2600 4890 quant
2633 4822 2871 4875 habitare
2895 4817 3087 4887 fratres
3108 4820 3159 4870 in
3188 4834 3353 4870 unum
3375 4819 3417 4869 ⁷.

2174 4918 2336 4971 Vens.
2381 4916 2466 4968 Μ.
2498 4914 2601 4978 Qui
2633 4913 2808 4980 posuit
2838 4912 2969 4978 ﬁnes
2993 4923 3108 4963 tuos
3137 4926 3338 4977 parem.
3368 4909 3450 4962 Ab
3484 4911 3671 4961 oniiti-

2097 5012 2204 5065 bus
2242 5009 2443 5062 ﬁnibus
2490 5007 2609 5059 tuis
2648 5004 2850 5058 bellum
2909 5001 3163 5066 removit,
3220 5000 3376 5055 Unde
3425 4999 3670 5068 regionis

2098 5110 2204 5154 tum
2230 5099 2495 5152 terminos
2527 5095 2702 5149 eﬁ‘ecit
2741 5094 3024 5161 paciﬁcos.
3055 5090 3175 5154 Vel,
3232 5093 3321 5161 qui
3365 5093 3547 5161 posuit
3573 5107 3667 5162 pa-

2097 5207 2214 5246 cem
2251 5191 2302 5243 in
2332 5188 2532 5240 ﬁnibus
2560 5187 2691 5239 tuis.

2167 5283 2233 5336 Et
2269 5283 2421 5350 adipe
2451 5279 2702 5348 frumenti
2735 5278 2892 5345 replet
2927 5286 2994 5329 te.
3044 5274 3163 5328 Non
3212 5274 3487 5328 frumento
3529 5275 3664 5330 siin-

2097 5376 2334 5444 pliciter,
2364 5374 2454 5425 sed
2480 5371 2738 5424 frumenti
2765 5369 2942 5436 adipe.
2979 5366 3153 5436 Ipsam
3189 5377 3367 5419 autem
3391 5367 3664 5436 siliginem

2098 5466 2350 5534 intelligit
2383 5503 2397 5526 ,
2429 5479 2551 5530 qua:
2600 5461 2965 5530 pinguissima
3017 5474 3078 5510 ac
3123 5457 3414 5525 purissima
3464 5466 3546 5511 est
3590 5458 3661 5511 la-

2099 5561 2230 5614 rina:
2265 5572 2409 5629 pars.
2437 5556 2544 5613 Nec
2571 5557 2700 5610 dare
2733 5568 2856 5609 eum
2892 5551 3215 5622 simpliciter
3269 5548 3424 5614 dixit,
3454 5549 3546 5604 sed
3584 5566 3653 5607 ro
