4134 6288
415 305 552 370 I309

1621 309 1767 369 (ΣΟλὶ
1777 308 2006 372 MENT.
2053 308 2132 367 IN
2174 306 2536 370 I’SALMOS.

3545 308 3687 374 1310

413 419 727 491 ψύχοςσάπὺ
757 419 812 474 δὲ
844 421 1034 475 τούτου
1062 422 1142 484 εἰς
1173 420 1388 491 θέρμην
1411 438 1424 451 ·
1459 421 1604 475 ὥστε
1637 421 1736 475 οὐκ
1763 424 1984 476 ἄπιστοι

2105 429 2229 472 rant
2252 420 2533 475 mandatis
2572 436 2586 472 :
2625 430 2786 489 atque
2819 419 2944 475 ideo
2977 421 3042 475 de
3078 420 3222 476 facili
3252 429 3680 476 commutantur,

411 525 474 567 εκ
508 513 833 584 πειρασμῶν
896 513 1154 582 γενέσθαι
1184 514 1410 584 ταχεῖαν
1436 513 1644 578 ἄνεσιν,
1678 515 1772 565 καὶ
1804 516 1866 567 ἐκ
1893 530 1993 566 πο-

411 602 594 672 λέμων
648 604 851 672 ἀθρόαν
901 604 1152 673 εἰρήνην,
1211 604 1309 655 καὶ
1353 603 1464 655 ἀπὸ
1533 602 1832 672 συμφορῶν
1898 603 1995 655 καὶ

409 692 667 764 θλίψεων,
717 695 984 764 αἰφνίδιον
1018 694 1328 766 μεταϐολὴν
1359 696 1454 748 καὶ
1499 695 1699 764 χαράν.
1743 696 1992 747 Αἰνίττε-

414 802 497 842 tat
530 788 588 840 δὲ
611 789 679 841 τὰ
709 787 947 857 ρηθέντα
1001 787 1097 840 καί
1132 805 1186 840 τι
1236 786 1536 857 βαθύτερον
1563 801 1580 818 ο
1616 788 1699 839 ὅτι
1739 786 1993 856 καθάπερ

415 878 475 929 τὰ
504 876 600 931 τοῦ
630 879 901 949 χειμῶνος
928 880 977 932 εἰ
1000 881 1096 934 καὶ
1132 877 1432 943 λυποῦντα,
1464 880 1615 948 ὅμως
1662 879 1991 951 χρησιμεύει

407 973 474 1042 τῇ
499 973 592 1042 γῇ,
623 971 767 1026 οὕτω
790 973 884 1026 καὶ
907 974 978 1028 τὰ
999 973 1110 1029 τῶν
1150 975 1475 1044 πειρασμῶν
1518 977 1598 1038 εἰς
1628 975 1820 1044 καιρὸν
1843 974 1992 1042 ὠφε-

406 1062 632 1129 λοῦντα,
687 1067 854 1121 πάλιν
910 1068 1280 1138 οἰκονομικῶς
1343 1067 1802 1136 μεταϐάλλονταιο
1829 1067 1992 1120 τοῦτο

407 1158 511 1226 μὲν
545 1159 898 1224 παιδεύοντα,
930 1158 1088 1212 τοῦτο
1143 1160 1200 1212 δὲ
1227 1158 1690 1231 ψυχαγωγοῦντα,
1743 1159 1879 1228 πρὸς
1928 1161 1991 1214 τὸ

406 1245 725 1300 λυσιτελοῦν
782 1248 1157 1317 ἑκατέρωθεν.
1202 1245 1339 1303 Εἶτα
1368 1249 1534 1304 πάλιν
1581 1250 1692 1304 ἀπὸ
1725 1251 1837 1304 τῶν
1872 1269 1990 1304 κοιο

406 1337 516 1391 νῶν
561 1341 654 1392 ἐπὶ
683 1339 756 1393 τὰ
813 1341 1091 1405 ἰδιάζοντα
1122 1342 1361 1413 μετάγει
1403 1343 1496 1396 τὸν
1516 1343 1699 1412 λόγον,
1742 1343 1818 1407 ὡς
1847 1345 1992 1397 ἀνω-

401 1431 550 1502 τέρω
577 1433 904 1506 δεδήλωται.

2101 528 2244 567 nunc
2272 512 2492 581 quidem
2530 528 2594 566 ex
2635 527 2775 580 aqua
2809 512 2862 565 in
2899 513 3101 576 nivem,
3127 525 3222 566 aut
3254 512 3505 582 glaciem,
3532 526 3680 564 nunc

2096 620 2228 659 vero
2255 621 2319 658 ex
2354 605 2436 658 bis
2499 604 2552 657 in
2608 619 2804 673 aquam
2844 622 2857 658 :
2897 607 3021 659 item
3079 607 3243 660 modo
3299 621 3326 659 a
3388 605 3570 658 calore
3615 604 3683 655 ad

2099 696 2293 765 frigus,
2329 697 2493 750 modo
2521 697 2584 749 ad
2626 697 2865 751 calorem
2911 714 2938 752 a
2985 698 3208 769 frigore.
3253 698 3523 765 Quocirca
3572 711 3682 748 non

2095 790 2314 843 diﬂicile
2350 801 2456 854 est,
2486 797 2542 843 ut
2576 791 2866 844 credamus
2894 790 3042 846 brevi
3097 790 3336 844 futuram
3373 803 3492 843 esse
3518 790 3682 841 etiam

2096 887 2461 936 tentationum
2486 898 2550 937 ac
2564 883 2932 936 calamitatum
2953 883 3370 937 dissolutionem
3423 891 3476 934 et
3497 881 3682 941 tinctu,

2095 990 2158 1028 ac
2189 976 2408 1030 demum
2435 991 2500 1029 ex
2535 975 2929 1029 ardentissimo
2955 976 3096 1029 bello
3120 976 3414 1029 maximam
3451 987 3638 1042 pacem
3665 989 3678 1022 :

2094 1067 2354 1122 similiter
2395 1077 2450 1120 et
2492 1067 2829 1121 calamitates
2866 1076 3029 1137 atque.
3063 1067 3386 1121 alliictiones
3422 1069 3534 1119 cito
3560 1079 3685 1118 esse

2099 1161 2150 1211 in
2203 1159 2464 1228 gaudium
2527 1160 2949 1214 conuertendas.
3007 1158 3331 1228 Signilicare
3374 1161 3539 1212 etiam
3598 1157 3686 1208 vi-

2095 1254 2297 1309 dentur
2325 1254 2613 1324 superiora
2645 1255 2828 1308 nescio
2856 1255 2986 1322 quid
3040 1253 3368 1323 profundius
3403 1267 3419 1305 :
3452 1260 3506 1304 et
3532 1247 3682 1320 quod

2095 1346 2564 1416 quemadmodum
2602 1346 2897 1400 bibernum
2949 1355 3187 1414 tempus,
3237 1343 3455 1398 tametsi
3504 1343 3682 1410 ipsum

2099 1453 2194 1509 per
2219 1453 2346 1493 sese
2373 1437 2833 1493 molestissimum
2880 1439 2974 1503 sit,
3009 1449 3170 1493 terra:
3225 1449 3402 1492 tamen
3459 1434 3686 1488 utilissi-

407 1541 556 1581 mum
575 1536 683 1591 est,
715 1531 797 1585 sic
826 1539 881 1586 et
907 1533 1194 1601 praesentis
1225 1534 1409 1589 saeculi
1436 1534 1777 1589 tentationcs
1829 1532 1988 1588 valde
2027 1541 2282 1604 prosunt.
2308 1536 2526 1589 tametsi
2558 1535 2760 1590 multas
2797 1549 2984 1588 secum
3062 1534 3291 1588 aﬂ‘erant
3361 1530 3683 1586 molestias:

407 1634 462 1676 et
493 1622 624 1679 dum
662 1626 845 1681 divina
883 1627 1297 1699 dispensatione
1327 1638 1761 1693 commutantur,
1823 1630 2022 1699 partim
2093 1632 2388 1698 castigant,
2424 1638 2476 1685 et
2532 1632 2731 1699 partim
2779 1629 3018 1683 aderunt
3069 1631 3351 1695 solamen;
3387 1639 3686 1696 utrumque

408 1731 590 1777 tamen
621 1739 684 1778 ex
720 1739 779 1779 re
809 1735 1024 1789 nostra,
1062 1737 1226 1796 atque
1274 1728 1339 1781 ad
1392 1727 1696 1782 humanum
1739 1727 2120 1782 commodum.
2154 1727 2359 1782 Deinde
2445 1742 2474 1781 a
2568 1725 2962 1782 communibus
3024 1741 3248 1780 rursum
3333 1723 3401 1778 ad
3443 1723 3686 1795 particu-

406 1815 543 1871 laria
575 1829 887 1872 sermonem
912 1821 1210 1884 convertit,
1242 1829 1302 1874 ut
1348 1822 1608 1891 superius
1646 1820 1987 1876 declaratum
2028 1830 2136 1876 est.

487 1909 552 1964 '0
581 1910 991 1980 ἀπαγγέλλων
1011 1912 1078 1966 τὸ
1133 1914 1348 1982 ,λόγιον
1385 1914 1576 1968 αὑτοῦ
1621 1913 1705 1979 τῷ
1746 1914 1973 1967 Ἰακώσ.

2154 1912 2323 1968 Vens.
2359 1913 2444 1966 19.
2467 1911 2576 1976 Qui
2600 1911 2884 1964 annuntiat
2913 1908 3171 1979 eloquium
3193 1924 3347 1962 suum
3398 1905 3591 1963 Iacob.
3623 1907 3683 1962 In

415 2002 744 2075 ’Λρχόμενος
805 2003 905 2074 μὲν
935 2004 1029 2058 τοῦ
1082 2005 1327 2074 ψαλμοῦ,
1357 2008 1501 2077 ’περὶ
1541 2006 1652 2060 τῶν
1711 2005 1988 2076 αἰσθητῶν

400 2094 674 2166 διελέχθη.
733 2097 831 2151 καὶ
874 2097 1033 2167 σῶμα
1072 2097 1459 2166 ὠφελούντων,
1507 2094 1622 2152 οἷον
1659 2097 1987 2167 ἀσφαλείας,

400 2183 711 2255 εὐανδρίας,
737 2187 984 2258 εἰρήνης,
1015 2188 1109 2240 καὶ
1142 2187 1419 2259 εὐθηνίας.
1469 2189 1738 2243 Ἐνταῦθα
1766 2189 1823 2242 δὲ
1858 2190 1988 2257 περὶ

396 2273 510 2329 τῶν
541 2274 889 2348 ὑψηλοτέρων
920 2276 1012 2331 καὶ
1067 2277 1248 2350 ψυχὴν
1285 2278 1679 2348 ρυθμιζόντων,
1706 2281 1798 2334 τὸν
1857 2282 1988 2351 περὶ

400 2369 504 2438 τῆς
568 2369 895 2437 νομοθεσίας
956 2369 1116 2438 λόγον
1168 2371 1407 2441 εἰσάγων
1438 2373 1628 2427 ἐστίν’
1678 2375 1744 2426 ὲκ
1782 2372 1987 2428 τούτων

399 2477 460 2513 τε
503 2461 774 2515 κάκείνων
809 2462 1098 2534 διεγείρων
1127 2465 1219 2518 τὸν
1243 2464 1370 2517 λαὸν
1425 2467 1508 2528 εἰς
1528 2466 1859 2535 ὐμνολογίαν
1889 2469 1987 2522 καὶ

401 2555 627 2624 ἀγάπην
661 2553 821 2621 Θεοῦ,
858 2557 1088 2608 τοιαῦτα
1137 2556 1232 2610 καὶ
1272 2556 1498 2631 τούτους
1545 2558 1982 2630 εὐεργετοῦντος.

429 2646 472 2702 Ο
519 2645 893 2714 ἀναγγέλλων,
941 2649 1125 2718 φησὶν,
1182 2649 1243 2703 τὸ
1291 2652 1622 2722 πρόσταγμα
1672 2653 1837 2707 αὐτοῦ
1874 2659 1986 2720 τοῖς

415 2738 800 2811 Ἰσραηλίταις.
843 2740 902 2795 '0
925 2742 1215 2805 διδάσκων,
1246 2745 1274 2798 ὁ
1309 2745 1594 2816 γνωρίζων
1631 2750 1853 2812 αὐτοῖς’
1884 2751 1985 2803 αὐ-

400 2832 492 2896 τὸς
522 2832 848 2902 Ἐγνώρισε
880 2835 1012 2906 γὰρ,
1049 2836 1238 2905 φησὶν,
1271 2835 1351 2903 τῷ
1392 2838 1623 2908 Μωῦσῇ
1672 2841 1778 2907 τὰς
1806 2841 1983 2908 ὀδοὺς

397 2925 586 2979 αὐτοῦ
615 2943 628 2955 ·
663 2926 790 2993 τοῖς
823 2928 970 2994 υίοῖς
995 2930 1247 2998 Ἰσραὴλ
1284 2931 1354 2985 τὰ
1413 2931 1723 3001 θελήματα
1773 2935 1983 2990 αὐτοῦ.

402 3020 724 3090 Σαφηνίζων
749 3021 804 3074 δὲ
830 3022 922 3075 τὸν
949 3022 1133 3091 λόγον,
1165 3026 1460 3093 ἐπήγαγεη

470 3114 839 3182 Δικαιώματα
901 3117 997 3169 καί
1050 3118 1306 3187 κρίματα
1363 3119 1550 3194 αὐτοῦ
1593 3119 1670 3186 τῷ
1717 3123 1980 3190 Ἰσραήλ.

403 3206 471 3260 ’0
527 3204 818 3276 προλαϐὼν
870 3203 994 3261 εἷπε
1041 3208 1244 3278 λόγιον,
1279 3210 1441 3264 τοῦτο
1472 3211 1620 3280 λέγει
1668 3214 1763 3269 νῦν
1805 3216 1983 3270 δικαι-

401 3298 600 3370 ώματα
623 3301 718 3352 καὶ
741 3299 1006 3370 κρίματα.

470 3393 592 3446 Οὐκ
624 3392 917 3459 ἐποίησεν
945 3395 1098 3447 οὕτω
1121 3395 1298 3450 παντὶ
1330 3397 1509 3452 ἔθνει.
1535 3398 1723 3454 Οὐδενὶ
1748 3400 1912 3454 ἔθνει.

471 3571 579 3625 Kal
629 3570 699 3624 τὰ
732 3570 985 3638 κρίματα
1035 3573 1222 3628 αὐτοῦ
1255 3576 1367 3628 οὐκ
1400 3575 1714 3644 ἐδήλωσεν
1754 3578 1978 3646 αὐτοῖς.

398 3663 514 3716 Οὐκ
566 3662 791 3732 ἐποίησέ
821 3681 928 3716 τινι
973 3664 1117 3718 ἔθνει
1181 3666 1463 3721 τοσαῦτα·
1503 3670 1701 3722 καὶτὰ
1744 3674 1980 3742 προστά-

397 3774 586 3827 γματα
651 3758 746 3810 καὶ
793 3758 860 3810 τὰ
883 3756 1163 3829 θελήματα
1199 3763 1381 3813 ἀὐτοῦ
1441 3763 1540 3816 οὐκ
1600 3762 1838 3833 ἐδήλωσε
1867 3771 1979 3831 τοῖς

396 3849 629 3914 ἔθνεσιν,
693 3851 742 3903 εἰ
785 3851 860 3922 μὴ
889 3851 1071 3919 μόνοις
1104 3868 1318 3916 τουτοις
1341 3871 1354 3884 ·
1393 3856 1500 3917 τοῖς
1536 3856 1634 3925 μὲν
1664 3857 1771 3928 γὰρ
1801 3859 1981 3922 ἄλλοις

394 3942 576 3994 ἔθνεσι
670 3939 764 3993 τὸν
827 3941 1060 4008 φυσικὸν
1116 3941 1341 4010 ἐνέθηκε
1395 3943 1580 4011 νόμον,
1629 3945 1720 3997 τὸν
1750 3945 1977 4000 ἀπὸτοῦ

396 4031 724 4095 συνειδότος,
748 4030 870 4084 καθ’
897 4031 957 4083 ὃν
984 4033 1081 4084 καὶ
1109 4026 1312 4101 κρίνων
1339 4032 1537 4096 αὐτοὺς
1575 4035 1794 4100 κολάζει
1823 4054 1838 4068 ·
1865 4043 1978 4104 τοῖς

394 4123 730 4192 Ἱραηλίταις
775 4123 832 4176 δὲ
862 4124 1002 4193 μετὰ
1031 4123 1124 4177 τοῦ
1156 4125 1388 4206 φυσικοῦ
1416 4166 1430 4189 ,
1467 4127 1666 4180 δέδωκε
1707 4128 1800 4181 τὸν
1841 4147 1980 4200 γρα-

399 4217 557 4280 πτὸν,
592 4213 859 4285 δηλοῦντα
886 4215 953 4267 τὰ
976 4215 1226 4285 κρίματα
1249 4215 1419 4270 αὐτοῦ
1451 4234 1465 4249 ·
1502 4217 1583 4270 διὸ
1610 4219 1705 4271 καὶ
1741 4219 1980 4289 βαρύτε-

399 4325 493 4378 ρον
521 4307 797 4381 κρίνονται
828 4323 842 4340 ·
871 4305 966 4360 καὶ
997 4309 1106 4379 γὰρ
1133 4309 1165 4379 η
1198 4309 1369 4379 πολλὴ
1385 4308 1478 4362 τοῦ
1499 4308 1635 4362 Θεοῦ
1665 4310 1980 4383 φιλανθρω-

396 4401 499 4453 πία
570 4399 773 4470 πολλῆς
859 4399 1330 4469 συγκατασάσεως
1385 4403 1498 4465 τοῖς
1559 4400 1976 4473 ὲῤῥᾳθνμηκόσι

395 4495 632 4565 γίνεται.

999 4583 1378 4652 Ἀλληλούτα.

919 4680 1066 4734 ΨΑΛ
1075 4682 1216 4733 ΜυΣ
1261 4681 1445 4738 PMH'.

473 4773 635 4834 Ἔθος
657 4775 772 4836 τοῖς
798 4773 977 4842 ἁγίοις
1009 4773 1098 4828 διὰ
1122 4774 1326 4844 πολλὴν
1351 4774 1798 4846 εὐγνωμοσύνην,
1833 4777 1985 4830 ἔπει-

395 4865 496 4919 δὶν
551 4864 821 4934 μέλλωσιν
857 4864 1202 4937 εὐχαριστεῖν
1247 4866 1325 4936 τῷ
1357 4865 1502 4936 Θεῷ,
1531 4867 1762 4932 πολλοὺς
1797 4867 1982 4922 καλεῖν

398 4959 717 5022 κοινωνοὺς,
789 4958 884 5010 καὶ
957 4958 1300 5028 παρακαλεῖν
1366 4959 1811 5028 συνεφάπτεσθαι
1880 4961 1981 5030 τῆς

398 5051 572 5123 καλῆς
628 5048 834 5122 ταύτης
895 5048 1239 5119 λειτουργίας
1289 5051 1510 5116 αὐτοῖς·
1560 5052 1721 5106 τοῦτο
1785 5054 1880 5107 καὶ
1927 5056 1978 5107 οἱ

397 5145 550 5214 ’τρεῖς
576 5143 763 5205 παῖδες
795 5144 1158 5213 πεποιήκασι,
1194 5145 1295 5213 τὴν
1327 5146 1504 5198 κτίσιν
1535 5147 1779 5211 ἃπασαν,
1815 5147 1980 5218 ἡνίκα

396 5231 541 5307 ἦσαν
595 5236 654 5288 ιν
705 5237 771 5306 τῇ
797 5235 1042 5305 καμίνῳ,
1075 5237 1212 5307 πρὸς
1253 5237 1351 5307 τὴν
1385 5237 1668 5308 εὐφημίαν
1698 5239 1799 5308 τῆς
1840 5239 1982 5309 ὑπὲρ

397 5328 581 5381 αᾷτῶν
629 5327 977 5398 εὐεργεσίας,
1013 5329 1106 5380 καὶ
1154 5327 1251 5397 τὴν
1280 5327 1554 5397 ὑμνῳδίαν
1581 5328 1674 5382 τοῦ
1705 5331 1980 5382 Δεσπότευ

399 5413 754 5479 καλέσαντες.
788 5414 960 5467 Τοῦτο
989 5419 1082 5468 καὶ
1104 5409 1260 5481 οὗτος
1302 5417 1539 5471 ἐνταῦθα
1567 5421 1746 5472 ποιεῖ·
1785 5419 1982 5472 ἑκάτε-

401 5525 496 5577 ρον
525 5507 734 5576 κόσμον
768 5507 1331 5579 συμπερι).αμ6ἁνων,
1367 5507 1457 5563 τὸν
1496 5511 1632 5576 ἄνω,
1660 5512 1751 5564 τὸν
1803 5512 1982 5575 κάτω,

403 5600 496 5653 τὸν
525 5599 737 5670 νοητὸν,
769 5600 860 5654 τὸν
898 5601 1156 5672 αἰσθητόν
1179 5621 1195 5637 ο
1225 5604 1337 5659 οἵτε
1376 5607 1482 5676 γὰρ
1522 5605 1621 5659 οὐκ
1651 5606 1805 5670 ὄντες
1845 5604 1980 5676 πρὸς

472 5777 516 5810 ⁸⁸
550 5777 717 5834 Nunt.
753 5794 844 5846 xx,
875 5778 960 5844 10,
995 5778 1053 5833 ιι

2009 4646 2059 4705 D

2093 2009 2284 2076 psalmi
2320 2006 2588 2075 principio
2614 2004 2682 2059 de
2727 2004 3082 2059 sensibilibus
3108 1996 3391 2056 beneﬁciis
3454 2011 3509 2056 et
3556 2008 3686 2055 cor-

2092 2100 2208 2169 pori
2251 2099 2475 2153 utilibus
2522 2098 2812 2161 tractavit,
2850 2096 3017 2150 veluti
3065 2095 3133 2150 de
3180 2095 3422 2150 civitatis
3463 2094 3633 2147 tutela
3663 2135 3683 2160 ,

2089 2192 2157 2246 de
2210 2191 2378 2262 prolis
2426 2190 2796 2252 fecunditate,
2855 2189 2921 2243 de
2983 2203 3152 2259 pace,
3184 2187 3252 2242 de
3298 2186 3679 2241 abundantia:

2090 2299 2238 2337 nunc
2272 2292 2451 2334 autem
2492 2282 2559 2336 dc
2591 2279 3002 2335 sublimioribus
3050 2278 3210 2333 bonis
3263 2285 3561 2347 pertractat
3629 2287 3685 2330 et

2092 2377 2331 2428 animam
2362 2373 2534 2441 ipsam
2579 2371 2904 2426 ornantibus
2937 2388 2950 2424 :
2989 2384 3087 2440 per
3134 2369 3248 2423 bare
3280 2368 3486 2423 scilicet
3518 2376 3684 2437 atque

2094 2467 2180 2522 illa
2272 2467 2528 2537 populum
2558 2467 2807 2521 excitans
2863 2463 2928 2517 ad
2965 2462 3179 2516 laudem
3224 2469 3385 2528 atque
3417 2460 3482 2513 ad
3515 2461 3684 2513 dilec-

2094 2561 2299 2614 tionem
2346 2559 2480 2622 Dei,
2526 2557 2618 2627 qui
2647 2556 2961 2625 lmjusmodi
2994 2556 3076 2610 eis
3120 2554 3379 2607 benelizia
3423 2553 3680 2606 contulit.

2094 2653 2196 2720 Qui
2225 2652 2547 2717 annuntiat,
2583 2648 2756 2718 inquit
2781 2690 2794 2710 ,
2826 2650 3144 2701 mandatum
3189 2661 3344 2701 suum
3381 2644 3682 2700 Israelitico

2092 2745 2313 2814 populo,
2360 2743 2606 2812 illudque
2652 2757 2748 2797 eos
2795 2740 2991 2802 docet,
3040 2755 3103 2793 ac
3153 2749 3340 2792 notum
3379 2739 3458 2791 eis
3502 2736 3680 2792 facit:

2096 2838 2266 2892 Notas
2317 2837 2505 2898 enim,
2561 2835 2774 2904 inquit,
2804 2833 2928 2899 fecit
2979 2833 3090 2886 uias
3134 2847 3260 2885 sua:
3303 2828 3511 2899 Moysi.
3554 2830 3682 2898 [iliis

2097 2929 2269 2984 lsrael
2295 2928 2584 2982 roluutates
2621 2944 2746 2980 sua:
2781 2925 2800 2958 ⁸
2824 2965 2840 2982 .
2887 2925 3040 2990 Quod
3077 2924 3246 2993 magis
3283 2923 3445 2975 etiam
3493 2920 3680 2975 decla-

2091 3036 2245 3085 rans,
2273 3021 2477 3075 addidit
2519 3038 2532 3074 :

2163 3114 2580 3183 Justi/icationes
2623 3122 2672 3165 et
2704 3111 2915 3180 judicia
2945 3127 3043 3165 sua
3085 3107 3276 3163 Israel.
3325 3107 3482 3175 Quod
3518 3123 3683 3176 supc-

2099 3207 2211 3259 rius
2264 3205 2544 3273 eloquimur
2573 3203 2747 3267 dixit,
2776 3203 2876 3257 hoc
2908 3217 3054 3257 nunc
3104 3201 3495 3272 iustiﬁcatiouc
3553 3217 3682 3269 sap~

2012 3289 2055 3346 C
2090 3297 2252 3366 pellat
2278 3305 2332 3349 et
2350 3294 2577 3361 judicia.

2158 3385 2319 3440 Vsus.
2361 3384 2452 3440 20.
2485 3384 2604 3438 Non
2630 3384 2754 3453 [erit
2780 3383 2856 3438 sic
2881 3385 3022 3438 onmi
3052 3386 3276 3439 nationi.
3298 3385 3441 3439 Nulli
3472 3383 3680 3438 nationi

2085 3479 2165 3533 sic
2204 3479 2355 3533 fecit.

2160 3568 2450 3637 Etjudicia
2474 3585 2572 3622 sua
2615 3585 2716 3621 non
2750 3567 3107 3637 manifestuvit
3132 3569 3228 3620 eis.
3264 3568 3439 3620 Tanta
3492 3582 3557 3620 ac
3598 3574 3682 3619 ta-

2083 3659 2153 3725 lia
2209 3658 2466 3714 beneficia
2523 3657 2686 3713 alicui
2737 3658 2942 3712 natioiii
2993 3674 3099 3712 non
3162 3658 3418 3711 contulit.
3467 3656 3683 3725 Quippe

2084 3753 2175 3822 qni
2229 3751 2483 3805 mandata
2514 3792 2530 3816 ,
2589 3759 2683 3803 aut
2739 3751 3043 3805 voluntates
3090 3766 3218 3805 suas
3265 3750 3521 3818 gentibus
3569 3764 3679 3800 non

2084 3843 2454 3898 manifestavit
2478 3887 2492 3908 ,
2528 3843 2621 3898 sed
2655 3840 2858 3896 Judmis
2890 3850 3125 3898 tantum.
3181 3843 3317 3896 Aliis
3355 3841 3500 3893 enim
3548 3848 3682 3908 gen"

2084 3938 2229 3990 tibus
2287 3944 2496 3989 natura:
2556 3945 2763 3988 tantum
2796 3937 2967 4002 legem
3009 3937 3297 4002 pnestitit,
3332 3949 3454 4003 quae
3485 3947 3512 3985 a
3549 3947 3688 3985 cou-

2081 4031 2311 4086 scientia
2363 4029 2631 4090 nascitur,
2667 4027 2820 4095 juxta
2868 4042 3030 4096 quam
3080 4043 3174 4081 eos
3241 4031 3404 4080 etiam
3468 4025 3682 4096 judieat

2080 4132 2135 4178 et
2189 4122 2380 4190 punit,
2443 4120 2643 4188 populo
2700 4132 2831 4172 vero
2875 4117 3041 4173 Israel
3102 4133 3208 4171 una
3258 4133 3382 4169 eum
3443 4115 3685 4169 naturali

2086 4216 2204 4283 lege
2269 4213 2528 4278 scriptam
2573 4208 2834 4272 tradidit,
2885 4224 3005 4277 qua!
3040 4209 3221 4262 divina
3251 4207 3453 4277 judicia
3500 4204 3685 4259 deela-

2082 4307 2241 4362 rabat
2293 4323 2307 4358 :
2355 4313 2520 4373 atque
2571 4302 2696 4356 ideo
2755 4301 2857 4373 ipsi
2920 4303 3093 4367 magis
3146 4306 3460 4370 punientur.
3507 4298 3675 4352 Multa

2082 4397 2351 4466 siquidem
2398 4392 2493 4446 Dei
2539 4391 2911 4447 misericordia
2998 4391 3222 4461 majoris
3267 4389 3687 4444 condemnatu-

2083 4492 2170 4546 nis
2204 4502 2372 4544 causa
2441 4485 2733 4556 negligenti
2776 4502 2837 4538 ac
2865 4485 3227 4555 contemptori
3258 4484 3508 4537 ellicitur.

2756 4579 3007 4634 Alleluia.

2568 4671 2888 4730 PSALMUS
2927 4668 3208 4726 CXLVIII.

2158 4774 2577 4829 Consueverunt
2625 4770 2797 4826 sancti
2859 4767 3003 4828 viri,
3059 4767 3130 4818 ob
3193 4779 3461 4819 summam
3507 4762 3676 4817 animi

2089 4868 2522 4938 gretitudinent,
2572 4863 2793 4929 quando
2855 4862 3064 4932 gratias
3126 4858 3237 4913 Deo
3279 4859 3451 4910 acturi
3505 4868 3676 4922 sunt,

2091 4961 2290 5015 multos
2324 4958 2653 5013 laudationis
2689 4955 2985 5028 participes
3018 4952 3310 5016 advocare,
3348 4967 3679 5019 rogareque,

2092 5064 2148 5107 ut
2192 5055 2482 5124 pulchrum
2519 5062 2682 5121 atque
2722 5051 3012 5104 honestum
3061 5044 3444 5115 hujuscemodi
3484 5045 3568 5095 lau
3594 5044 3678 5096 la-

2086 5147 2254 5201 tionis
2292 5145 2529 5200 oﬂieium
2584 5157 2772 5196 secum
2823 5147 3107 5194 assumant
3156 5155 3169 5190 :
3213 5134 3678 5205 quemadmmlum

2087 5247 2140 5294 et
2199 5247 2311 5293 tres
2375 5237 2452 5291 illi
2486 5237 2661 5291 sancti
2717 5233 2870 5305 pueri
2907 5232 3153 5285 fecerunt
3181 5269 3196 5281 .
3225 5246 3348 5284 cum
3404 5238 3589 5283 essent
3622 5231 3678 5282 in

2085 5332 2327 5391 camino,
2360 5329 2669 5383 universam
2729 5335 3036 5381 creaturam
3095 5339 3193 5391 pro
3245 5322 3461 5375 collatis
3509 5322 3562 5373 in
3620 5337 3681 5376 se

2085 5422 2367 5477 beneﬁciis
2411 5422 2743 5475 advocantes
2768 5462 2784 5486 ,
2827 5427 2884 5470 ut
2933 5419 3041 5471 Deo
3070 5415 3438 5468 benedicerct.
3476 5411 3590 5466 lloc
3623 5411 3682 5465 in

2088 5515 2380 5585 praesentia
2438 5513 2569 5568 facit
2610 5513 2775 5566 etiam
2809 5508 3075 5578 Propheta
3129 5516 3338 5570 noster,
3379 5513 3678 5569 utrumque

2093 5605 2354 5664 mundqu
2422 5606 2779 5677 complexus,
2827 5601 3167 5674 superiorem
3242 5597 3448 5653 scilicet
3516 5599 3683 5664 atque
