4090 6288
444 267 581 330 1313
1616 276 2006 338 COMMENT.

2173 275 2536 340 PSAIMOS.
3576 271 3712 335 1314

440 400 546 435 νων
602 384 768 454 ’ύμνος
833 389 1102 463 ἡμέτερος
1163 390 1395 462 γίνεται,
1455 392 1588 463 παρ’
1648 385 1724 447 ὧν
1785 393 1897 462 ἐγὼ
1957 392 2016 445 τδ

2131 391 2451 454 ministerio.
2507 393 2953 462 perseverantia.
3020 401 3184 463 atque
3249 391 3373 446 aliis
3434 391 3712 446 similibus

440 476 633 544 ὑμνεῖν
674 479 818 550 λαμὸ
828 484 962 538 ἀνω.

2131 484 2301 538 modis
2339 501 2353 538 :
2389 493 2445 538 et
2479 495 2843 552 spectatorem
2879 486 2930 538 in
2959 485 3372 538 admirationem
3404 523 3419 547 ,
3454 491 3619 551 atque
3644 485 3710 536 ad

438 568 654 626 lmdem
697 573 942 634 Factoris
979 593 1235 651 movent,
1292 585 1434 638 unde
1470 583 1794 654 spectatoris
1838 582 2022 651 lingua
2063 579 2130 633 ad
2163 580 2254 633 Dei
2291 581 2506 634 laudem
2559 591 2805 632 utuntur.
2849 577 3042 632 Omnia
3070 579 3214 633 enim
3240 616 3256 640 ,
3329 583 3420 638 ut,
3490 576 3665 644 inquit
3695 613 3711 638 ,

445 659 746 730 Gregorius
782 667 1117 744 Tlteologus,
1151 674 1318 729 Deum
1351 675 1602 742 laudant,
1638 673 2212 739 inenarrabilibusque
2245 681 2299 725 et
2332 672 2500 724 mutis
2527 673 2712 736 etiam,
2739 680 2801 724 ut
2838 673 2907 722 ita
2971 669 3171 742 dicam,
3239 669 3471 723 vocibus
3542 669 3713 723 Deum

437 754 768 822 glorificaot.
803 758 909 816 Pro
941 763 1027 818 bis
1060 765 1317 822 omnibus
1345 771 1566 831 etenim,
1598 768 1798 838 inquit.
1829 767 2018 837 gratiae
2051 781 2081 819 a
2108 781 2191 819 me
2221 772 2460 834 aguntur
2493 765 2601 817 Deo
2648 783 2660 818 :
2715 774 2880 830 atque
2952 763 3051 818 hoc
3084 773 3241 832 pacto
3277 764 3491 819 illorum
3556 765 3711 824 laus,

439 861 541 916 qua
575 847 742 903 Deum
778 852 1041 921 laudant,
1076 873 1194 914 mea
1225 858 1455 915 eﬂicitnr
1477 901 1493 924 ,
1525 860 1653 914 dum
1685 860 1755 913 ab
1777 859 1885 914 illis
1919 874 2020 928 ego
2055 857 2313 912 laudandi
2340 858 2688 912 occasionum
2717 860 2944 926 accipio.

505 942 734 996 Αἰνεῖτε
754 945 964 1009 αὐτὸν,
1005 950 1058 1002 οἱ
1082 949 1326 1016 οὐρανοὶ
1360 949 1478 1003 uir
1499 950 1793 1018 οὐρανῶν,
1830 950 1928 1002 καὶ
1962 948 2029 1001 τὸ

436 1033 595 1102 ὕδωρ
657 1036 725 1088 τὸ
764 1035 917 1107 ὑπὲρ
942 1038 1066 1093 ἅνω
1108 1040 1228 1094 τῶν
1252 1042 1550 1112 οὐρανῶν,
1602 1043 2027 1097 αἱνεσάτωσαν

436 1128 506 1182 τὸ
551 1128 741 1198 ὄνομα
778 1131 1024 1199 Κυρίου.
1075 1133 1306 1205 Εἴρηται
1346 1135 1642 1206 διαφόρως,
1685 1136 1767 1188 ὅτι
1813 1133 1934 1196 ἔθος
1957 1135 2022 1203 τῇ

437 1221 548 1274 τῶν
581 1221 856 1293 Ἐϐραίων
879 1228 1055 1296 φωνῇ,
1078 1226 1146 1279 τὰ
1162 1227 1316 1280 ἑνικὰ
1341 1226 1722 1297 πληθυντικῶς
1741 1227 2015 1296 ἐκφέρειν.

440 1315 726 1381 Οὑρανοὺς
757 1312 854 1369 οὖν
881 1317 1155 1388 οὐρανῶν,
1189 1319 1283 1372 τὸν
1319 1319 1584 1387 οὐρανὸν
1614 1317 1722 1373 τοῦ
1754 1317 2019 1387 οὐρανοῦ

440 1407 597 1460 καλεῖ
624 1427 635 1439 ·
661 1408 864 1481 δηλαδὴ
890 1411 982 1464 τὸν
1020 1412 1259 1482 πρῶτον*
1292 1412 1532 1482 ἀλλαχοῦ
1556 1412 1664 1483 γάρ
1724 1429 1911 1481 φησιν.
1955 1410 2020 1464 ’0

438 1499 695 1566 οἰφανός
722 1502 830 1556 τοῦ
853 1504 1117 1570 οὐρανοῦ
1153 1504 1234 1570 τῷ
1285 1505 1514 1574 Κυρίῳ·
1557 1504 1655 1557 καὶ
1695 1505 1752 1556 τὸ
1786 1502 2020 1557 αινείτω

438 1591 514 1647 δὲ.
558 1595 652 1645 καὶ
684 1592 748 1645 τὺ
794 1594 1233 1662 αἱνεσάτωσαν,
1261 1595 1486 1650 τοιαῦτα
1517 1595 1614 1650 νῦν
1635 1596 1742 1649 εισι
1777 1595 2018 1665 πληθύν.

437 1680 591 1745 τ.κ.³ι,
625 1681 750 1735 ἀντὶ
772 1683 988 1740 ἑνικῶν.
1019 1686 1204 1756 ’Υὸωρ
1233 1684 1288 1740 δὲ
1323 1686 1465 1756 ὑπὲρ
1487 1685 1600 1740 ἄνω
1631 1685 1726 1738 τοῦ
1754 1681 2013 1755 οὐρανοῦ,

2207 949 2373 1003 Vens.
2401 949 2455 1001 4.
2483 947 2717 1000 Lattdate
2753 964 2865 1000 cum
2894 947 3007 999 cozli
3035 946 3282 1000 caelorum
3303 985 3322 1010 ,
3350 957 3399 1000 et
3425 965 3574 1013 aqua
3599 965 3716 1020 qua:

2131 1054 2285 1105 super
2316 1039 2468 1091 oculos
2497 1050 2616 1091 sunt
2644 1079 2658 1102 ,
2696 1038 2906 1090 laudent
2948 1055 3132 1091 nomen
3161 1039 3392 1092 Domini.
3427 1039 3542 1093 Jam
3574 1057 3716 1109 Saepe

2130 1131 2366 1185 diximus
2397 1130 2724 1184 llcbraicum
2766 1147 2888 1185 esse
2923 1131 3122 1185 idioma
3147 1172 3160 1195 ,
3199 1140 3259 1186 ut
3291 1148 3413 1202 qua:
3453 1135 3714 1205 singulari

2130 1236 2384 1276 sermone
2410 1221 2682 1276 efferenda
2712 1233 2898 1278 essent
2926 1264 2939 1287 ,
2980 1223 3243 1277 dicantur
3277 1224 3496 1292 plurali.
3531 1226 3714 1280 Co‘los

2126 1313 2270 1366 enim
2327 1312 2594 1368 (telorum
2649 1313 2825 1378 dixit,
2884 1331 2979 1381 pro
3022 1316 3208 1367 cwlunt
3260 1316 3411 1379 cceli;
3464 1317 3712 1384 primunt

2125 1403 2384 1457 nimirum
2417 1405 2615 1459 cmltttn
2645 1447 2658 1469 ,
2692 1407 2758 1460 de
2784 1425 2892 1475 quo
2937 1408 3066 1460 alibi
3104 1410 3308 1462 dictum
3343 1419 3426 1463 est
3465 1426 3479 1461 :
3514 1408 3714 1464 Caelum

2124 1497 2240 1550 τα)ῖὶ
2272 1494 2496 1550 Domino
2541 1499 2583 1528 "
2619 1514 2632 1564 ;
2696 1500 2836 1551 unde
2884 1511 2935 1552 et
2981 1499 3144 1552 verba
3195 1500 3328 1554 illa:
3367 1500 3607 1555 Laudat:
3661 1511 3712 1556 et

2124 1588 2360 1654 laudent,
2392 1589 2621 1659 plural‘a
2656 1599 2784 1644 sunt
2813 1605 2910 1658 pro
2944 1591 3337 1660 singularibus.
3377 1593 3481 1647 Per
3509 1609 3705 1662 :tqtlant

2124 1698 2254 1738 vero
2296 1697 2458 1749 quam
2506 1697 2672 1751 supra
2705 1684 2873 1737 coctos
2906 1699 3030 1737 esse
3061 1685 3230 1747 dicit,
3267 1699 3388 1737 eam
3433 1686 3670 1756 intelligo
3699 1726 3714 1752 ,

439 1773 501 1826 τὸ
527 1774 667 1846 ὑπὲρ
700 1776 811 1831 ἄνω
839 1779 935 1832 τοῦ
975 1779 1382 1850 στερεὼματοεο
1420 1779 1540 1841 πῶς
1568 1778 1625 1831 δὲ
1649 1778 1789 1830 αἰνεῖ
1811 1779 1840 1829 ὁ
1867 1773 2020 1844 πρῶ·

2131 1788 2250 1841 quae
2294 1781 2376 1827 est
2423 1788 2590 1841 supra
2651 1773 3072 1828 ﬁrmamentum.
3121 1775 3405 1841 Quomodo
3438 1791 3564 1833 vero
3608 1779 3718 1847 pri-

444 1885 536 1931 τος
565 1870 795 1941 οὐρανὸς
819 1870 1049 1933 ἀθέατος
1080 1871 1179 1934 ῶν,
1218 1871 1435 1944 εἴρηται
1464 1873 1522 1924 ὲν
1576 1869 1656 1941 τῷ
1688 1867 1755 1940 ιη’
1786 1866 2018 1938 ψαλμῷ⁶

441 1958 574 2014 ἔνθα
603 1961 685 2024 τὸ,
728 1964 795 2016 οι
827 1963 1072 2030 οὐρανοὶ
1122 1961 1466 2032 διηγοῦνται
1508 1962 1698 2027 δόξαν
1757 1961 1926 2016 Θεοῦ.
1959 1961 2021 2013 El

440 2050 488 2104 δ’
525 2053 556 2105 ὁ
612 2053 846 2119 ἀθέατος
903 2055 1085 2126 ὑμνεῖ,
1135 2054 1404 2126 πρόδηλον
1433 2057 1515 2109 ὅτι
1545 2052 1726 2124 πολλῷ
1762 2051 1962 2126 μᾶλλον
1993 2052 2022 2105 ὁ

442 2142 656 2209 θεατάς.

519 2319 654 2374 Ὀτι
680 2322 863 2388 αὐτιίς
885 2323 1014 2378 εἷπε
1043 2324 1138 2378 καὶ
1165 2324 1564 2395 ἐγενήθησαν.
1596 2325 1696 2379 Διὰ
1721 2324 1839 2390 τοῦ,
1872 2321 2019 2391 εἷπε,

442 2413 538 2468 δύο
561 2413 734 2468 ταῦτα
768 2415 1048 2487 ἐνέφηνεν,
1094 2420 1154 2472 οὐ
1189 2420 1349 2489 μόνον
1371 2421 1451 2472 ὅτι
1491 2419 1567 2490 μὴ
1595 2420 1727 2473 ὄντα
1768 2421 2024 2490 παρήγαο

444 2517 563 2572 γεν,
617 2505 735 2558 ἀλλ’
784 2508 867 2560 ὃτι
921 2509 1018 2562 καὶ
1070 2509 1209 2579 μετὰ
1263 2509 1466 2578 πολλῆς
1487 2509 1758 2572 εὐκολίας.
1802 2509 2022 2582 ’Ὥσπερ

443 2597 552 2668 γάρ
583 2614 666 2651 σοι
718 2600 778 2651 τὸ
805 2603 980 2654 ποιεῖν
1009 2599 1251 2664 εὔκολον,
1285 2599 1458 2664 οὕτως
1488 2595 1566 2669 τῷ
1597 2600 1717 2670 Θεῷ
1770 2599 1832 2652 τὸ
1892 2615 2023 2653 ποι-

445 2687 579 2758 ῆσαι
639 2690 741 2743 οὐκ
801 2692 970 2745 ὅντα’
1023 2692 1224 2763 μᾶλλον
1273 2692 1330 2745 δὲ
1387 2691 1568 2761 πολλῷ
1624 2693 1828 2746 πλέον’
1899 2692 2023 2745 οὐδὲ

447 2781 559 2852 γὰρ
610 2781 837 2839 δυνατὶν
889 2785 1242 2858 παραστῆσαι
1294 2784 1393 2858 τῆς
1436 2785 1688 2851 εὐκολίας
1717 2785 1820 2842 τὴν
1850 2785 2021 2854 ύπερσ

448 2874 630 2949 ϐολήν.

2126 1879 2277 1917 mum
2328 1863 2526 1918 C(Billm
2557 1906 2572 1930 ,
2617 1880 2742 1917 eum
2789 1881 2896 1919 non
2947 1865 3220 1928 videatur,
3270 1867 3491 1921 laudare
3546 1870 3710 1922 Dcnnt

2124 1955 2332 2024 possit,
2357 1957 2598 2012 diximus
2627 1958 2678 2009 in
2713 1958 2921 2026 psalmo
2959 1972 3113 2022 xvnt,
3143 1957 3214 2011 ibi
3253 1975 3268 2012 :
3301 1956 3432 2011 Caeli
3455 1971 3712 2012 enarravit

2128 2049 2355 2118 gloriam
2384 2049 2498 2102 Dei.
2528 2047 2683 2114 Quod
2709 2051 2751 2104 si
2780 2052 2954 2119 ipsum
2987 2051 3258 2106 invisibile
3279 2052 3477 2105 emlum
3541 2052 3711 2108 Deum

2127 2137 2354 2203 laudat,
2404 2142 2576 2195 multo
2614 2142 2786 2211 magis
2817 2143 2884 2194 ab
2921 2159 2984 2196 eo
3023 2141 3230 2196 laudari
3267 2159 3363 2213 par
3403 2152 3487 2200 est
3511 2183 3526 2209 ,
3567 2145 3712 2215 quod

2128 2233 2334 2286 dicitur
2373 2234 2610 2289 visibile.

2200 2321 2364 2377 Vens.
2394 2323 2448 2377 5.
2487 2323 2750 2388 Quoniam
2804 2325 2914 2394 ipse
2953 2326 3089 2379 dixit
3141 2334 3191 2379 et
3233 2326 3377 2394 [acta
3408 2337 3554 2382 sunt.
3601 2327 3716 2384 Hoc

2127 2429 2382 2469 sermone
2425 2413 2692 2484 Propheta
2721 2417 2831 2470 dtto
2871 2417 2986 2472 bene
3029 2418 3184 2472 nobis
3216 2417 3595 2475 demonstrare
3621 2437 3716 2475 vo—

2127 2508 2250 2573 luit,
2277 2509 2423 2577 quod
2448 2517 2501 2561 et
2540 2510 2746 2562 creavit
2785 2509 2927 2562 Deus
2960 2526 3019 2563 ea
3053 2526 3175 2580 qua:
3205 2521 3363 2566 antea
3395 2527 3504 2567 non
3534 2523 3715 2578 erant,

2128 2609 2181 2656 et
2211 2600 2356 2668 quod
2405 2601 2573 2656 multa
2605 2616 2727 2655 cum
2768 2601 3032 2657 facilitate
3077 2603 3128 2657 id
3163 2603 3290 2659 fecit
3313 2605 3478 2669 ,dum
3510 2607 3715 2662 dixisse

2129 2701 2339 2746 tantmn
2375 2709 2499 2747 eum
2541 2695 2710 2756 dixit.
2759 2704 2816 2749 et
2863 2695 3002 2749 facta
3047 2712 3186 2752 esse.
3219 2699 3294 2752 Ac
3342 2698 3387 2752 si
3427 2700 3654 2754 dixisse:
3696 2716 3711 2754 :

2131 2783 2600 2851 Quemadmodum
2633 2786 2729 2839 tibi
2764 2785 2920 2840 facile
2954 2795 3038 2841 est
3069 2787 3272 2858 aliquid
3303 2789 3487 2844 dicere
3512 2783 3626 2852 ,‘ita
3663 2802 3718 2846 et

2131 2876 2239 2930 Deo
2271 2877 2430 2931 facile
2476 2884 2560 2930 est
2609 2891 2674 2932 ea
2728 2892 2914 2931 creare
2963 2893 3085 2948 quae
3126 2895 3231 2933 non
3271 2890 3417 2934 sunt.
3459 2882 3716 2946 Quinin

2128 2978 2184 3023 et
2233 2969 2404 3023 multo
2433 2968 2648 3023 facilius
2695 2968 2746 3023 id
2797 2979 2997 3039 potest.
3055 2969 3242 3040 Neque
3276 2975 3420 3026 enim
3463 2974 3718 3042 possibile

2129 3073 2215 3116 est
2239 3060 2436 3116 divinae
2471 3060 2754 3116 facilitatis
2787 3061 3213 3130 magnitudinem
3243 3061 3640 3118 demonstrare.

513 3166 704 3234 Αὐτὸς
757 3167 1099 3223 ἐνετείλατο
1157 3169 1258 3223 καὶ
1306 3170 1697 3240 ἐκτίσθησαν.
1759 3171 1834 3224 Τὸ
1887 3171 2022 3226 αὐτὸ

2203 3151 2311 3220 Ipse
2349 3154 2617 3208 mandavit
2650 3164 2699 3208 et
2726 3165 2904 3207 creata
2933 3165 3076 3206 sunt.
3135 3150 3392 3208 Eamdem
3430 3171 3579 3210 more
3611 3171 3715 3210 suo

449 3257 600 3326 λέγει
633 3258 819 3322 πάλιν,
863 3261 939 3324 ὡς
969 3260 1130 3313 εῐωοε
1160 3261 1425 3326 πολλάκις
1474 3265 1669 3317 ποιεῖν.
1706 3263 2022 3334 Γέγραπται

447 3347 557 3417 γὰρ
588 3349 649 3401 ἂν
707 3351 773 3419 τῇ
821 3349 988 3420 βίϐλῳ
1034 3352 1131 3420 τῆς
1160 3351 1436 3415 Γενέσεως
1471 3368 1485 3384 ·
1517 3352 1842 3420 Γενηθήτω
1872 3352 2022 3423 φῶς,

449 3441 544 3493 καὶ
576 3440 837 3510 ἐγένετο,
870 3444 966 3495 καὶ
995 3443 1064 3495 τὰ
1099 3442 1225 3512 ἑξῆς
1255 3445 1481 3513 ὁμοῖως.

527 3535 827 3600 Ἕστησεν
847 3535 998 3589 αὐτὰ
1016 3543 1101 3600 εις
1117 3538 1224 3589 tor
1240 3536 1425 3590 αιὼνα
1440 3536 1546 3592 τοῦ
1559 3535 1791 3604 αἰῶνος.
1811 3538 2028 3610 Ἢδραί-

450 3642 592 3678 ωσεν
647 3628 786 3681 αὐτὰ
840 3630 985 3683 κατὰ
1030 3646 1089 3682 τε
1145 3629 1242 3699 τὴν
1277 3630 1432 3694 τάξιν
1465 3633 1558 3684 καὶ
1594 3632 1693 3701 τὴν
1718 3634 2024 3703 ἐνέργειαν,

451 3718 548 3771 καὶ
595 3719 692 3788 τὴν
734 3720 946 3792 χρείαν,
984 3723 1357 3792 ἀμετακίνητα
1391 3721 1460 3774 δι’
1495 3722 1711 3791 αἰῶνος,
1746 3724 1820 3796 μὴ
1852 3741 2029 3796 παρα-

453 3815 708 3868 ϐαίνοντα
746 3815 874 3878 τοὺς
902 3815 1064 3884 ὄρους
1093 3817 1192 3884 τῆς
1224 3813 1464 3882 φύσεως.

526 3912 886 3978 Πρόσταγμα
931 3909 1122 3972 ἔθετο,
1154 3908 1250 3961 καὶ
1282 3911 1355 3962 οὐ
1383 3911 1881 3978 παρελεύσονται.
1919 3912 2032 3967 Καὶ

451 3999 612 4054 τοῦτο
659 4000 759 4070 τὴν
800 4000 1052 4052 εὐκολίαν
1089 4000 1185 4069 τῆς
1218 4002 1450 4070 συνοχῆς
1481 4001 1578 4053 καὶ
1620 4001 2031 4075 διακρατήσεως

452 4094 635 4147 αὐτῶν
688 4093 960 4163 ἐμφαίνει.
1026 4091 1239 4154 Ἕθετο,
1274 4096 1461 4161 φησὶν,
1486 4093 1670 4156 αὐτοῖς
1705 4094 2033 4164 πρόσταγμα

453 4185 547 4236 τὸν
586 4186 734 4256 ὅρον,
794 4186 888 4237 καὶ
946 4184 1010 4236 οὐ
1068 4182 1504 4254 παρελεύσονται
1553 4183 1736 4248 τοῦτο,
1779 4185 2032 4257 καθάπερ

455 4277 618 4330 δούλα
646 4278 721 4349 μὴ
758 4279 1047 4350 τολμῶντα
1089 4277 1446 4348 παρεξελθεῖν
1474 4277 1536 4332 τὸ
1563 4278 1895 4348 προστάγμα.
1939 4279 2032 4332 τοῦ

455 4370 740 4424 δεσπότου.

523 4637 744 4690 Αἰνεῖτε
772 4637 879 4690 τὸν
913 4638 1132 4705 Κύριον
1163 4638 1231 4691 ἐκ
1257 4637 1368 4706 τῆς
1399 4636 1533 4708 γῆς,
1556 4636 1906 4706 δράκοντες,
1933 4639 2032 4692 καὶ

458 4728 650 4784 πᾶσαι
696 4729 980 4784 ἄϐυσσοι.
1028 4731 1338 4801 Δράκοντας
1400 4730 1502 4799 μιν
1556 4730 1629 4783 τὰ
1664 4733 1836 4801 κτήνη
1885 4731 2033 4798 λέγει

459 4821 578 4885 νῦν,
625 4820 700 4882 ὠς
754 4821 847 4874 καὶ
891 4821 1149 4891 ἀλλαχοῦ,
1215 4821 1477 4888 Δράκων,
1529 4821 1718 4891 φησὶν,
1754 4817 1930 4888 οὗτος
1962 4822 2037 4874 ὃν

462 4914 732 4978 ἔπλασας
759 4928 772 4941 ·
809 4913 1076 4976 ἀϐύσσους
1106 4912 1182 4974 δὲ,
1202 4913 1269 4966 τὰ
1301 4914 1514 4984 πελάγη
1537 4930 1553 4942 ⁸
1576 4915 1745 4969 Ὅταν
1784 4915 1896 4984 γὰρ
1935 4913 2035 4967 tam

459 5022 542 5067 τις
598 5003 694 5057 τοῦ
749 5006 944 5075 κήτους
972 5007 1033 5057 τὸ
1075 5005 1326 5074 μέγεθος,
1359 5005 1454 5058 καὶ
1491 5015 1592 5075 την
1618 5005 1897 5075 σύμπηξιν
1937 5006 2034 5059 τοῦ

464 5097 735 5168 σώματος,
798 5101 863 5170 ἢν
916 5101 973 5150 ὲν
1010 5098 1090 5167 τῷ
1152 5098 1270 5151 ’1ὼὸ
1305 5100 1336 5168 ἠ
1375 5099 1565 5170 Γραςιὴ
1610 5099 1749 5169 μετὰ
1787 5099 2033 5163 πλείονος

461 5193 731 5262 διηγεῖται
768 5193 1089 5261 σαφηνείας,
1138 5191 1253 5254 πῶς
1310 5192 1369 5244 ού
1436 5192 1648 5262 σφόδρα
1723 5190 2032 5260 θαυμάσας,

465 5285 683 5354 ὑμνήσῃ
728 5287 819 5337 τὸν
859 5284 1342 5354 δημιουργήσαντα
1395 5284 1700 5353 τηλικαῦτα
1738 5284 1854 5348 ζῶα
1880 5325 1894 5348 ,
1939 5286 2033 5337 καὶ

465 5379 643 5447 χωρία
672 5377 881 5440 τούτοις
932 5377 999 5429 τὰ
1028 5376 1243 5442 animo
1275 5376 1487 5446 πελάγη
1540 5376 2031 5445 ἀ·τῑοκληριῖ›σιιντοι⁹

467 5472 560 5523 καὶ
589 5471 666 5538 μὴ
704 5469 1090 5537 συγχωροῦντα
1125 5468 1235 5520 τῶν
1271 5468 1487 5520 οἰκείων
1531 5471 1813 5538 ἐκτρέχειν
1870 5471 2030 5537 ὅρων,

467 5564 577 5613 εἴτε
612 5560 746 5630 πρὸς
790 5559 914 5630 γῆν,
947 5561 1056 5611 εἴτε
1089 5560 1222 5628 πρὸς
1255 5561 1322 5612 τὰ
1356 5558 1623 5626 πλεόμενα
1669 5564 1838 5631 μέρη·
1864 5560 1940 5631 μὴ
1980 5560 2036 5612 δὲ

540 5749 743 5804 "Psal.
784 5761 934 5810 cxtn,
973 5745 1051 5799 l6.
1134 5741 1342 5799 "Cen.
1377 5759 1414 5809 ι,
1442 5741 1498 5797 5.

1577 5742 1616 5775 ¹¹¹
1647 5742 1792 5798 Psal.
1829 5760 2018 5812 CXVIII,
2050 5743 2138 5802 9i.

2128 3246 2398 3312 Propheta
2447 3248 2644 3316 repetit
2673 3248 3024 3302 sententiam.
3078 3245 3352 3316 Scriptum
3397 3257 3483 3301 est
3528 3259 3711 3305 autem

2129 3340 2181 3394 in
2212 3340 2353 3394 libro
2389 3337 2619 3393 Genesis
2652 3356 2666 3395 :
2709 3339 2773 3391 Et
2818 3341 2952 3393 dixit
2999 3339 3134 3394 Deus
3163 3341 3293 3406 ,[iat
3317 3341 3411 3395 luat
3438 3381 3453 3404 ,
3488 3351 3535 3394 et
3571 3342 3713 3410 facta

2127 3443 2204 3486 est
2248 3433 2292 3464 "
2322 3448 2336 3496 ;
2372 3443 2424 3484 et
2452 3431 2656 3499 rrliqua
2687 3431 2847 3486 simili
2874 3432 3089 3485 ratione
3119 3446 3184 3486 ac
3215 3433 3396 3487 modo.

2201 3521 2368 3577 Vens.
2399 3523 2454 3576 6.
2493 3521 2692 3575 Statuit
2741 3539 2800 3575 eu
2840 3525 2894 3575 in
2947 3523 3233 3588 saxulum,
3285 3534 3334 3577 et
3371 3526 3423 3577 in
3466 3527 3716 3579 swculum

2129 3617 2332 3671 saeculi.
2397 3614 2666 3670 Stabilivit
2707 3631 2793 3676 ea.
2833 3617 3022 3670 ordine
3068 3617 3323 3669 nimirum
3349 3658 3362 3681 ,
3398 3620 3717 3685 operatione

2130 3721 2294 3778 atque
2322 3710 2555 3764 utilitate
2585 3750 2597 3769 .
2637 3716 2694 3761 ut
2743 3709 3040 3763 immobilia
3089 3718 3276 3764 essent
3307 3750 3321 3775 ,
3360 3726 3423 3765 ac
3455 3715 3712 3766 smculum

2131 3814 2184 3860 ct
2222 3813 2429 3858 natura:
2460 3803 2726 3857 terminos
2754 3818 2861 3855 non
2892 3806 3430 3872 transgrederentur.

2211 3891 2544 3962 Pt'a'ceptum
2575 3893 2770 3959 posuit,
2797 3901 2844 3943 et
2873 3909 2977 3944 non
3007 3893 3365 3960 pra'teribunt.
3395 3893 3518 3949 llzec
3541 3896 3706 3952 verba

2133 3989 2298 4043 etiam
2345 3987 2663 4041 facilitatem
2712 3986 3120 4050 demonstrant,
3169 3999 3274 4054 qua
3319 3985 3700 4054 hujuscemodi

2135 4082 2406 4135 elementa
2439 4087 2602 4147 atque
2636 4086 2904 4132 creaturae
2988 4078 3041 4130 in
3081 4093 3204 4132 esse
3237 4096 3263 4132 a
3299 4077 3408 4132 Deo
3449 4081 3713 4148 producta

2136 4183 2290 4238 sunt,
2313 4184 2365 4227 et
2388 4189 2494 4242 qua
2523 4171 2781 4240 deinceps
2832 4181 3231 4228 conservantur
3263 4182 3318 4226 et
3338 4183 3712 4241 perseverant.

2135 4265 2331 4321 Posuit
2381 4266 2550 4329 enim,
2607 4265 2802 4332 inquit.
2853 4264 2933 4319 eis
2981 4264 3295 4317 mandatum
3349 4265 3417 4319 de
3466 4265 3713 4319 terminis

2136 4372 2354 4422 eorum,
2412 4357 2555 4424 quod
2613 4371 2892 4424 nunquam
2954 4356 3333 4424 praeteribunt,
3388 4372 3499 4410 non
3553 4372 3715 4412 secus

2069 4477 2110 4532 υ
2141 4459 2304 4517 atque
2334 4449 2503 4512 servi,
2535 4449 2626 4518 qui
2661 4449 2967 4518 transgredi
2993 4464 3100 4502 non
3127 4447 3330 4501 audent
3363 4447 3711 4504 d0minorum

2141 4552 2433 4613 pra-cepta.
2463 4539 2656 4596 Omnia
2684 4541 2855 4607 enim,
2881 4540 3058 4610 inquit
3090 4541 3242 4606 alibi,
3276 4541 3508 4596 serviunt
3538 4542 3631 4595 tibi
3651 4541 3712 4597 ".

2213 4631 2376 4691 Vsus.
2405 4633 2456 4688 7.
2479 4632 2719 4689 Laudato
2749 4633 3033 4688 Dominum
3061 4636 3126 4688 de
3158 4644 3298 4688 terra
3319 4675 3333 4699 ,
3367 4636 3621 4688 dracones
3666 4645 3716 4687 et

2142 4744 2320 4782 omnes
2355 4727 2555 4798 abyssi.
2585 4727 2691 4783 Per
2722 4729 2990 4783 dracones
3029 4729 3130 4783 hoc
3170 4729 3223 4783 in
3264 4729 3385 4784 loco
3451 4729 3568 4799 ipsa
3601 4740 3719 4784 cete

2141 4819 2418 4890 intelligit,
2479 4820 2938 4889 quemadmodum
2996 4830 3050 4874 et
3105 4820 3256 4884 alibi.
3313 4822 3534 4890 quando
3585 4822 3714 4874 ait:

2139 4911 2314 4966 Draco
2362 4911 2460 4966 ista
2504 4927 2656 4981 quem
2694 4913 2939 4981 formasti
2971 4914 3047 4965 ais
3076 4911 3139 4964 ¹³¹.
3173 4913 3272 4967 Per
3302 4914 3528 4984 abyssos
3591 4929 3719 4966 vero

2144 5005 2259 5074 ipsa
2291 5004 2562 5076 signiﬁcat
2592 5005 2784 5058 maria.
2814 5003 3044 5070 Quoties
3077 5007 3247 5070 enim,
3277 5005 3477 5075 inquit,
3515 5006 3664 5060 vider
3689 5022 3717 5061 ε

2141 5113 2274 5157 cette
2314 5101 2768 5173 magnitudinem,
2813 5111 2867 5156 ct
2909 5102 3158 5173 corporis
3201 5104 3348 5158 illius
3383 5105 3716 5173 compactio-

2142 5211 2288 5259 nem,
2343 5209 2505 5262 quam
2563 5193 2704 5262 apud
2756 5193 2972 5246 beatum
3016 5191 3117 5247 Job
3168 5193 3450 5262 Scriptura
3500 5193 3714 5262 plenius

2142 5297 2307 5354 atque
2353 5287 2598 5355 apertius
2650 5285 2934 5346 describit.
2989 5285 3264 5354 quomodo
3319 5299 3425 5339 non
3477 5284 3714 5338 admira-

2149 5380 2366 5434 bundns
2406 5383 2682 5433 tantorum
2709 5378 3066 5432 animantium
3092 5377 3404 5433 Creatorem
3433 5377 3631 5431 laudab
3655 5377 3716 5431 s?

2146 5472 2238 5540 qui
2272 5471 2664 5543 innavigabiles
2693 5471 3037 5526 marissinus
3070 5485 3133 5523 ac
3160 5471 3428 5540 regiones,
3455 5483 3554 5537 pro
3591 5470 3712 5520 illo-

2147 5579 2265 5617 rum
2302 5563 2639 5619 habitatione
2665 5563 2745 5618 eis
2781 5562 3032 5630 tradidit,
3065 5577 3166 5619 nec
3195 5578 3257 5617 ea
3302 5563 3433 5616 sinit
3479 5569 3711 5615 statutos

2221 5747 2263 5778 “
2297 5745 2439 5802 Psal.
2467 5761 2584 5811 cm,
2611 5745 2702 5804 ‘26.
