4090 6288
474 240 610 300 1319

1711 243 2099 304 EUTIIYMII
2156 244 2502 304 ZIGABENI

3604 246 3741 312 1320

472 353 732 418 poplitum
757 349 1067 419 pertinent;
1091 348 1245 420 juxta
1276 365 1559 423 anagogen
1592 365 1742 418 vero,
1764 354 1828 404 ad
1862 352 2044 405 ﬁdeles

2175 353 2294 420 μὸς,
2327 353 2468 404 κατὰ
2494 350 2550 406 δὲ
2580 350 2897 423 ἀναγωγὴν,
2936 351 3066 423 περὶ
3095 346 3171 405 ὧν
3197 353 3227 406 ὁ
3249 352 3508 421 Θεολόγος
3534 355 3743 426 Γρηγὸ-

473 444 945 512 quemadmodum
1004 446 1311 516 Gregorius
1369 446 1688 516 Thcologus
1746 445 1935 510 tradit,
1998 448 2049 498 in

469 550 727 590 ICﬂthlIe
760 536 838 591 De
876 537 1163 592 Erit-tentis.
1228 538 1309 592 Illi
1343 552 1522 593 autem
1556 555 1758 593 novum
1815 539 2046 592 Domino

469 629 749 682 canticum
798 641 1033 694 canunt,
1072 632 1163 700 qui
1194 647 1329 684 nova
1363 634 1417 685 in
1455 633 1675 685 Christo
1711 630 1888 685 ellecti
1922 641 2052 686 sunt

470 729 747 787 creatura,
783 730 839 775 et
878 738 973 791 per
1005 722 1219 777 Novum
1250 722 1688 790 Testamentum,
1722 739 1920 778 notum
1949 725 2051 777 ho-

470 813 675 867 minem
711 812 1033 868 induerunt.

544 902 685 957 Laus
746 906 861 973 ejus
921 908 973 957 in
1047 906 1287 961 Ecclesia
1350 920 1679 964 sauciorum.
1733 905 1790 961 in
1845 922 2051 978 praece-

471 992 622 1047 denti
658 996 821 1049 etiam
865 997 1078 1066 psalmo
1118 999 1254 1052 dixit
1302 1017 1315 1051 :
1362 1000 1600 1069 Hymnus
1641 999 1887 1053 omnibus
1924 1016 2051 1053 san—

465 1086 565 1140 ctis
597 1088 733 1157 ejus.

539 1179 705 1234 Vens.
741 1180 798 1233 ‘2.
834 1180 1066 1235 La’tetur
1121 1182 1296 1237 Israel
1350 1185 1404 1237 in
1449 1200 1532 1244 eo.
1589 1184 1678 1253 qui
1730 1184 1852 1253 {erit
1911 1199 2050 1237 eum.

469 1270 654 1328 Novus
689 1273 874 1334 Israel.
914 1290 1145 1337 canens.
1200 1278 1253 1330 in
1294 1277 1404 1331 Deo
1453 1278 1690 1339 laetetur,
1745 1279 1870 1346 quia
1922 1293 2051 1330 eum

465 1362 624 1427 iecit,
647 1374 702 1417 et
734 1368 862 1435 quia
897 1367 1027 1421 fecit
1050 1385 1171 1423 eunt
1197 1386 1321 1425 esse
1351 1371 1613 1440 populum
1648 1385 1809 1424 suum
1838 1386 1853 1436 ;
1887 1379 2052 1439 atque

466 1456 590 1510 ideo
623 1458 831 1511 addidit
871 1478 884 1512 :

538 1545 604 1599 Et
640 1552 743 1618 ﬁlii
774 1553 901 1605 Sion
955 1554 1221 1607 exsultent
1283 1555 1339 1608 in
1396 1572 1515 1624 rege
1569 1572 1690 1610 suo.
1742 1555 1865 1611 Filii
1924 1556 2052 1611 dico

466 1654 621 1694 nova:
657 1641 823 1706 Sion,
897 1647 981 1698 vel
1021 1647 1137 1714 ipse
1194 1646 1361 1699 etiam
1418 1648 1755 1702 Israeliticus
1811 1650 2052 1717 populus

463 1744 677 1787 canens
712 1735 820 1788 Deo
856 1737 1093 1801 lauetur,
1124 1748 1178 1791 et
1207 1739 1364 1793 laetus
1398 1742 1607 1810 gratias
1634 1750 1781 1811 agat,
1819 1753 1871 1796 et
1906 1741 2049 1813 quod

466 1833 693 1879 creatus
737 1826 830 1890 sit,
868 1837 923 1881 et
954 1830 1101 1897 quod
1136 1840 1189 1883 ut
1226 1833 1489 1901 proprius
1525 1848 1587 1887 ac
1617 1833 1915 1901 peculiaris
1946 1850 2045 1902 po~

465 1915 629 1981 pulus
672 1930 700 1967 a
738 1914 847 1971 Deo
896 1919 1208 1974 vindicatus
1261 1923 1356 1975 sit.
1413 1922 1507 1976 Eis
1555 1924 1726 1989 enim,
1785 1933 2049 1993 tanquam

462 2008 582 2061 suis
641 2022 703 2061 ac
733 2008 1103 2065 familiaribus
1146 2012 1277 2065 olim
1328 2013 1471 2067 Deus
1524 2013 1874 2083 imperabat:
1906 2012 2050 2083 quod

463 2097 735 2163 privatum
770 2098 1047 2165 quoddam
1076 2100 1226 2154 aliud
1258 2108 1339 2155 est
1378 2101 1633 2155 beneﬁcii
1665 2118 1862 2172 genus.

532 2186 699 2241 Vens.
734 2188 785 2242 3.
813 2186 1055 2243 Laudent
1085 2206 1271 2243 nomen
1298 2192 1414 2257 ejus
1443 2191 1499 2242 in
1529 2191 1709 2243 choro.
1755 2188 1813 2245 ln
1852 2206 2051 2246 conso-

463 2281 651 2332 nantia
677 2292 729 2334 et
762 2290 1038 2334 concentu
1075 2297 1298 2345 vocum,
1337 2290 1395 2334 ut
1428 2292 1628 2335 cantus
1664 2284 2049 2337 communica-

466 2370 542 2422 tio
599 2369 918 2427 dilectionis
980 2373 1189 2441 pariter
1240 2373 1800 2427 communicationem
1858 2373 2051 2430 aﬂ‘erat

462 2471 627 2529 atque
660 2466 971 2517 animorum
1004 2480 1365 2519 consensum.

534 2553 601 2607 In
655 2566 902 2625 tympano
955 2566 1006 2611 et
1079 2559 1334 2625 psalterio
1396 2558 1631 2627 psallunt
1687 2559 1755 2612 ei.
1810 2561 2050 2630 Antiqua

460 2649 684 2717 quidem
718 2650 1155 2718 populojussum
1192 2658 1331 2714 erat,
1354 2648 1815 2717 uthnjuscemodi
1842 2652 2051 2705 instru-

464 2742 664 2795 mentis
722 2742 830 2797 Deo
896 2752 1166 2796 canerent
1201 2782 1214 2807 ,
1274 2742 1739 2811 quemadmodum
1795 2751 1849 2797 et
1918 2744 2046 2800 illud

464 2834 784 2886 mandatum
823 2832 1025 2897 fuerat,
1062 2842 1121 2886 ut
1156 2834 1326 2887 certis
1364 2833 1472 2886 Deo
1504 2835 1841 2889 animalibus
1871 2837 2048 2889 sacri-

463 2926 693 2981 ﬁcarent
723 2944 735 2981 :
771 2939 937 2996 atque
972 2928 1078 2981 hoc
1107 2928 1177 2980 ob
1208 2928 1360 2981 illius
1408 2927 1595 2997 populi
1647 2926 2045 2990 inﬁrmitatem,

2162 460 2275 512 ριος
2303 443 2552 513 εἴρηκεν,
2586 444 2643 495 ἐν
2676 444 2756 510 τῷ
2785 436 2929 514 λόγῳ
2969 445 3078 497 τῶν
3115 444 3488 513 Ἐγκαινίων.
3518 445 3739 515 ’ᾼδουσι

2156 536 2211 589 δὲ
2247 536 2324 606 τῷ
2356 537 2547 608 Κυρίῳ
2581 533 2736 607 ᾆσμα
2768 538 2975 601 καινὸν,
3000 538 3050 590 οἱ
3104 538 3205 607 τῆς
3253 540 3450 606 καινῆς
3494 539 3742 601 κτίσεως,

2157 632 2205 683 οἱ
2235 632 2331 700 τῆς
2370 632 2563 701 καινῆς
2596 631 2890 703 διαθήκης,
2926 633 3018 684 τὸν
3046 631 3235 684 καινὸν
3266 632 3559 702 ἄνθρωπον
3587 632 3739 683 ἐνδυ-

2161 725 2412 794 σάμενοι.
2502 746 2505 749 ί

2244 904 2316 960 Ἠ
2336 904 2574 970 αἴνεσις
2620 902 2810 957 αὑτοῦ
2856 903 2928 956 ἐν
2985 903 3287 968 ἐκκλησίᾳ
3344 904 3549 956 ὁσίων.
3608 898 3744 956 Eine

2158 996 2253 1049 καὶ
2284 997 2342 1049 ὲν
2372 995 2451 1063 τῷ
2484 993 2813 1064 προλαϐόντι
2843 992 3069 1066 ψαλμῷ,
3122 994 3353 1061 ’Υμνος
3414 990 3567 1048 πᾶσι
3623 991 3747 1057 τοῖς

2159 1092 2356 1156 ὁσίοις
2374 1090 2588 1145 αὑτοῦ.

2229 1181 2640 1251 Εὐφρανθήτω
2670 1181 2923 1251 Ἰσραὴλ
2960 1181 3055 1234 ἐπὶ
3081 1178 3161 1244 τῷ
3185 1179 3506 1247 ποιήσαντι
3535 1179 3745 1232 αὐτόν.

2167 1276 2389 1348 Ἰσραὴλ
2438 1277 2466 1328 ὁ
2502 1275 2690 1339 καινὸς
2728 1274 2895 1345 ᾅδων,
2939 1272 3306 1342 εὐφρανϐἡτω
3363 1274 3458 1324 ἐπὶ
3492 1270 3569 1341 τῷ
3598 1269 3745 1339 Θεῷ,

2154 1368 2237 1423 ὅτι
2256 1386 2312 1421 τε
2333 1368 2497 1421 αὑτὸν
2514 1367 2772 1436 ἐποίησεν
2792 1365 3103 1437 ἄνθρωπον,
3122 1366 3218 1419 xa‘t
3241 1367 3322 1418 ὅτι
3352 1364 3515 1417 αὑτὸν
3560 1363 3748 1432 ἐποίη-

2158 1476 2249 1513 σεν
2274 1460 2405 1513 ἴδιον
2433 1460 2584 1512 λαόν*
2613 1459 2861 1530 ἐπήγαγε
2895 1458 3028 1527 γάρ.

2228 1554 2335 1608 Καὶ
2373 1552 2491 1607 υἱοὶ
2532 1551 2687 1607 Σιὼν
2737 1551 3252 1621 ἀγαλλιάσθωσαν
3294 1548 3391 1602 ἐπὶ
3443 1545 3524 1614 τῷ
3559 1547 3746 1612 βασι·

2160 1647 2256 1699 λεὶ
2282 1644 2505 1699 αὐτῶν.
2539 1645 2659 1697 Υίοὶ
2691 1644 2852 1707 Σιὼν,
2886 1644 2981 1711 τῆς
3025 1644 3242 1713 καινῆςο
3281 1646 3310 1697 ὁ
3348 1640 3747 1713 Ἱσρσηλιτικδς

2158 1736 2314 1800 αὖθις
2374 1736 2501 1798 λαὸς
2556 1734 2697 1807 ᾄδων
2752 1735 3137 1805 εὐςρανθήτω,
3179 1736 3270 1787 καὶ
3306 1733 3743 1803 εὖφραινόμενος

2158 1829 2575 1900 εὐχαριστείτω,
2615 1828 2753 1897 ὑπέρ
2801 1845 2862 1880 τε
2901 1826 3001 1894 τῆς
3050 1826 3442 1896 δημιουργίας,
3501 1824 3645 1891 ὑπέρ
3683 1838 3743 1875 τε

2155 1924 2255 1991 τῆς
2290 1923 2642 1984 οίκειώσεως·
2691 1921 2766 1983 ὡς
2817 1922 3044 1973 οἰκείων
3082 1921 3193 1989 γὰρ
3243 1919 3424 1972 αὐτῶν
3460 1918 3746 1972 Macilen-

2158 2030 2274 2067 aev'
2319 2015 2457 2079 ὅπερ
2488 2012 2678 2083 ἕτερον
2717 2009 2858 2076 εἶδος
2891 2012 3242 2081 εὐεργεσίας.

2224 2191 2658 2247 Αἱνεσάτωσαν
2717 2192 2784 2244 τὸ
2839 2192 3030 2261 ὄνομα
3083 2189 3273 2244 αὐτοῦ
3318 2190 3390 2243 ἐν
3434 2190 3618 2259 χορῷ.
3656 2188 3745 2241 Ἑν

2156 2284 2470 2354 συμφωνίᾳ,
2498 2285 2588 2337 ἶνα
2627 2287 2660 2354 ἡ
2694 2284 2955 2337 κοινωνία
2987 2286 3086 2352 τῆς
3120 2283 3266 2354 ᾠδῆς
3312 2282 3604 2336 κοινωνίαν
3647 2282 3747 2336 αὐ-

2152 2384 2266 2443 τοῖς
2317 2380 2540 2449 ἀγάπης
2564 2377 2801 2449 ἐμϐάλῃ,
2834 2377 2927 2430 καὶ
2960 2376 3295 2445 σύμπνοιαν,
3335 2377 3428 2427 καὶ
3459 2375 3742 2444 ὁμόνοιαν.

2234 2562 2339 2614 Ἐν
2410 2558 2699 2628 τυμπάνῳ
2790 2557 2888 2610 καὶ
2961 2556 3277 2624 ψαλτηρίῳ
3364 2558 3745 2623 ψαλατωσαγ

2158 2651 2342 2718 αὐτῷ.
2388 2651 2479 2721 Τῷ
2528 2654 2628 2721 μὲν
2662 2649 2883 2718 παλαιῷ
2910 2649 3025 2719 λαῷ
3053 2648 3143 2701 διὰ
3195 2648 3457 2700 τοιούτων
3492 2647 3747 2716 ὀργάνων

2150 2748 2299 2819 ᾅδειν
2330 2746 2729 2815 ἐπετέτραπτο,
2770 2742 3026 2811 καθάπερ
3059 2740 3151 2793 καὶ
3202 2740 3263 2792 τὸ
3295 2738 3620 2803 ζωοῡυτεῖν,
3653 2738 3745 2791 διὰ

2150 2841 2251 2911 τὴν
2278 2839 2570 2894 ἀσθένειαν
2611 2837 2817 2899 αὐτῶν,
2850 2836 2946 2890 καὶ
2974 2832 3316 2903 φιληδονίαν·
3352 2831 3430 2902 τῷ
3455 2832 3565 2902 νέῳ
3598 2833 3744 2901 τύμ-

2153 2949 2331 2985 πανον
2370 2932 2404 3001 ή
2430 2931 2704 3000 νέκρωσις
2748 2929 2858 2981 τῶν
2887 2928 3231 2997 σωματικῶν
3272 2925 3503 2996 ἡδονῶν·
3544 2925 3745 2993 νεκρὸν

467 3028 633 3086 atque
670 3034 914 3073 amorem
955 3034 1084 3090 erga
1120 3020 1461 3089 voluptates,
1498 3034 1527 3073 a
1553 3020 1755 3090 quibus
1799 3037 1908 3076 non
1970 3022 2045 3075 ita

2156 3024 2261 3096 γὰρ
2297 3024 2462 3093 σῶμα
2501 3024 2562 3077 τὸ
2592 3025 2903 3093 τύμπανον,
2956 3019 3262 3091 ψαλτήριον
3297 3018 3377 3083 δὲ,
3421 3019 3484 3071 τὸ
3529 3017 3748 3073 ἄνωθεν

466 3108 535 3163 de
564 3108 708 3164 facili
742 3118 997 3179 poterant
1031 3112 1280 3180 separari
1311 3128 1327 3165 :
1359 3126 1538 3167 novus
1561 3120 1746 3168 autem
1810 3114 2050 3183 populus

468 3212 601 3255 tunc
636 3218 694 3256 se
732 3203 970 3273 psallere
1009 3212 1162 3273 putat
1196 3205 1247 3258 in
1286 3213 1569 3275 tympano,
1596 3207 1821 3276 quando
1854 3220 2051 3277 corpo-

470 3296 547 3349 ris
574 3296 887 3365 voluptates
937 3297 1255 3351 ntortilicat.
1291 3297 1633 3369 Tympanum
1679 3299 1883 3353 etenim
1924 3314 2051 3351 cor-

465 3405 570 3458 pus
602 3390 878 3458 quoddam
921 3399 1204 3445 mortuum
1255 3400 1363 3454 est,
1395 3400 1452 3445 et
1484 3402 1618 3446 tunc
1655 3394 1820 3445 etiam
1865 3393 2049 3460 psallit

467 3484 521 3535 in
557 3484 838 3549 psalterio,
880 3484 1105 3550 quando
1130 3498 1372 3553 superne
1407 3499 1435 3536 a
1469 3482 1603 3545 Deo,
1644 3492 1704 3537 ut
1731 3485 1804 3536 ita
1838 3484 2046 3548 dicam,

467 3574 789 3628 insatiatur.
858 3574 1193 3629 Psalterium
1252 3577 1423 3637 enim,
1489 3584 1547 3628 ut
1599 3576 1726 3627 alibi
1781 3575 2046 3640 diximus,

464 3681 705 3735 Superue
756 3667 923 3721 habet
957 3682 1153 3721 vocum
1216 3677 1271 3721 et
1328 3682 1596 3721 sonorum
1645 3682 1869 3721 causas.
1930 3666 2048 3729 Vel,

470 3775 565 3826 per
596 3768 927 3829 tympanum
956 3759 1130 3813 honas
1168 3761 1541 3827 Operationes.
1594 3774 1690 3828 per
1724 3758 2047 3827 psalterium

466 3866 597 3904 vero
636 3853 1160 3920 Contemplationem
1202 3853 1468 3923 intellige.
1506 3854 1581 3907 ita
1620 3863 1676 3908 ut
1706 3852 2037 3923 PrOphetam
2108 3855 2408 3909 admonere
2488 3853 2859 3923 intelligamus
2930 3850 3141 3917 ﬁdeles,

2154 3120 2489 3189 ἐνηχεῖσθαι.
2553 3119 2627 3172 Τὸ
2682 3118 2991 3188 ψαλτήριον
3025 3117 3135 3188 γὰρ
3213 3115 3425 3170 ἄνωθεν
3457 3114 3743 3185 ἐλάμϐανε

2154 3212 2263 3264 τῶν
2310 3213 2566 3280 φθόγγων
2630 3211 2731 3272 τὶς
2795 3208 3077 3279 ἁφορμάςο
3135 3207 3495 3277 ἢτύμπανον
3548 3208 3668 3276 μὲν,
3710 3207 3744 3277 ἡ

2154 3300 2378 3371 πρᾶξις,
2432 3300 2737 3370 ψαλτήριον
2786 3299 2866 3363 δὲ,
2926 3300 2958 3368 ἡ
3016 3298 3250 3369 θεωρία,
3309 3298 3396 3350 ἴνα
3443 3298 3745 3367 ψάλλωμεν

2155 3390 2325 3459 αὐτῷ,
2352 3389 2678 3457 νεκροῦντες
2735 3390 2804 3445 τὰ
2837 3388 3008 3458 πάθη,
3039 3390 3137 3442 καὶ
3188 3387 3398 3441 ἄνωθεν
3432 3389 3745 3459 ἐνηχούμτ-

2154 3498 2238 3535 νοι
2274 3481 2428 3550 παρὰ
2467 3480 2561 3533 τοῦ
2594 3479 2755 3537 Θεοῦσ
2812 3479 2845 3551 ἢ
2878 3479 2968 3531 διὰ
3027 3480 3283 3549 πράξεως
3336 3480 3430 3534 καὶ
3475 3479 3741 3546 Θεωρίας.

2154 3573 2389 3642 Εῐρηται
2425 3574 2555 3642 περὶ
2601 3575 2899 3640 ἀναγωγῆς
2930 3574 3025 3627 τοῦ
3062 3573 3373 3646 ψαλτηρίου
3432 3574 3533 3626 καὶ
3574 3575 3633 3626 ὲν
3663 3571 3743 3641 τῷ

2156 3665 2238 3735 λβ⁰
2267 3666 2494 3737 ψαλμῷ,
2514 3665 2645 3719 ἔνθα.
2684 3667 2766 3733 τὸ,
2793 3665 2897 3720 Ἐν
2914 3669 3231 3736 ⁴ψ’(ιλτηρίῳ
3250 3666 3597 3736 δεκαχόρδῳ
3627 3664 3739 3735 ψά.

2150 3764 2297 3814 dare
2319 3759 2502 3824 αὐτῷ.

3229 3852 3376 3922 quod
3448 3851 3530 3904 aﬂ'
3557 3850 3739 3907 ct'bus

466 3948 708 4014 propriis
744 3948 1092 4004 tuortilicatis
1138 3958 1191 4001 et
1247 3950 1443 4019 adepta
1482 3965 1508 4001 a
1545 3951 1655 4004 Deo
1720 3967 1961 4019 superne
2013 3952 2103 4005 illa
2156 3953 2355 4022 gratia,
2382 3967 2488 4020 qua
2523 3951 2799 4005 hominem
2842 3949 3251 4019 quodammodo
3305 3950 3552 4003 insonari
3602 3948 3737 4007 disi.

467 4053 615 4095 tuus.
646 4037 753 4089 Dco
786 4038 1048 4104 psallam,
1075 4055 1169 4109 per
1206 4041 1380 4094 bonas
1432 4041 1651 4095 scilicet
1682 4043 1953 4109 actiones,
1988 4052 2043 4096 et
2100 4059 2196 4112 per
2250 4044 2797 4113 contemplationem.
2840 4044 2982 4109 Quid
3038 4043 3311 4113 signiticet
3360 4042 3526 4097 etiam
3592 4045 3739 4112 psal-

464 4135 667 4184 terium
726 4134 885 4201 juxta
944 4137 1308 4204 anagogicum
1369 4152 1617 4203 sensum,
1681 4138 1920 4194 diximus
1986 4140 2041 4193 in
2078 4142 2293 4209 psalmo
2354 4156 2527 4204 nm,
2562 4142 2636 4195 ibi
2686 4158 2700 4193 :

465 4222 559 4279 lite
583 4226 654 4278 ei.

540 4317 707 4372 Vens.
744 4319 797 4374 4.
834 4320 972 4386 Quia
1003 4321 1385 4389 beneplacilum
1415 4331 1492 4375 est
1526 4322 1747 4377 Domino
1770 4324 1822 4376 in
1849 4323 2041 4393 populo
2076 4331 2120 4385 Ι)

462 4427 582 4464 suo.
614 4411 727 4465 Hoc
753 4423 860 4476 est,
884 4414 1017 4482 quia
1044 4413 1380 4474 delectatur,
1430 4416 1511 4467 vel
1550 4417 1679 4483 quia
1730 4416 1871 4468 bona
1927 4417 2043 4469 vult

468 4504 736 4561 [loutinns
771 4508 975 4575 populo
1010 4520 1134 4571 suo,
1164 4506 1319 4575 juxta
1349 4506 1484 4559 illud
1522 4526 1534 4560 :
1580 4508 1766 4560 Gloria
1798 4510 1849 4560 in
1872 4510 2045 4561 excel-

2751 4136 2818 4192 In
2880 4140 3136 4207 psalterio
3210 4138 3540 4191 decachordo
3594 4140 3739 4206 psal.

2225 4324 2353 4376 Ὀτι
2394 4319 2637 4376 εὐδοκεῖ
2682 4320 2894 4387 Κύριος
2922 4320 2993 4374 ἐν
3024 4319 3103 4385 τῷ
3138 4318 3265 4384 λαῷ
3294 4318 3503 4376 αὐτοῦ.
3537 4318 3736 4385 Εὐαρε·

2157 4415 2455 4483 στεῐταιοῆ
2496 4413 2679 4481 ἀγαθὰ
2731 4413 2877 4465 θέλει
2902 4452 2917 4478 ,
2955 4412 3097 4465 κατὰ
3160 4414 3260 4473 τὸ,
3294 4412 3363 4465 ἐν
3402 4412 3733 4479 ἀνθρώποις

2155 4508 2421 4563 εὐδοκία.

463 4602 534 4653 sis
562 4599 691 4661 Deo.
722 4612 771 4654 et
800 4603 853 4654 in
888 4611 1029 4657 terra
1068 4618 1196 4669 pax.
1239 4603 1293 4654 in
1323 4602 1619 4655 hominibus
1651 4604 1783 4657 bona
1824 4606 2069 4659 ιοοιιιηιαε
2100 4607 2160 4661 η.
2184 4605 2513 4678 [Utrobique
2546 4604 2692 4659 enim
2724 4605 2775 4657 in
2802 4602 2990 4659 Graeca
3026 4605 3258 4659 lectione
3279 4602 3469 4658 eadem
3506 4605 3729 4659 habetur

464 4696 633 4747 tl‘n-tio
660 4715 673 4749 :
698 4698 922 4753 tametsi
955 4697 1150 4751 Latine
1180 4713 1285 4751 non
1318 4698 1509 4753 eodem
1539 4699 1703 4754 modo
1738 4701 2029 4771 utrobique
2062 4712 2209 4758 recte
2242 4703 2393 4757 reddi
2434 4702 2644 4771 possit;
2674 4714 2797 4754 nam
2825 4698 2971 4769 quod
3026 4699 3113 4755 hic
3158 4701 3213 4753 in
3271 4697 3461 4753 Graeco
3504 4699 3727 4762 habett-r

465 4792 697 4856 εὐδοκεῖ,
731 4791 803 4844 ibi
838 4792 1067 4845 habetur
1105 4790 1374 4865 εὑδοκία.]

539 4886 607 4939 Et
633 4888 890 4941 eaaltalu't
924 4898 1229 4942 mansuetos
1259 4891 1311 4942 in
1343 4890 1538 4944 salute.
1583 4889 1866 4944 Glorilicet
1901 4891 2044 4943 enim

463 4996 561 5034 eos
592 4981 756 5034 simul
792 4989 843 5033 ct
870 4981 1063 5034 salvet.
1094 4980 1149 5033 In
1186 4984 1400 5051 psalmo
1430 4986 1595 5037 etiam
1625 5000 1745 5037 XLVI
1775 4984 2043 5054 legimus:

466 5072 770 5138 Suscipiens
805 5074 955 5126 mites
983 5075 1256 5127 Dominus.

540 5164 705 5218 Vsus.
742 5166 796 5219 ὅ.
836 5166 1221 5219 Clort’abuutur
1283 5171 1457 5222 sancti
1502 5171 1556 5221 in
1608 5170 1802 5238 gloria.
1865 5169 2044 5221 Primo

469 5260 651 5312 aninia
686 5260 949 5327 usquead
986 5261 1179 5328 psalmi
1233 5262 1418 5323 linem,
1458 5263 1614 5330 juxta
1651 5264 1937 5317 historiam
1969 5262 2048 5314 in-

472 5358 913 5421 terpretabimur,
942 5355 1146 5409 deinde
1179 5358 1536 5425 anagogicum
1584 5357 2045 5426 pertractabimus

470 5446 906 5500 rcusumJnxta
942 5449 1107 5517 igitur
1142 5449 1293 5501 illurn
1330 5464 1553 5503 sensum
1587 5452 1677 5517 qui
1714 5451 1890 5518 magis
1917 5462 2040 5500 esse

474 5541 688 5593 videtur
737 5557 844 5607 pne
883 5540 1162 5603 manibus,
1213 5540 1317 5593 hoc
1362 5550 1465 5606 cst,
1521 5542 1674 5606 juxta
1735 5540 2042 5606 historiam,

549 5712 733 5765 “Luc
793 5729 851 5775 η,
897 5711 978 5762 Η.

2232 4888 2340 4943 Καὶ
2374 4890 2410 4943 ὑ
2421 4886 2608 4955 ψ’ὡσει
2637 4883 2847 4951 πραεῖς
2866 4883 2936 4936 ἐν
2953 4884 3237 4949 σωτηρίᾳ.
3263 4883 3490 4949 Δοξάσει
3513 4884 3721 4941 αὐτοὺς.

2158 4982 2296 5049 μετᾶ
2334 4981 2428 5033 καὶ
2469 4980 2560 5033 τοῦ
2590 4979 2783 5032 σῶσαι.
2822 4977 3050 5045 Εἴρηται
3074 4976 3131 5027 δὲ
3162 4976 3219 5028 ἐν
3275 4976 3350 5046 τῷ
3382 4983 3475 5046 μη¹
3506 4976 3718 5045 ψαλμῷ,

2164 5071 2639 5140 Ἀναλαμόἁνων
2663 5070 2865 5135 πραεῖς
2899 5073 2931 5122 ὁ
2966 5070 3200 5136 Κύριος.

2230 5164 2661 5231 Ιιίιυχήσονται
2712 5160 2869 5213 ὅσιοι
2927 5158 2998 5210 ἐν
3040 5158 3211 5225 δόξῃ.
3272 5158 3410 5211 Καθ’
3460 5158 3712 5229 ἱστορίαν,

2159 5260 2428 5327 πρὲτερον
2476 5257 2541 5307 τὰ
2600 5254 2851 5306 ἐντεῦθεν
2886 5252 3274 5322 ἑρμηνευτέον,
3311 5251 3439 5321 ἄχρι
3493 5252 3715 5319 πέρατος

2156 5350 2250 5401 τοῦ
2284 5346 2527 5416 ψαλμοῦ,
2557 5339 2675 5397 εἶτα
2706 5346 2797 5395 καὶ
2833 5341 3192 5409 ἀιιαγωγικῶς
3223 5341 3565 5411 περὶτούτων
3598 5339 3711 5389 δυο

2157 5440 2413 5509 ληπτέον.
2447 5436 2709 5507 Προλέγει
2744 5434 2923 5487 τοίνυν
2961 5434 3101 5487 κατὰ
3128 5433 3189 5486 τὸ
3222 5433 3526 5503 προχείρως
3571 5428 3711 5480 νοού·

2159 5550 2340 5601 μενον,
2378 5530 2631 5600 περὶτῆς
2672 5528 2777 5580 τῶν
2822 5526 3095 5599 ⁹Ισίδροιίων
3136 5527 3313 5598 νίκης,
3365 5528 3428 5596 ἧν
3464 5524 3708 5589 ἐνίκηταν
