4090 6288
554 317 682 382 1321

1710 333 2099 400 COMMENT.
2131 335 2214 397 ΙΝ
2253 337 2610 403 PSALMOS.

3668 359 3804 425 1322

547 433 617 486 τὰ
685 432 846 504 πέριξ
883 433 1064 490 αὐτῶν
1096 436 1248 509 ἔθνη,
1282 436 1562 497 κωλύοντα
1618 443 1720 513 τὴν
1763 446 2074 519 ἀνοικοδομί

2192 447 2579 507 ιηοίιηεοτυιη
2617 454 2900 512 villorium
2953 460 3220 530 prmdicit,
3275 469 3493 533 quando
3536 472 3798 531 ﬁnitimas

547 524 641 578 τοῦ
704 527 833 580 ναοῦ
884 530 978 582 καὶ
1008 530 1107 601 τῆς
1141 532 1376 597 πόλεως,
1398 533 1807 606 Καυχήσονταί,
1842 540 2030 608 φησιν,
2061 542 2110 593 οι

547 615 940 687 ἁφωσιωμένοι
965 619 1045 690 τῷ
1072 620 1193 690 Θεῷ
1236 623 1594 696 Ἰσραηλίται,
1627 628 1686 680 ὲν
1715 627 1844 702 δόξῃ
1879 629 1979 699 τῆς
2004 629 2117 686 ἀπὸ

542 706 643 774 τῆς
673 706 1014 782 θεοδωρήτου
1041 711 1221 784 νίκης,
1269 715 1304 788 ἢ
1334 716 1434 785 τῆς
1465 718 1573 771 ἀπὸ
1601 718 1700 788 τῆς
1729 719 1868 774 Θεοῦ
1901 739 2116 793 συμμα-

541 797 687 868 χίας.

607 1061 716 1117 Καὶ
759 1063 1235 1134 ἁγαλλιάσονται
1297 1072 1394 1127 ἐπὶ
1439 1073 1561 1129 τῶν
1614 1076 1831 1131 κοίτων
1887 1080 2106 1136 αὐτῶν.

535 1151 608 1207 οὐ
641 1155 804 1223 μόνον
836 1158 1056 1227 ἀφόϐως
1099 1166 1556 1239 κοιμηθήσονται,
1613 1169 1748 1224 ἀλλὰ
1781 1172 1876 1225 καὶ
1911 1172 2100 1243 ἡδέως,

539 1243 648 1298 ἀπὸ
671 1247 783 1301 τῶν
826 1250 1103 1324 πολεμίων
1149 1256 1581 1328 ἀπαλλαγέντες.

587 1428 657 1481 Δί
681 1427 952 1498 ὐψώσεις
1011 1432 1119 1486 τοῦ
1179 1434 1331 1489 Θεοῦ
1382 1436 1454 1490 ἐν
1480 1436 1561 1503 τῷ
1591 1439 1844 1511 λάρυγγι
1877 1444 2100 1512 αὐτῶν,

525 1515 627 1568 καί
664 1518 961 1588 ῥομφαίαι
1014 1523 1291 1595 δίστομοι
1327 1526 1398 1581 ἐν
1440 1527 1570 1595 ταῖς
1607 1532 1822 1598 χερσίν
1873 1534 2097 1592 αὐτῶν.

524 1606 698 1662 Τοῦτο
726 1609 978 1680 βούλεται
1004 1614 1185 1684 λέγειν
1211 1619 1293 1671 ὄτι
1326 1619 1624 1688 ὑμνοῦντες
1656 1621 1748 1676 τὸν
1807 1624 1964 1694 Θεὸν,
1998 1645 2098 1683 πο-

518 1701 820 1772 λεμήσουσι
851 1709 962 1771 τοῖς
993 1708 1234 1779 ἐχθροῖς,
1259 1712 1354 1767 καὶ
1388 1713 1447 1767 αί
1481 1715 1801 1787 ὑμνο).ογίαι
1833 1721 1929 1774 τοῦ
1960 1723 2097 1779 Θεοῦ

518 1789 578 1840 ὲν
629 1790 706 1860 τῷ
738 1793 969 1864 στόματι
1008 1797 1212 1867 αὐτῶν,
1247 1801 1344 1856 καὶ
1392 1804 1604 1860 σπάθαι
1639 1811 1695 1864 ὲν
1747 1816 1869 1876 ταῖς
1907 1816 2098 1885 χερσὶν
2129 1810 2172 1866 Β

514 1881 720 1947 αὐτῶν,
757 1886 1168 1952 συγκόπτουσαι
1205 1894 1336 1957 τοὺς
1366 1897 1680 1966 πολεμίους.

593 1973 704 2029 Τοῦ
750 1976 1008 2046 ποιῆσαι
1062 1981 1380 2054 ἐκδίκησιν
1415 1989 1486 2042 ἐν
1523 1991 1650 2057 τοῖς
1679 1991 1941 2062 ἔθνεσιν,
1969 1997 2095 2052 ἐλε-

514 2068 704 2135 τμοὺς
731 2071 801 2124 ἐν
834 2073 961 2140 τοῖς
985 2076 1182 2144 λαοῖς.
1222 2077 1396 2151 Ὑπὲρ
1442 2080 1539 2135 τοῦ
1577 2083 1803 2156 ποιῆσαι
1829 2089 1922 2142 τὸν
1959 2089 2094 2144 Θεὸν

513 2158 799 2229 ἐκδίκησιν
859 2165 917 2218 ὲν
974 2168 1088 2230 τοῖς
1144 2167 1389 2235 ἔθνεσιν,
1450 2172 1570 2229 ἀνθ’
1605 2170 1682 2231 ὧν
1725 2179 1950 2247 ἠδίκουν
2000 2183 2092 2236 τὸν

513 2248 644 2302 λαδν
673 2253 865 2306 αὐτοῦ·
913 2257 1007 2309 καὶ
1043 2257 1279 2329 ἑλεγμδν
1314 2264 1373 2317 ὲν
1404 2262 1483 2334 τῷ
1535 2264 1671 2335 λαῷ,
1718 2267 2090 2340 πληθυντικὸν

511 2343 636 2396 ἀντὶ
665 2346 871 2414 ἑνικοῦ,
907 2349 1255 2422 ἐλεγχομένῳ
1284 2354 1371 2408 ὅτι
1401 2356 1488 2410 διὰ
1541 2359 1639 2424 τὰς
1670 2361 1954 2433 ἁμαρτίας
1989 2366 2088 2418 αὒ-

509 2433 604 2486 τοῦ
639 2435 803 2506 μέχρι
858 2438 979 2491 τότε
1034 2448 1410 2499 κατεπονεῖτο·
1441 2449 1536 2501 καὶ
1576 2450 1638 2503 οὑ
1695 2451 1763 2504 δι’
1797 2454 2088 2510 ἀσθένειαν

509 2527 604 2579 τοῦ
635 2527 796 2594 Θεοῦ,
838 2531 925 2584 ὅτε
955 2549 1014 2584 τε
1046 2535 1155 2605 γὰρ
1185 2535 1376 2592 ἔνευσε
1415 2541 1602 2610 μόνον,
1636 2546 1716 2608 είς
1764 2545 2085 2618 θαυμαστὸν

505 2613 638 2688 ἦλθε
676 2619 738 2673 τὸ
773 2623 1005 2693 πρᾶγμα
1037 2627 1368 2699 μεταϐολήν.

2311 2710 2364 2715 νν
2401 2710 2698 2735 -ΓΥ·“ν⁹““⁰

508 2710 758 2768 maxima:
783 2730 946 2785 atque
971 2718 1307 2775 admiranda:
1339 2725 1672 2784 mutationes
1705 2728 1818 2784 ﬁeri
1844 2734 2076 2800 possint.
2108 2741 2246 2802 Illud
2295 2759 2476 2810 tamen
2543 2761 2723 2816 anima

507 2826 740 2866 numero
812 2814 899 2867 hic
968 2817 1140 2872 utitur
1209 2820 1481 2893 Propheta
1558 2843 1660 2899 pro
1732 2837 2058 2905 singulari,
2101 2842 2293 2905 dicens

544 2905 653 2960 ulo.

544 2920 653 2960 uta.

503 2920 537 2974 Ρ
576 2997 687 3052 Τοῦ
725 2997 913 3067 δῆσαι
949 3019 1093 3070 τους
1144 3007 1430 3077 βασιλεῖς
1487 3014 1687 3070 αὐτῶν
1721 3018 1791 3074 ὲν
1837 3025 2076 3093 πέδαις,

500 3089 601 3142 καὶ
641 3091 785 3157 τοὺς
818 3093 1112 3162 ἐνδόξους
1140 3099 1341 3154 αὐτῶν
1373 3104 1444 3157 ἐν
1480 3109 1863 3180 χειροπέὸαις
1892 3089 2073 3188 σίδηζ
2105 3136 2147 3198 c
2183 3136 2232 3177 et

496 3180 651 3248 ραῐς.
695 3182 869 3255 Ὑπὲρ
908 3186 1004 3239 τοῦ
1051 3189 1126 3259 μὴ
1181 3193 1346 3260 μόνον
1393 3196 1722 3254 ἀπώσασθαι
1757 3206 1884 3270 τοὺς
1911 3180 2073 3262 πολε-

501 3274 679 3342 μίους,
711 3276 850 3330 ἀλλὰ
882 3280 1133 3344 καὶτοὺς
1165 3282 1411 3352 βασιλεῖς
1438 3290 1642 3355 αὐτῶν,
1690 3295 1785 3349 καὶ
1819 3298 1946 3362 τοὺς
1976 3301 2070 3354 ἄλ-

496 3365 620 3430 λους
656 3368 902 3434 ἐνδόξους
949 3374 1007 3425 ὲν
1033 3374 1220 3438 αὐτοῖς
1250 3378 1524 3450 δεσμὸτας
1557 3385 1764 3441 λαῦεῖν.

567 3459 679 3514 Τοῦ
705 3462 956 3531 ποιῆσαι
976 3465 1046 3518 ἐν
1087 3468 1293 3535 αὐτοῖς
1347 3472 1528 3542 κρῖμα
1565 3476 1922 3547 ἕγγραπτον.
1959 3484 2068 3538 Τοῦ

493 3551 722 3620 ποιῆσαι
751 3552 829 3624 τῷ
860 3554 999 3626 Θεῷ,
1032 3558 1090 3610 ὲν
1135 3562 1249 3621 τοῖς
1286 3561 1593 3619 ἔθνεσι.καὶ
1628 3568 1688 3621 ὲν
1717 3571 1794 3641 τῷ
1826 3571 1938 3644 λαῷ
1968 3577 2067 3628 αὑ-

492 3643 610 3702 τοῦ.
655 3646 838 3714 κρίσιν
870 3648 1228 3719 ἀνάγραπτον
1255 3653 1484 3724 βίόλοις,
1519 3660 1616 3713 καὶ
1669 3653 1835 3735 ρἐρι
1865 3643 2067 3731 παντὸς

491 3735 706 3800 αἰῶνος,
740 3740 1357 3816 ἀναμνημονευομένην,
1389 3749 1422 3820 ἢ
1452 3751 1810 3824 ἀνάγραπτον
1833 3758 1911 3829 τῷ
1943 3760 2062 3832 βίῳ.

490 3827 584 3878 καὶ
643 3829 1056 3900 ἁνεξάλειπτον,
1119 3837 1216 3891 καὶ
1286 3834 1399 3893 οἷον
1478 3827 2062 3925 ἐστηλογραφηιλένηίν

488 3920 670 3988 κρίσιν
699 3923 755 3975 δὲ
788 3926 898 3978 νόει
941 3943 1055 3997 μοι,
1094 3929 1195 4000 τὴν
1241 3930 1451 3990 ἔνδικον
1482 3938 1763 3995 ἀπώλειαν
1799 3944 1909 3999 τῶν
1968 3949 2062 4018 ἐχι-

484 4007 650 4078 θρῶν.

553 4184 708 4249 Δόξα
777 4187 928 4257 αὕτη
977 4192 1147 4248 ἔσται
1211 4196 1362 4254 πᾶσι
1414 4201 1540 4269 τοῖς
1597 4208 1790 4275 ὁσίοις
1846 4214 2055 4270 αὐτοῦ.

481 4275 653 4347 Αῦτη·
685 4278 851 4346 ποία;
888 4282 961 4336 Τὸ
989 4286 1231 4357 νικῆσαι,
1271 4291 1471 4360 μᾶλλον
1493 4295 1571 4360 δὲ,
1607 4299 1666 4350 τὸ
1704 4300 1849 4357 οὕτω
1901 4307 2058 4377 νικῆ-

481 4386 574 4422 σαι
601 4372 944 4440 παραδόξως,
965 4375 1055 4429 διὰ
1084 4379 1182 4449 τῆς
1209 4389 1531 4455 συμμαχίας
1555 4390 1650 4444 τοῦ
1679 4392 1836 4451 Θεοῦ.
1866 4372 2052 4455 Ταῦτα

479 4460 582 4527 μὲν
615 4460 707 4514 οὖν
742 4463 865 4517 καθ’
894 4467 1162 4536 ἱστορίαν.
1224 4473 1385 4527 Κατά
1417 4476 1474 4528 δὲ
1522 4479 1837 4554 ἀναγωγὴν,
1894 4493 2053 4545 Καυ-

475 4552 775 4620 χήσονται
805 4555 961 4610 ὅσιοι
1000 4559 1073 4612 ἐν
1097 4561 1247 4631 δόξῃ
1288 4564 1365 4634 τῇ
1388 4573 1731 4642 μελλούσῃο
1761 4552 1874 4632 οὐκ
1911 4581 2050 4646 ἀξια

461 5012 600 5077 ρὀυ
668 5013 894 5080 Ἰησοῦ.
943 5017 1185 5074 Ἐπαινεῖ
1214 5021 1273 5077 δὲ
1325 5029 1451 5089 τοὺς
1506 5036 1698 5100 πραεῖς
1761 5037 1855 5087 καὶ
1918 5041 2045 5101 τοὺς

464 5101 668 5167 ὁσίους,
689 5105 1013 5186 προτρέπων
1033 5111 1200 5181 ἡμᾶς,
1221 5113 1301 5177 είς
1335 5117 1590 5188 ὁσιότητα
1617 5126 1707 5176 καὶ
1728 5129 2033 5198 πραότητα.

464 5193 575 5246 Καὶ
610 5179 1284 5274 ἀγαλλιάσο’νται,νφησὶν,
1319 5209 1414 5261 ἐπὶ
1444 5179 1554 5265 silv
1582 5179 1785 5270 κοιτῶν
1832 5179 2033 5287 αὒτιῶν,

449 5289 585 5355 ,ἦτοι
635 5288 742 5342 τῶν
780 5292 1248 5364 ηὐτρεπισμένων
1299 5302 1506 5368 αὐτοῖς,
1544 5308 1784 5363 αἰωνίων
1833 5316 2033 5380 μονῶν,

461 5379 570 5432 τῶν
624 5382 990 5438 ἀκαταλύτων
1045 5390 1282 5460 σκηνῶν.
1321 5396 1385 5446 Δί
1435 5397 1675 5466 ὑψώσεις
1723 5404 1818 5456 τοῦ
1870 5406 2031 5462 Θεοῦ·

463 5468 702 5538 ὕψωσεις
746 5473 849 5542 μὲν
875 5470 966 5528 οὖν
998 5479 1251 5550 νοοῦμεν,
1277 5486 1377 5547 τὰς
1417 5486 1490 5539 δι’
1541 5487 1730 5562 ὓμνων
1769 5497 1862 5550 καὶ
1913 5501 2034 5555 θεο-

461 5560 650 5630 λογίας
681 5565 1008 5638 θεοπρεπεῖς
1040 5575 1225 5639 φωνὰς
1266 5560 1650 5648 ὒπεριψούσας
1679 5586 1866 5642 αὐτόν·
1898 5595 2038 5664 pay.-

540 5742 580 5774 "
623 5741 781 5798 Rom.
815 5746 1042 5812 vnt,l8.
1123 5748 1167 5781 ⁸⁸
1190 5751 1370 5807 Galat.
1410 5772 1486 5822 νι,
1525 5760 1609 5817 Η.

783 5841 1054 5907 Parum.
1087 5847 1204 5910 (in.
1243 5850 1570 5918 CXXVIII.

2225 554 2560 610 superarunt
2586 556 2799 617 gentes,
2831 566 2953 619 qua:
2988 555 3178 624 templi
3225 567 3278 612 et
3312 560 3553 619 civitatis
3580 566 3799 622 insutu-

2225 634 2494 691 rationem
2524 639 2917 710 impediebant.
2952 647 3110 703 Tunc
3134 653 3362 716 etenim,
3395 655 3597 726 inquit,
3648 661 3796 716 fum-

2223 741 2342 779 rum
2373 743 2496 784 esse
2525 739 2584 786 ut
2622 733 2883 791 Israelita:
2909 740 3090 809 (quos
3116 745 3236 798 ideo
3271 762 3495 807 sanctos
3530 758 3793 825 appellnt,

2221 819 2348 887 quia
2382 820 2492 876 Deo
2523 827 2852 884 sanctiﬁcati
2888 847 2952 886 ac
2999 834 3240 891 dedicati
3280 819 3794 916 fueraitt),-{;loriao

2223 909 2390 964 bundi
2432 917 2744 983 exsultent,
2779 934 3004 992 propter
3029 927 3274 983 victoriae
3313 933 3564 1003 gloriam,
3593 954 3620 993 a
3660 940 3789 1006 Deo,

2221 999 2323 1055 hoc
2346 1011 2451 1069 est,
2482 1021 2510 1057 ει
2549 1007 2738 1064 divino
2763 1015 2968 1068 auxilio
2997 1017 3075 1072 eis
3107 1022 3426 1088 prmstitam.

2289 1092 2646 1153 Exsultabunt
2671 1104 2723 1156 in
2758 1106 3018 1162 cubilibus
3044 1113 3176 1166 suis.
3220 1111 3335 1167 Non
3365 1128 3575 1174 tantum
3607 1131 3787 1180 securi

2216 1182 2492 1242 dormient
2519 1192 2726 1262 absque
2747 1199 2898 1253 nullo
2924 1203 3136 1268 timore,
3159 1213 3249 1260 sed
3271 1208 3514 1277 jucunde
3536 1217 3698 1272 etiam
3735 1231 3787 1275 ct

2214 1290 2338 1329 cum
2368 1278 2738 1341 delectatione
2767 1288 2818 1342 in
2857 1293 3134 1350 cubilibus
3165 1299 3281 1354 Suis
3308 1306 3590 1371 quiescent
3622 1314 3786 1368 Velu:i

2213 1370 2281 1421 ab
2317 1369 2558 1427 hostium
2596 1381 2859 1446 periculis
2891 1384 3126 1440 liberati.

2282 1461 2447 1519 Vnus.
2483 1465 2537 1520 6.
2581 1467 2949 1530 Exaltationes
3000 1477 3101 1533 Dei
3151 1485 3204 1535 in
3236 1495 3448 1555 gutture
3496 1511 3698 1566 eorum,
3735 1511 3783 1554 cl

2206 1552 2375 1622 gladii
2399 1561 2654 1627 ancipites
2679 1565 2730 1617 in
2758 1570 3001 1624 manibus
3023 1589 3225 1628 eorum.
3263 1578 3472 1639 Sensus
3497 1598 3601 1653 est,
3633 1596 3780 1659 quod

2203 1841 2310 1895 que
2344 1832 2511 1900 gladii
2557 1839 2763 1906 pariter
2793 1842 2848 1898 in
2884 1859 3075 1904 eorum
3105 1857 3381 1924 manibus,
3417 1863 3619 1932 quibus
3648 1882 3782 1924 con-

2203 1921 2453 1979 ciderent
2488 1929 2771 1990 inimicos.

2273 2013 2439 2071 Vens.
2479 2018 2535 2075 ⁸1.
2573 2019 2642 2075 Ut
2681 2024 2878 2092 faceret
2920 2034 3203 2091 vindictam
3233 2040 3288 2093 in
3324 2046 3651 2117 nationibus,
3691 2069 3773 2107 re-

2202 2104 2548 2174 dargutlones
2586 2117 2640 2169 in
2678 2124 2907 2186 populis.
2945 2124 3011 2178 Ut
3064 2127 3206 2186 Deus
3233 2135 3443 2190 scilicet
3487 2139 3625 2197 hanc
3655 2144 3776 2199 \"in-

2201 2193 2404 2254 dictant
2451 2204 2506 2256 in
2541 2209 2806 2274 gentibus
2835 2213 3062 2285 faceret,
3118 2236 3240 2291 quae
3272 2227 3527 2295 injuriam
3566 2229 3777 2292 Israeli-

2199 2286 2311 2342 tico
2339 2294 2540 2363 populo
2571 2297 2878 2362 intulerant
2915 2327 2928 2362 :
2967 2312 3225 2371 similiter
3261 2328 3320 2373 ut
3352 2324 3772 2395 redargutiones

2199 2379 2407 2437 faceret
2469 2389 2522 2440 in
2572 2395 2774 2462 populo
2826 2415 2951 2467 suo,
3008 2406 3300 2479 redarguto
3362 2429 3427 2467 eo
3485 2419 3769 2489 nimirum,

2196 2479 2362 2541 atque
2411 2482 2689 2549 convicto,
2752 2491 2897 2558 quod
2931 2494 3000 2548 ob
3053 2501 3269 2569 propria
3310 2507 3520 2561 scelera
3562 2519 3615 2565 et
3658 2529 3766 2567 non

2193 2564 2265 2617 ob
2305 2567 2396 2622 Dei
2435 2572 2520 2626 sui
2559 2576 2993 2640 imbecillitatem
3037 2604 3103 2644 eo
3153 2564 3334 2663 usque
3393 2598 3462 2654 ab
3515 2602 3769 2665 hostibus

2187 2656 2368 2715 vietus
2396 2677 2698 2735 oppressus
2731 2673 2947 2741 luisset,
2974 2696 3099 2736 cum
3123 2685 3323 2756 alioqui
3355 2692 3474 2746 solo
3504 2695 3597 2751 Dei
3629 2710 3764 2756 nutu

2729 2765 3086 2826 dvertendum
3186 2790 3290 2844 est,
3364 2791 3509 2853 quod
3568 2792 3764 2860 plurali

2337 2865 2352 2905 :
2422 2851 2844 2930 Redargutiones
2910 2869 2965 2923 in
3018 2874 3266 2941 populis,
3325 2851 3462 2949 pro,
3537 2851 3594 2942 In
3665 2907 3764 2960 po-

2263 3033 2426 3092 Vcas.
2465 3037 2516 3095 8.
2557 3037 2625 3094 Ut
2661 3043 2911 3116 alligaret
2938 3068 3080 3122 rcges
3109 3072 3293 3112 eorum
3321 3064 3372 3115 in
3401 3070 3761 3138 compedibus,

2261 3126 2457 3184 nobiles
2494 3147 2676 3189 eorum
2713 3138 2767 3192 in
2815 3145 3038 3200 manicis
3067 3147 3278 3216 ferreis.
3317 3152 3386 3209 Ut
3433 3174 3540 3213 non
3577 3165 3755 3219 solum

2188 3216 2376 3274 hostes
2434 3221 2586 3291 ipsos
2634 3231 2951 3303 repelleret,
3004 3240 3099 3294 sed
3134 3243 3301 3299 etiam
3354 3263 3542 3307 eorum
3579 3271 3756 3325 rcges.

2183 3319 2347 3376 atque
2403 3322 2460 3366 ut
2509 3317 2892 3380 nobilissimos
2943 3344 3194 3401 quosque
3247 3352 3456 3406 eorum,
3511 3349 3758 3415 captivos

2182 3397 2412 3458 laceret.

2221 3485 2223 3487 ’
2255 3493 2423 3552 Vens.
2449 3499 2502 3554 9.
2532 3499 2602 3555 Ut
2625 3505 2823 3574 faceret
2854 3510 2906 3562 in
2941 3511 3018 3567 eis
3059 3515 3327 3583 judicium
3371 3533 3744 3600 conscriptum.

2183 3580 2252 3638 Ut
2286 3585 2340 3640 in
2363 3593 2639 3659 gentibus,
2687 3597 2883 3669 inquit,
2927 3580 3090 3674 atque
3126 3609 3179 3664 in
3218 3616 3418 3683 populo
3455 3635 3556 3676 suo
3575 3580 3750 3684 Γυοιιε

2177 3675 2443 3743 judicium
2475 3683 2698 3755 faceret,
2721 3694 2866 3763 quod
2899 3696 2952 3750 in
2979 3698 3138 3757 libris
3160 3711 3530 3780 conscriptum
3558 3729 3703 3772 esset
3729 3738 3745 3776 :

2177 3770 2338 3839 cujus
2372 3773 2562 3843 iudicii
2597 3781 2652 3836 in
2683 3787 2830 3840 omni
2868 3791 3070 3847 saeculo
3118 3802 3377 3854 memoria
3431 3805 3743 3865 exsisteret.

2176 3858 2270 3917 Vel
2291 3869 2666 3939 conscriptum
2688 3875 2740 3929 in
2765 3879 2870 3932 vita
2891 3889 3053 3952 atque
3071 3885 3125 3939 in
3148 3890 3407 3946 memoria
3432 3894 3742 3962 hominum,

2173 3952 2479 4025 indelebile,
2517 3971 2572 4016 et
2604 3966 2768 4020 veluti
2802 3971 2855 4022 in
2887 3987 3192 4031 marmorea
3225 3981 3460 4049 quadam
3488 3987 3744 4046 columna

2170 4044 2532 4119 insculptum.
2559 4053 2944 4126 Perjudicium
2964 4070 3364 4138 autemjustam
3391 4077 3737 4137 inimicorum

2167 4139 2596 4200 destructionem
2631 4149 2893 4224 intelligo.

2242 4230 2427 4288 Gloria
2449 4236 2559 4292 Ita'c
2583 4239 2682 4294 est‘
2696 4248 2939 4302 omnibus
2963 4256 3164 4308 sanctis
3184 4256 3316 4324 ejus.
3351 4259 3457 4317 Sed
3484 4280 3732 4335 quamam

2165 4323 2280 4378 luce
2351 4337 2434 4381 est
2486 4331 2726 4400 gloria?
2796 4336 2968 4404 Quod
3019 4345 3233 4402 scilicet
3285 4353 3376 4407 Dei
3427 4369 3559 4424 ope,
3625 4371 3732 4416 tam

2176 4415 2241 4468 ad
2271 4417 2519 4475 mirande
2545 4425 2732 4481 hostes
2757 4437 3155 4500 Superaverint.
3198 4440 3324 4498 Haec
3362 4445 3531 4514 igitur
3571 4451 3731 4520 juxta

2823 4490 2838 4500 η
3199 4490 3322 4498 ___-
3362 4490 3516 4514 τη...
3571 4490 3728 4520 ειη...

2088 4490 2132 4545 ι)
2162 4504 2408 4564 historia:
2437 4527 2659 4568 sensum
2685 4517 2828 4574 dicta
2872 4537 3020 4577 sunt.
3060 4525 3220 4584 Juxta
3253 4547 3534 4608 anagogen
3559 4558 3728 4604 vero:
