3956 6548
247 395 317 457 9.5
1580 388 2155 452 PROLEGUMENA
3441 386 3516 447 26

249 508 410 561 habet
443 505 672 560 Graecus
724 505 1026 563 Vaticanus
1056 509 1222 561 codex
1260 506 1366 561 952
1405 507 1517 576 (ll)
1571 516 1627 560 et
1678 522 1821 575 quae,

249 605 389 651 teste
426 596 725 649 Lambecio
781 596 918 665 (12),
972 606 1288 652 asservatur
1322 597 1488 651 etiam
1533 597 1587 650 in
1635 595 1826 650 Graeco

247 689 437 744 codice
487 689 837 743 bibliothecae
873 688 1340 744 Vindobonensis.
1400 689 1668 743 Praeterea
1727 691 1830 743 sub

247 781 495 850 ejusdem
529 783 759 836 nomine
793 781 1038 836 occurrit
1071 782 1125 835 in
1164 780 1430 834 Vaticano
1487 783 1673 837 codice
1725 782 1832 834 8‘20

249 874 362 942 (l3)
389 875 595 933 oratio,
629 873 792 942 cujus
823 875 987 928 etiam
1026 875 1274 928 meminit
1320 874 1550 927 Allatius
1598 873 1710 940 (14)
1743 876 1825 927 in—

247 965 454 1033 soripta
489 982 504 1018 :
552 965 868 1034 Ἐγκώμιον
899 966 977 1028 εἰς
1001 965 1102 1034 τὴν
1135 967 1508 1034 προσκύνησιν
1527 966 1626 1033 τῆς
1661 967 1830 1036 ὑπερ-

247 1059 414 1125 αγῐας
473 1057 772 1122 Θεοτόκου,
832 1058 928 1113 καὶ
989 1061 1069 1119 εἰς
1115 1058 1188 1111 τὰ
1225 1059 1477 1125 ὲγκαίνια
1525 1059 1627 1128 τῆς
1672 1059 1833 1127 ἁγίας

246 1150 416 1220 αὐτῆς
463 1151 630 1220 σοροῦ
673 1153 773 1220 τῆς
809 1152 869 1204 ἐν
906 1151 1371 1220 Χαλκοπρατῐοις.
1425 1149 1738 1204 Encomium
1771 1154 1836 1205 de

245 1240 390 1294 cuitu
429 1241 760 1296 beatissimos
799 1243 1044 1311 Deipara’
1083 1243 1410 1311 prwstando,
1439 1253 1488 1296 et
1518 1243 1585 1295 de
1615 1244 1836 1297 dedica-

247 1334 386 1386 tione
433 1342 637 1386 sanctw
676 1335 792 1402 ejus
830 1336 961 1396 sori,
1009 1351 1129 1405 qua:
1183 1345 1260 1388 est
1320 1338 1373 1388 in
1423 1335 1833 1402 Chalcopratiis.

251 1426 452 1478 Sancta
501 1442 666 1480 sorus
710 1429 790 1480 vel
847 1440 1036 1482 sancta
1096 1428 1251 1481 theca
1310 1427 1691 1497 appellabatur
1723 1439 1835 1480 tum

253 1535 414 1588 capsa
481 1521 642 1587 ipsa,
709 1535 816 1590 qua
890 1523 1060 1574 vestis
1118 1530 1170 1573 et
1231 1520 1436 1576 lodices
1504 1520 1838 1590 sepulcrales

251 1604 309 1657 B.
378 1605 563 1658 Mariae
631 1605 875 1677 Virginis
935 1609 1398 1673 continebantur,
1480 1620 1595 1664 tum
1670 1611 1836 1677 a'des,

252 1698 304 1751 in
341 1714 450 1765 qua
487 1699 754 1767 depositae
799 1700 907 1754 illa:
955 1701 1200 1771 reliquis:
1229 1703 1677 1758 asservabautur.
1711 1705 1839 1758 Duae

247 1803 430 1843 autem
458 1802 620 1844 erant
647 1791 729 1844 hae
753 1793 945 1855 theca,
981 1793 1152 1846 altera
1185 1795 1238 1846 in
1268 1795 1382 1848 atde
1418 1789 1824 1863 Blache'rncusi,

247 1884 682 1953 'lheopltanouis
717 1886 976 1955 Augustae
1007 1887 1269 1956 religione
1314 1889 1514 1959 inclyta
1560 1889 1700 1959 (15),
1745 1891 1835 1945 ubi

247 1978 665 2046 0m0phorium,
726 1994 824 2034 seu
867 1981 1048 2032 velum
1085 1981 1333 2050 Deipara:
1389 1984 1832 2048 custodiebatur,

248 2072 420 2125 altera
470 2073 526 2124 in
588 2071 705 2126 aede
767 2072 940 2127 beata:
1000 2071 1239 2142 Virginis
1297 2073 1832 2144 Chalcopratiorum,

246 2163 338 2217 ubi
372 2171 590 2218 caetera:
615 2173 798 2219 vestes
849 2173 903 2219 et
930 2164 1113 2219 fascia!
1159 2167 1416 2236 religiose
1451 2170 1837 2224 custodieban-

243 2261 356 2306 tur.
389 2251 514 2304 Jam
544 2254 783 2322 quisque
819 2253 1093 2324 intelligit,
1149 2263 1264 2309 tttm
1321 2257 1671 2322 Blacheruas,
1721 2270 1832 2314 tum

244 2344 668 2413 Clsalcopratios
698 2346 924 2400 nomina
953 2363 1077 2402 esse
1098 2349 1344 2402 locorum
1381 2351 1536 2405 urbis
1559 2352 1835 2407 Constan-

245 2436 588 2504 tinopoleos,
639 2438 693 2491 in
731 2440 935 2505 quibus
969 2455 1126 2494 sacra
1182 2441 1297 2496 hare
1348 2444 1544 2511 templa
1591 2445 1836 2514 Deipara:

247 2529 507 2583 dedicata
563 2533 953 2600 assurgebant.
1035 2531 1326 2603 Disputaut
1383 2537 1585 2591 eruditi
1653 2554 1721 2591 an
1781 2539 1834 2593 Ιιί

247 2622 622 2691 Chalcopratii
675 2625 830 2679 vicus
861 2625 1110 2694 quidam,
1143 2642 1242 2681 seu
1277 2629 1453 2697 platea
1504 2629 1732 2696 fuerint,
1779 2633 1833 2687 in

249 2717 449 2786 quibus
481 2718 692 2772 aeraria:
739 2718 973 2773 oﬂicinaa
1017 2721 1136 2773 sitae
1163 2730 1370 2783 essent,
1423 2738 1491 2777 au
1529 2725 1714 2794 potius
1763 2726 1837 2780 le-

251 2811 488 2878 gendum
522 2809 596 2863 sit
623 2808 1021 2878 Chartopratii,
1053 2811 1237 2880 ibique
1260 2815 1569 2869 chartarias
1587 2815 1835 2872 ollicinas

249 2900 536 2954 exstitisse
591 2900 945 2956 arbitremur.
997 2899 1198 2956 Verum
1257 2906 1613 2972 quaestionem
1670 2908 1832 2971 hanc,

251 3001 442 3062 utpote
469 2993 599 3047 huic
632 2994 756 3048 loco
796 2992 982 3050 minus
1037 3005 1430 3064 opportunam,
1480 2998 1657 3055 libens
1694 3017 1830 3070 prae-

253 3086 575 3138 termiltatu.
610 3084 722 3140 Nec
756 3086 968 3143 diutius
1001 3088 1408 3146 immorandum
1457 3108 1674 3164 quoque
1708 3095 1832 3164 opi-

255 3191 358 3232 nor
388 3177 441 3230 iu
477 3178 847 3247 perquirendo
873 3180 1008 3237 mdis
1058 3182 1224 3252 hujus
1275 3185 1583 3253 conditore,
1627 3190 1694 3243 de
1727 3204 1836 3258 quo

260 3285 363 3322 non
390 3269 533 3324 bene
562 3269 709 3324 inter
739 3285 798 3324 se
824 3274 1164 3327 conveniunt
1200 3275 1481 3345 Byzantini
1516 3279 1835 3348 scriptores;

255 3360 310 3412 id
349 3376 524 3414 unum
562 3362 726 3415 modo
760 3362 897 3416 satis
941 3366 1012 3418 sit
1056 3367 1375 3432 adnotasse,
1425 3385 1618 3425 omnes
1675 3371 1726 3424 in
1774 3388 1839 3426 eo

257 3452 590 3515 convenire,
667 3455 932 3522 templum
1010 3458 1117 3510 hoc
1179 3459 1468 3528 antiquius
1529 3460 1840 3518 Theodosio

260 3540 494 3598 Juniure
540 3560 648 3598 non
683 3546 876 3600 fuisse.
917 3546 1032 3602 lloc
1065 3559 1248 3604 autem
1281 3553 1510 3608 omnino
1561 3558 1842 3622 praeterire

254 3648 364 3686 non
396 3634 548 3696 licet,
573 3635 826 3691 Alexium
853 3634 873 3689 Ι
900 3638 1261 3706 Comueuum,
1321 3657 1470 3710 cum,
1512 3647 1708 3699 aerario
1743 3663 1840 3700 ex-

259 3725 483 3792 hausto,
513 3727 930 3784 itnmiueutibus
969 3731 1190 3802 imperii
1215 3736 1640 3792 necessitatibus
1673 3740 1840 3794 satis-

262 3817 443 3874 facere
500 3837 610 3874 non
647 3833 856 3890 posset,
899 3836 1187 3894 argenteas
1229 3830 1437 3893 valvas,
1495 3847 1558 3885 ac
1598 3848 1724 3887 vasa
1754 3835 1842 3888 in-

261 3927 422 3982 super
456 3915 723 3967 nonnulla
777 3930 841 3969 ex
901 3917 1004 3972 hoc
1061 3919 1268 3988 templo
1321 3923 1662 3980 abstulisse:
1697 3929 1840 3995 quod

261 4017 382 4056 cum
405 4019 552 4073 aegre
582 4004 842 4060 tulissent
874 4008 1133 4071 cives,'ac
1165 4008 1218 4064 in
1243 4011 1625 4080 imperatorem
1661 4033 1841 4073 tumo-

262 4111 346 4152 res
366 4096 590 4165 iniquos
607 4108 949 4167 spargerent,
975 4101 1091 4170 ipse
1109 4107 1422 4160 convocatis
1441 4109 1756 4174 proceribus
1774 4111 1843 4165 ab

263 4189 367 4242 hoc
391 4190 623 4244 crimine
648 4206 880 4260 purgare
909 4207 968 4245 se
994 4193 1226 4256 studuit,
1257 4196 1554 4266 jussitque,
1582 4210 1637 4252 ut
1659 4201 1709 4254 iu
1744 4217 1846 4272 po-

261 4291 471 4334 sterum
497 4297 564 4335 ex
595 4283 793 4337 aerario
817 4285 969 4354 regio
990 4299 1234 4340 annuum
1254 4291 1483 4358 vectigal
1509 4295 1846 4359 persolvere-

265 4382 374 4434 tur,
401 4383 460 4427 ut
500 4375 532 4427 ii
565 4374 868 4438 alerentur,
904 4377 998 4445 qui
1032 4377 1086 4430 in
1115 4380 1216 4432 hac
1237 4380 1481 4449 Deiparae
1507 4383 1851 4442 eededivinas

263 4465 455 4521 laudes
486 4466 735 4536 quotidie
763 4469 1120 4524 celebrabant
1174 4471 1309 4542 (16).
1351 4474 1434 4527 Ad
1483 4475 1646 4542 hujus
1668 4478 1855 4548 itaque

258 4559 448 4627 templi
479 4558 879 4614 dedicationem
907 4561 1138 4629 pertinet
1167 4565 1516 4634 panegyrica,
1541 4567 1608 4622 de
1636 4583 1741 4637 qua
1772 4571 1858 4625 ιο-

261 4651 512 4718 quimur,
544 4649 821 4721 Euthymii
857 4652 1058 4717 oratio,
1083 4653 1136 4706 in
1161 4669 1292 4730 qua,
1315 4664 1376 4708 ut
1406 4672 1470 4710 ex
1499 4657 1620 4726 ejus
1653 4661 1855 4716 inscri-

265 4745 454 4810 ptione
497 4751 740 4804 constat,
781 4744 937 4812 plura
959 4745 1124 4799 etiam
1151 4747 1218 4801 de
1249 4747 1398 4802 cultu
1437 4749 1679 4820 Deipara:
1716 4769 1856 4822 pra:-

262 4835 461 4890 stando
495 4835 822 4904 disputavit.
849 4835 958 4890 Nec
985 4839 1124 4892 male
1164 4838 1440 4904 fortassis,
1490 4858 1610 4897 meo
1632 4846 1853 4913 quidem

257 4929 491 4996 judicio,
515 4929 790 4996 conjicere
818 4931 944 4999 quis
993 4939 1197 4999 posset,
1229 4932 1296 4986 ad
1323 4933 1424 4988 hoc
1457 4934 1598 4989 idem
1621 4935 1857 4992 Chalco‘

263 5021 570 5089 pratiorutn
603 5019 848 5091 Deiparze
879 5022 1142 5092 templum
1182 5038 1306 5080 esse
1330 5025 1677 5080 referendum
1703 5030 1850 5084 aliud

264 5108 544 5181 Euthymii
597 5109 908 5164 Encomium
957 5111 1014 5165 in
1051 5128 1239 5166 zonam
1270 5112 1547 5168 B.Mnriw
1595 5113 1848 5186 Virginis,

262 5199 408 5268 quod
427 5200 574 5254 inter
591 5215 695 5256 ms.
718 5200 1028 5256 Bodleiana:
1047 5202 1390 5258 bibliotheca:
1407 5203 1627 5261 codices
1658 5223 1850 5263 recen-

265 5301 434 5348 setur.
468 5291 527 5347 ln
556 5307 624 5348 eo
647 5309 889 5364 namque
921 5296 1145 5363 templo,
1175 5300 1505 5367 utsuperius
1539 5299 1842 5371 innuimus,

265 5393 446 5440 vestes
475 5398 670 5439 omnes
697 5399 761 5440 ac
785 5385 970 5440 fascia:
988 5387 1161 5441 beata:
1188 5385 1426 5457 Virginis
1445 5391 1834 5451 servabantur.

340 5569 452 5633 (ll)
488 5570 622 5638 νος.
667 5567 788 5638 in.

340 5639 451 5708 (12)
479 5637 638 5710 Tom.
677 5637 739 5698 V,
776 5656 898 5710 pag.
933 5637 1058 5691 206.

339 5711 450 5776 (is)
489 5709 616 5778 Ριξξι.
651 5710 774 5762 5m.

338 5781 451 5850 (Μ)
481 5779 568 5851 Pe
597 5778 914 5851 Siginconum
946 5782 1176 5849 scriptis.
1207 5798 1328 5851 pug.
1365 5784 1480 5838 108.

337 5848 447 5922 (15)
479 5848 604 5904 Vid.
637 5849 880 5920 Tltcoph.
911 5869 1034 5922 pag.
1070 5853 1195 5908 9:25.

2019 507 2078 559 V.
2126 505 2318 560 Utrum
2347 519 2477 559 vero
2521 502 2850 558 ascrihcnda
2905 501 3198 573 Euthymio
3227 510 3416 557 nostro
3444 506 3515 558 sit

1932 601 2094 652 etiam
2138 599 2410 661 Monodia,
2438 599 2553 653 sive
2583 600 2751 652 oratio
2797 597 3032 666 funebris
3071 615 3090 647 ‹
3129 596 3194 651 ad
3243 597 3513 650 tutnulum

1934 690 2268 744 sanctissimi
2304 689 2821 748 Thessalonicensis
2863 689 3266 757 archiepiscopi
3299 688 3510 741 domini

1934 781 2222 846 Eustathii,
2260 783 2448 852 paucis
2490 783 2558 835 ab
2605 781 2725 849 ejus
2759 782 2910 835 obitu
2967 781 3163 835 diebus
3194 779 3444 843 recitata,
3490 799 3508 832 ι

1934 890 2054 941 quae
2089 875 2192 926 sub
2220 875 2342 941 ejus
2369 876 2587 928 nomine
2621 876 2672 926 iu
2720 873 2910 927 codice
2939 872 3244 926 Bodleiano
3305 872 3517 926 descri-

1936 961 2113 1026 bitur,
2154 978 2334 1031 neque
2371 980 2494 1016 cum
2523 963 2645 1018 aliis
2677 962 2948 1016 aﬂirmare
2977 965 3176 1026 ausim,
3211 978 3309 1017 nec
3367 965 3519 1018 solus

1937 1053 2189 1108 iuliciari.
2233 1053 2286 1106 Si
2322 1069 2448 1106 vere
2484 1054 2549 1106 ad
2600 1069 2723 1107 eutn
2790 1053 3050 1121 pertinet,
3101 1070 3163 1107 ex
3207 1069 3270 1107 ea
3313 1055 3519 1107 ἱηιυΙΙίο

1935 1148 2084 1216 gitur
2115 1159 2322 1199 exacta!
2363 1145 2658 1200 admodum
2685 1146 2864 1199 mtalis
2891 1145 3247 1216 Eutuymium
3279 1147 3512 1201 obiisse.

1936 1240 2071 1294 Cum
2101 1240 2245 1294 enim
2275 1240 2448 1292 Alexii
2484 1239 2684 1308 ljussu
2735 1238 3053 1309 Panopliam
3107 1239 3350 1294 scribere
3387 1255 3516 1294 sus-

1937 1331 2143 1399 ceperit
2171 1345 2316 1385 anno
2357 1331 2518 1398 1118,
2560 1329 2718 1385 facile
2737 1341 2822 1386 cst
2854 1331 2953 1387 sibi
2991 1331 3514 1400 persuadereipsnm

1939 1425 2142 1477 tum-iu
2197 1423 2372 1494 primo
2397 1426 2588 1478 saltem
2639 1425 2883 1495 juventze
2937 1424 3069 1478 ﬂore
3125 1425 3316 1478 fuisse.
3377 1425 3520 1489 Quia

1940 1533 2071 1571 vero
2120 1516 2452 1573 Eustathius
2489 1533 2635 1572 anno
2688 1518 2847 1583 1194,
2895 1518 2949 1571 in
3001 1517 3203 1584 templo
3234 1515 3297 1586 S._
3329 1516 3523 1570 Deme-

1942 1611 2031 1663 trii
2066 1612 2323 1682 martyris
2358 1611 2653 1682 Miroblyta:
2704 1613 3028 1664 concionem
3071 1609 3261 1663 habuit
3294 1609 3362 1663 ad
3417 1627 3513 1678 po-

1943 1704 2152 1773 pulum,
2180 1703 2577 1773 [concedamus
2631 1704 2779 1769 licet,
2833 1703 2977 1771 quod
3044 1704 3146 1756 hoc
3202 1702 3320 1772 ipso
3375 1717 3520 1754 anno

1937 1804 2166 1852 mortem
2196 1796 2415 1860 obicrit,
2446 1797 2563 1865 ejus
2596 1797 2874 1851 funebrem
2904 1794 3271 1849 laudationem
3306 1793 3499 1864 Euthy-

1943 1888 2086 1943 mius
2118 1888 2225 1943 nisi
2256 1897 2482 1942 centum
2515 1889 2628 1943 fere
2656 1903 2829 1942 annos
2864 1900 3029 1941 natus
3054 1888 3330 1941 conﬁcere
3369 1885 3516 1939 haud

1942 1982 2288 2052 potuit.Quin
2347 1984 2511 2037 etiam
2576 1990 2797 2036 centum
2875 1996 3048 2035 annos
3094 1988 3519 2050 praetergressus

1939 2077 2187 2146 profecto
2211 2076 2564 2139 confecisset,
2593 2079 2637 2130 si
2669 2074 2921 2129 habenda
2949 2083 3096 2131 esset
3123 2074 3254 2128 ﬁdes
3280 2074 3516 2127 Alexan-

1938 2171 2040 2225 dro
2075 2170 2276 2226 Politio
2310 2171 2448 2242 (l7),
2495 2171 2588 2238 qui
2635 2169 2982 2224 Eustathium
3043 2168 3329 2239 Xipltilino
3377 2183 3522 2220 anno

1939 2263 2078 2318 1198
2113 2279 2142 2318 e
2177 2263 2318 2317 vivis
2347 2272 2602 2330 exempto
2641 2262 2992 2332 superstitem
3022 2268 3199 2330 putat,
3252 2258 3380 2327 quia
3406 2259 3524 2326 ipse

1941 2364 2280 2410 memoratur
2311 2355 2379 2408 ab
2396 2352 2607 2408 Joanne
2627 2355 2758 2408 Citri
2787 2355 3048 2422 episcopo
3074 2349 3522 2419 iurespousioao,

1941 2461 2106 2518 quam
2136 2447 2287 2502 dedit
2311 2445 2679 2501 Constantino
2710 2446 2981 2500 Cahasiltc
3006 2446 3153 2498 circa
3182 2444 3431 2497 ordinem
3467 2441 3520 2493 in

1940 2539 2335 2594 ecclesiasticis
2370 2538 2576 2593 Olliciis
2600 2539 2953 2592 servandum.
2994 2537 3126 2590 Nam
3157 2551 3281 2588 cum
3306 2542 3524 2602 protec-

1939 2636 2094 2691 dicus
2120 2651 2216 2690 seu
2239 2636 2433 2705 jndex,
2486 2635 2540 2688 in
2575 2633 2955 2688 criminalihus
2977 2629 3163 2684 causis
3193 2626 3522 2682 clericorum

1941 2728 2081 2783 inter
2113 2728 2322 2782 minora
2357 2727 2530 2780 ollicia
2558 2725 2711 2795 prius
2742 2729 3173 2779 connumeratus
3198 2759 3212 2782 ,
3244 2717 3310 2772 ad
3350 2715 3523 2784 maju-

1945 2835 2055 2873 rem
2088 2819 2316 2887 gradum
2362 2819 2430 2871 ab
2455 2816 2666 2871 Joanne
2697 2814 2978 2884 Xiphilino
3039 2809 3230 2865 fuisset
3278 2817 3524 2870 evectus,

1944 2913 2106 2982 idque
2131 2911 2438 2979 aliquorum
2457 2924 2743 2964 censuram
2768 2906 3116 2969 suscitassct,
3139 2903 3191 2956 iu
3213 2917 3276 2955 ea
3300 2915 3527 2968 respon-

1941 3008 2097 3059 sione
2153 3002 2396 3058 Joauncs
2425 3002 2560 3056 Citri
2591 2999 2885 3070 episcopus
2916 2997 3116 3065 inquit,
3155 2993 3207 3047 id
3256 2991 3460 3062 optimc
3495 3007 3524 3042 a

1940 3096 2218 3164 Xiphilino
2234 3095 2402 3150 fuisse
2425 3093 2807 3154 constitutum,
2827 3099 2990 3160 atque
3008 3089 3074 3142 ad
3088 3104 3204 3142 eam
3220 3085 3528 3140 innovatio-

1940 3205 2063 3242 nem
2093 3186 2363 3241 Eustathii
2387 3185 2768 3238 auctoritatem
2800 3180 3121 3240 accessisse,
3155 3177 3248 3246 qui
3283 3175 3336 3228 id
3371 3189 3523 3227 sum-

1943 3294 2167 3347 mopcre
2204 3277 2713 3331 commendaverat.
2748 3272 2950 3328 Verum
2986 3272 3087 3325 hoc
3133 3285 3239 3323 uon
3295 3266 3524 3331 evincit,

1942 3377 2002 3423 ut
2029 3369 2238 3422 Politus
2268 3367 2507 3432 censuit,
2544 3364 2898 3418 Eustathiqu
2925 3359 3208 3429 Xiphilino
3234 3357 3404 3412 fuisse
3430 3371 3525 3410 su-

1943 3460 2249 3532 perstitem,
2294 3469 2350 3513 et
2391 3473 2564 3526 usque
2596 3457 2661 3509 ad
2691 3453 2922 3508 Joannis
2949 3455 3095 3506 illius
3126 3450 3365 3520 episcopi
3391 3457 3527 3502 tem-

1950 3569 2084 3622 pora
2119 3551 2468 3621 pervenisse;
2532 3548 2626 3602 sed
2678 3548 2862 3617 potius
2927 3544 3215 3613 Xiphilino
3270 3542 3398 3595 dum
3450 3541 3524 3594 ita

1944 3645 2256 3700 facientium
2295 3643 2567 3702 decrevit,
2626 3656 2788 3695 suum
2858 3638 3161 3708 prmbuisse
3209 3649 3522 3690 assensum.

1945 3740 2100 3806 Quod
2135 3737 2358 3805 quidem
2399 3753 2460 3791 ex
2488 3737 2664 3804 ipsius
2697 3731 3161 3802 quoqueJoannis
3195 3729 3376 3783 verbis
3407 3731 3525 3780 erui

1946 3846 2102 3901 posse
2120 3830 2332 3884 videtur
2355 3846 2368 3890 ;
2393 3828 2521 3880 dum
2542 3828 2688 3881 enim
2718 3823 2991 3878 Eustathii
3022 3821 3288 3885 meminit,
3308 3837 3370 3874 ea
3397 3835 3532 3888 prte-

1947 3925 2112 3978 mittit
2130 3923 2295 3977 verba
2322 3920 2417 3973 τοῦ
2459 3921 2516 3972 ὲν
2545 3919 2748 3986 ἁγίοις,
2778 3933 2899 3987 qua!
2927 3933 3048 3970 eum
3075 3915 3188 3984 jam
3225 3914 3530 3967 decessisse

1949 4016 2213 4077 iudicant,
2245 4013 2508 4083 quoniam
2557 4012 2758 4080 probos
2784 4017 3115 4078 sanctosque
3142 4007 3291 4062 viros
3325 4005 3378 4058 in
3400 4019 3532 4074 pare

1947 4107 2149 4159 Christi
2184 4105 2530 4174 quie-centes
2561 4103 2636 4156 ita
2662 4103 2994 4171 compellare
3039 4109 3456 4154 consueverant.

2020 4289 2111 4343 Vl.
2148 4288 2422 4344 Hactenus
2456 4287 2726 4357 Euthymii
2756 4285 2944 4340 laudes
2981 4281 3257 4353 prosecuti
3313 4294 3531 4342 sumus,

1955 4387 2046 4436 sed
2078 4381 2463 4450 faterioportet
2493 4378 2810 4433 Graaeorum
2857 4375 3148 4432 schismati
3191 4370 3528 4427 adhaesisse:

1953 4475 2098 4544 quod
2121 4475 2467 4544 potissimum
2486 4480 2703 4526 constat
2718 4487 2781 4523 ex
2807 4469 2992 4523 libello
3010 4469 3097 4521 cui
3123 4467 3349 4519 titulus:
3379 4463 3535 4517 Κατὰ

1951 4567 2062 4620 τῶν
2115 4566 2214 4636 τῆς
2277 4567 2517 4629 παλαιᾶς
2560 4563 2804 4633 Ῥώμης,
2847 4564 2967 4631 ἦτοι
3009 4561 3118 4614 τῶν
3157 4559 3398 4619 Ἰταλῶν,
3451 4557 3534 4610 ὅτι

1954 4659 2054 4712 οὐκ
2095 4660 2160 4711 ἐκ
2203 4658 2301 4710 τοῦ
2350 4657 2483 4709 Υἱοῦ
2534 4655 2903 4724 ἐκπορεύεται
2965 4654 3026 4706 τὸ
3077 4653 3232 4721 ἅγιον
3288 4649 3530 4718 Πνεῦμα.

1955 4749 2216 4805 Adversus
2249 4748 2428 4802 Romte
2469 4749 2657 4801 veteris
2691 4748 2850 4812 cives,
2884 4748 2988 4800 sire
3017 4745 3211 4807 Italos,
3264 4742 3402 4813 quod
3430 4756 3534 4793 non

1952 4857 2017 4897 ea:
2052 4840 2194 4893 Filio
2217 4840 2453 4910 procedit
2481 4837 2715 4909 Spiri'us
2748 4848 2988 4893 sanctus.
3023 4838 3132 4891 Leo
3160 4835 3392 4889 Allatius
3419 4833 3528 4900 (l8)

1955 4934 2204 5004 pluribus
2235 4931 3004 4986 contcmleratorthodoxiam
3060 4927 3336 4999 Euthytnii
3374 4940 3528 4979 cont-

1952 5027 2208 5096 probare,
2233 5024 2327 5078 sed
2356 5021 2649 5078 abloanne
2672 5023 2916 5076 Auberto
2946 5022 3210 5085 monitus,
3244 5034 3303 5073 se
3333 5017 3532 5085 hujus-

1958 5120 2104 5174 modi
2148 5117 2392 5172 libellum
2431 5117 2484 5170 in
2514 5117 2850 5172 bibliotheca
2874 5114 3172 5169 Parisiensi
3231 5110 3529 5171 invenisse,

1959 5226 2067 5267 non
2097 5223 2220 5266 esse
2259 5209 2496 5280 amplius
2520 5209 2826 5264 defensioni
2862 5203 3041 5262 lacum
3069 5205 3251 5259 fassus
3307 5208 3413 5254 est.
3472 5198 3529 5253 ln

1953 5319 2071 5358 eam
2090 5303 2415 5359 sententiam
2446 5302 2682 5356 Allatius
2700 5298 3084 5360 descenderat,
3106 5293 3324 5364 quodin
3381 5291 3529 5346 edita

1953 5395 2229 5466 Panoplite
2257 5394 2378 5450 Zini
2415 5395 2666 5450 versione
2691 5392 2828 5448 nihil
2849 5391 3132 5446 invenerat
3170 5386 3316 5459 quod
3341 5383 3532 5441 catho-

2028 5577 2142 5648 (16)
2173 5575 2524 5648 Yicl.Annam
2557 5574 2818 5648 (Somnen.
2839 5571 3367 5648 Ale:_r_iad.ii_b.x-V,p_.
3397 5571 3520 5624 157.

2026 5643 2242 5732 (17.)η1ιι
2272 5646 2498 5732 ζημίαι.
2519 5647 2587 5698 ad
2606 5644 2898 5699 Comment.
2924 5643 3196 5697 Eustathii
3227 5645 3281 5696 in
3305 5646 3523 5696 Homer.

1954 5733 2074 5787 pag.
2105 5718 2170 5769 16
2199 5728 2253 5769 et
2292 5718 2373 5769 17.

1954 5787 2240 5913 Μξιὸἐίιέρ
2270 5791 2494 5858 Νινὲηδιγ.
2536 5785 2735 5842 lz‘crles.
2776 5803 3011 5841 consciis.
3041 5786 3134 5841 lib.
3167 5783 3401 5851 xt,fc:|p.
3441 5781 3524 5847 10,

1951 5875 2072 5929 pag.
2109 5867 2237 5913 UH.
