3970 6562
428 751 653 812 cerptus
681 756 782 809 est,
814 758 1070 821 totusque
1109 765 1304 814 contra
1361 761 1640 823 Romanos
1690 775 2001 837 processio-

427 846 550 887 nem
583 834 818 905 Spiritus
850 846 1025 898 sancti
1051 861 1081 901 a
1107 846 1268 905 Patre
1283 860 1336 905 et
1365 852 1503 909 Filio
1525 834 1838 916 asserentes
1859 879 1996 919 con-

426 924 688 994 scriptus.
750 927 989 999 ldipsum
1018 935 1294 995 invenitur
1329 942 1381 995 in
1418 944 1525 999 alio
1581 946 1749 1002 etiam
1802 951 1995 1009 codice

423 1025 525 1065 ms.
564 1013 857 1085 Pauoplize,
890 1023 983 1090 qui
1015 1034 1191 1081 exstat
1217 1029 1271 1084 in
1305 1031 1633 1091 bibliotheca
1664 1036 1833 1108 Regia
1888 1040 1991 1095 Pa.

423 1101 667 1170 risiensi,
697 1124 849 1165 num.
874 1112 1042 1183 1231;
1074 1126 1128 1171 et
1154 1119 1283 1174 hinc
1311 1135 1551 1191 constat,
1578 1101 1901 1197 praedictum
1923 1132 1991 1187 li-

418 1188 619 1249 bellum
675 1200 807 1254 nihil
859 1219 981 1259 esse
1031 1208 1200 1277 aliud,
1229 1213 1333 1268 nisi
1383 1216 1603 1273 titulum
1651 1236 1747 1276 xm
1805 1221 1991 1279 Pano-

415 1283 541 1349 plia‘.
572 1292 865 1359 separatim
912 1295 1271 1368 descriptum,
1308 1309 1423 1359 tum
1460 1308 1514 1362 in
1550 1309 1768 1368 duobus
1836 1314 1989 1370 codi-

416 1372 574 1428 cibus
611 1378 775 1446 regiis
809 1382 943 1451 (l9),
998 1401 1232 1453 quorum
1290 1408 1436 1451 unus
1478 1396 1544 1452 ad
1591 1415 1788 1458 manus
1836 1403 1989 1458 venit

414 1457 661 1531 Auberti,
688 1479 798 1523 tum
834 1472 887 1527 in
949 1477 1123 1534 tribus
1179 1480 1459 1543 Vaticanis
1489 1488 1625 1560 (20),
1659 1492 1750 1561 qui
1793 1507 1989 1553 omnes

414 1553 690 1613 miscellas
713 1565 978 1630 quasdam
1003 1571 1280 1628 variorum
1312 1587 1701 1649 excerptorum
1727 1587 1972 1656 comple-

413 1656 655 1706 ctuntur.
720 1650 830 1711 iloc
895 1652 1163 1733 Bigotium
1215 1668 1344 1723 olim
1401 1672 1857 1733 animadvertisse
1891 1688 1981 1735 te-

412 1748 591 1796 statur
621 1745 875 1816 epistola,
905 1767 1068 1821 quam
1124 1757 1176 1811 in
1236 1759 1572 1820 Bibliotheca
1627 1767 1815 1822 critica
1864 1769 1977 1842 (21)

411 1832 582 1888 edidit
620 1834 984 1909 Saingiorius.
1014 1842 1287 1903 Praeterea
1325 1853 1491 1909 alium
1526 1871 1742 1927 quoque
1766 1832 1978 1933 Euthy;

408 1923 503 1975 ιιιῑί
538 1924 776 1982 libellum
811 1928 1076 1992 habemus
1106 1938 1158 1993 in
1194 1957 1297 1996 ms.
1322 1945 1512 2001 codice
1565 1946 1833 2008 Vaticano
1873 1952 1977 2008 Pa-

408 2013 580 2072 latino
608 2019 731 2086 361,
772 2023 826 2079 in
862 2041 970 2096 quo
1007 2030 1097 2086 ille
1123 2038 1428 2102 contendit,
1481 2039 1756 2097 Christum
1781 2060 1978 2118 magna

404 2104 597 2174 quinta
648 2109 781 2168 feria
823 2132 947 2172 cum
982 2120 1271 2192 discipulis
1298 2126 1415 2186 suis
1451 2130 1619 2201 legale
1648 2134 1858 2191 Pascha
1881 2152 1974 2193 ce-

406 2196 691 2270 lebrasse;
745 2213 798 2261 et
822 2207 951 2266 hinc
974 2212 1322 2286 intelligitur,
1359 2235 1469 2275 non
1495 2196 1659 2280 modo
1693 2225 1975 2284 delensio-

402 2304 527 2345 nem
563 2299 873 2368 suscepisse
896 2318 1143 2362 errorum
1169 2307 1368 2377 Pbotii,
1396 2315 1492 2369 sed
1518 2318 1684 2372 etiam
1716 2334 1970 2378 errorum

402 2377 458 2433 in
489 2396 628 2450 quos
654 2385 845 2446 incidit
865 2392 1095 2453 Michael
1126 2399 1487 2461 Caerularius.
1525 2410 1609 2462 An
1640 2410 1727 2465 hic
1752 2427 1973 2485 quoque

399 2471 616 2532 libellus
649 2494 715 2534 ex
751 2481 1009 2551 PanOplia
1044 2503 1334 2564 excerptus
1365 2498 1459 2562 sit,
1497 2508 1647 2554 certo
1700 2471 1972 2560 atiirmare

401 2577 511 2618 non
538 2570 737 2634 audeo,
771 2588 893 2629 cum
926 2578 1199 2649 integrum
1231 2583 1300 2638 ad
1354 2604 1553 2644 manus
1576 2608 1686 2647 non
1738 2595 1971 2651 habeam

398 2652 648 2713 Graecum
691 2672 897 2719 textum
931 2669 1223 2741 Pauoplizc.
1264 2676 1519 2735 Attamen
1559 2684 1632 2739 ita
1663 2698 1784 2741 esse
1806 2685 1971 2743 vehe-

396 2758 611 2804 menter
641 2756 891 2822 StlSpit‘ot‘
941 2776 1006 2815 ex
1046 2778 1113 2817 eo
1176 2767 1322 2834 quod
1367 2772 1601 2841 scriptor
1654 2772 1883 2836 Graecus
1928 2795 1958 2834 a

396 2835 579 2896 Leone
606 2844 807 2903 Allatio
841 2849 954 2922 (22)
993 2852 1192 2912 citatus
1224 2872 1431 2929 narrat,
1458 2865 1706 2921 Alexium
1734 2870 1967 2928 Comne~

394 2944 523 2984 num
551 2930 828 3003 Zigabeuo
859 2939 1168 3015 Joannique
1220 2946 1405 3007 Furno
1448 2955 1689 3024 jussisse
1728 2961 1793 3014 ὲκ
1823 2963 1961 3016 πάνυ

392 3038 503 3075 των
529 3025 638 3078 τῶν
669 3027 829 3084 θείων
876 3034 1077 3104 βίϐλων
1122 3038 1320 3109 λόγους
1386 3046 1770 3119 ἐρανισάμενοι
1819 3055 1963 3111 κατὰ

390 3112 500 3167 τῶν
522 3117 787 3187 αἱρέσεων
819 3124 918 3196 τὴν
939 3128 1275 3205 δῡγματικὴν
1296 3112 1959 3212 Πανδπλίαν-συνέταξαν·

390 3208 486 3259 καὶ
505 3211 628 3263 κατ’
658 3214 839 3271 αὐτῶν
870 3219 935 3290 δὴ
975 3219 1197 3278 Ἰταλῶν
1223 3228 1309 3283 διὰ
1339 3231 1438 3302 τὴν
1494 3236 1814 3309 προσθήκην
1845 3208 1960 3296 ⁷τοῦ

390 3297 550 3366 ἁγίου
573 3303 852 3375 Συμϐόλου
877 3312 970 3365 καὶ
1000 3314 1070 3368 τὰ
1099 3317 1304 3388 ἄζυμα,
1331 3297 1474 3378 utea:
1497 3297 1737 3383 omnibus
1769 3297 1960 3390 'divfnis

385 3397 782 3451 commentariis
849 3405 1135 3460 sententias
1194 3410 1495 3482 colligentes
1522 3431 1708 3473 contra
1739 3421 1959 3481 hwreses

387 3476 741 3544 dogmaticam
765 3482 1081 3556 Pauopliam
1115 3512 1519 3569 componerent;
1553 3516 1602 3559 et
1632 3519 1818 3562 contra
1845 3528 1961 3566 eos-

384 3562 506 3623 dem
543 3571 711 3629 Italos
733 3591 944 3649 propter
967 3562 1293 3643 additione-m
1314 3592 1367 3644 in
1401 3562 1559 3649 sacro
1623 3562 1958 3668 Symbolovet

387 3677 600 3733 azyma.
637 3667 792 3734 Quod
821 3673 866 3727 si
895 3671 963 3731 de
988 3681 1199 3748 azymis
1227 3681 1556 3757 Euthymius
1588 3690 1643 3745 in
1693 3693 1958 3766 Pau0plia

386 3756 632 3825 scripsit,
664 3758 868 3817 frustra
900 3781 1032 3823 sane
1054 3767 1167 3826 Leo
1192 3756 1428 3834 Allatius
1455 3779 1569 3850 (25)
1609 3756 1863 3841 asseruit.
1890 3805 1959 3844 ex

389 3844 495 3901 hoc
520 3848 700 3919 capite
733 3857 938 3911 erroris
976 3860 1129 3930 argui
1203 3863 1552 3939 Euthymium
1611 3888 1718 3927 non
1774 3891 1957 3946 posse,

383 3941 514 4009 quia
536 3942 889 4014 adiaphoram
908 3955 1266 4020 quaestionem
1291 3970 1616 4028 prosecutus
1637 3941 1806 4022 esset.
1821 3941 1957 4026 Cum

279 4069 282 4072 .
380 4032 532 4086 enim
565 4032 882 4106 Panopliam
909 4041 978 4097 ad
998 4044 1363 4105 confutandas
1383 4052 1666 4111 baareticas
1698 4062 1958 4128 quaestio-

380 4139 484 4183 nes
523 4133 855 4197 exaraverit.
887 4137 1182 4196 manifesto
1210 4145 1396 4199 statim
1435 4150 1591 4217 argui
1618 4162 1825 4220 potest.
1847 4155 1953 4210 La-

382 4215 625 4271 tinorum
664 4224 1018 4293 sententiam,
1053 4236 1107 4283 et
1132 4229 1295 4285 ritum
1328 4233 1403 4290 ita
1460 4215 1830 4311 oppugnasse,
1894 4255 1954 4301 ut

380 4304 531 4362 illam
554 4307 827 4369 haereseos
867 4314 1289 4389 insimulaverit,
1320 4334 1373 4378 et
1434 4327 1578 4384 hunc
1623 4333 1784 4389 modo
1837 4351 1947 4392 non

375 4398 660 4471 illicitum,
690 4406 789 4461 sed
823 4407 990 4463 etiam
1029 4412 1111 4467 uti
1148 4412 1448 4472 invalidum
1478 4429 1533 4473 et
1566 4423 1774 4478 nullum
1808 4426 1949 4495 reie-

370 4492 557 4559 cerit;
590 4495 644 4548 in
675 4511 785 4566 quo
820 4502 1092 4571 praecipue
1159 4503 1390 4564 Michael
1424 4511 1757 4571 Casruiarius
1799 4492 1951 4586 ejus-

371 4592 485 4646 que
514 4592 815 4643 sectatores
834 4602 864 4641 a
889 4600 1041 4648 recta
1070 4592 1175 4650 iide
1204 4596 1555 4668 aberrabant,
1597 4610 1651 4657 et
1674 4606 1745 4659 ob
1783 4622 1946 4675 quam

372 4672 724 4741 potissimum
751 4693 969 4737 causam
999 4698 1096 4740 eos
1120 4684 1231 4743 Leo
1269 4686 1344 4742 IX
1369 4690 1622 4750 Pontifex
1674 4672 1949 4755 refutave-

371 4770 463 4817 nt
515 4771 680 4835 atque
714 4766 1091 4828 damnaverat.

443 4900 561 4960 VII.
589 4904 710 4963 1am
737 4924 890 4978 vero,
918 4921 981 4969 ut
1002 4914 1069 4970 ad
1099 4916 1452 4986 opusculum,
1474 4922 1621 4990 quod
1648 4927 1808 4981 modo
1828 4928 1950 4982 νιιΙι

369 4995 613 5063 gandum
647 5002 1059 5076 sst,’proprius‘
1088 5008 1376 5077 accedam,
1410 5009 1944 5085 Euthymiuscontra

444 5224 717 5307 (1?)Q_0d_.
756 5229 915 5307 ign,
938 5248 994 5290 ιι.
1014 5197 1115 5300 ἐι,
1150 5244 1206 5292 et
1231 5237 1366 5295 Cod.
1412 5236 1575 5307 a782,
1611 5218 1764 5298 num.
1794 5244 1847 5301 ε.

444 5295 731 5384 (ξω-ρρά.
765 5301 1055 5384 579,333.
1087 5295 1237 5372 ise,
1258 5309 1396 5366 God.
1424 5295 1846 5384 θεοῂιέέζὶδέζ
1886 5326 1944 5373 et

372 5363 525 5439 Cod.
559 5367 642 5439 τε
630 5368 683 5432 7,
719 5386 843 5439 pag.
868 5363 993 5430 199.

444 5434 558 5519 ﬁ?!)
591 5432 870 5519 Ioni-ﬁ".
902 5459 1022 5519 caa-
1053 5444 1145 5519 21.
1171 5464 1294 5519 pas.
1331 5449 1420 5506 97.

440 5498 657 5630 (222“?
678 5498 951 5581 utriusque
971 5498 1441 5577 Ecda'sTEJ’zisérié.
1468 5522 1567 5590 lib,
1590 5538 1670 5592 ιι,
1695 5539 1819 5596 cap.
1848 5526 1936 5594 i0,

444 5590 495 5630 tt.
642 5616 658 5630 .

370 5590 495 5644 pag.
529 5590 658 5632 tuo.

586 5645 660 5725 Qa
683 5665 951 5725 c_ons_ens.,
974 5669 1029 5725 ρ.
1059 5657 1184 5725 462.

585 5715 845 5807 "insignia
893 5715 1136 5807 itiiiergr.
1169 5728 1347 5788 Italic.
1393 5747 1519 5805 pag.
1558 5733 1659 5792 106
1688 5743 1744 5793 et
1780 5750 1934 5807 seqq.

443 5784 562 5857 (25)
585 5784 742 5847 Tom:
772 5788 862 5860 lll,
887 5808 1011 5868 pag.
1047 5796 1140 5857 71.

3593 415 3677 475 28

2104 497 2414 571 Bogomilos
2456 507 2590 564 illud
2617 512 2970 571 concinnavit
2997 531 3229 587 quorum
3287 520 3535 577 htercsiui
3558 527 3669 580 alio

2095 607 2319 665 quoque
2354 598 2620 671 singulari
2653 606 2923 673 opusculo
2984 608 3289 667 insectatus
3349 625 3454 677 est,
3516 623 3664 687 quod

1983 713 2001 725 ο
2090 681 2366 757 integrum
2400 689 2588 748 (ἔπι-ποθ
2618 704 2672 748 et
2715 693 2909 751 Latine
2951 699 3299 769 eruditisqne
3362 706 3506 759 notis
3534 681 3665 758 'au-

2093 782 2242 833 t‘tum
2265 788 2319 834 et
2351 780 2684 838 illustratum
2720 802 2784 841 ex
2811 788 3002 843 codice
3029 788 3445 848 Vindobonensi
3469 796 3523 848 in
3550 813 3663 865 quo

2091 870 2245 925 velut
2291 875 2562 943 appendix
2613 876 2886 947 Panopliae
2943 882 3164 952 legitur,
3202 885 3380 939 edidit
3422 885 3664 941 lacubus

2091 960 2299 1019 Tullius
2337 964 2480 1035 (24).
2518 967 2852 1040 lnscriptum
2884 981 3001 1028 est:
3045 974 3305 1042 Victoria,
3335 994 3431 1032 seu
3469 980 3667 1031 trimnc

2086 1052 2221 1121 phus
2250 1056 2316 1110 de
2342 1059 2506 1127 impia
2547 1059 2996 1118 Massalianorum
3019 1076 3185 1131 secta,
3223 1069 3346 1136 quia
3380 1071 3432 1122 in
3459 1087 3525 1124 co
3549 1086 3661 1125 non

2090 1146 2369 1204 rationum
2402 1155 2698 1208 momentis
2731 1155 3140 1227 Bogomilorum
3194 1174 3415 1217 errores
3476 1162 3667 1218 discu-

2088 1237 2303 1295 tiuntur
2343 1257 2408 1297 ac
2435 1243 2766 1311 refutantur.
2798 1250 2891 1305 sed
2919 1251 3145 1320 singuli,
3168 1254 3246 1307 uti
3273 1253 3385 1323 jam
3415 1253 3661 1320 refutati,

2089 1329 2647 1393 anathematizantur.
2681 1340 2942 1396 Codicem
2983 1342 3136 1398 illum
3170 1343 3658 1401 Viudoboneusem

2082 1414 2195 1488 jam
2221 1418 2591 1494 descripserat
2611 1426 2934 1487 Lambecius
2961 1432 3098 1503 (25),
3124 1443 3179 1489 et
3199 1436 3514 1503 speciminis
3538 1436 3663 1490 loco

2084 1512 2299 1581 primos
2359 1524 2473 1572 tres
2539 1520 3033 1579 anathematismos
3085 1527 3426 1597 vulgaverat.
3510 1527 3659 1581 Idem

2083 1601 2415 1663 Lambecius
2442 1609 2557 1680 (26)
2589 1627 2692 1668 nos
2720 1612 2883 1669 docet
2924 1614 2979 1669 in
3012 1617 3353 1674 bibliotheca
3378 1620 3662 1675 Vindobo-
3774 1628 3787 1635 ‘

2088 1694 2246 1751 nensi
2301 1696 2514 1767 aliquas
2579 1702 2745 1756 etiam
2808 1705 3108 1775 reperiisse
3166 1710 3432 1778 epistolas
3466 1720 3661 1767 contra

2083 1783 2567 1863 Phundagiagitas.
2595 1810 2691 1850 seu
2707 1796 3030 1868 Bogomilos
3045 1804 3407 1878 conscriptas.
3428 1806 3662 1861 missas-

2078 1891 2186 1946 que
2205 1893 2236 1934 a
2263 1886 2594 1940 monasterio
2629 1887 2945 1959 Periblepta:
2971 1892 3024 1946 in
3056 1895 3286 1963 patriam
3314 1912 3493 1962 suam,
3517 1915 3661 1966 qua-

2080 1983 2200 2022 rum
2228 1973 2582 2043 epigrapbem
2618 1978 2825 2036 Tollius
2859 1982 3046 2040 Graec
3078 1989 3275 2042 recitat
3311 2003 3434 2043 cum
3463 1991 3657 2048 Latina

2078 2063 2350 2128 versione,
2397 2065 2450 2119 iu
2498 2081 2607 2138 qua
2657 2073 2824 2127 verba
2882 2075 2981 2145 τῆς
3027 2078 3199 2148 μονῆς
3242 2082 3345 2151 τῆς
3397 2084 3660 2153 Περιϐλέ-

2078 2168 2215 2206 πτου
2248 2153 2479 2211 illustris
2515 2161 2743 2215 cauobii
2771 2163 2963 2220 Latine
2991 2169 3231 2224 reddidit
3258 2187 3273 2236 ;
3303 2173 3398 2227 sed
3445 2178 3657 2232 rectius

2076 2257 2210 2299 sane
2239 2240 2565 2303 reddidisset
2598 2253 2815 2308 emnobii
2858 2253 3188 2328 Peribleptm,
3213 2262 3358 2318 hanc
3411 2264 3656 2322 Graecam

2073 2348 2260 2399 vocem
2279 2337 2536 2395 intactam
2561 2342 2897 2415 relinquens,
2920 2330 3044 2417 quia
3068 2358 3151 2405 est
3167 2354 3333 2409 veluti
3352 2370 3652 2426 cognomen

2073 2424 2222 2482 illius
2264 2431 2525 2496 emnobii,
2566 2448 2679 2503 quo
2742 2440 3041 2496 utebantur
3093 2453 3356 2516 tanquam
3410 2424 3655 2519 epitheto

2075 2512 2317 2585 Virginis
2342 2519 2611 2590 Dciparae,
2635 2528 2725 2583 cui
2754 2532 3067 2586 emuobium
3096 2512 3222 2590 hoc—
3254 2546 3372 2592 erat
3426 2512 3651 2595 dedica-

2073 2610 2210 2665 tum,
2242 2613 2301 2659 ut
2330 2606 2399 2659 ab
2422 2609 2546 2661 aliis
2574 2627 2695 2677 quae
2719 2625 2882 2670 erant
2933 2618 3437 2692 Constantinopoli,
3460 2642 3654 2683 emno-

2071 2691 2177 2749 biis
2207 2708 2270 2749 ac
2288 2698 2502 2768 templis
2528 2700 2963 2775 eidemDeiparaa
2989 2713 3167 2767 sacris
3194 2691 3649 2784 distingueretur.

2139 2825 2276 2885 Vill.
2309 2831 2409 2897 Qui
2436 2834 2639 2891 fuerint
2662 2838 3070 2909 Bogomilorum
3097 2862 3340 2917 errores,
3376 2869 3639 2909 necessa-

2066 2920 2209 2974 rium
2274 2939 2383 2979 non
2440 2938 2521 2982 est
2582 2926 2671 2984 hic
2731 2946 3029 3005 exponere,
3064 2940 3325 3009 quoniam
3352 2947 3434 2999 vel
3473 2963 3537 3001 ex
3573 2949 3644 3007 iis

2068 3012 2268 3074 solum.
2294 3029 2417 3083 quae
2437 3016 2491 3073 in
2522 3019 2625 3076 hoc
2652 3022 2835 3079 libello
2866 3035 3052 3082 narrat
3101 3028 3450 3103 Euthyuuius.
3504 3041 3643 3094 satis

2067 3102 2446 3163 innotescunt.
2503 3111 2941 3181 Appellabantur
2998 3128 3181 3177 autem
3251 3102 3518 3196 Bogomili
3577 3146 3643 3185 ex

2064 3208 2197 3250 voce
2235 3196 2363 3269 Bog.
2394 3214 2518 3271 quae
2550 3203 2907 3276 Bulgarorum
2937 3210 3125 3283 lingua
3152 3213 3425 3285 signiﬁcat
3454 3220 3641 3289 Deum,

2063 3293 2117 3339 et
2147 3301 2280 3343 voce
2314 3291 2521 3358 omitui,
2552 3310 2660 3364 quo
2685 3299 2856 3353 verbo
2885 3302 3029 3370 apud
3058 3304 3280 3359 eosdem
3307 3309 3639 3376 exprimitur

2063 3382 2329 3446 miserere,
2384 3386 2542 3453 quasi
2582 3386 2658 3441 illi
2703 3400 2888 3445 esseut
2920 3395 3014 3462 qui
3068 3393 3161 3450 Dei
3197 3398 3636 3458 misericordiam

2063 3468 2431 3538 implorabant
2464 3474 2603 3548 (27).
2641 3477 2805 3535 Iidem
2833 3481 3103 3552 Bogomili
3135 3484 3268 3541 dicti
3298 3488 3427 3543 sunt
3463 3491 3630 3545 etiam

2061 3557 2473 3633 Pbundag’iataz.
2530 3568 2615 3623 vel
2675 3571 2999 3628 Phundaila!
3056 3588 3122 3631 ex
3177 3593 3263 3643 eo,
3323 3588 3382 3632 ut
3413 3581 3642 3649 coniicit

2061 3651 2363 3709 Cutelerius
2427 3657 2580 3727 (28),
2630 3662 2779 3731 quod
2849 3668 3124 3736 marsupia
3182 3668 3248 3723 ad
3304 3672 3642 3740 colligendas

2062 3743 2444 3817 eleemosynas
2490 3752 2789 3819 gerebant:
2821 3756 3025 3825 φοῦνδα
3055 3760 3202 3814 enim
3237 3762 3379 3832 apud
3414 3763 3638 3820 Graecos

2060 3838 2332 3907 sequioris
2381 3842 2480 3894 aevi
2511 3846 2812 3915 scriptores
2850 3864 2954 3918 pro
3005 3852 3288 3921 marsupio
3336 3854 3636 3912 indicando

2061 3931 2356 3998 reperitur.
2386 3933 2658 3993 Praeterea
2705 3938 2831 3993 aliis
2866 3940 3031 3996 etiam
3077 3942 3394 4002 nominibus
3430 3949 3638 4004 distin-

2060 4020 2394 4089 guebantur,
2437 4038 2566 4079 nam
2595 4033 2650 4082 et
2687 4027 3028 4094 Massaliani.
3057 4039 3114 4088 et
3152 4030 3419 4101 Eucbitaz,
3443 4045 3498 4092 et
3526 4035 3642 4091 En-

2060 4112 2364 4179 thusiastte,
2401 4123 2456 4171 et
2491 4117 2809 4184 Enrratitaa,
2843 4129 2900 4176 et
2924 4120 3267 4180 Marcionita;
3288 4126 3636 4196 dicebantur,

2058 4212 2126 4257 ut
2152 4218 2217 4259 ex
2240 4207 2430 4260 eodem
2466 4205 2759 4281 Eutbymio
2788 4222 3003 4268 constat
3035 4232 3048 4268 :
3080 4229 3201 4285 quae
3232 4218 3414 4271 omnia
3457 4218 3636 4290 Bogo-

2060 4296 2315 4352 milorum
2377 4300 2601 4355 nomina
2652 4302 2865 4372 prolixe
2900 4306 3193 4361 admodum
3246 4316 3301 4363 et
3334 4311 3550 4367 erudite
3581 4312 3633 4366 in

2058 4387 2509 4447 adnotationibus
2533 4393 2650 4449 suis
2690 4395 2901 4452 Tollius
2937 4397 3055 4469 (29)
3091 4401 3368 4468 exposuit.
3420 4402 3490 4457 At
3521 4418 3635 4472 prie

2056 4481 2268 4535 caneris
2307 4489 2503 4538 natatu
2540 4482 2766 4555 dignum
2797 4497 2887 4542 est
2934 4504 3173 4555 nomen,
3225 4492 3375 4562 quod
3427 4492 3635 4564 Euthy-

2056 4572 2203 4628 mius
2235 4573 2291 4627 in
2321 4573 2424 4629 hoe
2491 4579 2764 4645 opusculo
2795 4580 2997 4636 asserit
3043 4580 3358 4652 Bogomilos
3383 4584 3489 4640 sibi
3534 4586 3634 4640 tri-

2054 4661 2263 4729 lmisse,
2329 4682 2522 4738 nempe
2575 4669 3007 4740 Christopolitas,
3041 4689 3139 4730 seu
3198 4675 3398 4732 Christi
3452 4678 3631 4741 cives;

2059 4754 2166 4810 hoc
2190 4758 2340 4812 enim
2374 4760 2617 4824 nomine.
2649 4778 2760 4831 quo
2791 4764 3084 4835 specialem
3129 4781 3256 4837 erga
3305 4782 3400 4824 eos
3420 4768 3628 4825 Christi

2054 4842 2404 4903 dilectionem
2462 4853 2839 4917 ostentabant,
2894 4855 3161 4925 appellari
3185 4854 3524 4928 gaudebant,
3565 4866 3630 4913 ut

2054 4935 2273 4991 facilius
2335 4940 2702 5010 simpliciores
2739 4943 2795 5000 in
2827 4956 3023 5000 eorum
3062 4958 3280 5004 errores
3337 4948 3626 5017 pertrahe-

2054 5033 2177 5081 rent
2206 5026 2342 5097 (30).
2376 5029 2557 5100 Atque
2592 5033 2844 5089 eamdem
2868 5036 3036 5090 etiam
3062 5037 3133 5091 ob
3178 5050 3404 5094 causam
3440 5053 3630 5095 mona-

2139 5250 2390 5350 EélTaa-
2424 5257 3077 5350 X'vasjsitiuﬁn-
3272 5334 3314 5350 ..
3424 5336 3438 5350 .
3563 5337 3575 5349 .

2136 5323 2228 5393 27)
2260 5322 2841 5408 νισκοΙῙ-Ῥἷωξιιῐθιη
2896 5322 3232 5408 Stephanum
3272 5334 3531 5408 Burgiam
3563 5337 3618 5393 in

2043 5392 2337 5478 αηρειεμι.
2373 5396 2636 5478 agema
2684 5400 2854 5478 γαιισ,
2877 5392 3010 5478 ςςιρῖ
3040 5402 3090 5465 7,
3121 5420 3242 5478 pag.
3271 5406 3360 5478 79.
3387 5392 3618 5478 Zama»)

2042 5464 2206 5586 Cras
2252 5463 2310 5517 In
2364 5468 2509 5521 notis
2559 5470 2626 5523 ad
2670 5485 2796 5542 pag.
2830 5463 2961 5536 m,’
3012 5463 3154 5529 tom:
3189 5463 3229 5542 ἵ,
3283 5463 3616 5535 Monumeth:

2091 5549 2217 5586 τωο.

2091 5549 2217 5588 mc.

2122 5601 2234 5684 (ἓξ)
2267 5602 2511 5684 insignia
2547 5608 2723 5684 itiner.
2753 5608 2886 5684 Ital.
2923 5628 3046 5684 pag.
3077 5616 3199 5678 HO.
3231 5622 3286 5670 et
3322 5629 3475 5684 seqq.

2119 5672 2231 5741 (50>
2264 5672 2503 5752 popsule
2525 5672 2953 5752 adnotationem}
2988 5672 3151 5752 quam
3178 5672 3245 5740 ad
3284 5684 3386 5742 hoc
3400 5672 3616 5742 nomen

2047 5729 2304 5815 apposuit
2334 5729 2576 5813 Tollius,
2600 5729 3188 5823 ῥιὶέῖίξέζῖἰυὶὶίῗϊὲξ
