3970 6536
245 373 326 441 29
1307 423 1313 430 ~
1581 389 1985 451 PROLEGOM
1998 389 2168 450 ENA.
3419 389 3492 449 30

246 497 447 551 sticam
485 493 650 548 vitam
682 493 1104 563 proﬁtebantur,
1139 503 1457 571 tantan‘que
1508 503 1822 557 sanctitatis

246 587 489 655 speciem
514 586 760 641 exterius
789 586 1141 650 simulabant,
1179 599 1237 646 ut
1275 595 1434 664 quasi
1486 596 1667 650 omnis
1697 610 1822 663 per-

246 676 507 731 fectionis
538 676 779 731 cultores
802 675 1137 731 viderentur.
1167 675 1317 735 lianc
1354 699 1543 739 eorum
1582 684 1702 737 vita!
1731 699 1821 736 ra-

248 770 456 822 tionem
513 767 579 821 ad
637 768 820 821 vivum
860 777 916 823 et
974 770 1252 839 eleganter
1284 773 1551 829 describit
1605 778 1822 829 oculata

252 857 416 912 testis
463 856 619 911 Anna
689 857 965 912 Contnena
1033 858 1165 930 (5t),
1207 864 1368 934 cujus
1414 875 1596 923 tamen
1659 868 1822 921 verba

249 949 417 1002 modo
438 949 528 1004 hic
566 949 766 1004 alierre
801 966 905 1005 non
942 962 1122 1008 vacat.
1153 991 1168 1003 .

326 1038 415 1093 IX.
443 1039 839 1108 lnquirendum
867 1050 951 1096 est
972 1045 1154 1113 potius
1194 1048 1467 1114 quomodo
1516 1048 1678 1116 impia
1724 1045 1826 1101 Bo-

249 1134 583 1199 gomilorum
639 1135 893 1202 dogmata
947 1136 1265 1207 Peribleptm
1298 1140 1828 1195 monachosinfece-

250 1225 382 1277 rint.
426 1224 693 1292 Equidem
748 1228 801 1281 in
838 1243 900 1281 ea
925 1244 1047 1284 sum
1086 1231 1378 1293 sententia,
1427 1231 1743 1302 Bogomilos
1770 1232 1826 1287 itt

249 1332 423 1368 unum
449 1317 730 1385 quoddam
789 1320 1073 1390 collegium
1133 1324 1423 1387 coaluisse,
1473 1326 1524 1379 in
1567 1340 1676 1394 quo
1708 1340 1828 1380 mo-

251 1410 528 1463 nastieum
590 1410 717 1465 vitae
787 1412 1100 1469 institutum
1179 1416 1420 1484 profiteri
1477 1418 1824 1475 simularent.

250 1500 489 1555 Causam
525 1519 626 1558 cur
663 1504 738 1557 ita
798 1507 1146 1561 sentiendum
1171 1510 1427 1579 suspicor
1458 1510 1661 1578 praebet
1691 1510 1824 1564 mihi

250 1594 491 1662 primunt
521 1595 1038 1667 Christopolitarum
1081 1616 1298 1665 nomen,
1332 1602 1476 1671 quod
1517 1617 1706 1657 eorum
1735 1618 1828 1657 sn-

252 1684 440 1738 cietati
498 1686 785 1755 fecerunt;
833 1707 896 1744 ac
953 1692 1153 1747 deinde
1195 1695 1365 1748 Anna:
1395 1694 1824 1766 Comueua:(52)

251 1777 524 1842 narratio,
583 1781 879 1838 scribentis
943 1783 1205 1838 Basiliam
1253 1801 1401 1840 novae
1457 1787 1619 1851 huius
1662 1796 1827 1842 sectae

251 1876 539 1922 auctorem
597 1870 886 1927 duodecim
941 1874 1044 1929 sibi
1098 1875 1404 1947 discipulos
1461 1879 1824 1947 adiunxisse,

249 1973 391 2027 quos
413 1968 469 2013 et
492 1963 797 2029 apostolos,
832 1965 896 2018 ad
926 1964 1155 2021 llianetis
1200 1969 1535 2038 exemplum,
1573 1971 1828 2023 nomina-

250 2058 428 2102 verat.
465 2049 544 2104 Ex
569 2053 674 2107 hac
743 2055 889 2110 enim
939 2058 1255 2112 narratione
1290 2061 1476 2113 statim
1509 2060 1658 2114 subit
1705 2062 1825 2130 opi-

248 2143 369 2204 nio,
391 2158 489 2199 eos
514 2160 621 2200 non
654 2161 999 2203 communem
1028 2165 1153 2204 cum
1180 2151 1305 2205 aliis
1339 2151 1623 2206 monachis
1662 2151 1826 2205 vitam

253 2237 459 2307 egisse,
490 2239 585 2292 sed
624 2239 766 2293 inter
799 2256 859 2294 se
891 2248 1107 2295 tantum
1138 2242 1329 2297 iniisse
1359 2245 1676 2298 societatem
1703 2262 1716 2308 ;
1763 2259 1828 2298 eo

256 2330 437 2397 magis
498 2332 646 2399 quod
699 2335 965 2402 quasdam
1004 2338 1165 2390 etiam
1212 2335 1516 2405 discipulus
1559 2337 1627 2391 iis
1657 2336 1828 2392 fuisse

256 2419 535 2478 immistas
571 2424 641 2479 ab
672 2424 862 2480 eadem
916 2426 1067 2482 Anna
1113 2427 1434 2483 allirmatur.
1473 2430 1541 2483 At
1569 2444 1695 2482 vero
1729 2443 1828 2497 pa-

258 2512 464 2568 tefacla
495 2515 712 2569 demum
743 2516 1146 2585 Bogomilorum
1198 2521 1391 2576 haeresi
1434 2536 1497 2574 ac
1529 2521 1828 2592 hypocrisi,

256 2614 313 2661 et
354 2604 579 2672 Basilio,
614 2607 773 2677 jussu
821 2608 996 2664 Alexii
1032 2610 1322 2677 Comneni,
1367 2614 1419 2669 in
1457 2613 1830 2683 llippodromo

256 2699 425 2769 regire
484 2701 636 2755 urbis
680 2711 897 2768 exusto,
953 2703 1117 2774 impia
1148 2705 1263 2760 haec
1297 2707 1534 2762 societas
1564 2707 1831 2762 dissoluta

256 2800 345 2845 est
380 2807 447 2846 ac
468 2792 736 2859 dispersa,
769 2794 1000 2864 ejusque
1033 2813 1248 2853 errores
1282 2799 1548 2855 damnati.
1576 2802 1831 2858 Attamen

257 2884 427 2937 sicuti
448 2884 696 2951 quotidie
724 2888 1017 2942 usuvenire
1035 2890 1432 2959 conspicimus.
1461 2904 1518 2947 ut
1541 2893 1585 2947 si
1613 2896 1834 2964 quando

258 2991 423 3029 error
452 2975 647 3038 aliquis
684 2980 850 3032 menti
881 2979 1185 3049 cujuspiam
1225 2982 1504 3046 insederit,
1537 3000 1641 3039 non
1679 2986 1835 3042 facile

262 3068 487 3122 animus
518 3068 586 3122 ab
616 3084 683 3123 eo
715 3070 1048 3132 retrahitur,
1076 3071 1148 3126 ita
1185 3072 1251 3127 de
1280 3072 1575 3144 Bogomilis
1618 3077 1832 3133 accidit.

260 3155 400 3212 Nam
435 3174 530 3213 sex
575 3169 628 3213 et
659 3159 848 3228 viginti
882 3176 1053 3216 annos
1099 3171 1386 3232 postquam
1420 3179 1607 3218 eorum
1663 3167 1836 3223 haere-

262 3249 347 3304 sis
377 3250 637 3304 damnata
668 3250 867 3317 fuerat,
894 3251 1079 3322 Nipbo
1106 3255 1324 3324 quidam
1353 3257 1659 3312 monachus
1683 3259 1831 3312 illam

263 3355 465 3396 rursus
505 3342 766 3397 innovare
791 3343 904 3412 jam
936 3352 1202 3415 coeperat,
1238 3361 1347 3400 non
1382 3349 1570 3416 paucis
1599 3349 1651 3403 in
1681 3366 1836 3405 suam

231 3497 237 3502 ,
264 3436 597 3489 sententiam
629 3437 939 3506 pertractis.
973 3436 1131 3504 Quod
1180 3455 1303 3493 cum
1330 3440 1569 3495 delatum
1600 3452 1745 3498 esset
1771 3443 1838 3497 ad

263 3521 571 3579 Manuelem
631 3526 966 3580 Comnenum
1001 3565 1019 3592 ,
1058 3527 1232 3581 Alexii
1297 3529 1317 3582 1
1365 3547 1429 3584 ex
1483 3529 1590 3583 ﬁlio
1632 3530 1841 3587 Joanne

266 3623 551 3684 nepotem,
584 3616 675 3685 qui
725 3625 856 3672 tunc
900 3619 1228 3687 imperabat,
1261 3620 1530 3691 synodum
1565 3621 1836 3677 Constan-

264 3706 496 3775 tinopoli
559 3708 676 3777 cogi
735 3708 922 3777 jussit,
955 3716 1013 3763 ut
1039 3707 1310 3779 Niphonis
1337 3724 1500 3763 causa
1535 3710 1840 3765 discutere-

267 3805 383 3852 tur.
421 3796 760 3867 Congregata
787 3814 850 3854 ea
883 3798 1123 3870 synodus
1155 3797 1259 3852 fuit
1297 3814 1441 3853 anno
1480 3799 1632 3860 liii,
1663 3798 1839 3865 pridie

264 3886 399 3942 ldus
428 3884 706 3948 Octobris,
755 3886 809 3940 in
858 3887 1145 3943 'l‘homaite
1192 3903 1286 3942 sou
1336 3887 1682 3958 patriarchali
1745 3887 1843 3941 tri-

267 3978 461 4039 clinio,
517 3976 846 4045 prmsidente
906 3975 1166 4031 Michaele
1194 3976 1353 4032 Oxita
1399 3979 1741 4048 patriarcha,
1777 3995 1840 4034 ac

267 4068 519 4122 Manuelc
573 4068 855 4123 Comueno
904 4068 1256 4138 imperatore,
1315 4071 1675 4140 pluribusque
1723 4072 1842 4139 cpi-

268 4160 455 4226 scopis
493 4167 548 4212 et
599 4158 959 4226 optimatibus
998 4160 1392 4224 assidentibus,
1447 4164 1537 4230 qui
1575 4162 1841 4217 accersito

271 4249 543 4318 Niphone,
591 4257 647 4305 et
696 4250 759 4304 de
814 4250 934 4320 ejus
990 4252 1280 4307 sententiis
1332 4253 1656 4321 perquisito,
1717 4268 1841 4308 cum

268 4342 412 4397 male
436 4358 563 4395 eum
604 4341 660 4395 itt
717 4341 821 4397 fide
875 4342 1077 4398 sentire
1108 4341 1617 4412 deprehendissent,
1647 4344 1699 4397 in
1733 4357 1839 4396 mo-

268 4435 575 4488 nasterium
630 4434 950 4504 Periblepta:
1004 4435 1222 4489 interim
1285 4435 1636 4503 relegandum
1707 4452 1839 4490 cen-

269 4540 451 4588 suere,
486 4535 771 4579 tuonentes
815 4526 1087 4588 abbatem,
1125 4533 1464 4595 czeterosque
1515 4529 1841 4591 monachos,

222 4672 239 4681 δ
271 4618 331 4663 ιιι
355 4626 534 4680 neque
566 4610 670 4678 ipsi
704 4628 826 4666 cum
855 4628 920 4667 eo
963 4613 1428 4681 colloquerentur,
1462 4630 1638 4685 neque
1666 4616 1841 4678 cuiuis

268 4712 421 4756 extra
458 4702 851 4758 monasterium
883 4704 1096 4776 degenti
1137 4704 1203 4759 ad
1231 4722 1354 4760 eum
1393 4705 1576 4760 aditus
1612 4710 1843 4777 permit-

271 4801 468 4848 terent.
502 4795 609 4848 Res
642 4803 820 4849 tamen
858 4812 965 4850 non
995 4798 1161 4851 cessit
1188 4814 1252 4850 ex
1286 4806 1436 4852 voto.
1473 4797 1644 4867 Nipho
1670 4800 1841 4864 enim,

270 4897 488 4954 arrepta
513 4888 823 4953 occasione,
856 4903 977 4942 cum
1001 4889 1332 4958 quibusdam
1366 4887 1689 4961 Peribleptaa
1731 4910 1845 4948 mo-

273 4976 468 5031 nachis
492 4977 752 5046 paulatim
785 4979 951 5047 coepit
1002 4978 1295 5034 instituere
1324 4979 1621 5049 colloquia,
1650 4989 1703 5035 et
1733 4982 1844 5037 ha:-

273 5083 462 5122 rcseos
493 5082 608 5121 sua!
637 5067 788 5121 virus
818 5068 896 5122 eis
926 5069 1261 5138 propinare;
1288 5069 1358 5122 ob
1387 5083 1552 5139 quam
1609 5084 1832 5123 causam

272 5157 521 5226 ejusdem
544 5159 739 5229 synodi
762 5156 971 5223 Patres,
1003 5174 1070 5214 ne
1110 5159 1279 5228 pestis
1312 5158 1401 5213 illa
1444 5160 1838 5213 monachorum

276 5258 491 5306 mentes
527 5253 867 5320 depasceret,
924 5251 1226 5321 Niphonem
1268 5253 1607 5308 monasterio
1662 5261 1845 5308 extra-

275 5353 447 5408 ctum,
471 5357 536 5397 ac
557 5346 682 5413 igne
714 5350 768 5398 et
791 5359 931 5414 aqua
954 5344 1308 5400 interdictum
1334 5346 1547 5416 longius
1595 5347 1847 5402 exsulare

347 5521 462 5657 (ειζ
498 5522 741 5577 Alexiad.
780 5522 873 5577 lib.
896 5539 982 5585 av,
1018 5538 1141 5594 pag.
1172 5522 1296 5578 486.

351 5594 439 5657 βε
499 5591 669 5654 lbid.,
709 5607 828 5657 pag,
853 5594 978 5648 847.

351 5591 462 5657 βξ)
499 5591 669 5654 tum,
709 5607 828 5661 pag,
853 5594 978 5648 847.

347 5662 565 5736 (5519c
588 5663 817 5731 utriusq.
854 5663 1057 5719 Eccles.
1085 5680 1322 5720 comem.
1346 5663 1440 5720 lib.
1508 5681 1565 5729 ιι,
1596 5678 1717 5736 cap.
1757 5664 1840 5726 12,

280 5746 399 5801 pag.
428 5730 554 5801 680,
571 5742 627 5787 et
648 5730 801 5801 seqq.

347 5800 456 5872 (ii)
488 5801 611 5858 Vid.
636 5801 846 5858 Annam
865 5804 1056 5861 Coum.
1082 5803 1324 5862 Alexiad.
1343 5805 1437 5863 lib.
1460 5822 1546 5871 xv,
1573 5819 1695 5876 pag.
1714 5804 1840 5862 487.

1923 512 2238 572 coegerunt.
2286 499 2586 568 Utrumque
2611 497 2873 570 synodale
2898 498 3200 559 decretum,
3233 511 3342 564 quo
3374 495 3489 550 haec

1924 604 2041 649 acta
2076 593 2488 660 constitutaque
2515 590 2760 654 fuerunt,
2785 590 2975 645 Graece
3002 597 3057 643 et
3086 587 3279 642 Latine
3323 588 3494 641 edidit

1924 685 2034 740 Leo
2074 686 2307 740 Allatius
2334 686 2468 755 (53).
2493 683 2857 749 Quamobrem
2897 696 3004 735 non
3054 680 3211 741 male,
3251 686 3307 731 ut
3338 679 3489 732 arbi-

1925 787 2062 843 tror,
2095 777 2369 847 conjicere
2397 776 2519 845 quis
2549 775 2769 845 poterit,
2791 784 2902 828 tum
2931 773 3163 843 primum
3193 788 3257 825 ex
3288 770 3492 838 Nipbo-

1926 871 2013 927 nis
2068 868 2469 924 consuetudine
2509 866 2778 936 quosdam
2829 865 3157 933 Peribleptar
3193 863 3494 916 monachos

1926 962 2330 1032 Bogomilorum
2361 975 2578 1016 errores
2603 960 2770 1015 fuisse
2800 966 3102 1026 amplexos.

1994 1055 2062 1111 X.
2094 1054 2342 1121 Quanam
2366 1068 2496 1109 vero
2527 1051 2740 1106 ratione
2765 1049 3094 1121 Euthymius
3135 1049 3332 1102 horum
3376 1061 3493 1099 mo-

1928 1147 2225 1202 nachorum
2251 1145 2574 1215 pravitatem
2618 1142 2912 1203 detexerit,
2938 1155 3242 1208 eorumque
3297 1138 3497 1193 delira-

1928 1245 2111 1292 menta
2159 1236 2438 1293 didicerit.
2472 1235 2585 1302 ipse
2630 1233 2683 1291 in
2732 1232 2837 1286 hoc
2863 1230 3051 1284 libello
3084 1230 3303 1296 longius
3325 1243 3494 1282 enar-

1931 1330 2159 1382 randum
2233 1326 2567 1397 aggreditur.
2621 1325 2797 1391 Atque
2859 1323 2949 1378 hic
3015 1321 3246 1376 adnotes
3312 1319 3497 1381 velim,

1927 1418 2305 1490 Euthymium,
2369 1425 2429 1471 ut
2471 1415 2668 1471 melius
2717 1429 2832 1470 rem
2890 1422 3059 1468 totam
3112 1418 3494 1482 cognosceret,

1928 1511 2198 1566 imitatum
2233 1510 2401 1565 fuisse
2425 1508 2674 1565 Alexium
2715 1507 3077 1572 Comnenum,
3112 1504 3207 1575 qui
3239 1502 3496 1557 Basilium

1928 1605 2158 1661 Comiter
2186 1604 2241 1658 in
2284 1603 2484 1673 palatio
2520 1602 2733 1674 excepit
2758 1601 3025 1657 simulans
3051 1598 3205 1654 cordi
3237 1596 3339 1652 sibi
3373 1609 3499 1650 esse

1929 1696 2044 1767 ejus
2071 1696 2327 1767 dogmata
2375 1692 2639 1758 ediscere,
2699 1701 2760 1745 ut
2801 1691 2893 1745 ille
2926 1688 3226 1758 impietatis
3255 1700 3368 1740 sua:
3402 1699 3497 1738 ve-

1932 1803 2132 1844 nenum
2178 1785 2547 1842 confidentius
2595 1791 2873 1840 evomeret
2909 1782 3046 1851 (54).
3096 1780 3270 1834 Porro
3306 1777 3499 1845 praci-

1931 1897 2099 1952 puum
2133 1880 2536 1949 Bogomilorum
2583 1878 2779 1948 dogma
2817 1884 2990 1930 totum
3045 1890 3110 1929 ex
3148 1871 3379 1926 bianctis
3404 1870 3501 1921 do—

1930 1974 2107 2028 ctrina
2133 1973 2480 2041 desumptum
2511 1978 2664 2033 erat;
2696 1969 2803 2021 duo
2837 1966 2978 2021 enim
3034 1964 3327 2035 principia,
3360 1975 3498 2028 quo-

1931 2080 2050 2120 rum
2083 2080 2248 2120 unum
2285 2070 2435 2118 esset
2489 2063 2717 2124 bonum,
2771 2059 3003 2113 alterum
3036 2055 3257 2119 malum,
3291 2062 3504 2107 astrue-

1931 2158 2086 2215 bant.
2118 2155 2451 2224 Principium
2497 2153 2701 2208 malum
2750 2150 2840 2205 Dei
2880 2149 3100 2204 nomine
3141 2146 3501 2206 decorabant,

1933 2265 1998 2304 ac
2020 2248 2221 2302 divinis
2256 2245 2611 2315 percolebant
2642 2226 2962 2306 honoribus,
3006 2248 3064 2293 ut
3093 2238 3146 2292 in
3182 2238 3283 2291 hoc
3320 2235 3504 2290 libello

1932 2341 2111 2396 innuit
2144 2338 2486 2409 Euthymius,
2515 2352 2579 2392 ac
2604 2335 2939 2389 luculentius
2969 2331 3203 2386 allirtnat
3230 2330 3283 2381 iu
3315 2328 3496 2381 Pano-

1932 2429 2042 2499 plia
2092 2429 2227 2493 (55).
2292 2426 2382 2481 ubi
2423 2424 2601 2492 inquit
2654 2422 2964 2492 Bogomilos
3023 2418 3313 2471 dwmonem
3363 2413 3504 2468 Filio

1939 2520 2108 2575 Verbo
2179 2529 2310 2571 natu
2368 2516 2667 2579 maiorem,
2720 2515 3266 2583 prwstantioremque,
3324 2517 3507 2575 utpote

1936 2611 2388 2681 Pn'mogenitum,
2438 2608 2763 2663 credidisse.
2805 2606 3048 2676 Insurgit
3091 2605 3178 2659 hic
3236 2602 3505 2658 adversus

1934 2703 2287 2774 Euthymium
2345 2699 2715 2755 Beausobrius
2778 2699 2832 2752 in
2885 2713 3007 2758 sua,
3060 2712 3224 2767 quam
3275 2694 3508 2763 digessn

1937 2793 2364 2849 Manicbmorum
2395 2791 2625 2845 historia
2662 2789 2798 2859 ('56),
2851 2788 3124 2857 nimisque
3163 2786 3510 2856 impudenter

1937 2885 2160 2947 asserit,
2188 2898 2312 2936 eum
2344 2881 2470 2935 dolo
2498 2880 2641 2934 malo
2682 2887 2887 2933 tantam
2916 2878 3218 2948 Bogomilis
3262 2875 3511 2944 impieta-

1942 2986 2051 3034 tem
2109 2960 2388 3031 tribuisse.
2443 2970 2655 3027 Nemini
2701 2973 2868 3035 enim,
2900 2979 2961 3025 ut
3013 2971 3128 3041 ipse
3171 2968 3372 3038 inquit,
3404 2966 3510 3020 erit

1940 3083 2288 3139 persuasum,
2337 3065 2709 3121 Christianam
2775 3071 3015 3127 sectam,
3062 3077 3185 3132 qua:
3243 3059 3395 3115 cruci
3457 3067 3511 3112 et

1940 3161 2270 3227 imaginibus
2302 3173 2519 3211 omnem
2562 3156 2768 3211 cultum
2805 3165 3067 3225 praestare
3089 3153 3372 3215 renuebat,
3407 3149 3511 3205 Sa-

1939 3263 2119 3306 tanam
2176 3249 2358 3304 Verbo
2412 3250 2843 3318 prmStantiorem
2900 3247 3219 3301 credidisse.
3278 3246 3347 3297 At
3383 3257 3513 3296 vero

1941 3350 2115 3395 totum
2158 3338 2474 3394 Beausobrii
2504 3337 2787 3407 sophisma
2824 3336 3056 3399 corruit,
3087 3336 3134 3391 si
3165 3336 3513 3390 advertamus

1941 3432 2294 3497 Manicbaans,
2325 3444 2557 3499 quorum
2588 3443 2809 3495 germen
2845 3437 3002 3482 erant
3028 3427 3313 3497 Bogumili,
3337 3425 3512 3487 cruci,

1942 3522 2209 3587 Deiparae,
2260 3529 2313 3574 ct
2367 3517 2698 3590 imaginibus
2748 3516 2959 3570 cultum
3013 3515 3135 3594 ideo
3183 3516 3511 3584 denegasse,

1940 3614 2069 3682 quia
2124 3614 2277 3667 illum
2332 3621 2593 3685 tanquam
2640 3608 3008 3665 idololatriam
3066 3609 3233 3677 impie
3283 3623 3513 3675 respue-

1943 3708 2090 3760 baut.
2146 3705 2358 3761 Etenim
2416 3703 2685 3773 sacrilega
2746 3703 2863 3758 haec
2911 3711 3065 3758 secta
3122 3701 3397 3754 Christum
3447 3713 3514 3752 ex

1944 3795 2109 3849 Maria
2141 3794 2363 3864 Virgine
2394 3809 2495 3847 nec
2527 3784 2696 3863 gigni,
2739 3807 2847 3851 nec,
2873 3792 3025 3846 nasci
3069 3792 3316 3861 potuisse
3373 3787 3518 3842 allii.-

1943 3887 2144 3951 mabat,
2188 3887 2315 3954 quia
2355 3886 2399 3938 si
2437 3900 2563 3937 vere
2584 3885 2824 3954 genitus,
2854 3892 3128 3950 natusque
3156 3883 3372 3943 fuisset,
3400 3896 3510 3933 non

1942 3975 2046 4029 nisi
2080 3990 2175 4044 per
2195 3973 2410 4028 Satanae
2443 3973 2660 4026 vincula
2697 3972 2849 4026 carni
2882 3972 3077 4042 illigari
3108 3971 3398 4039 potuisset.
3434 3969 3516 4023 Ex

1943 4058 2268 4134 quoeodem
2326 4062 2601 4133 principio
2663 4060 2981 4115 statuebant
3031 4074 3267 4129 quoque,
3311 4058 3516 4111 Christi

1945 4162 2177 4207 mortem
2215 4169 2321 4207 non
2356 4166 2564 4216 veram,
2617 4150 2713 4205 sed
2784 4150 3058 4213 fallacem,
3091 4159 3145 4202 ct
3202 4149 3515 4202 simulatam

1950 4247 2141 4301 fuisse.
2170 4244 2332 4298 Plura
2368 4245 2508 4298 hanc
2553 4245 2605 4296 itt
2660 4259 2774 4296 rem
2808 4243 3087 4311 congessit
3118 4254 3308 4297 com‘ra
3346 4240 3518 4292 Beati.-

1948 4339 2193 4393 sobriunt
2240 4339 2418 4406 ipsum
2472 4337 2523 4389 in
2574 4335 2878 4404 Alphabeto
2932 4336 3203 4388 Tibetano
3242 4334 3325 4387 vir
3360 4334 3526 4400 longe

1947 4430 2303 4487 doctissimus
2343 4429 2687 4499 Augustinus
2735 4428 3009 4482 Antonius
3060 4426 3328 4496 Georgius
3378 4424 3524 4492 (37).

1948 4525 2023 4578 Ex
2072 4522 2159 4577 his
2189 4531 2372 4576 autem
2436 4521 2596 4574 facile
2655 4519 2890 4589 quisque
2937 4517 3226 4587 intelligit,
3287 4518 3529 4587 pseudo‘

1946 4613 2303 4668 christianam
2329 4611 2473 4663 illam
2495 4617 2698 4663 sectam
2725 4622 2824 4661 nec
2842 4605 3150 4674 Deiparam,
3174 4621 3274 4660 nec
3295 4619 3528 4659 cruceuc

1948 4704 2198 4759 vcuerari
2226 4703 2336 4757 ullo
2365 4701 2527 4755 modo
2554 4698 2837 4758 debuisse.
2887 4699 3016 4768 quia
3046 4697 3304 4751 Christus
3338 4711 3436 4749 nec
3464 4695 3523 4747 in

1950 4797 2172 4868 Virgine
2200 4812 2421 4850 carnem
2501 4801 2842 4863 susceperat.
2896 4807 2998 4845 nec
3039 4791 3093 4845 in
3127 4791 3315 4845 crucis
3370 4790 3521 4858 ligno

1945 4905 2075 4945 vere
2102 4888 2332 4943 obierat.
2370 4887 2608 4956 ldipsum
2655 4884 2967 4940 sentiebant
2997 4884 3160 4937 etiam
3205 4883 3272 4936 de
3311 4882 3525 4935 sanctis

1947 4997 2070 5036 cum
2102 4980 2322 5036 Christo
2346 4979 2397 5032 in
2430 4979 2586 5033 caelis
2618 4977 2996 5048 regnantibus,
3033 4989 3172 5044 quos
3223 4975 3349 5027 item
3399 4984 3534 5026 Ian~

1953 5090 2115 5144 quam
2155 5072 2569 5127 idololatrarum
2606 5071 2823 5124 iuventa
2856 5068 3271 5123 aversabantur.
3317 5064 3533 5118 Contra

1951 5181 2082 5221 vero
2107 5163 2229 5234 quis
2255 5178 2361 5217 non
2391 5161 2558 5227 videt,
2583 5161 2707 5214 ideo
2738 5168 2944 5213 tantam
2976 5176 3102 5230 erga
3134 5156 3392 5211 Satanam
3426 5154 3533 5206 ha-r

1951 5258 2139 5313 buisse
2161 5254 2550 5319 reverentiam,
2578 5251 2722 5322 quod
2749 5252 2795 5307 is
2828 5262 3083 5321 tanquam
3117 5248 3256 5303 Deus
3295 5246 3526 5301 habitus

1954 5353 2097 5422 apud
2129 5348 2252 5403 illos
2279 5345 2465 5410 fuerit,
2512 5353 2779 5414 tantaque
2832 5342 3090 5412 praeditus
3139 5338 3404 5412 potentia,
3462 5349 3533 5394 ut

2028 5523 2140 5591 (55)
2164 5522 2331 5577 Titul.
2362 5540 2518 5578 χχιιι.
2548 5523 2573 5593 §
2598 5524 2651 5577 6.
2746 5562 2754 5593 ς

2019 5588 2127 5679 (ξιξ)
2146 5588 2628 5679 Histoire-critique
2646 5594 2709 5648 de
2736 5590 3028 5656 Manicliée,
3055 5596 3157 5646 rtc.
3186 5588 3281 5656 lib,
3298 5604 3378 5653 ut,
3399 5601 3453 5642 Lf
3465 5599 3539 5658 po

1948 5664 2003 5725 δ’
2020 5664 2289 5804 (ἓξ›¹ἰξ’ἓέ.
2308 5664 2446 5795 ἒῗῆ
2469 5731 2596 5787 eos.
