3970 6550
441 360 507 426 31
1774 396 2370 471 PROLEGOMENA.
3635 432 3708 497 3?.

440 482 615 538 cidem
643 488 831 543 mundi
863 491 1028 562 hujus
1056 497 1359 570 Opiﬁcfum,
1388 503 1743 581 hominisque
1780 515 2021 570 creatioo

446 589 567 628 nem
605 578 943 639 tribuerint?
971 587 1201 658 Negavit
1233 605 1384 653 certe
1445 578 1678 660 callidus
1742 606 2019 664 Calvinia-

442 676 566 727 nus,
621 664 942 728 Manicbaaos
996 693 1230 747 unquam
1295 687 1598 758 principem
1666 698 2016 755 tenebrarum

439 751 534 807 Dei
566 758 786 815 nomine
817 761 1134 831 honorasse.
1195 782 1252 828 at
1296 751 1473 846 quam
1522 783 1799 843 immerito
1841 789 1892 845 id
1936 790 2017 847 fe-

439 845 597 910 cerit,
632 848 883 908 laudatus
914 856 1183 933 Georgius
1221 845 1338 938 (38),
1365 874 1501 929 satis
1534 876 1777 934 edocuit.

508 934 601 993 XI.
634 939 861 1001 PraeSIat
908 954 1069 1008 modo
1104 934 1435 1031 praieipuum
1491 967 1805 1030 Beausobrii
1851 994 2015 1050 argn-

436 1040 679 1086 mentum
710 1050 1003 1112 exponere,
1040 1063 1149 1116 quo
1185 1053 1379 1110 nititur
1408 1060 1808 1130 demonstrare.
1845 1070 2017 1143 Bago-

437 1119 595 1143 ..-£l.._
628 1124 685 1143 JH
781 1128 815 1143 η
1070 1138 1109 1143 ““

434 1119 598 1177 tnilos
619 1124 747 1181 dum
781 1128 1036 1190 Satanam
1070 1138 1246 1198 Verbo
1278 1158 1406 1203 natu
1440 1156 1701 1221 majorem
1740 1119 2011 1231 tlixertiiit,

430 1220 580 1268 recte
618 1215 674 1271 in
709 1218 815 1276 fide
843 1229 1100 1295 sensisse,
1150 1215 1613 1316 Eutbyiniumque
1672 1250 1839 1321 hujus
1888 1215 2016 1310 seu:

434 1306 624 1362 tentia:
657 1324 878 1370 sensum
935 1334 1000 1374 ex
1052 1306 1316 1384 industria
1359 1306 1840 1408 perveitissefut
1889 1345 2015 1404 inde

429 1401 637 1457 tantam
666 1401 932 1465 adversus
967 1427 1065 1469 eos
1108 1401 1441 1479 calumniam
1487 1432 1845 1502 confingeret.
1885 1437 2017 1494 Duae

430 1504 583 1560 sunt,
613 1496 812 1570 inquit,
857 1511 1163 1576 sententiae,
1206 1516 1354 1587 quas
1398 1523 1565 1594 aliqui
1612 1538 1824 1587 veteres
1875 1534 2012 1589 scri-

431 1590 618 1651 ptores
662 1593 915 1652 catholici
947 1605 1121 1659 secuti
1160 1620 1333 1678 sunt;
1378 1615 1550 1682 prima
1601 1621 1813 1677 scilicet
1867 1626 2011 1694 quod

433 1673 570 1694 Jb,”
734 1684 772 1694 _,
841 1687 852 1694 ,
1022 1693 1031 1694 ,

428 1673 673 1778 divinum
734 1684 965 1743 Verbum
1019 1673 1390 1766 hypostasint'
1427 1673 2011 1778 propriam-habilem;

429 1767 666 1834 primum
699 1787 728 1826 a
768 1782 954 1836 mundi
981 1791 1261 1847 creatione
1291 1833 1306 1857 ,
1353 1767 1555 1867 altera;
1597 1804 1741 1873 quod
1773 1804 2004 1864 Satanas

426 1867 481 1911 et
528 1864 702 1933 angeli
755 1871 1005 1936 pluribus
1046 1889 1173 1936 ante
1213 1889 1471 1942 mundum
1529 1864 1678 1949 hunc
1726 1898 1997 1955 visibilem

426 1952 644 2007 saeculis
676 1961 1009 2020 exstiterint.
1044 1968 1235 2042 Itaque
1271 1991 1394 2032 cum
1415 1978 1709 2051 Bogomilis
1734 1990 2000 2065 placuerit

426 2042 677 2065 ,Μημη
724 2064 730 2065 ί
926 2058 935 2065 .

423 2042 739 2112 angelorum
770 2058 1100 2114 creationem
1122 2073 1249 2121 ante
1272 2073 1536 2129 mundum
1563 2085 1827 2145 statuere,
1846 2064 2001 2139 cum-

425 2135 812 2237 que.Vcrbum
865 2148 1110 2209 divinum
1155 2159 1210 2212 in
1261 2166 1448 2219 mundi
1492 2135 1999 2247 creationeﬁbvpo.

424 2225 617 2333 stasim
665 2236 937 2302 propriam
971 2240 1174 2301 habere
1198 2256 1429 2320 coeperit
1455 2297 1470 2320 ,
1512 2258 1640 2315 inde
1670 2225 1948 2321 concludit
1976 2308 1992 2333 ,

417 2314 563 2416 quod
596 2318 712 2374 sine
742 2327 934 2382 ba:resi
970 2330 1007 2384 ii
1044 2314 1317 2395 allirmare
1368 2314 1701 2416 potuerunt,
1734 2314 1991 2412 Satanam

420 2401 596 2462 Verbo
645 2422 774 2467 natu
816 2417 1081 2488 majorem
1116 2441 1259 2485 esse.
1309 2431 1428 2489 Hoc
1463 2445 1644 2495 tamen
1690 2444 1993 2504 Calviuiani

416 2494 655 2556 hominis
694 2503 1150 2582 deliramentum,
1185 2522 1331 2589 quod
1385 2527 1561 2594 prima
1624 2530 1801 2590 fronte
1850 2538 1988 2593 sim-

414 2587 736 2654 plicioribus
762 2596 999 2657 fortasse
1029 2587 1213 2674 posset
1252 2587 1437 2670 fucum
1471 2618 1648 2678 facere
1675 2663 1689 2686 ,
1740 2626 1783 2680 si
1827 2630 1993 2699 paulo

414 2686 837 2753 perpendamus,
869 2695 1075 2753 nullius
1112 2716 1342 2769 prorsus
1381 2722 1465 2767 est
1504 2714 1738 2772 roboris.
1774 2686 1950 2792 Atque
1972 2763 1989 2790 ,

1850 2773 1947 2792 τη
1972 2773 1989 2790 ι

414 2779 473 2822 ut
502 2773 570 2828 ab
595 2791 661 2831 eo
693 2784 969 2851 exordiar,
1008 2791 1153 2857 quod
1184 2796 1393 2868 absque
1423 2803 1530 2858 ulla
1581 2809 1860 2879 religionis
1901 2813 1989 2870 in-

409 2866 557 2935 juria
593 2874 852 2933 allirmari
884 2895 1094 2952 posset,
1127 2894 1352 2961 angelos
1369 2914 1572 2971 nempe
1590 2906 1839 2973 pluribus
1862 2922 1990 2967 ante

412 2962 672 3018 inttndum
707 2967 851 3025 hunc
884 2973 1152 3033 visibilem
1184 2987 1397 3043 steeulis
1439 2962 1612 3048 fuisse
1648 3008 1864 3055 creatos
1887 3042 1900 3065 ,
1935 3002 1984 3057 ei

412 3052 555 3106 ultro
591 3061 911 3119 concedam.
942 3066 1098 3132 Quod
1135 3090 1261 3129 vero
1295 3080 1361 3133 ad
1396 3082 1622 3139 alteram
1650 3093 1981 3149 sententiam

409 3147 627 3215 attinet,
664 3169 828 3223 quam
861 3175 959 3227 pro
989 3167 1263 3225 catholica
1296 3175 1637 3234 conﬁdenter
1687 3182 1935 3241 obtrudit
1967 3228 1983 3254 ,

408 3241 707 3296 notandum
740 3256 823 3302 est
860 3265 957 3319 per
991 3263 1206 3314 veteres
1238 3260 1361 3319 illos
1410 3268 1707 3337 scriptores
1753 3275 1986 3332 catholi-

408 3343 506 3385 cos
563 3331 856 3394 Tatianum
915 3347 1257 3414 potissimum
1305 3362 1359 3410 et
1395 3331 1793 3433 Athenagoram
1835 3367 1984 3424 desi-

405 3437 575 3489 gnare
622 3431 862 3490 voluisse
891 3477 905 3499 ,
951 3443 1109 3509 quasi
1166 3461 1357 3502 eorum
1419 3449 1584 3509 fuerit
1635 3457 1823 3527 opinio
1854 3501 1869 3525 ,
1924 3471 1983 3517 ut

404 3517 639 3575 credidit
662 3525 829 3580 etiam
865 3527 1121 3590 Petavius
1154 3535 1289 3608 (59),
1322 3539 1555 3598 Verbum
1585 3517 1834 3604 divinum
1857 3517 1975 3609 non

401 3622 529 3668 ante
557 3618 743 3673 mundi
774 3625 1109 3682 creationem
1157 3636 1430 3703 propriam
1482 3640 1817 3711 bypostasim
1878 3647 1978 3704 ha-

404 3704 607 3765 buisse.
641 3713 749 3776 At,
782 3714 911 3795 licet
957 3720 1249 3781 obscurius
1296 3738 1509 3787 veteres
1559 3733 1611 3788 hi
1671 3735 1862 3795 Patres
1913 3741 1981 3796 de

405 3794 565 3854 Verbi
591 3807 939 3871 generatione
964 3812 1129 3868 locuti
1146 3817 1277 3882 sint,
1303 3836 1583 3893 nunquam
1604 3834 1784 3884 tamen
1814 3833 1981 3902 quid«

399 3905 562 3959 quam
593 3893 849 3953 dixerunt
877 3939 893 3963 ,
924 3905 1069 3972 quod
1097 3907 1215 3977 ejus
1244 3911 1517 3970 divinitati
1546 3956 1562 3981 ,
1602 3920 1892 3977 aeternitati
1925 3933 1979 3979 et

402 3987 779 4050 personalitati
837 3996 1010 4061 possit
1059 3998 1296 4058 oiiieere.
1348 4005 1428 4061 Ac
1469 4022 1655 4063 revera
1706 4014 1853 4081 quod
1909 4016 1977 4070 ad

398 4070 686 4132 Tatianum
724 4083 977 4150 pertinet,
1010 4088 1086 4142 ait
1114 4105 1268 4155 sane,
1321 4093 1374 4148 in
1426 4098 1698 4169 principio
1737 4101 1975 4162 Verbum

398 4164 568 4222 fuisse
601 4167 655 4224 in
685 4169 843 4228 Patre
869 4215 884 4241 ,
919 4179 1107 4249 utique
1138 4195 1195 4238 ut
1245 4185 1298 4238 in
1332 4202 1563 4255 persona
1604 4195 1977 4252 consubstan-

397 4258 535 4325 tiali,
567 4276 690 4318 cum
718 4282 829 4336 quo
855 4272 1037 4324 omnia
1069 4277 1454 4346 sustentabat;
1484 4282 1686 4351 quibus
1712 4285 1765 4340 in
1793 4290 1975 4346 verbis

397 4354 690 4413 manifesto
713 4358 830 4427 ejus
847 4362 1185 4421 divinitatem
1211 4377 1374 4438 atque
1395 4376 1759 4431 mternitatem
1787 4389 1979 4436 osten-

393 4444 490 4498 dit.
526 4443 659 4501 Dum
697 4463 826 4504 vero
856 4453 1046 4518 addit,
1075 4456 1219 4525 quod
1255 4458 1488 4515 Verbum
1530 4477 1596 4518 ex
1645 4465 1808 4524 Patre
1851 4488 1977 4542 pro-

391 4534 555 4591 (lierit
580 4542 799 4608 quando
854 4546 923 4598 ad
976 4549 1164 4603 mundi
1215 4551 1553 4608 creationem
1602 4571 1970 4628 progressum

389 4638 498 4695 est,
530 4631 805 4706 intelligit,
846 4640 992 4708 quod
1031 4642 1171 4700 Deus
1204 4660 1298 4715 per
1332 4646 1530 4703 Filium
1583 4655 1843 4710 omnibus
1873 4675 1972 4728 pa-

392 4726 562 4781 ternis
595 4728 732 4784 ideis
751 4732 1096 4798 etﬁattributis
1123 4737 1453 4794 instructum
1476 4747 1656 4799 omnia
1681 4753 1969 4809 creaverit.

391 4816 471 4871 Ac
499 4820 754 4886 quamvis
791 4821 934 4877 inter
979 4825 1138 4881 Verbi
1190 4834 1627 4900 progressionem
1677 4854 1971 4913 rerumque

350 4898 357 4903 ’
387 4909 721 4964 creationem
752 4916 1117 4970 necessariam
1146 4931 1308 4988 ponat
1338 4926 1757 4995 conuexiouem,
1783 4941 1965 4990 tamen

382 4997 539 5062 juxta
563 5001 813 5057 eumdem
850 5002 1141 5061 Tatianum
1201 5011 1272 5064 ita
1328 5013 1562 5069 Verbum
1610 5035 1640 5073 a
1689 5021 1850 5077 Patre
1909 5027 1964 5080 in

386 5105 565 5146 rerum
592 5095 872 5150 creatione
894 5112 1241 5168 progressum
1264 5112 1372 5168 est,
1396 5116 1454 5160 ut
1477 5107 1543 5163 ab
1565 5126 1630 5164 eo
1652 5112 1962 5172 abscissum

384 5191 439 5234 et
460 5193 771 5252 separatqu
798 5202 905 5242 non
936 5188 1122 5256 fuerit,
1155 5195 1282 5263 quia
1308 5195 1350 5250 si
1378 5197 1684 5256 abscissum
1740 5204 1959 5277 fuisset,

383 5273 543 5330 Pater
566 5277 760 5347 ἄλογος
794 5279 956 5338 foret.
999 5283 1190 5356 Itaque
1224 5287 1362 5344 falso
1403 5295 1627 5351 omnino
1669 5273 1959 5368 asseritur,

384 5364 674 5421 Tatianum
708 5372 976 5441 sensisse,
1023 5376 1268 5433 divinum
1322 5379 1558 5440 Verbum
1620 5389 1959 5461 bypostasim

384 5461 658 5528 propriam
687 5461 945 5521 habuisse
1002 5468 1057 5524 in
1101 5472 1290 5529 mundi
1344 5479 1669 5536 creatione:
1722 5499 1845 5538 nam
1906 5487 1973 5553 id,

599 5686 1082 5776 aliugirecritfgue
1107 5694 1169 5750 de
1192 5695 1468 5776 Manichée
1493 5701 1590 5758 lib.
1616 5717 1697 5771 ιιι,
1724 5717 1848 5776 pag.
1875 5704 1965 5761 25.

454 5758 565 5838 (ait)
598 5757 671 5838 De
713 5759 918 5838 Τνὶηἱρἑ
945 5757 1039 5819 lib.
1069 5780 1107 5834 ι,
1132 5780 1265 5838 cap.
1296 5768 1354 5825 3.

456 5828 569 5900 till)
603 5830 809 5895 Qua'st.
853 5833 942 5887 (ίὸ.

2127 528 2340 579 tantum
2379 529 2579 586 astruit
2604 574 2619 599 ,
2654 531 2894 590 Verbum
2927 538 3081 603 illud,
3117 543 3260 611 quod
3295 544 3363 600 ab
3394 558 3600 604 aeterno
3653 553 3706 606 in

2124 614 2284 673 Patre
2316 623 2499 677 omnia
2528 630 2877 685 sustentabat
2907 677 2922 698 ,
2965 641 3078 688 tum
3115 635 3169 690 in
3207 654 3388 693 rerum
3424 645 3707 700 creatione

2121 725 2184 763 ex
2220 709 2379 768 Patre
2403 717 2696 785 prodiisse,
2724 721 2851 789 quia
2875 726 3056 780 omnia
3081 728 3364 799 peripsum
3390 731 3529 788 facta
3550 749 3704 792 sunt.

2123 798 2324 856 Eadem
2359 803 2469 862 fere
2505 814 2718 866 ratione
2744 812 3126 885 Athenagoras
3175 798 3393 890 quoque
3439 828 3504 880 de
3540 827 3704 883 Verbi

2121 891 2408 952 divinitate
2458 898 2734 956 disseruit.
2775 904 2917 960 Dicit
2963 908 3107 962 enim
3148 912 3293 980 quod
3346 911 3525 981 Deus,
3577 933 3703 970 eum

2120 985 2189 1038 sit
2220 1000 2371 1041 mens
2404 999 2629 1060 :etcrna,
2662 990 2853 1050 habuit
2886 999 2951 1051 ab
2978 1010 3185 1056 aeterno
3227 1004 3280 1057 in
3337 1006 3521 1075 scipso
3566 1006 3703 1061 Ver-

2120 1075 2272 1142 bum,
2316 1089 2503 1149 utpote
2545 1084 2612 1137 ab
2653 1094 2861 1141 aeterno
2912 1092 3239 1148 rationalis:
3291 1101 3345 1149 et
3392 1078 3556 1163 quod'
3595 1099 3702 1155 hoc

2120 1167 2355 1225 Verbum
2392 1177 2687 1247 prodierit,
2745 1190 2804 1233 ut
2846 1184 3092 1238 omnium
3140 1196 3454 1242 creatarum
3510 1206 3701 1246 rerum

2118 1255 2261 1321 idea,
2294 1269 2347 1313 et
2376 1264 2625 1330 operatio
2654 1269 2968 1325 exsisteret.
2992 1273 3224 1329 Constat
3247 1285 3429 1332 autem
3460 1280 3706 1338 voluisse

2115 1350 2519 1421 Athenagoram
2554 1358 2707 1415 hisce
2737 1360 2790 1415 in
2846 1364 3024 1419 verbis
3068 1367 3172 1444 hoc
3217 1368 3392 1424 solum
3437 1370 3636 1428 docere
3684 1415 3702 1439 ,

2116 1458 2213 1511 per
2258 1442 2495 1502 Verbum
2548 1466 2637 1507 res
2694 1469 2888 1511 omnes
2940 1442 3153 1515 creatas
3206 1476 3372 1529 esse,
3435 1468 3701 1535 quoniam

2114 1533 2285 1594 Filius
2313 1540 2497 1611 aliquo
2529 1545 2691 1599 modo
2738 1546 2844 1604 dici
2877 1557 3055 1617 potest
3107 1551 3200 1607 Dei
3255 1556 3395 1611 ratio
3425 1533 3466 1620 ,—
3496 1576 3653 1617 mens
3682 1600 3701 1626 ,

2114 1633 2380 1699 sapientia
2406 1675 2421 1700 ,
2450 1645 2504 1691 et
2535 1642 2817 1707 operativa
2875 1645 3116 1712 potentia
3140 1685 3156 1709 ,
3192 1662 3315 1717 qua:
3364 1652 3599 1721 primum
3636 1654 3696 1710 in

2116 1735 2296 1777 rerum
2328 1730 2605 1785 creatione
2642 1733 2884 1790 exterius
2919 1737 3143 1806 prodiit.
3173 1739 3323 1797 Hanc
3359 1747 3694 1801 sententiam

2110 1814 2364 1880 probavit
2389 1834 2612 1890 quoque
2646 1821 2703 1877 S.
2736 1825 3102 1897 Augustinus,
3130 1831 3222 1885 tibi
3275 1833 3407 1887 illud
3452 1833 3696 1892 Joannis

2112 1903 2176 1959 In
2201 1909 2457 1973 principio
2492 1926 2607 1967 erat
2651 1915 2874 1971 Verbum
2904 1935 3216 1990 exponens:
3247 1923 3361 1980 Hoc
3394 1926 3508 1981 loco
3536 1971 3550 1993 ,
3606 1930 3696 1984 in-

2109 2000 2227 2066 quit
2255 2000 2390 2070 (40),
2424 2005 2614 2060 melius
2653 2006 2877 2064 Verbum
2903 2012 3314 2082 interpretamur
3337 2058 3352 2081 ,
3389 2030 3445 2072 ut
3474 2021 3689 2091 signiﬁ-

2105 2101 2251 2143 cetur
2278 2110 2378 2147 non
2415 2097 2586 2151 solum
2618 2099 2691 2153 ad
2717 2101 2934 2158 Patrem
2967 2118 3231 2172 respectus
3257 2150 3273 2173 ,
3329 2112 3421 2166 sed
3472 2114 3545 2167 ad
3590 2115 3692 2169 illa

2107 2183 2286 2242 etiam.
2309 2202 2425 2254 quae
2441 2206 2532 2254 per
2559 2189 2782 2247 Verbum
2805 2196 2950 2266 facta
2974 2210 3119 2264 sunt,
3140 2205 3406 2270 operativa
3427 2209 3689 2273 potentia.

2113 2272 2314 2332 Habuit
2360 2295 2491 2349 ergo
2536 2281 2767 2339 Verbum
2824 2291 3095 2359 propriam
3133 2308 3194 2347 ae
3239 2294 3549 2351 distinctam
3584 2299 3687 2370 hy-

2106 2372 2367 2438 postasim
2414 2375 2482 2429 ab
2521 2386 2725 2431 aeterno
2777 2380 2903 2433 dum
2966 2384 3146 2436 omnia
3196 2401 3319 2439 Cilttl
3374 2387 3531 2443 Patre
3583 2406 3685 2446 su-

2103 2463 2396 2527 stentabat,
2441 2467 2535 2521 sed
2565 2467 2618 2521 in
2663 2486 2844 2524 rerum
2878 2475 3153 2531 creatione
3184 2479 3354 2547 patuit
3409 2481 3683 2547 quodam-

2104 2554 2284 2621 modo,
2327 2557 2451 2625 quia
2482 2561 2663 2613 omnia
2695 2577 2790 2631 per
2821 2561 3056 2619 Verbum
3094 2567 3230 2621 facta
3266 2579 3412 2625 sunt.
3440 2571 3517 2624 Ad
3541 2572 3678 2634 lure.

2110 2652 2169 2699 ut
2204 2648 2376 2717 magis
2398 2649 2608 2704 eluceat
2636 2652 2821 2709 infelix
2856 2654 3173 2712 Beausobrii
3209 2659 3474 2727 vafritii-s,
3501 2664 3680 2716 anim-

2100 2738 2381 2795 advertere
2429 2741 2605 2813 juvat,
2641 2749 2784 2818 quod
2835 2750 2995 2803 etiam
3036 2751 3280 2808 admisso
3327 2753 3429 2808 hoc
3466 2770 3678 2820 errore.

2100 2827 2335 2883 Verbum
2372 2835 2645 2904 propriam
2675 2837 2936 2895 habuisse
2968 2840 3303 2912 bypostasiiu
3359 2861 3423 2899 ex
3480 2860 3668 2901 rerum

2098 2922 2395 2988 creatione,
2436 2941 2646 2983 necnon
2678 2930 2766 2983 illa
2800 2936 3069 2986 sententia
3102 2936 3323 3004 angelos
3353 2946 3480 2994 ante
3516 2955 3677 2994 mun-

2097 3012 2227 3066 dum
2252 3025 2465 3072 creatos
2482 3035 2622 3083 esse,
2656 3021 2969 3076 nullatenus
2999 3031 3670 3093 scqucreturanteriorcm

2092 3102 2263 3161 fuisse
2292 3107 2420 3165 huic
2447 3111 2725 3181 hypostasi
2761 3111 3062 3183 Satanam;
3106 3120 3410 3186 tuncrnim
3430 3122 3672 3178 Verbum

2088 3200 2284 3255 nonin
2319 3204 2528 3269 mundi,
2561 3205 2656 3260 sed
2708 3208 2763 3261 in
2811 3211 3127 3276 angelorum
3170 3213 3452 3269 creatione
3496 3214 3671 3286 hypo-

2088 3293 2277 3348 stasim
2307 3294 2611 3361 habuisset,
2642 3300 2767 3368 quia
2790 3307 2921 3354 tunc
2943 3312 3092 3355 extra
3112 3302 3321 3357 Patrem
3344 3305 3664 3376 prodiisset:

2088 3400 2150 3437 ac
2208 3386 2434 3453 proinde
2493 3404 2707 3457 semper
2775 3390 2930 3446 Verbi
2997 3392 3305 3464 bypostasis
3340 3400 3655 3471 angelorum

2086 3479 2416 3531 errationem
2455 3481 2842 3548 praecessisset.

2155 3568 2270 3623 Xll.
2308 3569 2515 3625 Ca'tera
2548 3566 2894 3642 Bogomilica:
2923 3586 3084 3631 sectae
3141 3579 3338 3647 placita
3395 3593 3666 3639 memorat

2087 3660 2139 3715 in
2170 3662 2273 3716 hoc
2300 3664 2482 3718 libello
2515 3664 2865 3737 Eutliymius,
2909 3686 3085 3739 neque
3113 3680 3194 3726 est
3246 3689 3385 3743 opus
3433 3676 3499 3732 de
3547 3678 3665 3733 sin-

2083 3751 2223 3820 gulis
2251 3752 2539 3810 disserere.
2579 3755 2848 3813 Fortassis
2881 3760 3180 3816 distinctim
3219 3764 3308 3816 illa
3341 3764 3665 3837 Euthymius

2083 3844 2435 3914 reiutaverat,
2473 3850 2566 3904 sed
2609 3851 2661 3906 in
2701 3851 2893 3907 codice
2926 3852 3193 3910 Vaticano
3233 3858 3409 3913 solum
3457 3876 3660 3929 super-

2083 3946 2212 3991 su‘nt
2252 3951 2567 4009 argumenta
2597 3984 2612 4004 ,
2653 3942 2854 4011 quibus
2894 3954 3050 4014 urget
3108 3946 3412 4017 Bogomilos
3459 3950 3512 4001 iu
3547 3966 3614 4003 eo
3649 3993 3665 4015 ,

2081 4028 2223 4098 quod
2258 4031 2492 4099 pertinet
2549 4034 2615 4086 ad
2675 4044 3017 4089 mortuorum
3070 4039 3543 4094 resurrectionem.
3590 4041 3665 4097 Ut

2080 4130 2259 4175 autem
2297 4136 2414 4176 eam
2444 4133 2591 4177 certe
2627 4124 2865 4180 futuram
2901 4129 3130 4198 probet,
3166 4133 3392 4200 opponit
3422 4135 3662 4201 primum

2080 4211 2333 4268 haeretico
2360 4213 2480 4269 fidei
2526 4215 2757 4272 Nicatore
2787 4219 3097 4290 symbolum
3146 4229 3514 4277 trecentorum
3556 4224 3662 4280 de-

2079 4318 2197 4359 cem
2229 4313 2282 4359 et
2327 4315 2452 4361 octo
2483 4307 2705 4364 Patrum
2741 4313 3069 4368 auctoritate
3103 4313 3378 4369 ﬁrmatum
3409 4332 3424 4383 ;
3457 4315 3660 4374 deinde

2077 4410 2212 4449 vero
2244 4398 2535 4452 concilium
2566 4400 3038 4469 Chalcedonense,
3069 4405 3230 4475 cujus
3259 4409 3573 4462 auctoritati
3598 4418 3659 4463 ut

2078 4488 2248 4555 magis
2285 4488 2441 4542 tidem
2493 4492 2786 4555 conciliet,
2835 4494 3159 4549 miraculum
3215 4497 3489 4567 quoddam
3550 4499 3653 4554 de~

2075 4575 2311 4631 srribita
2335 4575 2440 4633 Deo
2458 4588 2726 4649 patratum
2755 4594 2849 4649 per
2873 4582 2930 4634 S.
2958 4581 3310 4651 Euphemiam
3337 4594 3629 4653 martyrem

2076 4665 2130 4719 in
2159 4667 2320 4735 cujus
2352 4668 2579 4725 basilica
2622 4672 2787 4739 hujus
2820 4672 3038 4726 concilii
3077 4674 3266 4729 Patres
3301 4675 3368 4728 ab
3420 4676 3625 4745 impera

2074 4768 2191 4815 tore
2218 4760 2495 4817 Marciano
2531 4769 2847 4835 congregati
2878 4767 3121 4824 fuerunt.
3151 4767 3476 4838 Complures
3508 4773 3617 4826 seri

2073 4860 2256 4921 ptores
2281 4854 2530 4924 ejusdem
2573 4857 2826 4911 miraculi
2861 4858 3179 4922 meminere,
3220 4860 3314 4915 sed
3340 4862 3431 4914 alii
3478 4861 3618 4932 ipsiu

2068 4928 2283 4999 concilii
2308 4956 2572 5016 tempore,
2608 4948 2697 5000 alii
2727 4949 2979 5003 absoluto
3008 4952 3229 5004 demum
3250 4955 3485 5008 concilio
3519 4955 3649 5010 illud.

2066 5037 2317 5104 evenisse
2356 5050 2627 5092 uarrant..
2661 5037 3030 5095 Posteriorem
3086 5044 3413 5098 sententiam
3475 5051 3645 5102 sertui

2066 5136 2196 5183 sunt
2230 5129 2463 5185 Michael
2493 5130 2818 5201 Glycasﬂl)
2838 5145 2905 5185 ac
2930 5130 3176 5186 Zonaras
3206 5132 3318 5204 (42)
3347 5152 3361 5189 :
3397 5136 3599 5190 scribus
3627 5147 3647 5189 t

2072 5220 2218 5274 enim
2286 5220 2429 5290 quod
2495 5235 2619 5274 cum
2670 5219 2931 5291 Eutychis
2985 5219 3339 5292 Dioscorique
3402 5225 3645 5280 fautores

2066 5306 2285 5363 decreta
2318 5307 2538 5363 concilii
2561 5308 2989 5375 subsannarcnt,
3015 5310 3240 5381 ejusque
3257 5316 3638 5370 auctoritatem

2066 5414 2172 5453 non
2203 5399 2450 5461 veritate,
2477 5400 2571 5454 sed
2608 5401 2850 5471 potentia
2872 5401 3220 5471 imperatoris
3240 5405 3338 5458 niti
3370 5405 3640 5467 dicerent,

2066 5501 2229 5561 atque
2254 5490 2326 5545 ita
2351 5491 2675 5562 pravitatem
2706 5493 2989 5549 sententia:
3010 5509 3126 5551 suae
3178 5496 3425 5554 stabilire
3470 5513 3637 5554 cona-

2148 5709 2258 5785 _(_4_l)
2287 5712 2485 5785 Annal.
2520 5713 2646 5785 Par.
2674 5729 2751 5778 iv,
2786 5730 2907 5785 pag.
2945 5715 3072 5783 263,

2141 5779 2252 5853 (£2)
2282 5780 2480 5839 Annal.
2512 5784 2606 5838 lib.
2642 5799 2761 5851 xui,
2788 5779 2914 5854 cap.
2940 5786 3030 5841 25.
