3970 6548
224 403 299 464 33
1574 398 2171 462 PROLEGOMENA-

223 529 433 584 rentur,
473 518 762 575 Anatolius
797 519 1130 590 patriarcha.
1164 520 1494 580 adversariis
1543 534 1811 576 convoca-

225 619 340 676 tis,
389 613 680 683 preposuit
722 621 780 666 ut
835 629 1182 684 unaquaeque
1237 630 1364 684 pars
1424 615 1656 684 propriae
1691 612 1812 666 ﬁdei

225 705 538 774 symbolum
585 705 766 760 libello
819 705 1184 771 inscriberet,
1215 716 1269 762 et
1301 708 1354 761 iu
1387 708 1566 762 loculo
1603 704 1660 761 8.
1704 706 1814 758 Eu-

226 799 459 866 p‘2emi:e
494 808 724 867 uterque
761 800 975 853 libellus
1007 802 1411 869 deponeretur,
1464 808 1523 854 ut
1573 799 1810 870 gloriosa

227 891 342 942 ha-c
376 898 585 961 martyr
615 890 680 945 de
710 892 938 946 veritate
969 903 1128 946 rectm
1161 892 1284 946 ﬁdei
1318 891 1587 958 judicium
1647 889 1814 944 ferret

226 997 290 1035 ac
347 984 744 1038 testimonium.
818 983 930 1038 lloc
981 994 1162 1038 autem
1225 984 1518 1039 consilium
1579 998 1702 1036 cum
1760 992 1814 1037 et

230 1074 506 1129 haereticis
546 1076 889 1142 placuisset,
933 1085 1144 1130 remoto
1173 1075 1354 1145 lapide.
1379 1114 1394 1136 ,
1451 1074 1545 1145 qui
1579 1074 1813 1128 loculum

225 1167 541 1229 claudebat,
566 1169 674 1222 duo
705 1169 868 1222 libelli
905 1184 1070 1239 supra
1103 1179 1306 1224 sanctze
1337 1169 1596 1236 martyris
1626 1177 1817 1237 pectus

227 1259 396 1325 positi
427 1268 597 1321 sunt,
648 1269 701 1313 et
731 1261 928 1315 deinde
979 1263 1192 1316 loculus
1236 1277 1342 1317 non
1395 1260 1558 1315 modo
1617 1261 1814 1314 iterant

224 1354 479 1418 clausus,
509 1354 600 1408 scd
628 1355 792 1407 etiam
828 1355 1117 1424 utriusque
1146 1356 1317 1424 partis
1349 1355 1545 1425 sigillis
1569 1354 1814 1408 munitus

221 1453 274 1496 et
329 1443 674 1511 obsignatus.
731 1445 860 1498 Post
912 1446 1154 1500 triduum
1206 1462 1328 1501 cum
1378 1447 1812 1513 convenissent,

222 1533 559 1602 imperatore
587 1535 750 1589 etiam
788 1546 1092 1604 prasente,
1135 1545 1325 1605 aperto
1368 1537 1551 1592 Ineulo
1579 1577 1594 1603 ,
1637 1539 1814 1592 luere-

222 1629 461 1680 ticorum
492 1628 706 1683 libellus
735 1631 800 1683 ad
849 1633 1012 1699 pedes
1044 1633 1304 1702 martyris
1337 1632 1615 1701 projectus
1635 1672 1650 1694 ,
1678 1633 1816 1687 alter

220 1735 357 1773 vero
383 1721 435 1774 in
471 1737 634 1775 manu
666 1724 787 1791 ejus
818 1723 1008 1778 dextra
1044 1725 1299 1779 inventus
1350 1733 1455 1780 est.
1505 1725 1811 1794 Verumque

226 1811 361 1865 huic
417 1811 644 1868 Zonarze
685 1814 972 1886 Glycaeque
1012 1818 1314 1870 narrationi
1365 1818 1617 1888 protinus
1655 1817 1812 1871 fidem

221 1915 469 1958 nostram
504 1918 828 1972 praestemus
861 1909 1115 1978 prohibet
1147 1909 1360 1977 Evagrii
1394 1951 1408 1973 ,
1445 1910 1812 1980 aliorumque,

222 1997 319 2063 qui
347 1997 416 2052 de
443 2001 682 2053 concilio
713 1999 1146 2058 Cbalcedoncnsi
1178 2003 1470 2072 scripsere,
1496 2002 1811 2070 silentium;

142 2141 147 2145 ,
221 2101 350 2140 cum
383 2089 565 2143 minus
588 2098 738 2146 certe
765 2092 1046 2160 probabile
1073 2091 1325 2146 videatur
1351 2106 1462 2146 rem
1484 2092 1619 2146 adeo
1648 2093 1814 2145 mira-

223 2179 390 2234 bilem
424 2220 439 2244 ,
475 2196 539 2236 ac
579 2183 962 2238 recordatione
994 2185 1372 2251 dignissimam
1423 2193 1535 2238 tum
1592 2183 1811 2239 demmn

227 2281 306 2325 tot
360 2287 392 2326 a
426 2274 662 2329 concilio
705 2276 910 2345 elapsis
943 2275 1159 2330 saeculis
1189 2276 1424 2343 primum
1480 2276 1810 2332 innotuisse.

223 2365 293 2416 At
354 2381 483 2418 vero
542 2367 714 2436 magis
749 2368 940 2436 procul
988 2367 1158 2422 dubio
1200 2383 1230 2420 a
1279 2369 1505 2422 veritate
1557 2368 1814 2423 abhorret

224 2455 501 2511 Theodori
555 2459 700 2512 Besli
728 2501 743 2525 ,
801 2470 854 2514 et
912 2458 1262 2514 Constantini
1305 2458 1393 2514 Tii
1422 2460 1665 2530 episCOpi
1699 2461 1812 2532 (45)

225 2549 437 2615 opinio.
468 2565 634 2617 quam
669 2550 991 2621 Eutbymius
1020 2565 1240 2621 quoque
1273 2550 1558 2621 amplexus
1587 2561 1693 2615 est,
1719 2552 1811 2621 qui

227 2639 330 2693 hoc
370 2641 697 2695 miraculum
738 2641 916 2711 ipsius
960 2643 1180 2698 concilii
1232 2651 1479 2715 tempore
1526 2652 1809 2712 operatum

225 2730 402 2785 fuisse
477 2732 768 2787 aﬁirmant.
821 2733 894 2788 Ut
948 2734 1092 2788 enim
1150 2735 1366 2804 egregie
1429 2734 1813 2790 animadvertit

227 2820 505 2877 Baronius
532 2822 671 2893 (64),
705 2825 750 2880 si
778 2825 880 2879 hoc
912 2825 1032 2880 ﬁdei
1061 2826 1496 2896 experimentum
1529 2813 1810 2882 a'concilii

225 2910 489 2970 Patribus
517 2924 784 2970 tentatum
819 2917 1031 2983 fuisset,
1061 2932 1195 2972 sane
1217 2926 1337 2973 acta
1369 2927 1499 2973 tunc
1524 2919 1812 2989 diligenter

227 3004 543 3075 conscripta
573 3013 782 3061 tantum
814 3007 916 3062 hoc
949 3010 1276 3065 miraculum
1340 3011 1488 3066 nullo
1529 3012 1692 3066 modo
1719 3011 1810 3066 si-

228 3094 489 3151 luissent.
517 3097 741 3153 Accedit
767 3099 1010 3170 insuper,
1047 3101 1191 3169 quod
1220 3117 1502 3172 nunquam
1536 3103 1726 3159 Patres
1758 3104 1812 3156 in

230 3190 595 3245 tecumcnicis
623 3192 875 3247 conciliis
923 3208 989 3247 ex
1018 3195 1300 3250 miraculis
1349 3195 1683 3264 quaesierunt
1717 3195 1816 3250 do-

229 3292 475 3352 gmatum
508 3284 816 3349 veritatem,
848 3300 1012 3355 quam
1051 3302 1114 3341 ex
1143 3287 1344 3342 divinis
1377 3287 1643 3356 imprimis
1667 3286 1816 3343 Scri-

230 3372 432 3442 pturis,
451 3383 506 3429 et
527 3373 764 3443 antiquis
787 3375 1046 3433 Ecclesia:
1076 3377 1484 3443 traditionibus,
1506 3393 1568 3432 ac
1591 3377 1812 3433 demum

229 3480 296 3517 ex
334 3473 653 3518 sanctorum
689 3464 915 3520 Patrum
947 3468 1350 3523 assertionibus
1377 3483 1647 3538 quaerere,
1689 3483 1814 3538 pro~

231 3573 439 3626 ponere
463 3601 479 3626 ,
512 3560 778 3615 afﬁrmare
805 3601 820 3626 ,
880 3569 1044 3631 atque
1094 3562 1343 3618 stabilire
1391 3573 1813 3618 consueverunt.

231 3647 582 3718 Quapropter
621 3651 853 3706 eruditis
903 3652 1037 3707 viris
1073 3652 1308 3708 libenter
1351 3655 1626 3708 assentior
1651 3692 1667 3718 ,
1721 3653 1814 3724 qui

229 3740 442 3810 Opinati
473 3749 603 3795 sunt
655 3742 759 3796 hoc
789 3743 1118 3799 miraculum
1154 3743 1552 3813 posterioribus
1601 3746 1818 3800 saeculis

230 3833 408 3886 fuisse
438 3833 665 3887 omnino
696 3835 989 3888 conlictum
1019 3875 1036 3901 ,
1071 3836 1328 3906 piamque
1375 3836 1516 3889 hanc
1563 3834 1816 3890 fabellam

231 3939 298 3978 ex
329 3923 467 3993 ipsis
491 3923 715 3978 concilii
778 3925 916 3981 actis
949 3941 1059 3981 non
1096 3927 1234 3981 bene
1264 3926 1559 3982 intellectis
1607 3926 1816 3996 proflu-

232 4014 403 4069 xisse.
455 4013 645 4071 Patres
690 4031 929 4086 namque
985 4017 1506 4085 Cbalcedonenses,
1568 4020 1820 4075 absoluto

234 4107 495 4169 concilio,
535 4115 593 4160 ut
617 4107 968 4162 ostenderent
1014 4109 1201 4163 omnia
1231 4150 1245 4172 ,
1296 4125 1418 4178 qua:
1475 4109 1528 4163 in
1585 4109 1820 4165 concilio

235 4199 469 4253 feliciter
517 4210 670 4270 gesta
709 4203 967 4266 fuerant,
1001 4201 1310 4269 patrocinio
1366 4211 1420 4256 et
1459 4202 1727 4271 auSpiciis
1760 4200 1818 4256 S.

233 4288 554 4356 Euphemiae
589 4305 710 4344 esse
744 4289 1052 4355 referenda,
1080 4292 1156 4344 ita
1185 4291 1239 4344 in
1273 4291 1470 4346 litteris
1492 4290 1560 4344 ad
1587 4289 1645 4344 8.
1672 4289 1812 4346 Leo-

239 4397 363 4435 nem
402 4381 716 4448 pontiﬁcem
769 4381 912 4436 datis
956 4383 1254 4451 loquuntur
1313 4381 1424 4449 (45)
1455 4396 1469 4435 :
1500 4383 1642 4435 Deus
1677 4383 1814 4437 enim

233 4481 350 4526 erat
383 4473 476 4542 qui
510 4473 825 4542 operabatur
847 4514 862 4538 ,
891 4483 941 4526 et
970 4489 1086 4544 qua:
1136 4490 1231 4527 suo
1275 4473 1508 4527 thalamo
1544 4474 1821 4529 concilium

237 4566 512 4617 coronavit
562 4574 753 4618 ornata
808 4565 992 4620 decore
1031 4566 1265 4619 victoria:
1321 4565 1608 4631 Eupltemia
1641 4581 1660 4619 :
1707 4580 1824 4635 qua:

238 4668 494 4725 tanquam
541 4659 811 4724 promiam
863 4659 1244 4726 confessionem
1291 4657 1417 4726 ﬁdei
1463 4657 1821 4721 definitionem

242 4749 535 4815 suscipiens
568 4765 597 4801 a
623 4750 790 4811 nobis,
816 4765 909 4802 suo
948 4765 1139 4817 sponso
1187 4765 1278 4815 per
1322 4749 1618 4813 piissimum
1658 4751 1824 4817 impe-

243 4852 496 4903 ratorem,
531 4850 580 4893 et
606 4843 831 4893 amicam
859 4841 1060 4896 Christi
1089 4840 1377 4911 Augustam
1393 4841 1597 4904 obtulit,
1621 4858 1822 4896 omnem

241 4933 450 5001 quidem
471 4932 918 4999 perturbationem
946 4935 1332 4986 contrariorum
1356 4935 1567 4996 sedans,
1588 4935 1824 4989 veritatis

247 5032 420 5075 autent
444 5022 823 5091 confessionem
848 5021 1128 5083 roborans,
1163 5029 1218 5072 ut
1249 5021 1473 5073 amicam
1498 5059 1512 5083 ,
1558 5030 1604 5073 et
1638 5037 1822 5086 manu,

248 5135 306 5171 ac
334 5117 523 5186 lingua
568 5119 930 5171 universorum
970 5117 1193 5170 decretis
1247 5131 1340 5180 pro
1384 5115 1824 5172 demonstratione

245 5208 604 5264 subscribens.
657 5209 920 5262 Przeterea
971 5206 1375 5261 observandum
1432 5215 1515 5260 est
1561 5222 1776 5276 quoque
1807 5247 1822 5271 ,

249 5307 484 5372 pictores
508 5311 747 5363 veteres,
783 5309 841 5356 ut
874 5302 974 5356 hoc
1002 5301 1180 5370 ipsum
1220 5299 1534 5368 Eupltcmim
1561 5301 1822 5370 martyris

182 5375 186 5378 ﬁ
250 5411 372 5466 erga
431 5395 727 5449 concilium
788 5393 1151 5464 patrocinium
1218 5391 1642 5460 exprimerent,
1701 5405 1820 5446 eam

250 5489 498 5542 volumen
529 5503 694 5540 manu
720 5495 992 5541 tenentem
1034 5484 1359 5554 quandoque
1407 5483 1462 5537 in
1513 5483 1713 5538 tabulis
1744 5483 1823 5538 ef-

257 5579 500 5646 finxisse,
525 5590 784 5648 tanquam
822 5577 945 5632 ﬁdei
973 5576 1371 5646 professionem
1402 5573 1627 5630 Patrum
1661 5574 1823 5632 Chal-

327 5786 433 5853 (ιὶὖ)
468 5803 533 5837 .n
564 5785 789 5836 historia
822 5779 1296 5853 irriteittionis,_etc.
1324 5793 1478 5832 nttm.
1515 5791 1591 5830 tx.

328 5848 434 5928 (44)
468 5857 544 5910 Ad
580 5869 784 5909 annum
818 5850 942 5918 451,
975 5865 1122 5904 num.
1159 5848 1279 5902 lit“).

3434 401 3506 463 34

1917 516 2310 571 cctloucnsium
2368 514 2477 570 Deo
2538 514 2903 580 offerentem;
2947 515 3146 569 etenim
3220 514 3501 583 probabile

1918 609 2076 664 valde
2101 609 2316 664 videtur
2337 609 2482 679 quod
2508 608 2819 676 huiusmodi
2854 609 3018 662 etiam
3043 608 3270 678 picturae
3293 608 3500 665 Graecis

1917 700 2194 770 sequioris
2217 702 2315 755 α)νί
2343 701 2666 755 miraculum
2697 701 2829 756 illud
2855 700 3309 755 comminiscendi
3359 716 3500 772 pras-

1917 793 2138 848 buerint
2167 803 2574 864 argumentum.

1986 884 2127 940 Xlll.
2153 885 2265 941 Nec
2302 886 2499 940 falsum
2531 895 2618 941 est
2651 890 2830 940 minus
2863 887 3033 950 aliud,
3072 887 3216 956 quod
3275 885 3488 959 Euthy-

1921 978 2066 1034 mius
2099 980 2282 1035 statim
2323 980 2531 1045 subdit,
2559 980 2617 1034 S.
2654 979 2845 1033 Basilii
2874 981 3223 1044 miraculum,
3253 981 3358 1036 etsi
3383 997 3504 1035 om-

1923 1074 2090 1128 nibus
2119 1074 2480 1129 manif‘estum
2513 1086 2753 1130 asserat.
2789 1075 2925 1144 Ejus
2955 1089 3171 1128 summa
3227 1074 3342 1128 luec
3395 1081 3502 1130 est.

1919 1165 2057 1221 Cum
2097 1167 2285 1221 Ariani
2319 1165 2571 1223 Valentis
2602 1168 2955 1238 imperatoris
2988 1167 3112 1222 freti
3138 1167 3403 1236 potentia,
3435 1181 3504 1220 ex

1918 1259 2137 1314 Nicaena
2196 1260 2429 1316 ecclesia
2481 1259 2789 1315 catholicos
2824 1260 3049 1314 militari
3082 1274 3245 1313 manu
3299 1259 3501 1328 ejecis-

1920 1362 2063 1419 sent,
2097 1354 2441 1408 orthodoxus
2485 1353 2723 1423 populus
2759 1351 2828 1406 ad
2871 1352 2926 1407 8.
2963 1351 3226 1406 Basilium
3260 1351 3504 1406 accurrit

1921 1445 2100 1499 multo
2131 1444 2370 1499 clamore
2401 1443 2754 1514 imperatoris
2815 1443 3069 1512 injuriam
3125 1443 3502 1511 exposmlans.

1917 1535 1989 1590 ob
2014 1551 2178 1605 quam
2220 1550 2446 1592 causam
2482 1537 2870 1606 imperatorem
2903 1535 3190 1590 Valentem
3220 1535 3311 1588 ille
3341 1534 3501 1597 adiit,

1919 1641 1983 1682 ac
2015 1636 2167 1682 tanta
2185 1644 2308 1683 cum
2338 1629 2651 1697 eloquentia
2683 1637 2943 1698 tanquam
2971 1627 3157 1681 violati
3180 1626 3320 1696 juris
3353 1642 3504 1681 reum

1921 1710 2094 1766 libere
2135 1716 2468 1786 increpavit,
2502 1728 2562 1772 ut
2595 1718 2895 1786 imperator
2946 1717 3023 1770 rei
3071 1715 3337 1786 judicium
3400 1715 3506 1785 ipsi

1919 1805 1978 1860 S.
2009 1806 2212 1862 Basilio
2248 1811 2614 1865 commiserit.
2641 1808 2921 1865 Reversus
2948 1811 3131 1879 itaque
3155 1809 3216 1866 S.
3259 1808 3502 1864 Basilius

1916 1898 2150 1954 Nicaeam
2181 1910 2404 1971 pactum
2437 1917 2560 1956 cum
2592 1904 2816 1956 Arianis
2865 1903 3126 1964 firmavit,
3189 1912 3250 1956 ut
3297 1902 3507 1958 clausis

1915 1993 2400 2062 ecclesiaejanuis,
2429 1994 2720 2065 sigilloqlte
2757 1995 3090 2064 obsignatis,
3146 1995 3254 2049 utri
3297 1994 3506 2064 popqu

1917 2093 2041 2151 post
2075 2083 2318 2138 triduum
2346 2100 2422 2140 eae
2450 2095 2650 2156 sponte
2677 2089 3014 2156 patuissent,
3049 2088 3096 2144 is
3142 2089 3383 2144 ecclesia
3407 2103 3507 2159 po-

1916 2176 2138 2232 tiretur.
2184 2176 2319 2232 Cum
2397 2188 2579 2234 autem
2641 2182 2831 2236 Ariani
2878 2192 2993 2238 tres
3037 2182 3152 2237 dies
3203 2192 3507 2254 noctesque

1920 2269 2202 2338 precando
2262 2271 2717 2340 insumpsissont,
2758 2274 2851 2329 sed
2915 2275 3042 2330 inde
3103 2275 3377 2344 supplices
3432 2275 3503 2331 ad

1917 2360 2210 2416 ecclesiam
2248 2363 2527 2418 incassum
2563 2366 2834 2436 progressi
2885 2375 3093 2433 essent,
3151 2375 3287 2422 tunc
3344 2365 3505 2423 Basi-

1916 2451 2022 2507 lius
2077 2457 2339 2524 templum
2391 2456 2450 2512 8.
2509 2455 2784 2512 Diomedis
2844 2461 3102 2529 martyris
3156 2467 3314 2514 extra
3361 2459 3504 2514 civi»

1918 2553 2082 2599 tatem
2151 2553 2416 2601 oraturus
2478 2547 2764 2619 ingressus
2821 2558 2928 2614 est,
2976 2556 3031 2605 et
3077 2551 3293 2621 expleta
3342 2559 3507 2607 nocte

1920 2638 2170 2708 pervigili
2212 2641 2472 2708 populum
2505 2641 2572 2695 ad
2616 2641 2805 2696 urbem
2862 2642 3128 2710 reduxit;
3169 2653 3222 2698 et
3279 2659 3404 2699 cum
3435 2644 3505 2697 ail

1912 2729 2201 2784 ecclesiam
2236 2731 2588 2798 accessisset,
2649 2733 2855 2788 clausae
2910 2734 3324 2806 obsignatazque
3383 2735 3506 2804 ejus

1915 2823 2060 2878 fores
2126 2824 2309 2878 statim
2389 2833 2592 2894 apertse
2661 2835 2792 2882 sunt
2869 2838 3128 2896 tanquam
3199 2827 3503 2884 vehementi

1913 2929 2049 2968 aura
2082 2914 2272 2984 pulsae,
2303 2923 2358 2968 et
2383 2913 2449 2968 ad
2488 2932 2676 2972 muros
2705 2918 2884 2972 illisce.
2928 2918 3056 2974 Haec
3115 2927 3200 2974 est
3231 2920 3498 2982 historia.

1913 3020 2076 3074 quam
2113 3021 2210 3075 pro
2273 3014 2422 3060 certa
2479 3017 2534 3061 et
2571 3008 2896 3064 inconcussa
2932 3011 2988 3064 in
3017 3011 3258 3066 medium
3309 3011 3507 3068 aﬁerre

1915 3112 2025 3151 non
2057 3095 2275 3150 dubitat
2305 3097 2657 3169 Euthymius,
2709 3101 2806 3156 sed
2866 3117 2987 3171 quae
3034 3103 3286 3173 profecto
3339 3104 3507 3159 nimis

1916 3188 2199 3243 imbecillo
2260 3190 2460 3244 nititur
2515 3191 2895 3250 fundamento.
2954 3193 3207 3266 Scriptor
3257 3193 3504 3260 Graecus,

1917 3279 2008 3348 qui
2035 3280 2246 3348 primus
2267 3281 2525 3336 miraculi
2555 3282 2721 3350 hujus
2745 3284 3018 3351 meminit,
3044 3295 3127 3341 est
3156 3297 3352 3342 auctor
3366 3286 3508 3341 Vitae

1919 3370 1977 3424 S.
2012 3369 2221 3432 Basilii,
2257 3386 2381 3440 qua:
2407 3373 2616 3427 szrculo
2649 3390 2766 3434 vm,
2794 3377 2877 3430 vel
2951 3378 3136 3446 ponus
3169 3395 3222 3433 ιι
3282 3379 3504 3448 prodiit.

1919 3463 2096 3518 Fuere
2119 3463 2344 3534 quidem
2386 3467 2780 3538 nonnulli,qui
2855 3469 2998 3524 hanc
3043 3472 3223 3525 Vitam
3275 3471 3336 3533 S.
3377 3472 3508 3528 Am-

1920 3556 2208 3626 pbilocbio
2231 3556 2510 3614 Iconiensi
2539 3560 2822 3629 episcopo,
2851 3560 3072 3631 ipsique
3106 3561 3314 3618 Basilio
3342 3563 3508 3619 fami-

1920 3651 2224 3708 liarissimo
2263 3654 2430 3709 facile
2469 3656 2812 3723 tribuerunt,
2854 3659 2985 3728 quia
3020 3659 3073 3712 in
3128 3674 3262 3714 mss.
3299 3660 3509 3715 codici-

1923 3745 2026 3800 bus
2060 3747 2164 3800 sub
2195 3746 2566 3817 Amphilocliii
2600 3749 2828 3804 nomine
2885 3750 3162 3820 reperitur
3204 3749 3506 3821 descripta,

1919 3847 1977 3892 et
2027 3837 2158 3907 quia
2188 3847 2344 3893 certo
2367 3838 2579 3895 scimus
2612 3837 2670 3894 8.
2698 3841 3146 3911 Amphilochium
3180 3842 3505 3912 episcopum

1920 3931 2264 3986 Iconiensem
2290 3932 2569 4001 quoddam
2610 3935 2926 3989 encomium
2959 3931 3017 3988 S.
3051 3933 3242 3989 Basilii
3274 3935 3510 4005 posteris

1923 4022 2241 4093 reliquisse.
2290 4022 2496 4080 Verum
2547 4027 2863 4081 encomium
2897 4027 3003 4082 hoc
3038 4026 3106 4081 ad
3171 4041 3271 4083 nos
3331 4041 3508 4096 usque

1923 4115 2194 4184 pervenit,
2215 4123 2271 4170 et
2287 4115 2356 4171 ab
2379 4116 2484 4172 hac
2499 4118 2608 4172 vita
2632 4117 2778 4188 stylo
2809 4117 3010 4182 differt,
3031 4125 3086 4173 et
3109 4117 3297 4174 rebus.
3324 4115 3508 4183 Quare

1924 4208 2234 4263 communis
2260 4208 2584 4264 criticorum
2618 4219 2703 4266 est
2725 4210 3024 4276 sententia,
3061 4209 3504 4280 Amphilochium

1926 4296 2062 4352 Vita;
2096 4296 2158 4351 8.
2195 4299 2383 4355 Basilii
2441 4301 2769 4370 scriptorem
2837 4311 2964 4369 post
3023 4309 3269 4372 tempora
3342 4300 3506 4368 longa

1925 4387 1994 4442 ab
2024 4397 2186 4444 astate
2212 4389 2392 4444 sancti
2429 4389 2678 4447 doctoris
2735 4391 2965 4456 vixisse,
3024 4398 3080 4445 et
3109 4406 3198 4446 res
3257 4404 3365 4443 non
3397 4403 3508 4445 ase

1924 4480 2095 4545 visas,
2126 4481 2222 4536 sed
2256 4481 2314 4535 in
2341 4481 2541 4552 vulgus
2568 4497 2796 4552 sparsas
2853 4483 2977 4537 sine
3035 4481 3252 4536 delectu
3294 4479 3507 4535 descri-

1925 4573 2129 4642 psisse.
2159 4583 2214 4628 et
2256 4574 2494 4630 fortasse
2543 4575 2913 4644 Amphilochii
2974 4589 3176 4629 nomen
3245 4574 3353 4629 sibi
3411 4588 3507 4630 as-

1927 4665 2342 4731 sumpsisse,ut
2391 4667 2543 4735 operi
2579 4680 2682 4721 suo
2737 4665 3124 4720 auctoritatem
3179 4665 3508 4720 conciliaret

1926 4761 1980 4805 et
2008 4753 2194 4807 ﬁdem.
2256 4753 2544 4808 Communi
2599 4754 2730 4808 huic
2774 4754 2988 4824 judicio
3045 4753 3369 4808 adversatus
3419 4760 3509 4808 est

1930 4842 2259 4920 Franciscus
2285 4843 2672 4911 Combeﬁsius,
2699 4847 2788 4902 cui
2815 4846 2953 4900 lianc
2982 4859 3203 4916 quoque
3229 4842 3408 4898 Vitam
3443 4842 3504 4898 S.

1926 4934 2116 4990 Basilii
2152 4935 2210 4990 8.
2230 4937 2618 5006 Ampbilocbio
2651 4939 2912 5008 episcOpo
2945 4937 3149 5007 placuit
3179 4935 3504 5001 vindicare;

1927 5028 2243 5097 compulsus
2269 5038 2355 5084 est
2385 5037 2566 5084 tamen
2585 5039 2639 5084 et
2685 5031 2802 5098 ipse
2837 5028 3003 5082 fateri
3068 5027 3240 5081 fuisse
3295 5025 3443 5079 illam
3473 5039 3504 5078 a

1929 5119 2241 5180 monachis,
2277 5134 2375 5188 per
2400 5134 2638 5188 quorum
2680 5133 2880 5172 manus
2914 5119 3152 5173 decursu
3191 5125 3502 5184 temporum

1928 5211 2172 5274 transiit,
2208 5211 2616 5280 interpolatam,
2647 5222 2700 5264 et
2729 5210 3050 5281 vulgaribus
3085 5206 3504 5266 traditionibus,

1927 5301 1981 5356 ni
2046 5307 2220 5357 mavis
2285 5303 2450 5357 etiam
2514 5302 2765 5357 conﬁctis
2826 5303 2893 5355 ad
2945 5309 3200 5356 ornatum
3261 5297 3508 5352 mirificis

1929 5396 2342 5451 narrationibus
2410 5399 2781 5459 commistam,
2851 5402 2906 5448 et
2963 5401 3203 5446 auctam.
3258 5389 3506 5446 (it-tecum

1927 5485 2092 5554 hujus
2123 5486 2256 5542 Vita:
2282 5496 2490 5540 textum
2533 5487 2725 5541 Latine
2747 5485 2980 5540 reddidit
3013 5483 3210 5551 Ursus,
3243 5483 3301 5539 S.
3332 5481 3396 5535 Β.
3442 5482 3504 5535 Ε.

1925 5565 2326 5644 subdiaconus,
2350 5579 2643 5634 Anastasio
2690 5577 3114 5633 Bibliothecario
3164 5589 3423 5640 coaevus;
3455 5582 3511 5629 et

1982 5777 2094 5852 (45)
2118 5779 2470 5859 ιηιοεδΕρίδι.
2505 5780 2566 5837 S.
2601 5779 2790 5837 Leonis
2826 5777 3032 5851 Magni,
3054 5794 3140 5849 ep.
3175 5776 3267 5844 98,
3302 5782 3435 5830 tom.
3461 5773 3508 5827 l.
