3970 6548
490 403 562 466 3.5
1816 386 2411 448 PROLEGOMENA.
3661 383 3733 447 36

486 508 617 578 quia
646 503 799 571 plura
829 509 1129 556 occurrunt
1154 501 1207 554 in
1225 502 1327 552 liae
1352 496 1606 553 versione
1633 495 1714 552 vel
1741 496 2050 559 immutata,
2228 497 2371 553 XIV.
2399 495 2522 551 Haec
2554 504 2705 558 sunt,
2764 495 2846 547 vir
2901 491 2997 558 cl.,
3031 507 3153 562 qua:
3215 493 3268 548 in
3329 493 3467 550 meis
3511 493 3740 549 schedis

489 599 573 653 vel
599 596 828 663 adjecta,
859 597 938 646 vel
974 593 1207 654 omissa,
1248 605 1477 645 necesse
1534 600 1623 644 cst
1675 587 1857 642 dicere
1909 586 2054 656 quod
2161 592 2556 645 adnotaveram
2596 587 2662 642 de
2695 586 2986 658 Euthymio
3018 585 3317 656 Zigabeno,
3361 596 3418 642 et
3487 585 3556 642 de
3608 588 3737 656 ejus

489 691 666 746 Ursus
692 698 786 742 aut
811 686 1056 742 codicem
1092 686 1156 739 ad
1218 699 1412 738 ιιιειιιιιε
1467 683 1715 737 habuerit
1759 680 2058 750 puriorem.
2161 683 2306 736 libro
2336 682 2613 736 invectivo
2643 692 2835 736 eontra
2874 679 3211 750 Bogomilos,
3245 680 3402 748 cujus
3453 679 3741 750 fragmen-

491 791 585 837 aut
617 782 759 850 quod
791 795 1009 849 aequum
1041 779 1357 845 bonumque
1380 774 1603 830 duxerit
1636 788 1744 825 non
1772 777 1931 823 modo
1980 771 2065 822 in-
2165 785 2276 828 tum
2310 773 2598 837 incditum,
2630 787 2656 825 a
2689 787 2774 826 me
2800 787 2867 827 ex
2911 770 3178 827 Vaticano
3231 773 3418 827 codice
3457 773 3586 827 olim
3634 774 3739 828 de-

493 876 750 943 lt'rpt'elis
785 877 886 928 sibi
928 884 1110 942 partes
1158 891 1396 936 sumere,
1454 871 1551 926 sed
1617 873 1779 925 etiam
1836 868 2062 938 judicis.
2165 867 2458 935 scriptum,
2495 865 2808 934 ntmcjuris
2845 865 2925 918 tui
2960 865 3136 920 libens
3169 864 3334 920 facio.
3396 864 3560 918 Plura
3595 865 3739 934 adji-

491 967 660 1020 l’orro
687 969 817 1035 quin
854 969 996 1021 inter
1028 968 1232 1020 omissa
1266 967 1367 1019 huc
1398 967 1576 1034 ipsum
1630 971 1714 1016 est
1748 961 1814 1015 ab
1853 960 2061 1030 Euthy-
2162 975 2288 1015 cere
2318 959 2622 1027 potuissem
2656 973 2672 1022 ;
2700 956 2794 1010 sed
2821 966 2969 1010 esset
3023 955 3271 1024 profecto
3304 963 3503 1024 preter
3534 971 3738 1024 propo-

489 1061 601 1112 mio
657 1072 1021 1113 monimntum
1112 1060 1460 1121 miraculum,
1525 1055 1818 1110 manifesto
1894 1063 2061 1122 patet,
2161 1051 2327 1105 situm
2362 1059 2516 1102 tuum
2554 1048 2750 1102 edendi
2795 1058 3039 1102 veterum
3074 1049 3411 1116 scriptorum
3439 1046 3734 1110 anecdota,

488 1151 654 1205 etiam
687 1161 813 1205 ante
838 1151 1117 1222 Eutliymil
1154 1160 1367 1206 aetatem
1407 1151 1536 1205 illud
1571 1149 1652 1204 vel
1684 1163 1788 1216 pro
1832 1149 2057 1213 penitus
2161 1143 2205 1197 si
2227 1141 2323 1196 tibi
2355 1143 2626 1198 mitterem
2656 1141 2927 1210 prolixum
2981 1139 3050 1195 de
3080 1138 3478 1210 Bogomilorum
3504 1138 3738 1195 historia

486 1242 652 1306 falso,
679 1244 760 1300 vel
791 1245 981 1300 saltem
1031 1260 1129 1320 prp
1166 1243 1321 1298 valde
1361 1243 1530 1298 dubio
1565 1240 1735 1296 fuisse
1788 1239 2057 1293 habitum.
2158 1246 2475 1292 tractatum.
2500 1234 2652 1289 Vale.

1831 1413 2232 1424 ..ψ

1023 1422 1304 1430 ..-——-——-

527 1435 1260 1447 b—-—_“__.___.._—__l__--
1275 1438 1292 1442 -
1313 1437 1452 1444 _'_____
1465 1436 1606 1441 HF-

979 1623 2086 1806 EUTHYMII
2236 1614 3020 1796 ZIGABE
3043 1618 3262 1792 NI

1294 2312 1570 2565 ΙΝ
1711 2301 2936 2514 PSALMOS

1109 2812 1376 2896 ANT.
1486 2805 2335 2900 BONGIOVANNI
2437 2806 3115 2899 PRIEFATIO.

573 3169 629 3229 Si
683 3169 807 3241 quis
856 3170 998 3226 scire
1019 3171 1168 3239 cupit
1228 3169 1355 3240 quid
1389 3169 1444 3226 in
1504 3185 1670 3227 causa
1706 3170 1866 3225 nobis
1897 3168 2082 3234 fuerit,
2135 3170 2492 3240 quamobrem
2525 3169 2662 3228 istos
2697 3169 2958 3242 Zigabeni
2983 3171 3426 3230 Commentarios
3455 3177 3508 3230 in
3544 3175 3735 3233 Tbeoo

504 3257 739 3334 pliylacti
768 3278 994 3333 operum
1024 3266 1265 3324 editione
1324 3266 1636 3322 locaremus
1669 3263 1746 3336 (α)
1777 3280 1792 3329 ;
1837 3265 1882 3320 si
1919 3264 2137 3335 paulum
2169 3265 2219 3320 is
2258 3265 2552 3320 attenderit
2586 3264 2652 3319 ad
2683 3281 2746 3322 ea
2778 3281 2900 3336 quae
2933 3267 2986 3320 in
3022 3265 3351 3323 Praefatione
3386 3283 3553 3339 supra
3596 3270 3745 3325 dixi-

506 3373 654 3422 mus,
692 3357 745 3412 id
777 3359 895 3428 ipse
925 3375 1017 3426 per
1051 3375 1108 3416 se
1147 3359 1305 3416 facile
1337 3358 1624 3428 intelliget.
1656 3357 1790 3413 Cum
1824 3358 1970 3412 enim
1997 3355 2658 3424 decssent'l‘heophylacu
2681 3353 3083 3412 Commentaria
3123 3358 3176 3412 in
3207 3366 3413 3428 septem
3440 3363 3745 3432 prophetas

513 3450 749 3502 minueres
777 3466 790 3514 ;
823 3465 998 3518 eaque
1023 3465 1146 3519 qua}
1177 3451 1232 3510 in
1273 3450 1464 3510 codice
1490 3449 1758 3507 Bavarico
1793 3451 2225 3512 continerentur,
2256 3463 2362 3502 non
2389 3446 2821 3518 -'l‘beophylacti,
2853 3448 2947 3503 sed
2982 3449 3310 3506 Theodoreti
3343 3467 3469 3507 esse
3487 3468 3747 3525 comper-

500 3551 617 3596 tum
648 3543 1022 3607 habuerimus,
1071 3559 1298 3603 necesse
1333 3555 1624 3612 prapierea
1652 3543 1753 3597 fuit
1783 3543 1850 3597 ad
1900 3542 2048 3596 aliud
2100 3541 2328 3600 alterius
2381 3540 2672 3609 scriptoris
2717 3555 2858 3610 opus
2889 3541 3204 3613 confugere,
3235 3559 3344 3614 quo
3395 3551 3627 3614 quartus
3650 3548 3746 3604 hic

501 3649 682 3696 tomus
712 3639 1106 3707 compleretur.
1140 3636 1304 3696 Multa
1338 3651 1504 3706 porro
1561 3637 1721 3693 nobis
1747 3653 1813 3693 ex
1849 3635 2239 3706 manuscriptis
2297 3634 2580 3695 codicibus
2627 3635 2996 3705 suppetebant
3029 3639 3408 3706 praestantium
3445 3649 3742 3698 auctorum

500 3743 690 3797 opera,
722 3732 964 3792 nondum
1001 3732 1245 3800 vulgata,
1278 3733 1461 3788 omnia
1484 3745 1618 3788 sane
1639 3731 1801 3800 digna
1833 3745 1956 3798 qua:
1982 3727 2038 3782 in
2063 3730 2238 3785 lucem
2270 3727 2667 3798 proferrentur.
2701 3724 2779 3782 Et
2806 3725 2894 3782 his
2921 3735 3100 3781 tamen
3131 3727 3429 3798 delegimus
3461 3727 3743 3801 Eutliymii

501 3824 761 3900 Zigabrni
785 3829 1198 3884 (lonnnentaria
1231 3831 1286 3884 in
1317 3828 1590 3890 Psalmos,
1626 3826 1842 3881 duabus
1865 3827 1932 3881 de
1958 3826 2178 3881 causis:
2216 3825 2386 3879 altera
2413 3824 2556 3894 quod
2587 3822 2990 3893 TbeOphylacto
3017 3838 3116 3894 par
3138 3823 3357 3894 ingenio
3385 3833 3470 3881 est
3502 3825 3737 3894 Zigabe—

501 3932 645 3981 nus;
675 3919 867 3983 altera,
891 3920 1035 3987 quod
1067 3921 1118 3978 id
1149 3935 1289 3990 opus
1315 3919 1565 3988 eiusdem
1594 3919 1756 3991 plane
1779 3919 1996 3990 generis
2018 3927 2126 3984 est,
2157 3918 2318 3988 cujus
2348 3916 2742 3988 Thcophylacti
2793 3918 3024 3987 scripta,
3055 3933 3177 3989 quas
3207 3921 3262 3974 in
3284 3920 3465 3976 sacris
3495 3919 3748 3992 Scriptu-

501 4014 577 4074 rix
607 4014 1034 4084 interpretandis
1064 4027 1438 4074 versarentur.

575 4109 746 4169 Venio
779 4129 923 4168 nunc
951 4114 1018 4170 ad
1047 4115 1294 4175 Latinam
1327 4113 1862 4185 interpretationem.
1923 4113 1998 4166 Ea
2027 4121 2114 4168 est
2148 4111 2322 4177 Sauli,
2378 4111 2625 4181 episcopi
2657 4110 3069 4181 Brugnatensis,
3101 4111 3215 4181 qui,
3253 4122 3310 4167 ut
3335 4111 3446 4167 fere
3475 4112 3554 4176 fit,
3578 4113 3742 4182 plura

501 4204 686 4267 modo,
715 4207 876 4263 modo
905 4208 1161 4276 pauciora
1199 4209 1253 4262 in
1293 4207 1486 4262 codice
1527 4222 1631 4262 suo
1663 4207 1888 4276 reperit,
1912 4221 2075 4275 quam
2115 4207 2169 4259 in
2235 4205 2423 4258 codice
2457 4205 2665 4258 Veneto
2692 4206 3055 4272 reperiantur.
3095 4200 3370 4258 Interdum
3403 4207 3566 4259 etiam
3596 4221 3745 4272 illia:-

500 4295 625 4348 dam
657 4312 720 4350 ex
753 4299 972 4368 ingenio
995 4314 1095 4353 suo
1125 4299 1299 4363 addit,
1324 4299 1725 4368 explanationis
1759 4298 1954 4368 gratia.
1987 4297 2121 4361 Qua:
2142 4297 2324 4366 itaque
2349 4296 2566 4352 duobus
2588 4295 2747 4349 uncis
2778 4296 2897 4351 istis
2925 4296 2968 4365 ()
3000 4295 3352 4358 clauduntur,
3379 4310 3442 4350 ea
3473 4295 3526 4349 in
3552 4296 3747 4350 codice

503 4391 710 4446 Veneto
759 4392 1169 4457 desiderantur;
1204 4409 1325 4461 qua
1347 4409 1476 4450 vero
1507 4393 1681 4462 signis
1709 4393 1795 4448 his
1819 4411 1874 4445 υ
1913 4401 2195 4455 notantur,
2233 4408 2296 4446 ea
2350 4393 2547 4446 desunt
2583 4393 2636 4446 in
2667 4393 2876 4453 codice.
2903 4406 3013 4461 quo
3047 4407 3179 4447 usus
3218 4401 3301 4446 est
3328 4390 3553 4446 Latinus
3597 4393 3741 4446 idem

505 4481 780 4550 interpres
809 4497 824 4546 ;
855 4496 1030 4551 eaque.
1055 4497 1123 4536 ex
1156 4482 1354 4538 codice
1383 4481 1591 4541 Veneto
1622 4481 1809 4537 Graece
1835 4492 1890 4536 et
1914 4481 2109 4535 Latine
2138 4481 2297 4551 primi
2327 4482 2542 4536 damus.
2569 4473 2695 4538 Haec
2729 4483 2896 4539 semel
2929 4485 3031 4539 hoc
3051 4483 3171 4538 loco
3195 4483 3470 4538 monuisse
3488 4481 3741 4552 sufﬁciat,

504 4589 574 4626 ne
609 4574 794 4627 eadem
825 4573 1057 4643 singulis
1093 4575 1208 4629 fere
1244 4576 1478 4646 paginis,
1516 4576 1679 4646 idque
1711 4575 1931 4644 sacpius,
1967 4575 2250 4638 iterantes,
2285 4574 2564 4629 fastidium
2593 4577 2898 4650 legentibus
2941 4591 3278 4632 moveamus.

573 4661 693 4718 Jam
720 4681 848 4718 vero
880 4665 947 4718 de
978 4667 1161 4736 operis
1190 4669 1502 4738 praestantia
1555 4682 2018 4737 supervacaneum
2050 4677 2135 4722 est
2167 4667 2372 4722 dicere.
2411 4666 2560 4724 Satis
2589 4671 2734 4723 enim
2760 4684 2819 4723 se
2856 4669 3032 4737 ipsum
3071 4666 3365 4735 legentibus
3393 4666 3746 4738 commendat

500 4754 1010 4822 commendavitque
1048 4772 1260 4823 semper
1284 4759 1475 4812 merito
1519 4750 1634 4812 suo
1691 4758 2042 4827 auctorisque
2064 4759 2148 4812 sui
2191 4758 2550 4824 celebritate;
2589 4774 2698 4829 quo
2748 4759 2941 4812 merito
2964 4773 3139 4828 quave
3171 4757 3488 4811 celebritate
3531 4755 3740 4810 factum

503 4851 612 4905 est,
637 4852 698 4896 ut
729 4845 929 4913 saepius
961 4847 1335 4902 recuderetur.
1358 4846 1550 4902 Plures
1577 4847 1720 4901 etaim
1744 4856 1868 4900 ante
1886 4846 2028 4900 hanc
2056 4848 2174 4917 ejus
2192 4849 2375 4916 operis
2403 4847 2672 4902 editiones
2695 4847 2898 4901 Latinae
2917 4847 3267 4916 prodierunt;
3298 4846 3466 4899 altera
3489 4843 3742 4910 Veronae,

502 4934 677 4989 altera
700 4935 960 5000 Venetiis,
987 4939 1210 4996 Parisiis
1232 4940 1372 5003 alias,
1399 4940 1516 4994 alia
1544 4939 1665 4994 aliis
1699 4941 1751 4992 iu
1775 4938 1932 5000 locis,
1975 4937 2116 5004 Quid
2145 4940 2246 4992 hoc
2278 4938 2381 4992 sibi
2414 4939 2561 4992 vult?
2589 4938 2642 4992 Id
2674 4952 2811 5008 opus
2845 4938 3100 4992 nimirum
3133 4951 3254 4992 esse
3284 4937 3441 5005 longe
3475 4937 3742 5005 optimum

503 5038 670 5096 atque
695 5032 1210 5097 pncstantissimum
1235 5048 1250 5086 :
1275 5035 1328 5087 ni
1360 5034 1506 5088 enim
1543 5034 1648 5088 tale
1670 5042 1838 5098 esset,
1871 5032 2088 5102 placere
2121 5041 2406 5102 tantopere
2444 5047 2551 5086 non
2599 5035 2889 5102 potuisset,
2927 5033 3087 5102 idque
3113 5045 3348 5100 semper,
3377 5036 3431 5082 et
3464 5029 3745 5091 omnibus.

501 5129 562 5173 et
599 5121 824 5188 ubique.
857 5123 1014 5188 Quod
1064 5128 1109 5180 si
1167 5135 1455 5196 tantopere
1508 5127 1709 5197 placuit
1740 5126 1931 5180 Latine
1969 5135 2202 5187 tantum,
2252 5135 2441 5180 extera
2475 5125 2685 5196 lingua,
2719 5126 2926 5180 auctori
2968 5140 3069 5179 suo
3100 5124 3255 5194 plane
3291 5123 3498 5192 ignota,
3541 5132 3745 5189 quanto

504 5213 704 5281 magis.
745 5222 926 5282 putas,
964 5215 1015 5268 id
1054 5217 1288 5286 placebit
1321 5217 1506 5272 Graeca
1543 5220 1746 5288 lingua,
1776 5233 1882 5286 qua
1917 5225 2109 5271 auctor
2141 5217 2395 5286 egregius
2429 5217 2697 5287 scripsit?
2727 5216 2865 5271 Cum
2906 5215 3098 5269 Latina
3133 5214 3296 5269 verba
3330 5212 3484 5281 legis,
3520 5210 3744 5267 Saulum

504 5303 703 5371 audis;
738 5321 859 5358 cum
905 5307 1092 5361 Greca
1115 5349 1129 5373 ,
1163 5310 1519 5380 Zigabenum.
1555 5311 1787 5365 Tantum
1843 5325 2010 5380 porro
2039 5309 2180 5363 inter
2217 5309 2320 5364 hoc
2362 5318 2523 5380 atque
2555 5311 2684 5365 illud
2731 5311 2980 5374 interest,
3013 5316 3273 5377 quantum
3299 5308 3438 5361 inter
3470 5307 3743 5360 hominem

507 5393 744 5460 intersit,
773 5407 827 5451 et
854 5399 974 5466 ejus
1004 5401 1319 5472 imaginem,
1353 5418 1472 5473 qua:
1502 5403 1553 5456 in
1580 5405 1802 5472 speculo
1833 5411 2282 5471 reprresentatur.
2311 5403 2386 5457 Ex
2425 5404 2648 5474 nptimis
2674 5419 2839 5474 porro
2867 5401 3110 5457 fontibus
3145 5401 3322 5456 hausit
3346 5408 3539 5454 auctor
3562 5410 3748 5454 noster

505 5493 782 5560 egregius,
815 5502 872 5546 ut
901 5499 1234 5562 experientia
1263 5499 1408 5553 docti
1462 5506 1803 5569 compertum
1868 5498 2154 5554 habemus.
2181 5498 2446 5554 Przeclare
2478 5500 2696 5568 quidem
2732 5499 2779 5553 is
2810 5497 3032 5554 disserit
3063 5497 3116 5551 in
3141 5493 3470 5551 versiculum
3506 5494 3745 5563 primmn

505 5581 698 5647 psalmi
730 5583 888 5652 primi
921 5583 1117 5640 Beatus
1149 5587 1249 5654 vir,
1281 5588 1484 5644 docens
1523 5604 1617 5658 per
1657 5589 1834 5643 virum
1869 5603 1974 5641 non
2006 5587 2226 5642 excludi
2262 5590 2542 5644 mulierem
2569 5606 2585 5656 ;
2615 5601 2670 5643 at
2701 5589 2839 5655 haec,
2869 5598 2928 5644 ut
2961 5589 3218 5660 pleraque
3251 5587 3378 5655 alia,
3413 5585 3749 5656 deprompsit

565 5784 636 5845 (α)
670 5783 792 5846 Opp.
833 5787 1210 5851 TlieOpbylacti,
1239 5790 1417 5842 Venet.
1444 5791 1665 5840 17238-65.
1700 5818 1749 5828 —
1778 5790 2076 5851 Palroloqiw
2108 5798 2224 5842 tom.
2253 5789 2670 5842 CXXIII-CXXVI.
