3970 6540
246 422 318 483 37
1598 412 2189 477 PROLEGOMENA.
3441 402 3515 481 38

249 548 322 586 es
365 533 574 590 Basilio
606 532 706 606 (a),
745 534 831 590 vel
883 532 1250 590 Theodoreto.
1281 530 1429 588 Scite
1463 531 1605 587 idem
1641 532 2035 599 interpretatur
2068 523 2400 581 versiculum
2432 524 2653 579 tertium
2698 533 2753 580 et
2788 537 2993 579 nonum
3020 521 3217 594 psalmi
3255 521 3510 587 secundi,

252 617 650 693 Dirumpamus
673 624 884 677 vincula
913 640 1095 679 eorum
1122 640 1140 678 :
1174 641 1318 692 reges
1355 639 1441 677 eos
1466 623 1518 676 in
1549 624 1696 691 virga
1718 621 1912 690 ferrea,
1951 633 2048 687 per
2077 617 2349 671 \inculum
2381 614 2665 670 Judaicam
2693 617 2887 686 legem,
2916 631 3014 686 per
3043 614 3250 685 virgam
3286 626 3511 668 crucem

254 712 578 786 intelligens
620 726 719 772 :at
757 716 891 783 inec,
928 727 987 773 ut
1033 718 1137 772 alia
1171 694 1308 773 bene
1336 717 1528 781 multa,
1582 713 1921 785 deprompsit
1965 727 2031 767 ex
2081 724 2278 783 magno
2309 710 2610 764 Athanasio
2645 710 2740 777 (ὁ).
2772 709 3001 780 Egregie
3030 723 3250 779 quoque
3283 705 3515 762 disserit

259 813 331 865 de
389 822 600 882 septem
657 828 938 867 sacrarum
980 814 1390 883 Seripturarum
1422 812 1778 874 editionibus,
1808 824 1915 879 quo
1954 822 2182 876 quaeque
2215 813 2483 874 tempore,
2516 815 2567 859 et
2599 820 2627 857 a
2661 820 2770 874 quo
2802 804 3019 873 Scripta:
3050 802 3274 856 fuerint.
3304 799 3505 854 Verum

257 904 377 957 luec
413 906 721 975 desumpsit
750 922 814 961 ex
852 916 1081 963 auctore
1107 906 1432 975 Synopscos,
1494 919 1618 974 qua:
1646 916 1841 973 magno
1868 899 2042 956 cidem
2075 898 2379 955 Athanasio
2406 898 2689 953 tribuitur.
2714 895 2846 960 Quae
2870 910 2997 949 vero
3022 896 3089 951 de
3122 891 3409 949 Psalterio.
3450 888 3522 943 de

258 1000 389 1064 ode,
437 1001 507 1055 de
547 1001 938 1070 dinpsalmate,
1005 1002 1069 1054 de
1123 1002 1335 1055 ca'teris
1374 1001 1626 1055 edisserit
1655 1000 1706 1053 in
1747 995 2015 1067 prommio
2057 993 2389 1062 Zigabenus,
2417 1007 2504 1055 ea,
2536 1005 2593 1046 ut
2624 994 2727 1046 alia
2769 990 3076 1059 complura,
3110 984 3393 1050 αὺτολεξεὶ
3421 988 3521 1038 de-

263 1092 544 1160 prompsit
572 1108 636 1146 ex
665 1090 889 1146 Eusebii
914 1090 1546 1162 Pamphiliargnmento,
1583 1091 1920 1160 reliquisque
1943 1086 2356 1141 commentariis
2390 1084 2444 1138 in
2475 1084 2733 1139 i’sahnos.
2773 1082 3039 1148 Quoniam
3072 1089 3250 1133 autem
3277 1079 3332 1132 in
3368 1078 3520 1131 hunc

259 1185 445 1237 locum
491 1185 808 1246 incidimus,
846 1198 1026 1252 operae
1056 1184 1287 1252 pretium
1318 1186 1577 1239 ducimus
1615 1184 1701 1237 hic
1750 1181 2015 1237 exhibere
2056 1178 2362 1250 argumenti
2424 1177 2598 1246 ipsius
2630 1177 2869 1240 initium,
2899 1171 3044 1242 quod
3075 1171 3130 1224 in
3163 1171 3521 1226 celeberrima

261 1276 565 1331 clarissimi
608 1275 1006 1332 Montfauconii
1054 1274 1296 1329 editione
1343 1273 1707 1329 desideratur.
1758 1273 1812 1326 Id
1868 1281 2048 1325 autem
2094 1268 2489 1338 exscripsimus
2515 1281 2579 1320 ex
2613 1268 2989 1349 vetustissimo
3013 1268 3203 1322 codice
3247 1256 3519 1319 Bernardi

260 1366 652 1431 Nani,.Veneti
679 1368 975 1431 senatoris,
1001 1383 1176 1437 nuper
1224 1366 1381 1439 (proh
1414 1365 1571 1423 dolor
1596 1366 1609 1419 l
1634 1366 1651 1433 )
1675 1364 1787 1418 fato
1824 1364 2022 1425 iuncti.
2087 1364 2153 1417 de
2191 1378 2248 1417 re
2271 1360 2533 1421 iitteraria
2574 1360 2777 1430 optime
2813 1359 3013 1423 meriti,
3043 1361 3137 1431 qui
3169 1374 3291 1415 cum
3319 1356 3521 1411 multos

264 1456 512 1526 undique
541 1454 763 1511 codices
800 1455 1189 1528 conquisisset,
1216 1470 1381 1525 opera
1418 1452 1604 1508 Jacobi
1633 1453 1841 1516 fratris.
1871 1453 2078 1507 strenui
2111 1452 2233 1518 viri,
2266 1451 2480 1505 navium
2514 1450 2774 1519 praefecti,
2800 1464 2896 1503 eos
2930 1450 3085 1517 mihi,
3121 1458 3379 1518 tanquam
3405 1465 3518 1504 rem

266 1565 470 1609 meant.
500 1548 735 1605 utendos
767 1549 1163 1609 humanissime
1188 1551 1481 1609 concessit.
1524 1549 1596 1605 Ex
1624 1550 1709 1604 his
1757 1550 1939 1623 itaque
1963 1549 2266 1615 codicibus,
2306 1548 2398 1619 qui
2421 1561 2651 1601 numero
2684 1543 2881 1598 XXXII
2909 1554 3150 1613 notatur,
3184 1546 3264 1602 sic
3298 1545 3520 1607 Eusebii

265 1652 651 1710 argumentum
682 1643 735 1696 in
759 1641 1004 1698 Psaltuos
1029 1643 1250 1698 exhibet
1273 1658 1287 1695 :

1287 1736 1601 1801 Ύπόθεσις
1634 1736 1929 1789 Εὐσεσίου
1959 1737 2051 1799 εις
2076 1733 2141 1789 τὸ
2171 1733 2515 1804 Alcidama.

337 1823 610 1886 Πολλάκις
639 1824 882 1898 ζητήσας
900 1830 998 1901 τὴν
1019 1829 1200 1885 αἰτίαν
1218 1829 1311 1882 τοῦ
1338 1831 1741 1900 ἐπιγράφεσθαι
1775 1828 1979 1900 μεταξὺ
2008 1847 2171 1882 τινων
2198 1828 2431 1898 ψαλμῶν
2454 1826 2758 1898 Stati/alita,
2780 1826 3006 1896 ὓστερον
3036 1827 3441 1900 παρατηρήσας
3462 1827 3520 1880 ἐν

264 1914 341 1984 τῷ
378 1914 681 1986 Ἐὗραῖκῷ,
715 1920 810 1972 καὶ
846 1920 1209 1984 συνεξετάσας
1240 1921 1390 1991 αὐτῷ
1416 1922 1477 1974 τὸ
1518 1921 1853 1992 Ἑλληνικὸν,
1880 1917 2061 1991 εὗρον,
2093 1921 2327 1974 ὃτιδπου
2375 1920 2656 1993 Ἐϐραϊστὶ
2683 1919 2794 1984 σὲλ,
2843 1918 3147 1989 Ἑλληνιστὶ
3171 1918 3226 1971 δὲ
3259 1918 3369 1982 ἀεὶ,
3397 1921 3523 1990 ἦτοι

265 2009 496 2080 comfort?
523 2011 906 2082 ἰσοδυναμοῦν,
934 2015 1051 2067 ἐκεῖ
1071 2015 1120 2067 oi
1148 2010 1225 2081 0',
1250 2016 1346 2069 καὶ
1370 2014 1687 2081 Θεοδοτίων,
1710 2018 1804 2069 καὶ
1830 2013 2128 2087 Σύμμαχος
2149 2015 2346 2080 ἔταξαν
2374 2014 2434 2067 τὸ
2456 2013 2758 2085 διάψαλμα.
2794 2011 3081 2087 Ἔγραψαν
3111 2011 3290 2066 τοίνυν
3316 2013 3376 2067 τὸ
3405 2013 3523 2068 διά·-

265 2105 459 2174 ψαλμα
490 2124 544 2160 κ.
582 2125 636 2161 τ.
678 2107 730 2162 λ.

345 2197 475 2252 ΙΙειδε
503 2199 666 2256 divus
700 2200 1066 2274 Hieronymus
1096 2202 1167 2274 (c)
1206 2203 1278 2258 ita
1306 2202 1499 2257 Latine
1529 2201 1787 2256 reddidit.

346 2309 365 2339 ι
405 2289 560 2358 δίψα
590 2307 841 2361 quaerens
866 2307 1090 2358 causas,
1128 2309 1225 2347 cur
1249 2295 1301 2347 in
1329 2293 1658 2363 quibusdam
1718 2293 1941 2362 psalmis
1986 2296 2363 2363 interponatur
2398 2295 2726 2362 diapsalma,
2788 2295 3072 2350 observavi
3109 2292 3525 2364 diligentissime

268 2383 324 2433 iu
393 2379 647 2447 Hebraeo,
685 2392 739 2439 et
799 2399 923 2439 cum
975 2381 1167 2439 Graeco
1228 2386 1458 2449 contuli,
1520 2385 1816 2454 iuvenique
1861 2389 1990 2455 quia
2038 2385 2129 2439 ubi
2166 2386 2346 2456 lingua
2384 2384 2608 2440 Hebraea
2652 2386 2775 2440 Sela
2807 2388 2928 2456 (ms.
2963 2386 3073 2456 Sel)
3127 2389 3307 2451 habet,
3336 2386 3522 2442 Gra't-a

272 2488 406 2525 vero
455 2491 679 2541 semper,
728 2484 821 2529 aut
875 2476 1081 2545 aliquid
1116 2475 1449 2539 istiusmodi,
1495 2475 1567 2530 ibi
1613 2475 1993 2547 Septuaginta,
2029 2485 2082 2530 et
2103 2475 2466 2543 Theodotiun,
2500 2485 2555 2532 et
2585 2476 2950 2548 Symmachus
2978 2479 3377 2532 transtulerunt
3408 2478 3527 2529 dia-

272 2566 499 2631 psalmn.
525 2587 543 2618 ι

348 2660 471 2716 llaec
507 2663 800 2723 Eusebius.
829 2664 896 2718 ab
926 2663 1159 2735 Origene
1188 2671 1468 2718 mutuatus
1498 2662 1563 2717 ad
1592 2662 1842 2716 verbum.
1869 2661 1926 2715 id
1959 2672 2139 2716 autem
2172 2661 2535 2719 libentissime
2582 2663 2797 2729 damus,
2838 2678 3013 2737 eoque
3052 2664 3213 2718 etiam
3246 2665 3536 2724 libentius,

276 2758 419 2824 quod
450 2754 670 2812 Eusebii
710 2759 927 2812 nomine
959 2757 1201 2810 nondum
1219 2757 1501 2826 vulgatum
1541 2763 1647 2817 est,
1686 2755 1940 2823 quodque
1963 2762 2077 2807 tum
2120 2752 2380 2818 Eusebio,
2420 2762 2533 2807 tum
2581 2755 2897 2827 Euthymio,
2930 2764 3044 2810 tum
3079 2759 3242 2811 etiam
3285 2757 3533 2830 Origeni.

220 2902 231 2915 η
279 2844 425 2897 unde
450 2856 730 2913 sumptum
769 2838 876 2911 est,
917 2847 1243 2900 illustrando
1297 2846 1591 2915 plurimum
1624 2844 1858 2900 confert.
1884 2843 1960 2897 Ex
1990 2844 2078 2899 his
2110 2844 2279 2914 igitur
2328 2847 2586 2902 omnibus
2623 2846 2806 2901 hausit
2840 2846 3171 2915 Zigabeuus,
3223 2862 3323 2902 nec
3352 2865 3414 2902 ex
3442 2850 3539 2903 his;

278 2937 477 3000 solum,
513 2936 608 2991 sed
641 2938 806 2990 etiam
841 2952 906 2990 ex
947 2936 1094 2998 aliis,
1126 2946 1359 3005 quorum
1391 2949 1556 3003 opera
1591 2943 1686 2987 aut
1738 2933 2158 2997 interciderunt,
2192 2944 2283 2986 ant
2313 2936 2365 2987 in
2406 2934 2751 2990 bibliothecis
2780 2940 3155 3006 manuscripta
3181 2938 3538 2994 delitescunt.

288 3029 448 3099 Lege,
491 3029 537 3081 si
570 3030 770 3097 placet,
802 3027 1055 3097 Origenis
1079 3026 1368 3096 Exegetica
1396 3028 1451 3079 in
1481 3026 1751 3083 Psalmos.
1788 3039 2050 3095 percurre
2080 3023 2265 3078 Basilii
2290 3025 2753 3092 COmmentarios,
2789 3027 3008 3083 revolve
3041 3027 3298 3100 llesychii
3337 3029 3531 3083 Hieru-

282 3123 597 3191 solymitani
633 3121 891 3185 Scholia;
922 3120 1007 3175 adi
1040 3121 1098 3174 b'.
1128 3120 1398 3174 Joannem
1430 3119 1904 3188 Chrysostomum,
1945 3116 2001 3171 S.
2041 3117 2303 3188 Cyrillum
2335 3118 2789 3187 Alexandrinum,
2821 3128 3048 3174 ca‘teros
3072 3120 3126 3173 in
3165 3122 3346 3175 aureis
3368 3122 3532 3176 Cate-

285 3220 369 3271 nis
400 3216 797 3284 manuscriptis
830 3214 1029 3270 Graeca:
1056 3215 1120 3269 ἰ).
1154 3214 1318 3268 Marci
1359 3213 1722 3275 bibliothecas,
1752 3228 1816 3265 ex
1849 3211 2046 3280 quibus
2074 3212 2329 3267 omnibus
2362 3213 2531 3266 multa
2562 3212 2896 3283 Zigabennm
2932 3213 3344 3285 deprompsisse
3371 3232 3532 3271 com-

287 3309 481 3378 peries.
509 3306 647 3360 Cum
682 3308 867 3376 itaque
883 3306 1341 3374 pmstantissimo
1371 3304 1590 3374 ingenio
1613 3302 2027 3371 sitZigabenus,
2054 3316 2178 3354 cum
2208 3316 2271 3355 ex
2302 3303 2522 3371 optimis
2558 3304 2674 3373 ipse
2696 3303 2943 3361 fontibus
2979 3305 3245 3368 hauserit,
3278 3308 3533 3381 Origene,

283 3398 607 3463 Athanasio,
635 3397 856 3453 Basilio.
880 3397 1300 3468 Chrysostomo,
1329 3395 1623 3466 liesychio,
1660 3394 1876 3449 caeteris
1912 3409 1927 3446 :
1982 3406 2166 3454 nemo.
2200 3393 2416 3461 opinor,
2445 3396 2680 3463 amplius
2714 3399 3027 3463 mirabitur,
3059 3400 3207 3465 quod
3238 3409 3345 3453 tam
3374 3416 3532 3468 egre-

282 3489 368 3555 gia
404 3487 518 3541 sint
544 3488 670 3556 ejus
703 3486 1109 3543 Commentaria
1144 3487 1197 3540 in
1233 3486 1505 3547 Psalmos.
1538 3484 1794 3555 quodque
1835 3485 1968 3541 viris
1995 3487 2229 3543 eruditis
2286 3496 2572 3558 tantopere
2597 3504 2815 3560 semper
2839 3490 3168 3558 placuerint.
3202 3492 3355 3556 Quod
3408 3508 3533 3546 cum

282 3584 355 3636 ita
379 3585 472 3646 sia,
526 3591 871 3654 pergratum,
928 3581 1146 3653 opinor,
1182 3597 1392 3652 perque
1418 3583 1722 3651 jucundum
1754 3582 2014 3638 omnibus
2045 3584 2151 3638 erit
2184 3583 2237 3639 id
2276 3598 2436 3654 opus,
2472 3584 2617 3654 quod
2648 3582 2753 3648 ipsi
2791 3583 2953 3658 primi
2984 3583 3176 3641 Graece
3204 3585 3429 3651 damus,
3455 3601 3523 3639 ea

286 3686 481 3743 nempe
516 3675 724 3745 lingua,
753 3689 858 3744 qua
889 3683 1085 3728 auctor
1118 3674 1209 3729 hie
1236 3673 1473 3729 eximius
1507 3673 1859 3743 conscripsit.
1895 3671 2077 3743 )Equo
2106 3674 2273 3745 igitur
2312 3674 2497 3730 animo
2524 3672 2652 3737 viri,
2686 3682 2957 3745 quotquot
3005 3677 3139 3732 estis
3169 3676 3224 3729 in
3254 3676 3387 3731 orbe
3421 3686 3534 3729 ter-

286 3780 471 3821 rarum
505 3766 735 3831 eruditi,
758 3767 947 3823 isthmc
972 3765 1190 3836 egregia
1225 3773 1339 3819 tum
1365 3758 1779 3836 Theophyiacti,
1816 3774 1929 3820 tum
1959 3765 2219 3837 Zigabeni
2250 3781 2438 3837 opera,
2464 3782 2586 3837 qua:
2610 3767 2854 3823 nondum
2877 3766 3363 3838 lucem_vldcrunt,
3385 3772 3535 3822 exei-

288 3862 420 3932 pite.
3092 3922 3099 3927 .

359 3952 556 4008 Verum
587 3961 879 4022 antequam
913 3949 1130 4022 praefari
1161 3951 1379 4018 desino,
1412 3965 1579 4006 unum
1606 3950 1788 4006 adhuc
1818 3964 2034 4014 moneo,
2067 3967 2262 4023 nempe
2280 3951 2748 4009 Commentarium
2772 3951 2829 4007 in
2853 3951 3123 4019 Psaimos,
3149 3953 3242 4023 qui
3282 3951 3336 4007 in
3372 3953 3533 4008 Cata-
3590 3966 3595 3973 ·

298 4046 418 4117 loga
452 4046 723 4104 librorum
770 4054 827 4100 et
850 4042 1357 4116 manuscriptorum
1387 4045 1732 4101 bibliotheca)
1758 4044 2296 4116 Regio~Parisieusis
2336 4044 2747 4117 Theophyiacto
2780 4054 2976 4101 nostro
3003 4045 3353 4109 inscribitur,
3388 4045 3535 4100 hunc

288 4140 540 4194 eumdem
592 4152 737 4201 esse,
790 4151 952 4206 quem
1007 4136 1095 4191 hic
1155 4135 1393 4199 etiimns,
1426 4135 1706 4207 Euthymii
1741 4134 2024 4206 Zigabeni,
2054 4150 2327 4205 quemque
2364 4149 2511 4204 saepe
2532 4134 2762 4190 Parisiis
2794 4135 3150 4204 promissum,
3182 4144 3237 4190 et
3266 4136 3533 4202 nondum,

286 4246 408 4285 eum
438 4232 636 4285 tertius
665 4210 921 4283 ederetur
941 4237 1148 4294 tomus,
1176 4241 1205 4280 a
1238 4228 1400 4283 nobis
1428 4236 1713 4297 acceptum
1747 4226 1941 4291 fuisse,
1971 4232 2185 4281 monuit
2212 4226 2306 4297 qui
2333 4228 2390 4281 in
2420 4228 2598 4296 ipsum
2626 4225 2889 4295 prmiatus
2920 4236 3003 4281 est
3030 4237 3165 4283 seet.
3200 4226 3342 4281 Xlll.
3380 4224 3543 4281 Scili-

286 4333 372 4377 cet
398 4338 465 4378 ea
524 4321 811 4392 inscriptio
856 4335 956 4375 nos
992 4320 1048 4375 in
1079 4334 1232 4390 spem
1262 4328 1537 4383 erexerat,
1569 4328 1789 4375 exstare
1836 4320 2072 4391 aliquem
2105 4319 2502 4390 'i'heophylaeti
2532 4320 2586 4373 in
2636 4317 2886 4375 Psaimos
2909 4319 3400 4380 Commentariun),
3429 4334 3543 4388 quo

288 4416 439 4471 istaec
489 4416 663 4470 editio
692 4424 885 4475 nostra
949 4421 1138 4483 posset
1186 4413 1512 4482 locupletari
1549 4424 1717 4483 atque
1765 4414 2054 4483 compleri.
2089 4412 2274 4479 Quare
2299 4413 2518 4467 "nullum
2548 4428 2655 4467 non
2688 4414 2927 4485 lapidem
2961 4416 3257 4478 movimus,
3301 4414 3538 4471 utillins

286 4515 571 4577 compotes
594 4506 877 4563 daremus.
916 4505 1116 4561 Verum
1149 4522 1299 4573 cum,
1331 4507 1505 4561 multo
1537 4508 1819 4575 insnmpto
1867 4513 2115 4571 tempore
2154 4521 2219 4559 ac
2276 4505 2484 4570 labore,
2510 4506 2729 4560 tandem
2760 4506 2912 4561 illius
2944 4506 3133 4576 prima:
3164 4506 3375 4576 pagina:
3405 4519 3541 4575 apo-

288 4602 557 4669 graphnm
584 4599 654 4655 ad
694 4614 798 4655 nos
817 4599 1086 4670 perlatum
1115 4598 1593 4664 esset,cellatione
1618 4599 1760 4652 facta
1794 4600 2188 4670 comperimus,
2219 4614 2284 4655 eo
2308 4600 2496 4654 codice
2516 4613 2625 4653 non
2655 4601 2805 4656 aliud
2834 4600 3134 4663 contineri,
3168 4601 3279 4656 nisi
3319 4610 3538 4657 textum

286 4688 558 4756 Gmcum,
590 4706 830 4761 eumque
854 4692 1144 4759 ineditum,
1176 4691 1569 4771 Corprnentarii
1603 4689 1882 4762 Euthymii
1925 4691 2127 4760 sepius
2157 4691 2272 4762 jam
2305 4689 2498 4747 Latine
2530 4693 2689 4747 editi.
2730 4692 2869 4760 Quid
2896 4692 3281 4749 doctissimum
3315 4694 3454 4748 alias
3486 4703 3545 4749 et

290 4786 711 4845 solertissimum
734 4788 978 4858 pradieti
1018 4788 1269 4859 Catalogi
1299 4795 1580 4843 auctorem
1615 4789 1668 4843 in
1695 4801 1938 4843 errorem
1976 4788 2282 4853 induxerit,
2340 4799 2400 4843 ut
2434 4789 2579 4843 hunc
2627 4788 3099 4847 Commentarium
3124 4789 3546 4862 'i‘heOphyiaeto

290 4879 583 4944 tribueret,
617 4895 722 4936 nec
750 4879 1004 4936 divinare
1036 4896 1352 4952 possumus,
1378 4897 1552 4951 neque
1578 4880 1630 4934 id
1661 4882 1967 4951 disquirere
1996 4889 2184 4937 nostra
2210 4882 2456 4935 interest.
2489 4881 2599 4936 Hoc
2625 4896 2807 4937 tamen
2836 4898 3059 4937 monere
3085 4898 3267 4953 opera:
3298 4883 3543 4951 pretium

290 4976 572 5039 duximus,
602 4990 671 5029 ne
701 4975 826 5045 quis
856 4976 1109 5030 eumdem
1137 4977 1452 5047 Cataiogum
1486 4991 1841 5046 percurrens,
1890 4983 2060 5046 atque
2107 4976 2572 5031 Commentarimn
2618 4976 2670 5029 in
2714 4976 2960 5031 l’salmos
3004 4975 3423 5046 Theophylacto
3461 4978 3546 5030 in-

292 5067 557 5136 scriptum
599 5067 969 5135 comperiens,
998 5082 1234 5137 eumque
1265 5069 1318 5121 in
1354 5069 1599 5121 editione
1658 5078 1846 5121 nostra
1883 5083 1990 5121 non
2034 5069 2247 5133 videns,
2280 5078 2334 5123 et
2373 5068 2512 5122 hanc
2538 5077 2594 5121 ut
2632 5069 3010 5138 imperfectam
3063 5070 3277 5123 minore
3312 5070 3544 5122 haberet

293 5156 346 5210 in
381 5160 580 5227 pretio,
602 5167 658 5213 et
685 5173 785 5213 nos
811 5173 911 5212 ceu
944 5158 998 5212 in
1036 5160 1419 5230 perquirendis
1448 5158 1883 5230 etdligendisqne
1941 5159 2188 5230 ejusdem
2221 5158 2616 5232 Theophylaeti
2656 5161 2915 5229 operibus
2949 5160 3133 5216 minus
3165 5169 3454 5215 accuratus
3476 5174 3544 5215 ac

296 5249 514 5305 desides
542 5250 975 5306 condemnaret.

366 5439 441 5511 (a)
476 5440 636 5512 Com.
671 5437 906 5512 in_Psai.
943 5439 1010 5512 ad
1038 5455 1161 5512 eum
1199 5439 1405 5512 locum.
2040 5438 2112 5510 (c)
2144 5438 2243 5510 Ep.
2265 5438 2334 5493 ad
2365 5437 2583 5498 Marce].
2616 5439 2680 5495 Τ.
2715 5438 2733 5494 i
2761 5439 2893 5494 edit.
2927 5438 3199 5507 Vallarsii,
3229 5455 3284 5512 p.
3316 5440 3443 5499 153.

361 5510 435 5583 (b)
459 5511 614 5566 Com.
648 5511 705 5564 in
734 5510 877 5565 Psal.
904 5510 971 5565 ad
1003 5510 1187 5565 eumd.
1213 5510 1411 5565 locum.
