3956 6558
421 407 490 466 39
1786 401 1983 463 PROL

2126 403 2380 462 )MENA.
3618 393 3688 457 40

778 891 1174 952 EPISTOLA
1241 889 1860 951 NUNCUPATORIA
1920 890 2026 949 AD
2073 889 2566 951 CLEMENTEM
2643 890 3057 952 SEPTIMUM
3136 894 3203 955 P.
3246 894 3325 954 M.

1570 1057 1862 1118 Editioni
1906 1057 2147 1117 Latina:
2185 1057 2532 1136 praemissa.

1115 1340 1158 1388 ἢ

487 1413 582 1468 Illi
617 1409 898 1481 imprimis,
933 1407 1090 1461 Pater
1123 1405 1441 1470 beatissime,
1472 1404 1614 1458 omni
1645 1404 1838 1457 honore
1866 1404 2370 1473 suntprosequendi,
2394 1402 2485 1473 qui
2511 1401 2683 1455 divino
2712 1399 2942 1454 Numine
2972 1403 3157 1472 afflati,
3191 1412 3240 1456 et
3273 1406 3470 1472 proprii
3501 1403 3696 1475 ingenii

419 1507 814 1568 exercitatione,
849 1503 1027 1556 divina
1061 1500 1210 1553 nobis
1241 1496 1452 1552 tradere
1479 1507 1796 1551 curaverunt
1838 1514 1856 1550 :
1887 1498 2070 1566 quales
2104 1496 2332 1567 Moyses,
2371 1495 2566 1560 David,
2599 1493 2797 1560 Isaias,
2840 1492 3068 1556 Paulus,
3112 1511 3174 1548 ac
3197 1497 3374 1548 ca’teri
3411 1499 3694 1551 canonico-

418 1617 535 1654 rum
570 1597 829 1650 librorum
857 1594 1139 1659 scriptores
1175 1607 1193 1645 :
1229 1606 1260 1642 a
1300 1590 1485 1661 quibus
1519 1605 1621 1642 non
1652 1589 1802 1659 longe
1836 1588 2027 1641 absunt
2061 1589 2156 1641 alii
2190 1587 2592 1657 quamplurimi,
2624 1588 2712 1655 qui
2743 1585 2922 1640 eodem
2966 1585 3136 1639 edocti
3191 1585 3418 1655 Spiritu,
3451 1607 3568 1658 qua:
3599 1606 3692 1656 per

420 1695 543 1746 illos
581 1690 784 1743 tradita
845 1697 988 1748 sunt,
1019 1703 1114 1754 pro
1139 1685 1369 1739 hominis
1405 1695 1562 1752 captu
1589 1683 1877 1748 intellecta,
1913 1693 1968 1736 ut
1994 1685 2117 1738 aliis
2149 1701 2350 1753 quoque
2384 1692 2554 1736 essent
2586 1683 2784 1750 pervia,
2828 1698 2923 1735 suo
2953 1683 3159 1750 ingenio
3188 1693 3237 1735 et
3276 1679 3541 1737 laboribus
3569 1687 3696 1754 effe-

435 1801 554 1839 cere
586 1800 605 1838 :
640 1801 731 1837 ceu
773 1783 1082 1852 Dionysius,
1111 1780 1460 1841 Athanasius,
1503 1778 1760 1843 Basilius,
1793 1776 2219 1848 Chrysostomus,
2255 1777 2508 1845 mullique
2538 1775 2656 1838 alii,
2687 1777 2778 1845 qui
2812 1775 2932 1829 vitw
2965 1791 3027 1827 ac
3059 1793 3265 1830 morum
3293 1777 3580 1828 sanctitate
3611 1778 3696 1830 in-

418 1876 611 1944 signes,
643 1887 690 1928 et
728 1871 1136 1941 incomparabili
1165 1869 1409 1924 doctrina
1445 1868 1742 1936 conspicui,
1780 1869 1990 1921 eximiis
2016 1867 2340 1929 actionibus,
2365 1865 2740 1920 eruditissimis
2779 1864 2927 1918 libris
2953 1882 2985 1917 a
3010 1883 3062 1920 se
3093 1867 3406 1932 conscriptis
3431 1865 3697 1922 Christia-

421 1984 542 2018 num
589 1982 755 2034 remp.
795 1965 1159 2017 illustrarunt.
1190 1964 1228 2016 Λ
1271 1979 1494 2030 quorum
1528 1959 1749 2014 lectione
1797 1975 2050 2021 cessasse,
2083 1967 2131 2012 et
2160 1959 2372 2010 monitis
2403 1955 2694 2019 recessisse,
2727 1955 2993 2008 malorum
3018 1959 3250 2010 omnium
3279 1959 3492 2011 occasio
3548 1957 3698 2012 nobis

421 2065 550 2132 fuit.
590 2063 730 2118 Hinc
761 2063 900 2115 enim
957 2062 1222 2114 innumeri
1262 2074 1468 2114 errores
1499 2067 1548 2112 et
1579 2059 1823 2122 ha'reses,
1861 2058 1981 2110 hinc
2013 2058 2131 2110 vita:
2169 2055 2457 2125 neglectus,
2494 2063 2820 2122 contemptus
2847 2055 3125 2116 virtutum,
3147 2056 3398 2109 vitiorum
3431 2058 3698 2125 tyrannis,

421 2161 642 2214 initium
677 2159 883 2227 pariter
913 2165 962 2211 et
996 2159 1375 2210 incrementum
1404 2169 1692 2222 sumpsere.
1719 2153 1849 2219 Quis
1872 2153 2013 2206 enim
2045 2151 2230 2204 horum
2251 2150 2461 2203 lectioni
2493 2151 2744 2201 attentius
2781 2165 2996 2216 vacans,
3029 2151 3081 2203 in
3107 2149 3212 2217 ﬁde
3245 2161 3387 2206 recta
3416 2168 3478 2206 ac
3507 2154 3700 2218 pietate

421 2272 522 2310 non
578 2256 844 2324 proﬁciat,
894 2235 1129 2307 animum
1161 2255 1324 2314 colat,
1356 2253 1678 2305 charitatem
1711 2259 2084 2318 prosequatur,
2126 2246 2578 2310 misericordiam,
2629 2247 3028 2312 liberalitatem,
3065 2248 3339 2318 justitiam
3375 2261 3699 2320 cteterasque

419 2354 637 2407 virtutes
674 2355 700 2407 ?
729 2351 1026 2405 Avaritiam
1057 2365 1198 2416 vero,
1233 2349 1512 2412 invidiam,
1548 2347 1846 2412 luxuriam,
1879 2345 2241 2406 iracundiam,
2273 2344 2511 2412 aliosque
2541 2343 2849 2411 hujusmodi
2879 2347 3050 2400 animi
3090 2349 3301 2402 morbos
3333 2349 3498 2402 multo
3528 2349 3698 2418 magis

419 2460 580 2509 quant
611 2453 874 2512 serpentes
907 2459 968 2495 ac
991 2449 1211 2495 mortem
1249 2439 1472 2510 fugiatl?
1503 2437 1618 2503 Quo
1650 2439 1732 2505 ﬁt,
1768 2448 1826 2490 ut
1857 2437 2072 2492 credam
2110 2435 2242 2490 nihil
2278 2439 2462 2492 utilius
2496 2436 2820 2494 Christiania
2855 2437 2987 2504 reip.
3024 2437 3209 2505 afferri
3245 2455 3417 2506 posse,
3449 2455 3608 2509 quam
3638 2448 3699 2492 ut

423 2523 461 2586 ii
489 2534 638 2587 nobis
676 2535 991 2599 reddantur,
1048 2549 1140 2602 per
1192 2549 1322 2602 quos
1351 2531 1476 2584 olint
1509 2531 1605 2584 Dei
1640 2529 1906 2590 Ecclesia,
1929 2531 2091 2582 etiam
2121 2528 2257 2583 inter
2296 2530 2581 2584 acerrimos
2619 2530 2976 2593 adversarios,
3012 2528 3227 2596 pietatis
3266 2529 3533 2594 doctrina,
3579 2530 3700 2582 vitte

423 2625 626 2677 meritis
654 2633 702 2678 et
732 2640 950 2677 numero
991 2623 1214 2676 crevisse
1244 2621 1599 2691 dignoscitur.
1638 2619 1792 2685 Quod
1820 2636 1946 2674 sane
1975 2621 2180 2673 utinam
2214 2621 2541 2674 attenderent
2576 2621 2730 2674 multi
2776 2629 3077 2673 nostrorum
3111 2631 3426 2688 temporum,
3474 2622 3564 2690 qui
3600 2620 3698 2672 hoc

426 2717 592 2786 ofﬁcio
631 2716 960 2769 commodius
1001 2715 1151 2784 fungi
1181 2722 1432 2783 possent:
1463 2713 1779 2782 mallentque
1807 2711 1995 2766 horum
2031 2713 2274 2768 vertendo
2304 2714 2495 2779 libros,
2537 2713 2761 2781 publica:
2797 2711 3020 2765 utilitati
3063 2713 3356 2776 consulere,
3383 2729 3540 2782 quam
3571 2729 3700 2783 pro-

421 2830 543 2882 prsa
569 2825 758 2867 temere
788 2811 1130 2882 effundentlo,
1154 2812 1378 2878 privata:
1402 2809 1587 2878 glorise
1619 2809 1916 2863 deservire!
1941 2809 1984 2862 A
2014 2827 2239 2878 quorum
2269 2810 2505 2878 profecto
2536 2809 2761 2864 consilio
2791 2809 2942 2878 longe
2965 2807 3146 2863 aberat
3167 2787 3441 2875 Philippus
3476 2807 3698 2872 Saulus,

423 2905 701 2973 episcopus
759 2902 1166 2973 Brugnatensis,
1203 2903 1283 2956 vir
1322 2916 1451 2955 sane
1482 2901 1670 2967 priscis
1698 2900 1808 2954 illis
1854 2902 2134 2963 Patribus,
2172 2903 2428 2955 virtutum
2465 2910 2655 2954 ornatu
2685 2907 2735 2954 et
2785 2917 3064 2956 sacrarum
3121 2899 3450 2953 Litterarum
3504 2899 3701 2967 peritia

430 3001 845 3062 comparandus,
875 2997 966 3065 qui
1005 2995 1126 3049 huic
1167 2995 1522 3049 saluberrimo
1546 2995 1790 3049 instituto
1817 3012 1977 3066 quam
2005 2997 2235 3050 maxime
2275 2997 2510 3050 intentus
2541 3005 2681 3050 erat.
2719 2994 2862 3048 Nam
2909 2996 2954 3049 si
2984 3011 3114 3064 quos
3154 2994 3277 3047 huic
3306 2995 3450 3063 operi
3484 2995 3700 3048 idoneos

429 3098 618 3144 nactus
667 3101 825 3154 esset,
862 3089 1155 3160 excitabat,
1191 3089 1458 3152 monebat,
1495 3088 1739 3160 rogabat,
1785 3099 1835 3143 et
1874 3089 2062 3160 quibus
2092 3098 2264 3157 posset
2306 3092 2476 3145 modis
2525 3089 2594 3144 ad
2631 3090 2730 3145 hoc
2770 3088 3083 3156 compellere
3115 3104 3218 3142 non
3246 3088 3546 3142 omittebat.
3578 3087 3700 3156 Ipse

425 3199 546 3238 vero
570 3192 720 3237 tanto
761 3182 919 3251 hujus
949 3183 1026 3236 rei
1057 3182 1232 3236 studio
1271 3181 1572 3245 tenebatur,
1606 3193 1661 3235 ut
1703 3182 1814 3236 dies
1847 3199 1907 3234 ac
1957 3191 2132 3236 noctes
2169 3199 2378 3237 summa
2408 3201 2525 3238 cum
2553 3183 2821 3252 voluptate
2874 3183 2928 3234 in
2972 3182 3069 3234 hoc
3119 3181 3426 3235 insumeret.
3469 3179 3547 3234 Ab
3605 3181 3703 3234 hoc

427 3276 660 3346 profecto
701 3275 898 3345 optimo
945 3275 1056 3328 viro
1104 3274 1264 3344 plura
1309 3283 1358 3327 et
1397 3275 1606 3344 egregia
1637 3289 1852 3341 sperare
1877 3281 2206 3342 poteramus,
2249 3274 2352 3329 nisi
2384 3275 2565 3329 divina
2598 3273 2943 3328 Providentia
2971 3270 3122 3324 illum
3151 3287 3182 3323 a
3216 3271 3364 3324 nobis
3403 3281 3701 3337 avocasset,

428 3371 740 3440 felicitatem
771 3370 852 3424 illi
896 3370 914 3438 (
946 3379 1003 3423 ut
1036 3371 1222 3423 merito
1260 3385 1538 3437 speramus
1583 3369 1600 3438 )
1643 3380 1778 3422 recte
1811 3378 2070 3422 anteacta:
2094 3371 2212 3424 vita:
2243 3370 2518 3438 prtemium
2546 3370 2762 3439 benigne
2805 3365 3102 3434 conferens,
3139 3367 3288 3421 nobis
3323 3381 3442 3420 vero
3474 3374 3703 3433 paterna

426 3465 706 3518 clementia
751 3462 830 3532 (ut
863 3461 1012 3530 puto)
1047 3462 1349 3532 indulgens,
1374 3477 1438 3515 ne
1472 3463 1706 3516 acriores
1731 3461 1861 3514 dare
1886 3476 2067 3530 plenas
2102 3472 2298 3518 nostra:
2339 3465 2564 3532 ignavia:
2600 3480 2930 3535 cogeremur,
2963 3468 3054 3539 qui
3083 3465 3221 3520 tanti
3257 3466 3359 3519 viri
3388 3466 3628 3536 exemplo
3653 3472 3705 3518 et

426 3557 646 3613 monitis
678 3556 852 3610 minus
891 3555 1284 3624 proﬁceremus.
1336 3557 1437 3608 Hic
1467 3555 1888 3624 elegantissimos
1933 3543 2366 3610 commentarios'
2396 3554 2670 3627 Euthymii
2723 3561 2988 3627 monachi,
3045 3561 3234 3616 Patris
3273 3561 3600 3615 sanctissimi
3652 3566 3706 3614 et

432 3647 813 3711 eruditissimi,
839 3663 1006 3716 nuper
1029 3645 1252 3699 Latinos
1281 3644 1501 3713 fecerat,
1533 3661 1666 3713 puro
1698 3645 1910 3716 quidem
1929 3662 2001 3699 ac
2026 3647 2260 3713 simplici
2290 3646 2499 3700 dicendi
2529 3665 2733 3719 genere,
2766 3669 2896 3721 quos
2933 3653 3229 3705 immatura
3272 3663 3438 3704 morte
3469 3666 3706 3718 praeven-

430 3754 538 3802 tus,
571 3739 627 3792 in
663 3738 831 3791 lucem
858 3736 1009 3791 edere
1040 3753 1145 3790 non
1177 3737 1371 3805 potuit.
1403 3735 1512 3807 Ego
1544 3753 1683 3802 vero,
1718 3738 1807 3807 qui
1841 3737 1956 3807 ejus
1986 3736 2247 3792 doctrina:
2281 3753 2343 3790 ac
2375 3742 2686 3795 sanctitatis
2723 3743 2870 3796 testis
2901 3743 3106 3797 diutius
3138 3743 3369 3812 fueram,
3401 3741 3705 3795 studiorum

429 3853 624 3900 comes,
665 3835 1008 3889 consiliorum
1042 3835 1315 3899 conscius,
1357 3835 1527 3890 nimia
1559 3835 1724 3903 ipsius
1756 3834 2090 3890 humanitate
2114 3852 2324 3889 summa
2354 3836 2438 3889 illi
2470 3840 2853 3894 necessitudine
2877 3841 3145 3895 devinctus
3167 3856 3186 3894 :
3218 3841 3344 3892 talis
3389 3841 3568 3904 amici,
3600 3855 3704 3909 quo

429 3931 696 3984 meliorem
735 3944 797 3982 ne
826 3925 1129 3982 desiderare
1153 3928 1364 3997 quidem
1399 3926 1612 3991 licebat,
1639 3937 1748 3980 tam
1781 3939 1995 3980 sanctos
2027 3925 2233 3980 labores
2267 3926 2527 3994 deperire,
2548 3946 2640 3984 nos
2676 3947 2796 3984 vero
2825 3941 2975 3985 tanto
3001 3932 3252 3986 thesauro
3278 3931 3529 4001 fraudari
3553 3947 3704 3999 wquo

429 4025 612 4077 animo
635 4022 772 4090 ferre
811 4039 915 4076 non
938 4032 1200 4092 poteram.
1249 4019 1498 4075 Converti
1539 4038 1616 4075 me
1651 4022 1818 4092 igitur
1869 4020 1937 4072 ad
1980 4019 2247 4074 Joannem
2298 4022 2632 4087 Matt/meum,
2672 4027 2971 4095 episcopum
3017 4025 3383 4094 Veronensem,
3447 4027 3705 4080 bonorum

433 4116 669 4169 omnium
702 4126 779 4182 tut
813 4117 1009 4182 optime
1039 4112 1199 4179 nosti)
1235 4129 1397 4182 quam
1429 4114 1659 4166 maxime
1687 4113 2011 4178 studiosum,
2035 4112 2208 4176 ipsum
2233 4111 2478 4168 hortatus
2518 4116 2722 4184 pariter
2749 4126 2796 4168 et
2831 4127 3101 4184 precatus,
3127 4127 3184 4170 ut
3218 4119 3355 4171 tanti
3393 4117 3516 4171 boni
3549 4119 3702 4172 nobis

434 4217 623 4262 auctor
647 4209 798 4278 ﬁeret
828 4223 848 4262 :
880 4217 1029 4261 ratus
1059 4207 1196 4276 quod
1231 4207 1354 4270 erit,
1396 4215 1452 4257 ut
1483 4205 1577 4258 hoc
1611 4215 1767 4272 pacto
1797 4205 1956 4257 amici
1988 4203 2226 4270 defuncti
2267 4217 2466 4260 sanctte
2507 4209 2798 4270 memorias,
2829 4217 2874 4260 et
2912 4209 3129 4262 viventis
3151 4209 3317 4277 justa:
3353 4210 3602 4274 mercedi,
3655 4218 3705 4263 et

433 4303 703 4357 communi
735 4301 972 4354 omnium
1009 4300 1262 4352 bonorum
1294 4297 1522 4351 utilitati
1554 4313 1710 4366 quam
1736 4297 1926 4364 optime
1955 4295 2287 4350 consulatur.
2323 4296 2554 4367 Benigne
2591 4299 2778 4352 annuit
2805 4302 3127 4354 venerandus
3149 4300 3409 4369 pontifex,
3439 4311 3496 4354 ut
3521 4309 3601 4355 est
3634 4299 3707 4354 ad

433 4398 578 4447 recta
605 4390 783 4443 omnia
806 4398 853 4443 et
879 4388 1097 4442 honesta
1125 4387 1305 4440 studia
1338 4403 1497 4456 quam
1525 4384 1977 4455 promptissimus,
2006 4400 2206 4456 suaque
2228 4387 2747 4456 auctoritate,jussu
2779 4399 2826 4442 et
2855 4390 3104 4455 impensis
3135 4393 3324 4461 effecit,
3354 4403 3410 4446 ut
3443 4394 3704 4462 egregium

433 4485 530 4539 hoc
569 4499 699 4554 opus
728 4476 887 4552 quam
917 4480 1114 4550 Optime
1149 4478 1469 4548 dispositum
1497 4475 1736 4543 prodiret
1757 4476 1811 4529 in
1842 4473 2108 4542 publicum
2135 4490 2153 4528 :
2180 4490 2333 4543 opus,
2359 4476 2598 4546 inquam,
2629 4495 2661 4531 a
2683 4481 2888 4534 nemine
2917 4481 3050 4534 satis
3079 4497 3176 4546 pro
3202 4483 3454 4549 dignitate
3472 4481 3705 4535 laudano

434 4579 583 4643 dum,
615 4579 661 4632 si
683 4575 866 4632 eximii
896 4574 1028 4629 vatis
1059 4571 1293 4627 divinam
1323 4579 1546 4623 mentem
1576 4578 1624 4620 et
1657 4565 2061 4636 intelligentiam
2093 4568 2353 4634 suspicias
2390 4585 2403 4622 :
2439 4570 2487 4622 si
2514 4568 2856 4640 interpretum
2878 4571 3228 4627 eruditionem
3247 4580 3296 4628 et
3313 4572 3497 4639 fidem,
3520 4573 3567 4627 si
3591 4589 3712 4627 cor-

435 4672 655 4728 rectoris
684 4682 731 4726 et
770 4669 994 4740 artificis
1023 4669 1271 4738 peritiam
1297 4674 1348 4719 et
1369 4663 1702 4732 diligentiam
1725 4659 2100 4718 attendas.Cui
2125 4678 2242 4716 vero
2260 4663 2435 4731 aptius
2453 4675 2781 4733 nuncupetur
2796 4682 2952 4736 quam
2981 4667 3147 4729 tibi,si
3178 4669 3257 4721 vel
3282 4669 3390 4735 ipse
3406 4666 3706 4734 respiciaris

435 4765 514 4819 vel
553 4766 640 4820 ille
672 4765 696 4818 2
746 4763 826 4818 Τιι
888 4763 1030 4817 enim
1090 4759 1386 4814 Christiani
1417 4756 1598 4825 populi
1626 4764 1785 4822 caput
1808 4771 1860 4811 es
1887 4764 1938 4810 et
1963 4764 2117 4824 pater
2148 4773 2166 4812 :
2197 4758 2283 4812 cui
2333 4768 2383 4811 et
2426 4758 2687 4828 dignitate
2718 4775 2822 4830 qua
2855 4762 3146 4832 insigniris,
3194 4769 3244 4814 et
3279 4760 3546 4830 probitate
3600 4773 3708 4827 qua

438 4862 632 4934 fulges,
664 4860 799 4914 bona
836 4869 1025 4913 cuncta
1055 4868 1103 4911 et
1142 4872 1298 4910 sacra
1334 4854 1524 4907 merito
1545 4853 1652 4906 sint
1681 4853 1953 4906 dicanda:
1990 4868 2108 4906 eum
2140 4856 2406 4924 praecipue
2437 4855 2683 4908 humana:
2719 4864 2769 4908 et
2811 4856 3003 4909 divina:
3050 4854 3246 4910 litterae
3281 4857 3596 4911 clarissima:
3622 4856 3712 4925 fa-

437 4959 604 5013 milite
640 4966 742 5011 tua:
775 4952 1026 5009 Medieea:
1047 4954 1337 5023 plurimum
1360 4949 1603 5012 debeant,
1635 4947 1785 5016 cujus
1814 4949 2080 5016 prtecipuo
2109 4950 2284 5002 studio
2315 4960 2365 5005 et
2392 4967 2552 5018 opera
2593 4951 2920 5006 densissimis
2958 4964 3113 5006 antea
3163 4969 3361 5022 presste
3392 4955 3616 5007 tenebris
3654 4963 3705 5008 et

439 5050 592 5121 quasi
625 5051 866 5117 sepultis,
902 5049 957 5100 in
981 5047 1149 5100 lucem
1173 5054 1296 5098 sunt
1326 5042 1563 5096 redditte.
1591 5040 1691 5094 Ille
1717 5057 1836 5095 vero
1867 5043 2052 5096 domus
2082 5054 2186 5097 tua:
2213 5043 2463 5097 alumnus
2493 5055 2566 5098 tot
2595 5046 2856 5113 tantisque
2877 5045 3141 5112 beneﬁciis
3161 5055 3232 5098 est
3252 5045 3495 5114 affectus,
3527 5056 3584 5099 ut
3615 5063 3707 5100 ne-

440 5145 610 5197 sciam
641 5142 876 5211 magisne
902 5140 969 5192 sit
998 5138 1354 5207 perspicuum,
1391 5143 1481 5187 tua
1519 5135 1840 5203 benignitate
1867 5134 2039 5204 ipsum
2064 5151 2175 5189 esse
2202 5135 2341 5207 quod
2373 5145 2449 5188 est
2477 5152 2495 5188 :
2527 5153 2593 5188 an
2625 5138 2830 5189 nullum
2855 5136 3091 5188 studium
3133 5135 3213 5188 illi
3245 5136 3553 5204 propensius
3592 5153 3708 5193 esse

439 5250 590 5301 posse
624 5250 777 5302 quam
811 5239 1003 5285 cuncta
1033 5229 1241 5297 efficere
1263 5243 1379 5296 qua:
1408 5224 1475 5278 ad
1507 5225 1733 5278 salutem
1755 5235 1803 5280 et
1826 5225 2056 5295 gloriam
2083 5235 2232 5279 tuam
2259 5235 2500 5294 spectare
2536 5225 2834 5279 videantur.
2859 5225 2977 5278 Tibi
2999 5226 3162 5295 igitur
3188 5221 3445 5278 Pontiﬁci
3468 5224 3706 5278 Maximo

439 5331 677 5382 divinum
711 5333 806 5381 hoc
840 5341 970 5395 opus
1003 5327 1242 5377 dicamus
1270 5331 1320 5375 et
1353 5319 1646 5389 mittimus,
1678 5337 1780 5392 quo
1810 5332 1899 5376 tuo
1926 5322 2225 5391 patrocinio
2250 5321 2522 5391 etjudicio
2545 5322 2830 5386 munitum,
2868 5319 3102 5376 securius
3145 5327 3194 5372 et
3220 5317 3705 5374 lioeriusomnibus

441 5440 495 5480 se
526 5423 801 5495 legendum
825 5419 1088 5476 exhibeat.
1145 5415 1292 5471 Vale.
