3970 6536
313 521 372 550 =2

703 687 1876 867 ΕΥΘΥΜΙΟΥ
2000 546 3145 872 ΜΟΝΑΧΟΥ

378 518 3523 557 mw

1460 992 1689 1080 ΤΟΥ
1797 989 2436 1082 ΖΙΓΑΒΗΝΟΥ

484 1203 1356 1342 ΕΞΗΓΗΣΙΣ

1509 1213 1773 1342 ΕΙΣ
1924 1213 2159 1348 ΤΟ
2315 1209 3367 1356 ΨΑΛΤΗΡΙΟΝ.

792 1640 1902 1821 EUTHYMII
2035 1642 3071 1828 ZIGABENI

1615 1943 2232 2008 COMMENTARIUS

1031 2125 1254 2278 IN
1419 2123 2817 2288 PSALTERIUM

1205 2393 1518 2456 (interprete
1540 2388 1774 2453 Philippo
1796 2391 1968 2453 Ssulo,
2001 2390 2235 2455 episcopo
2266 2394 2635 2459 Brugnatensi.)

871 2687 1280 2745 ΠΡΟΟΙΜΙΟΝ.

361 2785 552 2858 Πατὴρ
573 2784 672 2840 τοῦ
705 2783 977 2856 παρόντος
1010 2778 1240 2855 βιϐλίου,
1284 2783 1345 2836 τὸ
1393 2784 1492 2851 μὲν
1521 2783 1645 2838 ὅλον
1671 2783 1869 2845 εἰπεῖν,

293 2881 322 2934 6
353 2879 490 2933 Θεοῦ
528 2881 660 2942 παῖς
688 2873 1128 2949 (”Υπερασπιῶ,
1159 2875 1318 2946 φησὶ,
1344 2873 1453 2944 τῆς
1479 2875 1713 2942 πόλεως
1733 2874 1872 2929 ταύ-

1900 2693 1956 2753 Α

2553 2686 2898 2744 Ρηοωιιιυ
2909 2688 2954 2742 Μ
2964 2729 2978 2744 .

2053 2781 2230 2853 Cujus
2255 2781 2480 2854 quidem
2509 2781 2636 2838 libri
2695 2792 2890 2836 auctor
2921 2783 3005 2851 (ut
3037 2781 3198 2852 plane
3229 2784 3375 2853 quod
3410 2798 3565 2840 sum-

1978 2890 2126 2930 mum
2152 2879 2240 2931 est
2271 2874 2480 2945 dicam)
2506 2883 2562 2930 et
2599 2874 2694 2931 Dei
2723 2875 2868 2932 ﬁlius
2909 2877 3013 2932 fuit
3051 2877 3362 2949 (Protegam
3395 2882 3560 2949 enim,

294 2986 417 3038 της,
441 2971 520 3023 δι’
543 2967 651 3038 ἐμὲ
667 2967 764 3022 καὶ
795 2966 888 3022 διὰ
917 2961 1094 3022 Δαόὶδ
1132 2969 1241 3021 τὸν
1268 2964 1451 3020 παῖδά
1469 2961 1634 3036 μου),
1664 2966 1692 3019 6
1734 2964 1866 3019 Θεοῦ

1977 2965 2154 3036 inquit
2189 2965 2477 3030 Dominus,
2517 2965 2786 3021 civitatem
2815 2967 2953 3020 hanc
2987 2979 3202 3038 propter
3230 2983 3332 3035 me,
3361 2979 3412 3026 et
3436 2987 3564 3038 pro-

294 3063 498 3131 πατὴρ.
540 3061 791 3126 Βίϐλος,
832 3060 987 3130 φησὶ,
1019 3057 1313 3129 γενέσεως
1354 3057 1561 3127 Ἰησοῦ
1609 3056 1871 3126 Χριστοῦ

291 3149 422 3203 υἱοῦ
449 3150 636 3203 Δαϐίδ
661 3166 674 3180 ’
727 3149 795 3204 τὰ
840 3147 885 3200 δ’
923 3147 1060 3203 ἄλλα
1099 3149 1384 3219 συντόμως
1444 3149 1782 3221 περιλαϐεῖν,
1843 3150 1872 3202 6

296 3242 426 3308 μετὰ
466 3239 723 3310 Ἀϐραὰμ
756 3237 916 3309 μόνος
946 3237 1056 3291 τῶν
1085 3237 1253 3292 ἐθνῶν
1277 3237 1480 3309 πατὴρ,
1511 3239 1539 3290 6
1566 3235 1689 3291 καθ’
1721 3236 1871 3308 ἡμᾶς

300 3328 552 3402 Ὅρςεὺς,
588 3334 616 3384 6
644 3331 860 3404 πρῶτος
881 3330 988 3384 τῶν
1014 3327 1228 3401 ἀρετῶν
1251 3328 1647 3402 καλλιγράφος,
1669 3329 1698 3382 6
1719 3327 1871 3400 πρῶ-

288 3442 379 3489 τος
406 3425 515 3479 τῶν
536 3424 710 3491 τριῶν
726 3423 1078 3478 ὑποστάσεων
1098 3427 1197 3494 τῆς
1225 3425 1354 3495 μιᾶς
1377 3422 1640 3494 Θεότητος
1673 3422 1868 3493 κῆρυξ,

289 3515 319 3567 6
373 3520 580 3585 ποιμὴν
617 3515 737 3584 ἃμα
790 3514 887 3568 καὶ
939 3513 1240 3584 ἀριστεὺς,
1292 3513 1388 3566 καὶ
1435 3513 1726 3584 προφήτης
1776 3513 1872 3567 καὶ

291 3605 566 3675 βασιλεὺς,
592 3608 619 3659 6
648 3604 742 3658 τοῦ
775 3602 998 3674 ⁴ιτρὼτου
1033 3602 1302 3673 βασιλέως
1327 3603 1545 3674 καρδία,
1570 3605 1664 3657 καὶ
1687 3602 1871 3672 γλῶσ-

293 3715 380 3764 σα,
398 3701 494 3752 καὶ
523 3699 793 3769 κάλαμος,
816 3697 844 3749 6
875 3695 1031 3768 παρὰ
1052 3695 1189 3750 Θεοῦ
1216 3695 1609 3768 μαρτυρηθεὶς,
1635 3697 1662 3749 6
1687 3695 1870 3759 πάσας

291 3791 635 3862 κτησάμενος
665 3789 762 3854 τὰς
807 3790 1052 3860 ἀρετὰς,
1097 3789 1222 3843 ὅσαι
1266 3790 1358 3844 τὸν
1409 3787 1698 3861 ἄνθρωπον
1749 3787 1871 3841 θεον

291 3881 523 3945 ποιοῦσι,
559 3881 804 3953 καὶπερὶ
847 3880 939 3934 τὸν
964 3879 1250 3952 ἄνθρωπον
1284 3879 1656 3950 ἀφορίζονται.
1703 3874 1870 3942 Οὗτος

302 3974 501 4028 Ἰεσσαὶ
543 3973 644 4044 μὲν
702 3969 770 4045 ἦν
820 3973 956 4038 υίὸς,
992 3973 1085 4027 καὶ
1132 3973 1239 4026 τῶν
1289 3973 1534 4042 ἀδελφῶν
1578 3970 1869 4038 νεώτατος,

1973 3068 2088 3127 pter
2116 3057 2288 3137 David
2318 3058 2495 3127 ﬁlium
2527 3069 2700 3114 meum
2730 3058 2771 3130 ')
2803 3069 2858 3114 et
2885 3069 3040 3130 pater
3075 3061 3186 3116 Dei.
3210 3062 3368 3117 Liber
3387 3065 3561 3131 enim,

1975 3148 2176 3221 inquit,
2218 3152 2584 3223 generationis
2621 3151 2752 3207 Iesu
2776 3151 2980 3210 Christi
3031 3155 3136 3224 ﬁlii
3163 3155 3334 3210 David
3370 3160 3413 3222 ',
3457 3173 3562 3213 cano

1977 3250 2094 3297 tera
2126 3258 2255 3298 vero
2285 3245 2367 3314 (ut
2386 3243 2580 3314 paucis
2604 3245 2968 3316 complectar)
2997 3247 3090 3316 qui
3125 3256 3249 3317 post
3280 3249 3559 3304 Abraham

1973 3333 2502 3406 solusfuitgentium
2528 3345 2705 3406 pater,
2726 3337 2818 3406 qui
2836 3345 3019 3394 noster
3033 3339 3302 3410 Orpheus,
3333 3343 3425 3409 qui
3445 3345 3560 3412 pri-

1974 3435 2098 3476 mus
2115 3421 2336 3493 elegans
2357 3424 2714 3494 conscriptor
2743 3426 3038 3490 virtutum,
3069 3435 3124 3481 et
3147 3431 3360 3497 primus
3388 3431 3558 3486 trium

1974 3528 2340 3584 personarum
2383 3517 2664 3586 uniusque
2707 3516 3024 3572 Divinitatis
3056 3534 3234 3587 praeco
3269 3537 3285 3574 :
3329 3523 3423 3590 qui
3452 3539 3557 3592 pa-

1976 3615 2094 3662 stor
2127 3621 2261 3671 una,
2302 3615 2356 3661 ct
2385 3606 2788 3662 invictissimus
2814 3608 2997 3674 miles,
3027 3610 3296 3680 propheta
3323 3618 3377 3665 et
3409 3627 3503 3667 rex
3538 3630 3554 3666 :

1973 3696 2067 3767 qui
2099 3708 2151 3752 et
2184 3698 2344 3767 primi
2373 3697 2518 3769 regis
2546 3711 2663 3762 cor,
2693 3698 2881 3769 lingua
2917 3699 3022 3756 fuit
3049 3708 3108 3756 et
3145 3701 3393 3759 calamus
3427 3708 3557 3760 :cui

1973 3805 2003 3845 a
2059 3789 2167 3845 Deo
2200 3789 2578 3846 testimonium
2610 3797 2696 3846 est
2727 3792 3032 3858 praestitum
3072 3808 3088 3850 :
3123 3793 3330 3863 quique
3359 3809 3558 3849 omnes

1973 3893 2069 3938 eas
2122 3881 2224 3937 sibi
2270 3883 2484 3953 paravit
2540 3881 2796 3948 virtutes,
2863 3897 3206 3954 quaecunque
3276 3885 3554 3940 hominem

1975 3971 2188 4026 faciunt
2251 3971 2445 4036 Deum,
2513 3980 2570 4029 et
2619 3972 2828 4028 homini
2885 3976 3089 4030 ascribi
3142 3978 3398 4046 possunt.
3451 3973 3555 4030 Hic

291 4065 582 4137 ἀπέριττος
619 4063 717 4136 μὲν
741 4066 843 4137 τὴν
877 4065 1021 4136 ὄψιν,
1057 4062 1392 4135 ὡραιότατος
1420 4063 1476 4116 δὲ
1522 4062 1623 4134 τὴν
1663 4062 1863 4133 ψυχὴν,

1977 4061 2124 4118 icsse
2153 4062 2376 4133 quidem
2404 4063 2570 4129 filius,
2592 4074 2649 4120 et
2667 4067 2898 4120 fratrum
2917 4065 3126 4135 junior,
3145 4067 3305 4124 exilis
3326 4077 3554 4137 aspectu

289 4159 379 4211 καὶ
412 4159 637 4212 πάντων
666 4157 1016 4228 στρατηγῶν,
1039 4158 1132 4209 καὶ
1158 4153 1476 4226 προφητῶν,
1515 4155 1609 4207 καὶ
1635 4153 1866 4224 νομοθε-

1977 4155 2240 4224 corporis,
2277 4155 2462 4210 animo
2501 4155 2982 4214 formosissimus:
3025 4159 3268 4214 omnium
3320 4159 3554 4229 prophe-

288 4249 414 4314 τῶν,
444 4249 544 4304 καὶ
579 4249 846 4321 βασιλέων
877 4247 1281 4320 εὐφορώτατος.
1333 4247 1426 4300 καὶ
1467 4246 1866 4311 ποικιλώτατος

1977 4255 2176 4314 larum,
2247 4248 2669 4319 imperatorum,
2731 4252 3138 4324 legislatorum,
3201 4269 3388 4324 regum
3450 4254 3553 4308 fuit

288 4342 355 4395 τά
382 4342 722 4413 χαρίσματα,
763 4341 1072 4413 πραότατος
1110 4341 1209 4411 μὲν
1242 4340 1305 4393 τὸ
1347 4339 1586 4410 πνεῦμα,
1628 4341 1723 4394 καὶ
1763 4339 1864 4412 τὴν

289 4435 446 4504 φύσιν
470 4434 904 4497 ἐπιεικέστατος·
940 4432 1320 4504 ἀνδρειότατος
1365 4431 1424 4485 δὲ
1472 4431 1572 4502 τὴν
1611 4430 1861 4504 γνώμην,

289 4530 380 4582 καὶ
415 4528 478 4581 τὸ
508 4527 672 4598 σῶμα
702 4524 1160 4598 ῥωμαλεώτατος,
1191 4522 1566 4594 ἀρχικώτατος
1601 4523 1736 4594 ὁμοῦ
1767 4525 1862 4577 καὶ

290 4620 622 4684 κοινότατος,
657 4616 1234 4689 μεγαλοφρονέστατός
1271 4630 1335 4669 τε
1382 4615 1478 4668 καὶ
1533 4629 1861 4688 μετριοφρο-

287 4712 559 4776 νέστατος,
594 4709 971 4774 ἁπλούστατος
1026 4708 1123 4763 καὶ
1178 4706 1688 4776 πολυτροπὼτατος,
1725 4707 1858 4777 ἡδὺς

288 4803 343 4856 τὸ
369 4798 522 4875 ἦθος,
556 4801 682 4866 ὀξὺς
715 4803 806 4855 τὸν
839 4801 1021 4870 λόγον,
1063 4798 1233 4861 πολὺς
1259 4800 1350 4855 τὸν
1373 4795 1520 4866 νοῦν,
1549 4797 1736 4862 ἔνθους
1757 4796 1857 4870 τὴν

1968 4341 2474 4398 excellentissimus
2505 4359 2518 4396 :
2547 4352 2604 4399 et
2636 4343 2964 4410 innumeris,
2991 4361 3102 4416 prae
3133 4347 3348 4401 caeteris
3373 4347 3550 4401 omni-

1972 4435 2096 4496 bus,
2165 4434 2566 4490 charismatum
2621 4437 2784 4492 donis
2847 4437 3087 4494 refertus
3147 4455 3162 4492 :
3223 4440 3550 4495 mitissimus

1971 4525 2192 4594 quidem
2220 4525 2441 4594 spiritu,
2492 4535 2549 4582 et
2581 4537 2782 4582 natura
2830 4528 2998 4582 etiam
3061 4529 3546 4584 modestissimus:

1967 4615 2111 4669 virili
2147 4616 2414 4684 praeditus
2445 4626 2645 4684 mente,
2679 4627 2734 4674 et
2762 4633 2996 4690 corpore
3025 4621 3193 4676 etiam
3232 4621 3547 4677 robustissi-

1967 4719 2090 4763 mus
2120 4723 2134 4763 :
2169 4707 2473 4780 principem
2507 4725 2616 4764 una
2667 4721 2832 4782 atque
2881 4713 3146 4783 aequalem
3195 4713 3456 4770 omnibus
3487 4731 3547 4772 sc

1965 4802 2244 4870 praebebat
2281 4803 2704 4874 :magnanimus
2763 4805 2927 4860 simul
2978 4815 3034 4861 et
3067 4807 3244 4863 comis
3288 4828 3302 4862 :
3333 4807 3546 4878 simpli-

288 4894 517 4966 θεωρίαν
548 4895 656 4947 τῶν
707 4894 898 4959 ὄντων,
945 4894 980 4965 ἢ
1017 4893 1110 4947 τοῦ
1156 4891 1328 4956 ὄντος,
1370 4894 1776 4958 αὐτοδίδακτος,
1827 4893 1860 4963 ἢ

1977 4891 2226 4948 :issimus
2303 4894 2518 4962 pariter
2573 4907 2638 4949 ac
2697 4894 3172 4964 prudentissimus

3228 4915 3243 4951 :
3297 4899 3544 4953 moribus

287 4987 647 5053 θεοδίδακτος,
693 4986 815 5050 ὅλος
862 4986 958 5040 καὶ
993 4987 1115 5040 ὅλου
1152 4986 1270 5055 ἅμα
1302 4984 1398 5039 τοῦ
1429 4985 1744 5057 πνεύματος
1769 5000 1782 5015 ·
1826 4983 1864 5038 ἃ

1977 4985 2165 5057 lulcis,
2213 4992 2269 5039 et
2293 4976 2425 5041 acer
2449 4999 2704 5042 sermone
2746 5003 2759 5041 :
2792 4987 3072 5044 intellectu
3106 4989 3336 5055 multus,
3375 4998 3428 5045 et
3457 4990 3542 5044 di-

288 5082 457 5136 πάντα
487 5077 892 5151 παραδραμὼν,
938 5078 972 5150 ἢ
1006 5077 1263 5142 συνελὼν,
1296 5077 1391 5131 δύο
1443 5078 1578 5149 μόνα
1610 5076 1868 5148 σεμνολο-

1959 5078 2090 5132 viuo
2138 5077 2365 5132 numine
2424 5078 2586 5148 plane
2635 5077 2890 5148 aﬂlatus;
2941 5081 3072 5137 dum
3113 5082 3167 5136 in
3197 5097 3384 5137 eorum
3421 5093 3541 5148 qua:

288 5172 436 5243 γήσω
473 5174 606 5243 περὶ
635 5172 826 5238 αὐτοῦ’,
862 5171 1056 5240 σοφίαν
1089 5171 1180 5224 καὶ
1213 5171 1458 5242 ἀνδρίαν.
1490 5169 1610 5242 Χρὴ
1649 5170 1706 5224 δὲ
1735 5172 1866 5240 περὶ

1977 5176 2116 5236 sunt,
2154 5183 2250 5225 seu
2279 5170 2463 5240 potius
2497 5170 2551 5224 in
2587 5169 2709 5240 ejus
2750 5171 2844 5242 qui
2894 5185 3024 5228 rere
3072 5181 3158 5228 est
3199 5173 3539 5241 contempla-

286 5265 382 5335 τῆς
415 5266 607 5335 σοφίας
639 5266 860 5336 πρῶτον
894 5264 1194 5319 διαλαϐεῖν.

1964 5263 2116 5316 tione
2146 5272 2422 5330 versatur,
2459 5277 2489 5317 a
2515 5264 2701 5334 seipse
2732 5263 2986 5330 edoctus,
3021 5275 3076 5321 et
3104 5267 3300 5320 doctus
3319 5279 3349 5330 ει
3387 5265 3536 5322 Deo:

287 5360 376 5428 qui
402 5368 553 5414 totus
581 5359 770 5422 etiam,
803 5372 868 5411 ac
908 5369 1023 5413 toto
1045 5374 1263 5428 semper
1296 5367 1417 5415 erat
1452 5374 1576 5426 cum
1611 5357 1829 5427 spiritu.
1866 5355 1964 5410 llis
1991 5365 2170 5410 tamen
2199 5355 2458 5412 omnibus
2489 5357 2898 5427 prtetermissis,
2945 5373 3041 5413 seu
3093 5357 3274 5430 potius
3299 5357 3538 5414 breviter

287 5450 340 5504 iu
364 5467 533 5507 unum
588 5452 856 5519 collectis,
903 5453 1042 5507 duas
1087 5458 1302 5507 tantum
1365 5468 1513 5507 nunc
1574 5452 1721 5507 illius
1803 5452 2034 5506 virtutes
2095 5463 2388 5520 persequar
2451 5467 2466 5503 :

286 5541 487 5608 dinem,
551 5554 608 5599 et
659 5547 726 5600 de
790 5544 1057 5615 sapientia
1112 5544 1331 5614 quidem
1400 5544 1554 5615 prius
1606 5545 1963 5600 disseremus.

349 5633 482 5704 Φησὶ
504 5651 608 5687 ⁴που
633 5632 956 5704 βαθύτερον,
981 5634 1014 5704 ἢ
1048 5634 1403 5706 σαφέστερον·
1431 5639 1496 5689 Ai
1527 5633 1720 5704 χεῖρές
1736 5652 1856 5703 μου

285 5722 576 5792 ἐποίησαν
622 5726 862 5795 ὄργανα,
891 5725 1182 5779 δάκτυλοί
1225 5744 1344 5795 μου
1385 5727 1664 5796 ἥρμοσαν
1691 5730 1851 5796 ψαλ-

359 5865 375 5893 ¹
420 5861 486 5918 ιν
528 5863 662 5936 Reg.
700 5880 814 5929 xxx,
844 5865 938 5920 54.
1019 5865 1040 5894 ¹
1079 5862 1272 5918 Matth.
1316 5880 1353 5928 ι,
1397 5865 1447 5916 l.

597 5959 867 6019 Pnacn.
909 5960 1025 6021 Gn.
1063 5958 1378 6020 CXXVIII.

2531 5449 2855 5522 sapientiam
2943 5451 3156 5509 scilicet
3203 5459 3260 5506 et
3325 5451 3536 5508 fortitu-

2037 5633 2127 5688 Ait
2190 5633 2427 5703 quodam
2490 5635 2545 5690 in
2603 5639 2725 5692 loco
2799 5638 3150 5708 profundius,
3226 5651 3386 5708 quam
3426 5636 3534 5692 cla-

1966 5725 2084 5781 rius
2137 5741 2153 5778 :
2204 5725 2398 5782 Manus
2461 5743 2588 5783 meae
2645 5730 2880 5803 fecerunt
2947 5745 3204 5800 organum
3240 5740 3257 5779 :
3287 5735 3337 5781 et
3381 5727 3533 5797 digiti

3102 5964 3139 6028 2
