3970 6552
325 474 398 538 66
1484 469 1875 533 COMMENT.
1913 467 1996 529 IN
2035 466 2394 532 PSALMOS.
3501 455 3568 523 46

309 585 624 656 πατρῴους,
691 587 783 638 καὶ
827 585 967 652 ιερὶ,
1018 586 1112 638 καὶ
1173 587 1374 652 γονεῖς,

309 682 464 746 γένη,
503 680 599 730 καὶ
630 678 867 747 ἡλικίας⁸
900 680 928 730 6
959 677 1017 729 δὲ
1061 677 1267 730 τούτων
1322 678 1421 745 μὲν
1475 677 1631 730 οὐδὲν
1689 679 1893 745 ἐμεγα-

313 771 612 840 λαύχησεν,
645 769 1034 822 ἐπιεικέστατα
1077 768 1134 821 δὲ
1188 769 1327 822 πάνυ
1375 767 1616 838 διεξῆλθε
1661 766 1724 819 τὸ
1756 767 1892 836 πρὸς

313 862 405 914 τὸν
443 861 641 914 Γολιὰθ
673 861 1030 931 μονομάχιον.

393 1043 540 1096 Ἀλλ’
579 1038 736 1107 οὗτος
787 1044 816 1096 6
859 1043 1119 1105 τοσοῦτος
1161 1045 1256 1096 καὶ
1288 1043 1625 1110 τηλικοῦτος,
1685 1043 1771 1095 ἵνα
1819 1043 1892 1113 μὴ

309 1137 546 1190 ἕκαστον
591 1136 857 1207 διατρίϐω
905 1135 1098 1203 λόγον,
1155 1132 1546 1200 ὲξευτελίζεται
1599 1135 1698 1206 μὲν
1743 1136 1894 1206 παρὰ

312 1227 408 1280 τοῦ
449 1228 683 1297 πατρὸς,
712 1227 810 1298 τὴν
830 1227 1025 1298 ἀρχὴν.
1063 1268 1076 1280 .
1112 1267 1125 1281 .
1160 1267 1174 1281 .
1209 1228 1482 1297 αινομένῳ
1506 1227 1892 1296 προσέχοντος,

315 1319 688 1372 ἀποδάλλεται
721 1319 767 1371 δ’
806 1321 885 1381 εἰς
925 1319 1212 1388 ποιμένας,
1265 1318 1356 1371 καὶ
1399 1319 1478 1384 (2)
1528 1316 1734 1369 τούτων
1783 1318 1895 1378 τοῖς

312 1415 371 1464 ὲν
415 1414 533 1473 τοῖς
579 1410 965 1479 λοχευομένοις
1023 1410 1272 1464 ὅπισθεν.
1323 1409 1432 1462 Καὶ
1494 1410 1520 1461 6
1566 1410 1666 1476 μὲν
1710 1411 1895 1478 πατὴρ

314 1503 528 1571 ὥσπερ.
562 1541 578 1556 .
628 1543 640 1555 .
683 1541 697 1556 .
739 1502 841 1554 ίθει
869 1502 1134 1564 κάτωθεν,
1163 1504 1191 1554 6
1217 1502 1274 1553 δὲ
1303 1501 1434 1564 Θεὸς
1479 1501 1686 1554 ἄνωθεν
1720 1500 1892 1553 υἱοθέ-

313 1610 417 1656 τει,
471 1593 726 1662 καθάπερ
781 1591 1061 1661 βασιλικὸν
1109 1592 1276 1644 παῖδα
1315 1592 1413 1660 τὴν
1455 1591 1761 1661 βασιλικὴν,
1794 1592 1894 1642 εἶτ’

311 1680 406 1736 οὖν
436 1683 805 1753 ποιμαντικὴν
833 1685 1144 1754 ἐπιστήμην
1176 1683 1394 1752 πρῶτον
1436 1687 1492 1735 ἐν
1519 1686 1632 1746 τοῖς
1680 1683 1897 1749 ἀλόγοις

314 1776 617 1845 ὲκμελετᾷν
672 1779 1110 1844 παρεσκεύασεν,
1161 1777 1556 1845 ἐπαγρυπνεῖν,
1611 1775 1893 1844 πολεμεῖν,

316 1866 649 1919 κινδυνεύειν
678 1869 779 1935 τῆς
808 1866 1066 1935 ποίμνης,
1109 1865 1554 1934 παρατάττεσθαι
1605 1865 1741 1935 πρὸς
1795 1865 1894 1934 θῆ-

317 1975 438 2030 ρας,
467 1958 602 2027 πρὸς
643 1957 868 2030 λῃστὰς,
900 1957 1035 2027 πρὸς
1067 1958 1329 2019 κλέπτας,
1367 1958 1503 2026 πρὸς
1530 1958 1709 2027 λιμὸν,
1756 1957 1894 2025 πρὸς
1927 1935 1965 1988 Β

315 2050 548 2118 κρυμὸν,
573 2050 711 2118 πρὸς
739 2049 938 2117 φλόγα,
968 2049 1353 2118 προηγεῖσθαι,
1378 2048 1722 2118 παρακαλεῖν
1754 2047 1892 2117 πρὸς

314 2139 516 2208 νομὰς,
570 2141 710 2208 πρὸς
767 2142 947 2203 σκιὰς,
995 2140 1075 2201 είς
1131 2141 1374 2210 κρήνας,
1431 2141 1514 2202 εἰς
1566 2139 1889 2208 ποταμοὺς,

317 2232 391 2298 (5)
422 2229 839 2300 ἁνακομεῖσθαι,
874 2230 1151 2299 συνάγειν,
1183 2234 1250 2302 τῇ
1273 2230 1569 2302 βακτηρίᾳ,
1618 2233 1684 2301 τῇ
1711 2233 1889 2300 φωνῇ,

315 2326 378 2392 τῇ
415 2321 552 2394 ᾠδῇ,
583 2325 650 2392 τῇ
684 2321 928 2390 σύριγγι,
962 2322 1208 2392 τέρπειν,
1247 2321 1455 2390 φοϐεῖν,
1483 2320 1714 2389 διαιτᾷν,
1745 2336 1890 2388 φαρ-

319 2413 599 2482 μακεύειν,
630 2408 705 2465 ὧν
759 2412 1014 2466 ἁπάντων
1060 2413 1246 2476 τέλος,
1287 2413 1364 2482 μὴ
1419 2411 1674 2464 πιότατον
1731 2411 1891 2480 μόνον

313 2507 594 2569 ἀποδεῖξαι
627 2504 691 2558 τὸ
714 2504 986 2574 ποίμνιον,
1008 2505 1145 2559 ἀλλὰ
1179 2505 1275 2558 καὶ
1322 2504 1766 2574 σωφρονέστερον
1794 2503 1891 2555 καὶ

315 2596 820 2650 εύπαιδευτότατον.
870 2596 1031 2650 Ἀλλά
1062 2597 1224 2650 τίδεῖ
1274 2596 1578 2666 μηκύνεινς
1627 2596 1889 2665 Ἔρχεται

320 2691 435 2756 μετ’
483 2688 668 2755 ὀλίγον
702 2690 730 2742 6
786 2688 1039 2758 χρίστης,
1087 2686 1425 2758 ὲπιζητεῖται
1455 2688 1510 2740 δὲ
1540 2690 1568 2740 6
1601 2686 1891 2758 χρισθῆναι

321 2778 551 2848 μέλλωνο
593 2778 874 2849 ἐξέρχεται
906 2779 963 2832 δὲ
991 2781 1017 2832 6
1045 2779 1205 2850 χορὸς
1238 2779 1347 2831 τῶν
1386 2778 1618 2841 παίδων,
1666 2779 1694 2829 6
1723 2776 1892 2838 πολὺς

317 2868 544 2933 ἐκεῖνος,
580 2869 610 2922 6
640 2868 808 2932 καλὸς
834 2869 924 2923 καὶ
954 2869 1230 2939 λαμπρὸς,
1264 2869 1565 2923 ἐπιτίθεται
1598 2868 1658 2921 τὸ
1694 2868 1888 2939 κέρας,

319 2960 722 3031 ὑπερτίθεταιὸ
761 2961 911 3024 Θεός’
962 2961 1352 3030 ἀποδοκιμάζει
1407 2961 1651 3024 τούτους,
1703 2961 1892 3031 ὥσπερ

317 3052 381 3122 δὴ
419 3054 448 3106 6
479 3054 664 3124 πατὴρ
711 3053 802 3106 τὸν
855 3053 1038 3108 Δαὸίδ.
1105 3054 1498 3122 ’Δναγκάζεται
1546 3056 1893 3123 παραγαγεῖν

320 3143 482 3204 αὐτὸς
511 3143 538 3194 6
565 3142 865 3208 ὲξουθενῶν
914 3143 1006 3195 τὸν
1048 3142 1514 3210 ὲξουθενούμενον·
1558 3143 1891 3213 παράγεται,

320 3231 532 3302 χρίεται
569 3233 665 3286 καὶ
719 3233 908 3302 ἄμφω,
949 3233 1227 3303 βασιλείαν
1272 3234 1367 3286 καὶ
1417 3235 1774 3303 προφητείανο
1814 3235 1892 3305 τῷ

321 3325 425 3394 γὰρ
452 3324 648 3394 κέρατι
679 3325 772 3376 καὶ
811 3325 891 3395 τῷ
930 3325 1224 3394 πνεύματι.
1265 3323 1520 3393 Σύμϐολα
1581 3327 1675 3378 καὶ
1727 3325 1900 3377 ταῦτα

320 3415 411 3468 τοῦ
438 3417 696 3486 Σωτῆρος
738 3416 915 3485 Ἰησοῦ
944 3416 1262 3488 χρισθέντος
1301 3416 1530 3486 ὓστερον
1561 3419 1639 3480 είς
1673 3415 1902 3487 βασιλέα

320 3525 378 3561 τε
403 3510 497 3561 καὶ
536 3509 690 3563 Θεόν.
725 3510 790 3562 Τί
817 3510 948 3576 γοῦν
971 3511 1031 3562 τὸ
1063 3509 1203 3580 μετὰ
1231 3508 1390 3563 τοῦτο
1413 3528 1427 3574 ;
1478 3509 1721 3580 Πόλεμος
1749 3508 1904 3562 ἁλλο-

323 3600 508 3670 φύλων
541 3600 832 3668 ἐφίσταται
861 3600 1024 3664 πολὺς
1062 3600 1156 3653 καὶ
1194 3601 1406 3670 ἄμαχος
1456 3600 1551 3653 καὶ
1581 3601 1860 3670 ἀμήχανος
1884 3616 1899 3631 ο

325 3693 418 3745 ἐπὶ
448 3692 612 3763 ξυροῦ
667 3692 724 3745 δὲ
769 3691 848 3761 τῷ
899 3692 1112 3762 βασιλεῖ
1167 3691 1264 3745 καὶ
1310 3691 1388 3760 τῷ
1438 3691 1583 3745 ἔθνει
1644 3692 1805 3745 παντὶ
1834 3690 1904 3744 τὰ

325 3784 648 3853 πράγματα.
686 3783 1022 3854 Παρίσταται
1055 3783 1113 3836 δὲ
1165 3785 1194 3836 6
1236 3781 1474 3854 ρύστης,
1533 3783 1562 3834 6
1619 3784 1903 3854 προφήτης

324 3876 460 3944 ὁμοῦ
517 3875 614 3927 καὶ
655 3875 999 3945 στρατιώτης
1055 3875 1154 3928 κα).
1194 3873 1472 3944 βασιλεύς.
1512 3873 1904 3938 Ἐξουθενεῖται

327 3970 512 4034 πάλιν,
547 3967 918 4022 ἀποϐάλλεται
956 3969 1119 4023 πάλιν
1149 3987 1163 4002 ο
1198 3968 1528 4040 ὑπερϐάλλει
1585 3968 1746 4022 πάλιν
1778 3968 1904 4031 τοὺς

325 4061 613 4129 ἀδελφοὺς,
650 4064 716 4132 τῇ
747 4061 1118 4132 κακροθυμίᾳ·
1153 4061 1246 4115 τὸν
1277 4062 1474 4126 Σαοὺλ,
1507 4064 1572 4131 τῇ
1605 4060 1895 4130 ἀπολογία·

327 4151 414 4204 τὸν
440 4149 660 4213 Γολιὰθ,
714 4153 780 4220 τῇ
821 4150 1033 4222 ἀνδρίᾳο
1062 4151 1274 4215 πάντας
1308 4150 1445 4220 ἅμα,
1501 4150 1748 4212 καὶτοὺς
1799 4149 1904 4220 πρὸ

329 4241 518 4307 αὐτού,
551 4242 648 4294 καὶ
692 4242 817 4304 τοὺς
841 4242 962 4309 μετ’
997 4241 1161 4296 αὑτὸν
1217 4245 1282 4312 τῇ
1343 4243 1611 4313 ὑπερφυεῖ
1653 4259 1904 4312 γιγαντο-

332 4333 521 4404 μαχίαο
551 4332 718 4396 σώζει
749 4333 954 4397 πάντας
985 4330 1068 4398 εἷς
1113 4336 1303 4405 φανεὶς
1354 4335 1497 4406 ὑπὲρ
1533 4334 1775 4402 πάντων,
1809 4336 1904 4387 καὶ

331 4426 449 4478 ἀντὶ
476 4425 720 4487 πάντων,
748 4427 841 4480 καὶ
866 4426 1006 4495 ὑπὲρ
1056 4428 1285 4489 πάντας.
1338 4423 1470 4480 Εἶτα
1503 4428 1592 4490 τίς
1625 4427 1905 4496 Συμὸασι-

331 4516 496 4580 λεύει,
554 4517 1051 4587 συνεκστρατεύει,
1109 4517 1512 4589 συγκατορθοῖ·
1580 4519 1778 4589 μᾶλλον
1823 4519 1900 4584 δὲ,

1432 587 1532 638 καὶ
1591 585 1886 654 σύμπαντα

2003 598 2134 645 cem,
2167 583 2428 650 patriam,
2494 582 2760 652 majorum
2805 579 3086 652 sepulcra,
3139 579 3287 648 leges
3340 578 3566 648 patrias,

2001 676 2222 744 templa,
2260 680 2518 744 parentes
2551 675 2722 741 ipsos,
2757 684 2811 728 et
2834 687 3054 728 omnem
3078 671 3316 741 denique
3354 679 3568 725 atatem

1995 767 2230 822 servavit
2269 784 2281 819 :
2319 767 2434 837 ipse
2465 776 2644 822 tamen
2682 768 2736 821 in
2797 768 2882 822 his
2928 766 3065 822 nihil
3133 766 3402 836 gloriatus
3459 773 3568 828 est,

1995 859 2089 915 sed
2123 859 2402 930 singulare
2435 867 2734 923 certamen,
2789 860 2932 928 quod
2985 859 3088 914 sibi
3141 857 3243 912 fuit
3283 873 3407 913 cum
3451 856 3570 925 ipso

1993 951 2234 1017 Goliath,
2272 959 2484 1006 tantum
2541 952 2942 1007 modestissime
2974 951 3238 1006 narravit.

2067 1043 2456 1099 Verumtamen
2490 1045 2580 1099 hic
2607 1053 2795 1099 noster
2847 1050 3034 1099 tantus
3066 1060 3132 1098 ac
3187 1044 3312 1099 talis
3371 1041 3567 1106 David,

1995 1151 2065 1191 ne
2101 1137 2281 1192 omnia
2313 1151 2410 1207 per
2436 1137 2647 1208 singula
2678 1151 2997 1206 persequar,
3031 1137 3325 1208 negligitur
3351 1151 3380 1190 a
3411 1143 3570 1206 patre

1997 1228 2112 1297 (qui
2141 1228 2298 1283 initio
2323 1229 2592 1282 exteriora
2632 1237 2843 1283 tantum
2871 1228 3170 1297 spectabat)
3204 1239 3256 1283 et
3283 1228 3347 1281 ad
3373 1243 3569 1298 greges

1997 1319 2233 1372 mittitur
2296 1327 2351 1373 et
2399 1318 2464 1372 ad
2521 1328 2814 1373 armenta:
2853 1319 3102 1387 quinimo
3155 1319 3350 1373 horum
3399 1320 3564 1372 etiam

1999 1406 2161 1462 laetas
2195 1422 2324 1462 oves
2363 1408 2718 1476 seqtnebatur.
2756 1407 2816 1460 Et
2843 1407 3252 1478 pater'quidem
3304 1407 3360 1461 in
3417 1415 3567 1461 terra

1995 1514 2122 1553 eum
2193 1499 2529 1569 abjiciebat,
2607 1500 2748 1554 Deus
2771 1514 2901 1554 vero
2954 1499 3188 1566 desuper
3251 1497 3569 1566 adoptabat.

1996 1605 2232 1659 eumque
2281 1591 2450 1644 veluti
2503 1590 2710 1660 regium
2763 1604 3015 1658 puerum,
3071 1589 3272 1660 regali,
3332 1589 3434 1643 hoc
3487 1598 3571 1641 est

1997 1680 2260 1748 pastorali
2302 1680 2544 1734 scientiae
2574 1681 2809 1750 primum
2860 1694 3077 1744 vacare,
3111 1681 3252 1734 inter
3278 1677 3571 1733 irrationa-

1999 1773 2070 1826 lia
2103 1775 2432 1843 przeparavit
2461 1790 2473 1826 :
2502 1773 2727 1842 vigilare
2757 1773 2983 1839 scilicet,
3022 1780 3234 1827 certare
3262 1785 3360 1841 pro
3385 1783 3567 1839 grege.

2003 1865 2268 1933 periculis
2319 1879 2377 1919 se
2409 1880 2702 1935 opponere,
2736 1867 3071 1919 contendere
3107 1865 3372 1920 adversus
3403 1862 3569 1926 feras.

2000 1958 2267 2018 latrones,
2311 1955 2479 2023 fures,
2509 1955 2981 2026 famem..l‘rigora,
3019 1955 3294 2010 ﬂammam
3327 1972 3342 2007 :
3374 1955 3574 2025 praeire.

2001 2049 2164 2102 etiam
2189 2055 2244 2101 et
2267 2045 2548 2102 advocare
2575 2048 2643 2102 ad
2676 2063 2900 2117 pascua,
2930 2048 2996 2102 ad
3029 2046 3282 2109 umbras,
3333 2045 3401 2099 ad
3444 2043 3570 2098 fori-

2003 2147 2104 2204 tes,
2133 2137 2202 2191 ad
2236 2137 2460 2191 ﬁumina
2495 2155 2508 2191 :
2541 2155 2801 2193 revocare
2843 2139 2996 2202 item,
3027 2145 3082 2193 et
3140 2137 3194 2191 in
3248 2145 3415 2191 unum
3471 2134 3571 2187 ad-

2001 2229 2229 2293 ducere,
2263 2231 2432 2299 vit'ga,
2475 2243 2628 2295 voce,
2680 2239 2850 2284 cantu
2909 2238 2964 2283 et
3027 2226 3229 2292 ﬁstula,
3302 2225 3572 2281 delectare

1999 2321 2163 2376 etiam
2197 2336 2260 2375 ac
2292 2331 2600 2389 perterrere
2638 2339 2651 2374 :
2697 2321 2911 2376 vivendi
2940 2336 3186 2374 normam
3222 2320 3484 2387 praebere,
3511 2324 3568 2371 et

1999 2413 2228 2480 mederi,
2270 2428 2504 2483 quorum
2533 2415 2778 2468 omnium
2808 2415 2854 2467 is
2887 2424 2968 2467 est
3005 2413 3148 2478 ﬁnis,
3190 2420 3252 2466 ut
3300 2427 3407 2466 non
3449 2410 3573 2479 pin-

1999 2506 2379 2575 guem'modo,
2409 2506 2503 2561 sed
2521 2513 2594 2560 'ut
2642 2504 3141 2560 moderatissimum
3175 2503 3360 2564 etiam,
3389 2510 3445 2570 et
3477 2516 3571 2554 ca-

1997 2597 2422 2666 stigatissimum
2456 2611 2674 2667 gregem
2702 2595 3038 2651 ostenderet.
3073 2595 3180 2650 Sed
3231 2593 3365 2664 quid
3394 2593 3570 2662 pluri-

1999 2690 2103 2744 bus
2128 2704 2267 2758 opus
2299 2689 2423 2744 est?
2452 2687 2611 2743 Venit
2643 2687 2802 2758 paulo
2851 2696 2974 2755 post
3008 2693 3205 2740 unctor
3234 2702 3249 2740 :
3283 2683 3573 2756 ungendus

1999 2781 2359 2852 perquiritur.
2409 2778 2671 2835 Procedit
2723 2780 2980 2850 copiosus
3038 2779 3147 2843 ille,
3207 2777 3458 2847 pulcher,
3517 2785 3574 2830 et

1993 2874 2176 2927 clarus
2217 2873 2448 2927 ﬁliorum
2481 2873 2680 2926 chorus
2715 2889 2728 2925 :
2761 2871 3058 2940 imponitur
3111 2883 3309 2934 cornu,
3377 2883 3572 2936 super—

2001 2966 2226 3037 ponitur
2294 2964 2440 3020 Deus
2505 2983 2518 3018 :
2582 2974 2637 3019 et
2697 2962 3158 3034 quemadmodum
3213 2969 3373 3014 antea
3422 2967 3574 3029 pater

1999 3059 2181 3127 ipsum
2211 3057 2402 3122 David,
2432 3057 2510 3112 sic
2536 3066 2591 3110 et
2627 3056 2768 3111 Deus
2798 3070 2991 3111 omnes
3040 3054 3179 3108 alios
3233 3052 3570 3122 reprobavit.

1999 3150 2224 3220 Cogitur
2249 3159 2404 3220 pater
2427 3150 2519 3218 qui
2549 3149 2878 3218 neglexerat,
2906 3147 3211 3218 neglectum
3247 3145 3524 3200 alducere
3555 3163 3571 3197 :

2005 3241 2299 3296 adducitur
2351 3242 2559 3310 itaque,
2623 3249 2678 3294 et
2736 3242 2962 3306 ungitur
3013 3237 3081 3292 ad
3132 3247 3424 3305 utrumque
3457 3253 3472 3289 :
3505 3234 3573 3288 ad

2004 3351 2230 3406 regnum
2265 3336 2545 3398 nimirum,
2588 3345 2642 3389 et
2675 3335 2742 3388 ad
2775 3333 3114 3403 prophetiam
3152 3347 3363 3388 :cornu
3401 3331 3575 3401 siqui-

2000 3428 2146 3489 dem,
2176 3435 2228 3481 et
2256 3426 2474 3495 spiritu.
2515 3425 2713 3496 Figura
2757 3434 2916 3479 erant
2963 3425 3077 3479 hac
3139 3422 3436 3478 Salvatoris
3477 3437 3575 3476 no-

2001 3518 2100 3573 stri
2121 3515 2254 3572 Jesu
2281 3516 2512 3581 Christi,
2577 3516 2668 3583 qui
2701 3516 2756 3568 in
2808 3528 2989 3585 regem
3039 3511 3325 3583 ungendus
3353 3519 3492 3575 erat,
3521 3521 3576 3566 et

2001 3612 2059 3666 in
2093 3611 2284 3665 Deum.
2336 3608 2476 3675 Quid
2514 3608 2679 3679 igitur
2729 3607 2850 3678 pos't
2907 3607 3059 3662 haec?
3105 3606 3308 3661 bellum
3364 3603 3574 3658 adesta

2002 3700 2318 3764 Philistaeis,
2351 3701 2582 3765 bellum,
2615 3700 2865 3770 inquam,
2899 3699 3109 3770 grande
3137 3720 3149 3754 ε
3193 3697 3444 3767 quinimo
3477 3696 3575 3750 im-

2004 3809 2254 3849 mensum
2283 3801 2338 3849 et
2381 3792 2770 3862 insuperabile.
2806 3792 3004 3846 Omnia
3039 3799 3146 3844 tam
3210 3791 3371 3860 regis,
3407 3801 3576 3858 quam

2004 3885 2280 3940 universa:
2309 3884 2488 3954 gentis
2529 3882 2743 3954 negotia
2791 3882 2844 3936 in
2893 3897 3111 3938 summo
3158 3892 3320 3936 erant
3369 3881 3577 3935 discri-

2005 3977 2152 4032 mine
2202 3994 2215 4030 :
2277 3977 2396 4045 ipse
2459 3986 2644 4031 autem
2685 3975 2944 4030 liberator
3009 3976 3230 4030 advenit
3283 3975 3574 4046 propheta,

2008 4067 2190 4132 miles,
2251 4069 2462 4138 pariter
2515 4074 2570 4122 et
2627 4082 2744 4122 rex.
2803 4065 3105 4137 Negligitur
3159 4081 3351 4121 rursus
3413 4074 3577 4135 atque

2006 4158 2263 4230 abjicitur
2299 4175 2313 4212 :
2353 4168 2408 4214 et
2457 4174 2652 4214 rursus
2701 4158 2841 4228 ipse,
2889 4159 3153 4227 patientia
3207 4173 3306 4212 sua
3358 4158 3576 4217 fratres,

2007 4263 2274 4318 responso
2306 4246 2463 4312 Saul,
2492 4249 2815 4304 fortitudine
2842 4247 3082 4311 Goliath,
3112 4255 3166 4301 et
3199 4261 3392 4301 omnes
3426 4247 3577 4300 insu-

2005 4356 2124 4410 per,
2158 4341 2249 4410 qui
2302 4349 2434 4394 tunc
2472 4340 2754 4410 temporis,
2812 4347 2866 4393 et
2915 4346 3076 4392 antea
3126 4352 3191 4392 ac
3233 4337 3578 4405 postmodum

2008 4432 2254 4496 fuerunt,
2292 4432 2561 4486 immensa
2602 4433 2702 4484 hac
2742 4431 2995 4500 gigantea
3032 4444 3210 4499 pugna
3245 4428 3527 4498 superavit
3561 4440 3578 4455 ο

2007 4538 2264 4592 unusque
2324 4537 2424 4591 pro
2478 4521 2761 4584 omnibus,
2815 4530 3005 4574 contra
3069 4533 3283 4582 omnes,
3341 4520 3578 4573 servavit

337 4608 594 4678 κατορθοῖ
623 4609 694 4661 τὰ
716 4609 974 4663 λείποντα
994 4627 1008 4641 ⁸
1040 4613 1168 4681 νικᾷ
1196 4613 1321 4673 τοὺς
1356 4611 1452 4680 μὲν
1482 4610 1585 4676 ἔξω
1613 4611 1897 4680 πολεμίους

2010 4630 2222 4671 omnes.
2256 4615 2363 4668 Sed
2391 4613 2524 4682 quid
2557 4612 2820 4682 deinceps
2851 4614 2874 4665 ?
2931 4611 3106 4666 Simul
3154 4619 3362 4678 regnat,
3417 4610 3579 4665 simul

331 4701 442 4762 τοῖς
475 4700 686 4764 ὅπλοιςο
718 4701 809 4754 τὸν
853 4700 1001 4754 ἔνδον
1054 4702 1131 4765 δὲ,
1183 4701 1245 4754 τὸ
1297 4702 1513 4767 πνεῦμα
1559 4702 1761 4774 δηλαδὴ
1805 4701 1900 4755 τοῦ

335 4791 530 4854 Σαοὺλ,
564 4793 631 4862 τῇ
667 4789 905 4864 μελῳδίᾳ
928 4810 985 4846 τε
1014 4795 1105 4846 καὶ
1126 4793 1202 4862 τῷ
1226 4792 1514 4862 πνεύματιο
1545 4793 1903 4864 στεφανοῦται

337 4885 428 4937 καὶ
456 4884 785 4953 εὐφημεῖται
820 4885 970 4956 παρὰ
1024 4886 1264 4951 πάντων,
1317 4887 1410 4939 καὶ
1461 4885 1602 4956 ὑπὲρ
1653 4885 1899 4950 πάντας·

337 4974 446 5044 ᾠδὴ
475 4976 690 5042 γίνεται
715 4976 810 5028 καὶ
835 4979 955 5039 ταῖς
978 4977 1243 5045 γυναιξίνο
1286 4975 1580 5041 Ἐπάταξε
1604 4976 1802 5031 Σαοὺλ
1833 4977 1904 5032 ἐν

338 5066 587 5133 χιλιάσι,
622 5067 722 5121 καὶ
748 5068 923 5120 Δαϐίδ
956 5069 1025 5122 ἐν
1059 5069 1326 5137 μυριάσι.
1381 5070 1663 5123 Φθονεῖται
1719 5069 1901 5134 πάλιν,

340 5154 612 5218 διιὶικεται,
646 5157 862 5224 φεύγει,
889 5158 1215 5226 κρύπτεται,
1250 5157 1568 5225 κυκλοῦται,
1598 5158 1791 5212 κυκλοί
1821 5158 1914 5211 τὸν

343 5245 719 5308 κυκλώσαντα,
758 5250 850 5301 καὶ
906 5250 1002 5318 οὐχ
1034 5250 1271 5320 ἁρπάζει
1298 5251 1390 5304 τὸν
1436 5251 1646 5322 καιρὸν,
1682 5252 1743 5304 οὐ
1775 5251 1916 5320 λαμο

342 5338 489 5392 ϐάνει
521 5340 620 5392 τοῦ
657 5339 896 5410 πολέμου
935 5341 1114 5410 λύσιν,
1146 5344 1245 5398 οὐκ
1275 5344 1546 5415 ἀμύνεται
1569 5345 1659 5399 τὸν
1682 5343 1910 5415 ἐχθρὸν,

343 5429 536 5498 ἀμύνει
580 5431 772 5501 τούτῳ,
826 5434 1064 5502 φεύγων,
1099 5439 1159 5489 οὐ
1222 5436 1296 5506 μή
1349 5454 1401 5490 τι
1461 5437 1620 5491 πάθοι
1670 5437 1908 5508 μᾶλλον,

433 5571 502 5625 ⁸1
545 5573 676 5642 Reg.
715 5587 867 5639 xviii,
903 5575 955 5628 7.

2009 4707 2312 4764 exercitum
2340 4707 2514 4770 ducit,
2541 4706 2706 4762 simul
2736 4705 2921 4774 dirigit
2967 4715 3131 4775 atque
3183 4703 3533 4759 administrat
3561 4721 3578 4766 ;

2012 4803 2123 4856 imo
2159 4814 2292 4854 vero
2323 4814 2442 4869 quae
2469 4798 2682 4868 reliqua
2721 4809 2872 4860 sunt,
2905 4798 3020 4867 ipse
3069 4812 3212 4852 unus
3242 4799 3579 4858 moderatur,

2011 4901 2067 4947 et
2102 4901 2319 4947 exteros
2348 4889 2568 4960 quidem
2602 4890 2874 4955 inimicos,
2914 4891 3102 4954 armis,
3139 4903 3271 4943 suos
3295 4901 3442 4951 vero,
3477 4886 3580 4940 hoc

2011 4991 2098 5039 est
2133 4984 2308 5052 ipsius
2343 4980 2475 5036 Saul
2515 4981 2784 5050 malignos
2816 4981 3066 5050 spiritus,
3117 4981 3351 5034 nielodia
3390 4980 3579 5040 simul,

2012 5089 2078 5128 ae
2108 5073 2333 5142 spiritu,
2370 5078 2615 5140 superat.
2662 5069 2977 5124 Coronatur
3005 5069 3188 5139 itaque
3234 5077 3288 5122 et
3330 5067 3579 5121 laudatur

2014 5166 2084 5218 ab
2105 5164 2384 5227 omnibus,
2435 5171 2490 5216 et
2519 5176 2684 5230 supra
2717 5175 2929 5222 omnes,
2981 5159 3034 5213 in
3083 5167 3416 5226 cantumque
3447 5157 3580 5226 ipsis

2014 5257 2178 5310 etiam
2199 5255 2428 5310 eﬁectus
2448 5266 2533 5307 est
2557 5253 2880 5307 mulieribus
2910 5270 2925 5306 :
2953 5251 3219 5304 Percussit
3251 5248 3382 5303 Saul
3411 5249 3580 5310 mille.

2012 5357 2061 5400 et
2114 5346 2283 5400 David
2313 5345 2487 5400 decem
2512 5342 2682 5398 millia
2715 5344 2757 5398 ⁸.
2793 5341 3076 5396 lnvidetur
3116 5355 3332 5404 rursus,
3392 5356 3579 5412 perse-

2013 5438 2289 5494 cutionem
2331 5437 2560 5507 patitur,
2597 5434 2754 5505 fugit,
2812 5432 3148 5499 occultatur,
3181 5432 3579 5498 circumdatur,

1667 5702 1868 5766 Varie:
1903 5704 2233 5771 lectiones.

416 5832 489 5907 (ἓ)
523 5832 674 5907 Adde
699 5834 951 5905 πρόδατα
975 5832 1184 5907 καλὶιιι
1217 5841 1271 5889 et
1302 5845 1500 5890 sensus
1546 5830 1810 5902 postulat,
1861 5841 1897 5886 et

2003 5835 2182 5891 atinus
2214 5835 2340 5905 legit
2373 5835 2667 5907 interpres.

415 5906 490 5972 (5)
516 5906 715 5971 Ἴσως,
747 5903 1200 5974 άνακομίζεσθαι.
