3970 6550
387 446 456 510 (7
1610 449 1996 511 EUTI’IYMH
2031 455 2404 515 ZIGKBENI
3566 456 3638 518 48

364 579 436 626 .ct
471 569 586 639 ipse
617 566 1050 622 eircumdaulem
1089 565 1416 628 circumdat,
1456 582 1552 622 nec
1587 577 1766 623 tamen
1793 585 1949 626 occa-

2057 572 2194 628 ἀλλά
2229 575 2304 644 μή
2354 593 2406 627 τι
2447 574 2632 645 δράσοι
2659 576 2995 646 φοϐούμενος
3031 576 3139 631 τῶν
3167 568 3356 646 ὧνπερ
3385 575 3639 644 ἐφοϐεῖτο

383 663 597 716 sionem
633 660 848 728 arripit,
883 673 982 714 nec
1015 659 1142 712 belli
1194 658 1528 713 solutionem
1564 660 1817 724 attendit,
1847 676 1954 716 non

386 753 676 809 ulciscitur
740 751 1023 806 inimicum
1060 769 1073 804 :
1107 750 1360 820 quinimo
1418 751 1571 804 illum
1613 751 1835 821 adjuvat
1868 752 1957 808 fu-

380 851 538 921 giens
564 863 629 904 ac
662 849 878 910 timens,
929 859 1036 902 no‘n
1079 855 1138 899 ιιι
1165 845 1284 914 ipse
1314 845 1458 900 male
1486 847 1771 914 quidpiam
1802 857 1957 916 pate-

387 949 562 1006 retur,
627 939 724 996 sed
770 940 973 1008 potius,
1030 953 1100 993 ne
1150 939 1416 994 adversus
1475 939 1693 993 Saulem
1750 937 1954 1008 aliquid

379 1039 570 1086 eurum
601 1030 834 1093 faceret;
855 1045 978 1100 qua:
1002 1028 1105 1085 sibi
1131 1029 1200 1084 ab
1229 1030 1323 1084 illo
1351 1029 1782 1086 intentabantur.
1809 1031 1955 1084 A'deo

379 1123 526 1178 enim
567 1121 846 1178 contraria
874 1121 992 1176 haec
1023 1134 1129 1175 una
1167 1119 1517 1190 temperavit,
1570 1119 1954 1175 mansuetudi-

384 1231 508 1270 nem
561 1213 778 1269 scilicet
807 1223 862 1269 et
903 1211 1308 1278 fortitudinem,
1352 1220 1411 1265 ιιι
1462 1210 1727 1265 fortitudo
1781 1211 1835 1266 in
1887 1225 1954 1266 eo

379 1307 560 1376 major
599 1321 761 1377 quant
795 1307 848 1360 in
879 1306 1094 1360 exteris
1121 1321 1136 1358 :
1167 1312 1220 1358 et
1246 1302 1608 1358 mansuetudo
1630 1304 1745 1370 ipsa
1777 1304 1944 1357 etiam

383 1400 707 1455 fortitudine
755 1400 935 1468 major
976 1398 1410 1467 conspiceretur.
1455 1395 1596 1462 Quid
1633 1396 1792 1450 tum?
1848 1393 1952 1450 Re-

380 1500 512 1560 gnat
541 1507 555 1544 :
586 1490 903 1561 prophetias
927 1489 1172 1559 prmdicit
1200 1503 1214 1542 :
1250 1488 1452 1541 fatetur
1477 1495 1640 1557 atque
1663 1494 1955 1541 attestatur

383 1582 579 1648 Deum,
615 1590 670 1635 et
705 1581 1084 1637 testimonium
1117 1579 1194 1633 illi
1233 1579 1556 1648 perhibetur
1584 1594 1612 1632 a
1661 1579 1791 1640 Deo,
1827 1593 1954 1646 pro-

380 1674 730 1742 mittiturqtte
778 1672 870 1736 ei,
920 1673 1066 1742 quod
1108 1680 1366 1725 atteruatu
1424 1670 1608 1725 sedem
1667 1670 1951 1724 habiturus

380 1768 475 1827 sit,
541 1773 598 1820 et
647 1765 969 1821 hmrcditate
1028 1772 1201 1819 totum
1255 1764 1442 1818 orbem
1509 1771 1947 1817 consecuturus:

378 1860 635 1927 ipsasque
663 1857 872 1923 stellas,
899 1856 1253 1911 multitudine
1279 1871 1344 1910 ac
1377 1854 1789 1924 pulchritudine
1816 1853 1953 1906 filio-

2063 664 2275 719 παθεῖν.
2313 667 2355 717 Τ
2357 665 2580 720 οσοῦτον
2624 668 2856 738 ἐκέρασε
2911 669 3194 736 τάναντία,
3231 668 3516 739 πραότητα
3543 669 3637 720 καὶ

2060 754 2158 826 τὴν
2182 756 2428 826 ἀνδρίαν,
2461 755 2537 819 ὡς
2577 753 2718 812 εἷναι
2764 758 2862 830 τὴν
2896 759 2996 830 μὲν
3036 760 3261 831 ἀνδρίαν
3289 757 3460 813 αὐτοῦ
3517 757 3629 826 ι.ι.εί⁸

2059 845 2187 908 ζονα
2212 846 2320 900 τῶν
2354 847 2412 899 ἑν
2457 845 2638 911 ἄλλοις
2657 863 2672 878 ⁸
2700 849 2874 919 αὐτῆς
2917 850 2975 904 δέ
2997 865 3062 918 γε
3086 849 3296 920 ταύτης
3339 844 3498 914 αὖθις
3535 845 3640 918 τὴν

2057 935 2382 992 ἐπιείκειαν.
2408 936 2474 990 Τί
2497 937 2606 1005 Est;
2643 935 2949 1006 Βασιλεύει,
2974 939 3334 1013 προφητεύει,
3362 937 3640 1010 μαρτυρεῖ

2055 1027 2210 1095 Θεὸν,
2262 1031 2623 1101 μαρτυρεῖται
2670 1031 2821 1102 παρά
2861 1030 3020 1098 Θεοῦ,
3069 1029 3509 1102 διαμαρτύρεται
3540 1028 3636 1082 τὸν

2055 1119 2247 1192 θρόνον
2305 1123 2523 1176 αξῶνιον
2570 1122 2736 1189 ἕξειν,
2768 1122 2861 1177 τὸν
2916 1123 3122 1196 κόσμον
3168 1122 3634 1195 κληρονομήσειν.

2054 1213 2180 1276 τοὺς
2209 1215 2448 1285 ἀστέρας
2482 1215 2923 1286 ὑπερϐάλλεσθαι
2948 1216 3026 1284 τῷ
3055 1217 3254 1288 πλήθει
3277 1216 3374 1270 καὶ
3397 1216 3478 1288 τῷ
3507 1216 3639 1270 κάλ’

2053 1305 2138 1358 λει
2164 1305 2272 1358 τῶν
2310 1307 2536 1360 παίδων.
2573 1305 2728 1373 Εἶτα,
2767 1309 2932 1379 βαϐαὶ
2963 1311 3062 1380 τῆς
3089 1310 3416 1381 συμφορᾶςι
3470 1308 3637 1378 βαϐαὶ

2055 1397 2154 1467 τῆς
2195 1397 2536 1469 μεταϐολῆςε
2589 1402 2618 1453 6
2666 1401 2945 1468 ἐκλεκτὸς,
2982 1401 3137 1471 ἄφνω
3181 1402 3390 1472 μοιχός
3425 1402 3454 1452 6
3497 1405 3636 1468 προ-

2056 1487 2258 1557 φήτης.
2292 1486 2532 1558 ἔκφρων
2566 1491 2594 1542 6
2615 1489 2966 1562 θεοφόρητος,
2999 1493 3267 1562 ἐκμανήςο
3295 1491 3323 1543 6
3352 1488 3634 1558 ἀληθινὸς,

2053 1579 2292 1650 δολερόςο
2345 1583 2372 1633 6
2413 1581 2639 1652 ποιμὴν,
2692 1582 2915 1654 λῃστής·
2957 1585 2986 1634 6
3039 1583 3242 1653 σωτὴρ,
3282 1581 3634 1651 ἀνδροφόνος.

2067 1672 2352 1725 Ἐντεῦθεν
2377 1673 2410 1742 ἡ
2445 1673 2714 1744 μεταϐολή
2745 1677 2860 1728 ἐστι
2888 1675 2986 1744 τῆς
3007 1676 3253 1744 γνώμης,
3291 1673 3385 1726 καὶ
3413 1675 3482 1724 τὰ
3515 1669 3634 1722 τολ-

2055 1762 2321 1833 μήματαο
2354 1766 2563 1818 ἐκεῖθεν
2599 1767 2632 1835 ἡ
2681 1766 2853 1836 ἐποχή
2898 1766 3004 1819 τῶν
3059 1765 3422 1835 κρουμάτων,
3461 1761 3559 1814 καὶ
3599 1761 3634 1826 ἡ

2052 1871 2146 1909 τοο
2183 1857 2495 1926 πνεύματος
2554 1857 2808 1928 συστολήο
2849 1856 3099 1910 ἐντεῦθεν
3150 1858 3182 1926 ἡ
3235 1851 3507 1922 ὲναλλαγὴ
3537 1850 3632 1903 τοῦ

379 1965 504 2004 rum
538 1953 921 2020 superatttrus.
978 1948 1185 2004 Dein-de
1220 1948 1272 2018 (ο
1303 1947 1688 2012 calamitatem,
1726 1961 1759 2001 ο
1805 1945 1949 2000 ccle-

2059 1947 2201 2018 βίοο,
2232 1950 2325 2002 καὶ⁵
2354 1950 2387 2016 ἡ
2426 1948 2534 2001 τῶν
2565 1949 2749 2002 κακῶν
2787 1948 3053 2002 θάλασσα·
3087 1945 3336 2000 ἐντεῦθεν
3365 1944 3426 1996 οὐ
3469 1942 3635 2012 μόνον

371 2042 495 2098 rem
533 2043 895 2120 mutationem
915 2042 971 2112 ι)
1005 2041 1099 2112 qui
1131 2049 1291 2095 antea
1312 2041 1520 2096 electus
1547 2044 1686 2106 erat,
1726 2046 1956 2108 repente

371 2133 618 2190 efﬁcitur
661 2133 881 2190 adulter
911 2151 925 2188 :
958 2133 1052 2204 qui
1103 2132 1398 2203 prepheta,
1435 2146 1626 2186 amens
1659 2148 1673 2183 :
1701 2130 1792 2200 qui
1840 2130 1950 2183 Deo

379 2225 600 2282 aﬂlatus
649 2233 788 2290 erat,
847 2224 1076 2281 insanus
1107 2240 1123 2277 :
1157 2224 1254 2294 qui
1307 2238 1498 2285 verax,
1561 2221 1947 2290 dolosus:qui

357 2330 584 2390 pastor,
630 2319 772 2374 latro
807 2335 822 2373 :
861 2320 955 2388 qui
1007 2320 1279 2382 servator,
1314 2314 1608 2370 homicida.
1646 2309 1792 2370 Hine
1817 2328 1951 2369 con-

375 2411 482 2468 sllil
512 2411 742 2466 mutatio
759 2418 821 2465 «et
848 2415 959 2464 tam
993 2407 1232 2480 grandes
1260 2421 1436 2464 ausus
1469 2424 1485 2463 :
1523 2406 1676 2462 illinc
1707 2406 1947 2461 musices

355 2501 636 2566 ~cessatio,
667 2500 722 2554 et
744 2499 1068 2555 contractio
1123 2498 1364 2568 spiritus
1399 2513 1416 2553 :
1448 2497 1578 2553 hinc
1601 2507 1656 2554 et
1690 2499 1813 2554 vitae
1846 2499 1950 2553 im-

373 2593 630 2659 mutatio,
663 2600 721 2646 et
750 2591 1114 2660 plurimorum
1152 2589 1420 2643 malorum
1458 2604 1610 2644 mare
1642 2606 1657 2642 :
1698 2589 1826 2645 hinc
1852 2590 1948 2659 qui

373 2683 609 2739 numine
641 2692 762 2738 erat
797 2682 1120 2748 instinctus,
1151 2696 1259 2736 non
1285 2681 1449 2736 modo
1484 2683 1736 2751 privatur
1775 2681 1947 2751 inspié-

377 2775 592 2829 ratione
618 2773 709 2828 illa
759 2788 1001 2843 superna
1041 2787 1055 2824 :
1089 2771 1186 2828 sed
1220 2782 1274 2828 et
1305 2773 1400 2843 qui
1434 2775 1590 2842 pater
1620 2777 1756 2838 erat,
1787 2773 1948 2827 orba-

367 2874 466 2919 tur
494 2864 702 2919 liberis.
765 2863 832 2916 Et
881 2861 1145 2927 ﬁliorum,
1204 2863 1297 2916 alii
1350 2863 1570 2932 quidem
1623 2862 1842 2917 scelesti
1891 2871 1948 2916 et

368 2966 629 3010 sororum
665 2960 1020 3025 corruptores
1059 2973 1071 3010 :
1107 2955 1199 3008 alii
1237 2955 1320 3010 his
1351 2957 1516 3009 etiam
1571 2955 1943 3016 seclestiores,

371 3047 670 3103 fratricida:
714 3047 926 3103 scilicet
964 3061 1030 3100 ae
1061 3047 1350 3117 parricida
1392 3049 1528 3102 fiunt
1561 3066 1574 3103 :
1610 3061 1663 3104 et
1709 3051 1800 3118 ηυξ
1849 3055 1942 3102 rex

374 3146 519 3204 erat,
553 3141 903 3194 errabundus
943 3139 1043 3192 fit:
1075 3140 1167 3206 qui
1203 3149 1480 3207 pugnator
1509 3141 1769 3210 optimus,
1804 3140 1944 3208 fugi-

367 3232 519 3285 tivus
550 3231 686 3302 :qtti
711 3233 920 3301 pastor,
945 3232 1311 3298 montivagus.
1341 3230 1531 3284 Omnis
1546 3232 1780 3299 denique
1813 3245 1948 3298 prae~

2054 2043 2083 2094 6
2113 2041 2320 2103 ἔνθους.
2353 2041 2579 2104 ἄπνους,
2631 2041 2732 2109 τὴν
2775 2039 2984 2093 ἄνωθεν
3013 2039 3156 2106 λέγω
3193 2035 3440 2099 πνεῦσιν,
3498 2033 3636 2086 ἀλλά

2056 2133 2154 2185 καὶ
2181 2133 2210 2184 6
2241 2131 2444 2202 πατὴρ,
2492 2133 2682 2194 ἄπαις,
2735 2133 2829 2184 καὶ
2859 2132 2907 2184 οἱ
2949 2130 3161 2195 παῖδες,
3191 2130 3240 2182 οἱ
3289 2129 3393 2199 μὲν
3444 2126 3636 2196 μιαροὶ

2056 2223 2151 2275 καὶ
2179 2222 2593 2304 ἀδελφοφθόροιο
2619 2224 2666 2276 οἱ
2689 2222 2770 2286 δὲ,
2793 2223 2886 2274 καὶ
2917 2221 3251 2292 μιαρώτεροι
3273 2219 3506 2282 τούτων,
3539 2215 3638 2270 καὶ

2055 2313 2458 2384 ἀδελφοκτόνοι,
2487 2313 2584 2367 καὶ
2607 2313 2954 2384 πατραλσῑαιο
2987 2313 3083 2366 καὶ
3110 2313 3388 2382 βασιλεὺς,
3417 2309 3636 2376 πλανὴ-

2051 2421 2153 2478 της
2175 2422 2191 2437 ·
2224 2406 2319 2459 καὶ
2343 2407 2372 2459 6
2403 2405 2678 2477 ἀριστεὺς,
2716 2404 2913 2474 φυγὰς·
2951 2404 3047 2456 καὶ
3093 2405 3122 2458 6
3169 2403 3398 2473 ποιμὴν,
3448 2401 3638 2472 ὀρσιά-

2052 2497 2240 2562 λωτος·
2279 2497 2377 2551 καὶ
2399 2499 2508 2562 πᾶς
2535 2498 2564 2550 6
2586 2497 2840 2568 λαμπρὸς
2868 2491 3016 2560 οἶκος
3048 2496 3257 2558 ῑκεῖνος
3289 2494 3386 2547 καὶ
3417 2493 3636 2564 θρόνος,

2052 2590 2134 2652 εἰς
2174 2589 2278 2660 γῆν
2314 2589 2783 2661 κατερραγμένὸς.
2831 2586 3113 2641 Ἐντεῦθεν
3162 2591 3192 2641 6
3241 2585 3402 2654 λιμὸς
3449 2583 3550 2637 καὶ
3601 2585 3635 2650 ή

2053 2681 2208 2751 τῆξις
2237 2681 2332 2735 καὶ
2374 2682 2404 2734 6
2437 2680 2610 2744 δεινὸς
2645 2678 2957 2750 μετάμελος
2987 2696 3094 2734 των
3125 2678 3511 2751 πραχθέντωνδ
3543 2675 3637 2725 tv-

2050 2773 2241 2826 τεῦθεν
2268 2775 2301 2844 ἡ
2329 2771 2490 2842 καινὴ
2540 2772 2633 2824 καὶ
2675 2771 2878 2842 τριπλὴ
2925 2771 3022 2826 κάι
3050 2767 3402 2841 καθημερινὴ
3429 2764 3596 2819 θυσία
3615 2776 3631 2791 ·

2051 2867 2161 2919 τῶν
2193 2865 2292 2936 μὲν
2351 2864 2645 2933 ὀφθαλμῶν
2697 2866 2746 2918 oi
2780 2864 3080 2934 νυκτερινοὶ
3118 2861 3337 2929 κρουνοὶ
3380 2859 3476 2911 καὶ
3506 2855 3638 2908 λου-

2051 2957 2242 3026 ’δῆρίς
2273 2956 2373 3024 τῆς
2393 2953 2449 3007 δὲ
2481 2953 2710 3024 καρδίας
2732 2956 2765 3024 ἡ
2802 2955 3064 3023 συντριϐὴ
3099 2950 3196 3006 καὶ
3228 2954 3278 3005 oi
3306 2945 3634 3015 στεναγμοίσ

2051 3049 2152 3115 τῆς
2183 3045 2240 3097 δὲ
2268 3043 2520 3113 γλώσσης
2544 3045 2576 3113 ἡ
2605 3044 2859 3113 διηνεκὴς
2887 3044 3019 3112 εὐχὴ
3067 3046 3160 3096 καὶ
3201 3041 3597 3111 ἐξομολόγησις
3617 3051 3634 3066 °

2052 3137 2240 3188 ἐκεῖνα
2268 3138 2334 3186 τά
2357 3135 2668 3204 τραύματα,
2695 3134 2867 3188 ταῦτα
2901 3134 2968 3187 τά
3015 3134 3310 3202 φάρμακα,
3339 3130 3374 3200 ἢ
3409 3130 3460 3180 οἱ
3491 3128 3638 3181 καυ-

2052 3228 2241 3296 τῆρες,
2268 3227 2299 3277 il
2334 3227 2391 3276 αἱ
2415 3225 2603 3295 τομαί.

359 3321 519 3374 clara
547 3320 639 3374 illa
678 3319 898 3380 domus.
930 3333 992 3372 ac
1024 3321 1204 3381 sedes;
1247 3319 1301 3372 in
1355 3329 1555 3373 terram
1610 3320 1924 3374 collabitur.
1965 3301 2102 3368 lline
2151 3317 2315 3369 etiam
2374 3322 2427 3368 et
2460 3313 2655 3376 fames,
2685 3322 2741 3368 et
2770 3314 3088 3380 tabefactis,
3154 3321 3209 3367 et
3262 3309 3448 3381 gravis
3503 3321 3638 3378 pec-

359 3413 974 3482 catorutn'pmnltentia
1011 3431 1028 3468 :
1067 3415 1194 3467 hinc
1258 3414 1456 3483 triplex
1506 3413 1662 3480 illud,
1735 3421 1790 3465 et
1841 3423 2164 3482 perpetuum
2239 3408 2570 3462 Sacriﬁcium
2611 3425 2627 3461 :

2709 3407 2996 3463 oculorum
3061 3403 3310 3462 videlicet
3370 3399 3638 3459 nocturni

371 3509 554 3562 ﬂuxus
609 3520 674 3559 ac
730 3506 922 3561 latices
955 3526 971 3562 :
1007 3509 1190 3563 cordis
1241 3509 1502 3562 contritio
1551 3517 1607 3562 et
1663 3509 1937 3575 gemitus:
1985 3502 2292 3572 linguaeque
2338 3501 2572 3557 assidua
2631 3501 2840 3573 preces,
2870 3511 2926 3557 et
2972 3511 3235 3558 constans
3292 3497 3581 3554 confessio
3620 3519 3636 3557 :

363 3603 467 3657 illa
497 3597 717 3666 quidem
748 3598 1000 3664 vulnera,
1048 3599 1153 3654 ista
1184 3605 1366 3656 autem
1397 3600 1782 3661 medicamina,
1814 3597 2152 3658 adustiones,
2187 3590 2506 3650 inrisiones.

443 3695 548 3751 Sed
579 3711 662 3749 me
697 3695 902 3748 interea
937 3691 1050 3746 haec
1081 3696 1419 3756 narrantem,
1453 3703 1587 3761 pene
1621 3688 1766 3758 quod
1801 3688 1948 3742 iucei-
1975 3693 2017 3749 C

365 3801 583 3856 peram,
608 3785 770 3854 fugit,
807 3784 1080 3838 oratiOuis
1113 3783 1482 3853 propositum,
1507 3783 1638 3836 dum
1671 3779 1943 3848 pluribus,

373 3893 496 3950 quae
535 3894 658 3933 sese
687 3876 947 3941 offerunt,
981 3891 1202 3945 semper
1247 3875 1522 3930 detineor.
1558 3874 1718 3926 Asta!
1754 3886 1947 3926 rursus

377 3977 500 4038 post
531 3978 836 4039 peccatum,
867 3966 1133 4037 propheta
1165 3964 1464 4035 prophetae,
1499 3961 1670 4017 veluti
1699 3959 1948 4013 medicus

376 4062 586 4115 medico
622 4061 906 4130 aegrotanti
935 4075 1001 4114 ac
1025 4058 1296 4114 dubitanti
1335 4073 1349 4110 :
1400 4065 1455 4109 et
1483 4051 1943 4124 quemadmodum

369 4163 528 4207 antea
571 4160 768 4206 unctor
795 4152 1070 4215 aetiterat,
1122 4151 1196 4204 ita
1227 4153 1280 4202 ‘et
1330 4160 1476 4200 nunc
1504 4159 1611 4198 ιιυιι
1644 4142 1807 4196 modo
1863 4142 1946 4198 di-

359 4247 656 4316 ,gnitatem,
692 4246 788 4302 sed
817 4242 1074 4317 spiritum
1106 4241 1274 4298 etiam
1307 4238 1618 4301 ablaturus,
1653 4237 1700 4291 si
1753 4236 1805 4289 in
1841 4237 1944 4289 ali-

359 4349 484 4409 quo
538 4339 880 4408 deliquisset,
942 4333 1089 4406 quod
1153 4331 1220 4387 ad
1275 4330 1554 4400 proprlam
1603 4327 1942 4383 sanationem

364 4431 674 4504 pertineret
708 4449 721 4484 :
757 4431 803 4485 si
839 4428 1039 4482 vulnus
1086 4425 1340 4487 celasset,
1385 4423 1431 4475 si
1487 4417 1812 4489 reprehendi
1846 4429 1943 4471 ues-

366 4521 655 4590 glerisset.
683 4520 913 4574 Astabat
949 4515 1175 4586 pariter,
1197 4512 1450 4566 vindicta:
1479 4509 1646 4578 hujus
1670 4509 1941 4574 minister,

369 4608 515 4667 sicut
543 4619 700 4664 antea
735 4620 923 4663 custos
958 4606 1010 4662 et
1038 4605 1259 4672 adjutor
1294 4601 1530 4665 validus,
1579 4601 1656 4654 ita
1703 4609 1757 4654 et
1799 4615 1944 4655 nunc

371 4701 572 4757 vindex
605 4699 870 4756 terribilis
902 4698 1152 4768 angelus,
1186 4695 1405 4749 exserto
1449 4691 1630 4762 gladio
1661 4709 1673 4745 :
1701 4699 1753 4746 et
1777 4692 1942 4746 ictum

374 4791 581 4846 inferre
614 4788 1016 4859 paratissimus,
1045 4784 1149 4838 nisi
1183 4783 1273 4836 ille
1298 4788 1488 4835 contra
1524 4795 1585 4835 se
1624 4778 1940 4848 suffragium

374 4881 616 4944 tulisset,
659 4894 724 4933 ac
779 4877 1003 4947 pmpria
1055 4874 1330 4930 sententia
1395 4871 1635 4926 divinam
1689 4869 1945 4925 solvisset

367 4974 726 5028 sententiam.
759 4970 825 5023 Et
853 4969 980 5022 hinc
1002 4965 1224 5034 quidem
1255 4964 1484 5019 ad‘erant
1518 4981 1532 5018 :
1559 4963 1649 5017 ille
1675 4962 1863 5032 jttdieii
1891 4973 1946 5016 et

364 5067 554 5120 cauSa:
597 5062 869 5119 'conﬁetor
902 5057 1137 5121 Nath‘an,
1172 5066 1227 5114 et
1273 5057 1473 5112 vindex
1494 5056 1720 5126 angelus
1753 5075 1766 5110 :
1794 5054 1943 5108 illinc
1978 5042 2024 5097 Β

369 5166 552 5211 autem
614 5156 729 5224 ipse
785 5151 949 5217 jttdex
986 5149 1178 5216 David,
1225 5162 1580 5219 personarum
1635 5151 1745 5200 nun
1796 5160 1954 5200 acce-

367 5255 519 5316 ptor,
554 5247 607 5300 et
629 5245 721 5312 qui
751 5244 1016 5298 adversus
1039 5256 1100 5296 se
1128 5241 1251 5296 tulit
1277 5239 1630 5304 sententiam,
1655 5247 1764 5308 qua
1792 5236 1952 5305 jacu-

337 5329 480 5390 Wlum
528 5336 692 5390 citius
746 5334 968 5398 evulsit,
1029 5334 1191 5403 quam
1251 5332 1578 5402 suscepisset
1629 5347 1643 5386 :
1693 5335 1750 5384 et
1809 5326 1954 5381 Deus

364 5427 573 5496 pariter
605 5443 617 5478 :
655 5425 747 5495 qui
779 5425 1087 5480 cicatricem
1121 5423 1330 5478 vulneri
1373 5438 1484 5478 non
1536 5429 1753 5476 tantum
1791 5419 1953 5472 imlu-

367 5520 476 5585 xit,
529 5519 624 5572 sed
687 5518 863 5587 ipsum
929 5517 1092 5571 etiam
1152 5515 1353 5570 vulnus
1394 5529 1618 5584 prorsus
1673 5509 1876 5564 delevit
1925 5525 1939 5560 :

370 5625 549 5680 neque
604 5609 750 5663 enim
793 5606 1172 5662 tantummodo
1207 5606 1452 5676 pepercit
1485 5622 1500 5662 :
1535 5604 1630 5659 sed
1664 5608 1720 5656 et
1752 5600 1944 5652 abstu-

2135 3684 2278 3737 Ἀλλ’
2308 3687 2336 3738 6
2375 3685 2474 3755 μὲν
2506 3686 2599 3739 καὶ
2645 3685 2851 3756 μεταξῦ
2896 3683 3240 3757 παρέδραμε,
3277 3685 3373 3738 καὶ
3401 3684 3430 3736 6
3471 3681 3642 3748 λόγος

2050 3779 2389 3847 παρήνεγκε,
2423 3777 2533 3830 τῶν
2567 3776 2710 3832 κατά
2734 3777 2904 3840 πόδας
2926 3777 3015 3830 ἀεὶ
3046 3777 3327 3846 ἐχόμενος.
3370 3773 3642 3842 Ἐφίστα-

2047 3882 2142 3921 ται
2174 3869 2311 3936 μετά
2340 3865 2438 3936 τὴν
2471 3865 2678 3920 πτῶσιν
2711 3863 2875 3920 πάλιν
2903 3867 2982 3936 τῷ
3023 3867 3282 3938 προφήτῃ
3316 3866 3638 3935 προφήτης,

2049 3958 2304 4026 καθάπερ
2340 3956 2522 4027 ίατρδς
2547 3955 2718 4026 ιατρῷ
2744 3954 2986 4008 νοσοῦντι
3023 3955 3118 4007 καὶ
3165 3952 3493 4024 ἀποροῦντι,
3538 3952 3642 4005 καὶ

2049 4049 2242 4118 ὥσπερ
2269 4049 2495 4118 χρίστης
2520 4047 2580 4100 τὸ
2610 4047 2896 4118 πρότερον,
2926 4046 3069 4100 οὕτω
3103 4046 3201 4100 νῦν
3236 4045 3553 4116 ἀφαιρέτης
3575 4045 3642 4098 ού

2048 4138 2147 4192 τοῦ
2176 4138 2482 4208 ἀξ.ώματος
2514 4140 2699 4208 μόνον,
2737 4137 2873 4192 ἀλλά
2912 4134 3006 4190 καὶ
3039 4137 3205 4190 αὐτοῦ
3238 4137 3333 4189 τοῦ
3379 4137 3644 4204 πνεύμα-

2048 4246 2168 4292 τος,
2191 4229 2244 4280 ef
2267 4245 2322 4280 τι
2352 4229 2720 4299 κακουργήσει
2758 4228 2886 4298 περὶ
2919 4228 3017 4298 τὴν
3054 4227 3322 4296 ἰατρείαν,
3367 4227 3469 4279 καὶ
3503 4229 3649 4279 ἀπο-

2050 4321 2255 4391 κρύψει
2287 4322 2347 4374 τὸ
2371 4317 2616 4392 τραῦμα,
2644 4319 2740 4374 καὶ
2778 4320 3216 4388 ἀποδυσπετήσει
3259 4319 3354 4373 τὸν
3384 4319 3644 4388 ἔλεγχον.

2052 4396 2451 4482 Συνεφίσταται
2499 4413 2559 4465 δὲ
2607 4415 2704 4464 καὶ
2733 4411 3007 4481 ὑπουργὸς
3035 4404 3198 4480 eam
3229 4412 3326 4480 τῆς
3362 4410 3647 4477 ἐκδικίας,

2051 4504 2314 4575 καθάπερ
2337 4504 2397 4556 τὸ
2434 4507 2566 4573 πρὶν
2599 4500 2774 4571 φύλαξ
2818 4503 2915 4554 καὶ
2965 4501 3156 4572 βοηθὸς
3210 4503 3461 4571 ισχυρδς,
3494 4501 3653 4556 οὕτω

2050 4596 2154 4649 καὶ
2171 4593 2266 4646 νῦν
2291 4595 2530 4664 τιμωρὸς
2559 4593 2808 4661 ἅγγελος,
2827 4594 2927 4661 τὴν
2959 4593 3230 4660 ῥομφαίαν
3255 4593 3351 4644 καὶ
3375 4595 3654 4661 κατενεγο

2051 4686 2176 4741 κεῖν
2205 4684 2422 4756 ἕτοιμος
2469 4686 2570 4747 ὢν,
2623 4689 2671 4737 εἰ
2719 4687 2794 4753 μὴ
2849 4684 3100 4745 κάκεῖνος
3137 4685 3254 4736 καθ’
3293 4685 3500 4738 ἑαυτοῦ
3543 4688 3652 4757 τὴν

2049 4777 2238 4850 ψῆφον
2280 4775 2603 4844 ἐξενεγκὼν,
2655 4775 2804 4827 λύσει
2863 4776 2962 4843 τὴν
3011 4776 3282 4842 ἀπόφασιν
3336 4779 3654 4846 ἀποφάσει.

2067 4866 2354 4922 ,Εντεῦθεν
2383 4865 2411 4918 6
2443 4865 2746 4934 ὑποκριτὴς
2772 4864 2870 4932 τῆς
2909 4865 3084 4934 δίκης,
3123 4866 3221 4917 καὶ
3263 4865 3292 4917 6
3337 4868 3657 4940 ἐκδικητὴς

2055 4958 2311 5028 ἄγγελοςδ
2365 4957 2576 5009 ἐκεῖθεν
2612 4955 2641 5008 6
2688 4956 3190 5025 ἀπροσωπόὶηπτος
3224 4956 3522 5026 δικαστῆς,
3551 4962 3656 5014 καὶ

2056 5050 2184 5106 καθ’
2207 5048 2399 5101 ἑαυτοῦ
2426 5049 2527 5117 τὴν
2556 5043 2782 5116 γνώμην
2810 5047 3076 5116 ἐκφέρων,
3098 5043 3194 5099 καὶ
3219 5051 3656 5123 συντομώτερον

2054 5139 2260 5207 ἐξελὼν
2290 5138 2352 5192 τὸ
2381 5138 2558 5208 βέλος,
2578 5137 2723 5205 ἥπερ
2754 5136 2992 5201 ἐδέξατο,
3024 5138 3118 5189 καὶ
3148 5139 3176 5188 6
3200 5138 3334 5201 Θεὸς
3354 5143 3420 5193 ού
3455 5157 3658 5198 συνου-

2056 5233 2169 5286 λῶν
2207 5232 2389 5301 μόνον,
2429 5228 2566 5281 ἀλλά
2594 5227 2688 5278 καὶ
2722 5225 3017 5294 ὲξαλείφων
3035 5227 3098 5279 τὸ
3133 5230 3384 5297 τραῦμα.
3419 5234 3519 5305 Μὴ
3539 5237 3656 5308 γὰρ

2056 5320 2362 5390 συγχωρῶν
2395 5320 2579 5388 μόνον,
2619 5316 2756 5370 ἀλλά
2785 5317 2878 5369 καὶ
2911 5317 3166 5386 ἀφαιρῶν
3195 5319 3257 5372 τὸ
3297 5323 3654 5396 ἁμάρτημα,

2055 5415 2232 5467 Πάλιν
2255 5410 2314 5463 τὸ
2339 5409 2606 5479 χάρισμα,
2635 5408 2794 5460 πάλιν
2822 5407 2882 5459 τὸ
2909 5408 3147 5477 πνεῦμα,
3183 5411 3352 5465 πάλιν
3383 5414 3458 5469 τὰ
3487 5420 3661 5486 κρού.

2059 5520 2232 5574 ματα,
2274 5501 2438 5552 πάλιν
2466 5498 2526 5552 τὸ
2566 5501 2707 5551 κατά
2755 5500 2974 5552 πάντων
3009 5502 3233 5570 κράτος,
3284 5509 3381 5560 καὶ
3427 5513 3488 5564 αί
3527 5530 3662 5566 συν-

2056 5596 2247 5662 θῆκαι,
2284 5595 2380 5644 καὶ
2401 5591 2500 5660 τῆς
2523 5589 2819 5657 υἱοθεσίας,
2852 5592 2946 5643 καὶ
2979 5593 3078 5662 τῆς
3108 5594 3511 5671 θεοπατορίας.

364 5703 426 5758 lit
453 5676 757 5772 peccatum.
790 5696 1000 5753 Rursus
1031 5697 1216 5767 itaque
1243 5694 1632 5764 divinagratia
1699 5700 1754 5744 et
1789 5700 1984 5742 rursus
2027 5676 2264 5753 spiritus
2298 5699 2312 5734 :
2405 5698 2600 5740 rursus
2652 5682 2770 5735 soni
2834 5697 2896 5734 ac
2945 5693 3141 5740 cantus
3177 5704 3190 5740 ε
3226 5704 3427 5750 rursus
3481 5713 3663 5768 supr--

366 5809 557 5853 omnes
581 5800 819 5863 potestas
843 5808 860 5843 :
893 5806 1085 5847 rursus
1121 5791 1394 5864 promissa
1424 5797 1478 5847 et
1508 5798 1691 5860 paeta,
1725 5794 1838 5840 tam
1907 5781 1975 5836 de
2005 5781 2134 5853 ejus
2184 5777 2499 5846 adaptione,
2527 5792 2692 5847 quam
2757 5775 2905 5846 quod
2953 5777 3022 5834 de
3063 5780 3186 5850 ejus
3243 5787 3414 5846 etiam
3478 5796 3665 5866 stirpe

364 5889 517 5947 nasci
547 5889 766 5946 deberet
790 5885 952 5944 Deus.
