3970 6538
334 322 404 403 53
1430 361 1434 365 <
1501 347 1890 409 COMMENT.

2044 349 2173 409 PSA
2184 350 2403 413 ΙΜοἣ
3529 333 3621 400 δι’

321 460 461 517 τίνος
489 456 684 511 ἕνεκεν
706 457 769 512 τὸ
798 456 959 529 μέλος
982 458 1353 530 ἐπινενόηται,
1376 462 1493 523 πῶς
1518 463 1575 515 ἓν
1598 462 1660 516 ὃν
1696 463 1754 516 re
1774 463 1915 517 Οεϊον

2027 479 2121 520 seu
2156 463 2388 520 canendi
2420 463 2694 534 principes
2729 479 2745 517 :
2806 469 2949 534 quot
2971 460 3149 531 cliori,
3177 468 3233 516 et
3276 475 3340 515 ex
3374 458 3600 528 quibus,

320 547 571 619 Πνεῦμα,
594 550 727 604 ποτὲ
747 552 847 620 μὲν
876 551 1136 617 ὲνίζεται,
1161 554 1289 607 ποτὲ
1311 553 1367 608 δὲ
1394 554 1745 626 πληθύνεται.
1780 557 1920 625 Πρό-

321 655 477 708 τερον
502 642 562 696 δὲ
590 644 721 715 περ)⁸
750 644 843 699 τοῦ
884 645 1150 716 προτέρου
1182 647 1480 717 κεφαλαίου
1518 648 1862 720 διαληπτέον.

2027 568 2082 611 et
2110 572 2278 628 quare
2310 564 2390 612 tot
2418 557 2529 612 sint
2559 556 2712 611 chori
2747 565 2842 611 :ct
2868 572 2932 611 ex
2969 564 3066 619 tot,
3113 568 3365 625 quamam
3399 551 3472 608 sit
3497 550 3600 604 dif-

2028 648 2262 703 ferentia
2319 648 2564 719 psalterii
2624 647 2688 702 ad
2745 647 2848 701 alia
2909 645 3117 702 musica
3177 645 3601 701 insrrumenta:

320 732 443 799 quis
486 736 826 798 psalmorum
864 739 1002 792 ordo
1040 755 1333 808 :qnarnam
1359 741 1429 795 sit
1466 742 1517 795 in
1580 740 1768 796 nmltis
1831 742 2061 811 psalmis
2106 741 2463 798 obscuritatis
2497 741 2639 796 ratio
2674 757 2693 796 :
2748 748 2883 812 quot
2958 738 3347 793 translationes
3375 734 3488 789 sint
3536 730 3602 786 de

324 825 601 880 Hebraica
642 828 829 900 lingua
867 831 919 885 in
968 829 1211 886 Cra-cam
1258 851 1271 888 :
1324 843 1377 886 et
1413 849 1441 886 a
1478 836 1677 903 quibus
1711 834 1916 889 fuerint
1957 837 2153 890 l’actze:
2194 850 2364 906 quare
2404 836 2477 891 sit
2505 835 2761 890 inventus
2801 841 3040 889 cantus:
3074 845 3246 903 quare
3320 844 3445 883 cum
3514 827 3602 882 di-

321 917 484 972 vinus
512 917 759 989 Spiritus
792 939 936 979 unus
959 925 1050 987 sit,
1081 926 1379 995 aliquando
1402 927 1665 998 singulari
1691 929 1917 986 ell‘ertur
1952 928 2230 997 sermone,
2273 938 2327 988 et
2369 930 2667 1002 aliquando
2714 928 2932 1001 plurali.

322 1010 388 1065 de
418 1012 592 1079 priori
630 1019 810 1087 capite
840 1021 1228 1078 trartabimns.

392 1104 535 1157 Φασὶ
594 1107 671 1178 μὴ
742 1109 906 1177 μόνου
950 1110 1044 1165 τοῦ
1084 1113 1250 1169 Δαϐὶδ
1283 1111 1422 1170 εἶναι
1470 1118 1599 1184 τοὺς
1639 1118 1913 1192 ψαλμοὺς.

329 1196 465 1249 ἀλλά
495 1216 651 1263 τινας
682 1201 779 1255 καὶ
822 1201 1078 1276 Ίδιθοὺμ,
1125 1209 1218 1261 καὶ
1276 1209 1384 1263 τῶν
1430 1213 1562 1265 υἱῶν
1601 1213 1766 1286 Κορὲ,
1821 1215 1915 1268 καὶ

330 1289 421 1341 τοῦ
466 1292 664 1362 ‘Aaarp,
690 1296 783 1349 καὶ
812 1297 1020 1369 Αὶθὰμ,
1055 1300 1152 1354 καὶ
1201 1304 1380 1373 Αῑμάν
1414 1304 1508 1359 τοῦ
1553 1306 1910 1380 Ἰσραηλίτου,

327 1380 425 1436 ἕνα
462 1382 520 1436 δὲ
554 1387 651 1439 καὶ
675 1388 945 1454 Μωσέως,
982 1391 1079 1446 καὶ
1130 1394 1475 1466 Σολομῶντος
1528 1398 1756 1463 ἄλλους’
1815 1402 1910 1454 καὶ

329 1476 486 1545 δῆλον
519 1479 632 1532 ἀπὸ
663 1480 772 1534 τῶν
800 1484 1147 1556 ἐπιγραφῶν,
1178 1488 1537 1559 συλλεγέντας
1569 1493 1650 1557 sl;
1682 1493 1745 1547 ἓν
1770 1495 1911 1566 μετὰ

330 1570 427 1639 τὴν
481 1573 870 1643 αἰχμαλωσίαν
909 1578 1015 1633 ὑπὸ
1062 1581 1159 1635 τοῦ
1212 1582 1441 1655 Ἕσδρα.
1488 1586 1681 1642 Πολλοὶ
1716 1589 1773 1642 δὲ
1816 1592 1914 1645 καὶ

333 1662 494 1730 μόνον
555 1668 1044 1742 ἐπιγεγραμμένον
1103 1673 1352 1746 ἔχουσιν·
1380 1679 1764 1750 Ἁλληλούτα,
1818 1687 1914 1741 καὶ

330 1754 480 1848 alio:
507 1758 825 1833 ἐπιγραφὴν
858 1765 960 1834 μέν
980 1785 1104 1823 τινα
1152 1767 1432 1842 φέρουσιν,
1483 1775 1762 1848 ἀνώνυμοι
1801 1779 1860 1832 δέ
1896 1798 1910 1811 ·

329 1847 509 1918 ἕτεροι
539 1851 620 1917 δὲ,
651 1856 1002 1914 παντάπασίν
1054 1862 1200 1916 εἰσιν
1249 1865 1640 1939 ἀνεπίγραφοι.
1674 1847 1782 1926 νΔιὸ
1816 1873 1912 1927 καὶ

328 1938 615 2003 ἀπολῦτως
642 1944 828 2015 βίϐλος
851 1947 1084 2022 ψαλμῶν
1121 1929 1464 2027 ὠνόμασται,
1484 1929 1580 2016 καὶ
1610 1962 1793 2029 καθὼς
1818 1966 1913 2020 εὐ·
1941 1929 1992 1990 Α

333 2031 598 2123 ρίσκομεν
627 2036 686 2089 ὲν
719 2041 840 2104 ταῖς
877 2043 1115 2115 Πράξεσι
1148 2047 1259 2101 τῶν
1295 2050 1632 2117 ἀποστόλων,
1677 2057 1780 2111 οὐκ
1832 2060 1916 2123 sl;

329 2122 495 2178 Δαϐλδ
523 2127 688 2198 μόνον
720 2132 1106 2209 ἀναφερομένη
1133 2156 1149 2173 ο
1185 2148 1647 2215 καταχρηστικῶς
1675 2149 1785 2219 γὰρ
1829 2122 1915 2204 λέέι

331 2221 667 2316 γεται-Ααῦτη
700 2226 1039 2300 Ψαλτήριον,
1068 2233 1150 2288 ὅτι
1170 2234 1475 2309 ψαλτήριον
1508 2242 1716 2311 κυρίως
1751 2245 1919 2316 ὀργάρ

332 2325 424 2413 νου
457 2307 621 2413 εἶδος,
654 2318 871 2413 Natalia
907 2325 1061 2395 παρὰ
1094 2307 1372 2409 Ἑϐραίοις
1401 2307 1917 2404 ὀνομαζόμενονίὲκ

330 2404 424 2455 τοῦ
475 2405 724 2475 ψάλλειν,
777 2411 854 2476 ῶς
901 2404 1192 2489 εὐκτήριον
1250 2421 1314 2475 ἐκ
1359 2423 1450 2477 τοῦ
1484 2424 1763 2495 εὔχεσθαι.
1798 2431 1916 2484 Ms-

333 2496 564 2569 τηνέχθη
593 2501 689 2554 καὶ
718 2502 809 2557 ἐπὶ
846 2504 944 2578 τὴν
989 2508 1175 2579 βίϐλον
1210 2513 1243 2584 ἠ
1282 2513 1475 2579 κλῆσις
1510 2518 1702 2585 ἄλλως,
1728 2521 1792 2575 ὲκ
1822 2520 1916 2576 τοῦ

230 2676 235 2679 Π
333 2590 523 2679 τηρεῖν
545 2592 675 2656 τοὺς
708 2594 980 2667 ψαλμούς.
1018 2601 1206 2656 Ι’Λλλοι
1258 2605 1317 2660 δὲ
1352 2606 1625 2675 λέγουσιν,
1680 2607 1762 2676 οἷς
1821 2616 1917 2668 καὶ

332 2678 442 2746 ἐγὼ
490 2684 847 2757 συντίθεμαι,
902 2692 1114 2759 πάντας
1168 2697 1297 2762 τοὺς
1338 2699 1589 2771 ψαλμοὺς
1629 2701 1769 2760 εἶναι
1821 2707 1916 2762 τοῦ

332 2774 497 2829 Δαϐἰδ
525 2794 540 2809 ο
602 2777 794 2853 ὥσπερ
876 2785 986 2856 γὰρ
1048 2789 1077 2843 ὁ
1134 2791 1415 2858 Μωῦσέως
1497 2796 1916 2871 ἐπιγεγραμμὲο

333 2884 440 2962 νος,
508 2871 613 2923 οὐκ
644 2871 762 2926 ἔστι
821 2878 1100 2944 Μωσέως·
1151 2886 1201 2935 ει
1264 2884 1374 2956 γὰρ
1447 2883 1551 2959 ἦν,
1600 2891 1819 2962 πρῶτος
1850 2894 1917 2948 ἂν

334 2960 513 3014 ἔκειτο
535 2962 624 3017 διὰ
646 2966 749 3036 τὴν
771 2969 1161 3040 ἀρχαιογονίαν
1192 2976 1428 3045 ἐκείνου,
1476 2980 1509 3051 ἦ
1544 2960 1656 3035 καλ.⁷
1700 2985 1773 3036 ἐν
1798 2986 1918 3047 ταῖς

334 3052 523 3108 τούτου
577 3056 783 3127 βίϐλοις
828 3062 1101 3129 ἀνέκειτο,
1134 3068 1392 3143 καθάπερ
1442 3074 1499 3128 al
1533 3073 1673 3144 ᾠδαὶ
1724 3076 1914 3138 αὐτοῦ,

335 3147 367 3216 ἡ
423 3146 525 3216 μὲν
584 3150 647 3204 ὲν
819 3153 1100 3227 Ἐξόδῳ,ἠ
1153 3159 1210 3212 δὲ
1247 3161 1303 3213 ὲν
1352 3162 1722 3237 Ἀριθμοῖς,ή
1771 3167 1828 3220 δὲ
1859 3170 1949 3220 ἐνί

335 3244 772 3315 Δευτερονομεῳ’
803 3246 978 3313 οὕτως
1019 3251 1138 3309 οὐδὲ
1165 3253 1212 3308 τ’
1244 3254 1401 3319 ἄλλα,
1434 3257 1501 3311 τὰ
1527 3258 1788 3314 δοκοῦντα
1818 3262 1915 3330 φέ-

336 3351 449 3396 ρειν
476 3336 769 3408 ἀλλοτρίαν
806 3341 1147 3416 ἐπιγραφήν.
1168 3348 1281 3402 Καὶ
1307 3348 1416 3420 γὰρ
1445 3351 1794 3423 Σολομῶντος
1820 3355 1916 3411 δύο

335 3428 497 3517 φασὶν
530 3426 672 3483 εἶναι
699 3430 972 3501 ψαλμοὺς,
998 3436 1221 3503 οἵτινες,
1262 3442 1312 3494 εἰ
1350 3442 1564 3497 ἐκείνου
1602 3440 1766 3517 ἦσαν,
1821 3466 1914 3501 τε-

335 3516 582 3572 λευταῖον
614 3519 681 3576 ἂν
709 3523 1026 3594 ἐτετάχατο,
1066 3530 1161 3582 καὶ
1190 3529 1308 3599 ἅμα
1331 3534 1365 3603 ἢ
1397 3535 1492 3588 καὶ
1512 3535 1571 3588 ἐν
1598 3516 1718 3601 ταῖς
1748 3538 1913 3592 Βασι-

334 3609 526 3677 λείαις,
586 3614 619 3685 ἢ
654 3615 892 3682 καὶτοῖς
918 3620 1425 3695 Παραλειπομένοις
1473 3630 1915 3702 ἐμπεριείχοντο.

334 3705 366 3774 ἢ
399 3706 496 3761 καί
521 3726 627 3763 που
650 3709 942 3781 δηλοῦσθαι
970 3689 1223 3786 ἔμελλον,
1242 3689 1330 3784 ⁷ὼς
1359 3689 1422 3776 τό
1440 3739 1453 3753 ·
1500 3689 1700 3778 ;Ησξιν
1734 3689 1916 3793 ἀὐτῷ

333 3795 473 3860 ᾠδαὶ
507 3803 1018 3871 πεντακισχίλιαι.
1060 3808 1161 3862 καὶ
1186 3812 1523 3879 παραϐολαὶ
1553 3815 1876 3884 τρισχίλιαι
1897 3833 1912 3850 ο

335 3890 571 3961 ψαλμῶν
599 3893 656 3947 δὲ
705 3896 872 3949 αὐτοῦ
906 3898 1009 3951 οὐκ
1045 3900 1458 3972 ἐμνημόνευσεν
1491 3906 1670 3978 ήθεὶα
1698 3909 1912 3981 Γραφή.

336 3984 535 4039 Λοιπὸν
559 3984 657 4040 οὖν
686 3987 743 4041 αἱ
787 3990 1097 4060 ἐπιγραφαὶ
1151 3993 1406 4067 Ἰδιθοὺμ.
1457 3999 1553 4053 καὶ
1605 4000 1717 4055 τῶν
1780 4003 1916 4056 υἱῶν

336 4078 497 4148 Κορὲ,
525 4079 953 4151 καὶ’Δσὰφ,καὶ
995 4085 1197 4156 Δίμὰν,
1251 4090 1346 4144 καὶ
1378 4091 1582 4162 Ᾱξοάμ,
1636 4098 1919 4165 παριστῶ-

337 4187 438 4234 σιν,
464 4172 550 4225 ὅτι
591 4171 804 4238 τούτοις
851 4178 967 4240 τοῖς
999 4177 1261 4250 ἀνδράσιν
1296 4178 1560 4252 ἁρχῳδοῑς
1599 4202 1915 4257 χειροτονη-

337 4261 472 4316 θεῖοι
512 4263 628 4317 τῶν
668 4266 865 4336 χορῶν,
915 4267 1009 4333 οὓς
1056 4270 1085 4323 ὁ
1133 4270 1301 4325 Δαϐὶδ
1351 4274 1415 4327 ὲκ
1458 4277 1556 4344 τῆς
1587 4276 1766 4344 φυλῆς
1783 4278 1916 4332 Λευῒ

338 4356 737 4426 κατεστήσατο,
766 4359 864 4412 καὶ
890 4360 1289 4435 ἀπεκλήρωσεν
1335 4365 1416 4429 εἰς
1468 4367 1531 4420 τὸ
1572 4368 1763 4439 ὑμνεῖν
1823 4372 1916 4426 τὸν

336 4447 465 4501 Θεὸν
483 4449 546 4501 ἐν
570 4451 687 4512 τοῖς
717 4449 1001 4520 διαφόροις
1027 4453 1303 4525 ὀργάνοις,
1358 4452 1434 4511 ὧν
1493 4459 1612 4530 εἴδη
1657 4462 1844 4530 σαφῶς
1888 4467 1918 4518 ὁ

336 4537 645 4605 τελευταῖος
696 4542 1095 4615 ἀπαριθμετται
1152 4547 1389 4617 ψαλμὸς,
1449 4551 1633 4616 ιδικῶς
1684 4553 1917 4609 ἕκαστον

3018 925 3084 982 Et
3127 925 3307 1000 primo
3380 923 3600 995 quidem

2094 1122 2265 1178 Aiunt
2327 1119 2550 1192 quidam
2588 1119 2830 1191 psalmos
2891 1131 3000 1172 non
3029 1114 3202 1170 solius
3248 1128 3371 1169 esse
3410 1111 3598 1172 David.

2020 1217 2115 1273 sed
2148 1217 2412 1287 quosdam
2472 1214 2736 1277 ldithum,
2784 1212 2922 1267 alios
2977 1208 3221 1264 liliorum.
3270 1205 3431 1271 Core,
3466 1204 3604 1258 alios

2018 1310 2147 1365 item
2194 1308 2401 1379 Asaph,
2451 1306 2646 1361 Etliam
2698 1314 2753 1360 et
2810 1303 3023 1363 Emam.
3078 1299 3340 1357 Israelitte
3383 1316 3396 1353 :
3432 1310 3602 1355 unum

2016 1400 2210 1471 Moysi,
2239 1408 2292 1457 et
2322 1400 2460 1455 alios
2499 1396 2811 1454 Salomonis
2843 1412 2856 1448 :
2892 1393 3037 1465 quod
3079 1390 3427 1447 manifestum
3479 1403 3604 1443 esse

2014 1503 2270 1552 assarunt
2302 1507 2371 1550 ex
2402 1488 2879 1560 inscriptionibus,
2907 1500 3113 1555 eosque
3140 1492 3265 1555 post
3311 1479 3608 1550 captivita-

2014 1597 2122 1645 tem
2181 1587 2373 1642 dicunt
2417 1584 2487 1642 ab
2526 1578 2719 1639 “Esdra
2778 1580 2952 1637 fuisse
2984 1578 3039 1632 in
3091 1592 3264 1632 unum
3314 1573 3600 1630 collectos.

2012 1680 2169 1736 Multi
2211 1679 2378 1735 etiam
2443 1674 2641 1749 psalmi
2684 1689 2784 1746 pro
2821 1671 3183 1742 inscriptione
3225 1667 3428 1721 habent
3477 1673 3602 1718 tan-

2012 1784 2125 1829 tum
2162 1770 2422 1836 Alleluia,
2467 1779 2521 1825 et
2563 1768 2657 1825 alii
2702 1765 3125 1836 inscriptionem
3191 1761 3313 1816 sine
3352 1765 3603 1816 auctore,

2013 1866 2103 1921 alii
2130 1864 2296 1920 etiam
2329 1861 2478 1919 omni
2512 1875 2742 1932 prorsus
2774 1867 2966 1914 carent
3005 1853 3387 1924 inscriptione.
3429 1849 3603 1918 Quam

2019 1957 2090 2013 ob
2127 1970 2375 2019 causam,
2413 1952 2738 2010 totumhoc
2769 1964 2931 2021 opus,
2967 1962 3076 2003 nou
3130 1945 3377 2018 psalmos
3411 1940 3604 1998 David.

2020 2050 2114 2108 sed
2152 2048 2436 2105 indeﬁnite
2484 2034 2687 2103 librum
2727 2042 3072 2100 Psalmorum
3123 2035 3389 2110 appellari
3428 2034 3606 2096 aiunt,

2020 2153 2080 2200 ut
2120 2143 2173 2198 in
2206 2142 2438 2198 Actibus
2461 2138 2842 2211 apostolorum
2863 2136 3123 2209 legimus,
3153 2140 3321 2202 atque
3352 2127 3605 2189 indicari,

2024 2236 2172 2308 quod
2202 2244 2350 2291 totus
2383 2233 2721 2306 psalmorum
2751 2230 2889 2285 liber
2911 2227 3013 2285 soli
3050 2224 3219 2282 David
3246 2218 3607 2279 ascribeudus

2020 2343 2129 2383 non
2170 2329 2261 2398 sit,
2311 2324 2445 2380 Nam
2496 2324 2643 2391 quod
2699 2319 3028 2377 Psalterium
3082 2315 3429 2387 appellamus
3464 2312 3607 2365 hanc

2022 2419 2356 2490 psalmorum
2410 2414 2829 2481 collectionem,
2896 2409 3195 2483 improprie
3223 2407 3279 2463 id
3331 2405 3602 2462 dicimus:

2020 2511 2149 2581 quia
2209 2508 2533 2566 Psalterium
2581 2507 2803 2579 proprie
2863 2504 3055 2576 organi
3109 2499 3385 2573 quoddam
3433 2513 3607 2570 genus

2020 2611 2105 2660 est
2141 2620 2156 2658 :
2195 2601 2342 2672 quod
2398 2601 2542 2671 apud
2588 2597 2849 2654 Hebraeos
2916 2595 3120 2652 dicitur
3169 2591 3375 2655 Naula,
3407 2606 3436 2646 a
3463 2588 3607 2661 psal-

2021 2696 2183 2753 leudo
2210 2697 2290 2751 sic
2349 2693 2581 2758 dictum,
2653 2688 3122 2763 quemadmodum
3177 2684 3480 2742 oratorium
3536 2681 3605 2736 ab

2022 2788 2234 2845 orando
2262 2803 2278 2846 :
2310 2787 2405 2843 sed
2457 2781 2776 2855 huiusmodi
2824 2780 3125 2853 appellatio
3152 2777 3220 2834 ad
3254 2776 3602 2834 Psalmorum

2022 2883 2223 2938 librum
2255 2879 2604 2949 postmodum
2640 2876 2901 2932 translata
2935 2882 3043 2941 est,
3084 2871 3179 2944 qui
3216 2880 3398 2927 tamen
3432 2866 3517 2923 vel
3541 2882 3604 2921 ea

2023 2977 2188 3033 etiam
2223 2974 2437 3030 ratione
2492 2968 3003 3027 deuominationem
3058 2966 3201 3020 hanc
3233 2964 3462 3019 sortitus
3498 2968 3604 3019 est,

2024 3070 2152 3141 quia
2187 3068 2431 3138 psalmos
2461 3064 2730 3122 continet.
2783 3061 2890 3116 Alii
2925 3074 3057 3117 vero
3078 3058 3304 3130 (quibus
3341 3070 3444 3126 ego
3475 3068 3603 3108 con-

2025 3160 2228 3231 sentio)
2264 3168 2518 3216 asserunt
2583 3157 2827 3229 psalmos
2874 3169 3069 3211 omnes
3141 3167 3169 3207 a
3209 3150 3376 3206 David
3436 3147 3604 3205 fuisse

2023 3256 2360 3326 compositos
2390 3271 2405 3308 :
2438 3261 2493 3309 et
2521 3250 2986 3322 quemadmodum
3021 3243 3418 3316 octogesimum
3448 3248 3571 3297 octa
3590 3267 3603 3282 -

2021 3363 2148 3407 vum
2194 3347 2492 3416 psalmum,
2519 3344 2615 3409 qui
2643 3342 2814 3414 Moysi
2846 3339 3186 3400 inscribitur,
3212 3336 3406 3393 dicunt
3429 3332 3602 3403 Moysi

2022 3454 2133 3495 non
2160 3453 2304 3501 esse,
2341 3437 2471 3507 quia
2502 3438 2551 3492 si
2584 3434 2704 3503 ejus
2721 3442 2888 3496 esset,
2912 3433 2984 3487 ob
3013 3433 3164 3488 illius
3198 3429 3605 3498 antiquitatem,

2022 3534 2236 3601 primus
2268 3531 2323 3585 in
2356 3528 2553 3584 ordine
2600 3528 2894 3597 legeretur,
2936 3535 3032 3579 aut
3065 3524 3261 3579 saltem
3311 3521 3602 3577 haberetur

2023 3627 2167 3680 inter
2219 3623 2391 3680 libros
2444 3620 2640 3694 Moysi,
2676 3619 2842 3676 sicuti
2900 3617 3175 3673 habentur
3218 3614 3338 3685 ejus
3362 3613 3602 3671 cantica,

2020 3732 2255 3789 quorum
2282 3731 2449 3771 unum
2481 3715 2536 3770 in
2570 3712 2780 3779 Exodo,
2820 3711 3053 3766 alterum
3092 3709 3148 3764 in
3184 3706 3465 3768 Numeris.
3491 3715 3603 3759 ter-

2022 3812 2159 3866 tium
2194 3809 2247 3864 in
2276 3806 2704 3866 Deuteronomio
2731 3803 3007 3875 reperitur
3035 3820 3052 3870 ;
3098 3802 3173 3857 ita
3202 3802 3369 3857 etiam
3410 3796 3602 3855 existi-

2022 3905 2284 3961 mandum
2317 3904 2727 3961 esse‘asserunt
2772 3900 2841 3955 de
2889 3897 3012 3954 aliis
3053 3896 3302 3968 psalmis,
3338 3894 3430 3965 qui
3465 3892 3603 3947 alio-

2022 4017 2143 4058 rum
2176 3996 2573 4072 inscriptiones
2625 4013 2738 4069 prae
2769 4011 2831 4053 se
2867 3994 3011 4050 ferre
3041 3993 3365 4048 viderentur
3392 4010 3407 4046 :
3431 3989 3601 4063 [quod

2021 4097 2237 4152 scilicet
2276 4094 2346 4149 ab
2403 4092 2514 4149 alio
2556 4089 2847 4161 compositi
2897 4104 3007 4143 non
3039 4086 3173 4151 sint,
3201 4099 3362 4156 quam
3388 4099 3418 4138 a
3446 4085 3604 4138 beato

2021 4186 2238 4260 David.]
2299 4187 2499 4243 Eadem
2536 4184 2704 4239 etiam
2768 4181 2959 4237 dicunt
3004 4181 3074 4235 de
3108 4178 3327 4235 duobus
3357 4176 3603 4247 psalmis,

2020 4280 2115 4349 qui
2160 4277 2475 4333 Salomonis
2508 4273 2929 4346 inscriptionem
2960 4272 3188 4337 habent,
3213 4267 3359 4341 quod
3391 4267 3604 4323 scilicet

2021 4372 2069 4427 si
2103 4380 2290 4426 essent
2328 4368 2663 4429 Salomonis,
2705 4374 2802 4422 aut
2833 4373 3083 4421 extremo
3113 4362 3185 4417 in~
3205 4360 3401 4416 ordine
3433 4359 3604 4413 collo-

2022 4463 2136 4519 cari
2189 4462 2516 4525 debuerant,
2572 4468 2668 4513 aut
2702 4458 2757 4512 in
2799 4457 2957 4510 libris
3011 4453 3243 4523 Regium,
3273 4460 3368 4506 aut
3398 4449 3603 4504 Parali-

2023 4569 2290 4624 pomenon
2323 4550 2573 4608 interseri
2618 4565 2633 4603 :
2674 4557 2770 4605 aut
2801 4548 2992 4603 saltem
3036 4544 3237 4600 alicubi
3276 4545 3345 4599 de
3376 4544 3458 4598 eis
3493 4557 3605 4596 me-

338 4629 443 4685 τῶν
463 4632 641 4698 οὕτως
680 4634 1183 4707 ἐπιγεγραμμένων
1213 4638 1446 4711 ψαλμῶν
1486 4638 1643 4708 οὗτος
1690 4646 1915 4716 παρεδί-

2026 4647 2201 4701 moria
2253 4644 2467 4710 haberi,
2498 4658 2567 4699 eo
2597 4641 2760 4698 modo
2807 4654 2919 4712 quo
2971 4646 3297 4693 cancrorum
3355 4635 3603 4689 omnium

338 4723 425 4777 δου
447 4724 699 4795 ψάλλειν,
734 4728 844 4782 τῶν
870 4726 1048 4784 ἄλλων
1070 4733 1267 4795 κοινῶς
1307 4735 1412 4788 ὑπὸ
1434 4735 1650 4790 πάντων
1711 4737 1916 4809 ψαλλο-

344 4815 518 4885 μένων
559 4834 575 4849 ο
614 4817 707 4887 ὑφ’
736 4811 803 4871 οὗ
822 4819 953 4887 γοῦν
983 4822 1217 4887 ἕκαστος
1243 4824 1428 4890 ἰδικῶς
1477 4828 1679 4899 ὲψάλη.
1721 4830 1916 4885 τούτου

341 4909 430 4962 καὶ
457 4909 558 4980 τὴν
580 4910 898 4983 ἐπιγραφὴν
932 4914 1312 4985 ἀπηνέγκατο.
1350 4920 1463 4972 Καὶ
1487 4921 1646 4975 τοῦτο
1671 4922 1728 4976 δὲ
1746 4940 1915 4993 φανε-

344 5002 430 5071 ρὸν
454 5002 514 5070 ἐξ
539 4995 618 5057 ὧν
644 5020 810 5074 φησιν
833 5008 865 5076 ἡ
906 5006 1086 5077 βίϐλος
1109 5010 1218 5064 τῶν
1256 5002 1776 5087 Παραλειπομένων,
1832 5019 1916 5073 ὅτι

343 5095 432 5147 καὶ
461 5090 624 5168 τῌονιις
643 5097 758 5161 τὴν
789 5098 954 5165 ᾠδὴν
975 5102 1219 5170 ταύτην,
1254 5104 1324 5157 ἐν
1365 5106 1518 5175 χειρὶ
1550 5108 1753 5178 Ἀσάφ.
1794 5111 1919 5166 Ἀλ-

342 5184 405 5238 is
431 5189 525 5240 καὶ
565 5188 676 5240 ἀπὸ
725 5188 821 5242 τοῦ
876 5191 1307 5263 ἑπιγράμματος
1366 5197 1461 5250 τοῦ
1508 5199 1591 5271 λη’
1647 5201 1866 5271 ψαλμοῦ
1901 5220 1917 5238 ο

343 5279 444 5344 Εὶς
474 5278 542 5331 τὸ
569 5279 749 5345 τέλος
794 5281 936 5353 γὰρ,
980 5285 1136 5353 φησὶ,
1200 5285 1280 5351 τῷ
1340 5288 1611 5359 Ἰδιθοὺμ,
1672 5292 1796 5360 ᾠδή
1841 5294 1922 5360 τῷ

345 5367 517 5422 Δαϐιδ
548 5385 563 5399 ’
601 5370 833 5442 ἆποιήοη
869 5372 968 5443 μὲν
995 5374 1105 5446 γὰρ
1138 5377 1214 5448 τῷ
1244 5379 1427 5445 Δαϐὶδ,
1476 5382 1705 5453 ἀνετέθη
1743 5383 1813 5437 Δδὲ
1843 5385 1921 5455 τῷ

355 5456 587 5529 Ἰδιθοὺμ
618 5462 700 5524 εις
725 5462 789 5516 τὸ
807 5464 1071 5534 ψαλῆναι.
1104 5469 1217 5521 Καὶ
1261 5465 1419 5534 αὖθις
1458 5474 1486 5524 ὁ
1550 5472 1640 5543 μγ¹
1703 5475 1921 5545 ψαλμὸς

343 5550 510 5617 οὕτως
539 5554 948 5625 ἐπιγέγραπται
976 5575 991 5590 ο
1033 5561 1142 5626 Εἰς
1175 5561 1242 5615 τὸ
1264 5561 1440 5630 τέλος
1465 5565 1593 5631 τοῖς
1614 5568 1768 5634 υἱοῖς
1808 5572 1919 5623 Ko-

345 5644 427 5709 ρὲ,
460 5650 706 5716 ψαλμὸς
746 5649 826 5717 τῷ
857 5653 1051 5709 Δαόιδ.
1081 5657 1189 5710 Καὶ
1222 5658 1420 5724 πάντας
1446 5661 1503 5715 δὲ
1547 5663 1597 5717 οἱ
1653 5665 1916 5736 φέροντες

400 5821 505 5882 'lll
536 5825 671 5900 Reg.
717 5845 792 5900 tt,
836 5832 926 5887 52.

2022 4739 2141 4808 ejus
2181 4753 2410 4819 operum
2458 4735 2602 4791 ratio
2662 4733 2846 4789 habita
2897 4739 2985 4788 est
3014 4731 3059 4782 '.
3122 4728 3294 4784 Erant
3323 4728 3484 4792 enim,
3520 4726 3605 4781 in-

1971 4858 1979 4865 -
2022 4833 2160 4904 quit,
2218 4831 2318 4894 illi,
2387 4830 2597 4883 cantica
2639 4827 2916 4899 quinquies
2972 4825 3154 4889 mille,
3197 4821 3471 4894 parabolae
3528 4828 3604 4873 (er

2025 4924 2219 4979 mille:
2262 4922 2596 4993 psalmorum
2656 4935 2786 4976 vero
2813 4918 2956 4989 ejus,
2999 4916 3286 4987 Scriptura
3340 4929 3449 4968 non
3488 4927 3605 4965 mc-

2022 5016 2508 5076 minit.C:utcruin
2579 5012 2999 5082 inscriptiones,
3060 5009 3300 5065 lditlium
3364 5006 3600 5060 (illorum

2023 5109 2187 5173 Core,
2211 5105 2417 5178 Asaph,
2456 5103 2977 5167 EmametE-tliam,
3015 5102 3117 5156 hoc
3165 5106 3375 5154 tantum
3411 5096 3604 5149 volunt

2022 5200 2382 5271 signiﬁcare:
2427 5196 2577 5267 quod
2637 5196 2724 5253 his
2759 5195 2927 5258 viris,
2985 5207 3127 5263 quos
3175 5190 3371 5246 beatus
3433 5186 3603 5242 David

2021 5294 2262 5364 elegerat
2294 5306 2362 5347 ex
2401 5290 2547 5345 tribu
2576 5289 2731 5354 Levi,
2768 5288 2839 5343 in-
2860 5288 3030 5341 duces
3060 5300 3126 5339 ac
3151 5282 3427 5354 principes
3464 5281 3601 5336 cho-

2022 5396 2500 5454 ra:rum,quosque
2526 5382 2866 5444 instituerat;
2889 5385 2951 5432 ut
2980 5376 3150 5431 variis
3180 5375 3403 5446 organis
3431 5372 3598 5427 Deum

2025 5477 2339 5543 laudarent,
2367 5484 2423 5531 et
2471 5489 2707 5547 quorum
2764 5484 3097 5542 organorum
3149 5482 3372 5539 genera,
3414 5473 3601 5535 aperte

2027 5581 2343 5643 posuemus
2392 5568 2640 5624 omnium
2712 5564 2959 5636 psalmus
3017 5559 3599 5631 connumerat:quod

2028 5665 2135 5733 liis,
2168 5660 2583 5735 inquam,.viris
2616 5658 3001 5731 unusquisque
3048 5657 3410 5730 psalmorum,
3442 5651 3599 5725 juxta
