3956 6572
342 313 413 375 55
1568 318 1922 382 EUTHYMI

2028 322 2350 384 LIGABENI
3523 317 3594 385 56

343 425 626 479 nominum
685 424 1122 499 inscriptionem,
1158 429 1412 499 privatim
1448 431 1515 488 ad
1570 433 1908 504 psallendum

2028 436 2308 508 ἀλλοτρίας
2329 433 2664 506 ἐπιγραφὰς,
2697 433 2757 488 ού
2789 432 2882 487 τοῦ
2919 433 3110 497 δεῖνος,
3139 433 3276 489 ἀλλὰ
3331 435 3409 505 τῷ
3453 436 3596 490 δεῖνι

344 517 418 569 sit
447 517 683 573 traditus
713 536 726 570 :
753 532 877 572 cum
908 520 998 576 alii
1037 523 1230 592 psalmi
1255 522 1324 577 ab
1374 523 1652 581 universis
1679 526 1920 580 cantori-

347 609 469 674 hus,
523 620 688 681 atque
739 612 794 667 in
859 627 1153 670 commune
1200 623 1551 674 canerentur.
1612 616 1693 680 llli
1755 619 1923 688 igitur

343 700 565 765 psalmi,
599 702 692 771 qui
743 703 999 772 privatim
1034 704 1104 758 ab
1143 705 1332 776 aliquo
1392 723 1582 770 eorum
1647 709 1918 766 decantati

346 801 498 855 sunt,
533 793 774 850 cantoris
805 795 889 849 sui
924 795 1337 865 inscriptionem
1384 803 1690 856 retulerunt
1719 820 1732 856 :
1775 801 1920 872 (μιοά

344 885 512 940 etiam
547 885 888 943 manifestius
939 888 991 942 fit
1023 906 1087 944 ex
1131 891 1218 947 his
1267 909 1386 960 quae
1439 893 1493 948 iu
1523 895 1668 950 libro
1710 893 1920 948 Parali-

344 992 618 1045 pomenon
670 978 902 1048 legimus
925 981 966 1036 ³.
997 980 1220 1048 Cecinit,
1266 984 1463 1053 inquit,
1512 989 1775 1042 canticum
1827 987 1922 1040 hoc

343 1073 402 1124 in
487 1087 649 1125 manu
710 1070 910 1140 Asaph.
977 1074 1118 1140 Quin
1200 1077 1363 1135 etiam
1435 1078 1506 1132 ab
1563 1079 1924 1149 inscriptione

348 1161 544 1232 psalmi
569 1177 800 1226 xxxvnt,
835 1180 958 1233 quae
989 1165 1299 1232 huiusmodi
1332 1167 1483 1234 est’,
1518 1168 1584 1223 In
1615 1169 1775 1240 ﬁnem
1804 1169 1924 1223 ldi-

349 1252 498 1305 thum
523 1255 790 1310 canticum
821 1256 921 1324 ipsi
951 1255 1141 1310 David.
1177 1256 1552 1328 Compositum
1595 1261 1796 1331 quippe
1823 1262 1923 1320 fuit

349 1342 403 1396 id
447 1343 782 1404 canticuma
828 1345 991 1402 beato
1047 1347 1240 1412 David,
1296 1357 1352 1404 et
1407 1351 1476 1406 ab
1537 1367 1602 1414 eo
1664 1354 1921 1415 traditum

345 1436 607 1502 ldithum,
644 1449 702 1492 ut
734 1438 862 1492 illud
918 1450 1163 1495 caneret.
1203 1441 1454 1502 Psalmus
1493 1445 1658 1505 etiam
1683 1461 1813 1501 ιιιιι
1843 1447 1923 1501 sic

347 1528 674 1590 inscribitur
710 1531 753 1562 ¹⁰
786 1548 798 1584 :
837 1531 903 1584 In
937 1532 1095 1601 ﬁnem
1142 1533 1277 1601 [iliis
1327 1532 1479 1600 Core,
1522 1536 1761 1604 psalmus
1821 1538 1924 1606 ipsi

352 1619 542 1674 David.
567 1620 838 1677 Praeterea
863 1624 1060 1694 psalmi
1093 1639 1312 1691 omnes,
1345 1625 1438 1696 qui
1471 1627 1701 1682 aliorum
1730 1628 1923 1683 inscri-

348 1712 564 1782 ptiones
609 1713 836 1780 habent,
868 1731 976 1769 non
1005 1733 1100 1788 per
1130 1719 1430 1789 genitivum
1458 1735 1666 1786 casum,
1701 1720 1794 1775 sed
1828 1735 1922 1790 per

2022 530 2484 599 ὲπιγεγράφαται,
2525 529 2552 581 6
2586 528 2680 582 καὶ
2720 527 2852 581 αὐτὸ
2910 513 3134 598 σημεῖον
3197 529 3451 598 ἐναργὲς,
3511 532 3592 586 ὅτι

2019 621 2097 691 τῷ
2117 621 2280 678 Δαὸὶδ
2313 621 2650 690 ποιηθέντες,
2711 620 2924 682 τούτοις
2982 620 3270 689 ἱδιαῐτερον
3333 623 3469 692 πρὸς
3528 622 3594 676 τὸ

2019 714 2244 784 ψάλλειν
2271 714 2614 781 ὲνετέθησαν.
2641 714 2704 766 Ei
2736 713 2782 766 δ’
2807 714 2950 770 εἴποι
2981 730 3088 777 τις,
3133 708 3215 766 ὅτι
3245 713 3341 766 καὶ
3367 715 3474 784 μὴν
3500 718 3596 769 καὶ

2019 800 2232 869 ψαλμδς
2259 801 2336 871 τῷ
2361 801 2528 854 Δασὶδ
2550 800 2958 870 ἐπιγέγραπται
2985 802 3099 862 τοῖς
3128 800 3392 863 πλείοσιν,
3443 803 3595 872 ἐροῦ-

2023 908 2144 962 μεν,
2174 892 2258 946 ὅτι
2296 891 2389 944 καὶ
2420 889 2635 952 πολλοῖς
2657 889 2841 953 πάλιν,
2878 887 3090 957 ψαλμὸς
3116 887 3212 940 τοῦ
3246 889 3428 951 Δαόὶδ,
3453 891 3594 959 ὅπερ

2021 983 2115 1035 ἐπὶ
2147 982 2256 1035 τῶν
2309 981 2486 1036 ἄλλων
2536 981 2634 1051 οὐχ
2689 980 2966 1050 εὑρήσεις,
3000 980 3088 1032 ἴνα
3111 979 3350 1049 γνῶμεν,
3375 981 3457 1033 ὅτι
3497 981 3593 1036 τοῦ

2021 1072 2185 1127 Δαϐίδ
2222 1073 2330 1125 εἱσι
2365 1073 2461 1126 καὶ
2493 1072 2873 1141 πεποιημένοι,
2902 1071 2965 1124 ού
3013 1070 3288 1141 δεδομένοι
3318 1074 3414 1125 καὶ
3458 1073 3596 1125 ἀναν

2023 1165 2302 1234 κείμενοι·
2335 1163 2492 1217 τοῦτο
2526 1163 2634 1233 γὰρ
2663 1161 2761 1232 τὴν
2792 1161 3056 1234 διαφορὰν
3089 1163 3411 1231 εἰσήγαγεν.
3453 1164 3510 1214 '0
3551 1162 3600 1215 δ’

2023 1256 2102 1317 εἰς
2131 1256 2222 1307 τὸν
2261 1254 2500 1324 Μωῦσῆν
2547 1253 2974 1323 ἀναφερόμενος,
3023 1251 3282 1322 τοιαύτην
3344 1251 3457 1322 ἔχει
3496 1252 3598 1319 τὴν

2023 1347 2337 1416 ἐπιγραφήν
2370 1362 2385 1378 ο
2466 1343 2784 1414 Προσευχὴ
2858 1342 3084 1411 Μωῠσῇ
3142 1343 3434 1410 ἀνθρώπῳ
3486 1344 3598 1397 τοῦ

2027 1439 2195 1498 Θεοῦ.
2243 1438 2526 1506 μονονουχὶ
2576 1437 2958 1501 διδάσκουσαν,
2981 1435 3057 1499 ὡς
3098 1437 3126 1488 ὁ
3167 1435 3382 1504 ψαλμὸς
3437 1432 3598 1498 οὗτος

2024 1529 2256 1597 ἁρμόζει
2295 1531 2407 1590 τοῖς
2433 1529 2522 1582 διὰ
2559 1527 2654 1580 τοῦ
2691 1528 2836 1581 Θείου
2864 1528 3078 1590 ὓδατος,
3136 1528 3254 1597 ἦτοι
3287 1528 3382 1580 τού
3417 1544 3598 1596 σωτη-

2029 1621 2144 1690 ρίου
2185 1621 2584 1691 βαπτίσματος,
2610 1618 2919 1690 ἀνθρώποις
2943 1619 3036 1671 τοῦ
3066 1617 3204 1672 Θεού
3245 1618 3552 1688 γινομένοις
3577 1631 3598 1648 ο

2023 1709 2415 1785 Μωῦσῆςυγὰρ
2487 1707 2739 1778 ληφθεὶς
2797 1709 2868 1772 ἐξ
2920 1707 3138 1772 ὕδατος
3211 1703 3601 1776 ἑρμηνεύεται.

345 1803 589 1859 dativum
649 1804 1075 1868 inscribuntur:
1113 1824 1236 1876 quae
1297 1823 1385 1862 res
1419 1807 1637 1864 abunde
1688 1809 1916 1872 indicat,

2028 1804 2410 1874 Λαμσάνονται
2433 1802 2488 1856 δὲ
2529 1803 2587 1868 ἐξ
2619 1801 2833 1866 ὕδατος,
2862 1802 2957 1854 καὶ
2985 1800 3122 1854 Θεοῦ
3146 1800 3424 1869 ἄνθρωποι
3457 1815 3600 1866 χρη-

346 1894 592 1962 psalmos
617 1895 840 1964 quidem
875 1911 904 1950 a
949 1897 1107 1952 beato
1142 1898 1312 1953 David
1348 1899 1520 1956 fuisse
1553 1903 1916 1971 conscriptos.

347 1986 444 2041 sed
477 1987 587 2040 illis
637 1987 955 2042 cantoribus
1018 1989 1270 2058 privatim
1327 1993 1560 2047 traditos
1614 1992 1681 2047 ad
1726 2007 1922 2048 canen-

347 2075 502 2130 dum.
531 2076 687 2143 Quod
708 2077 754 2134 si
776 2079 902 2148 quis
931 2086 1145 2145 Contra,
1166 2080 1299 2135 illud
1325 2081 1475 2136 dicat
1499 2099 1514 2134 :
1544 2081 1732 2153 plures
1755 2085 1918 2138 etiam

345 2183 469 2224 esse
501 2171 765 2236 psalmos,
822 2172 915 2241 qui
968 2172 1022 2225 in
1067 2172 1433 2243 inscriptione
1478 2175 1684 2231 habent
1724 2191 1918 2230 nomen

349 2261 539 2325 David,
563 2262 616 2316 in
639 2265 802 2319 tertio
831 2279 990 2329 casu,
1023 2267 1275 2322 videlicet
1307 2266 1556 2321 Psaimus
1591 2268 1691 2338 ipsi
1716 2266 1921 2322 David:

2026 1896 2360 1966 ματῐζουσιν,
2394 1896 2444 1948 οἱ
2491 1894 2896 1966 βαπτιζόμενοι.
2921 1892 3061 1954 τοὺς
3091 1891 3148 1943 δὲ
3179 1890 3273 1944 τοῦ
3313 1889 3600 1956 Σολομῶν-

2021 2006 2110 2052 τος
2138 1987 2463 2058 λεγομένους
2515 1987 2598 2042 εἰς
2657 1986 2747 2039 τὸν
2790 1985 3026 2055 Χριστὸν
3081 1982 3340 2056 εἰρῆσθαί
3392 1999 3599 2050 φαμεν.

2023 2080 2276 2150 Σολομὼν
2334 2080 2442 2149 γὰρ
2493 2077 2954 2147 εἰρηνικὼτατος
3005 2074 3402 2147 ἑρμηνεύεται,
3461 2075 3600 2143 ὅπερ

2023 2173 2172 2226 ἐστὶν
2219 2174 2248 2225 6
2303 2170 2561 2241 Χριστὸς,
2602 2169 2746 2224 κατὰ
2781 2168 2944 2238 φύσιν
2975 2169 3075 2233 τὴν
3121 2168 3348 2240 εἰρήνην
3405 2167 3545 2235 ἔχων
3584 2181 3596 2195 ·

2023 2262 2290 2332 Εἰρήνην
2318 2261 2446 2332 γὰρ,
2494 2262 2652 2332 φησὶ,
2713 2261 2831 2328 τὴν
2869 2261 3025 2337 ἐμὴν
3045 2261 3253 2328 διδωμι
3297 2260 3462 2320 ὑμῖν,
3519 2261 3603 2312 sla

345 2351 737 2421 replicabimus
764 2357 970 2412 multos
1000 2373 1124 2412 θεςο
1154 2360 1320 2414 etiam
1348 2361 1442 2430 qui
1490 2377 1586 2429 per
1615 2362 1920 2418 secundum

2028 2353 2218 2420 ρήνην·
2243 2352 2360 2420 τὴν
2391 2353 2545 2420 ἐμὴν
2567 2353 2780 2421 ἀφίημι
2811 2353 2973 2420 ὑμῖν.
3009 2353 3145 2422 Περὶ
3172 2350 3230 2404 δὲ
3271 2350 3380 2404 τῶν
3410 2352 3603 2410 ἀνεπισ-

345 2457 533 2498 casum
562 2445 813 2515 inscripti
841 2455 1003 2501 sunt:
1039 2449 1290 2505 videlicet
1341 2451 1591 2507 Psalmus
1622 2455 1788 2519 ipsius
1824 2452 1925 2506 Da-

238 2571 250 2589 .
344 2533 433 2585 vid
464 2549 484 2588 :
514 2534 659 2604 quod
679 2544 857 2590 tamen
883 2537 936 2590 in
967 2537 1090 2593 aliis
1123 2540 1442 2594 nominibus
1468 2556 1575 2594 non
1607 2542 1878 2611 reperitur
1904 2558 1918 2594 :

348 2635 411 2680 ιιι
449 2627 694 2684 sciamus
724 2629 870 2698 quod
911 2630 978 2684 ab
1011 2631 1132 2699 ipso
1165 2631 1386 2700 quidem
1421 2631 1590 2687 David
1623 2633 1923 2700 conscripti

349 2727 648 2783 sunt,non
681 2720 730 2774 ei
773 2721 886 2774 dati
935 2729 1031 2774 aut
1061 2721 1228 2774 oblati
1268 2740 1281 2777 :
1317 2724 1423 2776 hoc
1478 2722 1624 2777 enim
1671 2721 1925 2778 didercu-

351 2810 482 2863 tiam
513 2810 834 2866 introduxit.
872 2810 966 2866 Ille
1003 2822 1187 2866 autem
1217 2813 1466 2882 psalmus
1514 2813 1605 2882 qui
1640 2811 1805 2883 Moysi
1845 2813 1926 2866 in-

352 2900 636 2966 scribitur,
652 2900 968 2970 huiusmodi
996 2901 1162 2960 habet
1191 2903 1606 2972 inscriptionem
1630 2904 1672 2935 “
1699 2918 1714 2955 :
1739 2902 1924 2956 Oratio

353 2992 455 3059 ipsi
487 2991 661 3062 Moysi
693 2993 894 3047 homini
930 2993 1049 3056 Dei,
1077 3009 1197 3063 quae
1228 2995 1514 3064 inscriptio
1543 2994 1743 3050 docere
1769 2995 1926 3050 vide-

353 3093 447 3135 tur
468 3082 620 3178 quod
641 3083 729 3137 ille
757 3083 1004 3145 psalmus
1037 3083 1104 3178 iis
1129 3094 1415 3178 congruat,
1441 3084 1534 3153 qui
1561 3099 1655 3178 per
1679 3085 1922 3140 divinam
1953 3119 1998 3178 ο

352 3186 575 3240 aquam,
606 3173 711 3228 hoc
740 3181 825 3228 est
866 3188 965 3243 per
1000 3173 1247 3230 salutare
1304 3175 1582 3230 lavacrum
1626 3177 1928 3247 baptisma-

352 3265 444 3329 tis,
474 3263 726 3320 homines
779 3264 877 3320 Dei
917 3265 1094 3322 eﬂ‘ecti
1137 3278 1286 3322 sunt.
1334 3266 1552 3338 Moyses
1606 3268 1809 3339 quippe
1842 3269 1928 3322 in-

348 3362 712 3424 terpretatur,
761 3365 1072 3423 assumptus
1121 3373 1190 3412 ea:
1245 3372 1409 3426 aqua.
1479 3355 1557 3411 Et
1601 3371 1743 3428 aqua
1799 3371 1928 3412 vero

351 3454 716 3501 assumuntur
763 3462 956 3502 otnttes
1011 3447 1103 3517 qui
1163 3448 1532 3518 baptizantur.
1566 3446 1719 3503 Unde
1763 3449 1927 3502 etiam

349 3538 448 3592 Dei
503 3539 756 3594 homines
809 3538 1004 3593 merito
1075 3539 1564 3608 cognominantur.
1619 3538 1728 3594 Eos
1800 3554 1929 3595 vero

354 3629 615 3697 psalmos,
662 3631 760 3700 qui
817 3630 1130 3685 Salomonis
1183 3631 1472 3697 dicuntur,
1526 3630 1583 3684 in
1647 3629 1927 3687 Christum

350 3720 529 3777 fuisse
571 3722 926 3791 compositos
976 3731 1321 3792 reputamus.
1382 3721 1644 3778 Salomon
1691 3738 1930 3793 namque

356 3815 749 3884 interpretatur
779 3815 1059 3884 paciﬁcus.
1093 3813 1295 3870 Verum
1357 3814 1614 3886 quisnam
1642 3815 1786 3870 alius
1819 3824 1929 3870 tam

355 3904 462 3959 fuit
511 3904 794 3974 paciﬁcus,
834 3921 998 3975 qua-tn
1061 3906 1358 3962 Christus?
1405 3905 1501 3976 qui
1558 3915 1754 3962 natura
1811 3905 1930 3976 ipsa

351 4009 542 4063 pacem
568 3995 764 4052 habet?
793 3999 836 4030 ⁸⁸
869 4000 1084 4061 Pacem,
1105 3997 1273 4063 enim,
1297 3997 1494 4067 inquit,
1512 3996 1758 4052 maenada
1771 3998 1928 4065 vobis,

349 4103 534 4153 pacem
543 4105 714 4145 means
731 4089 968 4160 relinquo
985 4090 1475 4162 sobis.De'ps;almis
1490 4093 1582 4160 qui
1600 4090 1720 4146 sine
1734 4091 1932 4147 inscri-

345 4179 542 4246 ptione
572 4189 731 4246 sunt,
761 4181 896 4238 illud
931 4183 990 4236 in
1041 4183 1231 4252 primis
1282 4182 1571 4239 sciendum
1617 4191 1730 4251 est,
1782 4183 1930 4253 quod

351 4271 528 4328 multa
559 4271 914 4332 llebraaorum
947 4274 1311 4343 exemplaria.
1337 4274 1699 4344 coniunctum
1728 4275 1932 4330 habent

343 4363 655 4419 secundum
712 4366 986 4436 psalmum
1043 4382 1170 4421 cum
1223 4367 1597 4434 primo:cum
1651 4367 1792 4436 apud
1833 4381 1930 4424 eos

2026 2444 2276 2514 γράφων,
2299 2443 2471 2496 πολλὰ
2496 2443 2608 2496 τῶν
2643 2442 2949 2514 Ἑϐραϊκῶν
2987 2443 3340 2516 ἀντιγράφων
3398 2458 3600 2511 comp.-

2029 2537 2188 2606 μένον
2243 2537 2431 2606 ἔχουσι
2471 2535 2550 2606 τῷ
2599 2534 2803 2606 πρώτῳ
2864 2534 3066 2604 ψαλμῷ
3107 2535 3199 2588 τὸν
3227 2533 3501 2602 δεύτερον,
3537 2533 3600 2585 ού

2027 2628 2427 2697 προσκειμένου
2462 2629 2577 2689 τοῖς
2619 2625 2857 2696 ψαλμοῖς
2897 2626 3130 2698 ἀριθμοῦ
3186 2626 3317 2696 παρ’
3370 2625 3554 2688 αὐτοῖς
3584 2640 3599 2654 ’

2026 2720 2055 2774 6
2081 2719 2138 2772 ὁὶ
2167 2719 2440 2789 δεύτερος.
2473 2719 2883 2789 ἀναντιῤῥήτως
2915 2719 3008 2772 τοῦ
3041 2717 3223 2773 Δασέδ.
3275 2718 3383 2771 Καὶ
3410 2717 3603 2769 τούτου

2031 2812 2308 2882 μάρτυρες
2337 2811 2386 2863 oi
2408 2809 2719 2874 ἀπόστολοι,
2753 2810 3004 2877 λέγοντες
3043 2809 3178 2880 πρὸς
3233 2810 3324 2862 τὸν
3373 2809 3506 2862 Θεὸν
3544 2809 3604 2861 ὲν

2026 2903 2147 2964 ταῖς
2169 2901 2444 2972 Πράξεσιν
2465 2917 2480 2933 ·
2521 2903 2588 2955 '0
2617 2901 2717 2956 διὰ
2745 2903 3046 2969 στόματος
3072 2901 3252 2954 Δαϐὶδ
3295 2900 3402 2954 τοῦ
3460 2913 3602 2954 παι-

2027 2994 2134 3059 δός
2164 3008 2279 3047 σου
2311 2991 2496 3046 εἰπών
2519 3009 2533 3024 ο
2567 2994 2701 3046 Ἵνα
2730 2995 2786 3046 τί
2814 2993 3127 3062 ἐφρύαξαν
3167 2993 3333 3059 ἔθνη,
3385 2993 3479 3045 καὶ
3533 2991 3603 3046 τὰ

2029 3083 2175 3154 ἑξῆς.
2202 3083 2692 3137 Συναποδεικνυται
2717 3079 2810 3137 οὖν
2831 3084 2926 3137 καὶ
2957 3086 2984 3137 6
3013 3083 3231 3151 πρῶτος
3261 3082 3477 3154 ψαλμὸς
3505 3081 3602 3134 τοῦ

2029 3175 2194 3229 Δασὶδ
2222 3172 2382 3230 εἶναι.
2416 3175 2480 3229 Εἰ
2509 3175 2567 3228 δὲ
2592 3177 2688 3229 xai.
2709 3176 2738 3228 6
2765 3175 2979 3245 πρῶτος
3011 3176 3106 3228 καὶ
3129 3177 3158 3228 6
3189 3174 3442 3246 δεύτερος
3492 3173 3604 3226 τῶν

2027 3265 2437 3335 ἀνεπιγράφων,
2471 3263 2567 3318 τοῦ
2592 3264 2774 3329 Δασὶδ,
2816 3266 2910 3320 καὶ
2939 3265 2989 3318 οἱ
3014 3264 3161 3319 ἄλλοι
3186 3265 3386 3327 πάντες
3416 3263 3606 3317 averri-

2028 3374 2252 3430 γραφοι,
2274 3357 2417 3412 καθὰ
2449 3359 2624 3428 δήπου
2646 3357 2741 3411 καὶ
2768 3358 2796 3408 6
2821 3355 3176 3427 évquuoarb;
3224 3355 3504 3425 τέταρτος,
3524 3353 3602 3418 ὡς

2032 3451 2302 3520 μαρτυρεῖ
2319 3451 2347 3502 6
2371 3448 2670 3511 ἀπόστολος
2709 3447 2922 3510 Παῦλος
2947 3450 3006 3501 ὲν
3031 3451 3096 3518 τῇ
3129 3448 3266 3518 πρὸς
3315 3446 3609 3516 Ἐϐραίους

2042 3537 2354 3608 Ἐπιστολῇ,
2390 3538 2617 3606 φάσκων
2644 3553 2659 3566 ο
2707 3537 2844 3591 Τινὰ
2863 3537 3039 3605 ὁρίζει
3075 3536 3303 3605 ἡμέραν
3338 3535 3608 3604 σήμερον

2030 3628 2100 3682 ἐν
2135 3626 2331 3692 Δαϐὶδ,
2363 3625 2557 3696 λέγων
2587 3629 2740 3695 μετὰ
2789 3627 3085 3681 τοσοῦτον
3134 3628 3378 3694 χρόνον,
3412 3626 3608 3690 καθὼς

2029 3720 2261 3789 εἴρηται
2301 3736 2317 3752 ο
2354 3720 2627 3788 Σήμερον
2664 3719 2774 3773 ἐὰν
2810 3716 2919 3785 τῆς
2955 3717 3164 3787 φωνῆς
3191 3717 3380 3770 αὐτοῦ
3430 3716 3608 3770 ἀκού-

2031 3828 2201 3880 σητε,
2234 3813 2323 3882 μὴ
2356 3813 2745 3880 σκληρύνητε
2785 3810 2889 3878 τὰς
2942 3809 3194 3878 καρδίας
3246 3808 3434 3878 ὑμῶν.
3496 3809 3608 3862 Καὶ

2033 3903 2084 3966 οἱ
2116 3902 2388 3974 ἀνώνυμοι
2419 3905 2477 3958 δὲ
2531 3903 2696 3959 Δαὸίδ
2733 3905 2894 3964 εἰσιν,
2920 3902 2996 3964 ὡς
3038 3901 3283 3955 διδάσκει
3332 3900 3608 3967 Στέφανος

2030 3997 2058 4050 ὁ
2088 3996 2487 4066 πρωτομάρτυς
2517 3999 2576 4050 ὲν
2612 3998 2734 4058 ταῖς
2782 3993 3022 4065 Πράξεσι
3049 4009 3066 4026 ⁸
3130 3993 3266 4064 φησὶ
3323 3989 3430 4062 γὰρ
3470 3993 3610 4060 πρὸς

2045 4079 2336 4151 Ἰουδαῖους
2363 4104 2376 4118 ο
2411 4088 2567 4153 Ἕως
2609 4086 2728 4141 τῶν
2783 4085 3020 4155 ⁸ἡμερῶν
3077 4084 3279 4148 Δασὶὸ,
3329 4084 3400 4151 ῦς
3467 4080 3609 4151 εὗρε

2033 4178 2215 4247 χάριν
2252 4177 2513 4233 ἐνώπιον
2543 4177 2652 4234 τοῦ
2702 4176 2899 4243 Θεοῦ,
2923 4177 3024 4230 καὶ
3059 4174 3333 4244 ᾐτήσατο
3404 4173 3610 4240 εὑρεῖν

2033 4271 2324 4340 σκήνωμα
2361 4269 2442 4336 τῷ
2478 4267 2604 4334 Θεῷ
2637 4268 2853 4325 Ἰακώϐ.
2887 4267 3060 4322 Τοῦτο
3098 4267 3156 4320 δὲ
3207 4268 3268 4321 τὸ
3313 4267 3478 4338 ῥητὸν
3513 4264 3608 4318 τοῦ

2033 4360 2149 4432 pla!
2175 4361 2416 4431 ψαλμοῦ,
2449 4361 2605 4431 δῆλόν
2625 4362 2794 4424 ἐστιν,
2817 4360 2894 4423 ὡς
2922 4359 3069 4414 ἔστιν
3086 4358 3393 4428 ἀνώνυμος.
3444 4356 3609 4410 Ἀλλὰ

353 4471 462 4510 non
491 4457 566 4511 sit
587 4473 851 4516 numerus
870 4459 925 4513 in
957 4459 1182 4528 psalmis
1220 4476 1233 4512 :
1268 4459 1544 4516 secundus
1578 4468 1787 4524 autem,
1810 4458 1924 4515 sine

2035 4455 2198 4508 καὶοὶ
2225 4455 2286 4508 τὸ
2323 4453 2684 4522 ’Δλληλούτα
2713 4450 3196 4522 ἐπιγεγραμμένον
3223 4450 3439 4519 ἔχοντες
3511 4446 3608 4500 τοῦ

345 4549 808 4610 contradictione.
874 4550 1228 4620 conscriptus
1299 4549 1406 4604 fuit
1443 4566 1474 4606 a
1518 4551 1679 4607 beato
1731 4549 1922 4606 David.

347 4637 524 4705 Cujus
558 4639 637 4695 rei
690 4648 864 4696 testes
913 4641 1185 4698 habemus
1241 4642 1540 4712 apostolos,
1595 4642 1648 4696 in
1694 4643 1926 4698 Actibus

347 4732 596 4788 dicentes
647 4732 715 4787 ad
762 4733 936 4788 Deum
972 4751 988 4788 :
1023 4735 1068 4768 “
1108 4734 1186 4791 Tu
1219 4737 1306 4805 qui
1341 4753 1434 4804 per
1475 4752 1535 4788 os
1571 4734 1741 4789 David
1773 4737 1925 4804 pueri

351 4817 431 4872 tui
473 4818 662 4873 dixisti
688 4835 707 4874 :
733 4819 915 4886 Quare
941 4823 1345 4879 insurrexerunt
1373 4833 1572 4894 gentes,
1625 4834 1731 4884 ωε.
1769 4824 1926 4888 Unde

343 4906 514 4962 etiam
540 4908 952 4968 demonstratur
979 4914 1219 4982 primum
1273 4916 1545 4984 psalmum
1585 4914 1703 4985 pari
1764 4914 1928 4974 modo

346 4999 524 5068 ipsius
544 5017 668 5058 csse
701 5001 872 5062 David
900 5019 915 5058 :
946 5004 1093 5076 quod
1127 5007 1172 5060 si
1225 5006 1467 5075 primum
1516 5015 1572 5064 et
1623 5006 1926 5062 secundum

345 5092 649 5159 psalmum.
703 5096 802 5166 qui
827 5109 1019 5160 carent
1071 5099 1454 5168 inscriptione,
1508 5099 1747 5154 dicimus
1801 5113 1928 5157 esse

346 5181 544 5248 David.
581 5196 991 5256 consequenter
1015 5188 1106 5248 alii
1154 5203 1373 5252 omnes,
1406 5188 1498 5258 qui
1547 5189 1669 5244 sine
1724 5189 1925 5244 inscri-

355 5275 545 5341 ptione
583 5288 737 5344 sunt,
783 5279 1034 5351 ejusdem
1067 5290 1229 5341 erunt
1265 5297 1279 5332 :
1319 5279 1485 5340 sicuti
1510 5280 1656 5344 inter
1693 5290 1924 5336 caeteros

2033 4547 2202 4601 Δαὸιδ
2223 4547 2362 4600 εἰσιν
2402 4560 2416 4575 ⁸
2453 4545 2654 4599 αὐτίκα
2682 4544 2791 4614 γὰρ
2828 4544 2858 4596 6
2884 4543 3104 4612 πρῶτος
3134 4540 3339 4606 αὐτῶν,
3371 4541 3402 4593 6
3442 4538 3519 4611 ρδ¹
3545 4538 3607 4591 ὲν

2033 4641 2144 4702 τοῖς
2186 4637 2690 4708 Παραλειπομένοις
2725 4636 2804 4706 τῷ
2823 4635 2988 4690 Δαὸὶδ
3017 4631 3350 4702 πεποιῆσθαι
3399 4633 3610 4698 γέγρα-

2032 4749 2185 4790 πται.
2214 4733 2373 4787 Δοκεῖ
2403 4729 2498 4786 οὖν
2525 4729 2678 4785 αἰτία
2707 4727 2801 4783 τοῦ
2833 4729 2934 4799 μὲν
2963 4723 3102 4782 εἶναι
3133 4743 3286 4788 τινας
3307 4720 3610 4793 ἀνεπιγρά-

2033 4840 2189 4892 φους,
2211 4823 2299 4875 ὅτι
2328 4821 2429 4878 οὐκ
2471 4823 2552 4886 εἰς
2582 4820 2756 4891 ὄνομα
2805 4819 2927 4885 ἑνὸς
2971 4819 3158 4883 ἔθνους
3205 4818 3440 4880 ἕκαστος
3496 4815 3608 4869 τῶν

2035 4913 2291 4968 τοιούτων
2324 4913 2545 4980 λέγεται
2575 4927 2589 4942 ⁸
2621 4912 2717 4968 τοῦ
2768 4912 2827 4968 δὲ
2865 4911 3205 4981 ἀνωνύμους,
3247 4911 3331 4964 ὃτι
3383 4909 3464 4970 εἰς
3516 4906 3608 4960 τὸν

2037 5004 2242 5075 Κύριον
2280 5003 2530 5074 εἴρηνται
2553 5018 2567 5033 ⁶
2597 5001 2693 5056 τοῦ
2721 5003 2779 5056 δὲ
2809 5003 3001 5073 φέρειν
3074 5000 3466 5068 Ἃλληᾱούῑα,
3521 4999 3608 5052 ὅτι

2035 5095 2174 5166 πρὸς
2197 5095 2328 5150 Θεόν
2355 5098 2498 5150 εἰσιν
2519 5097 2840 5168 εὐχαριστία
2875 5094 2968 5149 καὶ
2997 5093 3188 5163 ὕμνος.
3219 5091 3330 5145 Καὶ
3350 5090 3480 5162 περὶ
3509 5090 3608 5161 μὲν

2031 5190 2225 5240 τούτου
2247 5187 2522 5242 τοσαῦτα’
2588 5186 2782 5259 καιρὸς
2835 5187 2893 5242 δὲ
2943 5187 3127 5240 εἰπεῖν
3171 5185 3268 5240 καὶ
3321 5182 3454 5254 περὶ
3495 5182 3608 5236 τῶν

2029 5278 2227 5335 ἄλλων.

353 5381 478 5420 esse
499 5367 707 5430 scimus
752 5373 1023 5438 psalmum
1075 5370 1490 5439 nonagesimum
1543 5379 1823 5440 quartum,
1866 5380 1924 5424 ιιι
1963 5378 2253 5426 attestatur
2303 5373 2600 5441 Apostolus
2645 5371 2696 5425 in
2733 5370 2974 5440 Epistola
3024 5385 3124 5436 sua
3181 5368 3248 5424 ad
3317 5365 3602 5440 Hebraeos,

353 5455 544 5511 dicens
567 5459 612 5488 “
646 5476 659 5512 :
697 5458 900 5515 Iterum
929 5463 1217 5530 quamdam
1243 5462 1560 5520 determinat
1592 5478 1732 5517 atem
1753 5464 1905 5517 uodie
1935 5463 1989 5516 iu
2031 5462 2222 5526 David,
2245 5466 2425 5518 dicens
2453 5473 2571 5532 post
2614 5473 2816 5518 tantum
2861 5473 3061 5532 tempus
3085 5478 3104 5516 :
3134 5459 3286 5515 hodie
3319 5459 3374 5512 si
3422 5471 3602 5513 nocent

349 5571 371 5608 ε
372 5555 469 5623 jus
501 5559 798 5623 audieritis,
827 5561 989 5622 nolite
1017 5560 1278 5622 obdurare
1311 5576 1475 5620 corna
1507 5570 1701 5618 vestra.
1721 5560 1924 5618 Psaltui
1960 5575 2180 5631 quoque
2221 5561 2317 5630 qui
2377 5571 2506 5616 sunt
2537 5561 2658 5616 sine
2705 5558 2951 5622 nomine,
3022 5556 3200 5613 eidem
3258 5543 3580 5610 ascribendi

419 5671 440 5695 ⁸
479 5668 624 5724 Psal.
677 5687 839 5743 x‘rsv,
889 5673 978 5743 715.
1065 5673 1260 5727 ’Psal.
1317 5691 1546 5743 xxxvut,
1587 5677 1638 5730 1.

355 5739 398 5772 ⁸³
427 5744 547 5796 Act.
596 5758 670 5810 tv,
698 5741 787 5808 2.1”»,
861 5742 903 5774 ¹’⁶
951 5742 1114 5800 llcbr.
1150 5760 1230 5810 tu,
1257 5745 1306 5799 8.

1737 5677 1777 5707 ¹⁰
1817 5673 1921 5732 Psa

2028 5690 2231 5742 :xxxtv,
2276 5676 2327 5730 1.
2392 5676 2428 5704 ¹¹
2468 5674 2606 5730 l‘sal.
2663 5688 2887 5741 usus,
2939 5671 2988 5727 l.
3067 5671 3109 5704 ⁸⁸
3161 5667 3313 5725 Iona.
3364 5681 3476 5735 nv,
3508 5665 3603 5725 27.
