3970 6544
481 412 486 417 .
569 353 640 416 5]
1798 343 2189 408 EUTHYMII
2231 343 2595 406 ZIGABENI
3775 339 3853 400 ﬁt)

564 467 841 522 Psalmum
876 465 1044 522 etiam
1077 464 1278 521 cantici
1311 471 1438 520 tunc
1473 479 1599 519 vero
1630 460 2150 532 canimus,qnando
2191 459 2680 530 contemplatione,
2746 458 2960 512 occulta
3035 457 3281 529 ancdam
3341 471 3461 526 qua:
3521 455 3588 510 ad
3654 471 3849 508 mctes

563 562 854 630 pertinent,
921 561 1078 614 nobis
1155 560 1451 621 revelantc,
1484 571 1587 611 nos
1652 555 1706 608 in
1771 569 1964 608 eorum
2024 551 2396 620 Operationem
2459 550 2824 620 procedimus.
2897 548 3008 602 llac
3059 548 3269 602 ratione
3320 547 3573 602 fortassis
3638 541 3847 616 psalmi

563 656 740 722 primo
777 654 918 715 loco,
947 661 1001 706 et
1032 651 1231 706 deinde
1264 651 1481 704 cantica
1516 647 1782 701 collocata
1817 651 1949 698 sunt
1976 658 1990 694 :
2015 653 2141 693 cum
2182 637 2372 692 deccat
2409 648 2468 691 ut
2521 655 2615 707 per
2641 639 2887 692 actiones
2951 638 3018 692 ad
3107 637 3620 704 contemplationem
3681 651 3848 690 acce-

561 749 774 801 damus.
817 746 984 799 Multa
1009 743 1154 800 enim
1190 743 1408 798 cantica
1439 741 1713 796 habentur
1751 737 1901 792 circa
1968 735 2130 788 linem
2175 730 2320 795 libri,
2393 746 2583 784 verum
2661 731 2752 784 ubi
2781 730 2982 800 gradus
3038 742 3148 797 est,
3211 746 3308 786 seu
3365 747 3652 796 assensus,
3719 732 3846 784 illic

561 859 830 913 nusquam
863 850 950 896 est
983 842 1248 912 psalmus,
1271 839 1628 910 nequeetiam
1655 836 1986 906 conjunctus
2020 843 2145 884 cum
2186 827 2451 894 cantico;
2493 828 2671 884 sancti
2731 831 2876 883 enim
2946 828 3048 884 viri
3102 828 3157 882 in
3206 829 3630 884 ascensionihns
3693 843 3847 883 con-

561 938 903 1009 templationi
940 947 1152 992 tantum
1188 938 1384 992 intenti
1419 945 1572 991 sunt.

634 1033 775 1087 Sunt
809 1032 901 1100 qui
943 1031 1191 1096 Esdram,
1245 1039 1300 1084 et
1343 1029 1437 1084 alii
1479 1030 1571 1099 qui
1607 1027 1904 1084 Ezechiam
1961 1025 2144 1080 dicant

2322 1017 2387 1068 Οἱ
2425 1015 2524 1086 μὲν
2547 1010 2639 1069 οὖν
2671 1011 2824 1068 εἷπον
2858 1014 3116 1083 Ἐσδραν,
3144 1016 3192 1068 οί
3215 1015 3269 1069 δὲ
3313 1015 3564 1080 Ἐζεκίαν
3592 1032 3845 1083 συναγα-

563 1124 807 1193 psalmos
849 1124 902 1177 in
962 1139 1132 1178 unum
1191 1123 1501 1192 collegisse,
1553 1121 1647 1190 qui
1725 1121 2040 1176 centenario
2092 1131 2148 1176 et

567 1216 1043 1287 quinquagenario
1098 1229 1327 1269 numero
1378 1214 1761 1270 continentur.
1787 1213 1846 1268 In
1872 1229 1983 1284 quo
2039 1231 2147 1269 nu-

571 1323 723 1362 mero
756 1317 811 1361 et
874 1306 1392 1376 quinquagenarius
1451 1320 1718 1360 numerus
1789 1304 2148 1360 Pentecostes

569 1399 779 1462 dictus,
813 1407 978 1466 atque
1006 1397 1074 1450 ab
1115 1395 1360 1452 Hebrtis
1396 1408 1718 1462 veneratus,
1749 1396 2021 1462 cernitur,
2051 1412 2150 1467 per

572 1489 952 1559 hebdomadas
1014 1487 1486 1564 hebdomadarum
1517 1489 1822 1559 perfectus,
1854 1487 1908 1543 id
1941 1497 2027 1544 est
2059 1504 2148 1544 sc-

565 1581 821 1650 ptenario
850 1579 1356 1650 multiplicatus,et
1409 1579 1704 1636 Trinitatis
1755 1582 1965 1650 pariter
2009 1597 2146 1636 con-

564 1669 823 1736 templari
850 1677 1031 1738 potest
1061 1669 1407 1740 mysterium,
1438 1669 1621 1724 addita
1653 1671 1908 1726 videlicet
1936 1672 2147 1726 unitate

564 1768 788 1828 propter
823 1775 988 1812 unam
1022 1775 1144 1828 qua:
1179 1767 1264 1814 est
1305 1760 1358 1814 in
1415 1761 1594 1816 tribus
1647 1764 1896 1833 personis
1964 1765 2146 1818 unita-

564 1861 699 1903 tem.
725 1848 1026 1904 Cantorum
1055 1859 1294 1920 quatuor
1327 1858 1485 1908 erant
1540 1852 1839 1923 principes,
1908 1864 2145 1924 quatuor

562 1939 749 1994 choris
793 1939 1056 2008 prafecti,
1085 1940 1154 1997 ob
1186 1942 1406 1997 totidem
1435 1944 1621 1999 mundi
1657 1945 1902 2009 climata,
1926 1947 1992 2001 ad
2023 1963 2145 2018 quae

565 2032 906 2102 psalmorum
935 2049 1101 2089 voces
1134 2043 1479 2105 perventum
1507 2045 1684 2092 erant.
1750 2037 2145 2110 Unusquisque

563 2129 745 2176 autem
782 2123 1009 2190 chorus,
1036 2140 1102 2180 ex
1130 2125 1346 2182 duobus
1365 2134 1419 2181 et
1443 2131 1791 2199 septuaginta
1822 2132 2145 2188 cantoribus

563 2215 851 2270 constabat
879 2233 892 2268 :
928 2224 988 2270 ut
1013 2217 1237 2287 quidam
1276 2220 1582 2274 retulerunt
1607 2237 1666 2276 se
1700 2223 1844 2292 apud
1886 2222 2144 2282 Hebraeos

564 2304 786 2372 legisse,
807 2305 963 2374 juxta
987 2306 1396 2376 proportionem
1430 2323 1493 2363 ac
1517 2325 1805 2366 numerum
1830 2313 2139 2383 linguarum

2253 1110 2372 1176 γεῖν
2402 1107 2529 1172 τοὺς
2557 1107 2830 1178 ψαλμοὺς,
2861 1108 2941 1170 είς
2978 1109 3173 1161 ἑκατὸν
3202 1109 3298 1161 καὶ
3331 1110 3672 1178 πεντήκοντα
3709 1126 3846 1162 συν-

2253 1199 2712 1273 αριθμουμένους.
2753 1200 2919 1272 Ὁμοῦ
2947 1203 3058 1273 γὰρ
3089 1204 3118 1254 6
3152 1203 3285 1273 παρ’
3319 1203 3594 1274 Ἑϐραίοις
3630 1205 3845 1258 ὲνθεω-

2255 1296 2424 1363 ρετται
2500 1294 2815 1364 τιμώμενος
2867 1294 3102 1366 ἀριθμδς
3159 1296 3258 1365 τῆς
3301 1297 3840 1366 Πεντηκοστῆς,-δι’

2251 1386 2545 1458 ἑϐδομάδος
2574 1387 2886 1456 ἑϐδομάδων
2928 1387 3456 1459 συμπεραινόμενος,
3481 1388 3616 1458 ὁμοῦ
3646 1388 3706 1441 δὲ
3735 1389 3841 1440 καὶ

2250 1475 2312 1529 τδ
2365 1475 2464 1545 τῆς
2518 1474 2748 1546 Τριάδος
2804 1476 3287 1548 συνεπιθεωρεῖται
3349 1478 3669 1548 μυστήριον,
3728 1478 3840 1545 τῆς

2255 1566 2479 1637 μονάδος
2515 1568 2630 1620 ἐκεῖ
2658 1568 3112 1640 προστιθεμένης,
3143 1568 3232 1622 διὰ
3266 1569 3365 1640 τὴν
3391 1570 3520 1640 μίαν
3554 1571 3614 1623 ὲν
3645 1572 3837 1641 τρισὶν

2251 1656 2568 1729 προσώποις
2597 1657 2861 1726 Θεότητα.
2911 1657 3190 1726 Τέσσαρες
3230 1657 3286 1710 δὲ
3330 1658 3381 1710 οί
3417 1658 3670 1729 ἀρχῳδοὶ,
3705 1675 3840 1710 τεσ-

2251 1751 2434 1817 σάρων
2457 1749 2750 1821 ἡγούμενοι
2782 1749 2977 1820 χορῶν,
3000 1749 3089 1802 διά
3119 1749 3188 1800 τὰ
3221 1748 3314 1802 τοῦ
3346 1750 3552 1819 κόσμου
3581 1750 3838 1821 τέσσαρα

2248 1842 2509 1910 κλίματα,
2559 1835 2633 1896 ὧν
2686 1841 2814 1914 ἄχρι
2861 1841 3185 1911 διαδραμεῖν
3233 1841 3457 1912 ἔμελλον
3493 1843 3544 1894 oi
3593 1841 3833 1910 ψαλμοί.

2260 1937 2354 1990 Ἐκ
2395 1937 2488 1990 δύο
2537 1937 2595 1990 δὲ
2655 1943 2749 1990 καὶ
2801 1936 3174 2006 ἐϐδομήκοντα
3233 1936 3392 2005 χορὸς
3447 1937 3704 1999 ἕκαστος,
3753 1936 3840 1996 ὡς

2249 2028 2460 2096 ἔφασάν
2519 2045 2686 2090 τινες,
2739 2027 2847 2080 ἀπὸ
2908 2026 3004 2079 τοῦ
3048 2026 3340 2097 Ἐϐραῖκοῦ
3405 2026 3835 2096 ἀναλεξάμενοι,

2247 2125 2391 2176 κατά
2425 2121 2722 2188 ἀναλογίαν
2752 2119 2863 2173 τῶν
2897 2120 3290 2188 συγχυθεισῶν,
3319 2120 3352 2191 ἢ
3391 2119 3592 2189 μᾶλλον
3613 2120 3836 2190 διακρι-

2247 2213 2444 2266 θεισῶν
2494 2217 2551 2267 ὲν
2593 2216 2654 2283 τῇ
2688 2217 3024 2284 πυργοποιίᾳ
3053 2215 3338 2279 γλωσσῶν,
3389 2214 3475 2267 διὰ
3510 2215 3570 2266 τδ
3604 2215 3831 2281 μέλλειν

2249 2307 2429 2360 πᾶσαν
2458 2305 2730 2374 γλῶσσαν,
2764 2305 2912 2377 ᾅδειν
2941 2309 3068 2368 τοὺς
3093 2307 3376 2368 τοιούτους
3405 2305 3679 2375 ψαλμούς.
3717 2306 3836 2358 Καὶ

560 2409 683 2463 qua:
725 2395 776 2447 in
838 2394 1182 2466 Babylonica:
1220 2397 1393 2452 turris
1455 2399 1814 2456 aediﬁcatione
1873 2377 2139 2469 confusae,

2246 2399 2291 2452 οἱ
2346 2399 2444 2468 μὲν
2486 2395 2636 2452 ἄλλοι
2713 2399 2976 2468 σάλπιγγι
3018 2401 3110 2452 καὶ
3152 2400 3421 2468 τυμπάνῳ
3471 2401 3563 2452 καλ⁵
3603 2400 3834 2469 ὀργάνῳ

561 2501 658 2540 seu
679 2487 862 2556 potius
885 2487 1076 2543 divisa:
1117 2487 1357 2544 fuerunt.
1393 2489 1666 2546 Futurum
1721 2495 1866 2548 enim
1913 2503 2049 2556 erat,
2083 2506 2142 2551 ut

561 2582 748 2636 omnis
800 2582 985 2652 lingua
1030 2582 1348 2652 huiusmodi
1401 2584 1646 2653 psalmos
1706 2584 2044 2639 decantaret.
2075 2585 2142 2641 Et

563 2672 658 2727 alii
691 2673 913 2742 quidem
978 2683 1264 2728 cantorum
1329 2676 1483 2741 tuba,
1545 2684 1828 2747 tympano,
1911 2692 2139 2746 organo,

561 2764 852 2835 cymbalis,
906 2765 1050 2834 lyra,
1101 2773 1191 2818 aut
1238 2765 1490 2837 cythara,
1556 2768 1718 2822 dulce
1772 2783 1835 2822 ac
1899 2770 2142 2824 suaviter

563 2857 874 2912 canebant:
902 2855 1069 2911 David
1101 2873 1229 2912 vero
1280 2859 1488 2930 regium
1519 2860 1766 2930 psalterii
1803 2862 2143 2916 instrumen-

563 2957 681 3004 tum
719 2949 958 3005 tencbat.
991 2948 1180 3016 Tubaa,
1237 2952 1472 3022 syringae
1521 2967 1584 3006 ac
1632 2952 1826 3007 ﬁstulae
1856 2952 2139 3020 inﬂantur,

563 3040 683 3110 lyra
712 3047 766 3093 et
792 3040 1018 3110 cytbara
1045 3040 1433 3103 intenduntur,
1466 3043 1715 3110 cymbala
1773 3051 1826 3097 et
1883 3053 2142 3115 tympana

566 3131 879 3200 pulsantur,
920 3141 973 3185 et
1001 3131 1108 3184 alia
1164 3147 1508 3202 quaecunque
1561 3150 1760 3188 sonum
1808 3137 1990 3206 potius
2048 3139 2144 3192 ha-

563 3219 695 3272 bent
729 3235 894 3288 quam
927 3233 1114 3274 vocem
1152 3222 1509 3288 :psalterium
1589 3239 1738 3289 vero,
1793 3227 1937 3295 quod
1977 3229 2138 3282 etiam

564 3309 765 3365 alicubi
805 3311 1046 3382 cinyram
1075 3313 1430 3384 etcytharam
1479 3323 1532 3367 et
1588 3315 1758 3384 lyram
1827 3317 2128 3386 appellant,

564 3400 631 3456 ad
665 3402 719 3457 id
751 3418 926 3473 genus
958 3403 1454 3460 instrumentorum
1511 3410 1772 3476 pertinet,
1809 3425 1928 3475 quae
1959 3412 2142 3465 inten-

529 3505 534 3510 '
563 3493 793 3550 duntur.
828 3496 924 3552 Est
957 3507 1137 3552 tamen
1186 3497 1613 3552 instrumentum
1665 3501 1770 3554 hoc
1822 3511 2055 3566 rectum,
2085 3513 2140 3558 et

562 3599 800 3654 superne
822 3599 1018 3640 causas
1047 3587 1208 3640 habet
1247 3589 1389 3641 unde
1413 3589 1628 3642 emittat
1650 3604 1847 3646 voces:
1880 3607 1943 3646 ea
1981 3594 2144 3647 nimi-

2250 2489 2346 2544 καὶ
2399 2488 2726 2557 κυμϐάλοις,
2776 2489 2980 2560 ἢλύρα
3039 2489 3132 2542 καὶ
3190 2489 3394 2561 κιθάρᾳ
3457 2491 3833 2560 μελῳδοῦντες

2244 2577 2414 2652 ἦσαν’
2467 2580 2631 2634 Δαϐἱδ
2659 2581 2715 2633 δὲ
2770 2581 2830 2634 τὸ
2876 2580 3156 2651 βασιλικὸν
3200 2583 3448 2652 κατεῖχεν
3481 2583 3734 2653 ὄργανον,
3765 2583 3833 2635 τὸ

2243 2672 2561 2744 ψαλτήριον.
2605 2673 2910 2740 Σάλπιγγες
2965 2673 3064 2744 μὲν
3110 2671 3202 2726 οὖν
3249 2673 3341 2726 καὶ
3389 2672 3670 2742 σύριγγες,
3716 2675 3828 2743 ἐμο

2245 2766 2518 2820 πνευστά·
2559 2765 2697 2836 λύρα
2749 2765 2940 2818 δὲκαὶ
2997 2765 3222 2837 κιθάρα,
3281 2767 3508 2819 ὲντατά·
3565 2765 3830 2835 κύμϐαλα

2243 2857 2299 2911 δὲ
2325 2857 2419 2910 καὶ
2449 2857 2733 2926 τύμπανα,
2778 2855 3019 2926 κρουστὰ
3041 2897 3056 2917 ,
3091 2857 3186 2910 καὶ
3213 2857 3312 2909 ὅσα
3342 2858 3540 2926 μᾶλλον
3570 2859 3760 2925 ἤχους,
3790 2858 3826 2926 ἢ

2245 2949 2518 3018 φθόγγους
2544 2950 2746 3019 ἔχουσι.
2778 2948 3093 3018 Ψαλτήριον
3129 2949 3207 3010 δὲ,
3243 2948 3270 3001 δ
3309 2951 3403 3002 καὶ
3435 2949 3672 3019 ἀλλαχοῦ
3717 2968 3825 3002 κα-

2243 3042 2396 3095 λοῦσι
2426 3042 2674 3111 κινύραν,
2716 3044 2810 3095 καὶ
2842 3042 3076 3110 κιθάραν
3104 3043 3194 3093 καὶ
3221 3041 3411 3111 λύραν,
3449 3041 3556 3093 τῶν
3583 3042 3825 3092 ἐντατῶν

2248 3135 2347 3204 μὲν
2375 3151 2463 3204 ην.
2488 3133 2657 3202 Πλὴν,
2691 3133 2893 3202 δρθιον,
2923 3133 3016 3186 καὶ
3051 3131 3258 3185 ἄνωθεν
3288 3129 3400 3201 εἶχε
3429 3131 3539 3183 τῶν
3563 3131 3826 3199 φθόγγων

2244 3226 2343 3290 τὰς
2382 3224 2660 3295 ἀφορμὰς,
2713 3223 2801 3277 ἵνα
2851 3223 2948 3278 καὶ
2994 3225 3154 3294 ἡμεῖς
3186 3223 3363 3287 εὐθεῖς
3402 3217 3573 3293 ὦμεν,
3609 3225 3704 3277 καὶ
3754 3224 3826 3277 τά

2243 3320 2356 3373 ἄνω
2393 3301 2872 3387 μελετῶμενξκαὶ
2920 3314 3201 3385 γινώμεθα
3231 3314 3554 3386 ψαλτήριον,
3593 3333 3827 3385 συμφω-

2244 3410 2483 3464 νούντων
2515 3411 2573 3463 ὲν
2605 3410 2739 3479 ἡμῖν
2767 3408 2946 3478 ψυχῆς
2982 3409 3078 3461 καὶ
3121 3407 3392 3476 σώματος,
3428 3408 3522 3461 καὶ
3553 3407 3826 3478 πλήττον-

2244 3519 2334 3565 τος
2362 3501 2514 3572 ἡμᾶς
2556 3497 2646 3555 οἷα
2681 3500 2927 3570 τεχνίτου
2968 3497 3112 3562 τινδς
3157 3499 3249 3551 τοῦ
3289 3498 3446 3567 ἁγίου
3481 3499 3826 3570 Πνεύματος.

2245 3597 2386 3648 Δέκα
2431 3593 2540 3667 γάρ
2587 3593 2808 3648 κόλαϐοι
2860 3591 3013 3662 παρὰ
3041 3591 3135 3645 τὸν
3173 3593 3353 3662 πῆχυν
3404 3593 3499 3644 τοῦ
3545 3592 3826 3662 ψιλτῆρος

561 3689 685 3727 rum
720 3675 955 3740 ratione,
997 3683 1057 3729 ut
1111 3675 1471 3732 addiscamus
1500 3687 1554 3733 et
1582 3694 1703 3743 nos,
1771 3682 1904 3737 recti
1951 3684 2138 3738 censi.

2246 3687 2624 3756 στρεφόμενοι,
2666 3685 2872 3740 ἔτεινόν
2921 3702 2978 3738 τε
3037 3685 3132 3737 καλ⁸
3184 3684 3392 3754 ἐχάλων
3436 3686 3534 3746 τὰς
3596 3684 3824 3754 χορδὰς,

571 3771 742 3828 stere,
778 3780 1131 3835 supernaque
1164 3781 1228 3820 ac
1261 3768 1506 3823 caelestia
1544 3772 1823 3836 meditari,
1886 3782 2050 3844 atque
2083 3784 2142 3830 ut

2246 3779 2381 3846 πρὸς
2431 3777 2491 3830 τὸ
2548 3775 2642 3829 τοῦ
2699 3775 3223 3846 μεταχειριζομένου
3283 3774 3531 3844 βούλημα
3571 3775 3670 3828 καὶ
3729 3777 3825 3829 τδν

564 3856 671 3911 hoc
702 3869 864 3926 pacto
897 3857 1200 3914 ciliciamur
1227 3860 1515 3930 spirituale
1547 3864 1892 3932 psalterium,
1914 3882 2146 3922 consen-

566 3949 736 4003 tiente
780 3949 924 4003 intra
965 3964 1066 4003 nos
1099 3951 1151 4002 in
1177 3967 1348 4006 unum
1373 3953 1553 4006 anima
1587 3964 1641 4008 et
1693 3970 1966 4026 corpore:
1997 3957 2145 4026 ipso.

564 4055 672 4108 que
716 4048 909 4093 sancto
958 4040 1190 4109 Spiritu,
1268 4042 1436 4096 veluti
1511 4046 1850 4114 peritissimo
1905 4050 2143 4118 quodam

566 4129 803 4191 artiﬁce,
841 4131 1097 4200 pulsante
1133 4147 1232 4188 nos
1270 4148 1333 4188 ac
1353 4137 1694 4203 percutiente
1724 4153 1738 4190 :
1769 4137 1958 4194 decem
2007 4157 2140 4196 vero

564 4221 708 4275 clavi
745 4221 798 4274 in
841 4223 1014 4291 ipsius
1067 4224 1310 4292 psalterii
1368 4226 1596 4282 brachio
1640 4229 2020 4288 circnmvoluti
2058 4235 2146 4288 in-

565 4310 860 4365 tendebant
950 4313 1214 4380 chordas,
1307 4331 1511 4385 easque
1633 4321 1986 4378 remittebant
2074 4327 2142 4380 ad

562 4399 737 4470 ipsius
809 4404 1140 4458 modulantis
1206 4406 1491 4461 arbitrium
1557 4423 1620 4464 ac
1652 4423 2004 4468 concentum.
2071 4417 2142 4470 Et

560 4490 784 4545 dextera
816 4492 1036 4561 quidem
1066 4508 1263 4550 manus
1293 4496 1560 4565 plectrum
1601 4500 1838 4568 tenebat,
1915 4505 2141 4562 sinistra

523 4591 688 4633 ‘vero
782 4580 1016 4650 desuper
1106 4594 1460 4642 contrectans
1529 4597 1584 4644 et
1640 4591 2040 4652 circumferens
2109 4601 2320 4663 clavos,

2245 3871 2468 3940 ῥυθμόν.
2502 3869 2612 3922 Καὶ
2639 3869 2671 3938 ἡ
2698 3867 2796 3938 μὲν
2825 3867 2972 3932 δεξιὰ
2994 3869 3118 3937 χεὶρ
3173 3870 3392 3937 κατεῖχε
3423 3869 3481 3922 τὸ
3504 3868 3788 3938 πλῆκτρον
3806 3885 3822 3901 ο

2242 3964 2274 4033 ἡ
2309 3962 2354 4015 δ’
2385 3962 2674 4032 ἀριστερὰ,
2701 3959 2809 4011 τῶν
2846 3959 3094 4012 κολάϐων
3124 3958 3332 4013 ἄνωθεν
3365 3960 3703 4030 ἑπαφωμὲνη
3729 3961 3824 4015 καὶ

2245 4055 2706 4123 περιστρέφουσα,
2741 4049 2932 4120 βαρὺν,
2963 4051 2994 4120 ἦ
3030 4049 3178 4114 ὀξὺν,
3212 4050 3243 4121 ἢ
3279 4051 3620 4119 κεκραμένον
3653 4052 3822 4120 φθόγο

2244 4163 2339 4214 γον
2362 4143 2668 4214 εἰργάξετο.
2702 4145 2844 4195 Δέκα
2891 4142 2949 4194 δὲ
2991 4143 3189 4212 χορδὰς
3224 4143 3622 4210 άντιφθόγγους
3651 4143 3822 4215 ἀλλή-

2247 4236 2354 4297 λως
2387 4232 2523 4304 εἶχε,
2557 4234 2849 4297 διδάσκων,
2878 4234 2960 4286 ὅτι
2996 4233 3078 4286 δεῖ
3117 4234 3212 4286 καὶ
3257 4234 3404 4304 ἡμᾶς
3435 4235 3495 4298 ἐξ
3524 4234 3820 4304 ἀντιφθόγ·

2248 4345 2358 4396 γων
2381 4327 2586 4397 χορδῶν
2625 4326 2778 4387 δέκα,
2827 4325 2935 4378 τῶν
2965 4324 3064 4394 μὲν
3108 4325 3210 4395 τῆς
3238 4324 3416 4396 ψυχῆς
3453 4326 3612 4378 πέντε
3663 4327 3820 4380 δυνά-

2251 4434 2415 4487 μειυν,
2449 4418 2610 4470 πέντε
2640 4416 2697 4470 δὲ
2738 4414 2847 4468 τῶν
2874 4413 2968 4467 τοῦ
3007 4414 3260 4484 σώματος
3296 4415 3624 4486 αἰσθήσεων,
3662 4418 3820 4488 ὲναρο

2253 4509 2432 4579 μόνιον
2465 4507 2621 4578 μέλος
2651 4505 3055 4578 ἀνακρούεσθαι
3081 4505 3156 4578 τῷ
3182 4507 3321 4577 Θεῷ.

2410 4615 2650 4666 gravem,
2725 4607 2818 4651 aut
2885 4605 3124 4662 acutam,
3235 4613 3330 4653 seu
3367 4599 3528 4652 etiam
3598 4599 3818 4654 mistam

559 4690 750 4728 vocem
815 4679 1097 4736 reddebat.
1156 4681 1351 4738 Decem
1419 4699 1684 4755 prmterea
1759 4693 2017 4760 chordas,
2083 4701 2308 4755 vocibus
2376 4701 2479 4756 sibi
2551 4699 2783 4752 imirent
2867 4700 3168 4754 contrariis
3240 4699 3511 4760 habebat,
3564 4713 3630 4751 ex
3710 4711 3818 4762 quo

557 4767 844 4861 docemur,
883 4781 1138 4838 oportere
1171 4789 1381 4838 nos,ex
1413 4777 1603 4834 decem
1636 4783 1737 4837 sibi
1796 4797 1990 4844 mutuo
2023 4793 2449 4848 adversantibus
2513 4791 2763 4855 chordis,
2804 4805 2868 4845 ex
2941 4791 3188 4861 quinque
3255 4792 3500 4860 corporis
3562 4779 3818 4846 sensibus

561 4860 970 4917 harmoniactun
1015 4873 1069 4919 et
1116 4869 1450 4924 concinnum
1487 4883 1710 4930 cantum
1766 4883 1820 4932 in
1874 4883 1975 4936 hac
2024 4887 2135 4938 vita
2178 4887 2285 4942 Deo
2312 4886 2632 4956 prmludcre.

629 4953 972 5008 Psalmorum
1032 4958 1167 5013 ordo
1190 4959 1280 5015 ille
1322 4964 1560 5032 amplius
1629 4983 1739 5022 non
1805 4982 1912 5034 est,
1984 4975 2213 5043 quiaD

559 5044 836 5114 principio
865 5045 990 5110 fuit,
1025 5051 1248 5117 quando
1274 5050 1428 5109 fuere
1466 5061 1769 5128 conscripti
1805 5077 1822 5117 :
1892 5080 1991 5118 nec
2055 5075 2138 5120 ta-

560 5153 682 5192 men
708 5153 864 5204 casu,
892 5151 987 5195 aut
1014 5143 1245 5200 fortuito
1273 5146 1594 5216 huiusmodi
1627 5153 1763 5206 ordo
1817 5153 1982 5210 datus
2032 5168 2140 5222 est,

561 5233 656 5287 sed
681 5235 864 5302 potius
892 5250 959 5290 ex
1007 5236 1425 5306 dispensatione
1482 5243 1688 5308 divina,
1755 5262 1878 5316 qua:
1936 5263 2139 5304 conse-

561 5328 847 5394 quentium
885 5339 1194 5401 temporum
1229 5333 1431 5388 nullam
1471 5337 1663 5392 habuit
1689 5341 2140 5397 rationem.Nam

561 5421 1022 5489 quemadmodum
1062 5425 1116 5478 in
1141 5425 1380 5490 artibus,
1413 5436 1525 5482 tam
1588 5429 1808 5487 faetivis
1855 5450 2021 5503 quam
2054 5450 2144 5490 ra-

563 5508 882 5577 tionalibus,
914 5516 1021 5569 alia
1053 5524 1138 5572 est
1202 5517 1692 5576 instrumentorum
1753 5534 1808 5580 et
1864 5542 2139 5583 canonum

563 5601 807 5657 inventio
830 5613 884 5660 et
911 5607 1070 5672 ordo,
1103 5617 1268 5680 atque
1303 5613 1444 5667 alius
1495 5616 1662 5668 etiam
1726 5631 1916 5672 eorum
1983 5636 2138 5687 usus,

565 5695 719 5759 iuxta
775 5697 889 5767 ipsa
927 5707 1176 5770 tempora
1233 5703 1496 5759 nimirum
1553 5715 1649 5762 aut
1709 5711 1894 5764 varias
1955 5727 2139 5766 rerum

566 5787 812 5842 rationes
866 5789 1031 5860 (alius
1081 5795 1226 5849 enim
1277 5795 1533 5854 fortassis
1588 5799 1836 5856 medicus
1901 5807 2138 5871 primum

2328 4976 2390 5032 Ἦ
2423 4979 2478 5030 δὲ
2520 4977 2627 5030 τῶν
2673 4975 2902 5047 ψαλμῶν
2949 4976 3121 5042 τάξις
3179 4975 3296 5030 οὔθ’
3347 4975 3423 5039 ὡς
3474 4977 3594 5028 κατ’
3643 4977 3816 5046 ἀρχὰς

2240 5071 2596 5140 ἐποιήθησαν,
2629 5067 2754 5121 οὕτε
2785 5070 2890 5138 μὴν
2918 5068 2994 5131 ὡς
3029 5069 3240 5137 ἔτυχεν,
3272 5067 3407 5122 ἀλλὰ
3438 5067 3641 5136 μᾶλλον
3673 5073 3814 5124 οἰγο-

2241 5166 2459 5236 νομικὴ,
2497 5165 2660 5234 μηδὲν
2685 5165 2787 5232 τῆς
2829 5164 3086 5235 χρονικῆς
3112 5164 3547 5233 ἐπιστρεφομένη
3591 5163 3814 5216 ἀκολουο

2244 5257 2392 5320 θίαςσ
2453 5256 2706 5324 καθάπερ
2761 5256 2871 5324 γὰρ
2942 5255 3035 5308 ἐπὶ
3093 5254 3203 5307 τῶν
3242 5255 3436 5308 ’ἄλλων
3493 5257 3817 5325 πρακτικῶκ

2238 5348 2507 5418 τεχνῶνῆ
2547 5347 2802 5414 λογικῶν,
2863 5347 3025 5418 ἑτέρα
3063 5347 3186 5417 μὲν,
3228 5347 3259 5418 ἢ
3309 5349 3417 5402 τῶν
3466 5347 3736 5418 ὀργάνων,
3783 5352 3817 5418 ἦ

2238 5439 2347 5492 τῶν
2373 5437 2616 5490 κανόνων
2642 5437 2860 5506 εὕρεσις
2897 5439 2990 5490 καὶ
3018 5438 3197 5503 τάξις⁸
3243 5440 3403 5509 ἑτέρα
3435 5439 3512 5505 δὲ,
3549 5443 3581 5510 ἡ
3617 5441 3817 5509 χρῆσις

2241 5531 2394 5601 παρὰ
2445 5531 2570 5593 τοὺς
2618 5529 2864 5598 καιροὺς.
2923 5528 3058 5600 me
3108 5530 3443 5598 πράγματα’
3491 5533 3581 5582 κιιῖ
3633 5533 3662 5582 6
3714 5532 3819 5599 μὲν

2239 5625 2430 5692 τέμνει
2453 5622 2612 5692 τυχὸν
2647 5621 2888 5690 πρῶτον,
2919 5621 2946 5672 6
2992 5620 3048 5673 δὲ
3093 5624 3461 5691 φαρμακεύει,
3500 5617 3606 5674 ὁδε
3645 5626 3815 5692 χρίει,

2241 5715 2336 5768 καὶ
2368 5715 2396 5767 6
2432 5713 2532 5782 μὲν
2559 5711 2716 5780 φοϐεῖ
2748 5711 3032 5780 πρότερον,
3063 5714 3090 5764 6
3133 5713 3188 5764 δὲ
3233 5713 3562 5783 παρακαλεῖ,
3597 5719 3693 5766 καὶ
3732 5718 3797 5768 οὐ

2237 5804 2329 5856 δὲν
2377 5805 2453 5874 τῷ
2505 5803 2719 5874 τεχνίτῃ
2779 5801 2930 5864 μέλει
2980 5802 3076 5871 τῆς
3109 5803 3329 5856 ἐκείνων
3378 5805 3610 5870 τάξεων
3674 5806 3818 5860 ἀλλὰ
