3970 6550
135 375 222 438 σι
373 353 388 357 ’
1333 371 1721 435 COMMENT.
1765 371 1850 433 IN
1879 371 2244 436 PSALMOS.
3360 371 3430 435 οε

139 490 382 558 ’πρῶτον
419 487 498 560 (5)
527 487 658 542 αὐτὸ
683 485 918 541 δοκεῖτὸ
958 486 1100 541 κατὰ
1137 483 1327 556 χρείαν
1365 486 1398 556 ἢ
1430 485 1680 554 δύναμιν,
1713 484 1742 536 ὃ

1858 483 2060 546 τηοῖᾶίι,
2086 485 2228 539 alius
2263 482 2620 552 pltarmacum
2659 490 2890 551 prastat
2929 492 2983 540 et
3022 483 3178 552 ungit
3230 498 3245 535 :
3287 485 3428 540 alius

137 581 312 644 τάξιν
357 579 600 633 ἄτακτον
645 580 898 647 λέγομεν,
933 579 1072 648 πρδς
1103 577 1161 630 τὸ
1187 579 1386 630 οἰκεῖον
1421 578 1738 646 συμφέρον*

137 672 302 725 οὕτω
325 672 422 726 καὶ
459 671 538 742 τῷ
581 669 835 741 ἡμετέρῳ
879 669 1116 739 τεχνίτῃ,
1150 667 1228 738 τῷ
1265 669 1407 738 ἁγίῳ
1440 669 1738 737 Πνεύματι,

142 764 333 832 μηδὲν
363 763 464 830 τῆς
510 761 757 831 ἱστορίας
795 762 1059 830 μελῆσαν,
1090 761 1192 831 τῆς
1219 759 1488 827 ὡφελείας
1516 759 1626 812 τῶν
1651 763 1740 812 ὲνο

141 853 540 921 τυγχανόντων
593 853 882 922 ἐμέλησεν,
929 853 1024 904 καὶ
1066 853 1216 914 ὅπως
1242 851 1303 904 τὸ
1333 852 1432 919 τῆς
1465 850 1742 920 ἡμετέρας

144 946 387 1012 ἄγαλμα
413 944 598 1013 ψυχῆς
618 943 799 1013 γλυφῇ
833 946 978 996 κατὰ
1003 944 1222 1012 τρόπον,
1255 944 1347 995 καὶ
1379 943 1516 1012 πρὶς
1545 941 1742 1004 κάλλος

145 1035 465 1104 ἀποξεσθῇ.
497 1037 593 1089 καὶ
621 1037 774 1097 τέλος
809 1036 1071 1105 μορφωθῇ
1098 1035 1231 1104 πρὸς
1267 1034 1421 1088 Θεόν.
1450 1034 1549 1087 Διὰ
1583 1033 1743 1087 τοῦτο

147 1121 354 1188 πρῶτα
390 1123 492 1189 μὲν
521 1123 580 1174 ὲν
628 1121 707 1190 τῷ
740 1120 942 1190 πρώτῳ
980 1121 1178 1190 ψαλμῷ
1206 1121 1306 1189 τῆς
1337 1120 1590 1182 ἀσεϐείας
1623 1121 1742 1190 ἅμα

147 1215 258 1264 καὶ
315 1212 598 1282 ἁμαρτίας
647 1213 1098 1285 ἁπορρήγνυσινο
1151 1214 1210 1264 ὲν
1248 1212 1304 1265 δὲ
1353 1212 1428 1280 τῷ
1477 1213 1739 1283 δευτέρῳ,

149 1304 310 1366 τίνος
343 1303 517 1372 ἐσμὲν
561 1303 786 1374 κλῆρος,
837 1303 932 1357 καὶ
975 1303 1081 1356 τίνι
1115 1303 1586 1373 προσκολληθῆναι
1623 1303 1742 1356 δέον

148 1395 550 1449 ἀποδεικνύει·
594 1397 653 1449 ὲν
703 1397 760 1448 δὲ
811 1395 894 1466 τῷ
935 1397 1125 1466 τρίτῳ,
1173 1396 1272 1464 τὴν
1302 1395 1442 1447 κατὰ
1473 1394 1584 1447 τῶν
1621 1393 1740 1463 Θεῷ

150 1487 685 1558 προσκολληθέντων
715 1487 1008 1557 ἐπιϐουλήν
1040 1504 1099 1540 τε
1148 1485 1239 1540 καὶ
1265 1486 1571 1556 προσϐολὴν
1605 1504 1742 1555 atpo-

151 1581 312 1648 λέγει
338 1579 433 1631 τοῦ
465 1580 787 1644 ἀντιπάλου,
817 1581 911 1632 καὶ
937 1580 1168 1648 καθεξῆς
1192 1579 1290 1641 τὰς
1313 1579 1609 1650 θεραπείας
1633 1580 1742 1632 τῶν

149 1671 218 1723 ἐν
256 1673 391 1742 ἡμῖν
425 1673 638 1736 παθῶν,
675 1673 707 1741 ἢ
747 1672 1062 1741 προσϐολῶν
1098 1671 1442 1739 ὑποτίθησιν.

1847 576 2107 631 similiter
2132 576 2221 630 hic
2249 578 2486 646 primum
2542 585 2835 646 perterret,
2900 577 2993 631 ille
3048 576 3425 632 consolatur:
3485 555 3495 577 i'

1845 667 2049 737 quippe
2084 684 2208 722 cum
2273 669 2469 723 artiﬁci
2497 668 2634 723 ordo
2666 683 2810 723 curae
2858 683 2969 723 non
2999 669 3093 733 sit,
3147 669 3244 723 sed
3296 668 3427 722 illud

1845 759 2089 829 primum
2127 760 2197 814 ab
2227 774 2294 813 eo
2319 760 2619 828 judicetur,
2651 759 2799 830 quod
2837 761 2887 814 vi
2951 775 3015 814 ac
3070 761 3278 814 virtute
3331 775 3430 814 sua

1845 853 2002 906 novit
2029 867 2155 908 esse
2180 853 2540 923 prtecipuum,
2591 863 2648 908 et
2693 853 2912 907 vulneri
2971 852 3058 907 cui
3112 852 3427 922 applicatur

1846 943 2104 999 conferre
2129 961 2148 999 :
2177 960 2341 1014 quam
2372 961 2512 1009 rem,
2542 946 2790 1000 ordinem
2819 945 3026 1015 absque
3051 944 3247 999 ordine
3285 943 3429 999 sole-

1845 1051 1972 1090 mus
2000 1038 2323 1106 appellare),
2355 1039 2435 1092 sie
2462 1045 2518 1091 et
2541 1052 2758 1092 summo
2781 1037 2911 1092 huic
2979 1045 3170 1092 nostro
3226 1022 3428 1092 artiliei

1846 1135 2042 1182 sancto
2065 1127 2280 1183 scilicet
2321 1127 2575 1197 Spiritui.
2603 1143 2752 1182 curae
2793 1128 2926 1192 fuit,
2988 1142 3098 1182 non
3161 1128 3309 1196 quod
3363 1129 3430 1180 ad

1848 1217 2160 1282 historiam,
2185 1219 2282 1273 sed
2317 1219 2460 1288 quod
2497 1219 2562 1274 ad
2598 1219 2892 1290 legentium
2923 1219 3219 1272 utilitatem
3256 1217 3431 1286 perti-

1845 1321 2025 1374 neret,
2092 1316 2259 1379 atque
2292 1318 2349 1363 ut
2385 1311 2500 1364 ιιωο
2527 1311 2726 1364 anima:
2754 1319 2957 1364 nostra:
3023 1310 3326 1380 imago,,ut
3356 1309 3431 1362 ita

1845 1401 2049 1464 dicam,
2085 1409 2408 1464 autstatua,
2454 1401 2520 1456 ad
2565 1417 2747 1456 mores
2799 1402 3165 1471 sculperetur,
3214 1400 3279 1455 ad
3315 1400 3432 1469 pul-

1845 1493 2212 1547 chritndinem
2245 1493 2605 1562 erpoliretur,
2668 1509 2732 1548 ac
2763 1494 2986 1548 tandem
3024 1490 3433 1548 formaretnritt
3537 1548 3550 1564 ο

1851 1584 2046 1638 Deum.
2082 1584 2163 1639 Ob
2189 1585 2330 1639 hanc
2362 1601 2588 1640 causam
2629 1588 2915 1655 prepheta.
2958 1585 3011 1638 in
3071 1587 3254 1654 primo
3313 1582 3434 1650 qui-

1850 1674 1974 1728 dem
2027 1677 2262 1745 psalmo,
2315 1679 2385 1731 ab
2436 1679 2718 1746 impietate
2767 1678 3007 1746 primttm
3071 1691 3173 1731 nos
3215 1683 3436 1742 separat

152 1771 214 1818 et
246 1779 274 1816 a
320 1765 570 1834 peccatis
632 1780 646 1816 :
677 1763 730 1817 in
764 1763 1007 1818 secundo
1071 1773 1251 1818 autem
1284 1762 1736 1818 subdemonstrat
1775 1766 1932 1836 cujus
1962 1768 2260 1822 hazreditas
2297 1770 2494 1832 simus,
2533 1770 2732 1838 cuique
2758 1768 3039 1823 adhaerere
3099 1775 3150 1821 et
3215 1761 3433 1832 adiungi

153 1864 541 1924 nosoporteat
574 1874 588 1910 :
621 1855 677 1910 in
716 1855 906 1919 tertio,
946 1855 1192 1924 praedicit
1244 1855 1478 1910 insidias
1529 1866 1583 1910 et
1645 1871 1978 1928 congressus
2041 1859 2272 1922 inimici,
2341 1862 2602 1914 adversus
2658 1874 2752 1912 eos
2825 1859 2916 1928 qui
2985 1858 3096 1912 Deo
3153 1853 3434 1924 conjuncti

154 1957 290 2001 sunt
318 1964 334 2001 :
359 1947 560 2002 deinde
591 1947 914 2002 sanationes
941 1955 994 1999 et
1023 1960 1187 2000 curas
1239 1945 1585 2014 passionum,
1613 1963 1736 2014 quae
1777 1949 1832 2002 in
1870 1949 2030 2002 nobis
2065 1949 2274 2012 insunt,
2307 1957 2361 2002 ct
2405 1949 2801 2010 calamitatum,
2865 1947 3114 2016 snhjieit.

235 2040 400 2094 Ἐστι
447 2038 506 2090 δὲ
561 2038 655 2092 καὶ
686 2037 844 2105 λόγος
893 2037 1100 2107 ἕτερος,
1151 2037 1232 2088 ὅτι
1285 2037 1416 2089 ποτὲ
1469 2037 1579 2089 τῶν
1621 2039 1753 2091 Ἰου-

1927 2039 2022 2093 Est
2071 2049 2122 2091 et
2147 2040 2252 2094 alia
2284 2049 2546 2108 praeterea
2597 2039 2760 2106 hujus
2789 2039 3000 2092 ordinis
3037 2037 3197 2091 ratio.
3232 2033 3436 2089 ludatis

154 2132 328 2186 δαίων
383 2133 920 2205 καταφρονησάντων
984 2129 1076 2182 τοῦ
1132 2129 1292 2191 Θεοῦ,
1350 2131 1445 2182 καὶ
1493 2129 1602 2182 τῶν
1646 2147 1754 2184 πα-

152 2224 332 2293 τρίων
388 2223 530 2276 ὲθῶν
576 2222 848 2279 λαϐόντων
905 2220 1116 2292 λήθην,
1166 2220 1264 2273 καὶ
1324 2220 1458 2274 πολὺ
1517 2221 1752 2290 μάλιστα

155 2317 271 2369 τῶν
312 2314 552 2386 Γραφῶν
593 2313 985 2386 παρερρύησαν
1041 2314 1094 2364 αἱ
1140 2311 1345 2382 βίϐλοι,
1399 2313 1494 2365 καὶ
1539 2313 1756 2379 διεφθά-

163 2424 369 2478 ρησαν.
428 2407 696 2474 ’Υστερον
746 2405 802 2457 δὲ
855 2403 988 2476 περὶ
1043 2404 1140 2471 τὴν
1211 2402 1535 2470 συναγωγὴν
1577 2402 1756 2453 αὐτῶν

163 2497 501 2561 σπουδάσας,
564 2497 672 2550 εἴτε
723 2495 980 2564 Ἔσδρας,
1024 2495 1134 2547 εῐτε
1185 2491 1455 2557 Ἐζεκίας,
1511 2492 1605 2546 καὶ
1653 2494 1754 2545 οὐκ

160 2593 404 2662 ἁθρόως.
433 2591 570 2644 ἀλλὰ
604 2587 727 2642 καθ’
771 2586 870 2641 ἕνα
916 2585 1138 2648 τούτους
1169 2585 1584 2654 ἀναλεγόμενος,
1618 2585 1754 2655 πρὸς

159 2685 253 2737 τον
280 2684 476 2754 χρόνον
509 2684 608 2750 τῆς
637 2680 909 2750 εὑρέσεως
939 2678 1195 2734 ἑκάστου.
1233 2677 1329 2728 καὶ
1355 2675 1453 2745 τὴν
1485 2675 1746 2744 φαινομέο

159 2793 262 2844 νην
293 2774 457 2838 τάξιν
495 2773 764 2841 ἐπέθηκεν
791 2787 804 2801 ⁸
856 2770 918 2822 ού
964 2769 1086 2822 καθ’
1131 2767 1226 2828 οὒς
1277 2765 1580 2836 ἐλέχθησαν
1622 2767 1752 2836 χρό-

160 2884 314 2933 νους,
343 2866 481 2920 ἀλλὰ
516 2863 640 2916 καθ’
671 2861 763 2925 οὒς
789 2862 1115 2933 εὑρέθησαν.
1160 2861 1316 2912 Ἐστι
1344 2858 1401 2910 δὲ
1453 2859 1548 2911 καὶ
1577 2857 1754 2922 ἄλλως

159 2960 366 3023 εἰπεῖν,
393 2959 478 3010 ὅτι
515 2955 588 3026 μὴ
617 2954 765 3026 παρὰ
813 2955 939 3016 τοὺς
973 2952 1224 3023 χρόνους,
1276 2948 1414 3003 ἀλλὰ
1451 2948 1604 3019 παρᾶ
1657 2949 1755 3010 τὰς

163 3055 388 3125 ἡμέρας
421 3053 645 3124 μᾶλλον,
709 3053 767 3104 ἐν
820 3043 910 3111 αἷς
958 3047 1019 3099 τὺ
1067 3047 1281 3116 πρῶτον
1320 3043 1654 3114 ἐποιήθησαν
1704 3042 1754 3095 οἱ

163 3146 400 3216 ψαλμοὶ,
441 3144 500 3197 τὸ
555 3143 692 3212 μετὰ
745 3139 904 3195 τοῦτο
939 3139 1331 3209 συνετάγησαν.
1375 3137 1589 3188 Γένοιτο
1617 3135 1661 3187 δ’
1690 3133 1755 3186 ἂν

163 3236 314 3288 οὕτω
332 3232 710 3305 φανερώτερον
740 3231 800 3284 τὸ
820 3230 1118 3299 λεγόμενον
1143 3245 1158 3258 ⁸
1197 3227 1411 3301 πρῶτον
1454 3225 1589 3278 Θεοῦ
1632 3224 1755 3276 σύλο

1857 2131 2001 2183 enitn
2063 2130 2228 2183 Deum
2264 2130 2391 2184 olim
2445 2129 2865 2198 negligentibus.
2899 2143 3092 2184 omnes
3127 2127 3285 2196 patrii
3323 2141 3438 2179 mo-

1857 2238 1944 2278 res
1997 2237 2222 2290 prorsus
2277 2239 2415 2291 pene
2463 2221 2726 2278 oblivioni
2761 2221 2872 2274 dati
2901 2227 3051 2282 sunt,
3103 2219 3246 2274 unde
3272 2233 3434 2286 quant

1859 2316 2080 2384 plurimi
2115 2328 2289 2369 sacra:
2330 2312 2628 2382 Scriptura:
2656 2313 2806 2376 libri,
2839 2311 3028 2365 c'ornm
3064 2309 3276 2378 ignavia
3311 2323 3436 2377 per-

1857 2405 2062 2458 ierunt.
2116 2403 2364 2472 Cumque
2424 2403 2627 2456 Esdras
2677 2417 2772 2456 seu
2841 2399 3122 2462 Ezechias,
3184 2397 3437 2466 quisquis

1855 2514 2043 2553 eorum
2073 2497 2257 2561 fuerit,
2282 2495 2533 2550 utilitatis
2566 2495 2798 2566 publicae
2830 2502 2978 2546 certe
3001 2491 3300 2549 studiosus,
3334 2488 3438 2540 htt-

1853 2590 2093 2660 jusmodi
2134 2591 2396 2658 psalmos,
2448 2603 2556 2642 non
2587 2598 2766 2640 tamen
2807 2600 2913 2638 una
2942 2599 3156 2647 omnes,
3194 2583 3286 2636 sed
3326 2581 3438 2635 sitt-

1858 2681 2077 2753 gttlares
2117 2695 2182 2734 ac
2245 2680 2526 2750 dispersos
2583 2679 2902 2748 reperisset,
2945 2675 3206 2730 collectos
3249 2682 3439 2742 postea

1855 2781 1909 2825 et
1946 2771 2000 2824 itt
2031 2785 2196 2822 ttnutn
2221 2769 2583 2838 compositos,
2607 2781 2671 2819 eo
2695 2765 2892 2819 ordine
2923 2779 3033 2833 quo
3061 2762 3260 2830 reperti
3289 2768 3438 2824 sunt,

1857 2864 1930 2918 ita
1987 2863 2042 2917 itt
2100 2862 2378 2930 publicum
2433 2859 2625 2921 edidit,
2671 2858 2857 2912 habita
2905 2854 3166 2923 temporis
3208 2853 3436 2910 ratione,

1856 2971 1966 3009 non
1995 2970 2104 3024 quo
2132 2953 2367 3009 confecti
2393 2960 2540 3016 sunt,
2567 2951 2663 3006 sed
2689 2966 2798 3018 quo
2832 2947 3066 3003 inventi.
3105 2946 3240 2999 lllud
3273 2944 3438 2998 etiam

1857 3045 1966 3099 diei
2024 3051 2203 3114 potest
2253 3043 2396 3110 quod
2455 3043 2646 3112 psalmi
2704 3056 2812 3096 non
2845 3040 3002 3107 juxta
3035 3046 3304 3106 tempora,
3344 3033 3438 3087 sed

1850 3137 2005 3206 juxta
2053 3136 2193 3200 dies,
2259 3136 2458 3204 quibus
2522 3134 2757 3204 primum
2813 3129 3101 3198 compositi
3152 3133 3304 3188 sunt,
3358 3124 3431 3176 ita

1857 3237 2050 3298 postea
2080 3229 2132 3281 itt
2166 3243 2333 3281 unutn
2363 3225 2606 3280 ordinati
2644 3225 2814 3281 luere.
2867 3221 3021 3288 Quod
3061 3220 3298 3272 dicimus
3325 3231 3439 3270 ma-

164 3329 356 3399 ληψις,
394 3323 514 3380 εἶτα
551 3326 825 3396 γέννησις,
863 3319 980 3376 εἶτα
1011 3320 1202 3390 κλῆσις
1236 3318 1332 3372 καὶ
1359 3317 1627 3388 περιτομὴ
1655 3317 1752 3369 κα)⁸

1858 3319 2115 3372 nileslius
2166 3317 2342 3371 lietett
2392 3317 2480 3370 his
2523 3332 2643 3385 qua:
2689 3315 3002 3383 subjiciam.
3053 3311 3258 3365 Christi
3306 3323 3443 3362 eou-

165 3383 516 3492 προσαγωγὴ
561 3383 712 3489 ἒτρδέ
883 3415 1034 3480 ναὸν,
1098 3383 1192 3466 οιαὶ
1237 3383 1567 3480 ὑπάντησις,
1617 3383 1753 3476 μετὰ

1859 3410 2038 3478 ceptio
2087 3416 2333 3476 tempore
2360 3383 2595 3476 primum
2631 3405 2752 3470 fuit;
2780 3405 3126 3473 postmodum
3164 3401 3438 3463 nativitas,

165 3512 472 3583 τριάκοντα
497 3510 719 3580 χρόνους
743 3510 776 3578 ὴ
811 3507 1084 3577 βάπτισις,
1122 3505 1154 3574 ἡ
1187 3503 1512 3572 φανέρωσις,
1547 3497 1580 3569 ἡ
1613 3499 1756 3552 διδα-

172 3603 402 3665 σκαλία,
461 3604 528 3655 τὰ
583 3601 858 3674 θαύματι,
895 3598 964 3651 τὰ
1007 3596 1354 3664 παθήματα,
1401 3593 1492 3644 καὶ
1541 3592 1757 3644 πάντων

174 3695 411 3764 ἔσχατον
446 3693 478 3762 ή
511 3692 836 3753 ἀνάστασις’
863 3688 984 3758 ἀλλ’¹
1022 3688 1155 3756 ἡμῖν
1197 3701 1259 3752 γε
1306 3681 1613 3736 τούναντίον
1666 3682 1758 3734 ἐπὶ

173 3787 289 3839 τῶν
315 3785 518 3857 ἑορτῶν
559 3783 671 3853 ἔχει
702 3782 770 3835 τὰ
797 3780 1160 3848 διαστήματα,
1197 3775 1412 3845 πρῶτον
1471 3770 1756 3842 σύλληψις,

173 3876 280 3933 εἴτ’
304 3877 467 3940 εὐθὺς
512 3877 828 3938 ἀνάστασις.
870 3871 1036 3943 Ὀρᾷς
1063 3872 1162 3941 ὅση
1193 3868 1300 3921 τῶν
1356 3865 1455 3937 μὲν
1489 3863 1690 3934 ἑορτῶν
1723 3864 1756 3934 ἡ

174 3970 508 4032 ἀπόστασις,
547 3968 654 4020 τῶν
683 3967 739 4020 δὲ
760 3963 981 4036 ἡμερῶν
1022 3964 1054 4034 ἡ
1092 3961 1388 4030 συνάφειας
1431 3957 1593 4011 πάλιν
1623 3955 1756 4008 ἀνά-

172 4065 366 4135 ληψις,
395 4060 838 4133 μεταμόρφωσις,
879 4055 978 4110 εἷθ’
1013 4057 1047 4127 ἠ
1093 4056 1368 4124 γέννησις,
1398 4047 1517 4104 εἶτα
1542 4048 1759 4102 πάντων

175 4156 476 4227 ἕσχατονή
519 4153 843 4223 φανέρωσις.
892 4147 1054 4220 Ὁρᾷς
1086 4148 1186 4216 ὅση
1211 4145 1320 4198 τῶν
1359 4142 1698 4214 πραγμάτων
1727 4138 1762 4208 ἡ

176 4248 532 4309 ἑνοιντίωσιςς
567 4244 659 4299 καὶ
690 4245 723 4314 ἠ
747 4243 844 4314 μὲν
867 4241 973 4294 τῶν
995 4241 1053 4292 ὲν
1081 4238 1244 4309 μησὶν
1272 4233 1494 4306 ἡμερῶν
1527 4231 1759 4300 διεσώθη

173 4340 361 4405 τάξις,
383 4343 418 4408 ἡ
441 4339 497 4391 δὲ
517 4337 624 4391 τῶν
651 4335 987 4405 πραγμάτων
1021 4330 1197 4386 αὐτῶν
1244 4327 1468 4396 διεκόπη
1505 4324 1761 4396 μάλιστα,

177 4433 283 4488 καὶ
317 4431 509 4499 γέγονε
535 4429 690 4493 τάξις
718 4429 776 4481 ὲν
805 4425 1001 4496 ἀταξίᾳ
1032 4441 1135 4486 τις.

1859 3498 2058 3555 deinde
2082 3499 2362 3567 itnpositio
2393 3486 2631 3550 nominis
2665 3492 3086 3548 etcircutneisio
3115 3507 3128 3542 :
3167 3498 3287 3557 post
3326 3490 3440 3542 lucc

1861 3592 2121 3645 adductio
2152 3591 2205 3644 in
2231 3591 2488 3660 templum
2513 3596 2566 3643 et
2598 3586 2912 3658 hypantesis
2939 3583 3066 3656 [hoc
3087 3593 3170 3637 est
3190 3582 3436 3642 obviatio,

1861 3697 2022 3750 quam
2049 3680 2230 3735 Latini
2262 3679 2696 3750 puriﬁcationem
2726 3673 2964 3744 Virginis
2989 3667 3284 3741 appellant]
3309 3687 3322 3735 ;
3348 3669 3443 3723 de-

1866 3787 2013 3825 mum
2063 3779 2186 3840 post
2219 3771 2450 3840 triginta
2473 3782 2650 3822 annos
2687 3764 2992 3843 baptismus
3023 3773 3078 3816 et
3120 3759 3444 3814 manifesta-

1867 3866 1943 3918 tio
1978 3864 2191 3918 Domini
2229 3881 2243 3918 :
2273 3861 2472 3916 deinde
2495 3861 2772 3920 doctrina,
2805 3856 3092 3918 miracula,
3132 3855 3442 3923 passiones,

1866 3967 1919 4011 et
1945 3965 2224 4026 postremo
2250 3953 2604 4010 resurrectio.
2637 3949 2837 4005 Verum
2886 3947 3024 4018 apud
3051 3962 3152 4001 nos
3177 3944 3446 3999 festivita-

1870 4057 1955 4103 tes
1988 4048 2106 4101 istze
2135 4046 2242 4100 alio
2265 4045 2458 4099 ordine
2499 4051 2662 4111 atque
2696 4042 2804 4094 alio
2847 4037 3139 4094 intervallo
3164 4035 3447 4090 celebran-

1870 4147 1980 4194 tur.
2014 4137 2198 4193 Primo
2246 4137 2391 4192 enim
2443 4135 2884 4205 conceptionem,
2923 4146 2985 4184 ae
3017 4128 3214 4183 deinde
3261 4125 3445 4181 statim

1870 4230 2328 4286 resurrectionem
2374 4227 2742 4282 celebramus.
2803 4222 2884 4294 (6)
2940 4220 3101 4274 Vides
3146 4227 3347 4288 quanta
3378 4217 3448 4269 sit

1872 4323 2134 4392 temporis
2181 4322 2538 4377 festivitatnm
2580 4317 2840 4372 distantia
2863 4325 2917 4368 et
2956 4314 3168 4366 dierum
3216 4309 3448 4373 conjun-

1865 4413 1998 4468 ctio.
2054 4413 2268 4468 Rursus
2312 4411 2642 4478 assumptio,
2679 4402 3117 4471 translignratio,
3163 4398 3446 4452 nativitas:

178 4533 238 4580 et
293 4491 494 4578 deinde
537 4491 812 4592 postrema
856 4491 1098 4574 omnium
1157 4512 1428 4586 apparitio
1477 4525 1542 4566 ac
1581 4509 1951 4564 manilestatio
1997 4509 2328 4563 celebratur.
2400 4505 2564 4559 Vides
2607 4508 2812 4568 quanta
2879 4499 2951 4552 sit
3022 4509 3202 4549 rerum
3267 4491 3449 4544 diver-

179 4615 326 4669 sitas
385 4583 554 4669 Ordo-
583 4613 784 4683 quippe
824 4610 1034 4664 dierum
1067 4609 1122 4660 in
1176 4583 1458 4660 mensibus
1506 4608 1756 4657 set-vatus
1795 4610 1900 4666 est,
1951 4613 2134 4654 rerum
2195 4607 2376 4654 autem
2413 4593 2570 4649 valde
2605 4592 2916 4660 disjunetus
2963 4603 2978 4642 :
3025 4597 3078 4640 et
3144 4583 3319 4638 lactus
3365 4594 3450 4640 est

179 4709 326 4766 ordo
355 4707 600 4776 quidam,
636 4705 793 4775 quasi
835 4704 954 4757 sine
985 4698 1199 4754 ordine.

270 4767 433 4851 Ἀλλὰ
459 4767 876 4866 “quassatae
907 4791 1112 4855 λοιπδν,
1159 4787 1254 4842 καί
1274 4787 1359 4849 τίς
1394 4787 1426 4856 ἡ
1461 4785 1518 4837 ὲν
1558 4783 1753 4843 πολλοῖς

1950 4777 2056 4833 Sed
2087 4787 2303 4845 tempus
2336 4785 2418 4830 est
2440 4781 2499 4826 ut
2521 4774 2634 4842 jam
2665 4770 2924 4838 deinceps
2951 4767 3268 4828 doceamus,
3300 4776 3450 4831 qum-

178 4890 298 4945 τῶν
325 4888 556 4958 ψαλμῶν
584 4886 842 4954 ἀσάφεια,
865 4883 960 4937 καὶ
985 4881 1149 4935 πόσαι
1186 4877 1499 4949 μεταϐολαὶ,
1532 4875 1626 4928 καὶ
1657 4891 1764 4926 πα-

187 4983 261 5055 ρὰ
293 4983 455 5035 τίνων
480 4979 580 5050 τῆς
619 4975 900 5047 Ἐϐραῖδος
945 4972 1224 5026 διαλέκτου
1254 4968 1388 5038 πρὸς
1442 4967 1538 5036 τὴν
1579 4965 1768 5035 Ἐλλη-

182 5078 310 5129 νίδα
352 5074 660 5144 γεγόνασιν.
712 5069 870 5122 Ait-ia.
907 5067 1006 5136 τῆς
1060 5062 1328 5131 ἀσαφείας
1378 5059 1477 5128 τῆς
1535 5057 1770 5118 παλαιᾶς

1872 4885 1998 4925 nam
2039 4869 2111 4925 sit
2152 4867 2512 4922 obscuritatis
2556 4865 2718 4925 ratio,
2763 4876 2884 4932 quae
2911 4860 2962 4912 itt
3001 4858 3186 4912 multis
3227 4852 3450 4924 psalmis

1869 4963 2162 5033 reperitur,
2188 4970 2243 5014 et
2284 4968 2418 5027 quot
2465 4956 2852 5010 translationes
2895 4950 3028 5013 sint,
3082 4965 3146 5004 ex
3182 4946 3448 5000 l'lebtaica

1868 5054 2057 5123 lingua
2092 5052 2146 5106 in
2201 5051 2467 5114 Grmcatn,
2501 5059 2551 5102 cl
2584 5064 2612 5101 a
2651 5047 2853 5114 quibus
2890 5044 3064 5098 factae.
3095 5041 3248 5106 Quod
3287 5039 3452 5107 igitur

183 5130 456 5233 I‘patpijc',
488 5163 546 5216 τό
577 5178 636 5215 τε
668 5130 993 5228 συμϐολικὸν
1020 5155 1129 5207 τῶν
1158 5130 1257 5206 ὅσα
1299 5148 1533 5220 Χριστὸν
1580 5149 1674 5200 καὶ
1703 5148 1753 5199 τέ

1873 5153 1982 5196 tam
2015 5141 2183 5194 multa
2218 5142 2269 5194 in
2299 5141 2464 5194 veteri
2492 5138 2775 5207 Scriptura
2799 5136 3034 5189 obscura
3075 5130 3447 5184 inveniantur,

185 5256 337 5311 κατὰ
368 5255 623 5327 Χριστὸν,
655 5252 749 5305 καὶ
787 5249 972 5311 ἁπλῶς
1001 5247 1196 5306 εἰπεῖν,
1231 5243 1298 5296 τὰ
1331 5244 1430 5312 τῆς
1461 5241 1584 5303 νέας
1614 5239 1776 5310 χάρι-

187 5365 290 5408 τος
319 5346 682 5418 προετύπουν,
711 5344 807 5396 καὶ
833 5342 902 5395 τὰ
939 5339 1203 5409 ἰδιώματα
1232 5333 1625 5405 τῆςἚϐραῖδος
1657 5333 1775 5384 δια·

1875 5235 1929 5288 in
1963 5247 2132 5287 causa
2165 5244 2292 5286 sunt
2321 5231 2525 5302 ﬁgurae,
2559 5243 2899 5300 qurecunque
2925 5225 3229 5280 Christum,
3268 5218 3449 5270 illius-

1878 5342 1984 5397 que
2016 5329 2286 5390 actiones,
2307 5337 2358 5380 et
2386 5341 2579 5379 novatn
2611 5324 2839 5394 gratiam
2872 5313 3271 5388 praesignabaut
3305 5310 3451 5378 (om.

185 5406 389 5490 λέπτου
424 5434 558 5504 πρὸς
605 5406 702 5502 τὴν
743 5406 1372 5500 ἘλληνίδαίΔιαφόροις
1407 5422 1513 5489 γὰρ
1571 5420 1753 5490 κέχρη

1885 5420 1973 5474 nia
2009 5420 2212 5489 quippe
2243 5419 2356 5473 haec
2411 5433 2529 5486 quze
2563 5417 2627 5468 ad
2664 5413 2908 5484 gentium
2943 5406 3284 5460 vocationem
3322 5414 3448 5469 per-

189 5544 290 5582 ται
317 5528 379 5579 τὸ
433 5525 770 5598 προφητικὸν
801 5524 920 5585 ἔθος
985 5523 1035 5574 εί
1081 5520 1175 5572 καὶ
1227 5517 1300 5587 μὴ
1350 5518 1408 5567 ὲν
1442 5516 1614 5568 πᾶσι·
1650 5529 1778 5566 συν-

1877 5510 2052 5566 tinere
2097 5512 2444 5573 videbantur,
2481 5507 2758 5578 pmphetae
2787 5503 2855 5558 de
2913 5497 3178 5554 industria
3217 5495 3450 5551 obscure

1533 5629 1732 5691 Varite
1772 5629 2100 5692 lectiones.

271 5748 350 5819 (5)
386 5747 756 5819 Scribcndutn
775 5744 1009 5800 fortasse
1039 5740 1208 5819 αὐτῷ.

378 5794 1228 5888 tiE5656"ﬁéﬁitiéﬂagitanti...
1258 5807 1582 5874 ell‘erunlur,
1616 5811 1675 5860 ut
1720 5811 1772 5860 et
1813 5800 1975 5877 paulo
2017 5804 2138 5871 post
2179 5814 2192 5852 :
2237 5794 2384 5850 Vides
2418 5799 2644 5864 quanta,
2676 5797 2786 5844 etc.
