3970 6554
107 470 196 533 65

1300 458 1698 525 COMMENT.
1726 461 1811 523 IN
1852 456 2218 523 PSALMOS.
3333 460 3406 527 66

112 583 275 637 τίνου
332 581 433 636 τοῦ
465 578 725 648 Μεγάλου
773 576 872 648 τὴν
922 573 1202 645 βασιλείαν
1251 572 1554 636 διέποντος.
1581 571 1732 641 Αὕτη

1842 569 2143 624 Maximino
2183 570 2329 625 laeta
2356 578 2462 637 est,
2500 571 2605 627 sub
2653 582 2855 643 magno
2894 572 3231 643 insperatore
3258 573 3409 629 CON-

115 672 352 743 συνᾴδει
390 674 459 743 τῇ
490 671 601 724 τῶν
621 667 1018 739 ἐϐδομήκοντα,
1046 664 1115 718 τά
1139 661 1599 735 περιεφθαρμένα
1618 661 1726 716 τῶν

108 762 308 817 ἀλλων
339 760 638 817 ἁθετοῦσα.
842 786 850 794 -

208 939 436 993 Ἐκεῖνο
471 938 575 1009 μὲν
597 934 692 991 οὖν
723 936 1012 1009 πρόδηλον,
1042 936 1125 990 ὃτι
1160 932 1410 1004 καθάπερ
1451 931 1521 987 τὰ
1556 929 1728 1001 θρέμ-

123 1048 286 1100 ματα
313 1032 431 1093 τοῖς
464 1030 796 1100 αὐλήμασιν,
829 1026 972 1080 οὕτω
1002 1027 1059 1081 δὲ
1109 1027 1203 1079 καὶ⁵
1236 1026 1265 1079 δ
1306 1025 1474 1087 πολὺς
1518 1023 1729 1094 ἄνθρω-

122 1142 230 1188 πος
258 1126 462 1192 ἄγεται
508 1124 602 1176 καὶ
637 1124 884 1177 καλεῖται
929 1122 1139 1191 μέλεσι.
1175 1121 1318 1174 Πολὺ
1345 1120 1401 1173 δὲ
1434 1119 1564 1190 παρ’
1595 1119 1727 1189 ἡμῖν

123 1218 189 1268 τὸ
226 1216 368 1285 θῆλυ
428 1215 523 1268 τοῦ
558 1217 808 1286 ἄρρενος,
832 1216 927 1268 καὶ
961 1214 1061 1267 ούκ
1091 1214 1312 1267 ἔλαττον
1334 1213 1393 1265 τὸ
1429 1212 1609 1279 ἄωρον
1630 1208 1725 1262 τοῦ

125 1308 567 1379 καθεστηκότος,
596 1310 656 1359 τὸ
690 1308 879 1377 ἄγριον
914 1306 1007 1360 τοῦ
1057 1306 1425 1377 ἡμερωτέρου,
1477 1306 1537 1356 τὸ
1563 1303 1728 1355 ἀπαί-

122 1400 321 1453 δευτον
352 1400 451 1454 τοῦ
488 1400 947 1470 πεπαιδευμένου.
984 1401 1092 1452 Καὶ
1121 1400 1178 1453 ἐν
1210 1398 1358 1469 αὐτῷ
1393 1399 1494 1469 μὲν
1523 1398 1600 1468 τῷ
1628 1398 1727 1469 ερ-

130 1494 251 1563 ῥενι
279 1492 344 1542 τὸ
377 1492 479 1560 μὲν
506 1491 723 1554 λογικὸν
755 1492 846 1559 τῆς
873 1489 1056 1560 ψυχῆς
1104 1490 1300 1559 μέρος·
1331 1490 1391 1540 τὸ
1422 1488 1479 1541 δὲ
1530 1489 1725 1555 ἄλογον

129 1582 229 1634 καὶ
266 1582 558 1651 θηριῶδες,
588 1576 665 1635 ὧν
686 1583 904 1635 πάντων
953 1582 985 1650 ἡ
1023 1580 1184 1651 ἡδονὴ
1219 1582 1431 1650 κρατεῖ.
1466 1580 1565 1631 Διὰ
1595 1578 1725 1647 γοῦν

130 1671 307 1724 ταῦτα
337 1676 432 1725 καὶ
490 1672 651 1741 μέλος
696 1673 805 1726 τῶν
833 1672 1085 1741 ψαλμῶν,
1140 1664 1208 1725 δι’
1254 1666 1315 1726 οὗ
1375 1672 1722 1735 συνειλεῖται,

132 1764 397 1833 καθάπερ
450 1765 538 1817 διὰ
592 1765 849 1834 περόνης,
904 1767 1025 1827 ταῖς
1053 1764 1256 1835 ψυχαῖς
1291 1767 1324 1834 ἡ
1379 1766 1483 1817 ἀπὸ
1518 1764 1725 1817 τούτων

131 1856 398 1922 ὠφέλεια.
428 1856 491 1908 τὸ
520 1856 793 1927 αὐστηρὸν
822 1857 931 1909 τῶν
972 1856 1361 1927 πνευματικῶν
1390 1856 1721 1926 φαρμάκων,

130 1948 210 2009 ὡς
244 1948 471 2015 μέλιτός
499 1965 665 2014 τινος,
705 1948 1115 2014 συναλοιοῦντος
1165 1949 1378 2014 τούτου,
1414 1952 1508 2003 καὶ
1556 1966 1724 2003 καταο

138 2040 621 2109 φαρμακεύοντος,
652 2039 750 2093 καὶ
777 2041 893 2103 τοῖς
938 2040 1089 2110 ἡδέσι
1122 2040 1190 2093 τὰ
1222 2039 1478 2111 λυσιτελῆ
1513 2055 1730 2109 παραρ-

130 2132 385 2195 τύοντος.
444 2133 518 2185 Τὸ
558 2132 909 2203 χαριέστερον
973 2133 1082 2203 γὰρ
1128 2132 1297 2202 ἡδέως
1349 2132 1728 2201 ἐγκαταδύνει,

132 2222 235 2274 καὶ
268 2220 653 2292 μονιμώτερον
677 2222 911 2291 γίνεται.
940 2223 1165 2294 Πρῶτον
1193 2223 1293 2293 μὲν
1321 2222 1481 2275 τοῦτο
1508 2221 1603 2276 τοῦ
1636 2223 1732 2292 μέ-

139 2311 268 2374 λους
296 2312 498 2368 αἴτιον.
518 2312 673 2365 Ἐπεὶ
696 2312 752 2366 δὲ
779 2313 867 2393 διὰ
902 2314 996 2385 τῆς
1026 2313 1314 2384 ἀπατηλῆς
1344 2314 1537 2383 ἡδονῆς
1561 2315 1730 2367 ἀπόλ-

143 2402 265 2455 λυσι
298 2403 395 2455 τὸν
444 2402 733 2474 ἄνθρωπον
785 2403 815 2454 ό
878 2401 1091 2473 ἐχθρὸς,
1134 2403 1295 2456 πάλιν
1326 2402 1415 2457 διὰ
1465 2404 1565 2473 τῆς
1602 2403 1731 2457 ἀτέ-

144 2509 275 2562 χνου
301 2494 382 2565 (8)
423 2494 625 2565 ταύτης
648 2495 740 2548 καὶ
761 2494 1107 2567 οἰκονομικῆς
1141 2494 1515 2558 ἀνασώζεσθαι
1542 2494 1731 2549 τοῦτον

135 2586 171 2637 δ
200 2585 339 2647 Θεὸς
384 2588 702 2661 ἐπενόησεν.
751 2586 933 2641 Αἴτιον
983 2587 1077 2641 καὶ
1120 2586 1282 2639 τοῦτο
1334 2585 1590 2657 δεύτερον
1635 2584 1731 2640 τοῦ

146 2673 512 2753 μελίσματος.
544 2660 617 2729 Τὸ
636 2660 693 2729 δὲ
721 2676 923 2749 τρίτον,
955 2678 1038 2731 ὅτι
1067 2677 1144 2748 (9)
1173 2677 1267 2751 καὶ
1295 2676 1514 2747 ἀγάπην
1545 2679 1733 2731 δπινε-

146 2758 343 2829 νόηται
376 2760 473 2814 κάὶ
500 2762 773 2831 ὁμόνοιαν,
817 2763 1006 2836 ὥσπερ
1034 2766 1133 2829 τὰς
1158 2764 1409 2834 γλώσσας
1435 2766 1543 2821 τῶν
1574 2767 1731 2839 ᾀδόν-

146 2866 281 2915 των,
315 2849 461 2904 οὕτω
506 2846 600 2905 καὶ
626 2853 723 2917 τὰς
749 2854 972 2924 γνώμας
1002 2856 1080 2918 είς
1113 2856 1171 2907 ἒν
1202 2857 1453 2923 συνάγειν
1502 2856 1735 2926 δυνάμε-

144 2958 263 3005 νον,
301 2942 401 2995 καὶ
435 2945 880 3016 συναρμολογεῖν,
908 2948 1089 3009 πάσας
1119 2964 1177 3000 τε
1208 2948 1301 3000 καὶ
1330 2947 1567 3019 ἑκάστην
1606 2948 1735 3002 ἐκά-

150 3050 258 3105 στῃ
306 3036 405 3087 καὶ
459 3037 690 3100 πάσαις*
720 3038 772 3091 τί
823 3039 931 3109 γὰρ
962 3038 1134 3101 οὕτως
1160 3038 1277 3090 ἐστὶ
1300 3037 1733 3107 διαλλακτήριον,

144 3126 228 3187 ὡς
266 3123 423 3196 ᾆσμα
455 3129 631 3180 κοινὸν
668 3130 961 3200 ἱκετήριον,
1016 3130 1075 3193 ἐξ
1127 3130 1357 3183 ἑκάστου
1390 3114 1481 3181 και
1516 3130 1733 3184 πάντων

150 3216 299 3285 ὑπὲρ
322 3218 552 3274 ἑκάστου
582 3219 679 3273 καὶ
711 3221 929 3274 πάντων
959 3221 1398 3291 ἀναφερόμενονς
1434 3222 1542 3273 Καὶ
1566 3223 1734 3292 χωρὶς

146 3308 209 3361 δὲ
234 3313 463 3377 τούτων,
504 3314 700 3385 πολλὴν
722 3314 835 3384 ἔχει
860 3314 920 3366 τὸ
956 3314 1117 3384 μέλος
1146 3314 1373 3383 δύναμιν
1408 3315 1545 3385 πρὸς
1573 3316 1737 3385 ἤθους

154 3404 525 3473 κατασκευὴν,
550 3406 581 3476 ἢ
608 3405 999 3474 ἐπανόρθωσιν,
1035 3406 1398 3475 μεταλλάττον
1432 3408 1523 3459 καὶ
1544 3406 1739 3477 ῥυθμί-

153 3493 248 3553 ζον
282 3494 447 3545 αὐτό·
506 3495 822 3564 σωφρονικὰ
846 3513 905 3547 τε
954 3496 1062 3565 γὰρ
1096 3496 1244 3567 παρὰ
1284 3501 1394 3560 τοῖς
1451 3498 1740 3567 ἀρχαιοτέ-

158 3602 275 3654 ροις
306 3582 450 3638 εἶναι
492 3587 602 3659 (10)
640 3588 798 3657 μέλη,
852 3589 948 3642 καὶ
977 3589 1287 3642 τούναντίον
1336 3591 1577 3660 ἐρωτικὰ
1598 3629 1613 3654 ,
1644 3592 1738 3643 καὶ

154 3677 285 3728 πολε
296 3679 525 3747 μοποιὰ,
562 3682 657 3734 καὶ
684 3668 960 3752 εἰρηνικά,
1013 3681 1107 3734 καὶ
1133 3680 1374 3752 λυπηρά,
1407 3684 1499 3735 καὶ
1524 3682 1740 3752 χαρίεν-

152 3784 243 3831 τα,
288 3770 388 3820 καὶ
423 3772 753 3839 ρωννύοντα,
807 3773 901 3825 καὶ
933 3772 1301 3843 ἀμϐλύνοντα.
1333 3776 1502 3828 Φασὶν
1534 3775 1615 3828 ὅτι
1641 3776 1737 3827 καὶ⁵

153 3859 507 3931 Πυθαγόρας,
544 3864 829 3934 μειράκιον
858 3852 1103 3930 ἐκτόπως
1136 3865 1299 3938 ἐρῶν,
1354 3867 1737 3938 μεταστρέψας

154 3953 246 4004 τὸν
292 3954 477 4019 αὐλὸν,
530 3957 861 4029 μετέστρεφε
906 3962 1001 4012 καὶ
1050 3959 1145 4011 τοῦ
1190 3958 1422 4029 έρωτος·
1462 3960 1555 4013 καὶ
1607 3958 1737 4013 ἄλλο

158 4044 304 4113 μετὰ
342 4044 526 4113 ξίφους
556 4044 744 4118 ὁρμῶν
767 4049 1040 4114 ἐξέλυσεν.
1070 4050 1130 4102 Ὀ
1160 4034 1216 4103 δὲ
1242 4050 1502 4120 Τιμόθεος
1532 4049 1736 4120 μεταξὺ

155 4137 440 4225 τραπέζης
482 4136 576 4191 καὶ
618 4130 811 4211 ἡδονῆς
842 4141 931 4193 τὸν
986 4141 1149 4211 νόμον
1212 4141 1350 4212 ᾅσας
1390 4142 1483 4194 τὸν
1530 4140 1734 4212 ὄρθιον,

155 4228 249 4280 τὸν
299 4228 471 4298 θυμὸν
498 4231 685 4302 ἤγειρε
723 4232 817 4285 τοῦ
858 4232 1207 4297 Μακεδόνος,
1262 4226 1359 4284 καὶ
1412 4233 1737 4303 ἁρπάσαντα

158 4319 259 4388 τὴν
296 4321 499 4392 σκευὴν
529 4322 875 4391 ἀναπηδῆσαι
911 4322 1205 4391 πεποίηκε.
1236 4321 1393 4377 Οὕτω
1422 4322 1554 4391 γοῦν
1579 4323 1736 4393 ἡμῶν

161 4409 196 4476 ἡ
226 4407 390 4475 φύσις
413 4410 626 4473 οἰκείως
650 4400 763 4481 ἔχει
800 4397 932 4482 πρὸς
961 4412 1028 4464 τὰ
1059 4412 1195 4482 μέλη
1218 4410 1328 4465 τῶν
1350 4413 1610 4483 ᾀσμάτων
1641 4413 1736 4465 καὶ

160 4496 352 4567 ἡδέως,
389 4498 464 4562 ὡς
491 4492 583 4552 καὶ
616 4500 683 4553 τὰ
720 4502 1004 4572 ὑπομάζια
1033 4502 1223 4555 παιδία
1258 4501 1738 4573 κλαυθμυριζόμε-

1831 666 2099 719 stantino.
2133 663 2260 717 Hac
2282 678 2411 717 cum
2437 662 2581 715 LXX
2617 663 2977 733 Interpretum
2999 664 3241 720 editione
3271 676 3412 721 cort-

1832 756 2024 821 sentit,
2053 764 2111 810 et
2138 770 2262 826 qua:
2292 754 2362 809 ab
2396 754 2523 809 aliis
2543 755 2837 825 depravata
2868 754 3111 822 fuerant,
3139 759 3409 828 reproba-

1830 846 1927 901 νιι.

1902 936 2043 993 Illud
2104 942 2290 994 autem
2353 937 2617 993 omnibus
2676 937 3027 994 manifestum
3082 949 3202 1006 est,
3263 942 3410 1011 quod

1829 1031 2298 1099 quemadmodum
2356 1031 2549 1102 greges
2614 1030 2838 1095 ﬁstula,
2889 1033 2971 1086 sic
3033 1034 3195 1088 etiam
3252 1037 3409 1090 multi

1828 1121 2114 1176 hominum
2148 1130 2387 1192 aguntur
2440 1132 2493 1174 ct
2524 1122 2833 1176 mulcentur
2860 1125 3195 1180 carminibus
3226 1142 3240 1178 :
3270 1127 3415 1181 inter

1829 1213 2083 1266 homines
2117 1220 2305 1266 autem
2350 1212 2523 1265 multo
2580 1212 2754 1281 magis
2813 1214 3012 1267 femina
3071 1230 3234 1284 quam
3274 1218 3403 1282 vir;

1828 1317 1932 1357 nec
1968 1303 2153 1357 minus
2181 1302 2346 1356 etiam
2383 1305 2430 1357 is
2461 1303 2555 1372 qui
2584 1305 2885 1358 immatura
2908 1314 2992 1360 est
3025 1306 3222 1372 matis,
3247 1322 3415 1377 quam

1833 1394 1927 1464 qui
1998 1393 2156 1450 senio
2241 1393 2567 1462 suntlectus;
2647 1402 2741 1448 aut
2813 1397 2909 1464 qui
2976 1394 3217 1451 ferocior
3289 1407 3414 1466 est,

1830 1500 1994 1555 quam
2057 1485 2150 1555 qui
2212 1486 2442 1552 mitior;
2508 1496 2601 1540 aut
2640 1486 2818 1541 .docto
2872 1486 3192 1545 indoctior:
3241 1501 3295 1546 et
3356 1493 3415 1548 in

1828 1575 1946 1643 ipso
1985 1575 2207 1643 quidem
2259 1577 2480 1629 homine
2551 1576 2657 1630 alia
2720 1585 2807 1631 est
2867 1578 3154 1635 rationalis
3216 1583 3417 1636 anima:

1828 1682 1953 1736 pars
2011 1680 2067 1722 et
2124 1669 2229 1723 alia
2288 1669 2629 1723 irrationalis
2690 1683 2754 1723 ac
2805 1669 3009 1737 ferina,
3046 1688 3186 1741 quas
3223 1688 3417 1731 omnes

1831 1769 2010 1813 tamen
2057 1760 2311 1829 voluptas
2352 1761 2525 1814 vincit
2560 1776 2623 1814 ac
2662 1768 2907 1830 superat.
2962 1764 3075 1818 Hac
3131 1765 3297 1833 igitur
3347 1767 3419 1822 de

1834 1852 2399 1921 causa'psahnorum
2455 1860 2653 1907 cantus
2725 1853 3073 1911 introductus
3137 1864 3263 1923 est,
3320 1873 3421 1929 per

1757 1925 1991 2013 “quem
2052 1944 2283 2010 utilitas,
2346 1959 2467 2015 qua:
2526 1944 2597 1999 ab
2650 1946 2786 2012 ipsis
2840 1946 3076 2015 psalmis
3135 1925 3417 2019 provenit,

1834 2035 2092 2091 humanis
2130 2036 2331 2092 animis
2379 2036 2548 2091 veluti
2596 2050 2692 2106 per
2723 2035 2943 2091 ﬁbulam
2983 2039 3277 2108 quamdam
3314 2042 3418 2095 ad-

1836 2126 2074 2182 nectitur
2114 2137 2167 2181 et
2194 2127 2551 2198 conjungitur
2583 2147 2597 2184 :
2641 2128 2765 2198 ipso
2797 2128 3016 2183 scilicet
3044 2138 3232 2197 cantu,
3260 2131 3419 2201 quasi

1835 2219 1991 2275 melle
2022 2220 2281 2291 quodam,
2327 2220 2599 2276 alterante
2646 2234 2710 2276 ac
2750 2221 3071 2277 moderante
3101 2223 3415 2292 Spiritualis

1834 2312 2125 2367 medicina:
2162 2313 2587 2377 austeritatem,-
2645 2320 2699 2369 et
2759 2313 2913 2367 utilia
2965 2314 3217 2369 dulcibus
3274 2323 3417 2371 con-

1833 2404 2039 2460 diente.
2077 2402 2213 2460 Nam
2251 2404 2396 2475 quod
2434 2414 2652 2476 gratum
2699 2415 2806 2469 est,
2848 2405 2900 2458 id
2946 2405 3245 2474 jucundius
3274 2407 3417 2462 reci-

1835 2497 1984 2569 pitur
2007 2508 2061 2552 et
2089 2497 2436 2553 constantius
2460 2496 2749 2552 retinetur.
2780 2495 2906 2551 Haec
2931 2506 3017 2552 est
3053 2497 3217 2567 igitur
3240 2497 3418 2567 prima

1833 2596 2030 2645 cantus
2063 2589 2223 2644 ratio.
2261 2585 2514 2644 Secunda
2546 2602 2677 2642 vero
2709 2588 2802 2643 illa
2840 2597 2924 2643 est
2956 2604 2970 2642 :
3004 2587 3132 2658 quia
3164 2586 3314 2669 inani
3352 2602 3420 2643 ac

1838 2680 1969 2736 falsa
2012 2680 2312 2750 voluptate.
2349 2680 2565 2735 damon
2611 2679 2891 2735 hominem
2937 2678 3273 2748 perdiderat,
3315 2696 3416 2736 co-

1835 2772 2033 2842 gitavit
2070 2772 2212 2828 Deus
2250 2785 2345 2841 per
2384 2770 2657 2836 eamdem,
2711 2770 3013 2825 artiﬁciose
3068 2770 3417 2841 dispositam,

1836 2864 1990 2919 illum
2024 2878 2223 2919 rursus
2272 2862 2506 2919 salvere.
2556 2861 2769 2927 Tertio,
2823 2869 3024 2916 cantus
3073 2862 3140 2916 ad
3170 2868 3417 2918 mutuam

1837 2955 2188 3011 concordiam
2227 2963 2281 3010 et
2334 2954 2685 3009 dilectionem
2738 2955 3005 3009 inventus
3049 2965 3177 3009 est:
3229 2963 3421 3024 utpote

1838 3047 1930 3116 qui
1962 3047 2156 3117 possit,
2190 3056 2249 3101 ut
2280 3045 2597 3100 canentium
2638 3059 2826 3109 voces,
2865 3045 2937 3098 ita
2971 3051 3025 3099 ct
3068 3059 3259 3099 eorum
3301 3048 3422 3101 ani-

1839 3153 1980 3201 mos,
2014 3137 2069 3191 in
2113 3151 2281 3190 unum
2310 3148 2659 3205 componere.
2692 3133 2832 3198 Ouid
2872 3136 3017 3188 enim
3055 3145 3141 3189 cst
3166 3138 3311 3206 quod
3346 3139 3419 3192 ita

1842 3227 2160 3282 inimicitias
2200 3234 2448 3294 generet.
2485 3233 2544 3280 ut
2591 3235 2793 3281 cantus
2831 3227 3130 3281 amicitiam
3180 3238 3234 3282 et
3266 3243 3422 3282 amo-

1845 3334 1957 3372 rem
1987 3316 2298 3371 conciliat?
2332 3316 2425 3370 ille
2461 3316 2716 3371 videlicet
2755 3326 2969 3381 cantus,
3010 3318 3102 3387 qui
3134 3333 3162 3372 a
3192 3320 3422 3389 singulis
3480 3302 3493 3319 ’

1843 3416 2008 3479 atque
2050 3409 2118 3461 ab
2160 3406 2447 3469 omnibus,
2499 3420 2601 3475 pro
2648 3406 2883 3473 singulis
2932 3418 2986 3460 et
3025 3423 3122 3475 pro
3161 3410 3421 3464 omnibus

1842 3501 2207 3556 communiter
2247 3499 2478 3554 offertur
2532 3497 2663 3552 Deo.
2702 3496 2832 3569 [Aut
2866 3500 3116 3567 quisnam
3151 3501 3286 3554 adeo
3335 3507 3422 3555 est

1842 3593 2069 3647 immitis
2093 3599 2146 3646 et
2175 3591 2349 3654 ferox,
2375 3591 2470 3659 qui
2496 3588 2648 3644 illum
2680 3590 2855 3659 possit
2888 3590 3168 3644 inimicum
3194 3591 3419 3657 ducere,

1842 3697 2002 3751 quem
2061 3683 2201 3736 sciat
2233 3682 2397 3736 Deum
2436 3694 2534 3748 pro
2564 3695 2623 3736 se
2652 3679 2895 3749 placasse
2912 3678 2956 3750 ‘3]
3019 3679 3239 3733 Multam
3281 3696 3422 3749 pra:-

1844 3782 1988 3828 terea
2025 3773 2131 3826 vim
2181 3771 2466 3826 harmonia
2510 3772 2671 3824 habet
2732 3779 2786 3824 et
2840 3779 3057 3833 Cantus,
3102 3780 3159 3824 ut
3210 3771 3421 3839 possint

1841 3870 1895 3917 et
1923 3863 2098 3917 bonos
2120 3876 2301 3917 mores
2335 3875 2560 3932 parare,
2603 3868 2657 3914 et
2708 3858 2981 3924 labantes,
3031 3869 3126 3914 aut
3178 3860 3421 3929 perditos

1841 3952 2098 4022 dirigere,
2151 3959 2316 4022 atque
2369 3952 2425 4005 in
2488 3950 2688 4005 melius
2741 3964 3093 4019 componere.
3165 3949 3420 4019 Legimus

1841 4040 2009 4096 ctiam
2043 4040 2188 4110 apud
2229 4041 2488 4110 antiquos
2540 4046 2822 4104 auctores,
2864 4038 3019 4092 varia
3066 4036 3242 4092 fuisse
3290 4053 3422 4092 can-

1842 4142 1996 4188 tuum
2032 4146 2257 4203 genera.
2288 4133 2364 4186 ita
2400 4138 2457 4184 ut
2493 4131 2582 4184 alii
2621 4130 2757 4184 casti
2792 4137 2980 4184 essent
3022 4138 3076 4183 et
3110 4131 3419 4198 temperati,

1838 4224 1931 4279 alii
1972 4223 2250 4289 amatorii,
2301 4222 2394 4277 alii
2435 4223 2602 4277 etiam
2643 4220 2848 4286 bellici,
2885 4220 2966 4277 sic
3002 4228 3056 4274 et
3104 4222 3318 4290 paciﬁci
3365 4229 3423 4275 et

1839 4316 2021 4371 mmsti
2074 4330 2138 4369 ac
2197 4314 2506 4385 lugubres:
2560 4314 2651 4367 alii
2704 4313 2939 4383 denique
2992 4313 3181 4378 robur,
3239 4322 3294 4367 et
3326 4313 3418 4366 alii

1841 4409 2231 4466 hebetudinem
2260 4414 2606 4478 praestantes.
2645 4408 2815 4460 Aiunt
2854 4406 2998 4460 enim
3034 4405 3415 4476 Pythagoram,

1840 4501 2203 4556 adolescentis
2261 4498 2553 4552 immodice
2615 4497 2898 4561 amantis,
2976 4497 3199 4551 mutatis
3273 4497 3417 4551 tibia:

162 4607 249 4651 να,
302 4590 513 4653 τούτοις
558 4593 653 4644 καὶ
694 4592 877 4660 μόνοις
925 4578 1444 4661 κατακοιμίζεσθαι⁸
1495 4592 1732 4665 κατεπᾷ-

1841 4592 2037 4656 modis,
2095 4604 2335 4643 amorem
2384 4589 2548 4644 simul
2590 4595 2854 4652 mutasse,
2909 4596 2963 4640 et
3013 4587 3178 4639 alium
3236 4586 3420 4655 gladio

162 4675 309 4731 δουσι
337 4680 447 4749 γὰρ
475 4680 696 4750 ᾄσματα
727 4682 951 4735 παιδικά
979 4682 1193 4745 τούτοις
1214 4684 1268 4735 αἱ
1296 4682 1494 4745 τίτθαι,
1542 4683 1637 4736 καὶ
1668 4682 1736 4735 δι’

163 4768 340 4820 αὐτῶν
364 4772 815 4841 κατακοιμίζουσι
839 4773 905 4825 τὰ
938 4774 1206 4842 βλέφαρα.
1226 4774 1335 4827 Καὶ
1366 4773 1633 4845 ὁδοιπόροι
1655 4775 1736 4839 δὲ,

166 4860 422 4923 πολλάκις
454 4864 594 4916 κατὰ
630 4865 977 4935 μεσημϐρίαν
1018 4864 1354 4927 ἐλαύνοντες,
1384 4864 1592 4935 ᾄσμασι
1636 4883 1739 4917 πα·

167 4951 531 5022 ραμυθοῦνται
563 4954 661 5023 τὴν
679 4954 741 5007 ἐκ
762 4954 861 5024 τῆς
876 4954 1184 5026 ὁδοιπορίας
1206 4953 1597 5024 ταλαιπωρίαν.
1624 4955 1735 5009 Καὶ

166 5045 503 5115 χειροτέχναι
559 5044 757 5106 πάντες
808 5044 1169 5117 ἐργαζόμενοι
1218 5046 1471 5117 ᾄδουσιν,
1525 5045 1602 5108 ὡς
1634 5046 1734 5116 τῆς

162 5136 331 5207 ψυχῆς
352 5136 432 5206 τῷ
463 5135 618 5206 μέλει
650 5136 1041 5208 κυκλουμένης,
1073 5137 1167 5191 καὶ
1200 5128 1332 5208 ῥᾷον
1362 5135 1634 5209 φερούσης
1664 5136 1736 5191 τὰ

163 5227 365 5300 ὀχληρά
397 5229 493 5283 καὶ
522 5228 775 5284 ἐπίπονα.
823 5232 931 5283 Καὶ
958 5230 1011 5283 τί
1039 5230 1119 5284 δεῖ
1145 5230 1328 5299 λέγειν
1359 5230 1619 5301 περὶτῶν
1651 5229 1739 5282 λο-

164 5323 367 5388 γικῶνς
406 5324 547 5377 ὅπου
604 5339 667 5391 γε
718 5323 811 5377 καὶ
857 5324 1013 5378 ἵπποι
1052 5324 1352 5392 σάλπιγγος
1385 5324 1485 5394 μὲν
1513 5323 1739 5378 ἁκούονο

162 5430 270 5479 τες,
294 5404 431 5486 πρὸς
464 5416 702 5487 πόλεμον
731 5416 1140 5484 εὐτρεπίζονται
1158 5434 1173 5449 ο
1200 5417 1493 5488 θρέμματα
1513 5416 1570 5470 δὲ
1622 5419 1743 5478 ταῖς

168 5504 407 5576 σύριγξιν
456 5508 706 5576 ἕπονται,
755 5508 850 5562 καὶ
898 5509 1025 5578 τόγε
1081 5508 1244 5563 πλέον
1286 5511 1601 5580 τέρπονται,
1640 5510 1735 5561 καὶ

1839 4679 2174 4735 insilientem
2204 4679 2320 4747 pari
2365 4677 2529 4731 modo
2566 4677 2830 4731 molliisse
2865 4690 2929 4730 ac
2959 4675 3368 4744 couipcscuisse
3399 4691 3419 4733 :

1840 4783 1894 4826 et
1940 4769 2293 4827 Timotheum
2341 4771 2395 4823 in
2444 4783 2626 4833 caena,
2659 4775 2827 4837 atque
2881 4768 3025 4822 inter
3084 4770 3419 4836 voluptates,

1841 4848 1973 4917 dum
2018 4871 2245 4918 cantum
2288 4861 2578 4932 quemdam
2609 4868 2853 4924 caneret,
2886 4859 2979 4929 qui
3012 4857 3241 4913 Orthius
3271 4858 3423 4912 dice-

1844 4956 2034 5021 batur,
2068 4955 2312 5009 animum
2341 4952 2526 5008 ferunt
2572 4952 2889 5007 Macedonis
2936 4952 3211 5005 excitasse
3252 4957 3420 5017 atque

1843 5049 2115 5114 eliecisse,
2161 5055 2240 5113 ut,
2275 5053 2495 5116 arrepta
2522 5054 2826 5107 armatura,
2869 5042 3121 5112 protinus
3152 5040 3417 5094 exsiliret.

1842 5139 1995 5195 Adeo
2026 5138 2175 5195 enim
2209 5138 2451 5192 humana
2479 5149 2673 5192 natura
2704 5136 2961 5190 cautibus
2989 5132 3281 5188 familiaris
3311 5140 3417 5194 est,

1844 5233 2035 5302 eisque
2068 5230 2391 5296 delectatur,
2432 5239 2492 5283 ut
2528 5229 2808 5299 vagientes
2852 5228 3017 5282 etiam
3066 5224 3303 5279 infantes
3336 5223 3421 5278 his

1845 5323 1979 5378 solis
2031 5331 2474 5392 compescantur.
2512 5319 2733 5375 Canunt
2772 5318 2975 5388 quippe
3018 5315 3126 5369 illis
3173 5312 3418 5367 nutrices

1846 5412 2086 5483 pueriles
2142 5412 2374 5476 nenias,
2426 5412 2627 5481 quibus
2675 5424 2867 5463 eorum
2912 5406 3055 5459 oeuli
3102 5404 3414 5472 sopiuntur.

1854 5503 2111 5560 Viatores
2170 5512 2459 5575 praeterea,
2510 5504 2710 5573 saepius
2740 5502 2809 5554 de
2845 5497 3021 5552 inedia
3059 5496 3149 5551 die
3184 5495 3418 5567 fatigati,

1507 5662 1702 5725 Variaa
1735 5656 2067 5722 lectiones.

241 5817 313 5886 (8)
338 5820 424 5873 ῖσ.
453 5820 729 5887 ὲντέχνου,
756 5823 890 5887 utet
922 5812 1150 5887 Latinus
1184 5814 1313 5884 legit
1348 5814 1633 5885 interpres.

242 5885 313 5953 (9)
346 5892 435 5944 to.
466 5891 550 5945 ὃτι
582 5885 684 5952 εἰς,
707 5886 928 5956 exploso
960 5885 1073 5938 καί.

1926 5809 2039 5883 (10)
2059 5805 2453 5883 Δῐ)ςεεὶ‹1ειι;ιιιιιιι,
2492 5804 2575 5858 vel
2616 5804 2765 5861 certe
2813 5804 3138 5883 subapditur
3173 5799 3418 5868 verbum,

1854 5872 1963 5950 quo
1992 5872 2235 5935 inﬁnitus
2268 5872 2406 5930 εἶναι
2444 5885 2684 5942 rogatur.
2908 5878 2918 5887 '
