3970 6596
557 461 629 527 οτ
1788 446 2139 511 EUTHYMI

2250 444 2585 508 llGABlLNI
3722 452 3729 457 ’
3753 449 3842 511 68

548 575 769 635 itineris
815 571 1082 635 laborem,
1125 577 1292 624 cantu
1340 578 1406 622 ac
1448 564 1697 622 carmine
1737 565 2117 621 consolantur.

2250 562 2503 616 τιαιονται
2528 577 2544 591 '
2586 560 2802 625 πολλοῖς
2850 560 2909 615 δὲ
2942 563 3037 616 καὶ
3066 563 3340 636 θέλγητρα
3391 563 3570 618 ταῦτα
3604 564 3840 636 (θηρῶν,

546 669 755 726 Omnes
806 666 972 722 etiam
1026 661 1270 717 artiﬁces
1318 659 1600 729 operando
1659 665 1908 723 cantant,
1957 656 2119 727 quasi

2250 655 2323 708 ιαὶ
2362 654 2647 724 θήρατρα·
2680 653 2777 708 καὶ
2808 652 2903 723 ὅγε
2935 656 3272 726 μονόκερως,
3328 656 3527 727 μέλους
3559 658 3658 713 καὶ
3682 657 3841 712 κάλ-

544 756 825 829 operautis
873 754 1091 809 animus
1122 750 1365 806 carmine
1399 750 1735 814 mulceatur,
1776 756 1835 805 et
1883 748 2130 804 came

2250 757 2358 810 tau;
2382 745 2648 815 λάφυρον.

544 850 759 904 facilius
787 850 1066 903 molestias
1110 860 1302 900 omnes
1348 844 1587 914 perierat
1623 858 1688 898 ac
1735 843 1975 897 labores.
2046 839 2152 896 Sed
2229 840 2360 911 quid
2428 855 2569 910 opus
2631 848 2718 895 est
2783 838 3080 895 rationales
3145 841 3398 899 homines
3474 855 3829 911 percensere

539 940 760 1010 quando
807 937 1148 993 irrationalia
1185 938 1325 1007 ipsa,
1364 936 1494 1006 equi
1536 936 1824 997 nimirum,
1879 933 2009 989 tuba
2049 933 2116 988 ad
2157 934 2403 1003 praelium
2437 940 2721 1004 parentur,
2778 941 2834 987 ct
2860 947 2991 988 oves
3033 933 3272 989 ﬁstulam
3335 949 3665 1006 sequantur,
3755 951 3836 991 ac

544 1038 678 1086 tunc
774 1030 952 1100 magis
1011 1029 1283 1098 gaudeant
1341 1036 1396 1082 et
1448 1028 1851 1099 pinguescant?
1901 1036 1958 1082 et
2017 1025 2151 1081 feris
2190 1025 2380 1081 multis
2430 1034 2626 1081 cantus
2681 1041 2737 1082 et
2799 1027 3069 1093 carmina,
3134 1028 3334 1082 solatio
3380 1029 3536 1095 sint,
3625 1028 3844 1085 multis

540 1144 606 1184 ea
636 1127 747 1182 sint
771 1141 870 1197 pro
894 1125 1089 1196 plagis,
1125 1131 1220 1178 aut
1250 1123 1501 1194 laqueis?
1526 1123 1645 1194 ipse
1674 1123 1945 1195 siquidem
1988 1121 2277 1178 unicornis
2308 1123 2719 1192 pulchritudine
2753 1139 2819 1179 ac
2845 1130 3012 1178 cantu
3043 1134 3360 1194 superatur.

619 1221 825 1277 Verum
859 1222 893 1275 ii
921 1222 1015 1290 qui
1054 1220 1237 1276 divina
1271 1219 1491 1274 doctius
1518 1233 1582 1273 ac
1619 1219 1913 1275 sublimius
1950 1218 2123 1273 inter-

2316 1220 2459 1275 Ἀλλ’
2515 1220 2633 1288 οἶγε
2687 1221 2755 1274 τά
2826 1221 2947 1275 θεῖα
2998 1221 3340 1292 κομψότερον
3392 1222 3844 1293 ἑρμηνεύοντες,

526 1315 746 1385 pretati
776 1321 928 1376 sunt,
958 1313 1115 1367 aiunt
1159 1325 1255 1382 per
1290 1318 1512 1366 cantum
1544 1311 1869 1381 organicum
1900 1308 2127 1366 concin-

2250 1314 2390 1384 ρασὶ,
2421 1313 2508 1366 διὰ
2530 1312 2624 1366 τοῦ
2653 1311 2949 1384 ὀργανικοῦ
2988 1314 3187 1383 μέλους
3217 1315 3315 1382 τὴν
3351 1314 3661 1384 ἐμμέλειαν
3692 1316 3877 1393 ὕπο-ξ

545 1407 767 1460 nitatem
793 1406 988 1459 anima:
1015 1404 1336 1475 signiﬁcari.
1367 1403 1576 1458 Animae
1606 1413 1790 1459 autem
1835 1401 2126 1458 concinni-

2250 1404 2603 1475 τημαῐνεσθαι
2653 1405 2756 1473 τῆς
2785 1404 2987 1477 ψυχῆς.
3040 1405 3396 1476 Μουσουργία
3428 1407 3487 1459 δὲ
3526 1407 3741 1476 ψυχῆς,
3804 1410 3843 1474 ἡ

543 1510 629 1553 tas
658 1507 743 1552 est
771 1497 1138 1551 consonantia
1170 1492 1419 1566 quaedam
1456 1504 1511 1551 et
1556 1502 1857 1551 concentus
1902 1494 2121 1548 illarum

2250 1498 2344 1552 τῶν
2394 1499 2541 1553 ἔνδον
2567 1498 2740 1568 αὐτῆς
2777 1499 2959 1569 μερῶν
2992 1498 3308 1567 συμφωνία,
3343 1498 3471 1568 περὶ
3494 1495 3563 1569 ἦς
3589 1498 3847 1568 ἐροῦμεν

528 1588 784 1656 partium
817 1594 871 1642 et
901 1587 1270 1656 potentiarum
1315 1601 1439 1657 quae
1480 1586 1625 1640 intra
1656 1586 1898 1640 animam
1936 1592 2071 1640 sunt
2106 1603 2122 1639 :

2250 1589 2591 1661 πλατύτερον.
2630 1588 2927 1658 Συμφωνία
2980 1589 3089 1658 γάρ
3125 1589 3274 1641 ἐστιν
3303 1590 3543 1659 ἁρμονία
3572 1589 3741 1659 διαφε
3755 1608 3851 1657 ρο-

545 1679 616 1735 de
637 1694 744 1749 qua
776 1679 942 1733 latius
983 1678 1256 1733 dicemus.
1289 1677 1667 1733 Cousonantia
1701 1676 1847 1732 enim
1887 1684 1974 1731 est
2004 1678 2130 1731 har-

2250 1682 2409 1736 ιὲνων
2447 1683 2565 1752 μὲν,
2597 1680 3007 1752 ὁμολογούντων
3047 1680 3143 1733 δέ’
3181 1681 3341 1733 τοῦτο
3381 1681 3442 1733 δὲ
3479 1682 3633 1735 ἐστιν
3675 1682 3843 1745 ἰδεῖν,

530 1772 731 1826 monia
763 1785 946 1825 rerum
979 1770 1346 1825 diﬂerentium
1390 1771 1612 1841 quidem
1642 1786 1739 1841 per
1767 1783 1912 1836 sese,
1945 1769 2042 1825 sed
2071 1769 2126 1824 in

2250 1775 2359 1827 Statu
2403 1775 2453 1826 oi
2498 1772 2779 1833 κάλλιστοι
2809 1770 2917 1823 τῶν
2967 1769 3299 1839 συμφωνιῶν
3330 1768 3482 1838 λόγοι
3529 1775 3646 1834 τοῖς
3676 1772 3848 1825 ενδίν

546 1879 714 1919 unam
742 1871 931 1932 postea
953 1864 1424 1919 consentientium
1451 1873 1508 1919 et
1531 1863 1983 1918 convenientium
2007 1875 2126 1915 mc-

2250 1865 2330 1934 τῆς
2357 1864 2537 1935 ψυχῆς
2557 1863 2780 1933 μέρεσιν
2809 1863 3189 1931 ὲφαρμόσωσι,
3217 1862 3311 1914 καὶ
3331 1864 3392 1916 τὸ
3426 1864 3525 1932 μὲν
3549 1865 3650 1935 τὴν
3673 1865 3848 1935 πρώο

546 1956 770 2011 lodiam.
801 1954 914 2010 Hoc
942 1963 1125 2009 autem
1161 1955 1346 2010 videre
1372 1955 1584 2019 licebit,
1616 1956 1837 2025 quando
1860 1955 2132 2025 praecipue

2250 1972 2334 2027 την
2362 1956 2459 2027 ἔχῃ
2488 1956 2664 2022 τάξιν,
2702 1953 2799 2008 καὶ
2824 1954 2985 2024 μόνον
3014 1954 3180 2025 ἄρχῃ.
3224 1953 3372 2022 λέγω
3404 1954 3461 2007 δὲ
3489 1956 3550 2008 τὸ
3575 1957 3844 2024 λογιστι-

555 2050 1047 2105 consonantiarum
1078 2050 1341 2112 rationes.
1376 2048 1735 2105 interioribus
1769 2051 1970 2103 anima:
2004 2062 2131 2117 par-

2250 2048 2332 2102 ιόν
2354 2064 2369 2078 ·
2401 2048 2464 2100 τὺ
2482 2047 2539 2100 δὲ
2563 2046 2665 2118 τὴν
2692 2046 2885 2117 μέσην,
2917 2039 3030 2098 οἷον
3060 2046 3122 2098 τὸ
3147 2045 3399 2116 θυμικὸν,
3419 2046 3527 2099 ὑπὸ
3547 2046 3643 2100 τοῦ
3672 2047 3846 2117 πρώ-

549 2140 698 2193 tihns
725 2140 1087 2210 congruerint
1120 2156 1134 2193 :
1169 2147 1224 2194 et
1276 2140 1428 2195 aliud
1484 2139 1703 2207 quidem
1747 2141 1802 2194 in
1852 2139 2031 2211 primo
2061 2140 2133 2194 sit

2250 2159 2330 2196 του
2366 2142 2469 2212 μὲν
2500 2141 2827 2212 ἀρχόμενον,
2853 2139 3019 2210 ἄρχον
3059 2138 3116 2191 δὲ
3162 2137 3257 2190 τοῦ
3294 2137 3609 2192 τελευταίου
3633 2155 3648 2168 ⁸
3678 2136 3747 2193 τὸ
3778 2141 3845 2192 δὲ

548 2228 767 2292 ordine,
798 2238 851 2282 cl
882 2228 1261 2282 tantummodo
1289 2230 1546 2298 imperet,
1606 2243 1883 2299 nunquam
1930 2230 2138 2284 serviat

549 2322 896 2391 (rationalem
916 2330 1120 2389 partem
1152 2318 1321 2388 dco),
1355 2318 1501 2374 aliud
1526 2330 1709 2373 autem
1741 2320 1893 2389 (pars
1922 2320 2137 2375 scilicet

548 2412 876 2481 irascibilis)
939 2411 1178 2466 medium
1233 2413 1412 2466 locum
1470 2410 1691 2477 haheat,
1736 2422 1793 2467 et
1841 2421 2068 2483 regatur
2104 2426 2135 2466 a

552 2504 752 2572 prium,
788 2505 965 2573 ipsum
996 2512 1179 2559 autem
1214 2504 1509 2575 posteriori
1541 2504 1806 2581 imperet:
1832 2505 1980 2574 quod
2005 2519 2136 2559 vero

550 2603 858 2652 extremum
905 2604 1054 2652 tenet
1101 2596 1312 2658 locum,
1376 2610 1509 2666 pars
1559 2596 1632 2650 sit
1669 2597 2135 2665 concupiscihills,

551 2704 674 2756 quae
707 2695 921 2741 tantum
972 2697 1185 2756 pareat,
1238 2700 1518 2756 nunquam
1581 2687 1836 2757 imperet.
1875 2687 2031 2743 Tttnc
2058 2689 2138 2743 si-

553 2779 776 2849 quidem
803 2780 1000 2833 anitnaa
1043 2779 1413 2834 consonantia
1466 2779 1707 2833 inveniri
1763 2780 1968 2846 poterit
2024 2781 2140 2853 (ra-

553 2873 779 2927 tionalis
808 2872 935 2925 dico
966 2872 1135 2940 partis
1158 2872 1225 2925 ad
1251 2870 1635 2942 irascibilem),
1667 2881 1726 2926 ut
1752 2873 1875 2941 ejus
1892 2873 2132 2940 chordae,

554 2977 678 3033 qua:
710 2960 934 3032 Hypatae
964 2960 1187 3023 dicitur,
1228 2960 1296 3014 ad
1332 2960 1537 3016 Mosen.
1570 2960 1722 3017 lianc
1750 2963 1896 3016 enim
1934 2976 2134 3033 supre-

558 3068 701 3108 mam
746 3062 800 3107 et
848 3052 1231 3121 gravissimam
1261 3065 1449 3107 vocem
1479 3053 1773 3121 appellant,
1803 3067 1925 3123 qua
1958 3062 2144 3109 servat

556 3145 978 3200 consonantiam
1015 3143 1359 3205 diatessaron
1393 3161 1409 3210 ;
1457 3142 1712 3200 similiter
1751 3153 1807 3201 et
1844 3145 2142 3202 irascibilis

560 3236 631 3291 ad
657 3236 1160 3306 concupiscihilem,
1194 3245 1251 3290 ut
1283 3235 1443 3291 Messe
1479 3236 1721 3305 chordae,
1757 3235 1824 3292 ad
1853 3252 1972 3294 eam
2020 3252 2141 3308 quae
2166 3276 2210 3336 ο

562 3325 767 3379 dicitur
797 3323 932 3380 Nete
963 3342 977 3379 :
1010 3326 1151 3380 hanc
1176 3334 1356 3382 autem
1385 3327 1712 3382 altissimam
1744 3338 1909 3399 atque
1938 3330 2141 3386 acutis-

563 3417 758 3473 simam
788 3433 974 3472 rocem
1012 3419 1320 3481 nominant.
1361 3428 1587 3489 quaeest
1617 3421 1896 3492 diapente.
1934 3422 2138 3478 Eodem

563 3510 729 3564 modo
781 3510 944 3565 etiam
999 3511 1296 3566 irascibilis
1354 3511 1422 3565 ad
1481 3514 2013 3582 concupiscibilem,
2080 3522 2141 3569 ut

564 3602 785 3657 chordae
814 3602 985 3666 illius,
1055 3617 1221 3671 quam
1267 3601 1513 3672 llypaten
1560 3602 1801 3659 diximus
1849 3605 1915 3660 ad
1943 3602 2138 3670 Neten,

564 3696 708 3747 hanc
747 3693 1018 3761 siquidem
1046 3707 1259 3756 vocem,
1285 3707 1409 3762 qua:
1435 3694 1503 3747 de
1535 3695 1835 3763 gravisima
1889 3696 2144 3751 acutissi-

568 3798 766 3853 maquc
796 3783 1109 3849 coniicitur,
1137 3782 1410 3853 Diapason
1443 3785 1747 3855 appellant.
1775 3785 1932 3852 Quod
1963 3787 2010 3842 si
2044 3803 2142 3857 par

564 3886 669 3938 est,
724 3889 832 3927 non
891 3875 1034 3937 loca,
1090 3883 1185 3929 aut
1245 3875 1491 3941 nomina,
1551 3877 1856 3944 attendere,
1907 3879 2001 3933 sed
2031 3881 2143 3935 vim

566 3965 753 4036 potius
783 3965 956 4035 ipsam
999 3964 1176 4035 sequi,
1207 3975 1262 4021 et
1297 3980 1482 4022 rerum
1526 3965 1824 4023 eﬁicaciam
1856 3986 1870 4024 :
1904 3969 2146 4025 rationa-

566 4056 636 4111 lis
669 4072 796 4126 pars
819 4072 952 4113 sane
981 4058 1165 4126 potius
1203 4056 1350 4113 lisse
1379 4056 1703 4128 appellanda
1750 4067 1857 4125 est,
1902 4075 1969 4117 eo
1998 4062 2145 4132 quod

568 4148 635 4201 ad
660 4148 1013 4213 irascihilem,
1046 4149 1204 4219 quasi
1235 4150 1302 4204 ad
1339 4150 1598 4204 chordam
1633 4148 1802 4207 Neten
1836 4152 1975 4223 (haec
1996 4155 2140 4209 enim

567 4238 882 4293 acutissima
914 4250 996 4294 est
1030 4249 1083 4294 et
1120 4239 1553 4296 cdncitatissima
1593 4241 1790 4296 animae
1844 4246 1990 4313 pars)
2023 4261 2143 4300 eam

575 4330 841 4384 tationem
895 4331 1271 4387 consonantiae
1319 4331 1515 4386 haheat
1564 4346 1688 4402 quae
1721 4344 1807 4389 est
1845 4333 2144 4405 Diapente;

567 4431 623 4477 et
648 4422 715 4476 ad
766 4423 1255 4493 concupiscibilent
1316 4432 1378 4479 ut
1422 4424 1489 4479 ad
1520 4424 1768 4496 Hypaten
1824 4426 1962 4496 (haec
2000 4428 2146 4481 enim

568 4513 745 4568 laxior
791 4523 873 4569 est
926 4523 980 4569 et
1025 4514 1266 4586 mollior)
1321 4516 1589 4571 rationem
1645 4531 1763 4571 eam
1808 4524 1990 4572 servat
2027 4533 2148 4588 qua:

2237 2232 2336 2303 τὴν
2360 2231 2617 2302 ἐσχάτην,
2640 2231 2716 2295 ὡς
2744 2230 2807 2283 τὸ
2832 2228 3251 2300 ἐπιθυμητικὸν,
3284 2229 3587 2300 ἀρχόμενον
3620 2232 3840 2300 μόνως.

2228 2326 2373 2379 Τότε
2398 2324 2506 2396 γάρ
2539 2323 2605 2378 ἂν
2632 2324 2717 2393 εῐη
2755 2323 2850 2376 καὶ
2880 2322 3172 2391 συμφωνία
3201 2322 3381 2391 ψυχῆς
3402 2337 3417 2351 ο
3463 2321 3558 2374 τοῦ
3591 2323 3696 2392 μὲν
3743 2322 3816 2376 lo

2239 2417 2489 2486 γιστικοῦ
2515 2414 2653 2486 πρὸς
2681 2414 2742 2468 τδ
2767 2413 3068 2485 θυμοειδὲς,
3103 2414 3178 2477 ὡς
3212 2412 3426 2484 ὑπάτης
3456 2415 3593 2482 πρὸς
3624 2414 3842 2484 μέσην,

2240 2510 2398 2563 τοῦτο
2457 2509 2562 2579 γὰρ
2606 2506 2701 2560 τδν
2754 2502 3028 2560 ἀνώτατον
3076 2505 3169 2558 καὶ
3224 2503 3529 2575 βαρύτατον
3591 2505 3842 2559 καλοῦσι

2242 2602 2501 2674 φθόγγον,
2555 2600 2654 2669 τὴν
2698 2600 2786 2653 διὰ
2814 2598 3099 2670 τεσσάρων
3156 2597 3479 2667 συμφωνίαν
3524 2596 3840 2660 σώζοντος-

2239 2694 2335 2748 τοῦ
2373 2692 2432 2746 δὲ
2476 2690 2794 2762 θυμοειδοῦς
2829 2690 2964 2760 πρὸς
2994 2689 3055 2743 τὸ
3101 2689 3517 2759 ἐπιθυμητικὸν,
3545 2688 3622 2752 ὠς
3656 2688 3842 2758 μέσης

2242 2787 2381 2856 πρὸς
2406 2786 2598 2856 νήτην,
2629 2782 2788 2836 τοῦτο
2838 2783 2947 2852 γὰρ
2977 2781 3069 2834 τὸν
3099 2781 3406 2851 ἀκρότατον
3435 2780 3529 2834 καὶ⁵
3561 2778 3843 2844 ὀξύτατον

2241 2876 2570 2946 ὀνομάζουσι
2612 2873 2712 2945 τὴν
2740 2872 2829 2926 διὰ
2858 2875 3018 2925 πέντε
3046 2872 3211 2926 πάλιν
3232 2889 3246 2904 ·
3282 2871 3446 2925 αὑτοῦ
3478 2871 3534 2926 δὲ
3559 2871 3658 2925 τοῦ
3688 2869 3843 2939 λογι-

2246 2967 2433 3023 στικοῦ
2476 2967 2612 3038 πρὸς
2643 2966 2703 3019 τὸ
2737 2966 3166 3035 ἐπιθυμητικὸν,
3210 2966 3285 3028 ὡς
3320 2963 3533 3032 ὑπάτης
3570 2964 3712 3034 πρὸς
3740 2962 3845 3033 νή-

2243 3076 2374 3132 την·
2404 3058 2561 3114 τοῦτο
2589 3059 2697 3129 γὰρ
2730 3057 2947 3127 λέγουσι
2978 3056 3071 3110 τὸν
3107 3057 3410 3126 βαρύτατον
3431 3055 3568 3126 πρὸς
3593 3054 3691 3108 τὸν
3713 3053 3845 3120 ὀξύ-

2244 3168 2406 3205 τατον
2436 3150 2539 3220 τὴν
2585 3149 2673 3202 διὰ
2715 3149 2926 3203 πασῶν.
2960 3150 3023 3202 Ei
3054 3148 3109 3201 δὲ
3137 3149 3220 3201 δεῖ
3253 3149 3329 3218 μὴ
3361 3151 3474 3211 τοῖς
3514 3147 3711 3210 τόποις
3742 3154 3844 3199 καὶ

2247 3246 2359 3307 τοῖς
2384 3242 2613 3312 ὀνόμασι
2643 3240 2952 3310 προσέχειν,
2978 3240 3112 3293 ἀλλὰ
3143 3243 3263 3301 ταῖς
3307 3240 3570 3311 δυνάμεσι
3600 3243 3699 3294 καὶ
3724 3242 3845 3302 τοῖς

2248 3335 2641 3404 ὲνεργήμασιν,
2682 3331 2767 3401 εἴη
2808 3331 2874 3384 ἂν
2929 3331 3069 3402 μέση
3131 3332 3333 3400 μᾶλλον
3379 3332 3440 3384 τὸ
3486 3332 3843 3399 λογιστικόν-ι’

2248 3426 2387 3493 πρὸς
2418 3424 2519 3494 μὲν
2546 3422 2606 3477 τὸ
2636 3423 2891 3493 θυμικὸν,
2942 3423 3017 3485 ὡς
3058 3424 3194 3493 πρὸς
3223 3424 3413 3494 νήτην,
3441 3424 3605 3477 τοῦτο
3631 3425 3750 3495 γὰρ
3782 3424 3842 3476 τὸ

2248 3518 2527 3585 ὀξύτατον,
2557 3518 2651 3569 καὶ
2679 3515 3134 3586 ὀρμητικώτατον
3162 3516 3262 3584 τῆς
3286 3515 3463 3585 ψυχῆς
3498 3516 3667 3585 μέρος
3709 3518 3845 3578 τοὺς

2247 3608 2440 3675 λόγους
2470 3606 2571 3676 τῆς
2597 3604 2686 3659 διὰ
2712 3606 2873 3658 πέντε
2905 3603 3077 3669 σῶζον
3107 3605 3426 3673 συμφωνίας
3453 3620 3468 3636 ·
3517 3605 3657 3676 πρὸς
3687 3605 3747 3659 δὲ
3783 3608 3844 3658 τὸ

2249 3700 2667 3773 ἐπιθυμητικὸν,
2697 3699 2773 3763 ὡς
2798 3699 2936 3771 πρὸς
2964 3700 3198 3769 ὑπάτην,
3235 3700 3394 3754 τοῦτο
3424 3701 3532 3771 γὰρ
3555 3702 3733 3771 αὐτῆς
3781 3702 3846 3753 τὸ

2250 3793 2634 3865 χαλαρώτερον
2689 3791 2782 3846 καὶ
2829 3792 3179 3863 χαυνότερον,
3213 3794 3341 3854 τοὺς
3377 3792 3475 3860 τῆς
3524 3793 3611 3845 διὰ
3640 3793 3846 3845 τεσσά-

2256 3903 2396 3957 ρων·
2430 3883 2684 3955 κάκεινου
2715 3884 2813 3954 μὲν
2842 3883 2941 3954 τὴν
2970 3882 3244 3946 ἐπίτασιν,
3277 3883 3467 3936 τούτου
3499 3883 3557 3936 δὲ
3586 3884 3691 3954 τὴν
3719 3887 3844 3940 άνε-

2253 3996 2337 4033 σιν
2370 3962 2631 4049 ῥυθίμξζον
2655 3977 2748 4028 καὶ
2784 3974 3157 4044 κατακιρνῶν,
3211 3975 3509 4044 καλλίστην
3562 3976 3839 4046 ἁρμονίαν

2252 4070 2565 4141 ἐργάζεται.
2609 4065 2827 4119 Τούτων
2857 4064 2951 4118 οὖν
3005 4065 3530 4136 προαποδεδομένων
3565 4067 3723 4136 ἡμῖν,
3760 4066 3842 4118 ἔτι

2254 4156 2602 4227 παραστῆσαι
2624 4153 2894 4224 βούλεται,
2918 4152 2950 4223 ἢ
2971 4153 3177 4222 μᾶλλον
3209 4154 3390 4206 εἰπεῖν
3418 4151 3693 4216 λείπεται,
3718 4153 3842 4213 πῶς

2253 4248 2312 4301 ἓν
2340 4246 2401 4300 ὃν
2429 4246 2491 4299 τὸ
2515 4247 2663 4298 Θεῐον
2700 4242 2948 4313 Πνεῦμα,
2979 4241 3114 4294 ποτὲ
3168 4242 3265 4310 μὲν
3297 4242 3563 4311 ἑνίξεταιῤ
3593 4240 3781 4309 Uret);
3805 4256 3843 4293 ιι

2255 4340 2393 4411 γὰρ,
2428 4338 2582 4425 φέισὶ,
2606 4336 2824 4404 Κυρίου
2851 4334 2944 4387 ἐπ’
2969 4334 3094 4402 ἐμὲ,
3127 4328 3199 4389 οὗ
3231 4333 3440 4388 ἕνεκεν
3484 4330 3692 4401 ἐχρισέ
3728 4348 3839 4425 μσς

2253 4432 2381 4485 καίο
2414 4418 2483 4483 Τῦ
2520 4424 2761 4494 Πνεῦμά
2792 4440 2910 4480 σου
2952 4425 3018 4477 τὸ
3054 4423 3230 4493 ἅγιον
3258 4422 3341 4494 μὴ
3368 4422 3705 4490 ἀντανένιῃς
3739 4418 3842 4477 ἀπ’

2255 4523 2438 4595 ἐμοῦ·
2484 4519 2611 4574 καῖ’
2655 4517 2745 4584 Τῷ
2796 4518 3101 4587 Πνεύματι
3133 4517 3238 4570 τοῦ
3288 4518 3588 4583 στόματος
3624 4513 3840 4573 αὑτοῦ.

567 4614 653 4658 est
702 4604 1076 4671 Diatessaron,
1134 4606 1608 4679 intensionemque
1658 4606 1831 4675 illius,
1880 4618 1935 4665 et
1978 4609 2143 4680 hujus

2253 4614 2418 4670 πᾶσα
2467 4613 2506 4680 ἡ
2561 4611 2816 4679 δύναμις
2864 4606 3105 4663 αὐτῶν
3159 4607 3289 4660 ποτὲ
3348 4607 3405 4659 δὲ
3465 4604 3839 4674 πληθύνεται’

570 4696 952 4751 remissionem
986 4706 1202 4766 coaptat
1229 4707 1394 4768 atque
1414 4700 1707 4754 concinnat
1733 4715 1750 4766 ;
1776 4715 1884 4769 qua
1918 4701 2151 4758 mistura

571 4787 832 4855 optimam
867 4787 1213 4841 harmoniam
1243 4788 1478 4857 perﬁcit.
1519 4790 1615 4843 llis
1666 4790 1851 4859 itaque
1901 4792 1982 4847 sic
2009 4808 2149 4864 pra:-

572 4876 781 4943 missis,
815 4885 983 4931 restat
1015 4885 1075 4932 ut
1134 4876 1411 4944 dicamus,
1454 4880 1729 4949 quomodo
1767 4881 1991 4938 divinus
2027 4883 2150 4953 Spi-

571 4970 713 5024 ritus
746 4985 889 5024 unus
928 4986 1054 5025 cum
1099 4971 1195 5037 sit,
1251 4972 1553 5042 aliquando
1598 4973 1863 5042 singulari
1918 4991 2148 5033 numero

571 5061 790 5117 dicatur
821 5079 837 5117 :
865 5071 923 5117 ut
953 5062 1085 5117 illud
1119 5064 1163 5096 "
1200 5079 1216 5117 :
1268 5062 1505 5133 Spiritus
1536 5065 1752 5120 Domini
1810 5083 1968 5137 super
2029 5085 2148 5123 me:

571 5164 847 5224 propterea
898 5155 1052 5208 unxit
1090 5170 1169 5209 me
1194 5172 1215 5221 ;
1271 5156 1401 5209 item
1433 5156 1476 5188 "
1528 5170 1543 5208 :
1606 5155 1865 5226 Spiritum
1906 5169 2149 5213 sanctum

571 5257 722 5304 tuum
752 5265 816 5303 ne
845 5251 1063 5319 auferas
1094 5265 1127 5301 a
1170 5263 1289 5302 me:
1324 5250 1452 5303 item
1485 5249 1532 5282 ¹⁰
1569 5266 1583 5303 :
1636 5248 1704 5303 Et
1753 5248 1986 5319 Spiritus
2044 5254 2153 5308 oris

571 5341 687 5404 cjus
734 5341 907 5395 omnis
946 5342 1112 5394 virtus
1142 5356 1373 5406 eorum;
1428 5350 1484 5395 et
1543 5342 1843 5412 aliquando
1898 5341 2094 5414 plurali
2130 5362 2145 5399 :

578 5429 837 5499 Spiritus,
874 5433 1051 5503 inquit
1082 5433 1150 5497 ⁸⁸,
1203 5432 1580 5502 prophetarum
1608 5436 1879 5505 prophetis
1924 5436 2150 5507 subjecti

575 5534 697 5576 sunt
730 5540 750 5588 ;
786 5523 913 5576 item
941 5525 987 5555 "
1028 5540 1042 5578 :
1079 5522 1424 5593 Requiescent
1452 5541 1609 5595 super
1634 5542 1751 5581 eum
1780 5536 1976 5597 septem
1996 5527 2154 5594 spiri-

575 5629 679 5670 tus.
719 5603 1073 5670 Manifestum
1107 5624 1191 5672 est
1217 5625 1399 5672 autem
1433 5616 1698 5688 Spiritum
1727 5619 1950 5689 quidem
1979 5634 2151 5674 unum

576 5723 698 5762 esse
753 5707 1214 5777 quemadmodum
1274 5718 1330 5765 et
1377 5725 1543 5765 unum
1598 5711 1900 5777 Artiﬁcem,
1953 5711 2161 5765 instru-

2258 4701 2575 4770 Πνεὺματα
2604 4700 2738 4769 γάρ,
2759 4698 2915 4769 φησι,
2939 4695 3282 4765 προφητῶν,
3310 4695 3644 4764 προφήταις
3685 4697 3843 4748 ὑπο·

2256 4794 2545 4848 τάσσεται
2564 4808 2580 4823 ·
2607 4790 2701 4844 καί
2720 4804 2734 4818 ο
2778 4787 3305 4843 Ἐπαναπαύσεται
3346 4785 3441 4839 ἐπ’
3469 4782 3659 4837 αὑτὸν
3685 4782 3842 4836 ἑπτὰ

2256 4885 2585 4953 πνεύματα.
2615 4880 2783 4951 Δῆλον
2812 4874 2909 4932 οὖν
2949 4879 3032 4931 ὃτι
3063 4878 3123 4931 τὸ
3156 4877 3253 4948 μὲν
3280 4876 3505 4946 Πνεῦμα
3536 4875 3617 4938 ἓν,
3668 4874 3842 4929 καϐά-

2254 4994 2361 5048 περ
2406 4976 2501 5030 καὶ
2530 4976 2557 5027 ὀ
2589 4971 2850 5042 Τεχνίτης
2903 4964 2983 5033 εἷς
3004 4987 3016 5001 ·
3052 4968 3257 5039 ὄργανα
3306 4967 3387 5035 δὲ,
3437 4968 3609 5022 πολλά
3632 4984 3645 4999 ⁸
3680 4967 3842 5021 τοῦτο

2255 5068 2365 5137 γὰρ
2391 5067 2442 5119 οἱ
2468 5065 2765 5135 προφῆται,
2794 5062 2884 5115 καὶ
2906 5060 2994 5114 διὰ
3015 5060 3174 5113 τοῦτο
3204 5060 3440 5132 διάφορα
3463 5060 3559 5114 καὶ
3577 5060 3647 5114 τὰ
3672 5058 3842 5130 κρού-

2262 5176 2429 5231 ματα,
2462 5157 2495 5228 ἢ
2527 5154 2913 5226 ἐμπνεύματα.
2968 5154 3078 5205 Καὶ
3128 5153 3227 5206 οὐκ
3275 5154 3368 5205 ἐπὶ
3411 5152 3625 5206 πολλῶν
3673 5156 3836 5223 μόνον

2261 5251 2453 5312 πολλὰ,
2490 5249 2623 5301 ἀλλὰ
2651 5248 2745 5299 καὶ
2777 5247 2871 5299 ἐπὶ
2899 5244 2994 5299 τοῦ
3034 5244 3200 5298 αὐτοῦ
3255 5245 3426 5298 πολλά
3459 5246 3551 5298 καὶ
3583 5244 3839 5316 διάφορα,

2255 5342 2350 5396 τοῦ
2383 5339 2639 5410 Τεχνίτου
2671 5335 2738 5389 τά
2773 5337 2871 5407 μὲν
2903 5335 3156 5398 ὲνιέντος,
3186 5335 3253 5388 τά
3289 5334 3335 5387 δ’
3364 5334 3754 5397 ἐπιτείνοντος,
3778 5333 3840 5383 τά

2255 5432 2314 5486 δὲ
2348 5427 2799 5501 μεταϐάλλοντος,
2836 5425 2906 5478 τὰ
2935 5426 2991 5478 δὲ
3025 5429 3121 5479 καὶ
3156 5425 3456 5496 κιρνῶντος
3481 5441 3495 5455 ·
3529 5426 3708 5478 πάντα
3746 5423 3840 5494 μὲν

2258 5523 2353 5579 οὖν
2375 5520 2623 5592 οὐδαμῶς
2642 5537 2656 5550 υ
2696 5519 2780 5582 τις
2808 5517 2918 5588 γὰρ
2942 5517 3122 5571 αὐτῶν
3149 5517 3369 5586 ἀτόμων
3404 5518 3437 5587 ή
3482 5516 3724 5586 γνῶσις;
3776 5516 3838 5568 τὰ

2260 5612 2603 5684 γενικώτατα
2652 5610 2729 5676 δὲ,
2794 5612 2958 5678 μέχρι
3012 5607 3123 5661 τῶν
3188 5606 3525 5660 ιδικωτάτων
3583 5605 3835 5677 ὥρισται,

2267 5705 2407 5761 κατά
2430 5720 2490 5758 τε
2524 5704 2784 5773 ποιότητα
2811 5700 2904 5756 καὶ
2949 5700 3225 5771 ποσότητα
3245 5715 3259 5731 ο
3293 5699 3605 5772 περαιτέρω
3636 5701 3748 5773 γὰρ
3778 5698 3835 5752 ού

536 5830 553 5852 .
578 5807 760 5855 menta
791 5810 972 5855 autem
1007 5804 1184 5870 plura.
1235 5799 1454 5871 Organa
1483 5801 1630 5857 enim
1673 5802 1915 5859 Artiﬁcis
1951 5800 2143 5857 luerun

2277 5797 2494 5869 πρόεισι
2522 5795 2631 5849 τῶν
2658 5795 2819 5849 ἑπτά.

654 5915 862 5973 "Psal.
894 5933 1039 5982 χειν.
1063 5919 1115 5976 8.
1194 5920 1235 5975 l'
1263 5916 1410 5976 Psal.
1443 5932 1497 5981 ι..
1530 5919 1618 5977 l5.
1676 5919 1724 5953 ²⁰
1768 5920 1917 5977 l’sal.
1952 5932 2128 5980 χχιιι,

2286 5916 2329 5948 ’ί
2358 5915 2379 5971 ι
2410 5913 2539 5971 Cor.
2571 5927 2684 5979 xiv,
2723 5907 2813 5965 '52.
2855 5909 2927 5994 >"
2956 5906 3065 5965 lsa.
3097 5922 3176 5977 at,
3203 5905 3262 5962 2.
