3970 6596
125 463 229 528 69
1344 465 1735 529 COMMENT.
1784 463 1866 524 ΙΝ
1928 459 2291 533 PSALMOS.
3376 461 3449 536 7t)

132 577 477 646 propbctre,
506 576 657 633 unde
678 583 736 632 et
761 577 1092 633 varim'sunt
1126 590 1463 649 organorum
1503 589 1666 631 voces
1690 588 1758 629 ac
1789 571 1935 637 soni,
1995 585 2098 626 nec
2125 578 2337 625 tantum
2376 569 2430 624 in
2489 570 2658 626 variis
2719 570 3105 630 instrumentis
3140 576 3291 630 varia
3334 579 3449 633 haec

128 683 292 724 esse
324 671 709 740 reperiuntur,
739 673 837 727 sed
885 671 940 726 in
994 687 1103 726 uno
1145 681 1310 741 atque
1339 671 1531 725 eodem
1567 667 1885 739 multiplicia
1918 680 1983 721 ac
2008 664 2243 730 diversa,
2295 662 2519 731 Artiﬁce
2550 664 2760 720 scilicet
2802 665 2918 721 haec
2957 666 3198 735 laxante,
3232 669 3323 723 illa
3367 670 3450 724 iu-

136 761 459 827 tendente,
520 765 629 819 alia
684 765 1035 830 immutante,
1106 766 1213 820 alia
1260 765 1427 821 etiam
1515 763 1787 820 miscente
1840 775 1907 816 ac
1958 764 2319 828 temperante.
2377 755 2574 810 Omnia
2616 772 2744 811 vero
2803 765 2858 813 et
2916 759 3131 829 singula
3201 759 3442 832 Spiritus

134 868 377 921 organa
420 855 641 910 deliniri
673 871 782 911 nou
813 864 1069 926 possunt,
1108 870 1232 910 eum
1276 856 1427 909 nulla
1493 854 1569 911 sit
1633 851 2047 909 individuorum
2088 850 2331 919 cognitio
2389 864 2403 901 :
2458 854 2691 917 possunt
2762 856 2943 903 tamen
2992 864 3181 905 eorum
3231 853 3445 908 diversa

138 962 374 1018 genera
410 960 466 1005 et
500 950 719 1021 species
757 951 1065 1007 secundum
1109 950 1433 1020 qualitatem
1492 957 1548 1004 et
1609 948 1977 1020 quantitatem
2027 942 2268 1010 deliniri,
2308 948 2474 1012 atque
2512 941 2633 997 ideo
2678 956 2786 996 non
2849 942 2987 1014 plus;
3021 957 3183 1012 quam
3233 957 3445 1015 septem

138 1052 295 1095 esse
343 1042 641 1096 dicuntur.

224 1135 448 1188 Λοιπὸν
485 1135 581 1189 οῦν
636 1137 884 1207 ἔλθωμεν
933 1137 1026 1192 ἐπὶ
1061 1140 1187 1203 τοὺς
1219 1139 1457 1210 τρόπους
1483 1141 1584 1210 τῆς
1620 1157 1746 1211 προ·

1935 1133 2205 1190 Caeterum
2221 1133 2287 1189 de
2311 1133 2611 1204 prophetia:
2633 1133 2811 1189 modis
2829 1132 3076 1189 dicamus
3101 1136 3273 1193 :alius
3294 1140 3441 1196 enim

142 1227 403 1296 φητείας
428 1245 443 1260 ⁹
477 1229 509 1280 ὀ
544 1228 643 1297 μὲν
666 1228 772 1298 γὰρ
800 1230 907 1283 τῶν
930 1230 1334 1300 παρελθόντων,
1369 1232 1399 1284 6
1440 1231 1497 1282 δὲ
1537 1229 1644 1283 τῶν
1669 1231 1746 1283 ὲν-

1861 1225 2138 1297 praeterita
2154 1233 2365 1291 narrat,
2393 1226 2535 1280 alius
2553 1226 2863 1294 praesentia,
2880 1227 3085 1282 etalius
3104 1227 3286 1285 futura
3309 1247 3446 1301 pra:-

146 1315 454 1380 ιττώτων,
484 1317 516 1370 6
537 1317 594 1369 δὲ
614 1317 725 1371 τῶν
753 1319 1057 1389 μελλόντων
1086 1320 1185 1390 τὴν
1217 1319 1417 1385 γνῶσιν
1439 1318 1670 1389 ἔσχηκεν
1690 1334 1705 1350 '
1730 1320 1746 1372 ἐ

1860 1318 2028 1372 dicit:
2056 1328 2110 1371 et
2135 1317 2225 1372 hic
2247 1316 2467 1389 quidem
2495 1316 2698 1388 aliquid
2730 1318 2938 1384 dicens,
2966 1320 3051 1375 ille
3086 1335 3217 1377 vero
3237 1324 3443 1394 aliquid

150 1407 295 1473 μὲν,
329 1408 458 1460 τοδε
483 1425 535 1460 τι
586 1410 782 1476 λέγων,
834 1411 863 1461 ὁ
897 1408 978 1470 δὲ,
1012 1409 1131 1462 τόδε
1168 1426 1222 1463 τι
1257 1412 1512 1480 πράττων
1553 1426 1568 1442 ο
1602 1412 1696 1463 καὶ
1729 1412 1746 1463 ί

1862 1407 2097 1473 faciens,
2124 1407 2265 1463 alius
2289 1409 2419 1464 item
2446 1409 2755 1475 manifeste,
2780 1411 2924 1466 alius
2947 1427 3079 1466 vero
3105 1413 3339 1471 obscure
3359 1427 3445 1471 at-

150 1499 292 1567 μὲν,
327 1500 614 1569 ἐναργῶς·
643 1501 674 1551 6
698 1501 775 1565 δὲ,
809 1501 1249 1570 αἰνιγματωδῶς.
1283 1502 1394 1554 Καὶ
1422 1502 1618 1572 τρόποι
1648 1501 1746 1554 πά-

1861 1512 1970 1567 que
2016 1499 2359 1569 atmgmatice
2391 1517 2405 1552 :
2441 1498 2634 1554 borum
2672 1499 2838 1554 etiam
2885 1502 3197 1570 modorum,
3248 1520 3441 1563 rursus

146 1587 243 1640 λιν
296 1587 511 1640 τούτων
555 1589 665 1643 τῶν
692 1592 912 1659 τρόπων
947 1591 1122 1660 ἕτεροι
1146 1607 1161 1621 ⁸
1191 1592 1220 1643 ὀ
1250 1590 1350 1660 μὲν
1396 1590 1463 1643 δι’
1489 1591 1752 1661 ὁράσεως,

146 1682 181 1731 ὁ
217 1679 285 1732 δὲ
315 1680 389 1732 δι’
419 1678 616 1746 ἀκοῆς,
658 1682 686 1732 ὀ
713 1680 772 1732 δὲ
801 1680 867 1733 δι’
893 1681 1214 1750 ὀσφρήσεως
1248 1680 1346 1735 καὶ
1400 1682 1691 1746 συνέσεως,
1717 1683 1751 1754 ἢ

147 1768 334 1838 ἁφῆς,
359 1771 563 1841 vespm;
585 1769 766 1822 πάντα
789 1787 800 1798 ·
835 1770 1096 1824 τοσαῦται
1130 1770 1241 1841 γὰρ
1274 1772 1370 1825 καὶ
1400 1770 1518 1835 νοὸς
1553 1772 1753 1843 αἰσθή-

151 1878 303 1925 σεις,
330 1865 463 1917 ὅσαι
514 1864 612 1916 καὶ
646 1862 898 1933 σώματος
922 1877 938 1891 ·
974 1862 1090 1916 ἀλλ’
1118 1863 1340 1934 ὁράσεις
1366 1862 1615 1933 λέγονται
1647 1865 1753 1917 πᾶ-

151 1969 277 2016 σαι,
309 1955 461 2010 κατὰ
499 1955 560 2008 τὸ
610 1954 993 2026 γενικώτερον,
1028 1956 1061 2027 ἢ
1093 1956 1443 2026 τιμιώτερον.
1489 1955 1621 2028 ’0ρᾷ
1651 1957 1752 2027 μὲν

147 2042 252 2099 οὖν
309 2047 613 2118 ἰεζεκιήλσ
654 2049 763 2102 Kal
807 2048 1027 2116 ἐώρων,
1085 2050 1255 2117 φησὶ,
1302 2050 1400 2103 καὶ
1434 2049 1755 2105 ἀνέϐαινον

147 2136 416 2204 σάρκες,
434 2138 538 2193 καὶ
564 2139 945 2207 παρετείνετο
969 2140 1174 2209 δέρμα,
1200 2142 1294 2194 καὶ
1328 2141 1396 2195 τὰ
1424 2141 1550 2211 ἑξῆς
1567 2158 1583 2172 θ
1614 2141 1753 2196 ἀλλὰ

151 2230 253 2282 καὶ
285 2230 521 2284 ἀκούει*
558 2232 669 2286 Kal
699 2232 806 2297 σὺ,
848 2233 1034 2304 φησιν,
1065 2231 1158 2287 υἱὲ
1198 2232 1535 2302 ἀνθρώπων,
1567 2233 1753 2289 ἄκουε

151 2320 266 2374 τοῦ
298 2322 652 2389 λαλοῦντος
689 2324 841 2392 πρὸς
869 2323 945 2378 σέ
971 2339 986 2354 ⁶
1026 2323 1165 2378 ἀλλὰ
1218 2324 1315 2380 καὶ
1343 2323 1567 2393 γεύεται
1586 2342 1602 2357 ·
1635 2326 1750 2382 Kal

148 2413 461 2482 ἑψώμισε,
508 2418 663 2487 φησι,
720 2417 839 2484 τὴν
865 2418 1164 2486 κεφαλίδα
1194 2418 1444 2482 ταύτην,
1482 2418 1582 2475 καὶ
1618 2419 1752 2477 εἷπε

1859 1589 1951 1643 alii
1983 1590 2305 1655 suntlmodi.
2349 1589 2448 1646 llic
2469 1607 2565 1662 per
2587 1592 2880 1656 visionem,
2908 1594 2998 1649 ille
3020 1609 3116 1665 per
3170 1596 3440 1664 auditum,

1856 1680 2000 1735 alius
2019 1695 2114 1750 per
2138 1681 2450 1748 odoratum,
2474 1683 2616 1737 alius
2638 1698 2734 1753 per
2758 1695 3003 1752 gustum,
3026 1695 3080 1739 et
3110 1701 3206 1755 per
3228 1694 3437 1743 tactmu

1858 1770 2004 1826 alius
2038 1789 2052 1826 :
2088 1772 2275 1829 omnia
2315 1782 2505 1828 tamen
2543 1775 2848 1830 secundum
2903 1776 3261 1841 intellectum.
3290 1777 3443 1834 Tati-

1859 1860 1982 1917 dem
2004 1863 2150 1919 enim
2192 1879 2392 1921 sensus
2429 1865 2743 1921 intellectus
2779 1867 2964 1933 habet,
2998 1876 3135 1938 quot
3186 1884 3437 1941 corpus:

1855 1966 2046 2007 verum
2079 1968 2271 2011 omnes
2295 1955 2349 2009 hi
2382 1957 2529 2010 modi
2564 1956 2809 2014 visiones
2856 1958 3022 2013 etiam
3061 1961 3436 2031 appellantur,

1856 2044 1942 2098 vel
1972 2045 2100 2115 quia
2132 2046 2439 2116 generalior
2495 2048 2570 2103 sit
2624 2050 2855 2106 visionis
2919 2052 3136 2118 modus,
3179 2053 3261 2108 vel
3311 2055 3437 2124 quia
3502 2045 3507 2049 ’

1857 2134 2103 2206 dignior.
2136 2135 2287 2193 Vidit
2313 2138 2536 2209 quidem
2566 2140 2819 2197 Ezechiel
2856 2161 2870 2196 :
2908 2141 2975 2196 Et
3004 2143 3128 2210 ridi,
3163 2143 3360 2214 inquit,
3386 2155 3438 2202 et

1854 2227 2211 2283 ascendebant
2240 2246 2452 2297 carnes,
2477 2241 2527 2286 et
2549 2232 2935 2288 extendebatur
2963 2236 3101 2289 cutis
3136 2237 3200 2290 ".
3226 2235 3432 2293 Verum

1853 2327 1910 2374 et
1939 2319 2067 2374 alibi
2095 2321 2330 2385 audivit,
2381 2337 2509 2377 cum
2558 2323 2680 2377 ait:
2724 2324 2947 2394 Tu,’ﬁli
2997 2326 3249 2390 hominis,
3307 2328 3436 2382 audi

1852 2425 1972 2465 eum
1999 2412 2091 2481 qui
2119 2412 2358 2482 loquitur
2396 2413 2464 2466 ad
2517 2424 2564 2467 te
2589 2416 2659 2469 “.
2687 2414 2833 2469 Alibi
2879 2418 3045 2469 etiam
3080 2417 3322 2486 gustavit
3346 2418 3432 2473 di-

154 2506 312 2571 πρός
338 2522 421 2574 με
449 2524 465 2538 ι
497 2506 590 2560 ne
632 2505 970 2575 ἀνθρώπου,
999 2508 1065 2562 τὸ
1092 2510 1285 2578 στόμα
1310 2523 1428 2565 σου
1479 2512 1746 2581 φάγεται,

1852 2516 1984 2573 cens
2019 2500 2146 2557 :.Et
2170 2503 2367 2558 cibavit
2416 2504 2611 2558 meillo
2650 2505 2929 2569 volumine,
2959 2506 3173 2560 etdixit
3199 2507 3268 2560 ad
3298 2524 3379 2563 me
3413 2523 3435 2564 :

152 2595 255 2649 καὶ
293 2597 336 2662 ἡ
392 2598 594 2651 κοιλία
629 2611 749 2652 σου
805 2598 1229 2666 πλησθήσεται
1259 2598 1368 2669 τῆς
1419 2603 1748 2671 κεφαλίδας

155 2682 421 2750 ταύτηςο
454 2683 519 2745 τὸ
550 2686 652 2754 μὲν
684 2685 856 2756 ἄκρον
887 2689 979 2740 καὶ
1012 2674 1447 2761 δραστικώτερον
1499 2693 1594 2747 τοῦ
1626 2693 1746 2761 νοὸς

158 2773 342 2843 στόμα
398 2775 607 2842 καλῶν,
650 2776 712 2831 τὸ
768 2778 863 2832 καὶ
896 2778 1129 2848 πρώτως
1176 2780 1584 2852 ἀπογενόμενον
1635 2784 1745 2839 τῶν

156 2861 323 2915 θείων
357 2863 671 2936 βρωμάτων
693 2883 707 2899 ο
738 2867 801 2921 τὸ
829 2867 1082 2939 δεύτερον
1120 2869 1175 2923 δὲ
1239 2872 1333 2925 καὶ
1358 2873 1744 2943 χωρητικώτε-

152 2972 273 3024 ρον,
308 2957 437 3027 ἦτοι
474 2959 572 3030 τὴν
593 2958 853 3027 διάνοιαν,
875 2960 1080 3014 κοιλίαν
1101 2961 1408 3035 ὀνομάζων,
1444 2963 1510 3035 ἡν
1542 2966 1637 3019 καὶ
1658 2967 1745 3019 λέ-

152 3061 261 3111 γει·
287 3046 671 3117 Πλησοήσεται
693 3049 796 3121 τῆς
821 3051 1132 3120 κεφαλίδος,
1156 3051 1232 3116 ὡς
1254 3053 1316 3108 ἐκ
1339 3054 1551 3125 μικρῶν
1574 3073 1742 3128 σπερ-

155 3136 354 3204 μάτων
386 3139 482 3191 τοῦ
509 3140 845 3210 Πνεύματος,
865 3142 1074 3195 πολλῶν
1106 3142 1491 3216 πληρουμένην
1523 3147 1633 3216 ἄρα
1656 3149 1742 3201 λο-

154 3228 315 3293 γίων.
337 3230 473 3300 Ὁρᾷ
489 3230 546 3283 δὲ
580 3232 676 3284 καὶ
707 3232 895 3286 ἀκούει
921 3234 1013 3287 καὶ
1038 3235 1288 3298 Ἡσαΐας·
1320 3236 1434 3303 Τίς,
1463 3241 1616 3309 φησι,
1635 3257 1734 3294 που

147 3319 437 3386 ρεύσεται
465 3326 613 3390 πρὸς
644 3322 752 3376 τὸν
772 3326 930 3377 λαὸν
947 3324 1202 3392 τοῦτον;
1222 3325 1332 3382 Kal
1351 3323 1544 3391 εἷπον,
1583 3330 1739 3385 Ἰδοὺ

137 3408 291 3473 ἐγὼ,
327 3411 527 3477 Κύριε.
559 3410 673 3464 Νῦν
701 3413 731 3465 ὀ
780 3412 995 3467 ἀκούων
1017 3429 1030 3442 ·
1064 3414 1147 3477 τίς
1180 3414 1235 3468 δὲ
1266 3416 1295 3467 6
1339 3415 1592 3484 βλέπων;
1626 3419 1736 3473 Kal

151 3499 352 3568 ἑώρων
371 3502 484 3567 ἕως
513 3504 712 3571 θρόνοι
733 3504 1049 3573 ἐτέθησαν,
1080 3506 1178 3561 καί
1209 3507 1472 3573 Παλαιὸς
1502 3509 1738 3577 ἡμερῶν

149 3593 478 3660 ἑιὰθησεν,
512 3596 717 3664 ἀμφοῖν
755 3597 965 3652 τούτοιν
1013 3597 1110 3652 τοῦ
1137 3598 1236 3669 μὲν
1286 3601 1385 3671 τὴν
1413 3600 1733 3669 ἀνάστασιν,

152 3685 242 3738 τοῦ
272 3686 335 3740 δὲ
355 3686 455 3756 τὴν
485 3688 668 3757 κρίσιν
701 3690 1081 3760 μερισαμένων
1109 3691 1244 3762 (ll).
1274 3692 1452 3747 Πολλὰ
1476 3692 1608 3760 γοῦν
1638 3694 1731 3748 τοῦ

1849 2591 1956 2649 Fili
1994 2594 2245 2662 hominis,
2277 2611 2334 2650 as
2361 2605 2507 2649 tuum
2539 2596 2793 2659 comedet,
2830 2608 3009 2652 venter
3039 2605 3159 2652 tuus
3184 2599 3429 2667 implebi.

1851 2694 1940 2740 tur
1965 2687 2062 2741 hoc
2099 2687 2364 2742 uolumine
2393 2704 2413 2742 :
2448 2701 2720 2744 summam
2752 2688 2901 2743 illam
2956 2690 3215 2744 nimirum
3248 2690 3432 2747 efﬁca-

1847 2774 2242 2847 cissimumque
2263 2791 2328 2831 ac
2351 2776 2658 2847 principem
2688 2788 2901 2847 partem
2935 2777 3273 2843 intellectus,
3303 2795 3427 2850 quae

1847 2863 2066 2919 divinos
2090 2866 2244 2922 cibos
2272 2866 2507 2936 primum
2537 2876 2739 2938 gustat,
2771 2883 2858 2936 os,
2886 2870 3184 2925 secundam
3218 2885 3349 2926 vero
3375 2879 3432 2927 et

1847 2955 2188 3025 capaciorem
2219 2956 2537 3022 admodum,
2573 2965 2809 3013 mentem
2842 2957 2987 3024 dico,
3021 2970 3261 3014 ventrem
3325 2974 3424 3031 ap-

1848 3046 2087 3115 pellans,
2126 3062 2290 3118 quam
2348 3047 3012 3119 volumine’implendam
3070 3062 3193 3106 esse
3241 3049 3426 3107 dixit:

1846 3137 2006 3206 quasi
2034 3152 2101 3192 ex
2129 3138 2370 3195 minimis
2398 3138 2639 3209 Spiritus
2671 3139 2847 3193 sancti
2880 3139 3207 3209 seminibus,
3236 3142 3424 3198 multis

1852 3228 2069 3298 impleri
2124 3231 2353 3285 deberet
2409 3231 2612 3286 divinis
2648 3233 2904 3302 eloquiis.
2942 3231 3104 3289 Videt
3155 3235 3317 3289 etiam
3372 3244 3428 3291 et

1849 3322 2003 3376 audit
2030 3322 2202 3377 Isaias
2235 3339 2249 3376 :
2282 3322 2437 3388 Quis,
2488 3324 2690 3394 inquit,
2717 3325 2925 3378 accedet
2951 3326 3020 3379 ad
3076 3326 3214 3381 hunc
3252 3342 3424 3397 popu-

1847 3412 1957 3467 lum
1984 3413 2077 3467 "‘3
2107 3411 2176 3466 Et
2206 3412 2322 3466 dixi
2347 3427 2367 3466 :
2399 3412 2535 3468 Ecce
2555 3431 2666 3486 ego,
2696 3415 2936 3469 Domine.
2960 3417 3115 3472 Nunc
3140 3419 3304 3489 igitur
3330 3433 3425 3472 au-

1844 3500 2003 3567 divit,
2062 3500 2190 3555 alibi
2222 3516 2351 3556 vero
2379 3502 2539 3557 vidit.
2572 3501 2640 3556 Et
2667 3504 2795 3570 vidi,
2827 3503 3031 3573 inquit,
3052 3504 3217 3558 donec
3236 3508 3425 3574 posin

1842 3602 1968 3648 sunt
2023 3594 2192 3659 sedes,
2252 3602 2301 3649 et
2348 3595 2439 3664 qui
2490 3595 2752 3667 Antiquus
2818 3605 2931 3650 erat
2989 3597 3217 3662 dierum,
3266 3598 3421 3652 sedit.

1844 3680 2052 3739 [lorum
2080 3692 2263 3739 autem
2294 3684 2526 3740 duorum
2563 3686 2972 3756 prophetarum,
2999 3697 3056 3742 ut
3080 3688 3252 3754 vides,
3281 3687 3422 3743 alter

151 3778 399 3841 ἀκούειν,
433 3781 523 3832 καὶ
561 3779 804 3848 βλέπειν,
841 3783 933 3835 καὶ
963 3781 1225 3850 γεύεσθαι
1247 3782 1317 3836 τὰ
1348 3784 1737 3857 παραδειγμα-

1847 3775 2334 3840 resurrectionem,
2354 3785 2409 3832 et
2437 3778 2574 3833 alter
2592 3776 2868 3848 judicium
2921 3778 3028 3834 sibi
3057 3780 3242 3849 partiti
3270 3789 3420 3836 sunt.

152 3883 232 3919 τα.
271 3868 410 3922 Τίνα
442 3870 498 3924 δὲ
538 3870 634 3924 καὶ
669 3873 763 3924 τοῦ
799 3871 1101 3940 amnem;
1134 3873 1247 3944 (12)
1279 3874 1478 3945 Ναοῦμ
1508 3874 1569 3928 τὸ
1595 3874 1737 3930 θεῖον

152 3955 353 4027 λῆμμα
373 3959 470 4029 τὴν
493 3960 783 4032 θεοληψίαν
814 3960 958 4015 οὕτω
982 3963 1298 4032 καλοῦντος,
1323 3965 1577 4035 καθάπερ
1634 3968 1734 4021 ἐπ-

162 4049 458 4119 αφωμένου
492 4049 586 4104 τοῦ
621 4053 951 4123 ἡγεμονικοῦ
987 4053 1086 4125 τῆς
1113 4054 1311 4127 ψυχῆς,
1342 4056 1435 4110 καὶ
1457 4056 1737 4128 τυπουμέ-

153 4159 241 4196 νου
271 4142 486 4197 καὶτοῦ
520 4144 675 4213 ἁγίου
708 4144 1048 4214 Πνεῦματος.

1843 3867 2015 3923 Multa
2044 3868 2150 3923 alia
2181 3875 2331 3932 sunt,
2364 3869 2608 3936 auditus,
2637 3868 2788 3926 visus
2824 3879 2878 3926 et
2914 3878 3105 3941 gustus
3145 3875 3418 3943 exempla.

1845 3958 2050 4015 Tactus
2084 3960 2400 4029 exemplum
2457 3959 2629 4015 babes
2666 3962 2812 4031 apud
2866 3960 3041 4017 Naum
3073 3979 3088 4017 :
3115 3964 3207 4034 qui
3258 3961 3416 4032 juxta

1845 4050 2266 4106 translationem
2320 4048 2487 4116 LXX,
2548 4051 2693 4120 quod
2740 4052 2832 4105 alii
2879 4053 3211 4123 interpretes
3269 4051 3416 4108 Onus

1843 4142 2036 4197 Ninioe
2063 4141 2443 4208 reddiderunt,
2482 4141 2905 4212 Assumptionem
2949 4146 3138 4201 Ninive
3173 4146 3414 4217 appella-

156 4237 231 4289 vit
260 4251 279 4288 :
325 4238 754 4306 assumptioncm
801 4238 1091 4308 quamdam
1133 4239 1393 4306 divinam,
1429 4240 1832 4311 principalioris
1867 4235 2063 4290 animae
2114 4235 2285 4306 partis
2358 4236 2687 4307 intelligens,
2759 4252 2867 4290 non
2909 4252 3070 4294 secus
3138 4254 3202 4294 ac
3266 4240 3313 4295 si
3382 4252 3411 4291 τι

159 4338 356 4381 sancto
388 4329 621 4399 Spiritu,
676 4330 933 4387 manibus
1000 4331 1328 4401 quibusdam
1390 4342 1731 4391 contrectata
1769 4331 1965 4386 fuisset
1992 4334 2045 4383 et
2070 4328 2323 4382 formata.

232 4423 392 4500 ’AD.’_
428 4425 515 4476 ῖνα
575 4426 822 4497 εἴπωμεν
891 4428 1325 4500 συντομώτερον,
1388 4430 1564 4485 ἄλλων
1610 4428 1732 4484 κατ’

156 4514 316 4568 ἄλλον
346 4496 763 4586 ἐνεργουμένων
826 4517 921 4569 ναὶ
967 4496 1156 4589 χρόνον
1191 4496 1285 4572 καὶ
1335 4519 1576 4590 τρόπονξ,
1637 4518 1733 4572 καὶ

160 4602 351 4675 κομιδῇ
381 4620 442 4671 γε
475 4604 671 4672 ὀλίγων
709 4606 804 4658 καὶ
837 4607 926 4658 ἐπ’
960 4607 1165 4676 ὀλίγον,
1218 4611 1358 4663 κατὰ
1390 4609 1485 4664 δύο
1534 4610 1729 4680 μόνους

157 4694 472 4765 χρόνους,ἥ
514 4695 611 4747 καὶ
638 4695 895 4764 τρόπους,
956 4699 1213 4765 πολλάκις
1265 4702 1409 4772 τρεῖς
1438 4717 1454 4734 ο
1501 4701 1662 4771 μόνος
1703 4704 1732 4756 6

158 4781 444 4851 θεοπάτωρ
476 4778 855 4853 οῦτοςλέγοιτο
879 4787 923 4839 δ’
939 4787 1004 4841 ἂν
1035 4790 1126 4843 καὶ
1156 4791 1613 4861 προφητοπάτωρ,
1636 4793 1725 4848 δὴ

161 4872 374 4925 πάντων
404 4868 534 4943 ἦλθε
568 4874 661 4926 καὶ
684 4874 890 4945 χρόνων
947 4878 1042 4932 καὶ
1077 4878 1295 4950 τρόπων
1328 4897 1344 4912 ·
1374 4884 1468 4933 καὶ
1498 4882 1591 4936 νῦν
1620 4885 1720 4944 μὲν

158 4960 299 5031 λέγει
326 4965 399 5015 τὰ
432 4963 793 5037 παρελθόντα,
817 4964 913 5023 νῦν
962 4967 1018 5022 δὲ
1078 4967 1146 5023 τὰ
1208 4970 1360 5036 ὄντα,
1400 4971 1490 5024 νῦν
1534 4971 1590 5024 δὲ
1652 4972 1722 5025 τὰ

159 5053 446 5122 μέλλοντα,
480 5056 577 5108 καὶ
600 5054 698 5110 νῦν
733 5057 831 5128 μὲν
859 5060 998 5132 ὀρᾷο
1043 5060 1150 5115 Καὶ
1197 5057 1339 5127 εἶδε,
1402 5062 1560 5134 φησι,
1614 5063 1721 5117 τὸν

1925 4422 2130 4479 Verum
2166 4430 2222 4476 ut
2254 4421 2494 4477 breviter
2540 4436 2848 4477 sermonem
2880 4422 3255 4492 expediamus,
3284 4438 3409 4478 cum

1829 4525 2149 4572 ceterorum
2249 4514 2635 4585 prophetarum
2736 4514 2827 4567 alii
2882 4529 2978 4583 per
3041 4514 3191 4569 varia
3275 4524 3405 4571 tem-

1828 4624 1961 4680 pora
1992 4617 2047 4662 et
2086 4606 2319 4661 modos:
2354 4616 2518 4676 atque
2570 4603 2626 4658 hi
2669 4604 2888 4675 quidem
2949 4605 3106 4676 pauci
3152 4617 3207 4662 et
3257 4623 3406 4675 raro,

1828 4699 2030 4770 quippe
2070 4712 2194 4752 cum
2221 4712 2319 4766 per
2361 4696 2470 4751 duo
2507 4705 2715 4750 tantum
2752 4703 3019 4766 tempora,
3050 4697 3135 4751 vel
3186 4698 3402 4764 modos,

1832 4792 1899 4844 ad
1934 4805 2211 4845 summum
2249 4798 2378 4854 tres,
2406 4789 2489 4859 agi
2530 4789 2611 4844 cis
2650 4789 2963 4859 contigerit,
2999 4789 3152 4844 solus
3186 4789 3275 4844 hic
3310 4807 3403 4845 uo-

1828 4892 1960 4944 ster,
1986 4878 2081 4934 Dei
2100 4890 2150 4934 et
2163 4880 2542 4948 prophetarum
2558 4876 2921 4948 etiamgPater,
2940 4879 3120 4932 omnia
3136 4881 3403 4948 percurrit

1830 4980 2080 5042 tempora
2134 4977 2192 5025 et
2248 4969 2493 5024 modos:
2532 4977 2588 5024 et
2647 4985 2794 5024 nunc
2847 4970 3067 5038 quidem
3127 4972 3401 5040 praeterita

1827 5061 1981 5126 dicit,
2008 5074 2152 5117 nunc
2185 5058 2496 5129 praesentia,
2529 5056 2688 5111 modo
2718 5056 2881 5112 etiam
2914 5056 3126 5120 futura,
3155 5063 3208 5111 et
3238 5056 3401 5111 modo

154 5143 454 5216 Κύριον-,ιη
498 5143 569 5199 τὰ
600 5145 694 5200 τοῦ
736 5126 987 5219 Κυρίοῦυ
1035 5148 1131 5204 νῦν
1177 5151 1233 5205 δὲ
1287 5126 1477 5207 ditatis;
1512 5126 1719 5220 ‘EIJZS,

1844 5153 1997 5209 videt.
2037 5126 2206 5218 Vidit,
2238 5151 2440 5222 inquit,
2487 5149 2657 5203 David
2712 5148 3020 5211 Dominum,
3063 5157 3159 5204 aut
3187 5163 3250 5203 ea
3279 5163 3397 5217 qua:

155 5233 280 5304 γὰρ,
304 5236 462 5307 φησι,
500 5238 716 5305 Κύριος
741 5237 821 5303 τῷ
855 5239 1032 5294 Δαόίδ
1057 5260 1073 5276 ο
1108 5242 1204 5295 νῦν
1232 5242 1285 5296 δὲ
1323 5243 1555 5299 ἅπτεται
1582 5261 1597 5275 ·
1655 5245 1718 5299 Ἡ

155 5325 405 5393 γλῶσσά
450 5346 572 5399 μου
604 5330 877 5400 κάλαμος
925 5336 1307 5405 ιγγκιμματέιιιις
1348 5337 1716 5408 όξυγράφου,
1762 5402 1763 5409 η

159 5416 402 5484 γλῶτταν
419 5421 480 5474 οὐ
506 5421 602 5493 τὴν
621 5420 726 5485 ἔξω
755 5421 948 5492 λέγων,
975 5425 1154 5494 λέγειν
1183 5428 1291 5499 γὰρ
1319 5428 1385 5482 ἂν
1411 5428 1581 5501 αὐτὴν
1605 5428 1652 5501 (ι
1664 5429 1717 5499 5)

1827 5243 2039 5298 Domini
2063 5249 2193 5298 sunt
2219 5259 2234 5299 :
2263 5242 2425 5296 modo
2448 5241 2635 5295 audit:
2667 5240 2834 5307 Dixit,
2869 5241 3037 5305 enim,
3068 5239 3261 5308 inquit,
3290 5237 3396 5291 Do-

1832 5336 2006 5390 minus
2038 5337 2106 5389 ad
2142 5334 2311 5405 David
2335 5334 2381 5366 ³⁸
2410 5350 2424 5387 ι
2450 5331 2606 5388 Nunc
2636 5335 2811 5402 tangit
2853 5350 2865 5388 :
2906 5331 3111 5402 Lingua
3143 5346 3277 5389 mea,
3314 5331 3391 5385 in-

1834 5429 1976 5499 quit,
2011 5427 2249 5482 calamus
2272 5426 2457 5481 scriba:
2479 5426 2727 5481 velociter
2769 5423 3049 5480 scribentis
3077 5439 3096 5478 :
3131 5424 3394 5496 linguam,

212 5549 263 5582 ³³
294 5550 494 5609 Ezecb.
527 5570 740 5621 sum,
777 5556 832 5612 8.
906 5558 955 5591 ’δ
991 5558 1187 5616 Ezech.
1224 5578 1265 5625 ι,
1299 5563 1350 5627 Ι,
1374 5564 1430 5619 5.
1506 5565 1552 5597 ³⁵
1572 5566 1679 5619 lsa.
1709 5581 1742 5619 v

1844 5568 1874 5621 ι.
1948 5563 2410 5628 "Psal.xt.tv,2.
2491 5566 2502 5575 ‘

533 5688 572 5725 ε
1472 5656 1671 5719 Varias
1714 5656 2036 5720 lectiones.

184 5742 187 5745 Ι
361 5742 429 5819 τεν
431 5782 448 5798 ο
486 5750 898 5819 μερισαμένων,
954 5790 960 5797 .

1817 5758 2209 5828 prehensionem
2229 5756 2306 5810 sic
2325 5752 2619 5826 appellans,
2636 5754 2789 5824 quasi
2811 5753 3048 5823 princeps
3078 5752 3243 5806 animi
3259 5768 3388 5820 pars

216 5814 326 5896 μβ)
367 5812 709 5896 Graecorum:
746 5823 1037 5896 verborum
1085 5838 1281 5896 sensus
1333 5832 1420 5880 est
1459 5843 1473 5879 :
1528 5824 1712 5881 Naum
1817 5812 2251 5896 prehenderetur.

155 5881 349 5938 strident
396 5883 646 5942 divinum
696 5889 893 5948 lemma
944 5895 1093 5949 dicit.
1141 5894 1378 5950 divinans
1422 5899 1710 5957 quatttdam

1895 5897 2007 5959 (t3)
2026 5897 2200 5958 Adde.
2222 5895 2305 5956 vel
2327 5893 2558 5954 subaudi
2582 5893 2769 5960 ἐχρῆν,
2786 5893 2868 5952 vel
2888 5894 3032 5951 aliud
3054 5891 3384 5961 huiusmodi.
