3956 6576
555 461 623 523 71
1779 451 2164 515 EUTlIYMII
2221 452 2587 515 ZIGABENI
3757 451 3825 518 72

559 575 802 644 inquam,
836 574 945 624 non
976 554 1124 623 hanc
1157 552 1487 621 exteriorem
1541 564 1894 638 in‘lelligens;
1929 567 2133 638 quippe

2238 566 2466 638 μᾶλλον,
2499 565 2618 620 ἀλλ’
2649 564 2682 636 ἢ
2723 564 2981 638 γράφειν,
3011 565 3148 620 ἀλλά
3179 567 3280 638 τήν
3307 565 3401 620 τοῦ
3435 569 3576 621 νοεῖν
3621 568 3822 640 δηλον-

557 678 679 721 cum
715 660 867 732 loqui
893 675 1013 716 eam
1057 659 1239 730 potius
1269 673 1434 730 quam
1469 657 1715 714 scribere
1761 664 1861 730 par
1908 657 2126 726 luisset,

558 757 650 813 sed
681 755 997 808 interiorem
1031 751 1344 806 intellectus
1376 751 1642 822 linguam,
1671 765 1794 820 qua:
1847 764 1989 805 novo
2048 755 2130 804 at-

558 862 661 915 que
699 837 958 900 inellab'ili
993 843 1232 915 qdodain‘
1265 844 1444 907 modo,
1483 845 1659 914 ipsum
1711 829 1976 914 Spiritum
2007 843 2130 896 tan-

558 939 739 1010 gebat,
774 935 1141 1008 palpabatque
1170 952 1235 992 eo
1273 938 1536 990 nimirum
1587 935 1770 1000 modo,
1799 949 1909 1004 quo
1938 948 1966 987 a
1992 933 2130 989 scri-

557 1040 713 1101 ptore
766 1031 1008 1100 tangitur
1067 1030 1481 1097 calamuszper
1537 1043 1726 1098 quem,
1777 1041 1841 1082 ea
1896 1041 2021 1097 quae
2051 1025 2132 1081 illi

557 1122 796 1177 revelata
831 1127 1010 1188 erant,
1042 1123 1322 1192 eleganter
1347 1117 1626 1176 scribebat
1668 1123 1683 1174 ἑ
1719 1133 1896 1190 neque
1922 1121 1974 1174 id
2007 1129 2130 1174 tan-

556 1223 694 1280 tum,
726 1215 819 1269 sed
851 1227 904 1268 et
936 1215 1196 1268 velociter
1225 1213 1275 1267 id
1300 1213 1514 1283 agebat.
1542 1211 1696 1267 Unde
1727 1221 1782 1268 et
1809 1212 2130 1267 manifesm-

555 1305 755 1358 tionem
785 1304 1081 1374 prophetia
1108 1303 1334 1366 indicat,
1363 1307 1414 1358 et
1438 1303 1815 1358 vehementem
1848 1305 2037 1366 etiam,
2067 1316 2132 1356 ac

557 1397 788 1450 Validam
829 1381 1074 1466 Spiritus
1117 1396 1566 1461 concitationem,
1611 1395 1742 1450 dum
1783 1395 2131 1450 velocissimo

555 1489 752 1544 scriba
796 1505 916 1544 eam
973 1491 1276 1558 comparat.
1339 1485 1484 1542 Alibi
1525 1495 1743 1558 gustum
1799 1485 1906 1542 sibi
1937 1485 2132 1540 adesse

555 1591 851 1639 attestatur
878 1583 1069 1637 diaetis
1099 1599 1111 1634 :
1147 1580 1319 1646 Quam
1350 1580 1530 1634 dulcia
1558 1578 1803 1650 faucibus
1837 1579 1966 1634 meis
2015 1579 2131 1633 ειυά

555 1677 681 1745 quia
713 1685 804 1730 tua
832 1687 989 1742 super
1039 1677 1141 1727 met
1166 1674 1246 1726 ori
1278 1688 1390 1727 meo
1415 1673 1486 1727 ".
1521 1672 1695 1742 Ipsius
1729 1672 1930 1727 etenim
1964 1670 2130 1726 intele

557 1766 738 1822 Icelus
799 1781 860 1820 os
922 1779 983 1820 ac
1039 1763 1231 1819 fauces
1293 1763 1732 1828 delectabantur,
1771 1777 1896 1816 cum
1944 1761 2130 1816 divina

551 1859 911 1913 oraculorum
949 1856 1167 1926 eloquia
1199 1855 1516 1923 deglutiret,
1555 1868 1618 1909 ac
1670 1859 1862 1909 rursus
1905 1861 2132 1909 revoca-

2239 659 2343 723 ότι,
2378 659 2566 712 καινόν
2609 673 2729 712 τινα
2786 659 2988 730 τρόπον
3019 660 3405 729 ἐφαπτομένην
3442 660 3538 714 τοῦ
3570 663 3825 732 πνεύμαο

2237 768 2350 814 τος,
2381 751 2456 810 ὡς
2485 752 2852 822 ὑπογραφέως
2884 751 3154 822 κάλαμος,
3177 751 3246 804 δι’
3268 753 3440 822 αὐτῆς
3461 754 3561 816 τὰς
3581 754 3821 822 γνώσεις

2240 845 2767 916 καλλιγράφοῦντος,
2811 845 2906 898 καὶ
2941 845 3003 898 οὐ
3052 843 3213 897 τοῦτο
3256 844 3441 914 μόνον,
3503 845 3642 899 ἀλλά
3729 849 3824 898 καὶ

2239 935 2676 1006 ὀξυγραφοῦντος
2715 941 2728 966 ⁸
2758 935 2902 989 οὕτω
2933 936 3024 990 διὰ
3057 938 3156 1006 μὲν
3185 938 3300 991 τῶν
3325 941 3677 1009 γραμμάτων
3724 939 3824 1008 τὴν

2239 1029 2532 1100 ἐνάργειαν
2555 1029 2653 1097 τῆς
2686 1029 3027 1100 προφητείας
3059 1029 3328 1100 ἐδήλωσεν
3360 1048 3372 1062 ·
3421 1031 3523 1102 τὴν
3579 1030 3823 1102 ὀξύτητα

2237 1120 2314 1186 δὲ,
2342 1120 2431 1174 διὰ
2459 1120 2561 1191 τῆς
2591 1118 2948 1191 ὀξυγραφίας.
2973 1118 3089 1175 Νῦν
3115 1123 3171 1176 δὲ
3204 1122 3622 1195 τὴνγευστικὴν
3640 1124 3823 1193 ἐαυτῷ

2241 1215 2661 1284 προσμαρτυρεῖ
2693 1213 2928 1282 δύναμιν
2959 1227 2975 1243 ⁸
3047 1216 3148 1281 Ὠς
3199 1217 3429 1286 γλυκέα
3493 1217 3626 1288 γὰρ,
3665 1220 3824 1288 φησὶ,

2238 1272 2320 1368 τίς)
2350 1272 2607 1374 ,ιξίρῷγτίί
2627 1321 2748 1374 μου
2783 1272 2854 1359 τά
2885 1307 3062 1377 λόγια
3083 1272 3223 1364 σρυί
3285 1310 3396 1362 Καὶ
3414 1272 3520 1381 γάῥ
3553 1272 3870 1398 έδλέῆτδέῖ

2240 1393 2463 1464 ἡδύνετο
2493 1395 2689 1462 στόμα,
2714 1394 2785 1448 τὰ
2823 1395 2979 1464 λόγια
3003 1396 3113 1450 τῶν
3173 1399 3438 1470 χρησμῶν
3493 1393 3848 1466 καταπίνω(

2240 1488 2336 1538 καὶ
2363 1482 2433 1538 αὖ
2465 1486 2761 1557 ἀναφέρον,
2799 1487 3002 1559 πολλῆς
3031 1489 3220 1559 ἡδονῆς
3259 1489 3389 1560 περί
3419 1508 3480 1543 τε
3507 1491 3607 1561 τὴν
3655 1493 3827 1544 κατὰ·

2241 1584 2400 1629 ποσιν
2426 1577 2523 1630 καὶ
2560 1579 2659 1648 τὴν
2686 1578 2942 1632 ἀνάδοσιν
2972 1579 3368 1650 αἰσθανόμενος
3397 1598 3411 1614 ο
3477 1582 3720 1654 ἀλλαχοῦ
3771 1584 3826 1636 δὲ

2240 1669 2334 1722 καὶ
2360 1665 2460 1738 τὴν
2491 1667 2719 1738 καρδίαν
2759 1669 3130 1741 ἐρευγομένην
3160 1670 3314 1738 λέγει
3366 1673 3426 1725 τδ
3459 1673 3694 1740 ἀγαθὸν.
3724 1674 3826 1744 τὴν

2241 1758 2578 1830 βαθυτάτην,
2617 1759 2693 1824 ὡς
2722 1760 2788 1814 ἂν
2818 1762 3017 1825 εἴποις,
3051 1763 3146 1816 καὶ
3177 1763 3544 1834 ὑποδεκτικὴν
3601 1765 3828 1819 πάντων

2239 1851 2333 1905 τοῦ
2351 1852 2468 1916 νοὸς
2500 1851 2754 1921 δύναμιν,
2782 1853 2858 1917 ὡς
2887 1853 3553 1927 ὕπερεμπεπληρωμένην
3573 1857 3714 1926 ὃλην
3734 1859 3830 1909 καὶ

559 1958 669 2004 ret.
708 1943 999 2002 Maximam
1028 1947 1174 2000 enim
1210 1948 1497 2016 propheta,
1520 1953 1634 2000 tum
1667 1943 2018 2018 deglutiendo
2047 1960 2132 2011 ea,

2239 1944 2376 1997 ὅλων
2405 1943 2512 1997 τῶν
2541 1943 2766 2012 ἀγαθῶν
2801 1947 3113 2016 βρωμάτων
3138 1946 3234 1999 τοῦ
3276 1949 3417 2000 Πνεύ
3429 1959 3626 2017 ματος.
3679 1949 3830 2002 Σπάο

555 2041 673 2095 tum
708 2039 1015 2095 r‘eVocandO
1045 2039 1386 2110 percipiebat
1415 2039 1772 2109 voluptatem.
1812 2035 1934 2092 Alio
1967 2038 2130 2093 etiam

555 2133 613 2188 in
647 2134 768 2188 loco
791 2139 1074 2187 crurtasse
1096 2126 1228 2185 didit
1251 2135 1348 2185 cur
1377 2139 1536 2186 suum
1560 2125 1790 2186 verbum
1814 2130 2018 2186 bonum
2044 2127 2089 2160 “
2115 2133 2132 2184 ι

556 2223 666 2278 vim
693 2223 988 2293 quamdam
1020 2214 1332 2277 intellectus
1355 2213 1862 2292 proidndiSsitnam,
1893 2229 2027 2277 etut
2059 2221 2132 2274 ita

558 2317 761 2379 dicam,
795 2315 1044 2370 omnium
1081 2317 1498 2385 capacissitnam
1521 2316 1602 2370 sic
1635 2314 1938 2385 appellans,
1964 2311 2134 2369 veluti

556 2419 682 2477 qua:
720 2407 982 2462 omnibus
1029 2405 1210 2462 sancti
1261 2405 1503 2476 Spiritus
1539 2405 1683 2460 cibis
1741 2400 1808 2458 ad
1857 2411 2134 2460 summum

556 2500 719 2570 plena
751 2507 917 2555 esset.
954 2487 1152 2553 Rarior
1179 2498 1235 2552 in
1269 2499 1336 2553 eo
1378 2495 1481 2552 fuit
1505 2495 1768 2552 odoratus
1795 2496 2006 2567 ﬁgura:
2039 2493 2136 2552 sed

559 2589 778 2645 caneris
805 2589 1065 2644 omnibus
1096 2589 1272 2642 multo
1298 2587 1605 2642 molestior.
1646 2580 1786 2641 Nam
1826 2585 1973 2658 quod
2004 2587 2139 2657 legis

561 2691 688 2738 mus
735 2672 1012 2750 :Myrrha
1064 2688 1114 2734 et
1151 2688 1317 2733 stacta
1379 2686 1427 2733 et
1485 2678 1661 2732 cassia
1723 2689 1757 2731 α
1813 2678 2136 2734 vestimentis

562 2775 666 2828 mis
696 2774 763 2839 υ,
803 2773 855 2826 id
883 2772 953 2827 ab
996 2783 1062 2826 eo
1092 2771 1299 2825 dictum
1325 2779 1431 2834 est.
1462 2783 1584 2824 cum
1625 2767 1917 2842 [adversus
1944 2779 2136 2839 putre-

561 2862 746 2918 dinem
776 2873 829 2917 et
862 2861 1276 2930 corruptionem
1307 2859 1626 2914 cicatricum
1652 2859 1902 2932 suarum]
1935 2859 2137 2914 bonum

564 2970 628 3010 ac
655 2961 876 3009 suavem
906 2949 1111 3008 Christi
1141 2950 1364 3006 odorem
1396 2951 1800 3020 praesensisset.
1837 2944 1949 3004 Hoc
1977 2950 2138 3019 pacto

565 3055 664 3117 per
703 3045 889 3101 omnia
919 3045 1232 3100 intellectus
1269 3043 1542 3110 sensoria,
1577 3044 1834 3099 seientias
1865 3057 1928 3096 ac
1962 3043 2137 3096 rirtua

569 3148 650 3193 tes
690 3147 882 3193 omnes
943 3121 1263 3206 spiriiuales
1325 3135 1558 3206 adeptus
1617 3143 1720 3193 est.
1754 3133 2136 3191 Conditionem

2236 2041 2349 2097 νιος
2376 2035 2406 2088 δ
2433 2035 2534 2105 τῆς
2568 2034 2944 2107 ὀσφραντικῆς
2981 2039 3041 2092 ὲν
3079 2037 3232 2108 αὑτῷ
3295 2039 3488 2103 τύπος,
3545 2041 3640 2094 καὶ
3691 2041 3827 2093 πολὺ

2234 2129 2347 2182 ⁴τῶν
2371 2128 2546 2184 ἄλλων
2579 2128 3079 2200 δυσφωρατώτερος
3107 2145 3122 2160 ⁸
3171 2133 3436 2201 Σμύρνα,
3509 2134 3666 2202 φησι,
3729 2133 3830 2186 καὶ

2235 2220 2492 2289 στακτὴ,
2522 2219 2622 2274 καί
2670 2223 2924 2287 κασσία,
2957 2222 3076 2276 ἀπὸ
3104 2221 3222 2277 τῶν
3273 2225 3518 2293 ίματίων
3554 2241 3698 2287 σου,
3732 2225 3831 2292 τῆς

2237 2313 2466 2376 εὐωδίας
2496 2312 2596 2382 τῆς
2619 2313 2763 2366 κατά
2789 2313 3038 2386 Χριστὸν
3077 2315 3638 2386 ἀντιλαμϐανόμενος.
3665 2315 3830 2370 Οὕτω

2235 2405 2304 2459 δι’
2338 2404 2478 2459 ὅλων
2511 2405 2606 2459 τοῦ
2625 2405 2744 2468 νοὸς
2771 2404 2880 2459 τῶν
2912 2405 3244 2475 αἰσθήσεων,
3267 2407 3378 2461 τῶν
3431 2409 3524 2461 τοῦ
3570 2409 3832 2479 Πνεύμα-

2236 2513 2330 2561 τος
2358 2496 2498 2551 ὅλων
2537 2497 2894 2565 ἀντελάϐετο,
2925 2496 3026 2551 καὶ
3053 2498 3313 2566 γνὼσεων
3369 2501 3463 2553 ναὶ
3509 2500 3828 2570 δυνάμεωνε

2237 2586 2402 2658 Δηλοῖ
2419 2588 2478 2642 δι
2507 2589 2608 2660 τὴν
2642 2589 2994 2661 προφητικὴν
3061 2583 3176 2654 ἕξιν
3215 2589 3304 2644 διά
3362 2587 3455 2644 τοῦ
3513 2590 3699 2659 λόγου,
3740 2592 3832 2644 καὶ

2237 2680 2395 2735 οῦδιν
2433 2680 2584 2750 αὑτῷ
2607 2681 2871 2752 διαφέρον
2898 2681 2966 2735 τὰ
2999 2681 3344 2752 παρελθόντα
3394 2682 3510 2751 (id)
3564 2681 3776 2750 λέγειν,
3798 2683 3832 2752 ἢ

2240 2771 2339 2824 καὶ
2376 2769 2449 2822 τὰ
2482 2770 2773 2840 μέλλοντα.
2801 2771 3072 2834 Πολλάκις
3146 2770 3281 2840 γοῦν
3338 2772 3667 2826 mnam:
3735 2771 3832 2840 τὴν

2238 2862 2394 2928 τάξιν
2414 2879 2428 2893 ο
2459 2865 2552 2916 καὶ
2581 2863 2642 2916 τὸ
2675 2863 2795 2933 μὲν,
2827 2863 2903 2927 ὡς
2933 2864 3033 2935 ἤδη
3067 2865 3334 2934 γεγονότα
3372 2865 3520 2934 λέγει
3558 2867 3631 2919 τὰ
3666 2883 3832 2936 γενη-

2243 2955 2447 3022 σόμενα
2479 2969 2495 2986 ⁸
2523 2954 2587 3007 τὸ
2610 2955 2666 3008 δὲ
2697 2955 3016 3008 τούναντίον
3039 2971 3055 2986 ⁶
3117 2954 3263 3008 οὕτω
3304 2955 3416 3024 γὰρ
3476 2957 3538 3008 τό
3561 2972 3576 2988 ο
3609 2956 3751 3011 'Im
3779 2959 3831 3008 tt

2234 3047 2354 3116 μὲν
2383 3045 2696 3114 ἐφρύαξαν
2726 3046 2895 3112 ἔθνη,
2934 3045 3035 3098 καὶ
3078 3046 3477 3114 παρέστησαν
3523 3047 3622 3100 καί
3675 3063 3831 3100 avr-

2241 3135 2547 3204 ἤχθησαν,
2582 3137 2677 3188 καὶ
2709 3135 2844 3189 ἄλλα
2869 3136 3119 3203 τοιαῦτα,
3159 3136 3283 3190 ἀντὶ
3310 3137 3403 3190 τοῦ
3457 3138 3830 3207 ⁴ιδρυάξονται,

562 3239 771 3293 autem,
812 3233 979 3297 atoue
1017 3225 1269 3282 habitum
1331 3224 1642 3296 Prophetas,
1683 3227 1934 3283 oratione
1971 3235 2133 3297 atque

2242 3229 2331 3280 καὶ
2366 3229 2846 3300 Παραστήσονται,
2881 3230 2976 3284 καὶ
2995 3230 3454 3301 Συναχθήσονται.
3485 3231 3560 3283 Τὸ
3584 3230 3643 3282 δέ
3668 3247 3683 3261 ο
3737 3231 3832 3283 'Er

560 3332 815 3376 sermone
842 3330 944 3375 suo
978 3318 1190 3373 clarum
1227 3315 1378 3382 facit,
1418 3327 1542 3372 cum
1573 3318 1709 3372 nihil
1751 3311 2133 3388 diﬂ‘eratapud

2245 3277 2490 3388 ποταιιῶ
2505 3277 2924 3374 διελεύσονται
2943 3321 3081 3374 ποδί
3094 3363 3108 3388 ,
3129 3277 3250 3376 ἐντί
3271 3321 3386 3388 τοῦ,
3405 3322 3833 3393 Διεληλύθεσαν,

557 3427 707 3477 eum,
731 3412 1013 3482 pmsentia
1035 3411 1237 3476 direre,
1262 3421 1355 3465 aut
1380 3405 1583 3464 futura.
1609 3400 1996 3479 Smpenumero
2026 3421 2134 3466 non

558 3507 802 3560 ordinem
831 3508 1104 3568 immutat,
1142 3513 1195 3557 et
1228 3502 1436 3572 aliquid
1471 3509 1530 3554 ut
1569 3501 1683 3571 1am
1709 3500 1914 3555 laetum
1947 3499 2139 3555 narrat

2242 3410 2271 3463 ὃ
2297 3412 2506 3465 καὶτοῦ
2546 3411 2692 3466 θείου
2727 3413 3044 3483 Πνεύματος
3104 3415 3434 3480 ίδιαίτατον,
3481 3415 3649 3486 μηδὲν
3683 3432 3833 3487 παρα

2245 3502 2503 3572 εληλυθὺς
2533 3502 2756 3574 έχειν,ῆ
2786 3505 2998 3574 μέλλον,
3028 3504 3142 3557 ἀλλ’
3173 3507 3443 3559 ἐνεστῶτα
3466 3509 3669 3560 πάντα.

555 3599 701 3669 quod
732 3599 970 3652 futurum
1008 3604 1092 3652 est
1125 3613 1140 3649 :
1179 3607 1370 3650 contra
1405 3596 1567 3650 etiam
1593 3595 1888 3664 aliquando
1911 3593 2092 3648 futura
2122 3595 2348 3664 projam
2383 3595 2562 3660 factis,
2587 3597 2891 3666 cujusmodi
2925 3597 3055 3652 illud
3082 3605 3192 3653 est:
3219 3599 3397 3663 Quare
3427 3601 3834 3655 insurrexerunt

556 3703 730 3764 gentes
752 3693 819 3754 ³⁰,
849 3689 918 3761 [et
944 3689 1122 3760 populi
1158 3689 1402 3742 meditati
1470 3697 1594 3742 sunt
1665 3685 1930 3758 inania?j
2008 3686 2079 3741 Et
2146 3689 2429 3743 astiterunt
2501 3705 2643 3760 reges
2702 3701 2890 3756 terra,
2941 3699 2990 3746 et
3047 3693 3310 3761 principes
3361 3702 3719 3746 conuenerunt
3777 3693 3832 3744 in

555 3800 739 3845 unum,
770 3795 899 3842 eic.,
945 3795 1042 3851 pro
1093 3795 1156 3834 eo
1196 3779 1338 3848 quod
1377 3791 1481 3844 est,
1543 3779 1844 3850 Insurgc’nt,
1899 3778 2318 3848 meditabantur,
2352 3782 2625 3849 astabant,
2685 3786 3012 3838 convenient.
3071 3783 3201 3841 Item
3269 3784 3438 3839 illud:
3482 3784 3549 3838 In
3603 3785 3833 3854 ﬂumine

555 3876 949 3946 pertransibunt
991 3874 1118 3942 pede
1142 3869 1212 3937 ³³,
1244 3873 1346 3926 hoc
1403 3883 1483 3928 est
1521 3873 1982 3943 pertransierum.
2027 3873 2122 3928 Est
2161 3876 2307 3930 enim
2347 3879 2448 3930 hoc
2476 3876 2647 3931 divini
2676 3875 2913 3947 Spiritus
2971 3880 3269 3946 peculiare,
3305 3887 3364 3934 ut
3423 3878 3558 3933 nihil
3597 3892 3833 3949 praster-

560 3973 693 4028 itnm
725 3971 908 4033 ducat,
937 3977 1032 4022 aut
1085 3966 1351 4033 futurum,
1380 3982 1505 4022 cum
1537 3967 1615 4023 illi
1657 3967 1843 4022 omnia
1881 3970 2178 4037 praesentia
2217 3969 2348 4025 sint.

631 4065 725 4120 llis
748 4067 1006 4120 omnibus
1040 4061 1430 4128 consideratis,
1463 4064 1794 4123 accedamus
1847 4067 1914 4123 ad
1969 4069 2136 4140 parti-

559 4161 800 4214 cularcm
850 4157 1285 4226 uniuscujusque
1342 4159 1536 4227 psalmi
1597 4159 2131 4230 interpretationem,

560 4265 671 4305 uno
698 4256 908 4303 tantum
937 4246 1246 4302 necessario
1271 4259 1322 4303 et
1349 4251 1584 4318 generali
1614 4252 1763 4306 dicto
1794 4251 1972 4307 adhuc
1997 4268 2138 4322 pra:-

559 4341 732 4395 misso
762 4355 776 4392 :
805 4339 949 4408 quod
985 4353 1094 4392 non
1129 4339 1311 4392 omnia
1347 4338 1514 4400 dicta.
1545 4353 1656 4393 uno
1681 4340 1842 4394 modo
1868 4341 2138 4410 interpre-

559 4434 832 4497 tabimur,
889 4431 1145 4486 videlicet
1179 4431 1482 4487 secundum
1526 4430 1838 4498 historiam,
1898 4440 1993 4486 aut
2044 4446 2135 4488 se-

2316 4066 2570 4122 Τοσαῦτα
2620 4069 3176 4140 παραθεωρήσαντες,
3217 4071 3310 4126 ἐπὶ
3361 4071 3461 4144 τὴν
3491 4073 3635 4128 κατὰ
3674 4073 3829 4138 λέξιν

2241 4158 2578 4230 ὁρμήσωμεν
2615 4158 2726 4211 τῶν
2757 4159 2998 4230 ψαλμῶν
3054 4161 3342 4233 ἐξήγησιν,
3388 4165 3566 4218 ἐκεῖνο
3628 4169 3833 4231 κοινῶς

2243 4252 2340 4306 καὶ
2371 4251 2689 4319 ἀναγκαίως
2716 4254 3153 4324 ἀποφηνάμενοι,
3211 4255 3288 4320 ὡς
3343 4257 3442 4327 οὐχ
3489 4257 3712 4312 ἅπαντα
3763 4259 3833 4313 τά

2245 4343 2389 4415 ρητά
2420 4343 2544 4397 καθ’
2576 4343 2676 4397 ἕνα
2709 4345 2914 4415 τρόπον
2972 4347 3420 4418 ἐξετασθήσεται,
3490 4345 3604 4402 οἷον
3636 4351 3670 4419 ἢ
3702 4352 3831 4404 καθ’

2247 4435 2490 4506 ἱστορίαν
2519 4435 2703 4507 μόνον,
2741 4436 2773 4507 ἢ
2817 4437 2958 4491 κατὰ
3011 4439 3433 4512 προφητείαν,ἦ
3476 4443 3623 4495 κατὰ
3651 4443 3831 4514 ἀλλη-

557 4522 800 4579 cundum
825 4523 1189 4594 prephetiam,
1217 4531 1312 4576 aut
1340 4521 1643 4578 secundum
1669 4521 2006 4593 allegoriam,
2039 4530 2133 4577 aut

2243 4526 2457 4597 γορίαν,
2488 4526 2521 4596 ἢ
2557 4525 2698 4580 κατά
2752 4526 2850 4598 τὴν
2889 4525 3088 4598 ἠθικὴν
3139 4528 3528 4583 διδασκαλίαν
3593 4533 3740 4585 ἀλλὰ
3770 4534 3833 4586 τὺ

561 4618 865 4673 secundum
926 4615 1190 4670 moralem
1246 4633 1469 4672 sensum
1525 4615 1667 4670 :sed
1736 4631 1908 4670 unum
1971 4623 2133 4685 atque

2243 4619 2373 4671 αὐτὸ
2411 4617 2676 4681 πολλάκις
2709 4618 2928 4682 πολλοῖς
2967 4620 3062 4673 καὶ¹
3103 4620 3386 4691 διαφόροις
3424 4624 3649 4692 τρόποις
3685 4624 3832 4678 ὑπο-

562 4709 704 4765 idcm
731 4707 961 4774 dictum,
994 4724 1374 4779 saepenumero
1407 4711 1568 4764 variis
1588 4709 1845 4765 sensibus
1872 4709 2129 4780 subjicieo

2246 4708 2603 4780 ϐληθήσεται,
2635 4711 2731 4764 καὶ
2765 4710 2958 4781 ὥσπερ
2983 4712 3040 4766 έν
3070 4711 3330 4783 δένῖροις,
3366 4713 3477 4766 εἴτε
3525 4715 3622 4767 καὶ
3653 4715 3833 4787 σπέρ-

562 4818 704 4858 mus.
732 4800 866 4856 Nam
897 4802 1362 4872 quemadmodum
1408 4803 1462 4857 in
1495 4801 1789 4857 arboribus
1821 4807 1878 4855 et
1908 4800 2133 4856 semini.

2247 4815 2402 4870 μασι,
2441 4800 2638 4854 πολλαί
2665 4817 2812 4862 τινες
2845 4802 2901 4854 αἱ
2935 4801 3194 4871 ἐκφύσεις
3225 4804 3319 4855 καὶ
3349 4803 3615 4874 δυνάμεις
3646 4819 3662 4835 ο
3734 4807 3835 4858 καὶ

562 4895 689 4961 bus,
727 4896 884 4964 plura
921 4909 985 4948 ac
1010 4894 1164 4947 varia
1195 4900 1326 4948 sunt
1365 4892 1615 4964 germina
1647 4901 1701 4946 et
1750 4891 1919 4957 vires,
1962 4889 2133 4959 siqui-

2241 4893 2350 4961 γὰρ
2383 4893 2441 4943 ἐν
2478 4890 2678 4962 δένδρῳ
2707 4890 2855 4961 ῥίζα,
2892 4894 2987 4945 καὶ
3019 4892 3293 4962 στέλεχος,
3327 4895 3422 4946 καὶ
3472 4895 3693 4957 κλάδος,
3733 4895 3834 4948 καὶ

561 4987 686 5044 dem
728 4989 780 5042 in
811 4989 1006 5042 arbore
1035 4995 1091 5041 et
1119 4986 1272 5041 radix
1300 4996 1403 5052 est,
1435 4996 1488 5040 et
1519 4993 1781 5050 truncus;
1820 4981 1948 5037 item
1974 4982 2133 5050 rami,

2246 4983 2454 5053 φλοιὸς,
2489 4985 2583 5036 καὶ
2616 4984 2815 5051 φύλλα,
2841 4985 2938 5038 καὶ
2955 4985 3252 5056 ἐντεριώνη
3280 5003 3293 5017 ·
3330 4986 3424 5040 καὶ
3447 4988 3504 5038 ἐν
3537 4988 3833 5057 σπέρμασι

562 5089 772 5146 cortex,
802 5078 933 5134 folia
977 5087 1032 5133 et
1062 5077 1301 5133 medulla
1331 5095 1346 5132 :
1385 5085 1438 5132 et
1492 5076 1546 5130 in
1581 5074 1911 5138 seminibus,
1946 5072 2133 5140 herba,

2242 5077 2398 5148 χλόη,
2431 5077 2530 5131 καὶ
2557 5077 2828 5146 κάλαμος,
2863 5079 2957 5131 καὶ
2975 5077 3312 5149 ἀνθερίσκοι,
3345 5080 3438 5131 καὶ
3460 5079 3646 5146 λέπος,
3671 5081 3778 5132 καὶ
3805 5083 3834 5133 ὸ

562 5172 788 5241 stipula,
848 5171 1054 5235 aristae,
1116 5167 1479 5239 squammula:
1536 5175 1589 5221 et
1619 5167 1834 5221 fructus
1893 5181 1990 5235 pro
2033 5181 2133 5219 uno

2245 5165 2457 5238 καρπὸς
2499 5167 2617 5222 ἀνθ’
2649 5169 2766 5233 ἐνὸς
2825 5169 3044 5240 μυρίος,
3099 5168 3242 5223 οὕτω
3285 5171 3378 5224 καὶ
3422 5170 3603 5242 πολλῷ
3655 5173 3835 5224 πλέον

562 5263 994 5318 innumerabiles
1036 5280 1050 5317 :
1094 5263 1173 5317 sic
1198 5263 1364 5316 etiam
1409 5271 1466 5315 et
1509 5259 1682 5313 multo
1726 5257 1902 5328 magis
1957 5259 2012 5331 in
2052 5259 2133 5314 his

2247 5261 2340 5313 ἐπὶ
2363 5260 2457 5313 τοῦ
2492 5260 2832 5330 Πνεῦματος.
2863 5263 2972 5314 Καὶ
2994 5263 3052 5314 οὐ
3083 5261 3288 5332 μέμύις
3320 5263 3431 5315 τῶν
3459 5263 3833 5334 εὑρεθέντων,

561 5373 683 5427 quae
714 5366 842 5412 sunt
876 5358 1124 5426 spiritus.
1158 5354 1345 5426 Neque
1390 5353 1678 5408 accusabis
1732 5360 2012 5405 auctorem
2068 5349 2133 5406 de

2244 5353 2382 5406 ἀλλὰ
2444 5352 2744 5422 συγγνώμη
2807 5353 2919 5406 τῶν
2992 5355 3487 5425 παρευρεθέντωνο
3554 5356 3648 5424 τῆς
3719 5357 3836 5426 γὰρ

563 5451 820 5513 inventis.
855 5454 948 5506 sed
981 5452 1232 5520 ignosces
1261 5449 1442 5518 potius
1471 5447 1525 5501 in
1550 5444 1792 5501 omissis.
1826 5445 1960 5511 Quis
1987 5445 2133 5498 enim

2244 5444 2400 5509 ἀξίας
2426 5445 2603 5508 οὐδεὶς
2629 5443 2696 5498 ἂν
2723 5445 2950 5510 δικαίως
2969 5445 3233 5515 ἐφίκοιτο.
3251 5447 3500 5501 Καθόλου
3531 5447 3588 5502 δὲ
3615 5448 3834 5509 είπείν,

563 5543 710 5614 quod
739 5542 877 5599 satis
911 5557 975 5597 ac
1000 5543 1212 5612 justum
1247 5549 1332 5596 est
1359 5541 1522 5610 digne
1551 5538 1789 5592 dixerit?
1818 5537 1875 5591 In
1917 5538 2133 5592 univcr‘

2249 5535 2531 5606 δυνάμεθα
2556 5537 2680 5600 τοὺς
2702 5535 2953 5608 ψαλμοὺς
2992 5539 3424 5610 προσαρμόζειν,
3467 5540 3703 5612 ἐχθροὺς
3731 5539 3833 5594 τοῦ

1956 5707 2001 5738 ”
2059 5705 2206 5760 I’sal.
2248 5720 2392 5771 κων,
2423 5705 2476 5760 9.
2557 5706 2601 5738 ³⁸
2630 5707 2779 5762 Psal.
2807 5723 2867 5772 ιι,
2902 5707 2949 5762 l.
3033 5708 3074 5740 ³¹
3105 5707 3252 5764 Psal.
3287 5722 3416 5774 ων,
3451 5705 3509 5764 6.

1902 5821 2109 5884 Varia)
2162 5821 2493 5884 lectiones.

636 5929 751 6004 (ιι)
795 5928 984 5986 σκετο
1032 5925 1396 5998 παρελθόντα,
1427 5925 1722 5994 prtrterila.
1769 5923 1970 5982 Saulus
2017 5925 2133 5996 legil

2233 5943 2254 5978 π
2265 5923 2447 5991 ρόντα.

633 5713 677 5746 ’⁷
709 5710 858 5767 Ρειιι.
893 5724 1082 5774 cxvnl,
1128 5707 1252 5765 105.
1334 5708 1380 5740 ’⁸
1436 5706 1586 5764 Psal.
1645 5723 1791 5771 xuv,
1823 5705 1880 5761 2.
