3970 6550
272 430 349 493 ’13

1436 427 1827 492 COMMENT.
1860 431 1871 489 1

1974 430 2334 491 PSALMOS.
3464 430 3537 498 τι

274 543 517 613 Χριστοῦ
539 541 789 607 νοοῦντες
853 543 983 607 τοῖς
1033 542 1263 614 ἐχθροὺς
1326 541 1438 595 τῶν
1508 541 1853 612 Χριστιανῶν

1958 557 2079 596 sum
2115 541 2247 596 illud
2283 542 2449 596 etiam
2485 542 2557 597 sit
2581 541 2810 608 dictum,
2837 543 2984 612 quod
3019 555 3317 612 possumus
3342 540 3536 615 [nobis

275 635 561 705 δαίμονας,
593 634 691 687 καὶ
741 633 916 689 Σαοὺλ
968 634 1063 688 καὶ
1110 630 1454 702 Ἀὅεσαλὼμ,
1501 634 1597 687 καὶ
1661 632 1714 685 ετ
1774 648 1859 694 τις

275 725 570 799 τύραννος,
635 726 799 780 αὑτὸν
832 726 1008 795 δήπου
1065 724 1157 779 τὸν
1213 724 1481 790 διάϐολον,
1543 725 1640 778 καὶ
1698 723 1860 777 πάλιν

278 818 601 880 ἐπιϐούλους
637 817 732 871 καὶ
774 815 1057 880 ῦλίσοντας
1089 815 1186 870 καὶ
1245 801 1707 877 καταδιώκοντας,
1762 813 1861 867 καὶ

276 912 373 964 ὅσα
403 910 659 973 τοιαῦτα,
685 911 815 973 τοὺς
845 910 1110 978 δαίμονας
1141 924 1158 940 ⁸
1196 908 1361 962 Δα6“ιδ
1395 907 1473 973 δὲ,
1509 908 1604 961 καὶ
1638 906 1859 979 χριστὸν

277 1003 369 1055 καὶ
402 1001 661 1071 βασιλέα,
695 1002 788 1054 τὸν
834 1000 959 1055 me”
1007 1001 1241 1055 ἕκαστον
1291 1001 1485 1072 ἡμῶν·
1522 1000 1712 1068 ὥσπερ
1751 1000 1858 1071 γὰρ

275 1094 485 1152 ἐκεῖνος
522 1091 753 1162 ἐχρίσθη
788 1091 867 1162 τῷ
901 1092 1067 1163 ἐλαίῳ
1089 1093 1188 1161 τῆς
1217 1092 1392 1162 ἀρχῆς
1426 1093 1507 1154 εἰς
1555 1090 1855 1160 βασιλείαν,

272 1179 419 1234 οὕτω
451 1183 548 1234 καὶ
579 1183 740 1251 ἡμεῖς
769 1184 847 1252 τῷ
883 1182 1050 1252 ἐλαίῳ
1083 1181 1178 1237 τοῦ
1216 1182 1588 1256 βαπτίσματος
1634 1184 1715 1247 εἰς
1757 1183 1857 1254 βα-

277 1273 486 1326 σιλείαν
519 1274 566 1306 ¹⁵
598 1275 708 1328 τῶν
756 1276 815 1329 ἓν
846 1275 1120 1346 οὐρανοῖς.
1160 1277 1300 1328 Ὅσα
1329 1274 1385 1328 δὲ
1414 1277 1523 1329 τῶν
1589 1277 1769 1347 ῥητῶν
1795 1277 1856 1329 οὐ

274 1366 750 1437 προσαρμόζουσι,
792 1367 970 1420 ταῦτα
1001 1368 1359 1436 ὲκφωνοῦμεν
1392 1365 1604 1430 ἁπλῶς,
1636 1366 1715 1430 ὡς
1740 1384 1858 1435 φω-

273 1457 367 1517 νὰς
412 1456 509 1509 τοῦ
565 1458 726 1524 ἀγὶου
780 1457 1118 1528 Πνεὺματος,
1160 1457 1481 1525 ἁγιάζοντες
1522 1457 1610 1511 διὰ
1647 1459 1856 1511 τούτων

271 1548 527 1613 ἑαυτοὺς,
577 1550 742 1603 ὁποῖα
778 1548 846 1601 τὰ
888 1550 982 1602 τοῦ
1019 1548 1271 1618 δευτέρου
1323 1542 1541 1619 ψαλμοῦ
1598 1549 1695 1602 καὶ
1747 1550 1856 1602 τῶν

273 1642 559 1695 τοιούτων.
615 1642 1021 1714 Ἀνεπίγραφος
1047 1642 1145 1713 μὲν
1170 1636 1263 1697 οὖν
1296 1642 1431 1713 παρ’
1481 1641 1758 1712 Ἑϐραίοις
1781 1642 1856 1697 ἂν

270 1735 541 1804 ὁπρῶτος
569 1733 808 1805 ψαλμδς,
871 1735 993 1788 οὐδὲ
1035 1735 1189 1806 παρὰ
1237 1734 1344 1788 τῶν
1396 1735 1855 1807 ἑρμηνευσάντων

271 1824 460 1894 ἔτυχον
528 1829 871 1898 ἐπιγραιρῆς.
919 1826 1075 1883 Ἐστι
1130 1827 1189 1880 δὲ
1271 1826 1334 1879 οὐ
1419 1827 1581 1898 μόνον
1639 1827 1853 1898 ὴθικὸς,

271 1917 409 1973 ἀλλὰ
437 1917 535 1971 καὶ
575 1919 910 1987 δογματικὸς
933 1937 949 1952 ·
986 1921 1046 1973 οὐ
1082 1921 1244 1990 μόνον
1273 1922 1536 1992 παραινεί
1560 1919 1852 1991 προσέχειν

271 2011 381 2070 τοῖς
410 2006 582 2070 θείοις
625 2008 830 2077 λόγοις,
863 2010 1001 2064 ἀλλὰ
1022 2012 1117 2065 καὶ
1150 2010 1387 2076 ἀσεϐῶν,
1414 2011 1511 2065 καὶ
1528 2009 1638 2064 τῶν
1672 2010 1850 2064 ἄλλων

268 2099 638 2169 ἁμαρτωλῶν,
673 2102 923 2173 περιέχει
948 2104 1295 2173 κατηγορίαν
1319 2104 1419 2161 καὶ
1438 2102 1737 2174 τιμωρίαν.

1888 1893 1931 1947 Β

1962 633 2123 706 ipsis}
2161 649 2356 689 omnes
2397 634 2638 702 psalmos
2669 633 3130 689 accommodare:
3164 649 3264 706 pro
3294 634 3534 689 inimicis

1960 722 2186 791 Christi,
2244 725 2520 780 daemones
2574 724 3058 781 Christianorum:
3120 725 3373 781 inimicos
3440 743 3540 799 pro

1962 816 2128 872 Saule
2144 817 2306 871 etiam
2328 827 2379 873 et
2405 818 2699 885 Absalone,
2728 829 2822 873 aut
2849 818 2894 873 si
2931 821 3055 889 quls
3078 819 3219 875 alius
3231 829 3312 874 est
3340 819 3539 889 hujus-

1960 907 2170 964 cemodi
2193 916 2478 981 tyrannus,
2498 909 2799 965 daemonem
2820 911 2932 980 pari
2952 912 3112 966 modo
3128 910 3497 982 intelligentes
3523 929 3537 965 :

1960 1016 2100 1069 quos
2157 1017 2351 1057 omnes
2403 1001 2456 1056 in
2486 1001 2657 1073 ﬁgura
2711 1002 2958 1074 signatos
3006 1017 3128 1058 esse
3163 1003 3536 1073 intelligimus,
3594 1031 3613 1038 ι

1960 1109 2061 1165 per
2094 1093 2441 1150 beati‘David
2481 1103 2898 1164 persecuturum
2950 1102 3111 1164 atque
3145 1094 3535 1150 insidiatorum

1959 1201 2247 1257 personas.
2281 1188 2412 1253 Quae
2440 1201 2573 1241 vero
2599 1186 2703 1256 ipsi
2738 1187 2899 1241 beato
2945 1186 3116 1241 David
3171 1195 3224 1241 et
3272 1196 3439 1241 uncto
3483 1195 3538 1243 et

1960 1278 2075 1349 regi
2109 1279 2466 1342 conveniunt,
2498 1292 2561 1333 ea
2605 1278 2902 1349 unicuique
2930 1274 3189 1334 nostrum
3220 1292 3536 1339 accommo-

1958 1371 2245 1431 dabimus;
2290 1385 2414 1424 nam
2474 1371 2936 1442 quemadmodum
2988 1371 3078 1426 ille
3138 1371 3286 1441 regio
3324 1370 3445 1425 oleo
3478 1370 3533 1427 in

1959 1477 2143 1533 regem
2171 1470 2374 1518 unctus
2397 1470 2504 1527 est,
2548 1463 2622 1516 ita
2654 1471 2708 1517 et
2740 1478 2841 1519 nos
2890 1463 3011 1518 oleo
3063 1463 3412 1534 baptismatis
3463 1465 3530 1517 ad

1958 1569 2188 1627 regnum
2215 1555 2503 1610 caelorum.
2538 1554 2892 1625 Quaecunque
2940 1564 3123 1610 autem
3174 1566 3327 1610 recte
3377 1555 3534 1608 nobis

1955 1661 2262 1717 congruere
2297 1660 2406 1700 non
2439 1655 2696 1716 possunt,
2727 1661 2790 1701 ea
2823 1646 3149 1716 simpliciter
3174 1647 3333 1717 quasi
3359 1648 3533 1700 saneti

1931 1737 2206 1806 ~Spiritus
2239 1751 2402 1790 voces
2459 1735 2778 1801 et‘feremus,
2815 1736 3133 1805 huiusmodi
3174 1734 3359 1790 verbis
3410 1753 3537 1789 nos-

1960 1830 2221 1897 metipsos
2238 1827 2666 1892 sanetilicantes,
2694 1830 2874 1899 qualia
2904 1835 3032 1884 sunt
3062 1844 3182 1899 quae
3212 1829 3266 1884 in
3295 1830 3537 1883 secundo

1961 1929 2092 1975 sunt
2125 1921 2338 1991 pSahno
2386 1932 2440 1976 et
2485 1924 2539 1976 in
2577 1922 2698 1977 aliis
2751 1922 3044 1978 similibus.
3090 1906 3308 1979 Primus
3366 1922 3536 1992 igitur

1960 2013 2205 2083 psalmus
2239 2013 2701 2083 quemadmodum
2729 2015 2870 2083 apud
2904 2016 3164 2071 Hebraeos
3188 2016 3309 2071 sine
3338 2013 3537 2069 inseri.-

1894 2120 1897 2123 λ
1959 2103 2147 2174 ptione
2192 2103 2444 2169 habetur,
2486 2105 2563 2158 ita
2594 2103 2666 2159 ab
2723 2105 2980 2161 omnibus
3030 2105 3420 2176 interpretibus
3450 2110 3536 2162 est

266 2193 561 2248 dimissus.
616 2190 950 2261 Estautem,
1018 2211 1126 2251 non
1188 2196 1416 2251 moralis
1449 2202 1690 2260 tantum,
1750 2196 1842 2251 sed
1884 2196 2160 2266 dogmatis
2191 2196 2355 2252 etiam
2390 2196 2664 2255 refertus:
2724 2213 2902 2270 neque
2929 2199 3075 2254 enim
3146 2207 3363 2254 tantum
3430 2195 3534 2250 ad.-

270 2298 476 2349 monet.
507 2301 565 2345 ut
591 2290 794 2345 divinis
843 2290 1164 2347 insistamus
1189 2289 1446 2361 eloquiis,
1497 2289 1593 2346 sed
1636 2289 1956 2359 impiorum,
1995 2300 2049 2344 et
2114 2290 2351 2345 aliorum
2421 2290 2860 2367 delinquentium
2927 2291 3336 2351 accusationem
3395 2302 3533 2345 con-

268 2386 407 2442 tinet
429 2400 483 2443 et
511 2391 805 2462 supplicia.

329 2584 448 2653 (ιδ)
472 2587 562 2641 ισ.
584 2566 706 2658 τήν.

1594 2481 1800 2549 Varias
1829 2482 2160 2547 leettones.

1754 2946 2053 3033 APXH

1100 3147 1444 3277 ΤΗΣ
1570 3138 2638 3283 ΕΞΗΓΗΣΕΩΣ.

1653 3558 2154 3647 INITIUM

1298 3770 2457 3908 EXPOSITIONIS.

1847 4053 1916 4069 w—

814 4187 1102 4242 ΨΑΛΜΟΣ
1133 4187 1209 4243 A'.

338 4280 641 4348 Μακάριος
692 4278 850 4348 ἀνὴρ
905 4280 973 4347 ὃς
1015 4284 1126 4336 οὐκ
1173 4282 1466 4351 ἐπορεύθη
1524 4282 1595 4336 ἐν
1633 4281 1841 4352 ,ϐουλῇ

271 4372 523 4435 ἀσεϐῶν,
567 4373 665 4426 καὶ
693 4374 763 4426 ἐν
795 4372 911 4438 ὀδῷ
933 4370 1298 4442 ἁμαρτωλῶν
1335 4376 1446 4428 οὐκ
1508 4373 1680 4441 ἔστη,
1741 4377 1841 4428 καὶ

270 4464 365 4517 ἐπὶ
393 4464 650 4532 καθέδρᾳ
675 4463 900 4533 λοιμῶν
925 4466 1034 4518 οὐκ
1065 4464 1384 4532 ἐκάθησεν.
1430 4465 1716 4535 Μακάριος
1745 4482 1843 4517 κυ-

275 4557 397 4617 ρίως
440 4558 539 4626 μὲν
568 4559 596 4608 ὁ
624 4556 780 4620 Θεὸς,
811 4555 992 4619 καθώς
1021 4574 1185 4637 φησιν
1218 4560 1246 4609 ὁ
1286 4556 1511 4619 παῦλος,
1581 4556 1833 4626 Ὁμακά-

261 4663 409 4710 ριος,
472 4646 670 4715 λέγων,
723 4646 821 4699 καὶ
851 4646 1040 4716 μόνος
1082 4645 1413 4716 δυνάστης.
1467 4648 1838 4719 Παρεχιῦρησε

265 4737 318 4790 δὲ
346 4738 438 4791 δ;ὰ
465 4741 563 4808 τῆς
598 4739 971 4809 προσηγορίας
987 4738 1190 4808 ταύτης
1216 4739 1311 4792 καὶ
1340 4739 1588 4809 ἡμῖν,ὡ;
1619 4741 1712 4792 καὶ
1740 4740 1838 4808 τῆς

230 4812 241 4823 ’
266 4828 411 4892 Θεὸς,
444 4829 523 4891 ὡς
555 4829 648 4881 τό·
691 4828 832 4899 Ἐγὼ
874 4826 1034 4895 εἶπα,
1063 4830 1196 4885 Θεοὶ
1233 4831 1375 4884 ἐστε
1397 4869 1412 4893 ,
1479 4830 1572 4882 καὶ
1625 4828 1838 4883 πολλῶν

265 4919 439 4974 ἄλλων
476 4920 760 4976 τοιούτων.
791 4922 864 4975 Τὸ
884 4922 1015 4990 γοῦν
1041 4922 1212 4991 ὄνομα
1250 4921 1428 4982 τοῦτο,
1460 4920 1559 4990 τῆς
1584 4922 1685 4991 μὲν
1712 4921 1834 4975 κατ’

264 5012 461 5085 ἀρετὴν
489 5012 828 5084 τελειότητος
856 5015 1093 5084 ὑπάρχει
1126 5015 1337 5085 καρπός
1360 5031 1373 5044 ο
1432 5014 1583 5083 δηλοί
1627 5013 1683 5067 δὲ
1744 5014 1837 5067 τὸν

264 5104 592 5176 ἀνώλεθρον,
655 5107 730 5170 ὡς
779 5107 1148 5177 ἐστερημένον
1199 5107 1381 5176 πάσης
1433 5105 1623 5177 κηρὸς,
1673 5105 1765 5158 τοῦ
1795 5124 1836 5173 μ

264 5195 689 5260 πλεονάσαντοςο
719 5195 1237 5267 συμπεριλαμϐάνει
1267 5197 1323 5251 δὲ
1349 5197 1442 5250 καὶ
1467 5196 1566 5266 τὴν
1599 5197 1834 5263 γυναῖκα

264 5290 479 5348 πάντως
529 5289 558 5339 ὁ
609 5287 983 5359 μακαρισμὸς,
1004 5286 1080 5350 ὡς
1145 5285 1252 5340 ἀπὸ
1307 5284 1507 5354 μέρους
1575 5283 1637 5336 τὸ
1686 5284 1829 5337 πᾶν

262 5375 506 5444 Reguli)
543 5378 645 5446 μὲν
676 5378 783 5448 γὰρ
806 5378 1093 5447 γυναικὸς
1133 5381 1164 5431 ό
1201 5376 1379 5445 ἀνὴρ,
1408 5374 1547 5429 κατὰ
1578 5375 1668 5429 τὸν
1691 5376 1833 5429 Οεῖον

276 5470 635 5523 Ἀπόστολονο
678 5472 1012 5525 συνάπτεται
1068 5471 1126 5525 δὲ
1172 5474 1240 5541 τῇ
1301 5468 1511 5539 κεφαλῇ
1567 5472 1633 5521 τὰ
1692 5467 1831 5537 μέρη

2514 4154 2846 4237 PSALMUS
2897 4182 2940 4236 l.
3038 4226 3042 4230 _

2020 4272 2185 4331 Vens.
2218 4274 2265 4326 l.
2306 4258 2499 4327 Beatus
2518 4273 2699 4342 virqui
2715 4288 2818 4326 non
2837 4272 2968 4325 abiit
3004 4271 3058 4324 in
3081 4270 3303 4325 consilio
3331 4270 3520 4335 impio-
3617 4294 3619 4297 ί

1944 4385 2084 4434 rum,
2101 4379 2147 4421 et
2172 4368 2226 4420 in
2249 4369 2330 4421 via
2345 4377 2683 4435 peccatorum
2712 4381 2817 4419 non
2843 4364 3007 4425 stetit,
3024 4372 3072 4416 et
3091 4363 3144 4415 in
3162 4360 3413 4416 cathedra
3429 4376 3519 4429 pe-

1942 4461 2192 4514 stilentia:
2213 4475 2318 4513 non
2339 4461 2495 4513 sedit.
2512 4457 2708 4511 Beatus
2728 4457 2944 4524 proprie
2959 4453 3102 4509 Deus
3124 4461 3230 4517 est,
3257 4463 3318 4507 ut
3343 4454 3517 4524 inquit

1945 4551 2171 4615 Paulus,
2229 4553 2297 4606 de
2358 4565 2423 4605 eo
2467 4550 2659 4604 dicens
2683 4549 2769 4601 "z
2812 4545 2915 4612 Qui
2950 4546 3132 4602 beatus
3167 4555 3247 4600 est
3283 4555 3333 4599 et
3371 4546 3518 4601 solus

1944 4651 2124 4711 potens
2147 4651 2237 4696 :et
2265 4652 2443 4694 tamen
2467 4637 2885 4708 appellationem
2922 4636 3062 4691 banc
3085 4636 3245 4691 nobis
3266 4634 3517 4700 indulsit,

1944 4733 2398 4803 quemadmodum
2426 4740 2480 4786 et
2523 4731 2669 4783 illam
2706 4727 2801 4783 Dei
2832 4728 2877 4760 ⁸³
2913 4746 2926 4783 :
2973 4728 3083 4798 Ego
3120 4729 3289 4792 enim,
3313 4728 3515 4798 inquit,

1942 4828 2059 4880 dixi
2096 4843 2115 4881 :
2168 4826 2253 4880 Dii
2279 4826 2405 4880 estis
2439 4822 2530 4897 [et
2564 4822 2665 4893 ﬁlii
2701 4821 2913 4876 Επειδὶ
2961 4819 3179 4891 οιηηεδ]
3206 4837 3221 4886 ;
3251 4829 3306 4874 et
3345 4822 3514 4874 multa

1943 4918 2047 4972 alia
2095 4917 2407 4987 lmjusmodi
2467 4918 2690 4971 nomina
2747 4914 2908 4970 nobis
2963 4913 3190 4983 largitus
3242 4924 3345 4968 est.
3400 4911 3514 4966 Hoc

1942 5018 2123 5064 autem
2151 5009 2507 5065 beatitudinis
2533 5022 2753 5071 nomen,
2797 5005 3014 5061 fructus
3039 5013 3124 5060 est
3157 5004 3304 5059 illius
3335 5003 3512 5073 perfe-

1940 5100 2142 5155 ctionis
2167 5140 2183 5165 ,
2219 5115 2339 5168 quae
2372 5100 2575 5154 virtute
2608 5105 2824 5152 constat
2867 5110 2884 5151 :
2939 5104 2994 5150 et
3033 5095 3190 5164 juxta
3212 5092 3382 5148 Graeci
3417 5106 3510 5144 no-

1939 5190 2105 5245 minis
2174 5189 2556 5261 etymologiam
2629 5187 3098 5243 immortalitatem
3171 5182 3507 5251 signiﬁcat:

1941 5293 2199 5353 tanquam
2278 5290 2555 5353 expertem
2622 5280 2815 5337 mortis
2881 5278 3112 5339 omnis,
3169 5275 3509 5330 redundante

1942 5392 1981 5444 μ
2001 5391 2015 5440 ;
2041 5389 2349 5444 quanquam
2369 5373 2472 5430 sub
2489 5373 2788 5428 masculina
2808 5386 2941 5426 voce
2958 5367 3308 5439 propheticus
3328 5381 3509 5423 sermo

1938 5466 2186 5536 prolatus
2221 5466 2315 5531 sit,
2350 5465 2609 5520 feminam
2638 5473 2817 5520 tamen
2849 5459 3292 5530 comprehendit,
3342 5461 3508 5514 veluti

263 5563 352 5616 τοῦ
380 5561 635 5632 σώματος
657 5579 671 5592 ⁸
707 5563 803 5616 καὶ
836 5557 911 5616 ὧν
939 5564 972 5633 ἡ
1010 5562 1367 5633 ἀνθρωπότης
1403 5561 1579 5630 κοινὴ,
1624 5560 1830 5612 τούτων
1858 5546 1871 5605 ]

1949 5566 2113 5611 totum
2178 5575 2207 5611 ιι
2282 5568 2455 5626 parte.
2520 5556 2654 5610 Nam
2731 5554 3034 5611 secundum
3094 5553 3418 5624 Apostolum
3465 5552 3508 5584 "°

266 5654 354 5707 καὶ
380 5656 448 5709 τὰ
479 5656 622 5726 ἔργα
648 5656 741 5708 καὶ
766 5645 813 5709 δ’
836 5655 1048 5725 μισθός.
1084 5655 1162 5725 Τῇ
1212 5653 1373 5723 φύσει
1426 5652 1482 5706 δὲ
1502 5652 1609 5705 τῶν
1652 5666 1832 5722 πραγ-

331 5852 374 5886 ³¹
404 5855 425 5910 1
462 5855 607 5910 Tim.
637 5869 716 5918 Vl,
757 5854 842 5909 15.
925 5854 969 5887 ⁸³
1002 5854 1145 5911 Psal.
1176 5870 1363 5919 unt,
1410 5855 1467 5912 ϐ’.

586 5950 862 6011 Parnm.
910 5948 1031 6009 Gn.
1081 5949 1401 6010 CXXVIII.

1918 5649 2183 5713 \Mulieris
2213 5659 2367 5722 caput
2395 5658 2472 5705 est
2501 5652 2578 5704 vir
2610 5666 2628 5705 :
2661 5649 3071 5721 coniunguntur
3112 5655 3293 5703 autem
3339 5646 3503 5717 capiti

1551 5853 1600 5887 ”
1633 5853 1833 5924 Ephes.
1868 5871 1920 5920 ν,
1963 5855 2057 5910 23.
