3956 6568
444 406 515 468 75
1654 414 2037 475 EUTHYMII
2077 418 2437 481 ZlGABENI
3649 440 3721 501 76

447 529 642 571 caetera
674 519 923 590 corporis
954 519 1196 575 membra
1229 539 1242 573 :
1280 527 1332 574 et
1367 520 1569 590 quibus
1597 524 1906 580 communis
1936 533 2019 579 est

2127 527 2319 620 μάτων
2384 530 2653 600 ἑπόμενος
2684 536 2713 588 ό
2772 538 2958 603 Δαεὶδ,
2999 542 3154 608 τάξιν
3195 546 3315 599 τινὰ
3377 549 3491 612 τοῖς
3532 551 3722 620 ῥητοῖς

445 609 757 665 humanitas
784 652 796 670 .
854 612 921 666 iis
958 613 1118 666 etiam
1158 628 1318 682 opera
1378 614 1689 669 communia
1740 626 1868 672 sunt
1904 659 1920 682 ,
1973 627 2028 673 et

442 702 686 771 prcemia.
727 701 928 757 Rerum
972 719 1097 758 vero
1126 714 1376 758 naturam
1412 715 1635 761 secutus
1687 706 1880 765 beatus
1929 709 2027 762 Da-

441 791 529 847 vid
559 832 574 856 ,
604 808 903 865 congruum
945 794 1230 864 quemdam
1248 796 1491 850 ordinem
1523 798 1765 853 servavit
1790 799 1842 854 in
1865 801 2027 854 dictis

440 888 581 942 suis.
636 886 945 942 Consilium.
974 886 1109 945 Nam
1136 891 1281 962 quod
1311 892 1366 947 in
1397 891 1559 947 corde
1602 893 1828 958 residet,
1870 894 2027 949 radix

439 988 524 1035 est
562 981 941 1050 operationum
981 983 1230 1053 corporis
1275 1000 1290 1040 :
1336 982 1797 1055 quemadmodum
1840 992 1893 1039 et
1924 984 2028 1040 Do-

440 1075 623 1129 minus
652 1073 811 1131 docet
840 1114 856 1140 ,
889 1074 1039 1132 intus
1071 1092 1191 1133 esse
1217 1115 1233 1141 ,
1274 1077 1523 1149 inquiens
1545 1116 1561 1142 ,
1625 1092 1687 1132 ca
1717 1093 1839 1148 quae
1867 1078 2025 1132 coin-

437 1165 666 1233 quinant
701 1165 995 1222 hominem.
1030 1165 1184 1223 Unde
1211 1167 1388 1237 primo
1419 1167 1788 1235 consulimus;
1822 1168 2025 1224 deinde

437 1260 726 1314 consilium
762 1258 1063 1324 ﬁrmamus,
1094 1273 1157 1315 ac
1192 1260 1413 1314 demum
1463 1259 1756 1315 obﬁrmato
1785 1262 2022 1317 consilio

438 1352 763 1409 imistimus.
794 1350 929 1419 Quia
964 1353 1124 1406 etiam
1171 1352 1371 1422 impius
1399 1351 1446 1407 is
1486 1352 1692 1407 dicitur
1719 1393 1735 1418 ,
1786 1353 1880 1423 qui
1939 1354 2019 1409 vel

446 1445 612 1501 Deum
651 1458 757 1499 non
789 1444 961 1507 colit.
993 1445 1074 1498 vel
1106 1445 1289 1513 plures
1321 1445 1450 1499 colit
1496 1465 1509 1502 :
1563 1454 1618 1500 et
1649 1454 1906 1515 peccator
1932 1448 2021 1503 ille

439 1546 519 1589 cst
545 1573 560 1598 ,
593 1535 682 1604 qui
714 1533 841 1588 licet
876 1534 1049 1589 ﬁdelis
1080 1536 1151 1589 sit
1176 1574 1190 1596 ,
1234 1534 1419 1602 pravis
1454 1545 1635 1589 tamen
1672 1551 1737 1590 ac
1792 1536 2019 1606 perditis

439 1637 525 1682 est
553 1628 796 1682 moribus
832 1643 847 1682 :
884 1636 938 1681 et
966 1627 1135 1696 pestis
1183 1628 1378 1683 merito
1410 1629 1456 1682 is
1522 1629 1628 1683 dici
1666 1636 1839 1698 potest
1867 1669 1883 1694 ,
1925 1631 2016 1700 qui

438 1733 550 1772 non
577 1717 696 1787 ipse
727 1726 936 1771 tantum
975 1727 1185 1786 peccat.
1223 1717 1315 1772 sed
1349 1719 1540 1773 morbo
1591 1734 1693 1774 suo
1725 1720 1860 1776 alios
1893 1721 2017 1777 inﬁ-

441 1809 515 1863 cit
549 1829 562 1864 :
604 1809 810 1864 idcirco
845 1808 1115 1879 Propheta
1148 1810 1336 1864 beatos
1371 1825 1467 1865 eos
1499 1812 1752 1881 appellat,
1787 1813 1877 1882 qui
1916 1813 2015 1867 tria

2136 617 2375 711 ιτςέοηκε
2416 622 2562 692 (l6).
2601 625 2753 690 Ῥίζα
2780 631 2892 700 γὰρ
2922 633 2956 702 ἡ
2991 635 3050 687 ὲν
3079 637 3143 704 τῇ
3168 620 3365 709 stupet;
3389 617 3721 711 βουλῆξτῶν

2136 707 2225 801 διὰ
2253 711 2346 801 τοῦ
2391 712 2644 801 σώματος
2658 718 2868 790 ἑνεργη
2879 724 3090 792 μάτων,
3119 726 3194 789 ὡς
3219 731 3315 781 καὶ
3390 707 3617 801 ’Κύριος
3633 730 3724 785 εν-

2135 797 2225 851 δον
2248 790 2395 893 φησιΓ
2415 803 2484 856 τά
2512 808 2821 865 κοινοῦντα.
2849 790 3011 866 Ὅθεν
3033 814 3403 888 βουλευόμεθα
3451 790 3553 892 μέν
3579 790 3722 893 ττρό-

2133 905 2311 960 τερον,
2336 887 2458 947 εἶτα
2514 894 2752 967 ἱστῶμεν
2788 902 2850 956 τὸ
2896 902 3203 977 βούλευμα⁴
3252 905 3355 963 εἷθ’
3405 911 3548 966 οὕτω
3602 916 3720 978 τοῖς

2133 979 2510 1074 βουλευθεῖσιν
2550 990 2989 1066 ὲναπομένομεν.
3035 998 3189 1052 Ἐπεὶ
3213 1002 3270 1054 δὲ
3319 1003 3525 1074 ἀσεϐὴς
3591 1004 3719 1073 μὲν,

2131 1074 2159 1126 6
2189 1072 2372 1139 ἄθεος,
2434 1077 2465 1148 ἢ
2506 1080 2771 1148 πολύθεος
2803 1102 2817 1117 ⁸
2886 1089 3211 1161 ἁμαρτωλὸς
3256 1094 3336 1162 δὲ,
3394 1096 3422 1147 6
3480 1072 3719 1169 εὐσεϐὴς

2134 1176 2256 1245 μὲν,
2294 1179 2685 1250 παράνομονδὲ
2716 1184 2812 1236 καὶ
2850 1183 3250 1256 διεφθαρμένον
3290 1186 3407 1258 βίον
3446 1193 3717 1263 αἱρούμε-

2130 1285 2221 1333 νος
2249 1288 2262 1302 ·
2300 1271 2491 1342 λοιμὸς
2509 1272 2591 1339 δὲ,
2633 1275 2662 1328 6
2696 1275 2771 1346 μὴ
2805 1277 2970 1346 μόνον
2999 1279 3165 1342 αὐτὸς
3202 1282 3551 1354 ἁμαρτωλὸς,
3577 1287 3718 1340 ἀλλὰ

2130 1363 2226 1415 καλ⁸
2249 1362 2444 1428 ἄλλους
2465 1366 2821 1439 διαφθείρων,
2857 1371 2954 1423 καὶ
2988 1371 3089 1437 τῆς
3115 1372 3275 1426 νόσου
3306 1376 3514 1445 ταύτης
3544 1396 3719 1446 μετα-

2127 1452 2337 1516 διδούς·
2367 1455 2664 1527 μακαρίζει
2695 1459 2788 1510 τὸν
2816 1459 2911 1511 καὶ
2951 1462 3071 1524 τοὺς
3127 1465 3279 1531 τρεῖς
3332 1464 3714 1533 ἀποφυγόντα,

2127 1546 2223 1598 καὶ
2254 1546 2394 1616 μήτε
2429 1550 2528 1617 τῆς
2553 1550 2666 1612 τοῖς
2711 1550 2938 1604 ἀσεϐέσι
2985 1551 3182 1622 βουλῆς
3214 1557 3354 1608 κατὰ
3409 1557 3504 1609 τοῦ
3557 1558 3714 1622 ὄντος

2126 1638 2262 1692 Θεοῦ
2298 1641 2730 1712 κοινωνήσαντα,
2777 1645 2901 1714 μηδ’
2960 1647 3086 1699 ὅσον
3130 1649 3189 1701 ἐν
3241 1650 3499 1719 παρόδῳ’
3552 1648 3715 1704 τοῦτο

2125 1730 2235 1800 γάρ
2267 1727 2424 1801 οἶμαι
2452 1733 2553 1805 τὴν
2608 1738 2835 1808 πορείαν
2893 1738 3130 1794 ἐνταῦθα
3190 1741 3518 1811 σημαίνειν·
3571 1745 3713 1812 μήτε

2126 1825 2240 1888 τοῖς
2275 1824 2624 1895 ἁμαρτωλοῖς
2651 1828 2751 1898 τῆς
2775 1830 2978 1883 ἐπὶτοῦ
3004 1830 3178 1885 κακοῦ
3233 1832 3499 1893 στάσεως,
3531 1835 3578 1884 εἰ
3611 1832 3710 1885 καί

441 1899 557 1954 hare
589 1901 714 1954 vitia
749 1915 973 1970 prorsus
1011 1901 1301 1956 vitaverint
1337 1919 1351 1957 :
1403 1904 1492 1969 qui
1534 1904 1788 1960 videlicet
1838 1905 2019 1981 impiis

2125 1932 2246 1980 πως
2316 1892 2724 1989 συναρπαγείη,
2775 1925 2914 1993 μήτε
2963 1925 3080 1987 τοῖς
3124 1923 3334 1993 λοιμοῖς
3382 1924 3482 1994 τῆς
3528 1926 3586 1977 ἐν
3628 1923 3712 1993 τῷ

442 1991 691 2047 consiliis
722 1991 881 2064 (qua:
907 1992 1179 2049 adversus
1210 1993 1531 2065 religionem
1563 1996 1614 2050 in
1646 1995 1814 2051 Deum
1849 1998 2021 2070 sunt)

445 2099 551 2137 non
585 2084 1112 2139 communicaverint
1138 2126 1152 2152 ,
1201 2100 1270 2140 ne
1298 2087 1474 2142 obiter
1503 2088 1724 2159 quidem
1770 2101 1932 2162 atque
1966 2095 2019 2147 in

442 2174 676 2227 transitu
702 2175 798 2244 (ita
827 2176 971 2230 enim
1002 2185 1135 2247 puto
1166 2177 1475 2247 signiﬁcare
1505 2180 1822 2248 dictionem,
1844 2183 2022 2257 abiit),

440 2269 644 2334 quique
669 2281 794 2320 cum
826 2267 1209 2337 peccatoribus
1234 2269 1289 2323 in
1324 2284 1491 2340 pravo
1518 2271 1706 2341 aliquo
1737 2288 1903 2342 opere
1927 2276 2022 2331 diu

438 2370 550 2409 non
583 2357 978 2412 constiterint:
1034 2361 1251 2414 tametsi
1300 2360 1575 2415 modicum
1616 2363 1747 2433 quid
1803 2368 2021 2438 propria

438 2446 752 2501 inllrmitate
783 2448 1078 2519 aliquando
1106 2449 1171 2503 ad
1205 2450 1257 2504 id
1287 2453 1425 2520 rapti
1456 2453 1567 2507 sint
1594 2472 1607 2508 :
1642 2464 1695 2510 et
1719 2469 2018 2527 posu‘emo,

438 2538 530 2605 qui
567 2552 691 2593 cum
753 2540 1138 2608 pestilentibus
1179 2540 1495 2598 hominibus
1537 2561 1645 2600 non
1705 2564 2023 2617 persevera-

437 2632 614 2683 verint
648 2645 663 2682 :
694 2645 818 2684 cum
853 2631 936 2684 his
965 2672 981 2696 ,
1026 2632 1249 2705 inquam
1283 2672 1298 2696 ,
1334 2633 1426 2702 qui
1468 2635 1522 2688 in
1559 2640 2021 2709 concupiscentiis

438 2735 502 2775 ac
536 2721 684 2775 vitiis
749 2722 866 2775 suis
917 2725 1325 2779 constantiores
1368 2733 1496 2781 sunt
1545 2740 1608 2783 ac
1657 2730 2015 2786 stabiliores:

434 2821 491 2866 rt
520 2812 611 2882 qui
646 2828 742 2883 per
773 2813 1092 2869 cathedram
1119 2812 1163 2869 a'
1186 2815 1457 2888 Propheta
1491 2818 1799 2890 subsignari
1824 2821 2017 2878 viden-

435 2914 550 2959 tur.
583 2903 681 2961 Vel
706 2906 864 2961 aliter
902 2922 918 2962 :
971 2906 1273 2964 Consilium
1308 2910 1601 2983 impiorum
1658 2930 1757 2984 pro
1783 2918 2017 2987 consilio

435 3005 490 3050 ct
529 3006 801 3052 conventu
846 2998 1256 3071 intelligendum
1307 3006 1787 3074 (quemadmodum
1818 3011 2015 3083 Aquila

434 3099 486 3141 et
510 3090 854 3146 'I’heodotion
897 3093 1234 3163 interpretati
1266 3095 1454 3169 sunt):
1492 3099 1634 3156 viam
1670 3116 1798 3161 vero
1824 3120 2018 3176 pecca-

2120 2008 2350 2080 τοιούτῳ
2378 2010 2541 2064 πάθει
2575 2014 2937 2085 μονιμότητος
2968 2014 2985 2067 ί
2995 2015 3081 2084 17)
3105 2033 3119 2047 ·
3149 2016 3308 2069 τοῦτο
3337 2017 3443 2088 γὰρ
3468 2017 3591 2086 ires-
3604 2033 3714 2070 κα-

2123 2100 2301 2171 θέδρᾳ
2327 2102 2599 2173 βούλεται.
2640 2107 2796 2159 ’Ἐστι
2834 2106 2890 2159 δὲ
2926 2107 3018 2161 καὶ
3065 2107 3211 2161 ἄλλω
3231 2128 3264 2172 -,
3333 2108 3531 2179 βουλὴν
3608 2108 3710 2180 μὲν

2123 2193 2340 2248 ἀσεϐῶν
2386 2195 2445 2249 τὸ
2491 2196 2779 2277 συνέδριον
2837 2198 3021 2252 αὐτῶν
3077 2199 3504 2269 ὑπολαμϐάνειν,
3567 2201 3643 2262 ὡς
3678 2199 3710 2253 6

2136 2286 2369 2350 Ἀκύλας
2425 2288 2521 2341 καὶ
2577 2291 2606 2343 6
2650 2289 2946 2344 Θεοδοτίων
3019 2290 3375 2361 ἡρμήνευσαν
3404 2308 3421 2325 ο
3487 2291 3607 2345 ὁδὸν
3649 2291 3708 2345 δὲ

2122 2376 2488 2446 ἁμαρτωλῶν,
2521 2379 2615 2432 τὸν
2645 2379 2911 2434 διάϐολον·
2945 2382 2974 2434 6
3001 2383 3109 2453 γὰρ
3135 2383 3210 2453 μὴ
3242 2384 3377 2446 στὰς
3420 2384 3480 2438 ὲν
3529 2382 3704 2455 αὐτῷ,

2123 2469 2261 2538 πρὸς
2293 2469 2501 2541 Κύριον
2525 2472 2669 2543 ἥξει,
2706 2474 2799 2526 τὸν
2825 2473 3082 2527 εἰπόνταο
3126 2472 3276 2545 Ἐγώ
3308 2477 3424 2543 εἰμι
3477 2476 3516 2543 ἡ
3542 2474 3703 2541 ὁδὸς,

2117 2560 2184 2615 δι’
2219 2557 2287 2634 ἧς
2323 2561 2633 2633 βαδίζουσιν
2662 2565 2742 2628 είς
2777 2566 2979 2638 ἀρετὴν
3002 2568 3050 2620 οί
3083 2566 3360 2639 ἅνθρωποι
3388 2583 3402 2596 ·
3431 2569 3703 2640 καθέδραν

2118 2655 2197 2718 δὲ,
2226 2655 2328 2715 τὴν
2356 2654 2717 2710 διδασκαλίαν
2763 2657 2872 2711 τῶν
2918 2659 3202 2730 πονηρῶν.
3250 2659 3471 2733 Ἐπειδὴ
3511 2661 3569 2713 δὲ
3600 2660 3704 2713 οὐκ

2120 2744 2340 2815 ἀπόχρη
2359 2746 2439 2808 είς
2470 2744 2676 2816 ἀρετῆς
2718 2746 3001 2801 τελείωσιν
3043 2748 3077 2818 ἡ
3131 2748 3229 2815 τῆς
3266 2747 3467 2810 κακῖαῖ
3518 2747 3698 2817 φντή⁹

2124 2831 2460 2887 Ἐκκλινον
2484 2832 2613 2903 γὰρ,
2645 2835 2833 2903 φησὶν,
2872 2835 2990 2890 ἀπὸ
3032 2834 3242 2905 κακοῦ,
3299 2837 3398 2891 καί
3439 2837 3703 2891 ποίησεν

2116 2923 2350 2993 ἀγαθόν
2375 2938 2389 2954 ⁸
2415 2926 2513 2978 καὶ
2552 2926 2580 2976 6
2626 2925 2856 2990 Ἡσαΐας
2885 2943 2899 2958 ·
2931 2928 3260 2984 Παύσασθε
3287 2929 3407 2984 ἀπὸ
3448 2927 3571 2982 τῶν
3590 2944 3699 2981 που

2120 3015 2348 3085 νηριῶν
2376 3015 2566 3086 ὑμῶν,
2579 3018 2805 3088 μάθετε
2834 3019 3027 3075 καλὸν
3046 3021 3262 3077 ποιεῖν’
3294 3021 3440 3092 μάλα
3470 3021 3703 3099 εἰκότως

2118 3112 2400 3179 ἐπήγαγεν
2425 3126 2442 3144 ’

433 3188 639 3250 torum,
665 3184 1252 3259 daemonem.Namqui
1277 3191 1331 3245 in
1356 3191 1604 3249 daemone
1628 3210 1736 3250 non
1766 3201 2005 3265 steterit,
2044 3202 2110 3258 ad
2156 3201 2436 3259 Christum
2489 3200 2711 3268 veniet,
2769 3202 2863 3273 qui
2915 3202 3053 3258 dixit
3084 3204 3167 3277 ³ξ,
3203 3204 3316 3272 Ego
3377 3220 3495 3259 sum
3563 3203 3648 3258 sia
3678 3218 3696 3257 :

433 3290 539 3345 qua
590 3278 847 3332 nimirum
906 3279 1154 3337 homines
1215 3283 1281 3336 ad
1337 3283 1594 3340 virtutem
1650 3291 1999 3358 perveniunt.
2049 3293 2181 3350 Item
2211 3292 2529 3348 cathedram
2569 3291 2896 3359 pestilentiae
2972 3310 3069 3361 pro
3127 3292 3377 3348 doctrina
3404 3310 3511 3349 non
3535 3310 3694 3358 sana;

433 3376 528 3429 sed
580 3375 837 3445 quoniam
910 3376 975 3430 ad
1040 3379 1429 3446 perfectionem
1483 3381 1706 3441 virtutis
1771 3390 2255 3459 consequendam,
2316 3404 2424 3445 non
2488 3388 2625 3445 satis
2672 3398 2757 3446 est
2818 3390 3005 3461 lugere
3068 3404 3098 3443 a
3159 3390 3343 3455 tna'o,
3396 3389 3613 3445 Declina
3650 3388 3697 3424 ⁸⁸

431 3470 601 3533 enim,
630 3470 823 3539 inquit,
859 3486 891 3523 a
917 3471 1057 3523 mala
1083 3481 1132 3525 et
1173 3473 1258 3542 [αις
1303 3473 1529 3544 bonum;
1559 3485 1613 3532 et
1657 3474 1825 3535 Isaias
1854 3480 1897 3512 ³⁷
1928 3497 1944 3536 :
1985 3481 2194 3538 Cessate
2234 3482 2298 3537 ab
2341 3482 2708 3553 iniquitatibus
2737 3484 2944 3548 vestris,
2977 3493 3028 3537 et
3054 3482 3245 3538 discite
3281 3484 3419 3539 bona
3459 3484 3635 3553 facere
3673 3497 3693 3536 :

430 3565 639 3620 idcirco
659 3563 815 3619 valde
842 3576 1248 3635 consequenter
1274 3568 1525 3638 adiunxit
1566 3587 1581 3625 :

512 3655 677 3707 Vsus.
700 3655 763 3707 ἓ.
802 3650 907 3707 Sed
938 3657 990 3707 in
1022 3654 1131 3725 lege
1168 3654 1381 3711 Domini
1409 3658 1655 3714 voluntas
1702 3661 1817 3731 ejus
1868 3673 1916 3718 et
1956 3665 2009 3718 in
2040 3675 2082 3731 ρ

428 3750 541 3816 Lege
569 3745 683 3815 ejus
718 3743 1067 3799 meditabitur
1084 3746 1171 3800 die
1206 3764 1269 3801 ac
1301 3758 1476 3804 nocte.
1523 3749 1742 3819 Beatus,
1808 3754 2008 3826 inquit,

429 3837 521 3893 ille
548 3838 642 3907 qui
670 3852 779 3891 non
806 3836 969 3891 modo
992 3842 1442 3897 commemoratis
1473 3841 1622 3899 vitiis
1684 3859 1795 3899 non
1854 3861 2009 3902 com-

432 3929 757 4001 municavit,
796 3930 890 3986 sed
922 3929 1025 4001 legi
1057 3930 1221 3986 etiam
1274 3931 1473 3989 divina:
1493 3950 1650 3989 suam
1717 3937 2009 4007 conjunxit

427 4022 790 4091 t'oluntalem,
820 4021 1007 4076 eadem
1034 4023 1378 4095 volens,qute
1397 4025 1553 4096 jubet
1575 4028 1679 4083 lex.
1707 4026 1821 4085 Hoc
1837 4045 2004 4085 unum

427 4128 693 4184 perpetuo
722 4111 1040 4180 meditatur,
1100 4130 1274 4187 eaque
1329 4119 1684 4176 meditatione
1736 4125 1901 4177 vitam
1942 4138 2007 4179 ac

424 4205 897 4259 conuersationem
926 4206 1261 4275 moderatur,
1325 4217 1381 4264 et
1437 4210 1641 4280 dirigit.
1694 4211 1809 4268 Hoc
1851 4215 2002 4269 enim

424 4295 557 4349 illud
593 4304 697 4361 est,
725 4281 869 4365 quod
905 4310 1002 4365 per
1021 4295 1260 4369 Moysetn
1291 4288 1421 4355 olim
1461 4303 1624 4359 nobis
1659 4304 1805 4360 Deus
1846 4320 2002 4359 man-

2196 3663 2376 3718 Ἀλλ’
2401 3663 2439 3731 ἣ
2468 3662 2537 3716 ἐν
2566 3660 2645 3728 τῷ
2673 3665 2836 3732 νόμῳ
2868 3664 3089 3731 Κυρίου
3120 3664 3187 3717 τὸ
3215 3663 3442 3735 θέλημα
3480 3668 3691 3730 αὑτοῦ,

2113 3756 2211 3812 καί
2240 3758 2311 3811 ἐν
2328 3756 2407 3823 τῷ
2427 3758 2589 3827 νόμῳ
2617 3757 2804 3812 αὐτοῦ
2826 3756 3148 3827 μελετήσει
3180 3758 3406 3827 ἡμέρας
3437 3759 3536 3813 καί
3584 3778 3691 3814 νυ-

2112 3844 2274 3910 κτός.
2331 3844 2640 3915 Μακάριος,
2701 3845 2887 3914 φησὶν,
2941 3845 3000 3909 ὃς
3051 3848 3111 3899 οὐ
3174 3848 3334 3918 μόνον
3378 3849 3555 3902 οὐδενὶ
3581 3849 3693 3902 τῶν

2111 3935 2532 4003 προειρημένων
2563 3934 2946 4006 ἐκοινώνησεν,
3002 3935 3138 3989 ἀλλὰ
3172 3937 3265 3989 καὶ
3313 3938 3370 3990 ὲν
3412 3937 3490 4009 τῷ
3539 3939 3689 4010 νόμῳ

2110 4026 2319 4095 Κυρίου
2335 4026 2396 4078 τὸ
2434 4028 2633 4079 οἰκεῖον
2658 4027 2871 4098 θέλημα
2912 4030 3248 4099 συνήρμοσε,
3288 4028 3460 4083 ταῦτα
3492 4031 3684 4095 θέλων,

2113 4115 2259 4185 ἅπερ
2296 4117 2502 4179 ἐκεῖνος
2544 4117 2902 4188 ὑπαγορεύει,
2962 4122 3058 4175 καὶ
3114 4121 3277 4175 τοῦτο
3340 4123 3428 4177 διὰ
3475 4126 3682 4190 παντὸς

2109 4203 2451 4273 ὲμμελετῶν.
2485 4207 2565 4270 εἰς
2612 4207 2704 4260 τὸν
2732 4208 2928 4262 ἑαυτοῦ
2959 4208 3071 4280 βίον
3094 4211 3346 4266 ἐντεῦθεν
3377 4214 3682 4285 ῥυθμίζων.

2108 4298 2268 4352 Οὕτω
2299 4299 2408 4371 γὰρ
2439 4301 2534 4353 καὶ
2557 4302 2585 4352 6
2612 4301 2744 4366 Θεὸς
2774 4303 2863 4357 διὰ
2914 4301 3159 4368 Μωσέως
3211 4309 3545 4378 ἐνομοθέτει,
3593 4310 3683 4363 λέ-

422 4386 575 4441 davit
602 4387 792 4442 dicens
829 4388 874 4420 ⁸⁸
907 4405 921 4443 :
957 4388 1021 4442 Et
1047 4399 1200 4443 erunt
1241 4391 1397 4446 verba
1437 4394 1595 4463 hujus
1637 4397 1767 4467 legis
1804 4413 2003 4467 semper

2125 4407 2218 4457 (cev
2237 4406 2252 4419 '
2296 4390 2405 4445 Καὶ
2430 4391 2602 4446 ἔσται
2638 4395 2709 4449 τὰ
2729 4395 2970 4463 ῥήματα
2994 4396 3101 4451 τοῦ
3126 4400 3317 4468 νόμου
3348 4402 3564 4456 τούτου
3588 4401 3685 4456 διὰ

421 4480 589 4534 inore
621 4492 733 4546 tuo,
767 4491 817 4534 et
847 4481 1180 4537 meditaberis
1211 4500 1297 4550 ea,
1334 4503 1358 4540 s
1391 4486 1540 4552 deus,
1568 4505 1810 4560 surgens,
1841 4504 1887 4544 et
1910 4507 2003 4549 cu-

2125 4482 2332 4549 ταντὸς
2361 4483 2422 4536 ἐν
2456 4484 2535 4550 τῷ
2566 4486 2822 4555 στόματί
2869 4505 3008 4554 σου,
3053 4489 3150 4543 καί
3196 4493 3562 4561 μελετήσεις
3613 4496 3682 4549 ἐν

422 4573 553 4625 bans
579 4588 597 4626 :
625 4582 672 4626 et
700 4572 911 4626 habebis
952 4590 1012 4626 ea
1044 4574 1100 4628 in
1142 4590 1303 4629 manu
1342 4587 1455 4641 tua,
1492 4591 1747 4647 erantque
1812 4582 2002 4635 immo-

2125 4571 2285 4637 ιὺτῷ,
2311 4571 2668 4643 καθήμενος,
2699 4576 2794 4628 καὶ
2818 4577 3240 4648 ἀνιστάμενος,
3272 4582 3367 4635 καί
3421 4582 3681 4643 κοιταζό-

420 4663 550 4717 bilia
576 4674 701 4717 ante
726 4665 905 4718 oculos
933 4674 1072 4720 tuos.
1102 4665 1310 4722 Deinde
1336 4671 1427 4739 qui
1461 4669 1677 4727 fructus
1708 4674 1833 4727 inde
1850 4674 1995 4727 oria-

2125 4680 2305 4729 ιενος,
2348 4665 2445 4718 καὶ
2471 4665 2822 4734 ἀπαρτίσεις
2847 4668 2998 4722 κατὰ
3040 4669 3148 4738 τῆς
3163 4671 3362 4739 χειρός
3390 4689 3530 4738 σου,
3579 4674 3675 4726 καὶ

420 4763 510 4808 tur
539 4756 800 4811 intendit.
1308 4754 1315 4760 ’
2100 4754 2270 4808 ἔσται
2289 4754 2598 4810 ἀσάλευτα
2628 4757 2739 4826 πρὸ
2765 4758 3089 4830 ὀφθαλμῶν
3117 4777 3253 4814 σου.
3285 4758 3414 4815 Εἶτα
3434 4761 3676 4818 δείκνυσι

2100 4844 2190 4895 τὸν
2221 4845 2430 4898 ἐκεῖθεν
2460 4848 2728 4918 φυόμενον
2753 4850 2987 4920 καρπόν.

488 4931 655 4985 νεεδ.
680 4932 735 4986 5.
769 4931 837 4986 Ει
870 4934 970 4988 erit
993 4943 1245 5004 tanquam
1281 4935 1504 5004 lignum,
1527 4935 1665 5004 quod
1694 4937 1993 5006 plantatum

2171 4939 2277 4991 Kal
2302 4938 2471 4992 ἔσται
2500 4939 2580 5004 ὡς
2606 4939 2671 4993 τὸ
2701 4941 2892 5006 ξύλον
2927 4942 2987 4996 τὸ
3010 4944 3467 5021 πεφυτευμένον
3514 4946 3675 5015 παρὰ

414 5032 494 5078 est
524 5039 671 5077 secus
706 5023 960 5080 decursus
1001 5042 1289 5095 aquarum,
1350 5028 1493 5096 quod
1542 5028 1776 5095 fructum
1839 5047 1991 5083 suum

2125 5027 2206 5094 ’ὰς
2236 5029 2553 5099 διεξόδους
2577 5031 2698 5085 τῶν
2730 5034 2987 5099 ὑδάτων,
3018 5035 3049 5088 ὃ
3074 5036 3180 5088 τὸν
3207 5038 3442 5105 καρπόν
3486 5038 3673 5093 αὑτοῦ

415 5112 566 5166 dabit
592 5115 648 5167 in
681 5122 912 5184 tempore
932 5132 1050 5180 suo,
1087 5125 1136 5169 et
1169 5116 1353 5185 folium
1395 5118 1507 5185 eius
1541 5134 1644 5171 non
1686 5120 1905 5189 deﬂuet,
1937 5130 1986 5173 et

2125 5122 2268 5175 ώσει
2291 5123 2361 5175 ἐν
2390 5124 2573 5191 καιρῷ
2599 5125 2786 5179 αὐτοῦ
2810 5141 2823 5154 ·
2855 5126 2953 5179 καί
2983 5127 3053 5181 τὸ
3081 5128 3325 5197 φύλλον
3347 5129 3536 5184 αὐτοῦ
3562 5133 3671 5184 οὐκ

415 5207 594 5259 omnia
622 5222 944 5278 quacunque
965 5207 1123 5277 faciet
1156 5209 1631 5276 prospembuntur.
1667 5209 1770 5276 Qui
1819 5213 1890 5265 ita
1926 5229 1985 5268 se

2131 5215 2556 5285 πορῤυήσεται,
2585 5219 2681 5272 καὶ
2716 5219 2913 5273 πάντα
2948 5220 3067 5273 ὅσα
3112 5219 3192 5276 ἂν
3235 5221 3400 5291 ποιῇ.
3462 5239 3672 5277 κατευ-

414 5314 471 5349 se
505 5300 689 5364 habet,
715 5309 775 5353 ut
799 5300 1066 5366 diximus,
1118 5300 1164 5354 is
1205 5300 1380 5355 instar
1412 5302 1630 5356 arboris
1686 5305 1988 5373 plantatus,

2125 5306 2482 5373 διαϐήσεται.
2528 5309 2589 5363 ⁸0
2622 5311 2728 5377 γάρ
2761 5309 2936 5375 οὕτως
2979 5312 3141 5383 ἔχων,
3168 5308 3282 5366 οἷον
3335 5331 3668 5386 παραπεφυ-

413 5388 566 5457 iuxta
595 5390 796 5446 ﬂuenta
818 5393 1164 5463 eloquiorum
1189 5391 1463 5471 Deiatque
1487 5393 1705 5449 illorttm
1729 5396 1980 5451 doctrina

2128 5400 2355 5465 ευμὲνος
2388 5405 2499 5467 τοῖς
2545 5403 2651 5456 τῶν
2680 5404 2843 5457 θείων
2873 5403 3069 5473 λογίων
3116 5406 3374 5477 νεύματι,
3429 5410 3524 5461 καὶ
3582 5408 3671 5462 διὰ

480 5574 521 5605 δά
565 5575 726 5632 Joau.
754 5594 861 5643 xw,
900 5578 955 5631 6.
1027 5580 1072 5611 ”
1097 5578 1239 5635 Psal.
1272 5595 1455 5645 xxxw,
1487 5581 1576 5635 27.
1639 5583 1685 5614 ⁸⁷
1712 5581 1817 5638 lsa.
1850 5602 1887 5649 ι,
1930 5585 2014 5640 l7.

2125 5586 2321 5642 'Deut.
2361 5604 2433 5654 γι,
2466 5591 2517 5643 7.

1762 5701 1963 5763 Variae
1993 5702 2324 5768 lectiones.

480 5795 592 5875 (i6)
617 5794 766 5881 Mle
798 5795 1013 5869 βουλὴν,
1055 5808 1111 5854 ιιι
1151 5801 1202 5855 in
1234 5802 1420 5860 codice
1468 5819 1570 5859 suo
1608 5806 1730 5875 legit
1756 5816 1809 5861 rt
1842 5806 1990 5863 Lati-
2172 5812 2284 5881 (l7)
2316 5813 2499 5867 Graeca
2536 5813 2695 5867 verba
2717 5813 2788 5870 ita
2815 5825 3052 5871 sonant:
3090 5813 3158 5868 Id
3190 5816 3326 5869 enim
3354 5813 3454 5869 sibi
3485 5814 3664 5868 volunt

411 5881 518 5919 nus
557 5876 851 5933 tnterpres.
2098 5876 2250 5937 verba
2291 5884 2341 5937 in
2368 5886 2644 5939 cathedra.
