  <div class='ocr_page' id='page_1' title='image "/cluster/home/n/w/nwhite01/storage/ocr_20150623/128/hvd.32044019208230/048.png"; bbox 0 0 3970 6542; ppageno 0'>
   <div class='ocr_carea' id='block_1_1' title="bbox 327 417 3581 500">
    <p class='ocr_par' dir='ltr' id='par_1_1' title="bbox 327 417 3581 500">
     <span class='ocr_line' id='line_1_1' title="bbox 327 417 3581 500; baseline 0.001 -2"><span class='ocrx_word' id='word_1_1' title='bbox 327 432 390 499; x_wconf 87' lang='lat'>81</span> <span class='ocrx_word' id='word_1_2' title='bbox 1436 439 1828 499; x_wconf 80' lang='lat' dir='ltr'><strong>COMMENT.</strong></span> <span class='ocrx_word' id='word_1_3' title='bbox 1890 436 1972 497; x_wconf 90' lang='lat' dir='ltr'><strong>IN</strong></span> <span class='ocrx_word' id='word_1_4' title='bbox 2015 439 2382 499; x_wconf 69' lang='lat' dir='ltr'><strong>l’SALZthS.</strong></span> <span class='ocrx_word' id='word_1_5' title='bbox 3450 417 3459 428; x_wconf 88' lang='grc'><strong>’</strong></span> <span class='ocrx_word' id='word_1_6' title='bbox 3511 438 3581 500; x_wconf 68' lang='grc' dir='ltr'>δε</span> 
     </span>
    </p>
   </div>
   <div class='ocr_carea' id='block_1_2' title="bbox 325 542 1903 622">
    <p class='ocr_par' dir='ltr' id='par_1_2' title="bbox 325 542 1903 622">
     <span class='ocr_line' id='line_1_2' title="bbox 325 542 1903 622; baseline -0.001 -18"><span class='ocrx_word' id='word_1_7' title='bbox 325 549 508 612; x_wconf 76' lang='grc' dir='ltr'>σιλεῦς</span> <span class='ocrx_word' id='word_1_8' title='bbox 534 542 637 615; x_wconf 68' lang='grc' dir='ltr'>τῆς</span> <span class='ocrx_word' id='word_1_9' title='bbox 680 549 957 620; x_wconf 73' lang='grc' dir='ltr'>ἁμαρτίας</span> <span class='ocrx_word' id='word_1_10' title='bbox 992 548 1237 614; x_wconf 73' lang='grc' dir='ltr'>διάϐολος</span> <span class='ocrx_word' id='word_1_11' title='bbox 1258 568 1272 581; x_wconf 90' lang='grc'>·</span> <span class='ocrx_word' id='word_1_12' title='bbox 1324 549 1465 620; x_wconf 83' lang='grc' dir='ltr'><strong>μετά</strong></span> <span class='ocrx_word' id='word_1_13' title='bbox 1494 551 1549 603; x_wconf 82' lang='grc' dir='ltr'>δὲ</span> <span class='ocrx_word' id='word_1_14' title='bbox 1580 549 1674 604; x_wconf 74' lang='grc' dir='ltr'>τοῦ</span> <span class='ocrx_word' id='word_1_15' title='bbox 1712 551 1903 622; x_wconf 81' lang='grc' dir='ltr'>ἄρχον-</span> 
     </span>
    </p>
   </div>
   <div class='ocr_carea' id='block_1_3' title="bbox 2013 542 3582 622">
    <p class='ocr_par' dir='ltr' id='par_1_3' title="bbox 2013 548 3582 621">
     <span class='ocr_line' id='line_1_3' title="bbox 2013 548 3582 621; baseline 0 -16"><span class='ocrx_word' id='word_1_16' title='bbox 2013 563 2091 605; x_wconf 88' lang='lat' dir='ltr'><strong>est</strong></span> <span class='ocrx_word' id='word_1_17' title='bbox 2118 566 2133 603; x_wconf 92' lang='lat'><strong>:</strong></span> <span class='ocrx_word' id='word_1_18' title='bbox 2170 565 2291 620; x_wconf 78' lang='lat' dir='ltr'><strong>qua:</strong></span> <span class='ocrx_word' id='word_1_19' title='bbox 2327 548 2516 619; x_wconf 82' lang='lat' dir='ltr'><strong>piurali</strong></span> <span class='ocrx_word' id='word_1_20' title='bbox 2553 565 2780 604; x_wconf 83' lang='lat' dir='ltr'><strong>numero</strong></span> <span class='ocrx_word' id='word_1_21' title='bbox 2803 563 2946 618; x_wconf 68' lang='lat' dir='ltr'><strong>smpe</strong></span> <span class='ocrx_word' id='word_1_22' title='bbox 2978 557 3147 603; x_wconf 88' lang='lat' dir='ltr'><strong>ulttnr</strong></span> <span class='ocrx_word' id='word_1_23' title='bbox 3168 564 3266 618; x_wconf 87' lang='lat' dir='ltr'><strong>pro</strong></span> <span class='ocrx_word' id='word_1_24' title='bbox 3292 549 3582 621; x_wconf 65' lang='lat' dir='ltr'><strong>singulari.</strong></span> 
     </span>
    </p>
   </div>
   <div class='ocr_carea' id='block_1_4' title="bbox 320 638 1904 713">
    <p class='ocr_par' dir='ltr' id='par_1_4' title="bbox 320 638 1904 713">
     <span class='ocr_line' id='line_1_4' title="bbox 320 638 1904 713; baseline 0 -18"><span class='ocrx_word' id='word_1_25' title='bbox 320 659 413 706; x_wconf 83' lang='grc' dir='ltr'><strong>τος</strong></span> <span class='ocrx_word' id='word_1_26' title='bbox 432 638 694 706; x_wconf 77' lang='grc' dir='ltr'><strong>Πιλάτου,</strong></span> <span class='ocrx_word' id='word_1_27' title='bbox 714 644 813 695; x_wconf 70' lang='grc' dir='ltr'>καὶ</span> <span class='ocrx_word' id='word_1_28' title='bbox 834 644 889 695; x_wconf 87' lang='grc' dir='ltr'>αἱ</span> <span class='ocrx_word' id='word_1_29' title='bbox 915 645 1082 713; x_wconf 71' lang='grc' dir='ltr'>ἀρχαὶ</span> <span class='ocrx_word' id='word_1_30' title='bbox 1102 643 1191 695; x_wconf 67' lang='grc' dir='ltr'><strong>καὶ</strong></span> <span class='ocrx_word' id='word_1_31' title='bbox 1223 640 1464 707; x_wconf 80' lang='grc' dir='ltr'><strong>ἐξουσίαι</strong></span> <span class='ocrx_word' id='word_1_32' title='bbox 1489 642 1596 697; x_wconf 87' lang='grc' dir='ltr'><strong>τῶν</strong></span> <span class='ocrx_word' id='word_1_33' title='bbox 1614 644 1904 713; x_wconf 86' lang='grc' dir='ltr'>δαιμόνων,</span> 
     </span>
    </p>
   </div>
   <div class='ocr_carea' id='block_1_5' title="bbox 321 734 1901 804">
    <p class='ocr_par' dir='ltr' id='par_1_5' title="bbox 321 734 1901 804">
     <span class='ocr_line' id='line_1_5' title="bbox 321 734 1901 804; baseline -0.001 -14"><span class='ocrx_word' id='word_1_34' title='bbox 321 736 473 803; x_wconf 75' lang='grc' dir='ltr'>πρὸς</span> <span class='ocrx_word' id='word_1_35' title='bbox 497 735 571 802; x_wconf 80' lang='grc' dir='ltr'>ἇς</span> <span class='ocrx_word' id='word_1_36' title='bbox 601 734 747 804; x_wconf 76' lang='grc' dir='ltr'><strong>ἡμῖν</strong></span> <span class='ocrx_word' id='word_1_37' title='bbox 780 736 816 804; x_wconf 76' lang='grc' dir='ltr'><strong>ἠ</strong></span> <span class='ocrx_word' id='word_1_38' title='bbox 866 734 1053 801; x_wconf 76' lang='grc' dir='ltr'>πάλη,</span> <span class='ocrx_word' id='word_1_39' title='bbox 1089 737 1229 788; x_wconf 85' lang='grc' dir='ltr'><strong>κατά</strong></span> <span class='ocrx_word' id='word_1_40' title='bbox 1261 735 1351 789; x_wconf 81' lang='grc' dir='ltr'><strong>τὸν</strong></span> <span class='ocrx_word' id='word_1_41' title='bbox 1386 735 1527 790; x_wconf 86' lang='grc' dir='ltr'>θεῖον</span> <span class='ocrx_word' id='word_1_42' title='bbox 1562 735 1901 789; x_wconf 84' lang='grc' dir='ltr'>Ἀπόστολον.</span> 
     </span>
    </p>
   </div>
   <div class='ocr_carea' id='block_1_6' title="bbox 334 812 1904 901">
    <p class='ocr_par' dir='ltr' id='par_1_6' title="bbox 334 812 1904 901">
     <span class='ocr_line' id='line_1_6' title="bbox 334 812 1904 901; baseline -0.001 -22"><span class='ocrx_word' id='word_1_43' title='bbox 334 825 431 879; x_wconf 84' lang='grc' dir='ltr'>Ἐκ</span> <span class='ocrx_word' id='word_1_44' title='bbox 459 826 555 879; x_wconf 84' lang='grc' dir='ltr'><strong>δύο</strong></span> <span class='ocrx_word' id='word_1_45' title='bbox 588 826 699 899; x_wconf 74' lang='grc' dir='ltr'><strong>γὰρ</strong></span> <span class='ocrx_word' id='word_1_46' title='bbox 745 825 961 896; x_wconf 71' lang='grc' dir='ltr'>φύσεων</span> <span class='ocrx_word' id='word_1_47' title='bbox 1011 827 1163 891; x_wconf 74' lang='grc' dir='ltr'>ὄντος</span> <span class='ocrx_word' id='word_1_48' title='bbox 1218 826 1313 880; x_wconf 79' lang='grc' dir='ltr'>τοῦ</span> <span class='ocrx_word' id='word_1_49' title='bbox 1364 825 1630 901; x_wconf 82' lang='grc' dir='ltr'>Χριστοῦ,</span> <span class='ocrx_word' id='word_1_50' title='bbox 1673 812 1904 898; x_wconf 70' lang='grc' dir='ltr'>ἀοράτου</span> 
     </span>
    </p>
   </div>
   <div class='ocr_carea' id='block_1_7' title="bbox 323 914 1905 990">
    <p class='ocr_par' dir='ltr' id='par_1_7' title="bbox 323 914 1905 990">
     <span class='ocr_line' id='line_1_7' title="bbox 323 914 1905 990; baseline 0 -19"><span class='ocrx_word' id='word_1_51' title='bbox 323 920 418 971; x_wconf 70' lang='grc' dir='ltr'>καὶ</span> <span class='ocrx_word' id='word_1_52' title='bbox 450 920 674 989; x_wconf 76' lang='grc' dir='ltr'>ὁρατῆς,</span> <span class='ocrx_word' id='word_1_53' title='bbox 716 917 937 982; x_wconf 75' lang='grc' dir='ltr'><strong>διπλοῦς</strong></span> <span class='ocrx_word' id='word_1_54' title='bbox 987 914 1057 990; x_wconf 77' lang='grc' dir='ltr'>ἦν</span> <span class='ocrx_word' id='word_1_55' title='bbox 1099 918 1195 973; x_wconf 79' lang='grc' dir='ltr'><strong>καὶ</strong></span> <span class='ocrx_word' id='word_1_56' title='bbox 1225 923 1252 974; x_wconf 86' lang='grc' dir='ltr'>ὁ</span> <span class='ocrx_word' id='word_1_57' title='bbox 1301 919 1536 989; x_wconf 80' lang='grc' dir='ltr'>πόλεμος</span> <span class='ocrx_word' id='word_1_58' title='bbox 1568 916 1627 983; x_wconf 80' lang='grc' dir='ltr'>ὲξ</span> <span class='ocrx_word' id='word_1_59' title='bbox 1655 920 1905 990; x_wconf 71' lang='grc' dir='ltr'>ἀοράτων</span> 
     </span>
    </p>
   </div>
   <div class='ocr_carea' id='block_1_8' title="bbox 322 1007 1903 1080">
    <p class='ocr_par' dir='ltr' id='par_1_8' title="bbox 322 1007 1903 1080">
     <span class='ocr_line' id='line_1_8' title="bbox 322 1007 1903 1080; baseline 0.001 -20"><span class='ocrx_word' id='word_1_60' title='bbox 322 1010 599 1078; x_wconf 79' lang='grc' dir='ltr'>πολεμίων</span> <span class='ocrx_word' id='word_1_61' title='bbox 620 1011 712 1063; x_wconf 72' lang='grc' dir='ltr'><strong>καὶ</strong></span> <span class='ocrx_word' id='word_1_62' title='bbox 731 1011 962 1080; x_wconf 76' lang='grc' dir='ltr'>ὁρατῶν.</span> <span class='ocrx_word' id='word_1_63' title='bbox 983 1010 1136 1066; x_wconf 82' lang='grc' dir='ltr'>ιιένὰ</span> <span class='ocrx_word' id='word_1_64' title='bbox 1157 1011 1213 1063; x_wconf 85' lang='grc' dir='ltr'>δὲ</span> <span class='ocrx_word' id='word_1_65' title='bbox 1230 1011 1621 1080; x_wconf 76' lang='grc' dir='ltr'>ἐμελέτησαν,</span> <span class='ocrx_word' id='word_1_66' title='bbox 1645 1010 1764 1064; x_wconf 71' lang='grc' dir='ltr'>ἀντὶ</span> <span class='ocrx_word' id='word_1_67' title='bbox 1788 1007 1903 1064; x_wconf 76' lang='grc' dir='ltr'><strong>τοῦ’</strong></span> 
     </span>
    </p>
   </div>
   <div class='ocr_carea' id='block_1_9' title="bbox 319 1102 1903 1176">
    <p class='ocr_par' dir='ltr' id='par_1_9' title="bbox 319 1102 1903 1176">
     <span class='ocr_line' id='line_1_9' title="bbox 319 1102 1903 1176; baseline 0 -20"><span class='ocrx_word' id='word_1_68' title='bbox 319 1102 518 1172; x_wconf 72' lang='grc' dir='ltr'>Μάτην</span> <span class='ocrx_word' id='word_1_69' title='bbox 549 1103 911 1166; x_wconf 79' lang='grc' dir='ltr'>ἐσπούδασαν,</span> <span class='ocrx_word' id='word_1_70' title='bbox 953 1105 1350 1176; x_wconf 80' lang='grc' dir='ltr'>ὁμονοήσαντες</span> <span class='ocrx_word' id='word_1_71' title='bbox 1397 1107 1463 1159; x_wconf 80' lang='grc' dir='ltr'>ὲκ</span> <span class='ocrx_word' id='word_1_72' title='bbox 1505 1104 1673 1175; x_wconf 80' lang='grc' dir='ltr'>μέσου</span> <span class='ocrx_word' id='word_1_73' title='bbox 1713 1104 1903 1157; x_wconf 83' lang='grc' dir='ltr'>τοῦτον</span> 
     </span>
    </p>
   </div>
   <div class='ocr_carea' id='block_1_10' title="bbox 321 1197 1905 1274">
    <p class='ocr_par' dir='ltr' id='par_1_10' title="bbox 321 1197 1905 1274">
     <span class='ocr_line' id='line_1_10' title="bbox 321 1197 1905 1274; baseline 0.001 -24"><span class='ocrx_word' id='word_1_74' title='bbox 321 1199 646 1268; x_wconf 66' lang='grc' dir='ltr'>ποιήσαθαιζ</span> <span class='ocrx_word' id='word_1_75' title='bbox 693 1197 919 1271; x_wconf 83' lang='grc' dir='ltr'><strong>Ἀνέστη</strong></span> <span class='ocrx_word' id='word_1_76' title='bbox 968 1201 1099 1274; x_wconf 83' lang='grc' dir='ltr'>γὰρ,</span> <span class='ocrx_word' id='word_1_77' title='bbox 1141 1203 1234 1256; x_wconf 75' lang='grc' dir='ltr'>καὶ</span> <span class='ocrx_word' id='word_1_78' title='bbox 1286 1201 1352 1273; x_wconf 80' lang='grc' dir='ltr'><strong>ζῇ</strong></span> <span class='ocrx_word' id='word_1_79' title='bbox 1385 1204 1465 1265; x_wconf 84' lang='grc' dir='ltr'><strong>είς</strong></span> <span class='ocrx_word' id='word_1_80' title='bbox 1522 1203 1747 1264; x_wconf 81' lang='grc' dir='ltr'>αἰῶνας.</span> <span class='ocrx_word' id='word_1_81' title='bbox 1795 1200 1905 1252; x_wconf 82' lang='grc' dir='ltr'>Καὶ</span> 
     </span>
    </p>
   </div>
   <div class='ocr_carea' id='block_1_11' title="bbox 320 1292 1905 1364">
    <p class='ocr_par' dir='ltr' id='par_1_11' title="bbox 320 1292 1905 1364">
     <span class='ocr_line' id='line_1_11' title="bbox 320 1292 1905 1364; baseline 0.001 -22"><span class='ocrx_word' id='word_1_82' title='bbox 320 1292 460 1359; x_wconf 74' lang='grc' dir='ltr'>πρὸς</span> <span class='ocrx_word' id='word_1_83' title='bbox 496 1292 692 1361; x_wconf 82' lang='grc' dir='ltr'>μόνους</span> <span class='ocrx_word' id='word_1_84' title='bbox 737 1292 794 1345; x_wconf 82' lang='grc' dir='ltr'>δὲ</span> <span class='ocrx_word' id='word_1_85' title='bbox 838 1293 1131 1356; x_wconf 82' lang='grc' dir='ltr'>Ἰουδαίους</span> <span class='ocrx_word' id='word_1_86' title='bbox 1158 1295 1185 1346; x_wconf 87' lang='grc' dir='ltr'><strong>ό</strong></span> <span class='ocrx_word' id='word_1_87' title='bbox 1214 1294 1393 1362; x_wconf 85' lang='grc' dir='ltr'>λόγος,</span> <span class='ocrx_word' id='word_1_88' title='bbox 1442 1293 1525 1346; x_wconf 84' lang='grc' dir='ltr'>ὅτι</span> <span class='ocrx_word' id='word_1_89' title='bbox 1561 1294 1741 1364; x_wconf 74' lang='grc' dir='ltr'>μάτην</span> <span class='ocrx_word' id='word_1_90' title='bbox 1775 1294 1905 1362; x_wconf 82' lang='grc' dir='ltr'>ἐμε-</span> 
     </span>
    </p>
   </div>
   <div class='ocr_carea' id='block_1_12' title="bbox 320 1375 1903 1454">
    <p class='ocr_par' dir='ltr' id='par_1_12' title="bbox 320 1375 1903 1454">
     <span class='ocr_line' id='line_1_12' title="bbox 320 1375 1903 1454; baseline 0.003 -23"><span class='ocrx_word' id='word_1_91' title='bbox 320 1375 559 1450; x_wconf 76' lang='grc' dir='ltr'>λέτησαν</span> <span class='ocrx_word' id='word_1_92' title='bbox 581 1382 680 1451; x_wconf 77' lang='grc' dir='ltr'>τὴν</span> <span class='ocrx_word' id='word_1_93' title='bbox 708 1382 965 1453; x_wconf 71' lang='grc' dir='ltr'>Γραφὴν,</span> <span class='ocrx_word' id='word_1_94' title='bbox 1002 1383 1077 1454; x_wconf 78' lang='grc' dir='ltr'>μὴ</span> <span class='ocrx_word' id='word_1_95' title='bbox 1106 1383 1402 1446; x_wconf 78' lang='grc' dir='ltr'>συνιέντες,</span> <span class='ocrx_word' id='word_1_96' title='bbox 1445 1383 1529 1436; x_wconf 87' lang='grc' dir='ltr'>ὅτι</span> <span class='ocrx_word' id='word_1_97' title='bbox 1581 1376 1710 1454; x_wconf 77' lang='grc' dir='ltr'><strong>περὶ</strong></span> <span class='ocrx_word' id='word_1_98' title='bbox 1736 1380 1903 1436; x_wconf 79' lang='grc' dir='ltr'>αὐτοῦ</span> 
     </span>
    </p>
   </div>
   <div class='ocr_carea' id='block_1_13' title="bbox 321 1474 675 1543">
    <p class='ocr_par' dir='ltr' id='par_1_13' title="bbox 321 1474 675 1543">
     <span class='ocr_line' id='line_1_13' title="bbox 321 1474 675 1543; baseline 0.006 -18"><span class='ocrx_word' id='word_1_99' title='bbox 321 1474 675 1543; x_wconf 64' lang='grc' dir='ltr'>κατήγγειλε.</span> 
     </span>
    </p>
   </div>
   <div class='ocr_carea' id='block_1_14' title="bbox 323 1567 3049 1640">
    <p class='ocr_par' dir='ltr' id='par_1_14' title="bbox 323 1567 3049 1640">
     <span class='ocr_line' id='line_1_14' title="bbox 323 1567 3049 1640; baseline 0.001 -22"><span class='ocrx_word' id='word_1_100' title='bbox 323 1567 453 1621; x_wconf 83' lang='lat' dir='ltr'><strong>dum</strong></span> <span class='ocrx_word' id='word_1_101' title='bbox 482 1569 882 1623; x_wconf 86' lang='lat' dir='ltr'><strong>arbitrarentur</strong></span> <span class='ocrx_word' id='word_1_102' title='bbox 930 1585 1093 1640; x_wconf 80' lang='lat' dir='ltr'><strong>posse</strong></span> <span class='ocrx_word' id='word_1_103' title='bbox 1127 1586 1185 1626; x_wconf 89' lang='lat' dir='ltr'><strong>se</strong></span> <span class='ocrx_word' id='word_1_104' title='bbox 1216 1570 1367 1625; x_wconf 90' lang='lat' dir='ltr'><strong>illum</strong></span> <span class='ocrx_word' id='word_1_105' title='bbox 1399 1586 1430 1627; x_wconf 87' lang='lat' dir='ltr'><strong>e</strong></span> <span class='ocrx_word' id='word_1_106' title='bbox 1462 1570 1641 1625; x_wconf 88' lang='lat' dir='ltr'><strong>medio</strong></span> <span class='ocrx_word' id='word_1_107' title='bbox 1694 1567 1903 1629; x_wconf 85' lang='lat' dir='ltr'><strong>tollere,</strong></span> <span class='ocrx_word' id='word_1_108' title='bbox 1948 1568 2039 1636; x_wconf 91' lang='lat' dir='ltr'><strong>qui</strong></span> <span class='ocrx_word' id='word_1_109' title='bbox 2077 1567 2379 1623; x_wconf 74' lang='lat' dir='ltr'><strong>resurrexit</strong></span> <span class='ocrx_word' id='word_1_110' title='bbox 2407 1575 2464 1622; x_wconf 86' lang='lat' dir='ltr'><strong>et</strong></span> <span class='ocrx_word' id='word_1_111' title='bbox 2500 1567 2631 1622; x_wconf 90' lang='lat' dir='ltr'><strong>vivit</strong></span> <span class='ocrx_word' id='word_1_112' title='bbox 2660 1567 2715 1620; x_wconf 90' lang='lat' dir='ltr'><strong>in</strong></span> <span class='ocrx_word' id='word_1_113' title='bbox 2764 1575 3049 1622; x_wconf 63' lang='lat' dir='ltr'><strong>aeternum.</strong></span> 
     </span>
    </p>
   </div>
   <div class='ocr_carea' id='block_1_15' title="bbox 1642 1657 3585 1730">
    <p class='ocr_par' dir='ltr' id='par_1_15' title="bbox 1642 1657 3585 1730">
     <span class='ocr_line' id='line_1_15' title="bbox 1642 1657 3585 1730; baseline 0.001 -20"><span class='ocrx_word' id='word_1_114' title='bbox 1642 1661 1735 1730; x_wconf 85' lang='lat' dir='ltr'><strong>qui</strong></span> <span class='ocrx_word' id='word_1_115' title='bbox 1807 1674 1975 1713; x_wconf 76' lang='lat' dir='ltr'><strong>sacrae</strong></span> <span class='ocrx_word' id='word_1_116' title='bbox 2018 1657 2319 1729; x_wconf 72' lang='lat' dir='ltr'><strong>Scripturae</strong></span> <span class='ocrx_word' id='word_1_117' title='bbox 2375 1660 2574 1715; x_wconf 89' lang='lat' dir='ltr'><strong>studiis</strong></span> <span class='ocrx_word' id='word_1_118' title='bbox 2636 1659 3037 1724; x_wconf 89' lang='lat' dir='ltr'><strong>incmnbentes,</strong></span> <span class='ocrx_word' id='word_1_119' title='bbox 3099 1659 3153 1713; x_wconf 83' lang='lat' dir='ltr'><strong>in</strong></span> <span class='ocrx_word' id='word_1_120' title='bbox 3195 1674 3414 1715; x_wconf 89' lang='lat' dir='ltr'><strong>cassum</strong></span> <span class='ocrx_word' id='word_1_121' title='bbox 3463 1674 3585 1714; x_wconf 73' lang='lat' dir='ltr'><strong>cani</strong></span> 
     </span>
    </p>
   </div>
   <div class='ocr_carea' id='block_1_16' title="bbox 322 1658 1566 1726">
    <p class='ocr_par' dir='ltr' id='par_1_16' title="bbox 322 1658 1566 1726">
     <span class='ocr_line' id='line_1_16' title="bbox 322 1658 1566 1726; baseline 0.005 -16"><span class='ocrx_word' id='word_1_122' title='bbox 322 1658 439 1713; x_wconf 84' lang='lat' dir='ltr'><strong>ba:c</strong></span> <span class='ocrx_word' id='word_1_123' title='bbox 462 1660 626 1714; x_wconf 79' lang='lat' dir='ltr'><strong>verba</strong></span> <span class='ocrx_word' id='word_1_124' title='bbox 673 1660 939 1716; x_wconf 81' lang='lat' dir='ltr'><strong>adversus</strong></span> <span class='ocrx_word' id='word_1_125' title='bbox 969 1664 1117 1716; x_wconf 85' lang='lat' dir='ltr'><strong>solos</strong></span> <span class='ocrx_word' id='word_1_126' title='bbox 1160 1662 1268 1716; x_wconf 85' lang='lat' dir='ltr'><strong>dici</strong></span> <span class='ocrx_word' id='word_1_127' title='bbox 1323 1660 1566 1726; x_wconf 82' lang='lat' dir='ltr'><strong>Jud:eos,</strong></span> 
     </span>
    </p>
   </div>
   <div class='ocr_carea' id='block_1_17' title="bbox 2010 628 3580 711">
    <p class='ocr_par' dir='ltr' id='par_1_17' title="bbox 2010 628 3580 711">
     <span class='ocr_line' id='line_1_17' title="bbox 2010 628 3580 711; baseline 0.003 -17"><span class='ocrx_word' id='word_1_128' title='bbox 2010 644 2088 697; x_wconf 86' lang='lat' dir='ltr'><strong>vel</strong></span> <span class='ocrx_word' id='word_1_129' title='bbox 2116 641 2270 711; x_wconf 89' lang='lat' dir='ltr'><strong>juxta</strong></span> <span class='ocrx_word' id='word_1_130' title='bbox 2304 628 2555 696; x_wconf 74' lang='lat' dir='ltr'><strong>altiorem</strong></span> <span class='ocrx_word' id='word_1_131' title='bbox 2592 640 2881 711; x_wconf 81' lang='lat' dir='ltr'><strong>quemdam</strong></span> <span class='ocrx_word' id='word_1_132' title='bbox 2926 656 3171 703; x_wconf 90' lang='lat' dir='ltr'><strong>sensum,</strong></span> <span class='ocrx_word' id='word_1_133' title='bbox 3197 641 3300 695; x_wconf 90' lang='lat' dir='ltr'><strong>alia</strong></span> <span class='ocrx_word' id='word_1_134' title='bbox 3326 640 3580 698; x_wconf 80' lang='lat' dir='ltr'><strong>fortassis</strong></span> 
     </span>
    </p>
   </div>
   <div class='ocr_carea' id='block_1_18' title="bbox 2007 733 3581 805">
    <p class='ocr_par' dir='ltr' id='par_1_18' title="bbox 2007 733 3581 805">
     <span class='ocr_line' id='line_1_18' title="bbox 2007 733 3581 805; baseline 0.002 -18"><span class='ocrx_word' id='word_1_135' title='bbox 2007 741 2240 800; x_wconf 90' lang='lat' dir='ltr'><strong>ratione,</strong></span> <span class='ocrx_word' id='word_1_136' title='bbox 2301 734 2430 805; x_wconf 84' lang='lat' dir='ltr'><strong>quia</strong></span> <span class='ocrx_word' id='word_1_137' title='bbox 2476 735 2638 789; x_wconf 88' lang='lat' dir='ltr'><strong>simul</strong></span> <span class='ocrx_word' id='word_1_138' title='bbox 2686 750 2809 788; x_wconf 88' lang='lat' dir='ltr'><strong>cum</strong></span> <span class='ocrx_word' id='word_1_139' title='bbox 2853 733 3063 789; x_wconf 89' lang='lat' dir='ltr'><strong>llerode</strong></span> <span class='ocrx_word' id='word_1_140' title='bbox 3118 750 3264 804; x_wconf 83' lang='lat' dir='ltr'><strong>rege,</strong></span> <span class='ocrx_word' id='word_1_141' title='bbox 3311 734 3581 790; x_wconf 84' lang='lat' dir='ltr'><strong>adversus</strong></span> 
     </span>
    </p>
   </div>
   <div class='ocr_carea' id='block_1_19' title="bbox 2008 824 3578 895">
    <p class='ocr_par' dir='ltr' id='par_1_19' title="bbox 2008 824 3578 895">
     <span class='ocr_line' id='line_1_19' title="bbox 2008 824 3578 895; baseline -0.001 -14"><span class='ocrx_word' id='word_1_142' title='bbox 2008 825 2308 890; x_wconf 87' lang='lat' dir='ltr'><strong>Christum,</strong></span> <span class='ocrx_word' id='word_1_143' title='bbox 2335 826 2475 881; x_wconf 88' lang='lat' dir='ltr'><strong>alius</strong></span> <span class='ocrx_word' id='word_1_144' title='bbox 2505 825 2712 895; x_wconf 83' lang='lat' dir='ltr'><strong>peccati</strong></span> <span class='ocrx_word' id='word_1_145' title='bbox 2765 842 2861 881; x_wconf 81' lang='lat' dir='ltr'><strong>rex</strong></span> <span class='ocrx_word' id='word_1_146' title='bbox 2912 824 3162 880; x_wconf 87' lang='lat' dir='ltr'><strong>diabolus</strong></span> <span class='ocrx_word' id='word_1_147' title='bbox 3196 835 3443 881; x_wconf 88' lang='lat' dir='ltr'><strong>armatus</strong></span> <span class='ocrx_word' id='word_1_148' title='bbox 3473 838 3578 892; x_wconf 88' lang='lat' dir='ltr'><strong>est,</strong></span> 
     </span>
    </p>
   </div>
   <div class='ocr_carea' id='block_1_20' title="bbox 2005 915 3580 989">
    <p class='ocr_par' dir='ltr' id='par_1_20' title="bbox 2005 915 3580 989">
     <span class='ocr_line' id='line_1_20' title="bbox 2005 915 3580 989; baseline -0.002 -15"><span class='ocrx_word' id='word_1_149' title='bbox 2005 932 2199 975; x_wconf 81' lang='lat' dir='ltr'><strong>etcum</strong></span> <span class='ocrx_word' id='word_1_150' title='bbox 2239 915 2415 974; x_wconf 85' lang='lat' dir='ltr'><strong>Pilato</strong></span> <span class='ocrx_word' id='word_1_151' title='bbox 2454 919 2722 989; x_wconf 85' lang='lat' dir='ltr'><strong>principe,</strong></span> <span class='ocrx_word' id='word_1_152' title='bbox 2754 915 2911 972; x_wconf 89' lang='lat' dir='ltr'><strong>multi</strong></span> <span class='ocrx_word' id='word_1_153' title='bbox 2945 918 3237 988; x_wconf 84' lang='lat' dir='ltr'><strong>principes,</strong></span> <span class='ocrx_word' id='word_1_154' title='bbox 3268 918 3580 972; x_wconf 69' lang='lat' dir='ltr'><strong>daamonum</strong></span> 
     </span>
    </p>
   </div>
   <div class='ocr_carea' id='block_1_21' title="bbox 2008 1010 3583 1081">
    <p class='ocr_par' dir='ltr' id='par_1_21' title="bbox 2008 1010 3583 1081">
     <span class='ocr_line' id='line_1_21' title="bbox 2008 1010 3583 1081; baseline -0.003 -16"><span class='ocrx_word' id='word_1_155' title='bbox 2008 1012 2264 1065; x_wconf 86' lang='lat' dir='ltr'><strong>nimirum</strong></span> <span class='ocrx_word' id='word_1_156' title='bbox 2299 1020 2597 1081; x_wconf 86' lang='lat' dir='ltr'><strong>potestates</strong></span> <span class='ocrx_word' id='word_1_157' title='bbox 2624 1026 2638 1063; x_wconf 91' lang='lat'><strong>:</strong></span> <span class='ocrx_word' id='word_1_158' title='bbox 2665 1011 2911 1064; x_wconf 83' lang='lat' dir='ltr'><strong>adversus</strong></span> <span class='ocrx_word' id='word_1_159' title='bbox 2934 1024 3075 1080; x_wconf 71' lang='lat' dir='ltr'><strong>quas</strong></span> <span class='ocrx_word' id='word_1_160' title='bbox 3104 1010 3186 1080; x_wconf 90' lang='lat' dir='ltr'><strong>(ut</strong></span> <span class='ocrx_word' id='word_1_161' title='bbox 3228 1012 3393 1065; x_wconf 83' lang='lat' dir='ltr'><strong>docet</strong></span> <span class='ocrx_word' id='word_1_162' title='bbox 3438 1012 3583 1079; x_wconf 85' lang='lat' dir='ltr'><strong>Apo-</strong></span> 
     </span>
    </p>
   </div>
   <div class='ocr_carea' id='block_1_22' title="bbox 2006 1099 3574 1173">
    <p class='ocr_par' dir='ltr' id='par_1_22' title="bbox 2006 1099 3574 1173">
     <span class='ocr_line' id='line_1_22' title="bbox 2006 1099 3574 1173; baseline -0.001 -17"><span class='ocrx_word' id='word_1_163' title='bbox 2006 1102 2180 1158; x_wconf 84' lang='lat' dir='ltr'><strong>stolus</strong></span> <span class='ocrx_word' id='word_1_164' title='bbox 2201 1101 2270 1173; x_wconf 57' lang='lat'><strong>“3)</strong></span> <span class='ocrx_word' id='word_1_165' title='bbox 2312 1102 2463 1157; x_wconf 79' lang='lat' dir='ltr'><strong>nobis</strong></span> <span class='ocrx_word' id='word_1_166' title='bbox 2499 1103 2643 1157; x_wconf 85' lang='lat' dir='ltr'><strong>lucta</strong></span> <span class='ocrx_word' id='word_1_167' title='bbox 2669 1111 2747 1156; x_wconf 77' lang='lat' dir='ltr'><strong>est</strong></span> <span class='ocrx_word' id='word_1_168' title='bbox 2787 1110 2834 1154; x_wconf 84' lang='lat' dir='ltr'><strong>et</strong></span> <span class='ocrx_word' id='word_1_169' title='bbox 2858 1110 3144 1156; x_wconf 80' lang='lat' dir='ltr'><strong>certamen.</strong></span> <span class='ocrx_word' id='word_1_170' title='bbox 3177 1099 3310 1153; x_wconf 89' lang='lat' dir='ltr'><strong>Nam</strong></span> <span class='ocrx_word' id='word_1_171' title='bbox 3344 1116 3466 1154; x_wconf 87' lang='lat' dir='ltr'><strong>cum</strong></span> <span class='ocrx_word' id='word_1_172' title='bbox 3507 1117 3574 1154; x_wconf 80' lang='lat' dir='ltr'><strong>ex</strong></span> 
     </span>
    </p>
   </div>
   <div class='ocr_carea' id='block_1_23' title="bbox 2009 1192 3583 1265">
    <p class='ocr_par' dir='ltr' id='par_1_23' title="bbox 2009 1192 3583 1265">
     <span class='ocr_line' id='line_1_23' title="bbox 2009 1192 3583 1265; baseline -0.003 -15"><span class='ocrx_word' id='word_1_173' title='bbox 2009 1196 2210 1265; x_wconf 82' lang='lat' dir='ltr'><strong>duplici</strong></span> <span class='ocrx_word' id='word_1_174' title='bbox 2243 1205 2520 1250; x_wconf 83' lang='lat' dir='ltr'><strong>constaret</strong></span> <span class='ocrx_word' id='word_1_175' title='bbox 2551 1192 2809 1249; x_wconf 88' lang='lat' dir='ltr'><strong>Christus</strong></span> <span class='ocrx_word' id='word_1_176' title='bbox 2852 1203 3065 1256; x_wconf 86' lang='lat' dir='ltr'><strong>natura,</strong></span> <span class='ocrx_word' id='word_1_177' title='bbox 3125 1192 3326 1248; x_wconf 87' lang='lat' dir='ltr'><strong>visibili</strong></span> <span class='ocrx_word' id='word_1_178' title='bbox 3371 1193 3583 1247; x_wconf 85' lang='lat' dir='ltr'><strong>scilicet</strong></span> 
     </span>
    </p>
   </div>
   <div class='ocr_carea' id='block_1_24' title="bbox 2008 1287 3582 1358">
    <p class='ocr_par' dir='ltr' id='par_1_24' title="bbox 2008 1287 3582 1358">
     <span class='ocr_line' id='line_1_24' title="bbox 2008 1287 3582 1358; baseline -0.003 -16"><span class='ocrx_word' id='word_1_179' title='bbox 2008 1297 2062 1343; x_wconf 86' lang='lat' dir='ltr'><strong>et</strong></span> <span class='ocrx_word' id='word_1_180' title='bbox 2095 1287 2377 1354; x_wconf 79' lang='lat' dir='ltr'><strong>invisibili,</strong></span> <span class='ocrx_word' id='word_1_181' title='bbox 2415 1287 2611 1358; x_wconf 88' lang='lat' dir='ltr'><strong>duplex</strong></span> <span class='ocrx_word' id='word_1_182' title='bbox 2648 1289 2811 1342; x_wconf 87' lang='lat' dir='ltr'><strong>etiam</strong></span> <span class='ocrx_word' id='word_1_183' title='bbox 2864 1297 3167 1351; x_wconf 84' lang='lat' dir='ltr'><strong>certamen,</strong></span> <span class='ocrx_word' id='word_1_184' title='bbox 3199 1287 3582 1347; x_wconf 83' lang='lat' dir='ltr'><strong>invisibiliunt,</strong></span> 
     </span>
    </p>
   </div>
   <div class='ocr_carea' id='block_1_25' title="bbox 2006 1376 3584 1450">
    <p class='ocr_par' dir='ltr' id='par_1_25' title="bbox 2006 1376 3584 1450">
     <span class='ocr_line' id='line_1_25' title="bbox 2006 1376 3584 1450; baseline -0.003 -16"><span class='ocrx_word' id='word_1_185' title='bbox 2006 1382 2257 1450; x_wconf 89' lang='lat' dir='ltr'><strong>inquam,</strong></span> <span class='ocrx_word' id='word_1_186' title='bbox 2282 1388 2335 1436; x_wconf 89' lang='lat' dir='ltr'><strong>et</strong></span> <span class='ocrx_word' id='word_1_187' title='bbox 2362 1381 2662 1436; x_wconf 89' lang='lat' dir='ltr'><strong>visibilium</strong></span> <span class='ocrx_word' id='word_1_188' title='bbox 2712 1381 3061 1435; x_wconf 87' lang='lat' dir='ltr'><strong>inimicorum</strong></span> <span class='ocrx_word' id='word_1_189' title='bbox 3094 1380 3377 1436; x_wconf 88' lang='lat' dir='ltr'><strong>sustinuit.</strong></span> <span class='ocrx_word' id='word_1_190' title='bbox 3411 1376 3584 1432; x_wconf 78' lang='lat' dir='ltr'><strong>Medi-</strong></span> 
     </span>
    </p>
   </div>
   <div class='ocr_carea' id='block_1_26' title="bbox 2009 1462 3583 1545">
    <p class='ocr_par' dir='ltr' id='par_1_26' title="bbox 2009 1462 3583 1545">
     <span class='ocr_line' id='line_1_26' title="bbox 2009 1462 3583 1545; baseline -0.003 -16"><span class='ocrx_word' id='word_1_191' title='bbox 2009 1482 2154 1529; x_wconf 87' lang='lat' dir='ltr'><strong>tatos</strong></span> <span class='ocrx_word' id='word_1_192' title='bbox 2189 1489 2319 1528; x_wconf 89' lang='lat' dir='ltr'><strong>vero</strong></span> <span class='ocrx_word' id='word_1_193' title='bbox 2372 1475 2553 1528; x_wconf 87' lang='lat' dir='ltr'><strong>inania</strong></span> <span class='ocrx_word' id='word_1_194' title='bbox 2610 1473 2888 1545; x_wconf 89' lang='lat' dir='ltr'><strong>dieit,pro</strong></span> <span class='ocrx_word' id='word_1_195' title='bbox 2920 1474 3145 1530; x_wconf 85' lang='lat' dir='ltr'><strong>Frustra</strong></span> <span class='ocrx_word' id='word_1_196' title='bbox 3196 1462 3376 1528; x_wconf 85' lang='lat' dir='ltr'><strong>conati</strong></span> <span class='ocrx_word' id='word_1_197' title='bbox 3432 1480 3583 1532; x_wconf 87' lang='lat' dir='ltr'><strong>sunt.</strong></span> 
     </span>
    </p>
   </div>
   <div class='ocr_carea' id='block_1_27' title="bbox 3125 1565 3582 1621">
    <p class='ocr_par' dir='ltr' id='par_1_27' title="bbox 3125 1565 3582 1621">
     <span class='ocr_line' id='line_1_27' title="bbox 3125 1565 3582 1621; baseline 0 -2"><span class='ocrx_word' id='word_1_198' title='bbox 3125 1565 3362 1621; x_wconf 80' lang='lat' dir='ltr'><strong>Possunt</strong></span> <span class='ocrx_word' id='word_1_199' title='bbox 3421 1567 3582 1620; x_wconf 87' lang='lat' dir='ltr'><strong>etiam</strong></span> 
     </span>
    </p>
   </div>
   <div class='ocr_carea' id='block_1_28' title="bbox 322 1752 2678 1825">
    <p class='ocr_par' dir='ltr' id='par_1_28' title="bbox 322 1752 2678 1825">
     <span class='ocr_line' id='line_1_28' title="bbox 322 1752 2678 1825; baseline 0 -19"><span class='ocrx_word' id='word_1_200' title='bbox 322 1752 569 1807; x_wconf 57' lang='lat' dir='ltr'><strong>meditati</strong></span> <span class='ocrx_word' id='word_1_201' title='bbox 608 1763 739 1807; x_wconf 89' lang='lat' dir='ltr'><strong>sunt</strong></span> <span class='ocrx_word' id='word_1_202' title='bbox 772 1770 785 1807; x_wconf 91' lang='lat'><strong>:</strong></span> <span class='ocrx_word' id='word_1_203' title='bbox 817 1770 939 1809; x_wconf 85' lang='lat' dir='ltr'><strong>cum</strong></span> <span class='ocrx_word' id='word_1_204' title='bbox 977 1771 1082 1809; x_wconf 91' lang='lat' dir='ltr'><strong>non</strong></span> <span class='ocrx_word' id='word_1_205' title='bbox 1109 1756 1485 1811; x_wconf 77' lang='lat' dir='ltr'><strong>intellexerint</strong></span> <span class='ocrx_word' id='word_1_206' title='bbox 1508 1765 1714 1825; x_wconf 81' lang='lat' dir='ltr'><strong>quanta</strong></span> <span class='ocrx_word' id='word_1_207' title='bbox 1748 1754 1799 1807; x_wconf 92' lang='lat' dir='ltr'><strong>in</strong></span> <span class='ocrx_word' id='word_1_208' title='bbox 1838 1768 1900 1807; x_wconf 86' lang='lat' dir='ltr'><strong>ea</strong></span> <span class='ocrx_word' id='word_1_209' title='bbox 1936 1753 2003 1807; x_wconf 87' lang='lat' dir='ltr'><strong>de</strong></span> <span class='ocrx_word' id='word_1_210' title='bbox 2037 1752 2261 1808; x_wconf 83' lang='lat' dir='ltr'><strong>Christo</strong></span> <span class='ocrx_word' id='word_1_211' title='bbox 2288 1753 2678 1824; x_wconf 60' lang='lat' dir='ltr'><strong>praedicantur.</strong></span> 
     </span>
    </p>
   </div>
   <div class='ocr_carea' id='block_1_29' title="bbox 388 1848 1903 1924">
    <p class='ocr_par' dir='ltr' id='par_1_29' title="bbox 388 1848 1903 1924">
     <span class='ocr_line' id='line_1_29' title="bbox 388 1848 1903 1924; baseline 0.001 -21"><span class='ocrx_word' id='word_1_212' title='bbox 388 1849 551 1903; x_wconf 82' lang='grc' dir='ltr'><strong>Κατὰ</strong></span> <span class='ocrx_word' id='word_1_213' title='bbox 590 1850 697 1924; x_wconf 79' lang='grc' dir='ltr'>τοῦ</span> <span class='ocrx_word' id='word_1_214' title='bbox 750 1852 972 1918; x_wconf 77' lang='grc' dir='ltr'>Κυρίου</span> <span class='ocrx_word' id='word_1_215' title='bbox 1024 1850 1122 1904; x_wconf 74' lang='grc' dir='ltr'>καὶ</span> <span class='ocrx_word' id='word_1_216' title='bbox 1175 1851 1325 1906; x_wconf 80' lang='grc' dir='ltr'>κατὰ</span> <span class='ocrx_word' id='word_1_217' title='bbox 1374 1851 1637 1920; x_wconf 74' lang='grc' dir='ltr'>Χριστοῦ</span> <span class='ocrx_word' id='word_1_218' title='bbox 1691 1848 1903 1905; x_wconf 67' lang='grc' dir='ltr'>αὐτοῦ.</span> 
     </span>
    </p>
   </div>
   <div class='ocr_carea' id='block_1_30' title="bbox 333 1942 1905 2017">
    <p class='ocr_par' dir='ltr' id='par_1_30' title="bbox 333 1942 1905 2017">
     <span class='ocr_line' id='line_1_30' title="bbox 333 1942 1905 2017; baseline 0.004 -24"><span class='ocrx_word' id='word_1_219' title='bbox 333 1942 670 2009; x_wconf 75' lang='grc' dir='ltr'>Ἐφρύαξαν,</span> <span class='ocrx_word' id='word_1_220' title='bbox 694 1944 788 1997; x_wconf 73' lang='grc' dir='ltr'>καὶ</span> <span class='ocrx_word' id='word_1_221' title='bbox 837 1947 1214 2016; x_wconf 74' lang='grc' dir='ltr'>παρέστησαν,</span> <span class='ocrx_word' id='word_1_222' title='bbox 1253 1949 1347 2000; x_wconf 78' lang='grc' dir='ltr'>καὶ</span> <span class='ocrx_word' id='word_1_223' title='bbox 1383 1947 1732 2017; x_wconf 79' lang='grc' dir='ltr'>συνήχθησαν</span> <span class='ocrx_word' id='word_1_224' title='bbox 1763 1946 1905 2001; x_wconf 83' lang='grc' dir='ltr'><strong>κατά</strong></span> 
     </span>
    </p>
   </div>
   <div class='ocr_carea' id='block_1_31' title="bbox 319 2032 1900 2110">
    <p class='ocr_par' dir='ltr' id='par_1_31' title="bbox 319 2032 1900 2110">
     <span class='ocr_line' id='line_1_31' title="bbox 319 2032 1900 2110; baseline 0.004 -24"><span class='ocrx_word' id='word_1_225' title='bbox 319 2034 413 2087; x_wconf 73' lang='grc' dir='ltr'>τοῦ</span> <span class='ocrx_word' id='word_1_226' title='bbox 443 2037 656 2105; x_wconf 75' lang='grc' dir='ltr'>Πατρὸς</span> <span class='ocrx_word' id='word_1_227' title='bbox 689 2037 789 2108; x_wconf 75' lang='grc' dir='ltr'>οὐχ</span> <span class='ocrx_word' id='word_1_228' title='bbox 846 2032 1029 2110; x_wconf 78' lang='grc' dir='ltr'>ἦττον,</span> <span class='ocrx_word' id='word_1_229' title='bbox 1087 2041 1179 2093; x_wconf 72' lang='grc' dir='ltr'><strong>λαί</strong></span> <span class='ocrx_word' id='word_1_230' title='bbox 1227 2042 1366 2095; x_wconf 71' lang='grc' dir='ltr'>κατὰ</span> <span class='ocrx_word' id='word_1_231' title='bbox 1408 2040 1502 2093; x_wconf 82' lang='grc' dir='ltr'>τοῦ</span> <span class='ocrx_word' id='word_1_232' title='bbox 1552 2040 1683 2094; x_wconf 83' lang='grc' dir='ltr'>Υίοῠ</span> <span class='ocrx_word' id='word_1_233' title='bbox 1714 2040 1900 2104; x_wconf 83' lang='grc' dir='ltr'>αὐτοῦ,</span> 
     </span>
    </p>
   </div>
   <div class='ocr_carea' id='block_1_32' title="bbox 2081 1844 3587 1920">
    <p class='ocr_par' dir='ltr' id='par_1_32' title="bbox 2081 1844 3587 1920">
     <span class='ocr_line' id='line_1_32' title="bbox 2081 1844 3587 1920; baseline 0.004 -19"><span class='ocrx_word' id='word_1_234' title='bbox 2081 1847 2344 1902; x_wconf 76' lang='lat' dir='ltr'><strong>Adversus</strong></span> <span class='ocrx_word' id='word_1_235' title='bbox 2372 1846 2657 1901; x_wconf 85' lang='lat' dir='ltr'><strong>Dominum</strong></span> <span class='ocrx_word' id='word_1_236' title='bbox 2689 1855 2737 1900; x_wconf 88' lang='lat' dir='ltr'><strong>et</strong></span> <span class='ocrx_word' id='word_1_237' title='bbox 2758 1844 3009 1902; x_wconf 79' lang='lat' dir='ltr'><strong>adversus</strong></span> <span class='ocrx_word' id='word_1_238' title='bbox 3035 1847 3304 1904; x_wconf 78' lang='lat' dir='ltr'><strong>Christum</strong></span> <span class='ocrx_word' id='word_1_239' title='bbox 3330 1849 3463 1920; x_wconf 81' lang='lat' dir='ltr'><strong>ejus.</strong></span> <span class='ocrx_word' id='word_1_240' title='bbox 3496 1850 3587 1907; x_wconf 87' lang='lat' dir='ltr'><strong>lu-</strong></span> 
     </span>
    </p>
   </div>
   <div class='ocr_carea' id='block_1_33' title="bbox 2011 1934 3581 2014">
    <p class='ocr_par' dir='ltr' id='par_1_33' title="bbox 2011 1934 3581 2014">
     <span class='ocr_line' id='line_1_33' title="bbox 2011 1934 3581 2014; baseline 0.002 -18"><span class='ocrx_word' id='word_1_241' title='bbox 2011 1948 2387 2001; x_wconf 81' lang='lat' dir='ltr'><strong>surrexerunt.</strong></span> <span class='ocrx_word' id='word_1_242' title='bbox 2431 1939 2633 2010; x_wconf 89' lang='lat' dir='ltr'><strong>inquit,</strong></span> <span class='ocrx_word' id='word_1_243' title='bbox 2655 1934 2978 2007; x_wconf 76' lang='lat' dir='ltr'><strong>astiteruiit,</strong></span> <span class='ocrx_word' id='word_1_244' title='bbox 3002 1950 3055 1997; x_wconf 87' lang='lat' dir='ltr'><strong>et</strong></span> <span class='ocrx_word' id='word_1_245' title='bbox 3082 1944 3397 2014; x_wconf 81' lang='lat' dir='ltr'><strong>congregati</strong></span> <span class='ocrx_word' id='word_1_246' title='bbox 3428 1956 3581 2010; x_wconf 79' lang='lat' dir='ltr'><strong>suat,</strong></span> 
     </span>
    </p>
   </div>
   <div class='ocr_carea' id='block_1_34' title="bbox 2011 2033 3585 2106">
    <p class='ocr_par' dir='ltr' id='par_1_34' title="bbox 2011 2033 3585 2106">
     <span class='ocr_line' id='line_1_34' title="bbox 2011 2033 3585 2106; baseline 0 -18"><span class='ocrx_word' id='word_1_247' title='bbox 2011 2049 2119 2088; x_wconf 93' lang='lat' dir='ltr'><strong>non</strong></span> <span class='ocrx_word' id='word_1_248' title='bbox 2172 2034 2353 2088; x_wconf 90' lang='lat' dir='ltr'><strong>minus</strong></span> <span class='ocrx_word' id='word_1_249' title='bbox 2394 2034 2661 2106; x_wconf 80' lang='lat' dir='ltr'><strong>adversus</strong></span> <span class='ocrx_word' id='word_1_250' title='bbox 2704 2033 2945 2098; x_wconf 85' lang='lat' dir='ltr'><strong>Patrem,</strong></span> <span class='ocrx_word' id='word_1_251' title='bbox 2984 2050 3146 2103; x_wconf 89' lang='lat' dir='ltr'><strong>quam</strong></span> <span class='ocrx_word' id='word_1_252' title='bbox 3196 2035 3462 2091; x_wconf 89' lang='lat' dir='ltr'><strong>adversus</strong></span> <span class='ocrx_word' id='word_1_253' title='bbox 3495 2036 3585 2089; x_wconf 88' lang='lat' dir='ltr'><strong>Fi-</strong></span> 
     </span>
    </p>
   </div>
   <div class='ocr_carea' id='block_1_35' title="bbox 322 2121 1903 2206">
    <p class='ocr_par' dir='ltr' id='par_1_35' title="bbox 322 2121 1899 2196">
     <span class='ocr_line' id='line_1_35' title="bbox 322 2121 1899 2196; baseline 0.005 -23"><span class='ocrx_word' id='word_1_254' title='bbox 322 2121 381 2173; x_wconf 77' lang='grc' dir='ltr'><strong>δι</strong></span> <span class='ocrx_word' id='word_1_255' title='bbox 414 2122 577 2186; x_wconf 76' lang='grc' dir='ltr'>αὐτὸς</span> <span class='ocrx_word' id='word_1_256' title='bbox 618 2123 835 2195; x_wconf 77' lang='grc' dir='ltr'>ἔχρισεν</span> <span class='ocrx_word' id='word_1_257' title='bbox 866 2130 949 2188; x_wconf 83' lang='grc' dir='ltr'><strong>είς</strong></span> <span class='ocrx_word' id='word_1_258' title='bbox 999 2125 1221 2196; x_wconf 79' lang='grc' dir='ltr'>βασιλέα</span> <span class='ocrx_word' id='word_1_259' title='bbox 1271 2128 1490 2182; x_wconf 79' lang='grc' dir='ltr'>πάντων</span> <span class='ocrx_word' id='word_1_260' title='bbox 1531 2127 1724 2191; x_wconf 81' lang='grc' dir='ltr'>ἐθνῶν,</span> <span class='ocrx_word' id='word_1_261' title='bbox 1775 2129 1899 2192; x_wconf 78' lang='grc' dir='ltr'>δοὺς</span> 
     </span>
    </p>
   </div>
   <div class='ocr_carea' id='block_1_36' title="bbox 2013 2121 3588 2206">
    <p class='ocr_par' dir='ltr' id='par_1_36' title="bbox 2013 2123 3588 2198">
     <span class='ocr_line' id='line_1_36' title="bbox 2013 2123 3588 2198; baseline 0.003 -19"><span class='ocrx_word' id='word_1_262' title='bbox 2013 2128 2140 2181; x_wconf 90' lang='lat' dir='ltr'><strong>lium</strong></span> <span class='ocrx_word' id='word_1_263' title='bbox 2173 2142 2186 2179; x_wconf 90' lang='lat'><strong>:</strong></span> <span class='ocrx_word' id='word_1_264' title='bbox 2225 2123 2449 2193; x_wconf 80' lang='lat' dir='ltr'><strong>Filium,</strong></span> <span class='ocrx_word' id='word_1_265' title='bbox 2484 2127 2728 2198; x_wconf 89' lang='lat' dir='ltr'><strong>inquam,</strong></span> <span class='ocrx_word' id='word_1_266' title='bbox 2759 2144 2920 2198; x_wconf 88' lang='lat' dir='ltr'><strong>quem</strong></span> <span class='ocrx_word' id='word_1_267' title='bbox 2952 2127 3110 2182; x_wconf 83' lang='lat' dir='ltr'><strong>Pater</strong></span> <span class='ocrx_word' id='word_1_268' title='bbox 3139 2129 3189 2182; x_wconf 90' lang='lat' dir='ltr'><strong>in</strong></span> <span class='ocrx_word' id='word_1_269' title='bbox 3225 2130 3466 2195; x_wconf 84' lang='lat' dir='ltr'><strong>gentium</strong></span> <span class='ocrx_word' id='word_1_270' title='bbox 3499 2145 3588 2184; x_wconf 73' lang='lat' dir='ltr'><strong>re~</strong></span> 
     </span>
    </p>
   </div>
   <div class='ocr_carea' id='block_1_37' title="bbox 322 2214 1900 2289">
    <p class='ocr_par' dir='ltr' id='par_1_37' title="bbox 322 2214 1900 2289">
     <span class='ocr_line' id='line_1_37' title="bbox 322 2214 1900 2289; baseline 0.006 -24"><span class='ocrx_word' id='word_1_271' title='bbox 322 2214 474 2284; x_wconf 82' lang='grc' dir='ltr'><strong>αὖτῷ</strong></span> <span class='ocrx_word' id='word_1_272' title='bbox 518 2214 695 2269; x_wconf 79' lang='grc' dir='ltr'>ταῦτα</span> <span class='ocrx_word' id='word_1_273' title='bbox 728 2216 1118 2288; x_wconf 73' lang='grc' dir='ltr'>κληρονομίαν.</span> <span class='ocrx_word' id='word_1_274' title='bbox 1181 2217 1237 2272; x_wconf 87' lang='lat'><strong>&#39;0</strong></span> <span class='ocrx_word' id='word_1_275' title='bbox 1272 2219 1379 2289; x_wconf 67' lang='grc' dir='ltr'><strong>γὰρ</strong></span> <span class='ocrx_word' id='word_1_276' title='bbox 1418 2221 1559 2273; x_wconf 69' lang='grc' dir='ltr'>κατὰ</span> <span class='ocrx_word' id='word_1_277' title='bbox 1623 2220 1715 2273; x_wconf 76' lang='grc' dir='ltr'>τοῦ</span> <span class='ocrx_word' id='word_1_278' title='bbox 1770 2220 1900 2274; x_wconf 81' lang='grc' dir='ltr'>Υίοῦ</span> 
     </span>
    </p>
   </div>
   <div class='ocr_carea' id='block_1_38' title="bbox 325 2305 1901 2379">
    <p class='ocr_par' dir='ltr' id='par_1_38' title="bbox 325 2305 1901 2379">
     <span class='ocr_line' id='line_1_38' title="bbox 325 2305 1901 2379; baseline 0.007 -25"><span class='ocrx_word' id='word_1_279' title='bbox 325 2305 562 2374; x_wconf 69' lang='grc' dir='ltr'>πόλεμος</span> <span class='ocrx_word' id='word_1_280' title='bbox 638 2308 732 2360; x_wconf 84' lang='grc' dir='ltr'><strong>καὶ</strong></span> <span class='ocrx_word' id='word_1_281' title='bbox 803 2308 941 2377; x_wconf 78' lang='grc' dir='ltr'>πρὸς</span> <span class='ocrx_word' id='word_1_282' title='bbox 1008 2309 1100 2362; x_wconf 86' lang='grc' dir='ltr'><strong>τὸν</strong></span> <span class='ocrx_word' id='word_1_283' title='bbox 1166 2310 1386 2379; x_wconf 84' lang='grc' dir='ltr'>Πατέρα</span> <span class='ocrx_word' id='word_1_284' title='bbox 1442 2310 1732 2367; x_wconf 79' lang='grc' dir='ltr'>διαῦαίνει.</span> <span class='ocrx_word' id='word_1_285' title='bbox 1786 2312 1901 2366; x_wconf 82' lang='grc' dir='ltr'><strong>Κύ-</strong></span> 
     </span>
    </p>
   </div>
   <div class='ocr_carea' id='block_1_39' title="bbox 326 2392 1903 2471">
    <p class='ocr_par' dir='ltr' id='par_1_39' title="bbox 326 2392 1903 2471">
     <span class='ocr_line' id='line_1_39' title="bbox 326 2392 1903 2471; baseline 0.005 -25"><span class='ocrx_word' id='word_1_286' title='bbox 326 2411 439 2464; x_wconf 88' lang='grc' dir='ltr'>ριον</span> <span class='ocrx_word' id='word_1_287' title='bbox 494 2397 594 2466; x_wconf 86' lang='grc' dir='ltr'>μὲν</span> <span class='ocrx_word' id='word_1_288' title='bbox 621 2392 964 2463; x_wconf 74' lang='grc' dir='ltr'>ὗποληπτέον</span> <span class='ocrx_word' id='word_1_289' title='bbox 1002 2398 1094 2451; x_wconf 84' lang='grc' dir='ltr'><strong>τὸν</strong></span> <span class='ocrx_word' id='word_1_290' title='bbox 1149 2394 1370 2471; x_wconf 81' lang='grc' dir='ltr'>Πατέρα</span> <span class='ocrx_word' id='word_1_291' title='bbox 1390 2417 1402 2431; x_wconf 89' lang='grc'><strong>·</strong></span> <span class='ocrx_word' id='word_1_292' title='bbox 1430 2400 1663 2471; x_wconf 79' lang='grc' dir='ltr'>Χριστὸν</span> <span class='ocrx_word' id='word_1_293' title='bbox 1710 2400 1786 2463; x_wconf 85' lang='grc' dir='ltr'>δὲ,</span> <span class='ocrx_word' id='word_1_294' title='bbox 1814 2402 1903 2455; x_wconf 83' lang='grc' dir='ltr'><strong>τὸν</strong></span> 
     </span>
    </p>
   </div>
   <div class='ocr_carea' id='block_1_40' title="bbox 325 2488 1901 2565">
    <p class='ocr_par' dir='ltr' id='par_1_40' title="bbox 325 2488 1901 2565">
     <span class='ocr_line' id='line_1_40' title="bbox 325 2488 1901 2565; baseline 0.005 -25"><span class='ocrx_word' id='word_1_295' title='bbox 325 2488 451 2541; x_wconf 83' lang='grc' dir='ltr'><strong>Υἱὸν</strong></span> <span class='ocrx_word' id='word_1_296' title='bbox 481 2488 672 2550; x_wconf 72' lang='grc' dir='ltr'>αὑτοῦ.</span> <span class='ocrx_word' id='word_1_297' title='bbox 699 2490 840 2543; x_wconf 84' lang='grc' dir='ltr'><strong>κατά</strong></span> <span class='ocrx_word' id='word_1_298' title='bbox 870 2490 972 2562; x_wconf 81' lang='grc' dir='ltr'><strong>τὴν</strong></span> <span class='ocrx_word' id='word_1_299' title='bbox 1002 2492 1261 2561; x_wconf 74' lang='grc' dir='ltr'>ῥηθεῖσαν</span> <span class='ocrx_word' id='word_1_300' title='bbox 1282 2490 1564 2565; x_wconf 75' lang='grc' dir='ltr'><strong>ἐξήγησιν.</strong></span> <span class='ocrx_word' id='word_1_301' title='bbox 1599 2495 1901 2565; x_wconf 79' lang='grc' dir='ltr'><strong>Αὺτὺ;’γὰρ</strong></span> 
     </span>
    </p>
   </div>
   <div class='ocr_carea' id='block_1_41' title="bbox 324 2575 1903 2655">
    <p class='ocr_par' dir='ltr' id='par_1_41' title="bbox 324 2575 1903 2655">
     <span class='ocr_line' id='line_1_41' title="bbox 324 2575 1903 2655; baseline 0.005 -26"><span class='ocrx_word' id='word_1_302' title='bbox 324 2575 514 2632; x_wconf 82' lang='grc' dir='ltr'>τοῦτον</span> <span class='ocrx_word' id='word_1_303' title='bbox 557 2579 866 2652; x_wconf 82' lang='grc' dir='ltr'>κατέστησε</span> <span class='ocrx_word' id='word_1_304' title='bbox 890 2580 1114 2651; x_wconf 78' lang='grc' dir='ltr'>βασιλέα</span> <span class='ocrx_word' id='word_1_305' title='bbox 1137 2584 1227 2636; x_wconf 76' lang='grc' dir='ltr'><strong>ἐπ’</strong></span> <span class='ocrx_word' id='word_1_306' title='bbox 1260 2583 1480 2648; x_wconf 77' lang='grc' dir='ltr'>αὐτοὺς,</span> <span class='ocrx_word' id='word_1_307' title='bbox 1517 2584 1656 2639; x_wconf 85' lang='grc' dir='ltr'><strong>κατά</strong></span> <span class='ocrx_word' id='word_1_308' title='bbox 1685 2585 1776 2639; x_wconf 83' lang='grc' dir='ltr'><strong>τὸν</strong></span> <span class='ocrx_word' id='word_1_309' title='bbox 1805 2586 1903 2655; x_wconf 77' lang='grc' dir='ltr'>τῆς</span> 
     </span>
    </p>
   </div>
   <div class='ocr_carea' id='block_1_42' title="bbox 322 2665 1904 2743">
    <p class='ocr_par' dir='ltr' id='par_1_42' title="bbox 322 2665 1904 2743">
     <span class='ocr_line' id='line_1_42' title="bbox 322 2665 1904 2743; baseline 0.003 -22"><span class='ocrx_word' id='word_1_310' title='bbox 322 2665 643 2738; x_wconf 59' lang='grc' dir='ltr'>οἰκονομίας</span> <span class='ocrx_word' id='word_1_311' title='bbox 674 2668 856 2739; x_wconf 81' lang='grc' dir='ltr'>λόγον.</span> <span class='ocrx_word' id='word_1_312' title='bbox 886 2671 950 2725; x_wconf 75' lang='lat' dir='ltr'><strong>Et</strong></span> <span class='ocrx_word' id='word_1_313' title='bbox 1004 2670 1061 2724; x_wconf 81' lang='grc' dir='ltr'>δὲ</span> <span class='ocrx_word' id='word_1_314' title='bbox 1091 2672 1242 2727; x_wconf 83' lang='grc' dir='ltr'>κατὰ</span> <span class='ocrx_word' id='word_1_315' title='bbox 1265 2674 1372 2728; x_wconf 79' lang='grc' dir='ltr'>τοῦ</span> <span class='ocrx_word' id='word_1_316' title='bbox 1405 2674 1664 2743; x_wconf 79' lang='grc' dir='ltr'>Χριστοῦ</span> <span class='ocrx_word' id='word_1_317' title='bbox 1704 2674 1904 2730; x_wconf 80' lang='grc' dir='ltr'>αὐτῶν</span> 
     </span>
    </p>
   </div>
   <div class='ocr_carea' id='block_1_43' title="bbox 324 2759 1904 2836">
    <p class='ocr_par' dir='ltr' id='par_1_43' title="bbox 324 2759 1904 2836">
     <span class='ocr_line' id='line_1_43' title="bbox 324 2759 1904 2836; baseline 0.006 -25"><span class='ocrx_word' id='word_1_318' title='bbox 324 2759 598 2829; x_wconf 74' lang='grc' dir='ltr'>εἴποιμεν,</span> <span class='ocrx_word' id='word_1_319' title='bbox 627 2759 704 2824; x_wconf 77' lang='grc' dir='ltr'>ὡς</span> <span class='ocrx_word' id='word_1_320' title='bbox 748 2760 919 2815; x_wconf 85' lang='grc' dir='ltr'>πολλά</span> <span class='ocrx_word' id='word_1_321' title='bbox 948 2762 1058 2816; x_wconf 85' lang='grc' dir='ltr'><strong>τῶν</strong></span> <span class='ocrx_word' id='word_1_322' title='bbox 1095 2763 1446 2833; x_wconf 79' lang='grc' dir='ltr'>ἀντιγράφων</span> <span class='ocrx_word' id='word_1_323' title='bbox 1481 2765 1616 2836; x_wconf 79' lang='grc' dir='ltr'>ἔχει,</span> <span class='ocrx_word' id='word_1_324' title='bbox 1652 2767 1904 2821; x_wconf 71' lang='grc' dir='ltr'>ὲκτενοῦ-</span> 
     </span>
    </p>
   </div>
   <div class='ocr_carea' id='block_1_44' title="bbox 330 2854 1904 2923">
    <p class='ocr_par' dir='ltr' id='par_1_44' title="bbox 330 2854 1904 2923">
     <span class='ocr_line' id='line_1_44' title="bbox 330 2854 1904 2923; baseline 0.006 -18"><span class='ocrx_word' id='word_1_325' title='bbox 330 2870 427 2921; x_wconf 88' lang='grc' dir='ltr'><strong>μεν</strong></span> <span class='ocrx_word' id='word_1_326' title='bbox 462 2854 609 2908; x_wconf 85' lang='grc' dir='ltr'><strong>κατά</strong></span> <span class='ocrx_word' id='word_1_327' title='bbox 645 2856 888 2917; x_wconf 84' lang='grc' dir='ltr'>πάντων,</span> <span class='ocrx_word' id='word_1_328' title='bbox 930 2856 1024 2910; x_wconf 80' lang='grc' dir='ltr'><strong>καὶ</strong></span> <span class='ocrx_word' id='word_1_329' title='bbox 1062 2857 1354 2923; x_wconf 81' lang='grc' dir='ltr'>Ἰουδαίων,</span> <span class='ocrx_word' id='word_1_330' title='bbox 1414 2861 1511 2912; x_wconf 75' lang='grc' dir='ltr'><strong>καὶ</strong></span> <span class='ocrx_word' id='word_1_331' title='bbox 1558 2859 1763 2922; x_wconf 81' lang='grc' dir='ltr'>ἐθνῶν,</span> <span class='ocrx_word' id='word_1_332' title='bbox 1811 2862 1904 2914; x_wconf 68' lang='grc' dir='ltr'><strong>καὶ</strong></span> 
     </span>
    </p>
   </div>
   <div class='ocr_carea' id='block_1_45' title="bbox 325 2944 1906 3021">
    <p class='ocr_par' dir='ltr' id='par_1_45' title="bbox 325 2944 1906 3021">
     <span class='ocr_line' id='line_1_45' title="bbox 325 2944 1906 3021; baseline 0.005 -24"><span class='ocrx_word' id='word_1_333' title='bbox 325 2944 616 3014; x_wconf 73' lang='grc' dir='ltr'>δαιμόνων.</span> <span class='ocrx_word' id='word_1_334' title='bbox 660 2946 849 3019; x_wconf 83' lang='grc' dir='ltr'>Τούτῳ</span> <span class='ocrx_word' id='word_1_335' title='bbox 874 2949 984 3019; x_wconf 77' lang='grc' dir='ltr'>γὰρ</span> <span class='ocrx_word' id='word_1_336' title='bbox 1042 2946 1169 3005; x_wconf 79' lang='grc' dir='ltr'><strong>πᾶν</strong></span> <span class='ocrx_word' id='word_1_337' title='bbox 1194 2949 1342 3019; x_wconf 76' lang='grc' dir='ltr'>γόνυ</span> <span class='ocrx_word' id='word_1_338' title='bbox 1395 2949 1622 3020; x_wconf 77' lang='grc' dir='ltr'>κάμψει</span> <span class='ocrx_word' id='word_1_339' title='bbox 1644 2950 1906 3021; x_wconf 83' lang='grc' dir='ltr'>ἐπουρα-</span> 
     </span>
    </p>
   </div>
   <div class='ocr_carea' id='block_1_46' title="bbox 322 3040 1547 3114">
    <p class='ocr_par' dir='ltr' id='par_1_46' title="bbox 322 3040 1547 3114">
     <span class='ocr_line' id='line_1_46' title="bbox 322 3040 1547 3114; baseline 0.008 -23"><span class='ocrx_word' id='word_1_340' title='bbox 322 3040 485 3105; x_wconf 69' lang='lat' dir='ltr'><strong>riter,</strong></span> <span class='ocrx_word' id='word_1_341' title='bbox 517 3041 618 3095; x_wconf 77' lang='grc' dir='ltr'>καὶ</span> <span class='ocrx_word' id='word_1_342' title='bbox 649 3041 950 3113; x_wconf 75' lang='grc' dir='ltr'>ἐπιγείων,</span> <span class='ocrx_word' id='word_1_343' title='bbox 977 3043 1079 3097; x_wconf 77' lang='grc' dir='ltr'>καὶ</span> <span class='ocrx_word' id='word_1_344' title='bbox 1115 3046 1547 3114; x_wconf 75' lang='grc' dir='ltr'>καταχθονίων.</span> 
     </span>
    </p>
   </div>
   <div class='ocr_carea' id='block_1_47' title="bbox 393 3224 1902 3306">
    <p class='ocr_par' dir='ltr' id='par_1_47' title="bbox 393 3224 1902 3306">
     <span class='ocr_line' id='line_1_47' title="bbox 393 3224 1902 3306; baseline 0.007 -30"><span class='ocrx_word' id='word_1_345' title='bbox 393 3224 735 3295; x_wconf 64' lang='grc' dir='ltr'>Διάψανιμα.</span> <span class='ocrx_word' id='word_1_346' title='bbox 794 3227 930 3299; x_wconf 69' lang='grc' dir='ltr'>Περὶ</span> <span class='ocrx_word' id='word_1_347' title='bbox 966 3227 1154 3283; x_wconf 66' lang='grc' dir='ltr'>τούτου</span> <span class='ocrx_word' id='word_1_348' title='bbox 1188 3228 1375 3300; x_wconf 82' lang='grc' dir='ltr'>σαφῶς</span> <span class='ocrx_word' id='word_1_349' title='bbox 1429 3230 1487 3284; x_wconf 78' lang='grc' dir='ltr'><strong>ἐν</strong></span> <span class='ocrx_word' id='word_1_350' title='bbox 1516 3230 1596 3303; x_wconf 82' lang='grc' dir='ltr'>τῷ</span> <span class='ocrx_word' id='word_1_351' title='bbox 1630 3234 1902 3306; x_wconf 82' lang='grc' dir='ltr'>προοιμίῳ</span> 
     </span>
    </p>
   </div>
   <div class='ocr_carea' id='block_1_48' title="bbox 324 3316 668 3389">
    <p class='ocr_par' dir='ltr' id='par_1_48' title="bbox 324 3316 668 3389">
     <span class='ocr_line' id='line_1_48' title="bbox 324 3316 668 3389; baseline 0.012 -20"><span class='ocrx_word' id='word_1_352' title='bbox 324 3316 668 3389; x_wconf 75' lang='grc' dir='ltr'>διελάϐομεν.</span> 
     </span>
    </p>
   </div>
   <div class='ocr_carea' id='block_1_49' title="bbox 394 3409 1903 3490">
    <p class='ocr_par' dir='ltr' id='par_1_49' title="bbox 394 3409 1903 3490">
     <span class='ocr_line' id='line_1_49' title="bbox 394 3409 1903 3490; baseline 0.007 -29"><span class='ocrx_word' id='word_1_353' title='bbox 394 3409 816 3480; x_wconf 76' lang='grc' dir='ltr'>Δισρῤἠξωμεν</span> <span class='ocrx_word' id='word_1_354' title='bbox 849 3411 991 3480; x_wconf 81' lang='grc' dir='ltr'>τοὺς</span> <span class='ocrx_word' id='word_1_355' title='bbox 1013 3414 1280 3484; x_wconf 83' lang='grc' dir='ltr'>δεσμοὺς</span> <span class='ocrx_word' id='word_1_356' title='bbox 1310 3415 1533 3481; x_wconf 77' lang='grc' dir='ltr'>αὐτῶν,</span> <span class='ocrx_word' id='word_1_357' title='bbox 1580 3419 1676 3473; x_wconf 74' lang='grc' dir='ltr'>καὶ</span> <span class='ocrx_word' id='word_1_358' title='bbox 1714 3420 1903 3490; x_wconf 77' lang='grc' dir='ltr'>ἀποῤ-</span> 
     </span>
    </p>
   </div>
   <div class='ocr_carea' id='block_1_50' title="bbox 2004 2217 3582 2282">
    <p class='ocr_par' dir='ltr' id='par_1_50' title="bbox 2004 2217 3582 2282">
     <span class='ocr_line' id='line_1_50' title="bbox 2004 2217 3582 2282; baseline 0.003 -13"><span class='ocrx_word' id='word_1_359' title='bbox 2004 2230 2122 2282; x_wconf 78' lang='lat' dir='ltr'><strong>gem</strong></span> <span class='ocrx_word' id='word_1_360' title='bbox 2158 2224 2428 2281; x_wconf 76' lang='lat' dir='ltr'><strong>tinxerat;</strong></span> <span class='ocrx_word' id='word_1_361' title='bbox 2454 2230 2548 2272; x_wconf 89' lang='lat' dir='ltr'><strong>cas</strong></span> <span class='ocrx_word' id='word_1_362' title='bbox 2571 2217 2715 2272; x_wconf 89' lang='lat' dir='ltr'><strong>enim</strong></span> <span class='ocrx_word' id='word_1_363' title='bbox 2746 2217 2800 2270; x_wconf 91' lang='lat' dir='ltr'><strong>in</strong></span> <span class='ocrx_word' id='word_1_364' title='bbox 2835 2217 3208 2271; x_wconf 69' lang='lat' dir='ltr'><strong>haereditatem</strong></span> <span class='ocrx_word' id='word_1_365' title='bbox 3235 2218 3313 2272; x_wconf 89' lang='lat' dir='ltr'><strong>illi</strong></span> <span class='ocrx_word' id='word_1_366' title='bbox 3337 2219 3582 2274; x_wconf 82' lang='lat' dir='ltr'><strong>dederat.</strong></span> 
     </span>
    </p>
   </div>
   <div class='ocr_carea' id='block_1_51' title="bbox 2005 2302 3585 2377">
    <p class='ocr_par' dir='ltr' id='par_1_51' title="bbox 2005 2302 3585 2377">
     <span class='ocr_line' id='line_1_51' title="bbox 2005 2302 3585 2377; baseline 0.005 -19"><span class='ocrx_word' id='word_1_367' title='bbox 2005 2302 2211 2361; x_wconf 84' lang='lat' dir='ltr'><strong>Bellum</strong></span> <span class='ocrx_word' id='word_1_368' title='bbox 2279 2303 2516 2377; x_wconf 89' lang='lat' dir='ltr'><strong>quippe,</strong></span> <span class='ocrx_word' id='word_1_369' title='bbox 2573 2306 2718 2377; x_wconf 82' lang='lat' dir='ltr'><strong>quod</strong></span> <span class='ocrx_word' id='word_1_370' title='bbox 2778 2308 3044 2365; x_wconf 81' lang='lat' dir='ltr'><strong>adversus</strong></span> <span class='ocrx_word' id='word_1_371' title='bbox 3101 2306 3300 2363; x_wconf 83' lang='lat' dir='ltr'><strong>Filium</strong></span> <span class='ocrx_word' id='word_1_372' title='bbox 3354 2311 3423 2367; x_wconf 85' lang='lat' dir='ltr'><strong>ab</strong></span> <span class='ocrx_word' id='word_1_373' title='bbox 3478 2311 3585 2366; x_wconf 88' lang='lat' dir='ltr'><strong>illis</strong></span> 
     </span>
    </p>
   </div>
   <div class='ocr_carea' id='block_1_52' title="bbox 2002 2399 3585 2470">
    <p class='ocr_par' dir='ltr' id='par_1_52' title="bbox 2002 2399 3585 2470">
     <span class='ocr_line' id='line_1_52' title="bbox 2002 2399 3585 2470; baseline 0.005 -21"><span class='ocrx_word' id='word_1_374' title='bbox 2002 2408 2215 2468; x_wconf 79' lang='lat' dir='ltr'><strong>gestum</strong></span> <span class='ocrx_word' id='word_1_375' title='bbox 2250 2408 2355 2461; x_wconf 86' lang='lat' dir='ltr'><strong>est.</strong></span> <span class='ocrx_word' id='word_1_376' title='bbox 2387 2399 2633 2470; x_wconf 86' lang='lat' dir='ltr'><strong>pervenit</strong></span> <span class='ocrx_word' id='word_1_377' title='bbox 2659 2400 2821 2454; x_wconf 86' lang='lat' dir='ltr'><strong>etiam</strong></span> <span class='ocrx_word' id='word_1_378' title='bbox 2854 2400 2918 2453; x_wconf 86' lang='lat' dir='ltr'><strong>ad</strong></span> <span class='ocrx_word' id='word_1_379' title='bbox 2948 2401 3183 2455; x_wconf 83' lang='lat' dir='ltr'><strong>Patrem.</strong></span> <span class='ocrx_word' id='word_1_380' title='bbox 3218 2402 3324 2455; x_wconf 91' lang='lat' dir='ltr'><strong>Pro</strong></span> <span class='ocrx_word' id='word_1_381' title='bbox 3353 2403 3585 2457; x_wconf 66' lang='lat' dir='ltr'><strong>llotnin&#39;o</strong></span> 
     </span>
    </p>
   </div>
   <div class='ocr_carea' id='block_1_53' title="bbox 2005 2488 3584 2558">
    <p class='ocr_par' dir='ltr' id='par_1_53' title="bbox 2005 2488 3584 2558">
     <span class='ocr_line' id='line_1_53' title="bbox 2005 2488 3584 2558; baseline 0.003 -16"><span class='ocrx_word' id='word_1_382' title='bbox 2005 2489 2171 2558; x_wconf 77' lang='lat' dir='ltr'><strong>igitur</strong></span> <span class='ocrx_word' id='word_1_383' title='bbox 2204 2488 2440 2555; x_wconf 86' lang='lat' dir='ltr'><strong>Patrem,</strong></span> <span class='ocrx_word' id='word_1_384' title='bbox 2475 2497 2530 2542; x_wconf 91' lang='lat' dir='ltr'><strong>et</strong></span> <span class='ocrx_word' id='word_1_385' title='bbox 2576 2505 2672 2558; x_wconf 88' lang='lat' dir='ltr'><strong>pro</strong></span> <span class='ocrx_word' id='word_1_386' title='bbox 2710 2490 2931 2544; x_wconf 85' lang='lat' dir='ltr'><strong>Christo</strong></span> <span class='ocrx_word' id='word_1_387' title='bbox 2969 2489 3188 2553; x_wconf 70' lang='lat' dir='ltr'><strong>Filium,</strong></span> <span class='ocrx_word' id='word_1_388' title='bbox 3225 2495 3323 2548; x_wconf 89' lang='lat' dir='ltr'><strong>hoc</strong></span> <span class='ocrx_word' id='word_1_389' title='bbox 3368 2497 3419 2549; x_wconf 93' lang='lat' dir='ltr'><strong>in</strong></span> <span class='ocrx_word' id='word_1_390' title='bbox 3463 2496 3584 2549; x_wconf 84' lang='lat' dir='ltr'><strong>loco</strong></span> 
     </span>
    </p>
   </div>
   <div class='ocr_carea' id='block_1_54' title="bbox 2004 2577 3585 2654">
    <p class='ocr_par' dir='ltr' id='par_1_54' title="bbox 2004 2577 3585 2654">
     <span class='ocr_line' id='line_1_54' title="bbox 2004 2577 3585 2654; baseline 0.006 -23"><span class='ocrx_word' id='word_1_391' title='bbox 2004 2577 2396 2649; x_wconf 77' lang='lat' dir='ltr'><strong>intelligamus.</strong></span> <span class='ocrx_word' id='word_1_392' title='bbox 2448 2580 2663 2633; x_wconf 84' lang='lat' dir='ltr'><strong>Etenim</strong></span> <span class='ocrx_word' id='word_1_393' title='bbox 2707 2579 2866 2634; x_wconf 86' lang='lat' dir='ltr'><strong>Pater</strong></span> <span class='ocrx_word' id='word_1_394' title='bbox 2914 2581 3031 2651; x_wconf 88' lang='lat' dir='ltr'><strong>ipse</strong></span> <span class='ocrx_word' id='word_1_395' title='bbox 3079 2584 3260 2637; x_wconf 75' lang='lat' dir='ltr'><strong>dit-ina</strong></span> <span class='ocrx_word' id='word_1_396' title='bbox 3297 2586 3585 2654; x_wconf 77' lang='lat' dir='ltr'><strong>dispensa-</strong></span> 
     </span>
    </p>
   </div>
   <div class='ocr_carea' id='block_1_55' title="bbox 2005 2670 3583 2742">
    <p class='ocr_par' dir='ltr' id='par_1_55' title="bbox 2005 2670 3583 2742">
     <span class='ocr_line' id='line_1_55' title="bbox 2005 2670 3583 2742; baseline 0.005 -18"><span class='ocrx_word' id='word_1_397' title='bbox 2005 2670 2168 2724; x_wconf 86' lang='lat' dir='ltr'><strong>tionis</strong></span> <span class='ocrx_word' id='word_1_398' title='bbox 2195 2670 2407 2724; x_wconf 84' lang='lat' dir='ltr'><strong>ratione</strong></span> <span class='ocrx_word' id='word_1_399' title='bbox 2437 2686 2615 2740; x_wconf 81' lang='lat' dir='ltr'><strong>regem</strong></span> <span class='ocrx_word' id='word_1_400' title='bbox 2644 2686 2765 2725; x_wconf 91' lang='lat' dir='ltr'><strong>enm</strong></span> <span class='ocrx_word' id='word_1_401' title='bbox 2799 2674 3090 2726; x_wconf 86' lang='lat' dir='ltr'><strong>censtituit</strong></span> <span class='ocrx_word' id='word_1_402' title='bbox 3139 2674 3294 2742; x_wconf 80' lang='lat' dir='ltr'><strong>Quod</strong></span> <span class='ocrx_word' id='word_1_403' title='bbox 3342 2678 3411 2736; x_wconf 86' lang='lat' dir='ltr'><strong>si,</strong></span> <span class='ocrx_word' id='word_1_404' title='bbox 3442 2687 3498 2730; x_wconf 90' lang='lat' dir='ltr'><strong>ut</strong></span> <span class='ocrx_word' id='word_1_405' title='bbox 3528 2678 3583 2733; x_wconf 90' lang='lat' dir='ltr'><strong>in</strong></span> 
     </span>
    </p>
   </div>
   <div class='ocr_carea' id='block_1_56' title="bbox 2007 2760 3581 2835">
    <p class='ocr_par' dir='ltr' id='par_1_56' title="bbox 2007 2760 3581 2835">
     <span class='ocr_line' id='line_1_56' title="bbox 2007 2760 3581 2835; baseline 0.004 -21"><span class='ocrx_word' id='word_1_406' title='bbox 2007 2760 2197 2816; x_wconf 88' lang='lat' dir='ltr'><strong>multis</strong></span> <span class='ocrx_word' id='word_1_407' title='bbox 2227 2762 2658 2831; x_wconf 82' lang='lat' dir='ltr'><strong>exemplaribus,</strong></span> <span class='ocrx_word' id='word_1_408' title='bbox 2710 2764 2764 2815; x_wconf 92' lang='lat' dir='ltr'><strong>in</strong></span> <span class='ocrx_word' id='word_1_409' title='bbox 2801 2762 2994 2830; x_wconf 87' lang='lat' dir='ltr'><strong>plurali</strong></span> <span class='ocrx_word' id='word_1_410' title='bbox 3031 2779 3260 2818; x_wconf 78' lang='lat' dir='ltr'><strong>innuero</strong></span> <span class='ocrx_word' id='word_1_411' title='bbox 3316 2766 3581 2835; x_wconf 78' lang='lat' dir='ltr'><strong>legamus.</strong></span> 
     </span>
    </p>
   </div>
   <div class='ocr_carea' id='block_1_57' title="bbox 2005 2852 3583 2917">
    <p class='ocr_par' dir='ltr' id='par_1_57' title="bbox 2005 2852 3583 2917">
     <span class='ocr_line' id='line_1_57' title="bbox 2005 2852 3583 2917; baseline 0.004 -11"><span class='ocrx_word' id='word_1_412' title='bbox 2005 2852 2257 2906; x_wconf 74' lang='lat' dir='ltr'><strong>adversus</strong></span> <span class='ocrx_word' id='word_1_413' title='bbox 2309 2852 2577 2908; x_wconf 78' lang='lat' dir='ltr'><strong>Christum</strong></span> <span class='ocrx_word' id='word_1_414' title='bbox 2627 2868 2830 2917; x_wconf 84' lang='lat' dir='ltr'><strong>eorum,</strong></span> <span class='ocrx_word' id='word_1_415' title='bbox 2864 2853 3058 2908; x_wconf 85' lang='lat' dir='ltr'><strong>relatio</strong></span> <span class='ocrx_word' id='word_1_416' title='bbox 3103 2855 3192 2909; x_wconf 84' lang='lat' dir='ltr'><strong>illa</strong></span> <span class='ocrx_word' id='word_1_417' title='bbox 3244 2858 3583 2913; x_wconf 67' lang='lat' dir='ltr'><strong>extendendo</strong></span> 
     </span>
    </p>
   </div>
   <div class='ocr_carea' id='block_1_58' title="bbox 2002 2944 3583 3018">
    <p class='ocr_par' dir='ltr' id='par_1_58' title="bbox 2002 2944 3583 3018">
     <span class='ocr_line' id='line_1_58' title="bbox 2002 2944 3583 3018; baseline 0.002 -16"><span class='ocrx_word' id='word_1_418' title='bbox 2002 2948 2131 3011; x_wconf 87' lang='lat' dir='ltr'><strong>erit,</strong></span> <span class='ocrx_word' id='word_1_419' title='bbox 2170 2954 2277 3001; x_wconf 81' lang='lat' dir='ltr'><strong>tam</strong></span> <span class='ocrx_word' id='word_1_420' title='bbox 2309 2947 2375 3001; x_wconf 89' lang='lat' dir='ltr'><strong>ad</strong></span> <span class='ocrx_word' id='word_1_421' title='bbox 2402 2944 2625 3002; x_wconf 67' lang='lat' dir='ltr'><strong>Iudaeos</strong></span> <span class='ocrx_word' id='word_1_422' title='bbox 2644 2961 2856 3013; x_wconf 88' lang='lat' dir='ltr'><strong>omnes,</strong></span> <span class='ocrx_word' id='word_1_423' title='bbox 2891 2964 3055 3016; x_wconf 88' lang='lat' dir='ltr'><strong>quam</strong></span> <span class='ocrx_word' id='word_1_424' title='bbox 3090 2947 3156 3001; x_wconf 90' lang='lat' dir='ltr'><strong>ad</strong></span> <span class='ocrx_word' id='word_1_425' title='bbox 3191 2958 3404 3018; x_wconf 79' lang='lat' dir='ltr'><strong>gentes,</strong></span> <span class='ocrx_word' id='word_1_426' title='bbox 3438 2958 3490 3002; x_wconf 83' lang='lat' dir='ltr'><strong>et</strong></span> <span class='ocrx_word' id='word_1_427' title='bbox 3516 2950 3583 3006; x_wconf 91' lang='lat' dir='ltr'><strong>ad</strong></span> 
     </span>
    </p>
   </div>
   <div class='ocr_carea' id='block_1_59' title="bbox 2005 3040 3593 3112">
    <p class='ocr_par' dir='ltr' id='par_1_59' title="bbox 2005 3040 3593 3112">
     <span class='ocr_line' id='line_1_59' title="bbox 2005 3040 3593 3112; baseline 0 -16"><span class='ocrx_word' id='word_1_428' title='bbox 2005 3041 2155 3110; x_wconf 82' lang='lat' dir='ltr'><strong>ipsos</strong></span> <span class='ocrx_word' id='word_1_429' title='bbox 2209 3040 2373 3095; x_wconf 89' lang='lat' dir='ltr'><strong>etiam</strong></span> <span class='ocrx_word' id='word_1_430' title='bbox 2421 3040 2722 3102; x_wconf 68' lang='lat' dir='ltr'><strong>daamones,</strong></span> <span class='ocrx_word' id='word_1_431' title='bbox 2780 3041 3039 3109; x_wconf 85' lang='lat' dir='ltr'><strong>quoniam</strong></span> <span class='ocrx_word' id='word_1_432' title='bbox 3078 3040 3149 3093; x_wconf 88' lang='lat' dir='ltr'><strong>illi</strong></span> <span class='ocrx_word' id='word_1_433' title='bbox 3179 3041 3220 3072; x_wconf 80' lang='lat'><strong>&quot;</strong></span> <span class='ocrx_word' id='word_1_434' title='bbox 3249 3041 3414 3097; x_wconf 83' lang='lat' dir='ltr'><strong>Omne</strong></span> <span class='ocrx_word' id='word_1_435' title='bbox 3452 3060 3593 3112; x_wconf 65' lang='lat' dir='ltr'><strong>genre</strong></span> 
     </span>
    </p>
   </div>
   <div class='ocr_carea' id='block_1_60' title="bbox 2008 3133 3440 3203">
    <p class='ocr_par' dir='ltr' id='par_1_60' title="bbox 2008 3133 3440 3203">
     <span class='ocr_line' id='line_1_60' title="bbox 2008 3133 3440 3203; baseline 0 -15"><span class='ocrx_word' id='word_1_436' title='bbox 2008 3136 2236 3190; x_wconf 70' lang='lat' dir='ltr'><strong>ﬂectitur</strong></span> <span class='ocrx_word' id='word_1_437' title='bbox 2275 3134 2588 3199; x_wconf 68' lang='lat' dir='ltr'><strong>caelestium,</strong></span> <span class='ocrx_word' id='word_1_438' title='bbox 2626 3135 2980 3199; x_wconf 79' lang='lat' dir='ltr'><strong>terrestrium,</strong></span> <span class='ocrx_word' id='word_1_439' title='bbox 3009 3143 3057 3187; x_wconf 89' lang='lat' dir='ltr'><strong>et</strong></span> <span class='ocrx_word' id='word_1_440' title='bbox 3086 3133 3440 3203; x_wconf 80' lang='lat' dir='ltr'><strong>infernarum.</strong></span> 
     </span>
    </p>
   </div>
   <div class='ocr_carea' id='block_1_61' title="bbox 2077 3225 3595 3298">
    <p class='ocr_par' dir='ltr' id='par_1_61' title="bbox 2077 3225 3595 3298">
     <span class='ocr_line' id='line_1_61' title="bbox 2077 3225 3595 3298; baseline -0.003 -16"><span class='ocrx_word' id='word_1_441' title='bbox 2077 3228 2416 3298; x_wconf 85' lang='lat' dir='ltr'><strong>Diapsalma.</strong></span> <span class='ocrx_word' id='word_1_442' title='bbox 2473 3225 2617 3293; x_wconf 87' lang='lat' dir='ltr'><strong>Quid</strong></span> <span class='ocrx_word' id='word_1_443' title='bbox 2646 3227 2719 3282; x_wconf 89' lang='lat' dir='ltr'><strong>sit</strong></span> <span class='ocrx_word' id='word_1_444' title='bbox 2750 3225 3054 3297; x_wconf 86' lang='lat' dir='ltr'><strong>diapsalma</strong></span> <span class='ocrx_word' id='word_1_445' title='bbox 3091 3227 3311 3282; x_wconf 84' lang='lat' dir='ltr'><strong>abunde</strong></span> <span class='ocrx_word' id='word_1_446' title='bbox 3341 3228 3595 3284; x_wconf 79' lang='lat' dir='ltr'><strong>diximus.</strong></span> 
     </span>
    </p>
   </div>
   <div class='ocr_carea' id='block_1_62' title="bbox 2005 3319 2382 3391">
    <p class='ocr_par' dir='ltr' id='par_1_62' title="bbox 2005 3319 2382 3391">
     <span class='ocr_line' id='line_1_62' title="bbox 2005 3319 2382 3391; baseline -0.011 -15"><span class='ocrx_word' id='word_1_447' title='bbox 2005 3321 2061 3376; x_wconf 88' lang='lat' dir='ltr'><strong>in</strong></span> <span class='ocrx_word' id='word_1_448' title='bbox 2092 3319 2382 3391; x_wconf 71' lang='lat' dir='ltr'><strong>prooemio.</strong></span> 
     </span>
    </p>
   </div>
   <div class='ocr_carea' id='block_1_63' title="bbox 2067 3413 3588 3483">
    <p class='ocr_par' dir='ltr' id='par_1_63' title="bbox 2067 3413 3588 3483">
     <span class='ocr_line' id='line_1_63' title="bbox 2067 3413 3588 3483; baseline -0.001 -14"><span class='ocrx_word' id='word_1_449' title='bbox 2067 3414 2227 3469; x_wconf 69' lang='lat' dir='ltr'><strong>Vens.</strong></span> <span class='ocrx_word' id='word_1_450' title='bbox 2248 3413 2300 3467; x_wconf 80' lang='lat'><strong>5.</strong></span> <span class='ocrx_word' id='word_1_451' title='bbox 2324 3413 2705 3481; x_wconf 74' lang='lat' dir='ltr'><strong>Dirumpamus</strong></span> <span class='ocrx_word' id='word_1_452' title='bbox 2724 3413 2933 3467; x_wconf 82' lang='lat' dir='ltr'><strong>vincula</strong></span> <span class='ocrx_word' id='word_1_453' title='bbox 2953 3429 3132 3467; x_wconf 86' lang='lat' dir='ltr'><strong>eorum</strong></span> <span class='ocrx_word' id='word_1_454' title='bbox 3160 3423 3207 3467; x_wconf 87' lang='lat' dir='ltr'><strong>et</strong></span> <span class='ocrx_word' id='word_1_455' title='bbox 3234 3414 3588 3483; x_wconf 71' lang='lat' dir='ltr'><strong>proﬁciamus</strong></span> 
     </span>
    </p>
   </div>
   <div class='ocr_carea' id='block_1_64' title="bbox 321 3484 1903 3584">
    <p class='ocr_par' dir='ltr' id='par_1_64' title="bbox 321 3484 1898 3584">
     <span class='ocr_line' id='line_1_64' title="bbox 321 3484 1898 3584; baseline 0.009 -32"><span class='ocrx_word' id='word_1_456' title='bbox 321 3502 590 3571; x_wconf 68' lang='grc' dir='ltr'>ῥίψωμεν</span> <span class='ocrx_word' id='word_1_457' title='bbox 645 3505 749 3574; x_wconf 67' lang='grc' dir='ltr'>ἀρ’</span> <span class='ocrx_word' id='word_1_458' title='bbox 781 3503 949 3574; x_wconf 70' lang='grc' dir='ltr'>ἡμῶν</span> <span class='ocrx_word' id='word_1_459' title='bbox 996 3508 1099 3561; x_wconf 77' lang='grc' dir='ltr'>τὸν</span> <span class='ocrx_word' id='word_1_460' title='bbox 1135 3508 1314 3578; x_wconf 80' lang='grc' dir='ltr'><strong>ζυγὸν</strong></span> <span class='ocrx_word' id='word_1_461' title='bbox 1365 3510 1586 3566; x_wconf 77' lang='grc' dir='ltr'>αὐτῶν.</span> <span class='ocrx_word' id='word_1_462' title='bbox 1648 3484 1898 3584; x_wconf 30' lang='grc' dir='ltr'>Ταῦτανῆ</span> 
     </span>
    </p>
   </div>
   <div class='ocr_carea' id='block_1_65' title="bbox 2013 3484 3581 3584">
    <p class='ocr_par' dir='ltr' id='par_1_65' title="bbox 2013 3484 3581 3575">
     <span class='ocr_line' id='line_1_65' title="bbox 2013 3484 3581 3575; baseline 0 -15"><span class='ocrx_word' id='word_1_463' title='bbox 2013 3525 2038 3561; x_wconf 81' lang='grc' dir='ltr'><strong>α</strong></span> <span class='ocrx_word' id='word_1_464' title='bbox 2061 3505 2208 3559; x_wconf 79' lang='lat' dir='ltr'><strong>nobis</strong></span> <span class='ocrx_word' id='word_1_465' title='bbox 2239 3505 2429 3575; x_wconf 86' lang='lat' dir='ltr'><strong>jugum</strong></span> <span class='ocrx_word' id='word_1_466' title='bbox 2469 3506 2723 3573; x_wconf 83' lang='lat' dir='ltr'><strong>ipsorum.</strong></span> <span class='ocrx_word' id='word_1_467' title='bbox 2749 3502 2919 3560; x_wconf 87' lang='lat' dir='ltr'><strong>Verba</strong></span> <span class='ocrx_word' id='word_1_468' title='bbox 2934 3484 3061 3560; x_wconf 67' lang='grc' dir='ltr'>Ἰιίεο</span> <span class='ocrx_word' id='word_1_469' title='bbox 3083 3506 3225 3561; x_wconf 86' lang='lat' dir='ltr'><strong>dicta</strong></span> <span class='ocrx_word' id='word_1_470' title='bbox 3261 3516 3389 3560; x_wconf 89' lang='lat' dir='ltr'><strong>sunt</strong></span> <span class='ocrx_word' id='word_1_471' title='bbox 3418 3507 3581 3561; x_wconf 87' lang='lat' dir='ltr'><strong>veluti</strong></span> 
     </span>
    </p>
   </div>
   <div class='ocr_carea' id='block_1_66' title="bbox 326 3593 1906 3671">
    <p class='ocr_par' dir='ltr' id='par_1_66' title="bbox 326 3593 1906 3671">
     <span class='ocr_line' id='line_1_66' title="bbox 326 3593 1906 3671; baseline 0.006 -25"><span class='ocrx_word' id='word_1_472' title='bbox 326 3593 431 3646; x_wconf 82' lang='grc' dir='ltr'><strong>ἀπὸ</strong></span> <span class='ocrx_word' id='word_1_473' title='bbox 462 3593 559 3647; x_wconf 73' lang='grc' dir='ltr'><strong>τοῦ</strong></span> <span class='ocrx_word' id='word_1_474' title='bbox 594 3595 755 3661; x_wconf 80' lang='grc' dir='ltr'>ἁγίου</span> <span class='ocrx_word' id='word_1_475' title='bbox 805 3596 1123 3667; x_wconf 80' lang='grc' dir='ltr'>Πνεύματος</span> <span class='ocrx_word' id='word_1_476' title='bbox 1161 3600 1595 3671; x_wconf 74' lang='grc' dir='ltr'>ἐγκελευομένου</span> <span class='ocrx_word' id='word_1_477' title='bbox 1646 3602 1756 3664; x_wconf 78' lang='grc' dir='ltr'>τοῖς</span> <span class='ocrx_word' id='word_1_478' title='bbox 1784 3603 1906 3655; x_wconf 77' lang='grc' dir='ltr'>ἐσο-</span> 
     </span>
    </p>
   </div>
   <div class='ocr_carea' id='block_1_67' title="bbox 330 3685 1906 3762">
    <p class='ocr_par' dir='ltr' id='par_1_67' title="bbox 330 3685 1906 3762">
     <span class='ocr_line' id='line_1_67' title="bbox 330 3685 1906 3762; baseline 0.006 -24"><span class='ocrx_word' id='word_1_479' title='bbox 330 3685 508 3752; x_wconf 78' lang='grc' dir='ltr'>μένοις</span> <span class='ocrx_word' id='word_1_480' title='bbox 538 3689 747 3749; x_wconf 75' lang='grc' dir='ltr'>πιστοῖς</span> <span class='ocrx_word' id='word_1_481' title='bbox 770 3688 1075 3759; x_wconf 75' lang='grc' dir='ltr'>ἀποστῆναι</span> <span class='ocrx_word' id='word_1_482' title='bbox 1107 3691 1201 3744; x_wconf 80' lang='grc' dir='ltr'>καὶ</span> <span class='ocrx_word' id='word_1_483' title='bbox 1238 3691 1346 3743; x_wconf 88' lang='grc' dir='ltr'><strong>τῶν</strong></span> <span class='ocrx_word' id='word_1_484' title='bbox 1376 3691 1906 3762; x_wconf 80' lang='grc' dir='ltr'>είδωλολατρούντων</span> 
     </span>
    </p>
   </div>
   <div class='ocr_carea' id='block_1_68' title="bbox 335 3776 1904 3847">
    <p class='ocr_par' dir='ltr' id='par_1_68' title="bbox 335 3776 1904 3847">
     <span class='ocr_line' id='line_1_68' title="bbox 335 3776 1904 3847; baseline 0.006 -19"><span class='ocrx_word' id='word_1_485' title='bbox 335 3776 647 3847; x_wconf 78' lang='grc' dir='ltr'>Ῥωμαίων,</span> <span class='ocrx_word' id='word_1_486' title='bbox 681 3781 774 3832; x_wconf 78' lang='grc' dir='ltr'><strong>καὶ</strong></span> <span class='ocrx_word' id='word_1_487' title='bbox 805 3780 915 3832; x_wconf 84' lang='grc' dir='ltr'><strong>τῶν</strong></span> <span class='ocrx_word' id='word_1_488' title='bbox 954 3782 1226 3835; x_wconf 81' lang='grc' dir='ltr'>ἀσυνέτων</span> <span class='ocrx_word' id='word_1_489' title='bbox 1270 3783 1543 3838; x_wconf 86' lang='grc' dir='ltr'>Ἰουδαίων</span> <span class='ocrx_word' id='word_1_490' title='bbox 1566 3801 1581 3816; x_wconf 83' lang='grc'><em>’</em></span> <span class='ocrx_word' id='word_1_491' title='bbox 1632 3784 1904 3838; x_wconf 77' lang='grc' dir='ltr'>κάκείνων</span> 
     </span>
    </p>
   </div>
   <div class='ocr_carea' id='block_1_69' title="bbox 332 3869 1907 3945">
    <p class='ocr_par' dir='ltr' id='par_1_69' title="bbox 332 3869 1907 3945">
     <span class='ocr_line' id='line_1_69' title="bbox 332 3869 1907 3945; baseline 0.004 -24"><span class='ocrx_word' id='word_1_492' title='bbox 332 3869 448 3938; x_wconf 70' lang='grc' dir='ltr'>μὲν,</span> <span class='ocrx_word' id='word_1_493' title='bbox 503 3870 633 3934; x_wconf 77' lang='grc' dir='ltr'>τοὺς</span> <span class='ocrx_word' id='word_1_494' title='bbox 696 3872 1115 3942; x_wconf 83' lang='grc' dir='ltr'>περικειμένους</span> <span class='ocrx_word' id='word_1_495' title='bbox 1168 3873 1457 3945; x_wconf 68' lang='grc' dir='ltr'>διαρρῆξαι</span> <span class='ocrx_word' id='word_1_496' title='bbox 1517 3875 1615 3945; x_wconf 82' lang='grc' dir='ltr'>τῆς</span> <span class='ocrx_word' id='word_1_497' title='bbox 1663 3874 1907 3939; x_wconf 87' lang='grc' dir='ltr'>δουλείας</span> 
     </span>
    </p>
   </div>
   <div class='ocr_carea' id='block_1_70' title="bbox 330 3960 1904 4037">
    <p class='ocr_par' dir='ltr' id='par_1_70' title="bbox 330 3960 1904 4037">
     <span class='ocr_line' id='line_1_70' title="bbox 330 3960 1904 4037; baseline 0.005 -23"><span class='ocrx_word' id='word_1_498' title='bbox 330 3961 559 4031; x_wconf 83' lang='grc' dir='ltr'>δεσμούς</span> <span class='ocrx_word' id='word_1_499' title='bbox 581 3980 594 3993; x_wconf 77' lang='grc' dir='ltr'><strong><em>ο</em></strong></span> <span class='ocrx_word' id='word_1_500' title='bbox 619 3962 829 4017; x_wconf 80' lang='grc' dir='ltr'>τούτων</span> <span class='ocrx_word' id='word_1_501' title='bbox 856 3965 931 4029; x_wconf 87' lang='grc' dir='ltr'>δὲ,</span> <span class='ocrx_word' id='word_1_502' title='bbox 968 3966 1279 4037; x_wconf 74' lang='grc' dir='ltr'>ἀπορῤίψαι</span> <span class='ocrx_word' id='word_1_503' title='bbox 1310 3967 1401 4020; x_wconf 77' lang='grc' dir='ltr'><strong>τὸν</strong></span> <span class='ocrx_word' id='word_1_504' title='bbox 1433 3960 1781 4035; x_wconf 77' lang='grc' dir='ltr'>ἐπικείμενον</span> <span class='ocrx_word' id='word_1_505' title='bbox 1811 3966 1904 4022; x_wconf 76' lang='grc' dir='ltr'>τοῦ</span> 
     </span>
    </p>
   </div>
   <div class='ocr_carea' id='block_1_71' title="bbox 329 4056 1903 4128">
    <p class='ocr_par' dir='ltr' id='par_1_71' title="bbox 329 4056 1903 4128">
     <span class='ocr_line' id='line_1_71' title="bbox 329 4056 1903 4128; baseline 0.004 -21"><span class='ocrx_word' id='word_1_506' title='bbox 329 4056 491 4124; x_wconf 84' lang='grc' dir='ltr'>νόμου</span> <span class='ocrx_word' id='word_1_507' title='bbox 524 4056 710 4122; x_wconf 66' lang='grc' dir='ltr'>ζυγὸν,</span> <span class='ocrx_word' id='word_1_508' title='bbox 743 4056 817 4120; x_wconf 82' lang='grc' dir='ltr'>ὡς</span> <span class='ocrx_word' id='word_1_509' title='bbox 845 4057 1015 4128; x_wconf 81' lang='grc' dir='ltr'>βαρὺν</span> <span class='ocrx_word' id='word_1_510' title='bbox 1063 4060 1158 4113; x_wconf 77' lang='grc' dir='ltr'><strong>καὶ</strong></span> <span class='ocrx_word' id='word_1_511' title='bbox 1210 4060 1580 4113; x_wconf 86' lang='grc' dir='ltr'>ἀποκτένοντα</span> <span class='ocrx_word' id='word_1_512' title='bbox 1621 4077 1634 4090; x_wconf 93' lang='grc'><strong>·</strong></span> <span class='ocrx_word' id='word_1_513' title='bbox 1684 4060 1903 4114; x_wconf 75' lang='grc' dir='ltr'>ἑλέσθαι</span> 
     </span>
    </p>
   </div>
   <div class='ocr_carea' id='block_1_72' title="bbox 327 4145 1905 4218">
    <p class='ocr_par' dir='ltr' id='par_1_72' title="bbox 327 4145 1905 4218">
     <span class='ocr_line' id='line_1_72' title="bbox 327 4145 1905 4218; baseline 0.002 -21"><span class='ocrx_word' id='word_1_514' title='bbox 327 4145 381 4198; x_wconf 75' lang='grc' dir='ltr'>δὲ</span> <span class='ocrx_word' id='word_1_515' title='bbox 411 4146 500 4198; x_wconf 72' lang='grc' dir='ltr'>τὸν</span> <span class='ocrx_word' id='word_1_516' title='bbox 522 4146 616 4199; x_wconf 79' lang='grc' dir='ltr'>τοῦ</span> <span class='ocrx_word' id='word_1_517' title='bbox 638 4145 901 4217; x_wconf 79' lang='grc' dir='ltr'>Χριστοῦ,</span> <span class='ocrx_word' id='word_1_518' title='bbox 928 4147 1161 4217; x_wconf 74' lang='grc' dir='ltr'>ἐλαφρὸν</span> <span class='ocrx_word' id='word_1_519' title='bbox 1188 4150 1281 4201; x_wconf 65' lang='grc' dir='ltr'><strong>καὶ</strong></span> <span class='ocrx_word' id='word_1_520' title='bbox 1310 4148 1704 4218; x_wconf 77' lang='grc' dir='ltr'>ζωογονοῦντα.</span> <span class='ocrx_word' id='word_1_521' title='bbox 1732 4147 1805 4201; x_wconf 84' lang='grc' dir='ltr'>Ἥ</span> <span class='ocrx_word' id='word_1_522' title='bbox 1829 4149 1905 4211; x_wconf 84' lang='grc' dir='ltr'>ὡς</span> 
     </span>
    </p>
   </div>
   <div class='ocr_carea' id='block_1_73' title="bbox 329 4237 1905 4315">
    <p class='ocr_par' dir='ltr' id='par_1_73' title="bbox 329 4237 1905 4315">
     <span class='ocr_line' id='line_1_73' title="bbox 329 4237 1905 4315; baseline 0.003 -25"><span class='ocrx_word' id='word_1_523' title='bbox 329 4238 436 4290; x_wconf 70' lang='grc' dir='ltr'><strong>ἀπὸ</strong></span> <span class='ocrx_word' id='word_1_524' title='bbox 467 4237 578 4290; x_wconf 86' lang='grc' dir='ltr'><strong>τῶν</strong></span> <span class='ocrx_word' id='word_1_525' title='bbox 621 4238 899 4305; x_wconf 86' lang='grc' dir='ltr'>φονευτῶν</span> <span class='ocrx_word' id='word_1_526' title='bbox 937 4239 1028 4292; x_wconf 86' lang='grc' dir='ltr'>τοῦ</span> <span class='ocrx_word' id='word_1_527' title='bbox 1085 4240 1359 4315; x_wconf 78' lang='grc' dir='ltr'>Σωτῆρος,</span> <span class='ocrx_word' id='word_1_528' title='bbox 1398 4241 1683 4311; x_wconf 75' lang='grc' dir='ltr'>μονονουχὶ</span> <span class='ocrx_word' id='word_1_529' title='bbox 1730 4240 1905 4295; x_wconf 77' lang='grc' dir='ltr'>ταῦτα</span> 
     </span>
    </p>
   </div>
   <div class='ocr_carea' id='block_1_74' title="bbox 330 4326 1902 4402">
    <p class='ocr_par' dir='ltr' id='par_1_74' title="bbox 330 4326 1902 4402">
     <span class='ocr_line' id='line_1_74' title="bbox 330 4326 1902 4402; baseline 0.005 -23"><span class='ocrx_word' id='word_1_530' title='bbox 330 4329 652 4398; x_wconf 80' lang='grc' dir='ltr'>εἰρηκότων,</span> <span class='ocrx_word' id='word_1_531' title='bbox 684 4331 779 4383; x_wconf 76' lang='grc' dir='ltr'>καὶ</span> <span class='ocrx_word' id='word_1_532' title='bbox 809 4329 880 4383; x_wconf 84' lang='grc' dir='ltr'>δι’</span> <span class='ocrx_word' id='word_1_533' title='bbox 923 4326 997 4385; x_wconf 81' lang='grc' dir='ltr'>ὧν</span> <span class='ocrx_word' id='word_1_534' title='bbox 1034 4331 1327 4402; x_wconf 73' lang='grc' dir='ltr'>ἔπραττον,</span> <span class='ocrx_word' id='word_1_535' title='bbox 1375 4334 1468 4386; x_wconf 77' lang='grc' dir='ltr'><strong>καὶ</strong></span> <span class='ocrx_word' id='word_1_536' title='bbox 1495 4333 1565 4387; x_wconf 77' lang='grc' dir='ltr'>δι’</span> <span class='ocrx_word' id='word_1_537' title='bbox 1594 4326 1669 4387; x_wconf 84' lang='grc' dir='ltr'>ὧν</span> <span class='ocrx_word' id='word_1_538' title='bbox 1697 4333 1902 4401; x_wconf 72' lang='grc' dir='ltr'>ἔλεγον,</span> 
     </span>
    </p>
   </div>
   <div class='ocr_carea' id='block_1_75' title="bbox 329 4423 1904 4496">
    <p class='ocr_par' dir='ltr' id='par_1_75' title="bbox 329 4423 1904 4496">
     <span class='ocr_line' id='line_1_75' title="bbox 329 4423 1904 4496; baseline 0.004 -23"><span class='ocrx_word' id='word_1_539' title='bbox 329 4425 422 4474; x_wconf 77' lang='grc' dir='ltr'>καὶ</span> <span class='ocrx_word' id='word_1_540' title='bbox 472 4423 915 4491; x_wconf 82' lang='grc' dir='ltr'>ἀφηνιασάντων,</span> <span class='ocrx_word' id='word_1_541' title='bbox 968 4425 1063 4478; x_wconf 70' lang='grc' dir='ltr'>καὶ</span> <span class='ocrx_word' id='word_1_542' title='bbox 1114 4425 1225 4479; x_wconf 85' lang='grc' dir='ltr'><strong>τῶν</strong></span> <span class='ocrx_word' id='word_1_543' title='bbox 1264 4426 1479 4495; x_wconf 66' lang='grc' dir='ltr'>δεσμῶν</span> <span class='ocrx_word' id='word_1_544' title='bbox 1516 4429 1616 4496; x_wconf 76' lang='grc' dir='ltr'>τῆς</span> <span class='ocrx_word' id='word_1_545' title='bbox 1663 4426 1904 4491; x_wconf 85' lang='grc' dir='ltr'>δουλείας</span> 
     </span>
    </p>
   </div>
   <div class='ocr_carea' id='block_1_76' title="bbox 328 4513 1895 4590">
    <p class='ocr_par' dir='ltr' id='par_1_76' title="bbox 328 4513 1895 4590">
     <span class='ocr_line' id='line_1_76' title="bbox 328 4513 1895 4590; baseline 0.005 -24"><span class='ocrx_word' id='word_1_546' title='bbox 328 4513 420 4567; x_wconf 65' lang='grc' dir='ltr'>τοῦ</span> <span class='ocrx_word' id='word_1_547' title='bbox 453 4516 687 4587; x_wconf 72' lang='grc' dir='ltr'>Πατρδς,</span> <span class='ocrx_word' id='word_1_548' title='bbox 722 4516 939 4569; x_wconf 76' lang='grc' dir='ltr'>καὶτοῦ</span> <span class='ocrx_word' id='word_1_549' title='bbox 977 4517 1129 4583; x_wconf 81' lang='grc' dir='ltr'><strong>Υίοῦ,</strong></span> <span class='ocrx_word' id='word_1_550' title='bbox 1170 4521 1265 4573; x_wconf 72' lang='grc' dir='ltr'>καὶ</span> <span class='ocrx_word' id='word_1_551' title='bbox 1293 4518 1389 4572; x_wconf 82' lang='grc' dir='ltr'>τοῦ</span> <span class='ocrx_word' id='word_1_552' title='bbox 1444 4518 1609 4587; x_wconf 74' lang='grc' dir='ltr'>ζυγοῦ</span> <span class='ocrx_word' id='word_1_553' title='bbox 1638 4520 1735 4590; x_wconf 86' lang='grc' dir='ltr'>τῆς</span> <span class='ocrx_word' id='word_1_554' title='bbox 1761 4521 1895 4574; x_wconf 63' lang='grc' dir='ltr'>ὑπο.</span> 
     </span>
    </p>
   </div>
   <div class='ocr_carea' id='block_1_77' title="bbox 2006 3597 3586 3669">
    <p class='ocr_par' dir='ltr' id='par_1_77' title="bbox 2006 3597 3586 3669">
     <span class='ocr_line' id='line_1_77' title="bbox 2006 3597 3586 3669; baseline -0.001 -16"><span class='ocrx_word' id='word_1_555' title='bbox 2006 3614 2070 3653; x_wconf 80' lang='lat' dir='ltr'><strong>ex</strong></span> <span class='ocrx_word' id='word_1_556' title='bbox 2107 3614 2338 3669; x_wconf 81' lang='lat' dir='ltr'><strong>persona</strong></span> <span class='ocrx_word' id='word_1_557' title='bbox 2375 3599 2545 3651; x_wconf 89' lang='lat' dir='ltr'><strong>sancti</strong></span> <span class='ocrx_word' id='word_1_558' title='bbox 2581 3597 2846 3666; x_wconf 84' lang='lat' dir='ltr'><strong>Spiritus,</strong></span> <span class='ocrx_word' id='word_1_559' title='bbox 2871 3598 3118 3666; x_wconf 78' lang='lat' dir='ltr'><strong>iubentis</strong></span> <span class='ocrx_word' id='word_1_560' title='bbox 3144 3599 3380 3668; x_wconf 84' lang='lat' dir='ltr'><strong>posteris</strong></span> <span class='ocrx_word' id='word_1_561' title='bbox 3407 3597 3586 3652; x_wconf 82' lang='lat' dir='ltr'><strong>ﬁdeli-</strong></span> 
     </span>
    </p>
   </div>
   <div class='ocr_carea' id='block_1_78' title="bbox 2004 3690 3584 3762">
    <p class='ocr_par' dir='ltr' id='par_1_78' title="bbox 2004 3690 3584 3762">
     <span class='ocr_line' id='line_1_78' title="bbox 2004 3690 3584 3762; baseline -0.001 -15"><span class='ocrx_word' id='word_1_562' title='bbox 2004 3693 2109 3748; x_wconf 92' lang='lat' dir='ltr'><strong>bns</strong></span> <span class='ocrx_word' id='word_1_563' title='bbox 2132 3704 2185 3746; x_wconf 92' lang='lat' dir='ltr'><strong>ut</strong></span> <span class='ocrx_word' id='word_1_564' title='bbox 2213 3692 2282 3745; x_wconf 89' lang='lat' dir='ltr'><strong>ab</strong></span> <span class='ocrx_word' id='word_1_565' title='bbox 2317 3692 2620 3747; x_wconf 80' lang='lat' dir='ltr'><strong>idololatris</strong></span> <span class='ocrx_word' id='word_1_566' title='bbox 2642 3690 2904 3746; x_wconf 79' lang='lat' dir='ltr'><strong>Remanis</strong></span> <span class='ocrx_word' id='word_1_567' title='bbox 2933 3702 3095 3760; x_wconf 89' lang='lat' dir='ltr'><strong>atque</strong></span> <span class='ocrx_word' id='word_1_568' title='bbox 3129 3691 3196 3748; x_wconf 89' lang='lat' dir='ltr'><strong>ab</strong></span> <span class='ocrx_word' id='word_1_569' title='bbox 3216 3691 3584 3762; x_wconf 88' lang='lat' dir='ltr'><strong>imprudenti-</strong></span> 
     </span>
    </p>
   </div>
   <div class='ocr_carea' id='block_1_79' title="bbox 2006 3784 3585 3853">
    <p class='ocr_par' dir='ltr' id='par_1_79' title="bbox 2006 3784 3585 3853">
     <span class='ocr_line' id='line_1_79' title="bbox 2006 3784 3585 3853; baseline -0.003 -11"><span class='ocrx_word' id='word_1_570' title='bbox 2006 3787 2108 3842; x_wconf 90' lang='lat' dir='ltr'><strong>bus</strong></span> <span class='ocrx_word' id='word_1_571' title='bbox 2140 3784 2342 3840; x_wconf 67' lang='lat' dir='ltr'><strong>Jutlmis</strong></span> <span class='ocrx_word' id='word_1_572' title='bbox 2368 3785 2691 3841; x_wconf 88' lang='lat' dir='ltr'><strong>discedant:</strong></span> <span class='ocrx_word' id='word_1_573' title='bbox 2723 3795 2777 3840; x_wconf 91' lang='lat' dir='ltr'><strong>et</strong></span> <span class='ocrx_word' id='word_1_574' title='bbox 2805 3785 3020 3839; x_wconf 84' lang='lat' dir='ltr'><strong>illorum</strong></span> <span class='ocrx_word' id='word_1_575' title='bbox 3050 3784 3270 3853; x_wconf 89' lang='lat' dir='ltr'><strong>quidem</strong></span> <span class='ocrx_word' id='word_1_576' title='bbox 3302 3784 3585 3839; x_wconf 79' lang='lat' dir='ltr'><strong>servitutis</strong></span> 
     </span>
    </p>
   </div>
   <div class='ocr_carea' id='block_1_80' title="bbox 2006 3875 3582 3947">
    <p class='ocr_par' dir='ltr' id='par_1_80' title="bbox 2006 3875 3582 3947">
     <span class='ocr_line' id='line_1_80' title="bbox 2006 3875 3582 3947; baseline -0.003 -15"><span class='ocrx_word' id='word_1_577' title='bbox 2006 3879 2225 3933; x_wconf 79' lang='lat' dir='ltr'><strong>vincula</strong></span> <span class='ocrx_word' id='word_1_578' title='bbox 2278 3878 2618 3947; x_wconf 89' lang='lat' dir='ltr'><strong>dirumpant,</strong></span> <span class='ocrx_word' id='word_1_579' title='bbox 2664 3878 2867 3946; x_wconf 88' lang='lat' dir='ltr'><strong>quibus</strong></span> <span class='ocrx_word' id='word_1_580' title='bbox 2918 3875 3352 3932; x_wconf 86' lang='lat' dir='ltr'><strong>detinebantur:</strong></span> <span class='ocrx_word' id='word_1_581' title='bbox 3387 3877 3582 3930; x_wconf 87' lang='lat' dir='ltr'><strong>horum</strong></span> 
     </span>
    </p>
   </div>
   <div class='ocr_carea' id='block_1_81' title="bbox 2004 3968 3584 4040">
    <p class='ocr_par' dir='ltr' id='par_1_81' title="bbox 2004 3968 3584 4040">
     <span class='ocr_line' id='line_1_81' title="bbox 2004 3968 3584 4040; baseline -0.001 -16"><span class='ocrx_word' id='word_1_582' title='bbox 2004 3970 2369 4040; x_wconf 85' lang='lat' dir='ltr'><strong>verojngum,</strong></span> <span class='ocrx_word' id='word_1_583' title='bbox 2397 3983 2506 4037; x_wconf 84' lang='lat' dir='ltr'><strong>quo</strong></span> <span class='ocrx_word' id='word_1_584' title='bbox 2545 3979 2767 4038; x_wconf 86' lang='lat' dir='ltr'><strong>prepter</strong></span> <span class='ocrx_word' id='word_1_585' title='bbox 2811 3970 2984 4040; x_wconf 81' lang='lat' dir='ltr'><strong>legem</strong></span> <span class='ocrx_word' id='word_1_586' title='bbox 3017 3968 3384 4038; x_wconf 80' lang='lat' dir='ltr'><strong>gravabantur</strong></span> <span class='ocrx_word' id='word_1_587' title='bbox 3414 3983 3584 4023; x_wconf 75' lang='lat' dir='ltr'><strong>excu-</strong></span> 
     </span>
    </p>
   </div>
   <div class='ocr_carea' id='block_1_82' title="bbox 2007 4054 3587 4119">
    <p class='ocr_par' dir='ltr' id='par_1_82' title="bbox 2007 4054 3587 4119">
     <span class='ocr_line' id='line_1_82' title="bbox 2007 4054 3587 4119; baseline 0.002 -11"><span class='ocrx_word' id='word_1_588' title='bbox 2007 4057 2189 4119; x_wconf 86' lang='lat' dir='ltr'><strong>tiant,</strong></span> <span class='ocrx_word' id='word_1_589' title='bbox 2247 4055 2418 4109; x_wconf 88' lang='lat' dir='ltr'><strong>veluti</strong></span> <span class='ocrx_word' id='word_1_590' title='bbox 2482 4071 2779 4110; x_wconf 88' lang='lat' dir='ltr'><strong>onerosum</strong></span> <span class='ocrx_word' id='word_1_591' title='bbox 2829 4071 2894 4109; x_wconf 89' lang='lat' dir='ltr'><strong>ac</strong></span> <span class='ocrx_word' id='word_1_592' title='bbox 2944 4054 3416 4112; x_wconf 80' lang='lat' dir='ltr'><strong>niortil‘erumzet</strong></span> <span class='ocrx_word' id='word_1_593' title='bbox 3469 4057 3587 4111; x_wconf 85' lang='lat' dir='ltr'><strong>vice</strong></span> 
     </span>
    </p>
   </div>
   <div class='ocr_carea' id='block_1_83' title="bbox 2001 4146 3584 4217">
    <p class='ocr_par' dir='ltr' id='par_1_83' title="bbox 2001 4146 3584 4217">
     <span class='ocr_line' id='line_1_83' title="bbox 2001 4146 3584 4217; baseline 0.001 -16"><span class='ocrx_word' id='word_1_594' title='bbox 2001 4149 2149 4202; x_wconf 87' lang='lat' dir='ltr'><strong>illius</strong></span> <span class='ocrx_word' id='word_1_595' title='bbox 2197 4147 2314 4202; x_wconf 86' lang='lat' dir='ltr'><strong>leve</strong></span> <span class='ocrx_word' id='word_1_596' title='bbox 2364 4161 2428 4201; x_wconf 85' lang='lat' dir='ltr'><strong>ac</strong></span> <span class='ocrx_word' id='word_1_597' title='bbox 2490 4147 2761 4201; x_wconf 80' lang='lat' dir='ltr'><strong>vivitieum</strong></span> <span class='ocrx_word' id='word_1_598' title='bbox 2821 4146 3025 4203; x_wconf 83' lang='lat' dir='ltr'><strong>Christi</strong></span> <span class='ocrx_word' id='word_1_599' title='bbox 3076 4148 3266 4217; x_wconf 81' lang='lat' dir='ltr'><strong>jugum</strong></span> <span class='ocrx_word' id='word_1_600' title='bbox 3338 4158 3584 4204; x_wconf 89' lang='lat' dir='ltr'><strong>sumant.</strong></span> 
     </span>
    </p>
   </div>
   <div class='ocr_carea' id='block_1_84' title="bbox 2003 4239 3585 4310">
    <p class='ocr_par' dir='ltr' id='par_1_84' title="bbox 2003 4239 3585 4310">
     <span class='ocr_line' id='line_1_84' title="bbox 2003 4239 3585 4310; baseline 0.002 -19"><span class='ocrx_word' id='word_1_601' title='bbox 2003 4239 2328 4309; x_wconf 86' lang='lat' dir='ltr'><strong>Quanquam</strong></span> <span class='ocrx_word' id='word_1_602' title='bbox 2360 4248 2414 4295; x_wconf 89' lang='lat' dir='ltr'><strong>et</strong></span> <span class='ocrx_word' id='word_1_603' title='bbox 2457 4239 2564 4294; x_wconf 87' lang='lat' dir='ltr'><strong>alio</strong></span> <span class='ocrx_word' id='word_1_604' title='bbox 2599 4239 2762 4294; x_wconf 90' lang='lat' dir='ltr'><strong>modo</strong></span> <span class='ocrx_word' id='word_1_605' title='bbox 2786 4240 3017 4310; x_wconf 86' lang='lat' dir='ltr'><strong>intelligi</strong></span> <span class='ocrx_word' id='word_1_606' title='bbox 3058 4249 3313 4309; x_wconf 87' lang='lat' dir='ltr'><strong>possunt,</strong></span> <span class='ocrx_word' id='word_1_607' title='bbox 3349 4248 3406 4293; x_wconf 88' lang='lat' dir='ltr'><strong>ut</strong></span> <span class='ocrx_word' id='word_1_608' title='bbox 3436 4239 3585 4294; x_wconf 74' lang='lat' dir='ltr'><strong>dicta</strong></span> 
     </span>
    </p>
   </div>
   <div class='ocr_carea' id='block_1_85' title="bbox 2005 4329 3584 4400">
    <p class='ocr_par' dir='ltr' id='par_1_85' title="bbox 2005 4329 3584 4400">
     <span class='ocr_line' id='line_1_85' title="bbox 2005 4329 3584 4400; baseline 0.003 -20"><span class='ocrx_word' id='word_1_609' title='bbox 2005 4329 2314 4393; x_wconf 84' lang='lat' dir='ltr'><strong>videantur,</strong></span> <span class='ocrx_word' id='word_1_610' title='bbox 2341 4346 2409 4385; x_wconf 82' lang='lat' dir='ltr'><strong>ex</strong></span> <span class='ocrx_word' id='word_1_611' title='bbox 2463 4344 2653 4384; x_wconf 89' lang='lat' dir='ltr'><strong>eorum</strong></span> <span class='ocrx_word' id='word_1_612' title='bbox 2691 4345 2946 4400; x_wconf 83' lang='lat' dir='ltr'><strong>persona,</strong></span> <span class='ocrx_word' id='word_1_613' title='bbox 2976 4331 3068 4400; x_wconf 91' lang='lat' dir='ltr'><strong>qui</strong></span> <span class='ocrx_word' id='word_1_614' title='bbox 3121 4330 3400 4385; x_wconf 84' lang='lat' dir='ltr'><strong>Christum</strong></span> <span class='ocrx_word' id='word_1_615' title='bbox 3433 4331 3584 4384; x_wconf 65' lang='lat' dir='ltr'><strong>OCCi?</strong></span> 
     </span>
    </p>
   </div>
   <div class='ocr_carea' id='block_1_86' title="bbox 2004 4424 3585 4495">
    <p class='ocr_par' dir='ltr' id='par_1_86' title="bbox 2004 4424 3585 4495">
     <span class='ocr_line' id='line_1_86' title="bbox 2004 4424 3585 4495; baseline -0.002 -14"><span class='ocrx_word' id='word_1_616' title='bbox 2004 4427 2205 4481; x_wconf 88' lang='lat' dir='ltr'><strong>derunt</strong></span> <span class='ocrx_word' id='word_1_617' title='bbox 2235 4442 2251 4480; x_wconf 92' lang='lat'><strong>:</strong></span> <span class='ocrx_word' id='word_1_618' title='bbox 2282 4424 2376 4495; x_wconf 89' lang='lat' dir='ltr'><strong>qui</strong></span> <span class='ocrx_word' id='word_1_619' title='bbox 2406 4434 2461 4479; x_wconf 92' lang='lat' dir='ltr'><strong>et</strong></span> <span class='ocrx_word' id='word_1_620' title='bbox 2487 4440 2544 4479; x_wconf 92' lang='lat' dir='ltr'><strong>re</strong></span> <span class='ocrx_word' id='word_1_621' title='bbox 2572 4426 2707 4494; x_wconf 83' lang='lat' dir='ltr'><strong>ipsa,</strong></span> <span class='ocrx_word' id='word_1_622' title='bbox 2741 4435 2794 4481; x_wconf 90' lang='lat' dir='ltr'><strong>et</strong></span> <span class='ocrx_word' id='word_1_623' title='bbox 2823 4425 3024 4489; x_wconf 84' lang='lat' dir='ltr'><strong>verbis,</strong></span> <span class='ocrx_word' id='word_1_624' title='bbox 3050 4425 3335 4482; x_wconf 78' lang='lat' dir='ltr'><strong>servitutis</strong></span> <span class='ocrx_word' id='word_1_625' title='bbox 3365 4424 3585 4478; x_wconf 87' lang='lat' dir='ltr'><strong>vincula</strong></span> 
     </span>
    </p>
   </div>
   <div class='ocr_carea' id='block_1_87' title="bbox 2003 4514 3585 4587">
    <p class='ocr_par' dir='ltr' id='par_1_87' title="bbox 2003 4514 3585 4587">
     <span class='ocr_line' id='line_1_87' title="bbox 2003 4514 3585 4587; baseline -0.001 -17"><span class='ocrx_word' id='word_1_626' title='bbox 2003 4532 2065 4571; x_wconf 87' lang='lat' dir='ltr'><strong>ac</strong></span> <span class='ocrx_word' id='word_1_627' title='bbox 2119 4516 2477 4586; x_wconf 82' lang='lat' dir='ltr'><strong>subjectionis</strong></span> <span class='ocrx_word' id='word_1_628' title='bbox 2523 4516 2714 4584; x_wconf 82' lang='lat' dir='ltr'><strong>jugnm</strong></span> <span class='ocrx_word' id='word_1_629' title='bbox 2770 4523 3149 4570; x_wconf 86' lang='lat' dir='ltr'><strong>recusarunt:</strong></span> <span class='ocrx_word' id='word_1_630' title='bbox 3191 4514 3415 4587; x_wconf 80' lang='lat' dir='ltr'><strong>quibus,</strong></span> <span class='ocrx_word' id='word_1_631' title='bbox 3462 4514 3585 4586; x_wconf 83' lang='lat' dir='ltr'><strong>ipso</strong></span> 
     </span>
    </p>
   </div>
   <div class='ocr_carea' id='block_1_88' title="bbox 328 4601 1903 4684">
    <p class='ocr_par' dir='ltr' id='par_1_88' title="bbox 328 4601 1903 4684">
     <span class='ocr_line' id='line_1_88' title="bbox 328 4601 1903 4684; baseline 0.008 -27"><span class='ocrx_word' id='word_1_632' title='bbox 328 4608 542 4675; x_wconf 74' lang='grc' dir='ltr'>τιγῆς,</span> <span class='ocrx_word' id='word_1_633' title='bbox 593 4601 676 4671; x_wconf 73' lang='grc' dir='ltr'>οἷς</span> <span class='ocrx_word' id='word_1_634' title='bbox 734 4608 1008 4681; x_wconf 76' lang='grc' dir='ltr'>ἐνείχοντο</span> <span class='ocrx_word' id='word_1_635' title='bbox 1062 4610 1208 4665; x_wconf 81' lang='grc' dir='ltr'><strong>κατά</strong></span> <span class='ocrx_word' id='word_1_636' title='bbox 1265 4611 1366 4682; x_wconf 81' lang='grc' dir='ltr'>τὴν</span> <span class='ocrx_word' id='word_1_637' title='bbox 1421 4612 1748 4668; x_wconf 79' lang='grc' dir='ltr'>ἀκολουθίαν</span> <span class='ocrx_word' id='word_1_638' title='bbox 1808 4614 1903 4684; x_wconf 61' lang='grc' dir='ltr'><strong>τῆς</strong></span> 
     </span>
    </p>
   </div>
   <div class='ocr_carea' id='block_1_89' title="bbox 2013 4601 3593 4684">
    <p class='ocr_par' dir='ltr' id='par_1_89' title="bbox 2013 4605 3593 4680">
     <span class='ocr_line' id='line_1_89' title="bbox 2013 4605 3593 4680; baseline 0.001 -16"><span class='ocrx_word' id='word_1_639' title='bbox 2013 4611 2313 4678; x_wconf 72' lang='grc' dir='ltr'>ειὶιιιιιῙιιτο</span> <span class='ocrx_word' id='word_1_640' title='bbox 2351 4615 2580 4674; x_wconf 76' lang='lat' dir='ltr'><strong>naturze,</strong></span> <span class='ocrx_word' id='word_1_641' title='bbox 2632 4616 2742 4661; x_wconf 84' lang='lat' dir='ltr'><strong>tam</strong></span> <span class='ocrx_word' id='word_1_642' title='bbox 2786 4606 2928 4665; x_wconf 86' lang='lat' dir='ltr'><strong>Filio</strong></span> <span class='ocrx_word' id='word_1_643' title='bbox 2963 4622 3124 4680; x_wconf 88' lang='lat' dir='ltr'><strong>quam</strong></span> <span class='ocrx_word' id='word_1_644' title='bbox 3158 4607 3302 4663; x_wconf 85' lang='lat' dir='ltr'><strong>Patri</strong></span> <span class='ocrx_word' id='word_1_645' title='bbox 3344 4605 3593 4665; x_wconf 75' lang='lat' dir='ltr'><strong>devincti</strong></span> 
     </span>
    </p>
   </div>
   <div class='ocr_carea' id='block_1_90' title="bbox 333 4713 567 4764">
    <p class='ocr_par' dir='ltr' id='par_1_90' title="bbox 333 4713 567 4764">
     <span class='ocr_line' id='line_1_90' title="bbox 333 4713 567 4764; baseline 0.013 -17"><span class='ocrx_word' id='word_1_646' title='bbox 333 4713 567 4764; x_wconf 58' lang='grc' dir='ltr'>φλσιως.</span> 
     </span>
    </p>
   </div>
   <div class='ocr_carea' id='block_1_91' title="bbox 407 4788 1902 4859">
    <p class='ocr_par' dir='ltr' id='par_1_91' title="bbox 407 4788 1902 4859">
     <span class='ocr_line' id='line_1_91' title="bbox 407 4788 1902 4859; baseline 0.004 -18"><span class='ocrx_word' id='word_1_647' title='bbox 407 4788 473 4841; x_wconf 86' lang='lat'><strong>&#39;0</strong></span> <span class='ocrx_word' id='word_1_648' title='bbox 507 4789 804 4843; x_wconf 79' lang='grc' dir='ltr'>κατοικῶν</span> <span class='ocrx_word' id='word_1_649' title='bbox 825 4789 895 4844; x_wconf 77' lang='grc' dir='ltr'>ἐν</span> <span class='ocrx_word' id='word_1_650' title='bbox 919 4791 1200 4859; x_wconf 73' lang='grc' dir='ltr'>οὐρανοῖς</span> <span class='ocrx_word' id='word_1_651' title='bbox 1239 4791 1629 4859; x_wconf 71' lang='grc' dir='ltr'>ἐκγελιὶσεται</span> <span class='ocrx_word' id='word_1_652' title='bbox 1659 4795 1801 4847; x_wconf 71' lang='grc' dir='ltr'>αὐτο</span> <span class='ocrx_word' id='word_1_653' title='bbox 1814 4793 1902 4857; x_wconf 68' lang='grc' dir='ltr'>ὗς,</span> 
     </span>
    </p>
   </div>
   <div class='ocr_carea' id='block_1_92' title="bbox 2008 4713 2186 4756">
    <p class='ocr_par' dir='ltr' id='par_1_92' title="bbox 2008 4713 2186 4756">
     <span class='ocr_line' id='line_1_92' title="bbox 2008 4713 2186 4756; baseline 0 0"><span class='ocrx_word' id='word_1_654' title='bbox 2008 4713 2186 4756; x_wconf 84' lang='lat' dir='ltr'><strong>erant.</strong></span> 
     </span>
    </p>
   </div>
   <div class='ocr_carea' id='block_1_93' title="bbox 2080 4790 3584 4860">
    <p class='ocr_par' dir='ltr' id='par_1_93' title="bbox 2080 4790 3584 4860">
     <span class='ocr_line' id='line_1_93' title="bbox 2080 4790 3584 4860; baseline -0.003 -12"><span class='ocrx_word' id='word_1_655' title='bbox 2080 4793 2245 4850; x_wconf 71' lang='lat' dir='ltr'><strong>Vens.</strong></span> <span class='ocrx_word' id='word_1_656' title='bbox 2276 4794 2327 4849; x_wconf 66' lang='grc'><strong>4.</strong></span> <span class='ocrx_word' id='word_1_657' title='bbox 2349 4793 2452 4860; x_wconf 80' lang='lat' dir='ltr'><strong>Qui</strong></span> <span class='ocrx_word' id='word_1_658' title='bbox 2477 4793 2679 4848; x_wconf 78' lang='lat' dir='ltr'><strong>habitat</strong></span> <span class='ocrx_word' id='word_1_659' title='bbox 2711 4792 2765 4846; x_wconf 72' lang='lat' dir='ltr'><strong>in</strong></span> <span class='ocrx_word' id='word_1_660' title='bbox 2794 4793 2936 4848; x_wconf 79' lang='lat' dir='ltr'><strong>cwlis</strong></span> <span class='ocrx_word' id='word_1_661' title='bbox 2972 4792 3212 4850; x_wconf 73' lang='lat' dir='ltr'><strong>irridebit</strong></span> <span class='ocrx_word' id='word_1_662' title='bbox 3248 4809 3357 4858; x_wconf 82' lang='lat' dir='ltr'><strong>eos,</strong></span> <span class='ocrx_word' id='word_1_663' title='bbox 3386 4802 3433 4845; x_wconf 84' lang='lat' dir='ltr'><strong>et</strong></span> <span class='ocrx_word' id='word_1_664' title='bbox 3475 4790 3584 4845; x_wconf 90' lang='lat' dir='ltr'><strong>Do-</strong></span> 
     </span>
    </p>
   </div>
   <div class='ocr_carea' id='block_1_94' title="bbox 333 4859 1903 4956">
    <p class='ocr_par' dir='ltr' id='par_1_94' title="bbox 333 4879 1903 4955">
     <span class='ocr_line' id='line_1_94' title="bbox 333 4879 1903 4955; baseline 0.003 -23"><span class='ocrx_word' id='word_1_665' title='bbox 333 4879 427 4933; x_wconf 70' lang='grc' dir='ltr'>κιι)</span> <span class='ocrx_word' id='word_1_666' title='bbox 459 4884 492 4934; x_wconf 86' lang='grc' dir='ltr'><strong>ό</strong></span> <span class='ocrx_word' id='word_1_667' title='bbox 526 4884 745 4948; x_wconf 81' lang='grc' dir='ltr'>Κύριος</span> <span class='ocrx_word' id='word_1_668' title='bbox 773 4882 1165 4952; x_wconf 65' lang='grc' dir='ltr'>ἐκμυλιτηριεῖ</span> <span class='ocrx_word' id='word_1_669' title='bbox 1194 4885 1436 4951; x_wconf 77' lang='grc' dir='ltr'>αὐτούς.</span> <span class='ocrx_word' id='word_1_670' title='bbox 1472 4884 1636 4937; x_wconf 72' lang='grc' dir='ltr'>Αὐτοὶ</span> <span class='ocrx_word' id='word_1_671' title='bbox 1669 4887 1716 4937; x_wconf 79' lang='grc' dir='ltr'><strong>οἱ</strong></span> <span class='ocrx_word' id='word_1_672' title='bbox 1753 4885 1903 4955; x_wconf 71' lang='grc' dir='ltr'>παρὰ</span> 
     </span>
    </p>
   </div>
   <div class='ocr_carea' id='block_1_95' title="bbox 2013 4859 3585 4956">
    <p class='ocr_par' dir='ltr' id='par_1_95' title="bbox 2013 4882 3585 4956">
     <span class='ocr_line' id='line_1_95' title="bbox 2013 4882 3585 4956; baseline -0.002 -17"><span class='ocrx_word' id='word_1_673' title='bbox 2013 4889 2185 4940; x_wconf 80' lang='lat' dir='ltr'><strong>minus</strong></span> <span class='ocrx_word' id='word_1_674' title='bbox 2236 4887 2717 4947; x_wconf 75' lang='lat' dir='ltr'><strong>subsannabiteos.</strong></span> <span class='ocrx_word' id='word_1_675' title='bbox 2770 4884 2834 4939; x_wconf 89' lang='lat' dir='ltr'><strong>lli</strong></span> <span class='ocrx_word' id='word_1_676' title='bbox 2894 4885 3179 4956; x_wconf 80' lang='lat' dir='ltr'><strong>igiturqui</strong></span> <span class='ocrx_word' id='word_1_677' title='bbox 3233 4899 3260 4938; x_wconf 73' lang='grc' dir='ltr'><strong>ιι</strong></span> <span class='ocrx_word' id='word_1_678' title='bbox 3310 4882 3585 4954; x_wconf 68' lang='lat' dir='ltr'><strong>pra-dictis</strong></span> 
     </span>
    </p>
   </div>
   <div class='ocr_carea' id='block_1_96' title="bbox 330 4973 1902 5049">
    <p class='ocr_par' dir='ltr' id='par_1_96' title="bbox 330 4973 1902 5049">
     <span class='ocr_line' id='line_1_96' title="bbox 330 4973 1902 5049; baseline 0.004 -25"><span class='ocrx_word' id='word_1_679' title='bbox 330 4973 535 5027; x_wconf 72' lang='grc' dir='ltr'>τούτων</span> <span class='ocrx_word' id='word_1_680' title='bbox 571 4973 1079 5044; x_wconf 79' lang='grc' dir='ltr'>βλασφημούμενοι,</span> <span class='ocrx_word' id='word_1_681' title='bbox 1113 4975 1141 5028; x_wconf 82' lang='grc' dir='ltr'><strong>ὅ</strong></span> <span class='ocrx_word' id='word_1_682' title='bbox 1167 4992 1225 5028; x_wconf 86' lang='grc' dir='ltr'><strong>τε</strong></span> <span class='ocrx_word' id='word_1_683' title='bbox 1255 4977 1530 5030; x_wconf 82' lang='grc' dir='ltr'>κατοικῶν</span> <span class='ocrx_word' id='word_1_684' title='bbox 1559 4979 1616 5030; x_wconf 83' lang='grc' dir='ltr'><strong>ὲν</strong></span> <span class='ocrx_word' id='word_1_685' title='bbox 1650 4978 1902 5049; x_wconf 77' lang='grc' dir='ltr'>οὐρανοῖς</span> 
     </span>
    </p>
   </div>
   <div class='ocr_carea' id='block_1_97' title="bbox 334 5066 1905 5138">
    <p class='ocr_par' dir='ltr' id='par_1_97' title="bbox 334 5066 1905 5138">
     <span class='ocr_line' id='line_1_97' title="bbox 334 5066 1905 5138; baseline 0.002 -19"><span class='ocrx_word' id='word_1_686' title='bbox 334 5066 544 5135; x_wconf 68' lang='grc' dir='ltr'>Πατὴρ,</span> <span class='ocrx_word' id='word_1_687' title='bbox 577 5067 673 5119; x_wconf 72' lang='grc' dir='ltr'><strong>καὶ</strong></span> <span class='ocrx_word' id='word_1_688' title='bbox 711 5066 839 5130; x_wconf 77' lang='grc' dir='ltr'>Υἱὸς</span> <span class='ocrx_word' id='word_1_689' title='bbox 863 5068 890 5119; x_wconf 76' lang='grc' dir='ltr'><strong><em>ὁ</em></strong></span> <span class='ocrx_word' id='word_1_690' title='bbox 913 5066 1120 5138; x_wconf 85' lang='grc' dir='ltr'>Κύριος</span> <span class='ocrx_word' id='word_1_691' title='bbox 1174 5068 1415 5132; x_wconf 80' lang='grc' dir='ltr'>πάντων,</span> <span class='ocrx_word' id='word_1_692' title='bbox 1456 5069 1596 5123; x_wconf 87' lang='grc' dir='ltr'>κατὰ</span> <span class='ocrx_word' id='word_1_693' title='bbox 1625 5070 1716 5122; x_wconf 77' lang='grc' dir='ltr'><strong>τον</strong></span> <span class='ocrx_word' id='word_1_694' title='bbox 1748 5070 1905 5138; x_wconf 85' lang='grc' dir='ltr'>λόγον</span> 
     </span>
    </p>
   </div>
   <div class='ocr_carea' id='block_1_98' title="bbox 333 5155 1899 5231">
    <p class='ocr_par' dir='ltr' id='par_1_98' title="bbox 333 5155 1899 5231">
     <span class='ocr_line' id='line_1_98' title="bbox 333 5155 1899 5231; baseline 0.004 -22"><span class='ocrx_word' id='word_1_695' title='bbox 333 5157 430 5227; x_wconf 77' lang='grc' dir='ltr'>τῆς</span> <span class='ocrx_word' id='word_1_696' title='bbox 456 5158 735 5227; x_wconf 88' lang='grc' dir='ltr'>θεότητος,</span> <span class='ocrx_word' id='word_1_697' title='bbox 765 5155 892 5213; x_wconf 75' lang='grc' dir='ltr'>λίαν</span> <span class='ocrx_word' id='word_1_698' title='bbox 924 5158 1274 5228; x_wconf 80' lang='grc' dir='ltr'>γελάσονται,</span> <span class='ocrx_word' id='word_1_699' title='bbox 1303 5163 1397 5214; x_wconf 77' lang='grc' dir='ltr'><strong>καὶ</strong></span> <span class='ocrx_word' id='word_1_700' title='bbox 1427 5160 1801 5231; x_wconf 77' lang='grc' dir='ltr'>ὲκμυκτηριοῦ</span> <span class='ocrx_word' id='word_1_701' title='bbox 1814 5178 1899 5215; x_wconf 85' lang='grc' dir='ltr'><strong>σιν</strong></span> 
     </span>
    </p>
   </div>
   <div class='ocr_carea' id='block_1_99' title="bbox 334 5250 1905 5325">
    <p class='ocr_par' dir='ltr' id='par_1_99' title="bbox 334 5250 1905 5325">
     <span class='ocr_line' id='line_1_99' title="bbox 334 5250 1905 5325; baseline 0.001 -22"><span class='ocrx_word' id='word_1_702' title='bbox 334 5250 548 5313; x_wconf 71' lang='grc' dir='ltr'>αὐτούς.</span> <span class='ocrx_word' id='word_1_703' title='bbox 586 5251 873 5305; x_wconf 80' lang='grc' dir='ltr'>Ἐπίτασιν</span> <span class='ocrx_word' id='word_1_704' title='bbox 891 5250 1001 5322; x_wconf 80' lang='grc' dir='ltr'>γὰρ</span> <span class='ocrx_word' id='word_1_705' title='bbox 1022 5251 1278 5323; x_wconf 75' lang='grc' dir='ltr'>ἐμφαίνει</span> <span class='ocrx_word' id='word_1_706' title='bbox 1303 5254 1336 5325; x_wconf 79' lang='grc' dir='ltr'>ἡ</span> <span class='ocrx_word' id='word_1_707' title='bbox 1362 5254 1643 5324; x_wconf 83' lang='grc' dir='ltr'>πρόθεσις,</span> <span class='ocrx_word' id='word_1_708' title='bbox 1673 5254 1768 5306; x_wconf 60' lang='grc' dir='ltr'><strong>καὶ⁸</strong></span> <span class='ocrx_word' id='word_1_709' title='bbox 1798 5253 1905 5305; x_wconf 86' lang='grc' dir='ltr'>διε-</span> 
     </span>
    </p>
   </div>
   <div class='ocr_carea' id='block_1_100' title="bbox 332 5341 1901 5418">
    <p class='ocr_par' dir='ltr' id='par_1_100' title="bbox 332 5341 1901 5418">
     <span class='ocr_line' id='line_1_100' title="bbox 332 5341 1901 5418; baseline 0.003 -25"><span class='ocrx_word' id='word_1_710' title='bbox 332 5341 615 5410; x_wconf 76' lang='grc' dir='ltr'>λέγξουσιν</span> <span class='ocrx_word' id='word_1_711' title='bbox 645 5345 929 5414; x_wconf 76' lang='grc' dir='ltr'>ἀνοήτους,</span> <span class='ocrx_word' id='word_1_712' title='bbox 968 5344 1044 5407; x_wconf 84' lang='grc' dir='ltr'>ὡς</span> <span class='ocrx_word' id='word_1_713' title='bbox 1086 5344 1373 5416; x_wconf 81' lang='grc' dir='ltr'>ἀνηνύτοις</span> <span class='ocrx_word' id='word_1_714' title='bbox 1419 5347 1901 5418; x_wconf 71' lang='grc' dir='ltr'>ἐπιχειρήσαντας,</span> 
     </span>
    </p>
   </div>
   <div class='ocr_carea' id='block_1_101' title="bbox 333 5433 1904 5509">
    <p class='ocr_par' dir='ltr' id='par_1_101' title="bbox 333 5433 1904 5509">
     <span class='ocr_line' id='line_1_101' title="bbox 333 5433 1904 5509; baseline 0.003 -23"><span class='ocrx_word' id='word_1_715' title='bbox 333 5434 414 5487; x_wconf 82' lang='grc' dir='ltr'>ὅτι</span> <span class='ocrx_word' id='word_1_716' title='bbox 441 5453 500 5489; x_wconf 81' lang='grc' dir='ltr'><strong>τε</strong></span> <span class='ocrx_word' id='word_1_717' title='bbox 532 5433 845 5489; x_wconf 79' lang='grc' dir='ltr'>θανατῶσαι</span> <span class='ocrx_word' id='word_1_718' title='bbox 875 5437 972 5508; x_wconf 84' lang='grc' dir='ltr'><strong>τὴν</strong></span> <span class='ocrx_word' id='word_1_719' title='bbox 1012 5437 1157 5507; x_wconf 80' lang='grc' dir='ltr'>ζωὴν</span> <span class='ocrx_word' id='word_1_720' title='bbox 1206 5437 1637 5509; x_wconf 82' lang='grc' dir='ltr'>προσεδόκησαν,</span> <span class='ocrx_word' id='word_1_721' title='bbox 1692 5439 1784 5492; x_wconf 61' lang='grc' dir='ltr'><strong>καὶ</strong></span> <span class='ocrx_word' id='word_1_722' title='bbox 1821 5440 1904 5491; x_wconf 86' lang='grc' dir='ltr'>ὅτι</span> 
     </span>
    </p>
   </div>
   <div class='ocr_carea' id='block_1_102' title="bbox 343 5523 1906 5599">
    <p class='ocr_par' dir='ltr' id='par_1_102' title="bbox 343 5523 1906 5599">
     <span class='ocr_line' id='line_1_102' title="bbox 343 5523 1906 5599; baseline 0.003 -20"><span class='ocrx_word' id='word_1_723' title='bbox 343 5523 605 5595; x_wconf 77' lang='grc' dir='ltr'>Ῥωμαῖοι</span> <span class='ocrx_word' id='word_1_724' title='bbox 663 5527 764 5597; x_wconf 79' lang='grc' dir='ltr'>μὲν</span> <span class='ocrx_word' id='word_1_725' title='bbox 831 5529 953 5582; x_wconf 69' lang='grc' dir='ltr'>ἀντὶ</span> <span class='ocrx_word' id='word_1_726' title='bbox 1004 5528 1140 5581; x_wconf 79' lang='grc' dir='ltr'>Θεοῦ</span> <span class='ocrx_word' id='word_1_727' title='bbox 1183 5528 1447 5599; x_wconf 84' lang='grc' dir='ltr'>δαίμονας</span> <span class='ocrx_word' id='word_1_728' title='bbox 1493 5529 1734 5583; x_wconf 85' lang='grc' dir='ltr'>εἵλοντο·</span> <span class='ocrx_word' id='word_1_729' title='bbox 1772 5532 1906 5584; x_wconf 81' lang='grc' dir='ltr'>Ἰου-</span> 
     </span>
    </p>
   </div>
   <div class='ocr_carea' id='block_1_103' title="bbox 337 5617 1219 5695">
    <p class='ocr_par' dir='ltr' id='par_1_103' title="bbox 337 5617 1219 5695">
     <span class='ocr_line' id='line_1_103' title="bbox 337 5617 1219 5695; baseline 0.008 -26"><span class='ocrx_word' id='word_1_730' title='bbox 337 5617 473 5670; x_wconf 82' lang='grc' dir='ltr'>δαϊοι</span> <span class='ocrx_word' id='word_1_731' title='bbox 496 5617 575 5683; x_wconf 84' lang='grc' dir='ltr'><strong>δὲ,</strong></span> <span class='ocrx_word' id='word_1_732' title='bbox 606 5619 729 5695; x_wconf 77' lang='grc' dir='ltr'>ἀντὶ</span> <span class='ocrx_word' id='word_1_733' title='bbox 761 5619 1017 5690; x_wconf 81' lang='grc' dir='ltr'>ἀληθείας</span> <span class='ocrx_word' id='word_1_734' title='bbox 1041 5620 1219 5676; x_wconf 84' lang='grc' dir='ltr'>σκιάν.</span> 
     </span>
    </p>
   </div>
   <div class='ocr_carea' id='block_1_104' title="bbox 423 5876 1514 5954">
    <p class='ocr_par' dir='ltr' id='par_1_104' title="bbox 423 5876 1514 5954">
     <span class='ocr_line' id='line_1_104' title="bbox 423 5876 1514 5954; baseline 0.006 -21"><span class='ocrx_word' id='word_1_735' title='bbox 423 5876 468 5909; x_wconf 71' lang='grc' dir='ltr'><strong>δ’</strong></span> <span class='ocrx_word' id='word_1_736' title='bbox 494 5878 728 5953; x_wconf 80' lang='lat' dir='ltr'><strong>Philipp.</strong></span> <span class='ocrx_word' id='word_1_737' title='bbox 760 5896 800 5951; x_wconf 82' lang='grc' dir='ltr'><strong>ι,</strong></span> <span class='ocrx_word' id='word_1_738' title='bbox 832 5881 920 5937; x_wconf 82' lang='lat'><strong>50.</strong></span> <span class='ocrx_word' id='word_1_739' title='bbox 980 5883 1021 5915; x_wconf 79' lang='grc'><strong>’⁸⁷</strong></span> <span class='ocrx_word' id='word_1_740' title='bbox 1050 5881 1285 5954; x_wconf 80' lang='lat' dir='ltr'><strong>Philipp.</strong></span> <span class='ocrx_word' id='word_1_741' title='bbox 1328 5900 1384 5951; x_wconf 92' lang='grc' dir='ltr'><strong>ιι,</strong></span> <span class='ocrx_word' id='word_1_742' title='bbox 1429 5885 1514 5940; x_wconf 73' lang='grc' dir='ltr'><strong>Ιθ.</strong></span> 
     </span>
    </p>
   </div>
   <div class='ocr_carea' id='block_1_105' title="bbox 2012 4972 3587 5046">
    <p class='ocr_par' dir='ltr' id='par_1_105' title="bbox 2012 4972 3587 5046">
     <span class='ocr_line' id='line_1_105' title="bbox 2012 4972 3587 5046; baseline -0.004 -15"><span class='ocrx_word' id='word_1_743' title='bbox 2012 4977 2482 5046; x_wconf 85' lang='lat' dir='ltr'><strong>blasphemantur,</strong></span> <span class='ocrx_word' id='word_1_744' title='bbox 2518 4974 2677 5031; x_wconf 87' lang='lat' dir='ltr'><strong>Pater</strong></span> <span class='ocrx_word' id='word_1_745' title='bbox 2727 4976 2983 5031; x_wconf 87' lang='lat' dir='ltr'><strong>nimirum</strong></span> <span class='ocrx_word' id='word_1_746' title='bbox 3032 4977 3123 5045; x_wconf 92' lang='lat' dir='ltr'><strong>qui</strong></span> <span class='ocrx_word' id='word_1_747' title='bbox 3158 4977 3210 5030; x_wconf 93' lang='lat' dir='ltr'><strong>in</strong></span> <span class='ocrx_word' id='word_1_748' title='bbox 3243 4974 3396 5028; x_wconf 79' lang='lat' dir='ltr'><strong>caelis</strong></span> <span class='ocrx_word' id='word_1_749' title='bbox 3429 4972 3587 5027; x_wconf 87' lang='lat' dir='ltr'><strong>habi-</strong></span> 
     </span>
    </p>
   </div>
   <div class='ocr_carea' id='block_1_106' title="bbox 2014 5062 3586 5134">
    <p class='ocr_par' dir='ltr' id='par_1_106' title="bbox 2014 5062 3586 5134">
     <span class='ocr_line' id='line_1_106' title="bbox 2014 5062 3586 5134; baseline 0.001 -19"><span class='ocrx_word' id='word_1_750' title='bbox 2014 5073 2085 5116; x_wconf 86' lang='lat' dir='ltr'><strong>tat</strong></span> <span class='ocrx_word' id='word_1_751' title='bbox 2103 5074 2157 5117; x_wconf 88' lang='lat' dir='ltr'><strong>et</strong></span> <span class='ocrx_word' id='word_1_752' title='bbox 2183 5063 2355 5119; x_wconf 85' lang='lat' dir='ltr'><strong>Filius</strong></span> <span class='ocrx_word' id='word_1_753' title='bbox 2377 5066 2469 5134; x_wconf 87' lang='lat' dir='ltr'><strong>qui</strong></span> <span class='ocrx_word' id='word_1_754' title='bbox 2493 5065 2795 5121; x_wconf 84' lang='lat' dir='ltr'><strong>divinitatis</strong></span> <span class='ocrx_word' id='word_1_755' title='bbox 2827 5066 3039 5120; x_wconf 90' lang='lat' dir='ltr'><strong>ratione</strong></span> <span class='ocrx_word' id='word_1_756' title='bbox 3059 5064 3298 5120; x_wconf 87' lang='lat' dir='ltr'><strong>omnium</strong></span> <span class='ocrx_word' id='word_1_757' title='bbox 3322 5062 3586 5116; x_wconf 86' lang='lat' dir='ltr'><strong>Dominus</strong></span> 
     </span>
    </p>
   </div>
   <div class='ocr_carea' id='block_1_107' title="bbox 2010 5154 3587 5223">
    <p class='ocr_par' dir='ltr' id='par_1_107' title="bbox 2010 5154 3587 5223">
     <span class='ocr_line' id='line_1_107' title="bbox 2010 5154 3587 5223; baseline -0.001 -14"><span class='ocrx_word' id='word_1_758' title='bbox 2010 5157 2232 5223; x_wconf 82' lang='lat' dir='ltr'><strong>dicitur,</strong></span> <span class='ocrx_word' id='word_1_759' title='bbox 2267 5156 2595 5212; x_wconf 87' lang='lat' dir='ltr'><strong>deridebunt</strong></span> <span class='ocrx_word' id='word_1_760' title='bbox 2625 5164 2676 5211; x_wconf 88' lang='lat' dir='ltr'><strong>et</strong></span> <span class='ocrx_word' id='word_1_761' title='bbox 2711 5157 3128 5212; x_wconf 87' lang='lat' dir='ltr'><strong>subsannabunt</strong></span> <span class='ocrx_word' id='word_1_762' title='bbox 3156 5169 3287 5207; x_wconf 89' lang='lat' dir='ltr'><strong>eos:</strong></span> <span class='ocrx_word' id='word_1_763' title='bbox 3322 5154 3587 5207; x_wconf 82' lang='lat' dir='ltr'><strong>iutensio-</strong></span> 
     </span>
    </p>
   </div>
   <div class='ocr_carea' id='block_1_108' title="bbox 2014 5245 3584 5320">
    <p class='ocr_par' dir='ltr' id='par_1_108' title="bbox 2014 5245 3584 5320">
     <span class='ocr_line' id='line_1_108' title="bbox 2014 5245 3584 5320; baseline -0.002 -19"><span class='ocrx_word' id='word_1_764' title='bbox 2014 5265 2136 5301; x_wconf 83' lang='lat' dir='ltr'><strong>nem</strong></span> <span class='ocrx_word' id='word_1_765' title='bbox 2180 5249 2324 5305; x_wconf 87' lang='lat' dir='ltr'><strong>enim</strong></span> <span class='ocrx_word' id='word_1_766' title='bbox 2352 5250 2530 5304; x_wconf 89' lang='lat' dir='ltr'><strong>innuit</strong></span> <span class='ocrx_word' id='word_1_767' title='bbox 2568 5249 2899 5320; x_wconf 65' lang='lat' dir='ltr'><strong>praepositio,</strong></span> <span class='ocrx_word' id='word_1_768' title='bbox 2932 5248 3362 5312; x_wconf 87' lang='lat' dir='ltr'><strong>convincentque</strong></span> <span class='ocrx_word' id='word_1_769' title='bbox 3406 5245 3584 5299; x_wconf 82' lang='lat' dir='ltr'><strong>fatuos</strong></span> 
     </span>
    </p>
   </div>
   <div class='ocr_carea' id='block_1_109' title="bbox 2010 5335 3581 5410">
    <p class='ocr_par' dir='ltr' id='par_1_109' title="bbox 2010 5335 3581 5410">
     <span class='ocr_line' id='line_1_109' title="bbox 2010 5335 3581 5410; baseline -0.004 -17"><span class='ocrx_word' id='word_1_770' title='bbox 2010 5355 2102 5393; x_wconf 87' lang='lat' dir='ltr'><strong>eos</strong></span> <span class='ocrx_word' id='word_1_771' title='bbox 2148 5340 2339 5403; x_wconf 77' lang='lat' dir='ltr'><strong>fuisse,</strong></span> <span class='ocrx_word' id='word_1_772' title='bbox 2383 5338 2529 5410; x_wconf 88' lang='lat' dir='ltr'><strong>quod</strong></span> <span class='ocrx_word' id='word_1_773' title='bbox 2574 5341 2758 5394; x_wconf 89' lang='lat' dir='ltr'><strong>inania</strong></span> <span class='ocrx_word' id='word_1_774' title='bbox 2801 5346 2965 5406; x_wconf 85' lang='lat' dir='ltr'><strong>atque</strong></span> <span class='ocrx_word' id='word_1_775' title='bbox 3005 5335 3357 5407; x_wconf 89' lang='lat' dir='ltr'><strong>impossibilia</strong></span> <span class='ocrx_word' id='word_1_776' title='bbox 3401 5336 3581 5389; x_wconf 84' lang='lat' dir='ltr'><strong>conati</strong></span> 
     </span>
    </p>
   </div>
   <div class='ocr_carea' id='block_1_110' title="bbox 2012 5429 3582 5504">
    <p class='ocr_par' dir='ltr' id='par_1_110' title="bbox 2012 5429 3582 5504">
     <span class='ocr_line' id='line_1_110' title="bbox 2012 5429 3582 5504; baseline -0.003 -19"><span class='ocrx_word' id='word_1_777' title='bbox 2012 5433 2142 5497; x_wconf 79' lang='lat' dir='ltr'><strong>sint,</strong></span> <span class='ocrx_word' id='word_1_778' title='bbox 2175 5434 2588 5504; x_wconf 86' lang='lat' dir='ltr'><strong>etspcravcrint</strong></span> <span class='ocrx_word' id='word_1_779' title='bbox 2613 5432 2786 5503; x_wconf 87' lang='lat' dir='ltr'><strong>ipsum</strong></span> <span class='ocrx_word' id='word_1_780' title='bbox 2816 5431 3125 5495; x_wconf 81' lang='lat' dir='ltr'><strong>Dominum,</strong></span> <span class='ocrx_word' id='word_1_781' title='bbox 3150 5429 3399 5499; x_wconf 83' lang='lat' dir='ltr'><strong>quininio</strong></span> <span class='ocrx_word' id='word_1_782' title='bbox 3419 5430 3582 5481; x_wconf 84' lang='lat' dir='ltr'><strong>vitam</strong></span> 
     </span>
    </p>
   </div>
   <div class='ocr_carea' id='block_1_111' title="bbox 2012 5521 3585 5593">
    <p class='ocr_par' dir='ltr' id='par_1_111' title="bbox 2012 5521 3585 5593">
     <span class='ocr_line' id='line_1_111' title="bbox 2012 5521 3585 5593; baseline -0.003 -16"><span class='ocrx_word' id='word_1_783' title='bbox 2012 5525 2211 5593; x_wconf 78' lang='lat' dir='ltr'><strong>ipsam,</strong></span> <span class='ocrx_word' id='word_1_784' title='bbox 2239 5532 2413 5579; x_wconf 88' lang='lat' dir='ltr'><strong>morte</strong></span> <span class='ocrx_word' id='word_1_785' title='bbox 2459 5524 2673 5577; x_wconf 81' lang='lat' dir='ltr'><strong>allicere</strong></span> <span class='ocrx_word' id='word_1_786' title='bbox 2704 5540 2718 5576; x_wconf 91' lang='lat'><strong>:</strong></span> <span class='ocrx_word' id='word_1_787' title='bbox 2747 5521 3005 5591; x_wconf 86' lang='lat' dir='ltr'><strong>quodque</strong></span> <span class='ocrx_word' id='word_1_788' title='bbox 3027 5521 3282 5586; x_wconf 78' lang='lat' dir='ltr'><strong>Romani,</strong></span> <span class='ocrx_word' id='word_1_789' title='bbox 3306 5522 3585 5575; x_wconf 68' lang='lat' dir='ltr'><strong>dmmonas</strong></span> 
     </span>
    </p>
   </div>
   <div class='ocr_carea' id='block_1_112' title="bbox 2014 5613 3596 5688">
    <p class='ocr_par' dir='ltr' id='par_1_112' title="bbox 2014 5613 3596 5688">
     <span class='ocr_line' id='line_1_112' title="bbox 2014 5613 3596 5688; baseline -0.003 -18"><span class='ocrx_word' id='word_1_790' title='bbox 2014 5618 2192 5688; x_wconf 80' lang='lat' dir='ltr'><strong>putius</strong></span> <span class='ocrx_word' id='word_1_791' title='bbox 2217 5631 2377 5685; x_wconf 89' lang='lat' dir='ltr'><strong>quam</strong></span> <span class='ocrx_word' id='word_1_792' title='bbox 2407 5616 2596 5680; x_wconf 83' lang='lat' dir='ltr'><strong>Deum,</strong></span> <span class='ocrx_word' id='word_1_793' title='bbox 2621 5626 2675 5670; x_wconf 88' lang='lat' dir='ltr'><strong>et</strong></span> <span class='ocrx_word' id='word_1_794' title='bbox 2711 5613 2904 5682; x_wconf 67' lang='lat' dir='ltr'><strong>Juda&#39;i,</strong></span> <span class='ocrx_word' id='word_1_795' title='bbox 2934 5615 3177 5671; x_wconf 84' lang='lat' dir='ltr'><strong>umbram</strong></span> <span class='ocrx_word' id='word_1_796' title='bbox 3213 5614 3393 5685; x_wconf 62' lang='lat' dir='ltr'><strong>potius</strong></span> <span class='ocrx_word' id='word_1_797' title='bbox 3418 5629 3596 5683; x_wconf 68' lang='lat' dir='ltr'><strong>quam.</strong></span> 
     </span>
    </p>
   </div>
   <div class='ocr_carea' id='block_1_113' title="bbox 2015 5706 2632 5778">
    <p class='ocr_par' dir='ltr' id='par_1_113' title="bbox 2015 5706 2632 5778">
     <span class='ocr_line' id='line_1_113' title="bbox 2015 5706 2632 5778; baseline -0.003 -14"><span class='ocrx_word' id='word_1_798' title='bbox 2015 5706 2632 5778; x_wconf 51' lang='lat' dir='ltr'><strong>veritatemwlcgcrint.</strong></span> 
     </span>
    </p>
   </div>
  </div>
