3970 6544
293 389 369 456 85
1429 391 1821 455 ΕΟΜΜΕΝΤ.
1869 443 1874 449 .

1987 391 2118 451 PSA
2127 390 2352 453 LMOS.
2856 426 2861 429 λ
3483 399 3555 457 86
3622 447 3632 457 .

294 508 449 576 ἔθνη.
475 508 820 578 προτραπεὶς
868 506 1020 578 παρὰ
1060 505 1155 560 τοῦ
1209 506 1424 577 Πατρδς
1459 504 1756 566 αἰτεῖσθαι,
1785 502 1874 555 καὶ

1989 516 2098 554 non
2141 510 2409 570 receptus.
2436 499 2561 569 jure
2601 500 2844 572 gentium
2881 503 3155 571 nationes,
3210 512 3268 561 ut
3298 518 3430 561 suas
3453 501 3559 561 sihi

295 599 486 652 λαϐεῖν
518 600 599 663 εἰς
629 600 833 670 κλῆρον
867 592 1087 654 ταῦταδ
1114 600 1211 653 καὶ
1240 599 1347 668 γὰρ
1377 599 1471 651 καὶ
1513 598 1655 652 κατὰ
1690 596 1750 649 τὸ
1780 596 1877 650 ἀν·-

297 691 578 762 θρὼπινον
610 692 738 756 Υἱὸς
769 694 905 746 Θεοῦ
934 690 1197 761 γεγονὼς,
1224 688 1562 758 ἐπωφείλετο
1597 688 1819 759 κλῆρον.

1986 594 2284 648 vindicavit
2320 611 2333 647 :
2383 594 2654 665 pracipne
2697 610 2821 650 cum
2858 597 3019 652 Pater
3062 611 3189 652 eum
3236 596 3563 659 monuisset.

1991 694 2050 741 ut
2077 685 2199 740 illas
2231 693 2461 756 peteret,
2491 694 2548 742 et
2582 688 2858 757 pollicitus
2897 687 3092 749 fuisset
3125 690 3326 760 petenti
3358 704 3421 743 se
3468 705 3564 744 eas

297 786 658 842 traditurum.
696 786 829 842 Nam
872 803 937 842 ex
969 802 1078 858 quo
1104 794 1159 841 ut
1192 785 1357 840 homo
1406 784 1509 838 alia
1551 784 1760 839 ratione
1790 781 1971 838 factus
1998 790 2116 837 erat
2144 780 2184 835 F
2190 781 2315 839 ilius
2380 780 2493 848 Dei,
2535 796 2937 855 consequenter
2999 785 3182 856 aliqua
3230 787 3307 841 illi
3365 784 3554 843 deberi

297 878 589 933 videbatur
621 878 934 935 hmreditas.

365 995 473 1047 Kal
510 994 626 1060 τὴν
651 992 1027 1063 κιιτάσχεσέν
1060 1011 1178 1050 σου
1206 995 1279 1049 τὰ
1306 993 1533 1062 πέρατα
1581 989 1691 1059 τῆς
1741 990 1873 1060 γῆς.

293 1084 405 1138 Καὶ
432 1085 541 1155 τὴν
574 1084 826 1151 ἐξουσίαν
868 1086 970 1157 τῆς
1026 1085 1391 1158 κληρονομίας
1441 1101 1537 1138 σου
1581 1084 1878 1153 διήκουσαν

298 1174 465 1243 μέχρι
512 1175 624 1229 τῶν
661 1176 918 1246 περάτων
955 1177 1054 1248 τῆς
1089 1179 1215 1247 γῆς.
1272 1176 1369 1240 Εἰς
1421 1176 1603 1229 πᾶσαν
1637 1172 1747 1244 γὰρ
1779 1172 1879 1244 τὴν

296 1267 423 1335 γῆν,
452 1268 552 1319 καὶ
581 1258 660 1331 si;
692 1269 760 1320 τὰ
790 1267 1002 1337 πέρατα
1031 1268 1133 1335 τῆς
1158 1268 1509 1339 οἰκουμένης,
1527 1268 1555 1321 δ
1580 1265 1671 1320 τοῦ
1703 1265 1882 1334 Εὐαγ-

296 1357 480 1425 γελίου
536 1358 697 1427 λόγος
742 1356 985 1429 ἐξῆλθεν.
1030 1360 1379 1415 ’Υποτίθεται
1418 1360 1475 1413 δὲ
1507 1362 1535 1413 ὁ
1561 1358 1750 1429 Πατὴρ
1790 1358 1879 1411 αἱ·

295 1450 530 1516 τεῖσθαι,
554 1452 633 1515 ὡς
662 1452 898 1506 εύδοκῶν
944 1455 1038 1507 καὶ
1075 1454 1249 1507 θέλων
1279 1454 1380 1523 τὴν
1425 1454 1537 1505 τῶν
1572 1450 1880 1523 ἀνθρώπων

298 1539 630 1595 ἀνάπλασιν.
681 1542 923 1596 Atrei-cat
975 1543 1033 1597 δὲ
1093 1542 1298 1612 ταύτην
1341 1544 1371 1595 ὁ
1409 1541 1556 1605 Υἱὸς,
1612 1539 1689 1602 ὡς
1737 1537 1880 1608 ὑπὲρ

295 1633 454 1702 ἡμῶν
478 1633 937 1706 ὲνανθρωπήσας,
994 1636 1090 1688 καὶ
1132 1636 1362 1705 μεσίτης
1411 1632 1706 1703 γενόμενος
1742 1629 1878 1683 Θεοῦ

293 1724 387 1776 καὶ
432 1723 763 1796 ἀνθρώπων.
824 1727 1278 1797 Αἰσχυνέσθωσαν
1334 1721 1429 1779 οὖν
1487 1724 1537 1778 οἱ
1606 1723 1879 1787 Ἰουδαῖοι,

293 1818 711 1887 προσαρμόζων
736 1818 837 1871 οὐκ
869 1818 1084 1890 ἔχοντές
1111 1837 1220 1873 τινι
1269 1820 1429 1874 ταυτὶ
1460 1819 1531 1873 τὰ
1578 1816 1741 1889 ρητά.
1780 1814 1880 1879 Τίς

293 1910 404 1977 γὰρ
434 1908 631 1980 ἔτερος
662 1909 936 1981 τοσαύτην
962 1910 1234 1981 ἐκτήσατο
1267 1909 1637 1980 κατάσχεσινς

293 2093 397 2148 sibi
432 2096 851 2163 possessionem
878 2096 1089 2166 paravit
1116 2094 1141 2149 Υ

363 2208 689 2277 flagraret}-
724 2209 946 2276 αὐτοὺς
983 2210 1054 2264 ἐν
1076 2209 1275 2279 ῥάϐδῳ
1308 2208 1549 2279 σιδηρᾷ.
1577 2209 1749 2263 Τοῦτο
1768 2208 1877 2262 ἀπο

292 2299 387 2353 τοῦ
419 2302 707 2373 προφήτου
762 2302 1003 2373 λέγεται*
1035 2303 1129 2376 Μὴ
1175 2303 1509 2375 δεξαμένους
1554 2304 1682 2375 γὰρ.
1718 2302 1884 2374 φησὶι

294 2393 419 2449 τοὺς
439 2393 635 2461 λόγους
656 2386 786 2459 τοὺς
820 2394 967 2461 σοὺς,
987 2394 1299 2459 παιδεύσεις
1322 2396 1543 2461 αὐτοὺς,
1570 2396 1626 2448 ὲν
1650 2399 1877 2465 μάστιγι

296 2486 523 2557 περῤᾷ·
556 2486 813 2557 σημαίνει
845 2486 902 2540 δὲ
932 2487 1030 2559 τὴν
1058 2486 1168 2541 τῶν
1206 2487 1495 2557 Ῥωμαίων
1518 2486 1714 2558 ἀρχήν.
1754 2485 1879 2557 Ἀρ-

292 2577 591 2647 ησάμενοι
628 2577 738 2648 γὰρ
771 2577 871 2648 τὴν
924 2579 1202 2650 βασιλείαν
1240 2579 1432 2645 αὐτοῦ,
1487 2579 1582 2634 καὶ
1621 2578 1876 2649 Καίσαρα

290 2666 437 2738 ἔχειν
467 2668 939 2741 ὁμολογήσαντες,
965 2672 1065 2744 τὴν
1081 2673 1358 2752 Καίσαρος
1385 2672 1696 2741 ἐπέστησαν
1723 2669 1875 2735 ἐξου-

296 2760 439 2824 σίαν,
466 2760 559 2831 ὑφ’
595 2756 663 2835 ἧς
685 2762 1080 2835 διεφθάρησαν.
1117 2764 1359 2834 Σιδηρᾶν
1387 2763 1444 2817 δὲ
1474 2762 1647 2835 αὐτὴν
1680 2762 1875 2815 ἐκάλε-

297 2866 412 2916 σεν,
441 2850 532 2905 διὰ
558 2852 622 2904 τὸ
652 2853 891 2925 ἰσχυρόν·
917 2854 1039 2909 ἐπεὶ
1068 2855 1162 2910 καὶ
1195 2853 1397 2926 Δανιὴλ
1441 2854 1668 2927 σιδηρᾶν
1706 2851 1877 2926 αὐτὴν

295 2935 439 2994 εἶδεν
465 2941 526 2995 ὲν
553 2942 674 3009 ταῖς
707 2942 983 3015 ὀρὰσεσιν.

376 3170 475 3237 Ὧς
555 3173 755 3242 σκεύη
834 3174 1135 3241 κεραμέως
1205 3175 1565 3244 συντρίψας
1625 3176 1875 3242 αὐτούς.

294 3263 466 3316 Τοῦτο
494 3264 585 3319 διὰ
613 3265 714 3335 τὴν
743 3264 945 3335 εὐχερῆ
992 3265 1202 3322 τούτων
1235 3266 1639 3340 πανωλεθρίαν.
1689 3267 1876 3323 Ἀλλοι

292 3354 352 3408 δέ
402 3372 558 3423 φασι,
601 3356 700 3426 τὴν
731 3355 792 3422 δξ
834 3356 1006 3411 ἐθνῶν
1046 3356 1392 3413 αἰνίττεσθαι
1445 3358 1743 3430 σωτηρίαν.
1793 3360 1876 3414 δτι

2048 986 2117 1040 Et
2150 985 2531 1053 possessionem
2553 997 2697 1039 tuam
2734 989 2983 1042 terminos
3010 998 3184 1044 term.
3218 989 3284 1043 Et
3318 1000 3563 1061 potesta-

1979 1088 2107 1144 tem,
2138 1077 2337 1147 inquit,
2376 1077 2712 1135 hereditatis
2761 1087 2868 1135 tuae
2906 1095 3027 1152 qua:
3066 1083 3131 1137 ad
3176 1092 3333 1140 terra:
3379 1101 3555 1156 usque

1981 1170 2117 1225 fines
2147 1170 2428 1240 pertingit.
2459 1170 2517 1225 ln
2550 1185 2769 1227 omnem
2800 1172 2947 1227 enim
2972 1186 3170 1229 terram
3191 1184 3245 1231 et
3274 1177 3330 1231 ln
3363 1191 3557 1231 omnes

1979 1263 2117 1318 lines
2158 1264 2310 1319 orhis
2345 1274 2506 1319 terra:
2545 1265 2897 1336 evangelicus
2933 1281 3113 1322 sermo
3143 1271 3470 1336 penetravit.
3497 1268 3567 1324 Et

1978 1354 2097 1425 ipse
2120 1354 2335 1425 quidem
2360 1354 2525 1412 Pater
2552 1370 2582 1411 a
2612 1356 2883 1428 Propheta
2911 1358 3303 1426 introducitur,
3331 1374 3565 1431 monens

1977 1462 2036 1502 re
2064 1456 2228 1517 atque
2253 1449 2467 1505 instans
2498 1459 2560 1504 ut
2592 1448 2764 1506 Filius
2788 1449 3160 1507 [nereditatem
3190 1451 3332 1506 hanc
3364 1459 3515 1522 petat
3543 1471 3559 1508 :

1980 1544 2042 1589 ut
2070 1537 2331 1592 ostendat
2370 1552 2533 1608 quam
2581 1549 2807 1610 cuperet
2846 1538 3032 1605 Pater,
3071 1540 3298 1596 humani
3345 1545 3563 1613 generis
3596 1578 3603 1581 τ

1972 1627 2459 1715 ἰιιειτιιιειιιίοιιοιιιι
2490 1629 2664 1686 Filius
2682 1646 2815 1688 vero
2836 1648 2944 1688 non
2972 1632 3244 1689 immerito
3266 1635 3427 1690 etiam
3461 1651 3563 1706 po-

1981 1720 2191 1776 stulare
2224 1721 2278 1777 id
2316 1721 2519 1778 dicitur
2546 1740 2562 1777 :
2586 1723 2810 1795 quando
2835 1724 3054 1795 quidem
3083 1734 3138 1782 et
3166 1725 3563 1782 humanitatem

1986 1814 2306 1882 sumpserit,
2325 1823 2379 1870 et
2410 1814 2505 1870 Dei
2536 1824 2701 1886 atque
2730 1815 3012 1871 hominum
3035 1817 3305 1873 mediator
3336 1816 3564 1874 eﬂeetus

1913 1903 1967 1983 Β,
1989 1906 2081 1961 sit.
2107 1905 2452 1964 Erubeseant
2484 1908 2655 1979 igitur
2685 1916 2742 1965 et
2779 1907 3193 1965 confundantur
3223 1909 3422 1975 Judaei,
3462 1925 3566 1966 ne-

294 2001 497 2055 miuem
541 2002 803 2057 habentes
838 2003 924 2057 cui
951 2004 1114 2058 verba
1149 2002 1263 2058 lucc
1303 2000 1710 2057 accommodari
1772 1996 2010 2070 possint.
2052 1997 2189 2065 Quis
2255 1999 2402 2055 enim
2474 2000 2639 2066 alius,
2690 2007 2888 2074 praeter
2936 2000 3245 2070 Christum,

3343 2010 3557 2060 tantam

2048 2202 2213 2260 Vens.
2267 2203 2321 2259 9.
2374 2206 2573 2260 Pasce:
2617 2221 2706 2261 eos
2753 2206 2810 2260 in
2840 2207 2990 2278 virga
3021 2206 3215 2277 ferrea.
3248 2206 3442 2264 Simile
3477 2219 3565 2266 est

1978 2291 2110 2349 illud
2148 2293 2437 2366 Prophetas
2467 2295 2704 2353 dicentis
2749 2313 2765 2351 :
2807 2295 2915 2353 Eos
2966 2299 3056 2368 qui
3105 2313 3389 2355 sermones
3439 2307 3563 2356 tuos

1974 2400 2087 2440 non
2152 2388 2521 2457 susceperint,
2584 2387 2884 2458 castigabis
2943 2388 3154 2460 ﬂagello
3214 2390 3448 2446 ferreo:
3508 2401 3564 2446 et

1976 2477 2293 2547 signiﬁcare
2347 2476 2480 2533 mihi
2516 2477 2733 2535 videtur
2766 2479 2855 2535 hic
2887 2479 3073 2537 verbis
3106 2480 3379 2551 Propheta
3402 2522 3419 2548 ,
3451 2482 3563 2537 Ro-

1977 2584 2265 2625 manorum
2299 2569 2614 2641 imperium.
2659 2571 2875 2627 Etenim
2924 2587 3046 2628 cum
3081 2573 3297 2631 Christi
3327 2590 3563 2645 regnum

1977 2659 2483 2730 negassentJudtei,
2514 2662 2618 2719 sub
2650 2663 2882 2734 imperio
2910 2662 3147 2720 Caesaris
3176 2678 3237 2720 se
3267 2679 3392 2721 esse
3416 2664 3564 2720 amr-

1978 2763 2215 2817 mantes,
2255 2752 2490 2810 Caesaris
2527 2755 2725 2810 merito
2760 2757 3059 2825 potentiam
3092 2757 3496 2824 sustinuerunt,
3531 2774 3563 2814 a

1977 2860 2088 2917 qua
2119 2861 2351 2917 prorsus
2393 2862 2531 2916 pene
2562 2846 2766 2918 perditi
2797 2857 2947 2905 sunt.
2976 2847 3236 2904 Ferreum
3280 2862 3407 2903 vero
3440 2863 3562 2904 eam

1976 2936 2133 3003 dixit,
2166 2937 2332 2991 veluti
2365 2937 2598 3007 validam
2647 2952 2711 2993 ac
2757 2938 2990 3005 fortem;
3031 2954 3157 2994 nam
3186 2949 3240 2995 et
3282 2938 3472 2995 Daniel
3507 2939 3569 2996 in

1975 3026 2290 3085 visionibus
2320 3030 2440 3085 suis
2465 3027 2700 3086 ferream
2726 3045 2849 3086 eam
2887 3030 3049 3086 etiam
3080 3030 3399 3102 appellavit.

2053 3165 2328 3239 Tanquam
2345 3185 2473 3224 vasa
2495 3169 2647 3241 figuli
2682 3171 2980 3243 confringes
3013 3188 3123 3229 eos.
3158 3171 3271 3229 lloc
3302 3171 3569 3243 loquendi.

1982 3257 2143 3312 modo
2200 3259 2475 3330 expressit
2508 3260 2805 3332 Propheta,
2837 3277 3003 3334 quam
3063 3262 3227 3319 facile
3276 3261 3474 3328 Judaei,
3504 3273 3560 3318 et

1982 3364 2148 3419 quam
2179 3348 2423 3407 funditus
2446 3366 2480 3407 a
2513 3351 2624 3408 Deo
2657 3354 2922 3425 perdendi
2961 3367 3164 3412 essent.
3184 3357 3291 3411 Alii
3327 3357 3410 3411 his
3435 3348 3560 3410 vrr-

298 3446 594 3517 Ποιμανεῑς
625 3450 825 3513 αὐτοὺς
853 3450 912 3504 ἐν
939 3452 1007 3521 τῇ
1041 3451 1449 3519 συμπανσθενεῖ
1489 3452 1739 3522 δυνάμειο
1774 3453 1874 3507 καὶ

1986 3439 2062 3495 bis
2093 3440 2392 3512 significari
2430 3442 2591 3498 aiunt
2621 3445 2864 3515 gentium
2895 3447 3126 3502 salutem
3153 3464 3169 3505 :
3216 3448 3414 3504 Pasces
3438 3464 3558 3508 eos.

297 3540 548 3612 καθάπερ
574 3543 603 3595 ὁ
640 3542 940 3612 κεραμεὺς,
991 3543 1213 3597 ἐπειδὰν
1264 3543 1362 3598 ἴδοι
1408 3544 1477 3598 τὰ
1511 3544 1876 3617 πεπλασμένα

299 3631 472 3702 σκεύη
507 3633 763 3705 ἀδόκιμα,
798 3633 1073 3706 συντρίϐει
1106 3635 1280 3690 ταῦτα
1314 3635 1423 3708 πρὸ
1467 3637 1563 3691 τοῦ
1608 3655 1880 3708 προσομι-

296 3723 462 3793 λῆσαι
498 3725 653 3796 πυρὶ,
681 3725 775 3779 καὶ
798 3724 1153 3781 ἀναπλάττειν
1183 3725 1328 3780 οὕτω
1359 3726 1456 3780 καὶ
1484 3727 1548 3780 σὺ
1574 3726 1778 3780 τούτων
1808 3726 1877 3781 τὰ

301 3816 625 3886 σρονήματα
655 3815 969 3887 συντρίψεις
1001 3806 1449 3887 τῷκΕύαγγελίῳ,
1502 3817 1595 3872 καὶ
1627 3816 1876 3872 ἀναπλά-

302 3924 414 3972 σεις
457 3906 535 3978 τῷ
586 3906 796 3980 λουτρῶ
826 3908 931 3979 τῆς
982 3909 1427 3978 παλιγγενεσίας,
1482 3910 1577 3963 καὶ
1623 3910 1878 3980 στερεοὺς

299 3999 594 4073 ἀπεργάσῃ
625 4000 704 4072 τῷ
726 4000 856 4059 θείω
884 4002 1020 4075 πυρὶ
1045 4002 1139 4057 τοῦ
1163 4002 1504 4073 Πνεύματος.

370 4312 479 4368 Kal
502 4314 641 4378 νῦν,
685 4316 989 4384 βασιλεῖς,
1022 4316 1242 4372 σύνετε
1268 4333 1283 4347 ⁸
1310 4316 1667 4385 παιόεὐοητε
1722 4316 1873 4370 πάν-

299 4423 396 4473 τες
424 4411 479 4462 οἱ
507 4409 817 4477 κρίνοντες
843 4409 958 4478 τὴν
982 4409 1118 4480 γῆν.
1162 4408 1236 4463 Τδ
1271 4408 1412 4471 νῦν,
1448 4410 1571 4462 ἀντὶ
1630 4407 1744 4473 τοῦ,
1781 4408 1873 4464 διὰ

302 4501 473 4562 τοῦτο,
500 4494 547 4555 ὧ
577 4500 814 4570 βασιλεῖς
848 4500 1140 4571 Ῥωμαίων
1174 4501 1269 4554 καὶ
1311 4501 1421 4555 τῶν
1451 4499 1628 4555 ἄλλων
1677 4500 1871 4565 ἐθνῶν,

300 4594 391 4645 καί
437 4594 487 4647 oi
535 4594 677 4647 κατὰ
713 4596 891 4649 πᾶσαν
942 4592 1040 4665 τὴν
1090 4594 1192 4665 γῆν
1225 4594 1432 4665 κριταὶ,
1490 4593 1541 4645 οἱ
1592 4592 1872 4664 κρίνοντος

301 4683 425 4748 τοὺς
479 4686 707 4755 γητνους
756 4684 1100 4757 ἀνθρώπους,
1135 4683 1398 4761 μαθόντες
1440 4679 1551 4738 οἷαι
1593 4685 1871 4756 συμφοραὶ

302 4774 597 4829 κατέλαϐον
626 4776 1001 4847 ἀθετήσαντας
1026 4776 1211 4838 αὐτὸν,
1247 4775 1345 4828 καὶ
1382 4774 1645 4845 μαθόντες
1676 4776 1760 4829 ὅτι
1790 4777 1871 4840 εἰς

305 4865 536 4935 κλήρους
560 4865 707 4934 ὑμᾶς
735 4863 1039 4933 ἐξελέξατο,
1075 4864 1288 4919 συνετοὶ
1314 4865 1561 4933 γενέσοε,
1596 4865 1695 4938 τὴν
1741 4866 1873 4937 πρὶν

301 4956 483 5010 ἄνοιαν
514 4956 944 5029 ἀπορρίψαντες·
972 4959 1067 5011 καὶ
1091 4956 1413 5024 παιδεύθητε
1444 4956 1550 5010 ἀπό
1574 4974 1631 5009 τε
1663 4956 1869 5011 τούτων

302 5049 390 5102 καί⁵
419 5048 530 5103 ἀπὸ
557 5050 667 5103 τῶν
702 5048 861 5104 θείων
888 5050 1140 5121 Γραφῶν.
1171 5050 1269 5103 Διὰ
1312 5050 1420 5104 τῶν
1466 5049 1744 5120 ἀρχόντων
1813 5050 1869 5103 δὲ

302 5141 593 5213 περιέλαϐε
621 5144 716 5198 καὶ
746 5144 873 5208 τοὺς
904 5144 1201 5215 ὑπηκόους.

1978 3530 2254 3602 inquiunt,
2286 3534 2339 3588 in
2381 3535 2560 3590 valida
2589 3551 2652 3590 ac
2679 3536 2807 3591 forti
2840 3541 3084 3607 pmentia
3114 3548 3207 3594 tua
3234 3555 3248 3591 :
3284 3548 3336 3594 et
3366 3556 3561 3609 quent-

1977 3624 2273 3679 admodum
2334 3626 2532 3699 ﬁgulus
2583 3629 2673 3684 ubi
2725 3632 2959 3701 reproba
2994 3646 3118 3686 esse
3161 3632 3360 3688 vidertt
3407 3648 3553 3701 vasa.

1978 3730 2100 3786 quae
2134 3715 2411 3785 formavit,
2444 3721 2681 3776 conterit
2706 3720 2797 3775 illa
2824 3760 2840 3787 ,
2881 3737 2943 3777 ea
2974 3723 3232 3777 nimirum
3254 3726 3464 3780 ratione
3496 3738 3559 3785 ut

1977 3823 2179 3864 rursus
2208 3810 2319 3879 igni
2340 3810 2631 3866 admoveat
2662 3819 2717 3868 et
2754 3813 3011 3870 reforutet
3045 3831 3059 3867 :
3087 3816 3158 3870 ita
3184 3825 3238 3871 et
3266 3825 3344 3882 tu,
3374 3817 3557 3872 Domi-

1977 3914 2067 3963 ne.
2129 3901 2320 3953 harum
2373 3904 2617 3971 gentium
2666 3904 3047 3976 cogitationes,
3106 3907 3400 3979 Evangelio
3460 3920 3559 3966 tuo

1977 3993 2253 4056 destrucs,
2280 4000 2339 4047 ut
2372 4008 2468 4049 eas
2498 3996 2848 4064 postmodum
2876 3997 3097 4051 lavacro
3129 4003 3557 4069 regenerationis

1976 4080 2267 4152 reformas,
2316 4093 2371 4140 et
2404 4085 2590 4141 divino
2625 4086 2804 4143 sancti
2841 4088 3081 4158 Spiritus
3129 4090 3253 4162 igne
3303 4090 3558 4149 fortiores

1978 4172 2199 4229 reddas.

2053 4306 2214 4362 Vens.
2280 4309 2367 4363 10.
2404 4307 2471 4364 Et
2531 4328 2667 4367 nunc
2719 4330 2860 4385 rcges
2909 4315 3208 4387 intelligite,
3265 4320 3556 4373 erndimini

1975 4416 2153 4455 omnes
2185 4404 2274 4472 qui
2296 4404 2794 4469 judicatislerram.
2822 4408 2997 4463 Dictio
3025 4427 3184 4473 nunc,
3216 4413 3398 4467 hocin
3433 4416 3553 4469 loco

1976 4495 2241 4550 rationem
2280 4497 2495 4553 reddit:
2522 4512 2587 4553 ac
2618 4499 2664 4553 si
2699 4499 2905 4555 dictum
2936 4515 3083 4559 esset
3116 4523 3131 4560 :
3166 4502 3228 4560 Et
3262 4516 3553 4578 propterea

1976 4604 2100 4650 vos,
2151 4603 2183 4643 ο
2215 4586 2591 4643 Romanorum
2628 4597 2682 4645 et
2726 4603 3046 4648 eaeterarum
3091 4597 3332 4667 gentium
3373 4613 3551 4670 reges,

1975 4697 2197 4751 vosque,
2230 4682 2499 4753 ojodices
2549 4683 2641 4755 qui
2708 4683 2762 4738 in
2799 4686 3055 4742 universa
3100 4690 3236 4746 estis
3267 4700 3434 4757 terra,
3470 4695 3556 4748 vel

1976 4789 2094 4842 vos,
2126 4791 2159 4831 ο
2194 4776 2287 4845 qui
2312 4785 2563 4834 terrenos
2589 4778 2845 4853 homines
2868 4780 3152 4851 judicatis,
3202 4799 3267 4839 ex
3304 4802 3416 4855 qtto
3455 4787 3556 4840 ad-

1975 4870 2187 4925 discere
2235 4870 2512 4940 potuistis,
2565 4875 2789 4944 quantis
2841 4876 3254 4935 calamitatibus
3303 4881 3553 4950 Oppressi

1981 4960 2182 5015 fuerint
2210 4964 2266 5026 ii,
2305 4965 2397 5033 qtti
2432 4964 2711 5021 Christum
2742 4966 2889 5023 hunc
2915 4978 3119 5024 temere
3160 4974 3552 5040 reprobarunt,

1978 5064 2029 5108 et
2062 5054 2191 5109 illud
2235 5058 2441 5127 pariter
2471 5061 2647 5115 nostis
2674 5060 2818 5130 quod
2843 5076 2874 5114 a
2925 5060 3036 5117 Deo
3084 5064 3138 5117 in
3174 5064 3551 5121 ltatreditatent
3616 5063 3626 5085 ‘

1970 5147 2140 5202 electi
2164 5153 2300 5205 estis
2330 5167 2343 5204 :
2375 5166 2471 5207 vos
2498 5168 2714 5218 omnes,
2744 5154 2990 5224 inquam,
3025 5168 3244 5218 moneo.
3272 5157 3555 5225 sapientes

375 5201 387 5213 _
853 5201 869 5208 _
1005 5201 1016 5215 ,
1162 5201 1178 5207 ,
2128 5201 2137 5202 κ
2332 5201 2342 5204 -
2387 5201 2469 5207 η-
2503 5201 2714 5218 .--------,
3026 5201 3244 5218 ---ν-ην.
3272 5201 3551 5225 --.ηπ-...υ

301 5242 493 5299 estote,
534 5245 589 5291 et
620 5237 829 5307 abiecta
873 5236 1044 5307 priori
1094 5236 1185 5290 illa
1225 5201 1483 5303 amentia,
1543 5235 1835 5291 erttdintini
1876 5249 1987 5293 tum
2026 5240 2094 5296 ah
2122 5244 2210 5305 iis.
2252 5252 2368 5299 tum
2400 5260 2430 5299 a
2482 5246 2787 5315 Scripturis
2820 5250 2986 5303 etiam
3057 5248 3277 5302 divinis.
3348 5248 3551 5306 Verum

301 5328 426 5381 dum
465 5344 624 5400 reges
656 5343 721 5384 ac
784 5329 1061 5401 principes
1104 5330 1469 5405 admonentur
1525 5344 1554 5383 a
1605 5328 1899 5400 PrOpheta,
1943 5334 2092 5402 ipsos
2157 5337 2322 5392 etiam
2353 5339 2585 5411 populos
2616 5339 2695 5396 eis
2724 5340 3001 5410 subjectos
3038 5339 3318 5396 admoneri
3351 5344 3555 5415 pariter

304 5440 349 5478 at
365 5425 664 5481 bitrantur.

370 5568 750 5623 Δουλεύσατε
769 5566 849 5633 τῷ
872 5569 1066 5637 Κυρίῳ
1078 5568 1150 5620 ἐν
1168 5567 1350 5636 φόϐῳ.
1376 5566 1660 5630 Συνέντες,
1682 5567 1871 5637 φησὶν,

304 5661 383 5715 ὅτι
414 5661 510 5714 καὶ
540 5661 679 5725 Θιύς
703 5662 844 5726 ἐστι,
888 5661 983 5714 καὶ
1009 5659 1324 5730 ἐκδικητὴς,
1367 5659 1463 5714 καὶ
1497 5657 1749 5730 φοϐερὸς,
1781 5660 1877 5715 καὶ

306 5754 383 5805 ὅτι
411 5752 596 5824 κτῆμα
645 5751 811 5806 αὑτοῦ
840 5753 933 5805 καὶ
962 5752 1121 5821 χάρις
1172 5750 1270 5821 ἤδη
1318 5747 1745 5818 ἐχρηματίσατε,
1780 5751 1874 5804 καὶ⁸

309 5841 698 5914 ῥυθμισθέντες
754 5841 953 5905 ἱκανῶς
1008 5842 1074 5894 τὰ
1117 5841 1242 5911 ἥτἠ,
1283 5840 1356 5904 ὡς
1390 5840 1633 5913 Δεσπότῃ
1659 5839 1878 5894 δουλεύ-

2051 5562 2214 5619 Vens.
2248 5565 2334 5619 tl.
2364 5562 2561 5619 Serrt’le
2588 5562 2812 5618 Domino
2838 5563 2891 5618 in
2920 5565 3125 5621 timore.
3164 5566 3553 5641 lntelligentes,

1982 5656 2182 5726 inquit,
2229 5658 2374 5726 quod
2418 5655 2699 5720 Christus,
2730 5664 2784 5711 et
2824 5654 2969 5712 Deus
3009 5669 3117 5724 est,
3158 5672 3214 5717 ct
3244 5662 3466 5735 vindex,
3501 5673 3556 5719 et

1985 5748 2273 5808 terribilis,
2326 5747 2469 5815 quod
2526 5747 2673 5801 illius
2721 5750 3006 5817 possessio
3049 5763 3102 5806 et
3134 5768 3256 5806 sors
3295 5754 3555 5823 appellati

1982 5850 2143 5911 atque
2180 5838 2355 5894 eth-cli
2399 5839 2552 5903 estis,
2604 5840 2750 5909 quod
2798 5843 3069 5914 reliquum
3118 5854 3223 5911 est,
3259 5845 3555 5921 moderatis
