3970 6544
219 414 285 478 89
1410 415 1800 481 COMMENT.
1838 416 1921 480 IN
1960 413 2331 480 PSALMOS.
3399 423 3468 487 90

222 525 299 578 ὅτι
337 520 491 592 Ῥᾷον
519 520 665 575 οὕτω
693 524 1190 597 καταδιωκϐμενος,
1222 527 1506 581 ἀπώλεσεν
1549 530 1650 601 ἧδη
1685 529 1785 599 τὴν

1895 528 2214 599 loquuntur,
2279 529 2427 601 quod
2481 529 2551 595 is,
2583 531 2679 602 qui
2716 539 2827 586 tam
2872 530 3032 587 facile
3067 526 3265 606 depelli
3298 539 3475 605 potuit

223 616 312 669 τοῦ
335 614 464 668 Θεοῦ
494 614 773 687 βοήθειαν,
810 618 896 671 διὰ
941 621 1039 684 τὰς
1067 621 1342 692 ἁμαρτίας
1373 622 1563 677 αὐτοῦ.
1598 623 1669 675 Ἦ
1698 623 1785 675 καὶ

1895 629 1950 675 et
2010 619 2185 691 fugari
2219 660 2232 685 ,
2289 622 2489 677 merito
2550 623 2951 679 existimandus
3002 624 3074 679 sit
3123 626 3194 680 ob
3251 630 3476 698 propria

222 710 393 762 πολλοὶ
420 709 527 761 τῶν
553 710 810 781 ὁρώντων
849 713 949 775 τὰς
981 715 1119 784 ἐμὰς
1148 716 1458 786 συμφοράς.
1511 716 1584 768 Τὸ
1619 718 1687 769 ἐν
1713 716 1793 781 τῷ

223 797 336 863 Θεῷ
360 799 564 865 αὐτοῦ,
601 802 724 854 ἀντὶ
770 802 868 856 τοῦ
911 805 1001 858 Ἐν
1039 806 1116 876 τῷ
1148 805 1288 878 Θεῷ,
1337 808 1426 876 ἐφ’
1459 806 1520 860 ὃν
1569 807 1658 860 ἀεὶ
1696 810 1790 861 πέ·

223 895 411 948 ποιθεν.

286 1165 613 1238 Διάψαλμα.
650 1170 885 1242 Εἴρηται
916 1170 975 1225 ιν
999 1174 1077 1244 τῷ
1106 1172 1539 1247 πρὸοιμίῴττερὶ
1572 1172 1786 1231 τούτου.

295 1350 682 1419 Ἀντιλήπτωρ
722 1369 842 1421 μου
892 1369 966 1407 ε..
1009 1352 1238 1406 Ἐκεῖνοι
1292 1352 1392 1422 μὲν
1437 1351 1785 1422 λεγέτωσαν,

222 1444 391 1514 φησιν,
414 1441 450 1496 ἃ
479 1442 785 1513 βούλονταιο
822 1444 886 1496 σὺ
928 1443 985 1497 δὲ
1025 1442 1134 1497 τῶν
1166 1443 1337 1497 ὄντων
1362 1445 1419 1496 ὲν
1452 1447 1788 1515 πειρασμοῖς

218 1535 604 1608 ἁντιλαμῦάνῃ,
631 1537 729 1590 καὶ
759 1537 983 1607 μᾶλλον,
1015 1536 1174 1607 είπερ
1199 1531 1301 1589 ὦσι
1330 1537 1427 1591 καὶ
1448 1537 1787 1609 ἀντιλήψεως

218 1626 369 1684 ἄξιοι.

254 1670 429 1787 ⁵Διίξίι
454 1739 597 1792 μου,
626 1722 724 1777 καὶ
758 1722 937 1792 ὑψῶν
976 1722 1092 1792 τὴν
1131 1721 1405 1794 κεφαλήν
1423 1738 1564 1794 μου.
1602 1723 1787 1777 Ἀλλοι

222 1816 311 1888 μὲν
340 1816 494 1883 ἄλλα,
525 1817 709 1886 γένος,
745 1816 778 1887 ἢ
812 1816 1003 1887 τύχην,
1037 1816 1068 1888 ἢ
1102 1815 1357 1879 πλοῦτον,
1384 1816 1419 1887 ἦ
1449 1830 1502 1869 τι
1542 1815 1785 1870 τοιοῦτον

218 1914 290 1973 εἰς
320 1909 474 1974 δόξαν
505 1910 715 1979 ἔχουσι’
765 1908 878 1977 ἐγὼ
915 1910 971 1963 δὲ
1020 1909 1113 1964 ἐπὶ
1155 1910 1237 1963 σοὶ
1270 1909 1416 1980 μόνῳ
1448 1908 1659 1981 saepe,
1690 1908 1784 1963 καὶ¹
1811 1889 1859 1948 Β

222 2003 354 2071 μέγα
387 2002 595 2072 φρονῶ.
631 2000 887 2066 Δοξάζεις
915 2002 1021 2073 γάρ
1067 2018 1157 2071 με,
1192 2000 1387 2071 βοηθός
1437 2018 1528 2072 μοι
1560 2002 1786 2072 γινόμε-

216 2108 316 2157 νος,
340 2095 433 2147 καὶ
462 2093 620 2164 unici;
651 2093 749 2165 τὴν
774 2092 1021 2165 κεφαλήν
1061 2112 1186 2165 μου,
1219 2092 1331 2165 (22)
1361 2094 1624 2159 νικῶντος
1655 2095 1789 2167 πρὸ·

214 2202 383 2260 τεφν,
408 2190 529 2252 ταῖς
560 2191 870 2259 συμφοραῖς
895 2190 1318 2260 καμπτομένην.
1362 2202 1368 2207 ’

276 2279 445 2348 Φωνῇ
465 2294 587 2350 μου
612 2281 764 2349 πρὸς
788 2283 1004 2350 Κύριον
1020 2280 1336 2349 ἐκέκραξα,
1361 2282 1457 2334 καί
1479 2279 1788 2346 ἐπήκουσέ

209 2392 315 2444 μου
362 2373 433 2437 ἐξ
481 2374 655 2442 ὄρους
709 2375 881 2442 ἁγίου
934 2371 1140 2427 αὐτοῦ.
1187 2371 1419 2442 Ἐδὸησα
1458 2375 1639 2442 μόνον,
1675 2371 1785 2423 εἴτε

214 2467 499 2538 αἰσθητῶς,
536 2466 648 2519 εῖτε
683 2465 910 2536 νοητῶςο
941 2466 1035 2519 καὶ
1076 2464 1290 2535 ταχέως
1334 2464 1613 2535 ὑπήκουσέ
1659 2480 1781 2533 μου,

214 2564 295 2616 καὶ
322 2563 494 2631 ἐγγὺς
546 2559 748 2632 Κύριος
775 2561 909 2614 πᾶσι
950 2561 1062 2622 τοῖς
1095 2556 1554 2627 ἐπικαλουμένοις
1597 2556 1782 2610 αὐτόν.

217 2651 369 2725 Ὄρος
409 2654 469 2708 δὲ
512 2655 666 2723 ἅγιον
717 2653 811 2706 καὶ
855 2650 955 2723 τὴν
999 2648 1138 2704 Σιὼν
1170 2650 1449 2713 ἐκάλεσεν,
1510 2650 1591 2712 εἰς
1628 2647 1785 2701 τοῦτο

210 2750 307 2821 γὰρ
331 2748 628 2820 ἐπιδημεῖν
652 2747 714 2801 τὸ
739 2747 893 2800 Θεῖον
924 2744 1266 2809 ἐπιστεύετο,
1310 2744 1405 2797 καὶ
1438 2741 1784 2811 διαλέγεσθαι

207 2843 308 2907 τοῖς
367 2841 564 2906 ἀξίοις.
606 2838 677 2893 Ἦ
725 2842 817 2894 τὸν
849 2838 1078 2910 οὐρανὸν
1128 2833 1271 2891 οὕτω
1301 2835 1545 2907 νοητέον,
1594 2834 1654 2890 δν
1690 2837 1784 2890 καὶ

210 2923 629 3006 κατοικητήριον
669 2928 806 2988 Θεοῦ
835 2930 1089 3002 λέγομεν.

271 3028 612 3098 Mdu-alga.
646 3022 758 3079 Καὶ
794 3024 924 3096 περὶ
959 3022 1152 3078 τούτου
1179 3023 1526 3099 προείρηται.

280 3120 424 3192 Ἐγὼ
465 3119 519 3174 δ’
555 3118 905 3187 ἐκοιμήθην.
958 3115 1268 3184 ’Δνέπεσον,
1306 3117 1460 3187 φησὶ,
1492 3114 1570 3186 τῷ
1600 3135 1785 3187 καρωο

206 3212 334 3285 τικῷ
361 3213 522 3284 βάρει
546 3212 654 3265 τῶν
682 3206 915 3280 θλίψεων
942 3207 1376 3274 κατασπασθεὶς,
1421 3208 1517 3261 καὶ
1563 3198 1785 3281 ἀνενέρ.

204 3326 362 3380 γητος
396 3325 465 3377 με
475 3306 710 3379 μένηκα.

269 3403 372 3457 Καὶ
402 3402 682 3458 ὕπνωσα.
731 3396 848 3472 Ἐφ’
886 3389 1177 3473 ίκανδν’τῷ
1216 3395 1378 3455 πάθει
1406 3396 1581 3469 τούτῳ
1611 3413 1776 3451 κατε-

673 3636 689 3661 ,
757 3591 846 3647 ὅτι
910 3591 1128 3661 Κύριος
1185 3586 1587 3659 ἀντιλήψεται
1637 3606 1778 3659 μου.

204 3687 532 3759 Αἱσθόμενος
565 3683 655 3740 οἷα
691 3686 1002 3757 προφήτης,
1055 3687 1136 3740 ὅτι
1184 3685 1476 3757 βοηθήσεις
1514 3701 1625 3754 μοι,
1678 3684 1779 3755 ἤδη

203 3776 261 3830 τὺ
287 3776 728 3841 καταπεπτωκὸς
752 3777 1028 3846 ἀνέστησα
1054 3776 1334 3847 φρόνημα.
1353 3772 1510 3839 Τινὲς
1531 3775 1587 3829 δέ
1621 3793 1778 3846 φασι,

205 3870 444 3940 περὶτῆς
459 3869 812 3932 ἀναστάσεως
839 3868 1013 3923 ταῦτα
1043 3867 1243 3937 λέγειν,
1268 3868 1392 3923 ἀντὶ
1415 3867 1536 3935 τοῦ,
1568 3869 1782 3939 Κοιμη-

168 4022 171 4025 ,
207 3962 442 4036 θήσομαι
471 3964 675 4030 θανὼν,
718 3966 815 4020 καὶ
861 3963 1097 4020 ὐπνὼσω
1138 3964 1233 4019 ἐπὶ
1269 3964 1501 4035 μακρὸν,
1536 3961 1631 4017 τοῦ
1674 3964 1781 4017 σώ-

208 4074 369 4127 ματος
396 4057 765 4127 ἁνενεργήτου
800 4056 1078 4127 μένοντος·
1107 4055 1543 4127 ὲξεγερθήσομαι
1573 4052 1629 4109 δὲ
1653 4054 1783 4127 χρό-

204 4166 311 4213 νοις
368 4148 626 4220 ὕστερον,
674 4149 708 4220 ῆ
754 4150 844 4202 ὅτε
897 4150 1135 4221 Χριστὸς
1186 4151 1268 4214 είς
1321 4148 1450 4221 ᾅδου
1480 4136 1781 4201 κατελθὼν

206 4243 497 4313 ἀναστήσει
529 4243 661 4305 τοὺς
688 4244 1099 4313 συνεχομένους·
1136 4240 1171 4313 ἢ
1206 4242 1295 4296 ὅτε
1339 4242 1548 4305 πάντας
1598 4240 1784 4313 ἐγερεῖ

202 4338 321 4399 τοὺς
352 4337 591 4408 νεκροὺς
620 4338 680 4392 ὲν
711 4332 779 4408 τῇ
816 4335 1118 4408 συντελείᾳ.

1894 721 2138 781 peccata,
2174 727 2203 767 a
2262 711 2373 769 Deo
2421 714 2743 781 derelictus,
2795 717 3051 786 illiusque
3095 733 3251 789 Opem
3312 736 3476 791 atque

1896 803 2163 857 auxilium
2195 804 2477 860 amisisse.
2510 803 2604 861 Vel
2639 808 2791 862 multi
2835 810 2886 863 id
2913 810 3123 877 dicunt,
3152 827 3338 866 eorum
3367 815 3475 869 sei-

1896 895 2045 957 licet,
2081 895 2174 965 qui
2208 895 2556 952 calamitates
2596 913 2747 955 meas
2780 899 2982 954 vident.
3013 903 3168 968 Quod
3216 919 3345 958 vero
3376 907 3470 965 ait.

1891 988 1947 1040 in
1981 986 2088 1040 Deo
2120 986 2255 1056 ejus,
2284 988 2424 1043 idem
2459 989 2564 1045 sibi
2598 988 2711 1045 vult
2734 995 2876 1062 quod
2900 1010 2913 1045 :
2937 993 2994 1047 ln
3030 995 3122 1048 illo
3146 995 3251 1047 Deo
3281 994 3333 1047 in
3364 1011 3472 1064 quo

1894 1080 2010 1149 ipse
2041 1081 2302 1149 speravit.
2890 1154 2893 1155 ν

1968 1169 2303 1238 Diapsalma.
2338 1172 2395 1228 In
2438 1175 2705 1244 prooemio
2743 1177 2926 1244 aperis
2955 1177 3159 1231 dictum
3197 1184 3300 1240 est,
3339 1176 3469 1245 quid

1892 1262 1966 1318 sit
1990 1264 2315 1333 diapsalma.
2757 1280 2763 1289 ε

1962 1354 2210 1412 νειιε.4.
2249 1355 2327 1411 Tu
2368 1368 2568 1425 autem,
2613 1358 2853 1421 Domine.
2902 1362 3120 1430 adjutor
3178 1380 3342 1418 meus.
3390 1363 3471 1419 lli:

1890 1449 2075 1504 dicant
2140 1451 2285 1521 quod
2343 1452 2498 1518 libet,
2555 1462 2610 1508 tu
2670 1470 2797 1507 vero
2848 1455 3172 1511 aﬂlictorum
3225 1459 3467 1511 Omnium

1890 1542 2112 1612 adjutor
2159 1556 2242 1610 es,
2300 1558 2490 1601 eorum
2536 1546 2843 1618 praecipue,
2896 1548 2989 1619 qui
3038 1564 3141 1619 ope
3182 1555 3272 1602 tua
3320 1550 3470 1621 digni

1890 1645 2043 1694 sunt.
2472 1674 2473 1677 η
3034 1642 3039 1647 ’

1960 1728 2146 1785 Gloria
2182 1747 2319 1798 nica,
2351 1739 2402 1786 et
2432 1730 2677 1787 exultans
2706 1743 2864 1805 caput
2898 1749 3095 1791 meum.
3125 1734 3230 1793 Alii
3274 1752 3467 1809 genus,

1891 1820 2191 1890 fortunam,
2234 1824 2476 1888 divitias,
2508 1835 2601 1878 aut
2634 1826 2781 1880 aliud
2809 1828 2939 1897 quid
2981 1830 3180 1893 simile,
3210 1840 3468 1899 magnum

1890 1921 1942 1969 et
1966 1915 2292 1984 praeclarum
2319 1924 2516 1986 putant
2548 1929 2565 1970 :
2592 1932 2693 1986 ego
2722 1927 2904 1973 autem
2937 1919 2991 1973 in
3021 1928 3071 1975 te
3104 1919 3220 1974 solo
3253 1919 3471 1974 conﬁdo

1848 2004 1853 2007 ’
1888 2016 1941 2060 et
1994 2007 2221 2077 glorior.
2264 2006 2399 2061 Nam
2452 2007 2496 2063 si
2549 2008 2768 2078 adjutor
2812 2008 3007 2075 fueris,
3041 2012 3270 2081 gloriam
3308 2012 3469 2066 etiam

1890 2099 2182 2170 praestabis
2223 2117 2238 2153 :
2269 2107 2324 2156 et
2359 2108 2523 2170 caput
2552 2116 2756 2168 meum,
2800 2100 3178 2173 frequentibus
3209 2103 3335 2157 olim
3374 2103 3470 2157 de-

1889 2206 2138 2258 pressum
2183 2192 2614 2258 calamitatibus,
2648 2195 2879 2250 extolles
2909 2204 3072 2266 atque
3110 2195 3396 2249 exaltabis.

1960 2282 2126 2339 Vsus.
2166 2284 2219 2338 5.
2263 2282 2396 2338 Voce
2419 2301 2534 2339 mea
2566 2286 2634 2338 ad
2658 2286 2941 2340 Dominum
2971 2288 3199 2341 clam’avi
3229 2297 3277 2340 et
3300 2302 3469 2340 exau‘

1882 2376 2015 2431 divit
2048 2391 2129 2430 me
2152 2376 2213 2430 de
2246 2387 2421 2431 monte
2451 2386 2634 2431 sancto
2666 2395 2781 2433 suo.
2814 2376 3047 2433 Tantum
3076 2421 3091 2443 ,
3129 2379 3327 2448 inquit,
3355 2378 3468 2432 ela-

1889 2469 2032 2524 mavi
2063 2470 2183 2541 (seu
2215 2473 2358 2537 oris,
2389 2486 2485 2526 seu
2511 2474 2711 2527 mentis
2737 2473 3029 2527 clamorem
3058 2473 3387 2541 intelligens)
3415 2478 3469 2525 et

1888 2562 2074 2616 Statim
2112 2562 2421 2630 ,exaudivit
2473 2578 2582 2619 me.
2640 2565 2820 2634 Prope
2868 2564 3019 2619 enim
3080 2573 3162 2620 est
3205 2563 3469 2618 Dominus

1887 2653 2278 2709 invocantibus
2318 2670 2470 2710 eum.
2517 2653 2622 2709 Per
2670 2664 2908 2711 montem
2958 2669 3137 2711 autem
3192 2666 3466 2725 sanctum,

1886 2747 2019 2802 Sion
2049 2748 2454 2819 intelligit,‘ubi
2494 2749 2744 2807 habitare
2769 2752 3099 2805 credebatur
3143 2750 3306 2816 Deus,
3341 2767 3471 2821 pro-

1886 2842 2083 2912 bisque
2130 2855 2193 2897 ac
2251 2844 2431 2913 dignis
2468 2842 2580 2898 Deo
2610 2845 2926 2899 hominibus
2953 2845 3124 2914 loqui.
3162 2843 3258 2900 Vel
3286 2846 3467 2918 ipsum

1844 2944 1849 3017 ς
1885 2936 2109 2998 cmlum,
2140 2937 2283 3007 quod
2310 2934 2400 2991 Dei
2439 2937 2828 2992 habitationem
2863 2937 3249 3011 appellamus._

1962 3026 2303 3098 Diupsalma.
2338 3028 2410 3084 De
2441 3030 2545 3084 hoc
2575 3046 2793 3100 quoque
2822 3045 2985 3099 supra
3024 3031 3226 3085 dictum
3256 3039 3360 3085 est.

1956 3118 2124 3177 Vens.
2152 3120 2205 3177 6.
2238 3121 2350 3194 Ego
2375 3109 2622 3178 dormiui.
2652 3122 2782 3194 Ego,
2814 3121 3012 3193 inquit,
3036 3122 3186 3193 gravi
3223 3122 3468 3177 amictio-

1888 3230 2015 3267 num
2068 3206 2679 3286 pondere‘depressus,
2729 3214 2905 3270 decidi
2942 3214 3258 3290 admodum,
3307 3226 3469 3286 atque

1807 3273 1853 3335 Ο
1890 3302 2101 3358 inutilis
2127 3302 2352 3359 ell‘eetus
2388 3320 2535 3360 sum.

1955 3394 2023 3447 Et
2061 3406 2343 3463 separatus
2388 3413 2528 3450 sum.
2561 3396 2673 3451 Hoc
2707 3408 2813 3466 est,
2843 3394 3167 3466 Huiusmodi
3212 3398 3467 3469 passione

1885 3484 1976 3540 ditt
2015 3487 2270 3542 detentus
2312 3488 2413 3544 fui.
2805 3486 2809 3491 ’

1954 3574 2022 3632 Et
2052 3578 2322 3633 resurrezi
2345 3585 2469 3649 quia
2498 3580 2754 3638 Dominus
2788 3578 3067 3653 adjuvabit
3110 3600 3210 3637 me.
3237 3582 3465 3638 Praeno-

1885 3687 2071 3737 scens,
2109 3680 2163 3726 ut
2185 3673 2476 3744 propheta,
2509 3676 2653 3745 Quod
2689 3675 2956 3732 Dominus
2980 3691 3136 3747 opem
3174 3675 3304 3729 mihi
3335 3675 3467 3729 alla-

1884 3776 2044 3823 turus
2100 3777 2257 3834 erat,
2309 3784 2447 3838 pene
2502 3781 2755 3826 mortuas
2805 3770 2951 3826 vires
3009 3780 3173 3841 atque
3223 3769 3465 3823 animum

1885 3861 2205 3931 languidum
2235 3863 2524 3918 suscitari.
2581 3864 2765 3934 Aliqui
2816 3864 2961 3919 dicta
3003 3865 3116 3918 hate
3154 3864 3468 3933 intelligunt

1840 3944 1847 3949 ’
1886 3953 1953 4008 de
1989 3953 2423 4017 resurrectione,
2481 3966 2533 4010 et
2586 3964 2805 4028 tempus
2844 3950 2971 4030 peni
3029 3972 3129 4029 pro
3178 3966 3465 4027 tempore:

1885 4043 1990 4102 hoc
2029 4056 2151 4102 est:
2182 4047 2455 4103 Dormiam
2494 4065 2619 4120 ego,
2657 4058 2710 4106 et
2733 4068 2854 4105 cum
2886 4061 3132 4106 mortuus
3165 4051 3339 4115 fuero,
3375 4063 3469 4105 so-

1886 4154 2016 4210 pore
2043 4154 2107 4194 ae
2133 4154 2327 4196 somno
2362 4140 2672 4206 detinebar,
2706 4149 2939 4214 corpore
2966 4144 3221 4198 nimirum
3259 4143 3469 4199 viribus

1885 4230 2120 4298 defeeto,
2175 4248 2241 4287 ac
2283 4231 2479 4288 deinde
2530 4250 2831 4305 resurgam,
2864 4270 2867 4273 ν
2904 4240 2986 4290 vel
3046 4244 3291 4307 tempore
3348 4234 3465 4299 illo,

1886 4326 2111 4395 quando
2141 4325 2485 4381 descendens
2532 4327 2598 4382 ad
2630 4327 2837 4385 inferos
2888 4328 3145 4384 Christus
3179 4328 3470 4384 suscitabit

1885 4432 1981 4472 eos
2000 4420 2093 4486 qui
2123 4418 2235 4473 illic
2252 4418 2506 4485 aderunt,
2552 4420 2635 4474 vel
2668 4419 2723 4475 in
2751 4421 3228 4478 consummatione
3259 4421 3464 4487 saeculi,

1887 4508 2108 4579 quando
2136 4511 2343 4565 mortui
2370 4527 2565 4566 omnes
2597 4520 2913 4581 resurgent.

268 4602 354 4655 οὐ
416 4600 835 4671 φοϐηθήσομαι
899 4601 1019 4656 ἀπὸ
1056 4599 1061 4603 ’
1073 4598 1382 4673 μυριάδων
1451 4597 1606 4658 λαοῦ
1660 4596 1782 4659 τῶν

1963 4594 2128 4657 Vens.
2156 4600 2208 4655 7.
2239 4600 2363 4655 Non
2387 4603 2576 4657 timebo
2601 4602 2771 4657 millia
2790 4604 3129 4672 populorum,
3159 4602 3213 4655 in
3236 4601 3467 4655 circuitu

203 4695 402 4761 κύκλῳ
454 4697 1002 4763 συνεπιτιθεμένων
1054 4713 1177 4764 μοι.
1236 4696 1316 4766 Τῇ
1374 4697 1438 4768 σῇ
1501 4695 1779 4759 πεποιθὼς

201 4782 395 4855 δηλαδὴ
440 4783 748 4854 ἀντιλήψει.
801 4784 1321 4855 Συνεπιτιθεμένους
1357 4786 1414 4840 δὲ
1449 4786 1615 4849 καλεῖ,
1644 4787 1772 4851 τοὺς

202 4876 720 4948 κατεπιχειροῦντας
764 4876 968 4943 αὑτοῦ,
1005 4876 1253 4948 τουτέστι
1305 4880 1434 4941 τοὺς
1491 4878 1638 4949 ἀμφὶ
1686 4881 1779 4936 τὸν

213 4968 534 5038 Ἀσεσαλὼμ
556 4969 867 5041 ἱστορικῶς,
898 4970 931 5040 ἢ
959 4972 1319 5049 ἀναγωγικῶς
1351 4972 1475 5033 τοὺς
1495 4971 1778 5043 δαίμονας.
1800 5024 1811 5035 ,

214 5063 327 5120 Ἐπὶ
362 5067 550 5138 μέντοι
583 5067 692 5121 τῶν
716 5068 1009 5137 δαιμόνων,
1048 5063 1192 5124 dum)
1216 5070 1437 5140 νοητέον
1470 5069 1568 5140 τὴν
1594 5069 1780 5142 κύκλῳ

201 5157 464 5213 ἐπίθεσιν.
496 5160 936 5215 Ἐπιὸουλεύουσι
954 5164 1062 5232 γὰρ
1083 5164 1174 5216 καὶ
1189 5162 1298 5216 ἀπὸ
1317 5162 1425 5216 τῶν
1443 5161 1776 5233 ἔμπροσθεν,

201 5249 321 5303 ὅταν
355 5250 580 5310 ἐλπίδας
609 5251 966 5306 ὑποτείνωσιν
1001 5253 1307 5325 εὐπραγίας
1328 5268 1344 5285 ·
1382 5255 1476 5306 καὶ
1513 5254 1623 5307 ἀπὸ
1666 5256 1778 5308 τῶν

201 5336 441 5403 δπισθεν,
488 5342 622 5396 ὅταν
677 5344 745 5413 τῇ
798 5343 989 5414 μνήμῃ
1020 5342 1129 5397 τῶν
1171 5343 1553 5415 προλαϐόντων
1587 5344 1778 5399 παθῶν

200 5428 290 5500 τὴν
349 5432 527 5505 ψυχὴν
585 5434 898 5505 μολύνωσι·
945 5436 1039 5489 καὶ
1079 5435 1187 5491 ἀπὸ
1237 5437 1346 5491 τῶν
1395 5434 1606 5504 δεξιῶν,
1646 5439 1777 5493 ὅταν

203 5524 588 5594 συνεργοῦντες
624 5525 759 5597 πρὸς
801 5526 1029 5598 ἀρετὴν,
1058 5529 1140 5592 είς
1169 5528 1476 5595 κενοδοξίαν
1513 5529 1776 5585 συνελαύ-

1883 4692 2205 4748 irruentium
2242 4705 2428 4748 contra
2465 4710 2566 4751 me.
2607 4693 2749 4759 Tuo,
2792 4694 2990 4764 inquit,
3031 4694 3200 4749 fretus
3234 4694 3466 4758 auxilio,

1884 4801 1990 4840 non
2025 4786 2251 4842 timebo.
2283 4783 2387 4842 Per
2420 4787 2697 4845 irruentes
2730 4796 2914 4843 autem
2956 4796 3144 4841 contra
3188 4803 3268 4851 se,
3308 4786 3466 4856 juxta

1886 4878 2201 4947 historiam,
2248 4881 2581 4936 Absalonem
2635 4881 2889 4953 intelligit
2931 4889 2987 4936 et
3022 4881 3335 4950 eomplices,
3368 4878 3465 4949 qui

1887 4972 2157 5030 adversus
2182 4990 2306 5029 eutn
2341 4990 2559 5045 semper
2588 4975 2916 5030 insidiarum
2941 4974 3144 5044 aliquid
3164 4973 3466 5028 molieban-

1889 5075 1977 5120 tur
2013 5083 2026 5119 :
2065 5065 2148 5120 vel
2176 5062 2458 5121 diemoues
2482 5068 2637 5139 juxta
2675 5082 2980 5139 anagogen,
3020 5068 3113 5138 qui
3147 5066 3199 5120 in
3228 5065 3462 5120 circuitu
3529 5115 3534 5120 .

1883 5157 2105 5229 aggredi
2137 5157 2373 5228 aliquem
2401 5160 2681 5225 dicuntur,
2737 5159 2994 5231 quoniam
3025 5159 3169 5215 etab
3198 5156 3464 5211 anteriori

1836 5322 1839 5325 _
1884 5261 2043 5323 parte
2075 5251 2304 5307 insidias
2333 5262 2569 5324 ponunt,
2605 5268 2734 5324 spes
2769 5251 3030 5308 nimirum
3066 5251 3316 5321 prosperi
3349 5251 3465 5304 exi-

1884 5354 1969 5400 tus
1999 5345 2356 5416 suggerentes
2391 5363 2406 5414 ;
2439 5356 2495 5403 et
2533 5364 2563 5403 a
2597 5360 2747 5419 tergo
2792 5346 3076 5410 invadunt,
3116 5344 3340 5414 quando
3366 5358 3465 5397 an.

1887 5440 2165 5508 liquerunt
2209 5439 2467 5493 vitiorum
2498 5439 2759 5494 memoria
2792 5438 3034 5491 animam
3060 5435 3459 5505 coinquinant;

1879 5540 1934 5586 et
1955 5547 1985 5585 a
2009 5532 2241 5600 dextris,
2268 5533 2489 5604 quando
2511 5531 2579 5587 ad
2606 5534 2865 5589 virtutem
2894 5530 3053 5587 nobis
3073 5544 3232 5601 opem
3255 5527 3463 5595 lerunt,

1516 5704 1715 5773 Variis
1747 5710 2080 5777 lectiones.

265 5828 384 5901 (ἓξ)
415 5830 846 5912 Horum’sensus
871 5836 1075 5895 clarior
1109 5847 1192 5896 est
1221 5836 1342 5897 sine
1367 5838 1533 5897 verbo
1568 5840 1785 5896 νικῶντι

1895 5839 2026 5912 ιιιοιί
2069 5809 2289 5913 quidem
2358 5855 2464 5897 non
2505 5839 2705 5914 legisse
2792 5839 3004 5897 videtur
3072 5836 3302 5909 Latinus
3374 5835 3460 5893 in.

204 5904 432 5972 tcrprcs.
