3970 6584
557 400 629 464 95
1798 402 2190 464 EUTHYMII
2232 404 2595 464 Z'GABENI
2933 392 2939 398 ’
3767 399 3841 462 56

560 528 669 567 non
707 525 1012 580 peccemus,
1039 519 1094 567 et
1120 526 1188 565 ne
1221 510 1465 566 sinamus
1494 524 1524 564 a
1551 509 1823 579 passionis
1841 513 2136 569 vehemen-

2268 513 2335 568 ’οὖ
2371 513 2579 575 πάθους
2624 511 2846 582 ὀξύτητι
2884 511 3380 584 παρασνρομένονς
3413 513 3644 583 ἧμᾶς,ῆ
3684 514 3844 585 πέρα

557 607 633 658 tia
669 621 769 659 nos
798 600 1071 673 pertrahi:
1108 618 1176 656 ne
1206 618 1371 672 supra
1403 604 1625 657 modum
1663 604 2002 661 irascamur:
2032 622 2136 661 neu

559 706 764 749 temere
796 695 1029 764 aliquem
1082 695 1438 750 ulciscantur.
1495 695 1698 751 Contra
1749 697 1940 752 vitium
1994 699 2139 754 enim

561 783 724 841 insita
752 796 835 843 est
850 786 1163 842 hominibus
1190 786 1290 841 ira.
1318 785 1452 843 Nam
1484 790 1576 858 qui
1606 789 1860 845 irascitur
1883 798 1943 845 ut
1965 791 2143 847 illatas

560 878 663 932 sibi
698 878 926 944 injurias
964 878 1264 933 ulciscatur
1294 920 1310 944 ,
1346 880 1605 936 irascitur
1632 921 1649 946 ,
1674 890 1726 935 et
1746 891 1937 951 peccat
1985 899 2000 937 :
2045 882 2141 952 qui

561 982 692 1023 vero
726 975 934 1023 tantum
965 969 1247 1037 irascitur,
1291 978 1348 1024 ut
1378 970 1607 1026 alterum
1640 974 1902 1043 corrigat,
1938 973 2145 1028 irasci-

563 1072 652 1115 tur
673 1062 926 1132 quidem,
965 1063 1060 1118 sed
1097 1081 1203 1119 non
1258 1076 1489 1134 peccat,
1541 1066 1997 1133 quemadmodum
2043 1078 2145 1121 nec

565 1164 755 1224 peccat
786 1165 958 1226 pater,
998 1157 1089 1224 qui
1124 1171 1230 1210 non
1261 1157 1662 1224 obtemperauti
1715 1156 1824 1210 tilio
1860 1156 2139 1215 irascitur.

641 1245 771 1311 Qum
794 1244 978 1301 dicitis
1004 1250 1056 1301 iu
1083 1248 1334 1303 cordibus
1367 1248 1574 1311 uestris,
1596 1248 1647 1301 in
1669 1248 1929 1302 cubilibus
1959 1250 2145 1304 uestris

564 1339 997 1409 compungimini.
1040 1341 1207 1413 Perge
1228 1328 1255 1404 ,‘
1282 1340 1481 1411 inquit,
1521 1340 1573 1394 in
1606 1350 1757 1396 tuum
1808 1341 1986 1397 cubile
2009 1383 2026 1406 ,
2054 1343 2143 1398 ubi

567 1430 805 1483 maxima
838 1430 993 1484 adest
1025 1433 1291 1487 securitas
1321 1445 1335 1485 :
1389 1440 1444 1485 et
1477 1431 1590 1485 illic
1621 1431 1800 1500 amplo
1851 1447 1974 1487 cum
2030 1433 2147 1488 otio

566 1533 630 1573 ac
657 1521 836 1588 quiete
867 1525 1099 1591 teipsum
1129 1523 1367 1592 dijudica
1395 1540 1409 1577 :
1438 1530 1492 1577 et
1529 1522 1888 1594 cegitationes
1913 1523 2145 1591 discute,

567 1627 704 1680 quas
737 1612 974 1669 habuisti
1012 1630 1107 1684 per
1136 1616 1315 1680 diem,
1352 1626 1517 1672 noctu
1573 1628 1831 1687 prieterea
1882 1624 2049 1687 atque
2092 1618 2147 1671 in

568 1705 734 1758 cubili
796 1714 887 1760 tuo
937 1715 996 1760 ut
1039 1707 1147 1760 dixi
1203 1707 1411 1770 doleas,
1448 1717 1503 1762 et
1545 1707 1921 1778 paenitentiam
1967 1716 2147 1763 tecum

572 1811 702 1862 agas
728 1795 800 1851 ob
830 1809 1048 1867 peccata
1080 1815 1200 1869 qua:
1234 1798 1467 1853 interdiu
1496 1800 1551 1853 in
1577 1800 1761 1853 animo
1788 1806 1885 1853 tuo
1909 1798 2145 1855 revolvi-

2244 604 2342 657 τοῦ
2400 604 2625 675 μετρίου
2664 603 3078 674 θυμουμένους,
3143 605 3559 674 προτρέπεται,
3617 607 3650 675 ἦ
3712 624 3846 659 τινα

2245 695 2516 766 ἀκαίρως,
2572 695 2604 765 ἢ
2663 696 2922 759 ἀναιτίως
2969 696 3348 766 ἀμυνομένους
3371 712 3384 727 ·
3417 696 3562 749 κατὰ
3594 699 3706 768 τῆς
3742 715 3847 752 κα-

2246 787 2374 851 κίας
2400 787 2508 858 γὰρ
2544 789 2571 840 ὁ
2596 786 2767 857 θυμὸς
2818 786 3129 855 ἀνθρώποις
3157 787 3449 855 ἐφυτεύθη.
3492 789 3553 841 Ὀ
3587 790 3691 858 μὲν
3725 790 3845 858 γὰρ

2248 878 2443 933 ἑαυτὸν
2493 878 2748 946 ἐκδικῶν,
2802 878 3107 950 ὀργίζεται,
3166 879 3261 932 καὶ
3294 880 3644 950 ἁμαρτάνει·
3695 883 3731 934 ὁ
3782 881 3843 934 δὲ

2247 973 2436 1042 ἕτερον
2464 970 2868 1042 διορθούμενος,
2899 969 3215 1042 ὀργίζεται,
3243 970 3339 1024 καὶ
3372 972 3472 1043 οὐχ
3497 973 3844 1044 ἁμαρτάνει,

2248 1064 2326 1127 ὡς
2361 1064 2547 1134 πατὴρ
2580 1063 2683 1134 υίῷ
2713 1061 3095 1133 ὀργιζόμενος.

2325 1246 2396 1298 Ἀ
2451 1245 2660 1313 λέγετε
2691 1244 2793 1299 ἐπὶ
2831 1242 2962 1311 ταῖς
3002 1242 3280 1312 καρδίαις
3315 1238 3505 1310 ὑμῶν,
3564 1243 3666 1296 ἐπὶ
3705 1240 3849 1307 ταῖς

2249 1339 2483 1404 κοίταις
2509 1336 2677 1406 ὑμῶν
2704 1338 3101 1408 κατανύγητε.
3135 1337 3261 1390 Ἐπὶ
3290 1337 3391 1407 τὴν
3419 1336 3613 1405 κοίτην
3639 1336 3846 1397 ἰόντες,
3894 1374 3919 1385 -

2252 1433 2310 1483 ὲν
2359 1424 2394 1501 ᾖ
2425 1430 2617 1501 καιρὸς
2651 1429 2837 1493 ἀδείας
2869 1429 3041 1493 ἐστὶν,
3079 1429 3408 1499 ἀνακρίνετε
3439 1428 3597 1482 κατὰ
3634 1429 3850 1497 σχολὴν

2252 1522 2481 1585 ἑαυτοὺς
2517 1522 2645 1591 περὶ
2692 1520 2801 1574 τῶν
2859 1521 3139 1592 ὴμερινῶν
3187 1520 3620 1593 ἐνθυμημάτων,
3650 1523 3751 1575 καὶ
3812 1523 3850 1576 ἃ

2254 1613 2596 1684 πλημμελῶς
2651 1602 2714 1666 ¹ὲν
2765 1614 2954 1686 ἡμέρα
3007 1612 3407 1682 διαλογίζεσθε,
3461 1614 3556 1667 ἐπὶ
3619 1612 3849 1675 τούτοις

2256 1705 2655 1777 μεταμέλεσθε,
2713 1706 2807 1758 ἐπὶ
2863 1703 2957 1759 τὸν
3004 1707 3105 1776 τῆς
3155 1706 3346 1775 κοίτης
3398 1705 3619 1775 χρόνον,
3675 1702 3846 1758 Οὕτω

2252 1799 2411 1865 κάγὼ
2439 1797 2632 1862 ποιῶν,
2680 1797 2975 1867 εὐοδοῦμαι
2996 1838 3011 1862 ,
3044 1798 3140 1852 καὶ
3175 1800 3343 1870 πείρᾳ
3377 1799 3489 1869 (25)
3514 1799 3618 1869 τὴν
3650 1796 3847 1851 ὲντεΰο

572 1890 663 1941 sti.
708 1864 840 1941 Mihi
866 1888 1036 1955 enim,
1066 1864 1260 1961 inquit,
1302 1891 1491 1973 beatus
1527 1890 1694 1946 David
1721 1930 1738 1955 ,
1769 1891 1851 1946 sic
1886 1888 2105 1945 facienti
2130 1930 2147 1954 ,

2268 1892 2350 1946 ὗεν
2408 1890 2680 1959 ὠφέλειαν
2735 1889 2945 1961 μαθὼν,
3004 1890 3165 1944 τοῦτο
3220 1894 3394 1944 ποιεῖν
3447 1891 3705 1961 παραινῶ
3744 1894 3850 1944 καὶ

575 1985 632 2028 ιιι
681 1987 731 2030 te
768 1994 1003 2044 moneo,
1035 1996 1293 2050 prospere
1340 1990 1539 2037 cuncta
1592 1982 1918 2036 succedunt.
1983 1980 2151 2034 Sume

2268 1986 2415 2057 ὑμῖν.
2477 1982 2542 2038 Ei
2587 1984 2645 2037 δὲ
2695 1986 2795 2045 τὰς
2829 1984 3162 2053 ἐνθυμήσεις
3207 1984 3291 2037 δεῖ
3315 1983 3588 2046 κολάζειν,
3654 1984 3851 2055 nolit;

572 2068 756 2138 itaque
784 2081 839 2126 et
874 2082 929 2127 tu
960 2076 1392 2142 experimentum
1425 2114 1442 2141 ,
1486 2090 1609 2129 cum
1659 2091 1725 2129 ex
1766 2090 1852 2129 me
1894 2072 2154 2128 didiceris

2268 2078 2469 2149 μᾶλλον
2520 2077 2619 2140 τὰς
2652 2076 2904 2146 πράξεις.
2945 2076 3089 2147 Ὅρα
3147 2072 3376 2142 δὲ,“πῶς
3423 2075 3517 2127 καὶ
3554 2077 3850 2146 προφυλαο

573 2162 888 2231 huiusmodi
920 2166 1209 2221 utilitatem
1244 2170 1546 2239 percipere.
1591 2165 1704 2222 lloc
1757 2167 1900 2220 enim
1948 2164 2051 2219 tibi
2097 2173 2154 2220 ut

2268 2169 2474 2231 κτικοῖς
2519 2166 2611 2221 καὶ
2660 2164 3034 2233 διορθωτικοῖς
3069 2165 3345 2234 ἐχρήσατο
3375 2163 3737 2234 φαρμάκοις’
3786 2163 3853 2215 τὸ

575 2253 745 2312 facias
776 2258 999 2317 suadeo.
1030 2259 1184 2325 Quod
1219 2260 1265 2314 si
1299 2272 1356 2315 ut
1384 2261 1642 2329 protdieta
1666 2258 1874 2313 indicat
1904 2297 1920 2324 ,
1946 2259 2154 2329 cogita-

2268 2260 2364 2331 μὲν
2389 2259 2521 2329 γὰρ,
2558 2256 2916 2327 Ὀργίζεσθε,
2936 2255 3128 2325 καὶμὴ
3149 2254 3537 2325 ἁμαρτάνετε,
3555 2255 3850 2325 προφυλαι

572 2348 779 2404 tiouum
820 2364 1009 2422 pinnas
1043 2353 1222 2406 daturi
1255 2367 1469 2418 sumus,
1499 2359 1708 2423 quanto
1742 2352 1917 2422 magis
1948 2366 2149 2421 opera-

2268 2350 2483 2403 κτικόν·
2534 2348 2598 2401 τὸ
2619 2348 2701 2413 δὲ,
2735 2349 2807 2401 Ἀ
2840 2347 3052 2415 λέγετε
3073 2346 3143 2399 ἐν
3176 2344 3309 2411 ταῖς
3345 2343 3619 2411 καρδίαις
3647 2342 3849 2414 ὑμῶν,

572 2439 783 2495 tinuum
807 2441 830 2497 ?
855 2442 1152 2501 Considera
1178 2445 1340 2499 etiam
1371 2445 1648 2515 quomodo
1679 2452 1788 2498 tam
1817 2443 1883 2498 ad
1920 2457 2150 2511 praeser-

2268 2441 2356 2495 ὲπί
2387 2439 2520 2507 ταῖς
2557 2440 2792 2505 κοίταις
2828 2438 2999 2509 ὑμῶν
3026 2439 3427 2506 κατανὺτητε,
3458 2437 3847 2506 διορθωτικόν.

570 2528 807 2585 randum
866 2547 893 2586 a
937 2534 1197 2601 peccatis,
1235 2549 1397 2605 quam
1442 2537 1512 2592 ad
1552 2533 1933 2605 castigandum
1966 2542 2333 2604 peccatorem,
2368 2533 2671 2604 aptissimis
2722 2531 2993 2603 Propheta
3033 2547 3165 2587 usus
3218 2531 3290 2586 sit
3331 2529 3659 2599 pharmacis.
3701 2529 3847 2583 Nam

572 2624 717 2692 quod
748 2625 846 2693 ait,
873 2626 1178 2683 Iros-cimini
1202 2636 1252 2682 et
1285 2628 1450 2683 nolite
1472 2645 1713 2697 peccare,
1742 2627 1982 2683 custodit
2016 2637 2069 2684 et
2097 2634 2392 2696 prmservat
2419 2641 2450 2682 a
2483 2637 2709 2713 peccato
2734 2641 2750 2680 :
2775 2635 2830 2680 et
2858 2625 2905 2681 si
2946 2624 3196 2680 fortassis
3233 2624 3284 2677 in
3321 2632 3535 2694 peccata
3549 2624 3670 2693 quis
3698 2623 3851 2677 inci-

573 2716 735 2781 derit,
779 2718 1019 2775 vicissiut
1054 2720 1286 2793 castigat
1328 2732 1382 2778 et
1436 2722 1683 2793 corrigit,
1725 2723 1858 2779 dum
1898 2722 2023 2781 ait:
2076 2719 2207 2786 Qua:
2252 2719 2431 2775 dicitis
2461 2722 2519 2775 in
2567 2719 2814 2775 cordibus
2849 2718 3056 2783 uestris,
3084 2719 3142 2772 in
3180 2717 3440 2772 cubilibus
3480 2719 3667 2772 vestris
3694 2732 3848 2770 com-

572 2810 889 2879 pungimini.

647 2900 815 2959 Vsus.
840 2904 893 2960 6.
927 2903 1240 2975 Sacri/inata
1267 2908 1591 2977 sacriﬁcium
1611 2907 1865 2977 justitiw,
1886 2917 1937 2963 et
1957 2916 2167 2979 sperate

572 2999 627 3052 in
665 2997 906 3053 Domino.
931 2996 1212 3055 Justitiam
1246 3009 1482 3057 vestram
1518 3002 1680 3073 quasi
1708 3001 1946 3057 fructum
1976 3017 2154 3072 quem-

2268 3004 2501 3070 Κύριον.
2525 3000 3003 3072 Καρποφορήσατε
3038 2998 3199 3068 μόνον
3229 2997 3576 3063 δικαιοσύνην
3596 2996 3678 3066 τῷ
3699 2995 3847 3064 Θεῷ,

573 3091 700 3146 dam
735 3090 866 3155 Deo,
895 3090 1096 3162 inquit,
1138 3092 1353 3159 oﬂ‘erte,
1386 3094 1663 3151 neminem
1694 3094 1895 3160 iniuria
1926 3094 2154 3150 allicien-

2268 3093 2578 3155 ὶδικοῦντες
2608 3091 2838 3163 μηδένα,
2875 3093 2971 3145 καὶ
3002 3088 3374 3160 ἁπεκδέχεσθε
3423 3089 3524 3161 τὴν
3565 3092 3723 3159 παρὰ
3751 3085 3849 3141 τοῦ

573 3194 698 3241 tes:
738 3193 794 3241 et
826 3188 1087 3243 auxilium
1119 3204 1152 3245 a
1182 3189 1295 3249 Deo
1339 3198 1656 3260 exspectate
1681 3232 1697 3255 ,
1731 3191 1824 3260 qui
1873 3190 2154 3262 oppressis

2268 3184 2397 3239 θεοῦ
2425 3184 2707 3256 βοήθειαν,
2731 3182 2792 3246 ὃς
2812 3184 2929 3247 τοῖς
2951 3180 3422 3255 ἐπηρεαζομένοις
3446 3180 3685 3251 μάλιστα
3716 3198 3854 3250 συμ-

575 3279 920 3349 potissimum
979 3281 1186 3338 auxilio
1244 3297 1368 3338 esse
1433 3283 1592 3339 solet.
1656 3282 2150 3339 Couversationem

2268 3280 2453 3349 μαχεῖ.
2494 3274 2906 3348 Προδιαγράφει
2942 3276 3040 3329 καὶ
3088 3273 3189 3347 τὴν
3237 3274 3714 3343 ὲκκλησιαστικὴν
3752 3289 3851 3326 πο-

580 3381 840 3441 praaterea
868 3387 931 3427 ac
960 3373 1123 3429 vitam
1152 3374 1348 3433 futurae
1371 3374 1630 3432 Ecclesia:
1653 3376 2006 3447 praenuntiat,
2036 3391 2154 3447 qua:

2268 3370 2493 3437 λιτείαν,
2542 3368 2935 3440 πνευματικῶς
2987 3367 3137 3422 θύειν
3174 3366 3477 3438 μέλλουσαν
3525 3365 3648 3420 ἀντὶ
3687 3365 3850 3430 ζώων

575 3462 695 3517 vice
731 3464 1071 3531 animalium,
1093 3467 1378 3537 spirituale
1400 3469 1663 3523 virtutum
1694 3469 2027 3524 sacriﬁcium
2048 3470 2154 3527 Deo

2268 3463 2361 3525 τὰς
2415 3462 2657 3532 ἀρετάς·
2711 3461 2831 3530 εἴγε
2883 3461 3236 3531 δικαιοσύνην
3288 3460 3389 3514 οὐκ
3444 3458 3653 3524 ίδικῶς,
3704 3458 3850 3515 ἀλλὰ

577 3562 696 3607 erat
732 3553 1003 3623 oblatura.
1031 3555 1313 3613 Justitiam
1341 3558 1489 3613 enim
1515 3559 1605 3613 hic
1636 3574 1745 3614 non
1767 3560 2154 3630 particularem

2268 3556 2494 3611 καθόλου
2528 3558 2630 3627 τὴν
2661 3556 2866 3628 ἀρετὴν
2900 3556 3081 3638 πᾶσαν
3108 3553 3527 3628 ύποληψόμεθα.

577 3645 832 3702 virtutem
859 3684 877 3714 ,
914 3647 1009 3705 sed
1048 3650 1378 3705 eeneraliter
1399 3665 1500 3723 pro
1548 3653 1698 3707 omni
1752 3654 1960 3709 virtute
1999 3655 2159 3711 intel-

580 3734 723 3791 liait.

658 3754 723 3791 ιι.

624 3754 813 3884 gMulti
826 3827 1012 3886 dicunt
1037 3847 1057 3886 :
1082 3831 1214 3898 Quis
1241 3834 1476 3890 ostendet
1509 3836 1658 3892 nobis
1690 3837 1830 3893 bona
1851 3838 1878 3893 ?
1906 3838 2040 3895 Cum
2072 3839 2160 3895 sui

583 3919 834 3988 exemplo
896 3923 1247 3979 admonuerit
1305 3932 1475 3996 atque
1532 3928 1857 3985 exhortatus
1919 3928 1993 3985 sit
2059 3942 2163 3986 nos

2338 2909 2576 2964 Θύσατε
2601 2907 2828 2963 θυσίαν
2849 2905 3268 2973 δικαιοσύνης,
3300 2903 3399 2958 καί
3423 2903 3719 2959 ἐλπίσατε
3745 2902 3850 2956 ἐπι

2337 3826 2879 3900 Πολλοίλέγουσι*
2933 3827 3030 3895 Τίς
3069 3824 3260 3893 δείξει
3306 3825 3452 3897 ἡμῖν
3498 3825 3572 3881 τὰ
3603 3827 3849 3896 ἀγαθάς

2267 3918 2646 3991 Προσαγαγὼν
2678 3920 2781 3990 τὴν
2825 3921 3156 3990 παραίνεσιν
3187 3917 3296 3972 ἀπὸ
3326 3917 3420 3971 τοῦ
3476 3918 3599 3972 καθ’
3651 3920 3849 3973 ἑαυτὸν

586 4004 880 4080 Pr0pheta,
907 4023 967 4071 ut
1016 4016 1071 4070 in
1104 4018 1482 4087 superioribus
1523 4020 1777 4084 vidimus,
1819 4020 1983 4077 modo
2007 4022 2162 4090 obje-

586 4103 826 4159 ctionem
875 4107 1169 4175 quamdam
1218 4124 1248 4163 a
1287 4111 1731 4180 pusillaminibus
1772 4111 1888 4167 fieri
1944 4114 2161 4170 solitam

589 4196 836 4264 apponit.
868 4196 1101 4264 Quidam
1141 4204 1312 4267 enim,
1342 4203 1540 4274 inquit,
1567 4219 1691 4261 cum
1728 4205 1793 4281 in.
1823 4204 2164 4263 calamitates

585 4286 908 4353 inciderint,
957 4306 1101 4360 aegre
1150 4293 1413 4359 ferentes,
1463 4297 1651 4351 statim
1703 4298 2020 4367 desperant,
2061 4314 2165 4354 nec

588 4381 824 4441 credunt
855 4382 1025 4441 Deum
1051 4401 1221 4457 prope
1245 4404 1369 4445 esse
1406 4389 1792 4445 invocantibus
1818 4404 1967 4445 eum.
1995 4390 2166 4457 Quin-

586 4476 698 4532 imo
762 4476 911 4532 omni
981 4493 1079 4550 spe
1139 4480 1411 4548 destituti,
1463 4483 1592 4537 talia
1662 4482 1829 4538 etiam
1878 4482 2165 4538 eﬂ‘undunt

586 4571 752 4626 verba
783 4587 799 4626 :
834 4568 973 4637 Quis
1001 4573 1227 4642 adiutor
1248 4576 1512 4647 deinceps
1541 4575 1645 4631 erit
1678 4575 1877 4630 nobis?
1899 4575 2058 4646 quasi
2081 4574 2164 4630 di-

2267 4013 2696 4083 ὑποδείγματος,
2737 4012 2954 4083 τίθησιν
3001 4011 3280 4066 ἀντίθεσιν
3312 4028 3437 4066 τινα
3482 4010 3595 4065 τῶν
3655 4029 3849 4083 purpo-

2263 4108 2476 4180 ψύχων.
2504 4108 2661 4172 Τινὲς
2691 4108 2822 4179 γὰρ,
2856 4107 3045 4178 φησιν,
3073 4108 3203 4161 ὅταν
3239 4106 3689 4177 προσομιλήσωσι
3723 4124 3850 4159 πει-

2269 4203 2502 4272 ρασμοῖς
2523 4241 2538 4266 ,
2590 4199 3040 4273 βαρυθυμοῦντες
3063 4240 3078 4264 ,
3128 4198 3574 4269 ἁπογινώσκουσι
3601 4239 3617 4265 ,
3648 4199 3747 4252 καὶ
3788 4196 3847 4251 οὐ

2266 4292 2620 4347 πιστεύουσιν
2672 4280 2749 4357 ὡς
2774 4292 2942 4361 ἐγγὺς
2976 4292 3182 4362 Κύριος
3221 4294 3333 4356 τοῖς
3388 4290 3849 4359 ἐπικαλουμένοις

2267 4383 2455 4446 αὑτὸν.
2514 4382 2653 4438 ἀλλὰ
2712 4382 2971 4452 λέγουσι·
3025 4382 3125 4448 Τίς
3169 4382 3431 4455 βοηθήσει
3480 4383 3647 4452 ἡμῖν;
3709 4382 3847 4450 ὅπερ

2266 4475 2505 4548 ἐσχάτης
2528 4476 2896 4546 ἀπογνώσεως
2931 4473 3011 4540 ὃν,
3070 4475 3255 4531 δίδωσι
3311 4477 3476 4542 νοεῖν,
3512 4475 3588 4538 ὡς
3646 4475 3847 4537 οὐδείς.

2269 4568 2340 4621 Ἦ
2362 4568 2460 4620 καὶ
2493 4568 2620 4637 περὶ
2643 4566 2757 4620 τῶν
2779 4567 3130 4637 φιλοσάρκων
3159 4568 3187 4620 ὁ
3211 4565 3390 4635 λόγος,
3412 4565 3610 4628 οἵτινες
3642 4564 3849 4633 ᾰγαθίν

585 4672 739 4727 cant,
757 4662 968 4723 Nullus.
992 4664 1124 4730 Qua:
1141 4667 1305 4721 verba
1322 4675 1582 4723 extrema:
1593 4668 1819 4722 omnino
1833 4667 2154 4735 desperatio-

2274 4659 2569 4732 ἡγούμενοι
2590 4659 2691 4732 τὴν
2720 4660 2910 4715 ἄνεσιν
2930 4662 3026 4714 καὶ
3049 4660 3287 4732 τρυφὴν,
3304 4659 3476 4713 ταῦτα
3511 4659 3651 4730 μόνα
3682 4674 3848 4727 μετα-

581 4753 673 4807 nis
702 4762 851 4809 sunt.
879 4753 975 4811 Vel
999 4758 1181 4825 aliter,
1259 4759 1330 4814 de
1364 4761 1440 4833 iis
1487 4760 1802 4814 hominibus
1846 4773 2029 4815 sermo
2052 4768 2161 4824 est,

585 4845 680 4914 qui
729 4847 914 4904 carnis
945 4861 1256 4920 sequuntur
1294 4850 1567 4907 desideria
1599 4869 1611 4906 :
1644 4851 1738 4920 qui
1795 4866 1917 4905 cum
1955 4851 2009 4905 in
2043 4851 2163 4906 otio

586 4946 752 5007 atque
799 4938 854 4993 in
896 4940 1108 4999 deliciis
1144 4958 1421 4999 summum
1464 4943 1668 4998 bonum
1704 4944 2022 5013 posuerint,
2066 4958 2162 4999 eas

2270 4752 2550 4817 διώκουσι,
2614 4752 2822 4823 σφόδρα
2888 4750 3179 4821 μισοῦντες
3213 4749 3311 4813 τὰς
3342 4747 3741 4808 κακοπαθείας,
3796 4743 3848 4797 αἳ

2272 4845 2394 4899 κατ’
2423 4844 2738 4914 οἰκονομίαν
2769 4844 3090 4913 ἐπάγονται.
3122 4843 3196 4897 Τὸ
3220 4843 3297 4906 δὲ,
3329 4842 3428 4909 Τίς
3464 4839 3653 4905 δείξει
3684 4837 3847 4909 mih;

2269 4939 2450 5011 ψυχῆς
2479 4941 2701 5011 νοητέον
2721 4940 3059 5012 ὀρεγομένης
3085 4940 3349 5003 διακαῶς.

586 5027 722 5083 totis
755 5030 891 5086 velis
920 5033 1291 5103 insequuntur
1324 5051 1338 5088 :
1372 5034 1699 5089 adlictiones
1741 5048 1871 5088 vero
1924 5048 2050 5104 quae.
2109 5032 2293 5088 divina
2338 5031 2752 5102 dispensatione
2803 5032 2966 5089 nobis
3044 5030 3416 5085 immittuntur
3488 5029 3648 5084 valde
3719 5029 3845 5086 ode-

578 5122 847 5180 runt.Per
871 5124 962 5180 illa
983 5126 1147 5181 etiam
1170 5127 1359 5191 verba,
1391 5126 1523 5193 Quis
1561 5123 1799 5180 ostendet
1826 5126 1977 5180 nobis
2011 5127 2185 5182 bona?
2224 5128 2422 5183 animm
2448 5126 2693 5182 ardentis
2711 5133 2874 5196 atque
2900 5123 3190 5181 immodice
3228 5124 3537 5194 appetentis
3595 5122 3846 5180 allectum

579 5216 821 5288 iutellige
845 5217 1240 5272 demonstrari.

650 5309 818 5367 Vsus.
854 5312 903 5365 7.
931 5311 1209 5383 Signalum
1241 5322 1317 5367 est
1336 5328 1495 5382 super
1518 5328 1611 5368 nos
1648 5313 1824 5368 lumen
1858 5313 2031 5369 vultus
2058 5316 2161 5381 tui,

498 5427 527 5437 -
579 5399 822 5461 Domine.
872 5405 1075 5461 Verqu
1125 5422 1250 5478 ego,
1311 5406 1511 5473 inquit,
1557 5406 1718 5478 longe
1767 5407 1927 5463 aliter
1959 5408 2161 5463 sentio.

585 5491 647 5551 lu
728 5514 814 5553 me
886 5500 1032 5552 enim
1109 5499 1384 5570 signatum
1431 5511 1518 5553 est
1587 5494 1771 5554 lumen
1866 5500 2165 5569 protectio-

584 5588 674 5644 κίε
713 5596 823 5644 tua:
858 5606 874 5644 :
921 5603 1088 5660 quam
1142 5590 1345 5655 lucem,
1397 5589 1544 5644 illam
1587 5604 1712 5645 esse
1749 5589 2162 5661 intelligendum

2365 5308 2713 5379 Εσημειώθη
2769 5308 2863 5378 ἐφ’
2894 5306 3053 5378 ἡμᾶς
3090 5306 3157 5361 τὸ
3209 5298 3341 5376 φῶς
3382 5303 3489 5361 τοῦ
3522 5304 3849 5373 προσώπου

2272 5420 2411 5466 σου,
2442 5396 2640 5472 Κύριε.
2664 5401 2810 5456 Ἀλλ’
2837 5400 2949 5469 ἐγὼ
2987 5401 3085 5471 οὐχ
3128 5398 3305 5462 οὕτως
3335 5398 3464 5468 ἔχω,
3498 5398 3594 5451 καὶ
3625 5398 3739 5467 γὰρ
3770 5400 3849 5450 ὲν·-

2272 5496 2561 5569 εσημάνθη
2594 5514 2687 5567 μοι
2716 5497 2748 5568 ἡ
2773 5494 3060 5567 ἀντίληψις
3084 5494 3183 5563 τῆς
3214 5495 3315 5563 σῆς
3345 5491 3690 5561 ἐπισκοπῆς·
3723 5490 3851 5545 ταύ-

2271 5607 2374 5662 την
2401 5589 2511 5662 γὰρ
2535 5590 2653 5661 φῶς
2680 5588 3044 5661 ὑποληπτέον,
3086 5585 3163 5650 ὡς
3205 5585 3532 5639 διαλύουσαν
3562 5583 3625 5637 τὸ
3659 5582 3845 5646 σκότος

1951 5700 2161 5765 Varite
2195 5702 2531 5766 lectiones.

659 5803 775 5879 (25)
805 5803 1118 5879 Graecorum
1146 5802 1438 5862 verborum
1482 5820 1681 5864 sensus
1702 5813 1786 5866 cst
1821 5821 1834 5860 :
1872 5803 2040 5878 Atque
2066 5806 2389 5877 experientia
2448 5823 2564 5864 cum
2608 5816 2806 5879 qrantn
2842 5806 2911 5864 sit
2972 5805 3177 5863 utilitas
3218 5802 3523 5871 didicerim,
3590 5800 3728 5855 idem
3797 5808 3843 5854 ut

580 5885 631 5928 ct
669 5875 769 5945 ipsi
800 5875 1017 5945 faciatis
1052 5874 1255 5929 hortor.
