3970 6534
110 468 170 533 ρει
1311 461 1709 525 COMMENT.
1742 460 1825 523 IN
1862 464 2228 529 PSALMOS.
3312 468 3385 536 93

112 582 197 651 τῆς
230 541 512 647 ἀθυμίας,
573 578 669 633 καὶ
700 577 892 650 ὥσπερ
935 576 1367 650 ἐγχαραχοεῖσα,
1409 572 1689 643 γνώριμὸν

1810 582 1903 639 3st,
1933 591 2057 647 quae
2104 576 2364 634 mteroris
2409 578 2667 649 tenebras
2707 580 2965 637 dissolvit
2996 600 3012 644 ;
3048 597 3281 656 quaeque
3322 589 3381 640 in

116 690 177 742 με
213 672 308 727 καὶ
335 674 448 735 τοῖς
483 672 680 744 πόρρω
713 670 1007 743 πεποίηκε.
1038 670 1197 733 Τινὲς
1225 669 1282 722 δέ
1309 684 1446 737 φασι
1478 681 1696 735 προφη-

110 764 252 827 τείας
283 757 433 819 εἶναι
458 763 521 817 τὸ
551 764 717 835 ῥητὸν
754 763 888 835 περὶ
912 762 1022 816 τῶν
1056 760 1430 833 Χριστιανῶν,
1458 751 1540 821 οἷς
1568 758 1694 825 ἐση-

120 857 337 927 μειώθη,
365 857 677 924 τουτέστιν,
702 856 862 926 ἐτέθη
900 853 1192 925 γνώρισμα
1221 856 1249 907 ὁ
1276 851 1509 922 Χριστὸς
1530 889 1546 910 ,
1572 848 1701 916 κλη-

118 950 241 1003 Θείσι
302 951 684 1021 Χριστιανοῖς,
739 950 796 1012 ὃς
829 951 946 1002 ἐστι
995 947 1110 1017 φῶς
1146 947 1240 1000 τοῦ
1282 943 1518 1014 Πατρός.
1558 940 1695 995 Συν-

119 1044 258 1108 italis
293 1044 349 1097 δὲ
376 1043 599 1106 τούτοις
648 1046 678 1097 ὁ
727 1044 1026 1114 Προφήτης
1079 1041 1298 1102 ἑαυτὸν,
1330 1038 1419 1091 διὰ
1446 1036 1547 1091 ταί-ν
1587 1030 1696 1085 τῶν

119 1140 309 1209 ἀρετῶν
346 1137 679 1206 συγγένειάν
714 1156 773 1191 τε
801 1138 894 1191 καὶ
920 1136 1259 1206 οἰκειότητα.

120 1243 208 1288 cst.
260 1232 280 1306 [
308 1234 408 1290 Per
444 1234 729 1291 Christum
761 1235 909 1289 enim
939 1235 1159 1289 Patrem
1189 1231 1512 1304 agnovimus
1542 1245 1558 1289 :
1585 1228 1691 1295 Qui
1729 1227 1864 1280 enim
1891 1231 2020 1284 vidit
2047 1248 2146 1297 me,
2179 1233 2378 1304 inquit,
2411 1227 2538 1289 vidit
2565 1246 2616 1290 et
2645 1236 2860 1293 Patrem
2923 1253 3095 1295 meum
3125 1238 3211 1306 ";

1798 684 1887 724 me
1919 671 2159 741 quodam
2195 672 2358 731 modo
2391 672 2685 745 insculpta,
2739 687 2928 733 notum
2974 694 3061 734 me
3129 681 3388 736 omnibus

1801 776 1865 818 ac
1913 768 2282 835 conspicuum
2322 766 2477 832 facit,
2521 768 2608 825 his
2643 771 2807 824 etiam
2849 772 2943 841 qui
2991 774 3183 842 procul
3232 782 3385 828 sunt.

1801 855 2041 921 Quidam
2075 858 2232 914 aiunt
2277 861 2547 917 contineri
2592 863 2683 917 his
2710 863 2894 919 verbis
2940 865 3284 935 prophetiam
3319 866 3390 922 de

1800 946 2150 1016 Christianis,
2196 953 2397 1021 quibus
2443 969 2540 1024 per
2570 954 2673 1010 hoc
2708 972 2929 1022 nomen,
2974 974 3084 1026 quo
3109 958 3386 1015 Christia-

1802 1040 1858 1095 ni
1909 1044 2278 1112 appellantur,
2327 1048 2542 1115 signum
2588 1056 2756 1118 atque
2803 1048 3066 1104 indicium
3111 1053 3387 1120 quoddam

1813 1131 2132 1202 impositum
2173 1146 2280 1202 est,
2313 1137 2569 1228 Chriitus
2608 1140 2893 1204 nimirum,
2927 1141 3022 1209 qui
3065 1139 3247 1198 Patris
3293 1143 3387 1197 lux

3290 1239 3387 1310 qui

121 1326 267 1381 etiam
291 1328 584 1383 character
609 1338 664 1382 et
694 1326 872 1381 forma
912 1327 1114 1394 Patris,
1181 1330 1249 1382 ab
1305 1324 1573 1397 Apostolo
1636 1321 2061 1390 cognominatur
2089 1325 2195 1397 ⁵⁵.]-
2230 1325 2533 1397 Coniunxit
2581 1338 2765 1386 autent
2821 1332 3063 1402 scipsum
3115 1329 3387 1402 Propheta

120 1421 542 1486 Christianis,ob
563 1422 949 1491 cognationem
974 1419 1267 1490 quamdam
1293 1434 1358 1473 ac
1387 1412 1817 1472 familiaritatem
1850 1412 2140 1485 virtutum.

183 1513 447 1580 Ἕδωκας
470 1515 875 1583 εὐφροσύνην
897 1515 984 1580 είς
1021 1512 1137 1580 τὴν
1160 1511 1416 1580 καρδίαν
1441 1525 1584 1581 μου.
1620 1504 1692 1560 Ἢ

122 1608 201 1661 διὰ
224 1609 316 1676 τὴν
348 1607 665 1678 ἀντίληψιν,
715 1607 814 1679 τὴν
859 1607 1220 1677 δηλωθεῖσαν,
1251 1605 1286 1678 ἢ
1339 1604 1429 1658 διὰ
1457 1603 1557 1675 τὴν
1586 1600 1697 1655 ἀπὸ

123 1702 204 1754 τοῦ
232 1699 470 1771 Χριστοῦ
503 1701 700 1772 κλῆσιν
721 1701 835 1754 τῶν
860 1698 1128 1754 εὐσεϐῶν.

186 1794 320 1848 Ἀπὸ
374 1793 615 1863 καρποῦ
660 1792 866 1858 σίτου,
911 1792 1087 1847 οἴνου
1117 1790 1216 1845 καί
1249 1789 1460 1847 ἐλαίου
1495 1786 1697 1844 αὐτῶν

1872 1504 2086 1562 Dedisti
2129 1508 2384 1566 lwtitiam
2411 1514 2466 1569 in
2498 1515 2656 1571 corde
2684 1532 2819 1572 meo.
2858 1517 2950 1572 Vel
2992 1528 3217 1590 propter
3246 1536 3387 1591 prae-

1798 1596 2009 1747 diétum
2037 1601 2333 1670 auxilium,
2386 1606 2469 1661 vel
2495 1607 2567 1662 ob
2597 1607 3106 1666 denominationem
3140 1612 3386 1669 ﬁdelium

1801 1707 1832 1746 a
1911 1693 2110 1747 hristo.

1801 1707 1832 1746 a
1862 1693 2110 1754 Christo.

1875 1784 2042 1844 Vsus.
2067 1789 2122 1845 8.
2150 1791 2190 1847 Δ
2225 1792 2410 1863 [metu
2445 1796 2702 1864 frumenti
2729 1796 2839 1850 vini
2867 1803 2919 1850 et
2947 1794 3073 1861 olei,
3101 1797 3178 1853 eis
3203 1799 3390 1853 multi-

128 1890 606 1957 ἐπληθύνθησαν.
642 1886 781 1958 Περὶ
807 1887 917 1940 τῶν
947 1885 1297 1957 φιλοσὰρκων
1325 1883 1476 1952 λέγει
1505 1882 1694 1948 πάλιν,

1810 1877 1990 1943 plicari
2010 1892 2156 1939 sunt.
2190 1883 2267 1941 De
2297 1888 2614 1944 carnalibus
2643 1888 2960 1944 horninibus
2985 1890 3180 1944 iterum
3198 1905 3388 1947 sermo

128 1984 195 2037 ὃτι
238 1984 347 2036 Καὶ
371 1981 445 2036 τὰ
474 1982 640 2053 γήϊνα
683 1979 978 2051 φρονοῦσιν
1021 1978 1206 2042 αὐτοῖς
1236 1975 1478 2045 δαψιλῶς
1515 1974 1697 2028 πάντα

129 2076 362 2149 χορηγεῖς
394 2074 505 2128 ὑπὸ
533 2075 634 2145 τῆς
671 2073 812 2143 ἄγαν
870 2071 1289 2141 φιλανθρωπίας
1314 2086 1327 2101 '
1365 2067 1700 2141 ἀπαριθμεῖ-

128 2188 203 2224 ται
234 2170 344 2239 γὰρ
376 2170 463 2223 ὅτι
499 2167 611 2223 ἀπὸ
638 2166 858 2239 καρποῦ
890 2166 1078 2230 σίτου,
1140 2163 1287 2218 οἴνου
1338 2163 1436 2217 καὶ
1488 2162 1695 2228 ελαίου,

131 2263 549 2337 ἐπληθύνθησαν,
568 2261 855 2315 τουτέστιν
888 2259 1329 2330 ἐνεπλήσθησαν,
1349 2256 1555 2328 δηλαδὴ
1586 2256 1697 2311 τῶν

131 2354 633 2426 ἁπαριθμηθέντων,
671 2352 743 2407 δι’
775 2345 853 2406 ὧν
894 2351 1330 2422 ἀναγκαιότερον
1361 2350 1458 2404 καὶ
1486 2349 1536 2403 τ’
1560 2346 1697 2403 ἄλλα

132 2451 222 2503 τῶν
246 2447 555 2519 βρωμάτων
579 2446 697 2517 εῖδη
735 2443 1197 2515 συμπεριέλασεν.

201 2628 289 2680 Ἐν
334 2625 547 2696 εἰρήνῃ
599 2625 702 2680 ἐπὶ
752 2624 819 2679 τὸ
875 2625 1024 2680 αὐτὸ
1077 2626 1545 2693 κοιμηθήσομαι,
1596 2626 1695 2679 καὶ

137 2716 394 2773 tim-citato.
412 2718 556 2780 Τοὺς
587 2715 946 2789 ἔνοχλοῦντάς
982 2732 1075 2786 μοι
1103 2716 1303 2784 φόϐους
1335 2716 1696 2784 ἀποθέμενος,

137 2810 408 2881 ἀταράχως
436 2809 879 2881 κοιμηθήσομαι,
915 2807 1012 2864 καὶ
1040 2808 1102 2861 οὐ
1147 2807 1308 2861 τοῦτο
1343 2806 1524 2877 μόνον.
1557 2796 1698 2862 ἀλλὰ

139 2902 403 2972 καὶμέχρι
427 2902 617 2973 κόρου.
642 2901 718 2953 Τὸ
742 2900 841 2971 μὲν
869 2901 1005 2972 γὰρ,
1038 2898 1139 2953 ἐπὶ
1168 2899 1236 2953 τὸ
1255 2899 1424 2967 αὐτὸ,
1446 2898 1699 2969 βούλεται

137 2996 192 3048 τὸ
223 2996 331 3065 ἅμα
354 2994 574 3068 δηλοῦν,
609 2995 695 3055 ὅτι
730 2996 839 3048 Καὶ
857 2996 1024 3064 ἄμφω
1045 2992 1216 3047 ταῦτα
1232 2993 1467 3063 ποιήσω.
1502 2992 1578 3045 Τὸ
1606 2993 1685 3059 δὲ,

138 3089 393 3154 inritato,
445 3089 549 3160 τῆς
590 3085 972 3150 κατακλίσεὼς
1015 3087 1167 3139 ἐστιν
1189 3084 1464 3148 ἐπίτασις.
1496 3086 1571 3139 Ἣ
1599 3088 1698 3140 καὶ

141 3180 451 3251 προφητεύει
481 3181 612 3252 περὶ
639 3180 743 3250 τῆς
771 3179 970 3233 ἑαυτοῦ
1003 3178 1284 3248 τελευτῆς,
1334 3178 1411 3242 ὡς
1431 3181 1533 3233 οὐκ
1560 3182 1701 3234 ἁπο-

1802 1984 1890 2029 est
1926 1993 1942 2031 :
1979 1977 2181 2045 quibus
2225 1987 2441 2035 terrena
2477 1989 2686 2035 tantum
2718 1981 3133 2051 cogitantibus,
3168 1982 3389 2040 abunde

1804 2067 1991 2123 omnia
2026 2068 2192 2124 Deum
2227 2085 2339 2141 prae
2364 2086 2557 2143 magna
2587 2072 2918 2144 benignitate
2938 2073 3391 2133 subministrasso

1801 2166 2099 2214 attestatur
2132 2160 2408 2231 Propheta
2457 2179 2473 2215 :
2526 2173 2580 2219 et
2624 2164 2769 2220 bona
2819 2156 2902 2220 eis
2941 2165 3138 2222 collata
3179 2181 3389 2222 conuu—

1806 2260 1982 2306 ruerat
2013 2252 2229 2321 dicens,
2260 2255 2406 2325 quod
2435 2270 2464 2308 a
2494 2254 2681 2319 fructu
2702 2256 2983 2324 frumenti,
3011 2259 3142 2325 vini,
3176 2269 3230 2314 et
3253 2260 3386 2326 olei,

1801 2343 2147 2414 multiplicati
2195 2356 2325 2403 sunt
2375 2347 2491 2415 eis;
2545 2348 2649 2404 hoc
2691 2357 2800 2407 est.
2842 2350 2923 2406 eis
2974 2353 3385 2407 connumeratis

1803 2433 1965 2491 bonis
2011 2437 2222 2505 repleti,
2260 2453 2355 2507 per
2400 2451 2528 2507 quin
2562 2439 2702 2495 bona
2753 2450 3015 2511 tauquam
3066 2457 3165 2511 per
3209 2446 3385 2513 magis

1804 2530 2144 2595 necessaria,
2182 2531 2391 2600 reliqua
2421 2532 2669 2586 ciborum
2719 2549 2920 2603 genera
2951 2533 3241 2590 intellexit.

1874 2617 2040 2675 Vens.
2070 2621 2122 2676 9.
2160 2619 2227 2674 In
2250 2623 2446 2690 pacein
2466 2622 2697 2692 idipsum
2725 2623 2991 2678 dormiam
3008 2625 3384 2694 etsoparabor.

1804 2710 2065 2783 Deposito
2089 2713 2308 2775 timore,
2343 2731 2455 2784 quo
2489 2716 2876 2784 perturbabar,
2913 2717 3174 2789 deinceps
3202 2712 3388 2789 quiete

1802 2803 2111 2872 dormiam;
2144 2821 2247 2861 nec
2280 2807 2552 2862 dormiam
2593 2809 2947 2879 simpliciter,
2980 2810 3078 2866 sed
3117 2812 3184 2865 ad
3210 2812 3385 2882 ipsam

1805 2913 1982 2966 usque
2013 2900 2353 2956 satietatem.
2387 2898 2524 2955 Nam
2565 2902 2711 2971 quod
2746 2903 2845 2968 ait,
2874 2904 2930 2956 in
2959 2904 3214 2973 idipsttm,
3240 2904 3385 2960 idem

1802 2990 1907 3053 sibi
1929 2992 2046 3046 vult
2067 2990 2216 3063 quod
2240 3008 2345 3047 una
2371 3008 2390 3047 :
2417 3007 2480 3048 ac
2499 2993 2544 3049 si
2563 2993 2732 3057 dicat,
2761 2993 3005 3065 Utraque.
3026 2996 3139 3051 haec
3162 2995 3386 3062 faciam,-

1802 3083 2073 3139 dormiam
2102 3092 2159 3140 et
2189 3087 2399 3155 pariter
2436 3086 2751 3155 aoporabar.
2783 3084 2906 3154 Quo
2939 3087 3195 3156 loquendi
3221 3087 3386 3143 modo

1804 3177 2189 3235 accubationis
2219 3189 2274 3233 et
2307 3178 2508 3247 quietis
2542 3195 2658 3236 sua:
2688 3179 3058 3235 intensionezn
3089 3181 3383 3250 expressit.

141 3274 356 3328 θανεῖται
386 3273 603 3344 βιαίως,
644 3272 785 3327 ἀλλὰ
811 3271 957 3326 κατὰ
979 3270 1160 3341 φύσιν,
1209 3269 1343 3326 ἔνθα
1374 3273 1471 3347 καὶ
1495 3272 1688 3344 νοήσο-

1810 3268 1903 3325 Vel
1940 3272 2025 3325 his
2065 3271 2247 3326 verbis
2278 3269 2549 3341 Propheta
2580 3272 2835 3328 fortassis
2880 3274 3142 3343 praedicit,
3172 3288 3295 3342 qua:
3316 3274 3386 3329 ad

143 3355 230 3437 μὲν
249 3370 327 3432 τὸ,
358 3370 455 3423 ἐπὶ
514 3370 581 3424 τὸ
629 3368 800 3434 αὐτὸ,
853 3368 983 3438 περὶ
1029 3366 1127 3421 τοῦ
1174 3368 1431 3439 σώματος
1469 3368 1693 3439 καὶτῆς

139 3462 295 3532 ψυχῆς
356 3462 564 3533 λέγειν,
616 3463 703 3519 ὃτι
748 3460 1186 3534 ,Κοιμηθήσομαι
1218 3461 1276 3514 ὲν
1303 3462 1495 3533 εἰρήνῃ
1534 3461 1693 3531 ὁμοῦ,

140 3558 222 3610 καὶ
255 3559 387 3613 κατὰ
430 3558 618 3628 σῶμα,
644 3557 741 3613 καὶ
781 3556 925 3611 κατὰ
958 3556 1140 3627 ψυχήν
1161 3572 1176 3587 ·
1210 3555 1404 3612 τούτου
1430 3556 1553 3626 μὲν,
1584 3555 1694 3608 τῶν

139 3650 328 3720 ὁρατῶν
357 3651 774 3720 ἀπαλλαγέντος
806 3650 1020 3721 ἐχθρῶν
1045 3667 1059 3680 ο
1088 3649 1308 3718 ἐκείνης
1340 3648 1434 3712 δὲ,
1467 3648 1576 3703 τῶν
1602 3649 1697 3702 ἀο-

143 3746 318 3813 ράτων.
346 3745 418 3798 Τὸ
447 3744 535 3809 δὲ,
567 3743 829 3799 ὐπνώσω
851 3784 867 3811 ,
896 3743 990 3798 τὸν
1027 3741 1191 3815 μέχρι
1215 3743 1313 3813 τῆς
1343 3741 1697 3806 ἀναστάσεως

142 3838 335 3910 μακρὸν
359 3838 661 3894 αίνίττεται
693 3837 910 3915 χρόνον.

199 4111 318 4164 Ὀτι
349 4110 447 4173 σὺ,
474 4112 676 4180 Κύριε,
701 4108 853 4164 κατὰ
873 4111 1071 4180 μόνας
1097 4108 1191 4164 ἐπ’
1213 4109 1416 4165 ἐλπίδι
1445 4109 1696 4175 κατῴκι-

140 4206 242 4271 σάς
262 4200 351 4275 pe.
385 4205 457 4259 Σύ
493 4223 561 4276 με
591 4206 761 4275 χωρὶς
787 4204 898 4258 τῶν
925 4205 1181 4275 πονηρῶν
1204 4205 1373 4258 οίκεῖν
1404 4205 1693 4273 ἐποίησας,

141 4299 215 4349 ἐπ’
240 4299 406 4352 ἐλπίδι
438 4298 741 4370 σωτηρίας.
769 4297 925 4361 Τινὲς
956 4297 1013 4350 δέ
1050 4283 1239 4365 φασιν,
1271 4296 1354 4349 ὃτι
1379 4295 1538 4349 τοῦτο
1569 4299 1697 4368 περὶ

138 4391 221 4457 τῆς
245 4392 303 4443 ἐκ
325 4388 535 4460 νεκρῶν
582 4388 937 4451 ἀναστάσεως
978 4388 1383 4457 προεφήτευσε,
1422 4388 1697 4457 σχηματί-

141 4499 225 4545 σας
277 4483 545 4557 τὸνλόγον
592 4482 669 4546 ὡς
698 4482 806 4535 ἀπὸ
833 4481 925 4534 τοῦ
964 4479 1239 4550 σώματος,
1272 4477 1546 4548 λέγοντος,
1613 4480 1695 4534 ὅτι

140 4574 223 4636 Σὺ,
268 4573 454 4646 Κύριε,
511 4576 793 4629 κατοικεῖν
826 4590 893 4642 με
922 4572 1016 4625 τὸν
1045 4572 1216 4641 τάφον
1246 4569 1455 4642 ὥρισας
1521 4589 1695 4644 μεμοι-

142 4668 361 4736 νωμένον
388 4667 488 4734 τῆς
541 4665 782 4735 συζύγου
831 4665 1042 4735 ψυχῆς·
1090 4666 1190 4736 οὐχ
1218 4664 1411 4729 ἁπλῶς
1436 4666 1517 4729 δὲ,
1574 4667 1692 4720 ἀλλ’

143 4761 301 4813 ἐλπίδι
330 4760 708 4824 ἀναστάσεως,
741 4759 829 4812 ὅτε
853 4757 949 4811 καὶ
977 4756 1076 4827 τὴν
1110 4756 1289 4829 ψυχὴν
1318 4757 1689 4829 ἀπολήψομαι.

143 4853 205 4904 Ti.
232 4853 312 4918 δὲ,
344 4853 455 4916 ὅτι,
511 4851 791 4922 παρὲλκον
842 4849 1024 4902 δοκεῖ·
1088 4850 1186 4902 καὶ
1235 4849 1344 4920 γὰρ
1369 4850 1427 4902 ὲν
1475 4851 1694 4913 πολλοῖς

145 4945 316 5014 ἰδίωμα
360 4947 457 4999 καὶ
486 4945 652 4998 τοῦτο
679 4943 780 5014 τῆς
816 4940 1095 5004 Παλαιᾶς·
1148 4944 1352 4994 νοεῖται
1380 4941 1437 4995 δὲ
1467 4944 1562 4996 καὶ
1599 4941 1694 5012 βε-

141 5037 429 5104 6αιωτιχδν,
456 5039 582 5093 ἀντὶ
606 5036 704 5090 τοῦ
729 5035 939 5101 ὄντως.

1806 3373 2043 3418 mortem
2077 3378 2235 3419 suam
2264 3364 2650 3433 pertinebant;
2697 3366 2843 3433 quod
2872 3366 3084 3421 scilicet
3113 3381 3223 3421 non
3266 3367 3384 3421 vio-

1802 3453 1975 3518 lenta,
2009 3454 2106 3511 sed
2137 3455 2378 3511 naturali
2418 3464 2599 3511 morte
2653 3455 2706 3511 ei
2760 3456 3105 3511 moriendum
3139 3467 3279 3513 erat.
3320 3457 3387 3513 Et

1801 3546 1952 3617 quod
1983 3547 2115 3603 dicit
2147 3547 2204 3601 in
2238 3548 2490 3615 iaipstan,
2531 3548 2603 3604 de
2631 3547 2811 3602 anima
2856 3557 2913 3604 et
2939 3562 3174 3618 corpore
3224 3552 3388 3606 intel-

1799 3639 2055 3708 ligemus.
2089 3636 2364 3692 Dormiam
2400 3637 2546 3691 enim
2581 3651 2702 3708 ego,
2735 3636 2935 3707 inquit,
2972 3637 3028 3691 in
3062 3652 3218 3708 pace,
3257 3653 3385 3693 cor.

1801 3743 1936 3798 pore
1969 3729 2179 3798 pariter
2204 3736 2258 3781 et
2292 3728 2477 3782 anima
2507 3743 2523 3781 :
2575 3741 2812 3797 corpore
2840 3727 3100 3783 nimirqu
3135 3742 3168 3781 a
3199 3727 3388 3784 visibi.

1803 3820 1972 3885 libus,
2004 3830 2063 3876 et
2103 3821 2285 3876 anima
2315 3820 2386 3876 ab
2418 3818 2790 3875 invisibilibus
2840 3820 3085 3876 inimicis
3129 3820 3384 3877 liberata.

1801 3910 1957 3978 Quod
1987 3926 2118 3966 vero
2169 3911 2269 3974 ait,
2316 3908 2636 3977 soporabor,
2678 3910 2909 3981 longum
2960 3913 3387 3969 resurrectionis

1802 4015 2018 4075 tempus
2048 4004 2363 4076 signiﬁcare
2385 4004 2620 4060 videtur.

1872 4097 2040 4154 Vens.
2078 4096 2144 4152 10
2191 4097 2455 4164 Quoniam
2487 4106 2568 4164 tu,
2588 4095 2829 4164 Domine,
2850 4098 3197 4169 singulariter
3222 4099 3276 4154 in
3298 4114 3387 4168 ape

1804 4190 2051 4247 habitare
2091 4190 2264 4258 fecisti
2326 4206 2433 4246 me.
2461 4188 2542 4243 Tu
2577 4205 2684 4257 me,
2725 4191 2927 4261 inquit,
2968 4192 3220 4248 habitare
3247 4193 3386 4247 feri-

1800 4287 1869 4341 sti
1900 4300 2151 4341 seorsum
2177 4300 2204 4337 a
2231 4282 2488 4352 malignis
2520 4291 2686 4352 atque
2707 4283 2761 4336 in
2786 4299 2882 4353 spe
2911 4283 3131 4338 salutis.
3150 4284 3387 4349 Quidam

1800 4395 1932 4435 vero
1986 4378 2104 4433 haec
2147 4377 2218 4432 de
2262 4376 2673 4432 resurrectione
2720 4391 2748 4428 a
2782 4375 3019 4430 mortuis
3064 4375 3385 4445 prophetico

1798 4476 1943 4530 dicta
1975 4488 2103 4529 esse
2130 4473 2282 4526 aiunt
2311 4487 2324 4524 :
2362 4471 2621 4541 quodque
2655 4470 2852 4525 beatus
2887 4468 3076 4534 David,
3110 4470 3277 4524 veluti
3316 4486 3385 4525 ex

1799 4564 2050 4635 corporis
2081 4562 2165 4618 sui
2187 4574 2423 4631 persona
2457 4546 2769 4615 sermonem
2805 4558 3082 4625 formavit,
3107 4560 3382 4616 dicentis:

1726 4644 1771 4700 D
1804 4657 1908 4722 Tu,
1940 4656 2190 4721 Domine,
2227 4653 2476 4709 habitare
2507 4666 2593 4707 tne
2623 4652 2799 4707 iecisti
2834 4652 2892 4706 in
2940 4653 3227 4722 sepultura
3269 4671 3285 4720 ;
3329 4663 3388 4709 et

1804 4749 2148 4807 constituisti
2191 4761 2278 4802 me
2304 4745 2638 4816 singularem
2669 4759 2733 4798 ac
2763 4743 3074 4799 solitarium
3102 4745 3216 4798 illic
3238 4760 3384 4810 esse,

1804 4860 1834 4899 a
1883 4843 2219 4914 propriaque
2268 4853 2334 4894 ac
2380 4838 2529 4894 socia
2587 4836 2721 4891 mihi
2774 4836 2957 4890 anima
3018 4835 3382 4903 disjunctum.

1804 4938 2007 4993 Verum
2048 4935 2154 4990 hoc
2180 4947 2290 4988 non
2315 4930 2659 5002 simpliciter,
2678 4930 2772 4985 sed
2809 4931 2862 4984 in
2897 4944 2994 4998 spe
3022 4929 3385 4984 resurrectio—

1801 5033 1923 5098 nis;
1962 5012 2414 5106 quandoquidem
2461 5025 2659 5078 iterum
2716 5024 2952 5077 animant
2995 5030 3386 5090 suscepturtun

139 5146 349 5200 sperem.
380 5134 474 5187 Ilia
514 5140 699 5186 autent
732 5129 921 5192 dictio,
956 5127 1232 5198 quoniam,
1281 5125 1568 5180 abundare
1615 5125 1836 5182 videtur
1892 5124 1997 5179 hoc
2070 5122 2125 5175 iu
2170 5120 2315 5185 loco,
2379 5115 2846 5189 quemadmodum
2899 5122 2955 5170 et
3008 5128 3154 5182 saepe
3229 5111 3381 5173 alibi,

136 5227 275 5297 juxta
322 5246 492 5287 sacrm
542 5227 847 5297 Scriptura:
894 5236 1060 5295 atque
1109 5221 1362 5277 llebraici
1415 5221 1694 5277 idiomatis
1738 5220 2126 5291 proprietatem
2174 5231 2187 5267 :
2229 5225 2544 5284 quanquam
2610 5223 2991 5280 saepenumero
3054 5205 3222 5261 etiam
3268 5205 3386 5260 hanc

140 5325 287 5378 dictio
313 5325 452 5395 apud
482 5323 746 5378 Hebraeos
783 5320 926 5374 idem
960 5317 1235 5387 signiﬁcat
1259 5314 1407 5385 quod
1448 5331 1583 5382 vere,
1637 5324 1693 5372 et
1734 5316 1961 5388 ponitur
2003 5326 2102 5383 pro
2132 5308 2395 5364 adverbio
2418 5305 2806 5362 conﬁrmandi.

266 5421 362 5484 Εἰς
384 5419 450 5472 τὸ
473 5416 671 5482 τέλος,
697 5413 851 5480 ὑπὲρ
874 5412 985 5480 τῆς
1011 5408 1537 5480 κληρονομούσης.

703 5505 999 5560 ΨΑΛΜΟΣ
1040 5500 1114 5557 E'.

206 5600 267 5653 Τί
296 5603 388 5673 μὲν
410 5601 746 5672 παρίστησιν
772 5600 806 5668 ὴ
837 5599 923 5664 είς
946 5597 1014 5650 τὸ
1035 5596 1213 5661 τέλος
1244 5595 1551 5668 ἐπιγραφὴ,
1571 5611 1699 5665 προ-

147 5692 357 5763 είρηται.
381 5694 521 5748 Φασὶ
548 5692 605 5745 δέ
636 5706 784 5753 τινες
812 5686 1047 5742 ἐνταῦθα
1096 5687 1193 5749 τὰς
1217 5686 1452 5756 ἐσχάτας
1483 5686 1698 5758 ἡμέρας

149 5785 544 5857 ὐποδηλοῦσθαι,
573 5783 698 5839 καθ’
726 5781 793 5845 ἃς
823 5782 852 5834 ὁ
892 5780 1099 5852 Κύριος
1132 5776 1523 5851 ὲνηνθρὼπησε
1556 5794 1572 5811 θ
1604 5795 1701 5848 τη-

194 5968 237 5999 ⁸⁵
261 5967 408 6026 Joan.
443 5988 556 6040 τιν,
585 5973 642 6028 9.
720 5969 766 6003 "
788 5967 955 6026 llebr.
986 5985 1026 6041 ι,
1056 5972 1109 6028 ’5.

1908 5406 1974 5463 In
1996 5407 2156 5477 ﬁnem
2185 5419 2282 5471 pro
2306 5419 2368 5457 ea
2389 5417 2509 5472 qua:
2532 5401 2896 5454 Ita'reditatem
2918 5395 3276 5466 consequitur.

2476 5489 2801 5547 PSALMUS
2818 5488 2889 5546 ν.

1875 5590 2032 5660 Quod
2051 5589 2151 5643 sibi
2172 5586 2299 5641 velit
2323 5583 2613 5653 inscriptio
2628 5584 2684 5636 in
2700 5583 2880 5651 ﬁnem,
2902 5583 3154 5652 superius
3175 5583 3383 5640 dictum

1805 5694 1891 5741 est
1923 5704 1937 5740 :
1978 5685 2083 5738 hoc
2120 5689 2304 5736 autem
2340 5678 2394 5732 in
2434 5677 2554 5731 loco
2581 5675 2801 5744 quidam
2835 5690 2930 5746 per
2972 5691 3090 5731 eam
3124 5677 3277 5730 aiunt
3310 5678 3385 5731 si-

1806 5777 2055 5851 gniﬁcari
2100 5775 2222 5831 illos
2257 5773 2399 5839 dies,
2442 5767 2646 5843 quibus
2693 5767 2952 5826 Christus
3000 5770 3164 5825 homo
3203 5769 3380 5825 iactus
