3970 6542
130 456 228 522 131

1295 460 1442 521 COM
1455 462 1691 522 MENT.
1736 461 1816 521 ΙΝ
1861 461 1996 523 PSA
2006 464 2214 527 LMOS

3291 463 3392 528 102

127 593 220 643 μοι
242 576 303 627 τὸ
328 575 672 644 παρακαλεῖν
700 591 781 639 σε,
805 576 900 629 καὶ
924 573 989 626 τὰ
1012 574 1157 650 ἑξῆς,
1177 573 1206 628 ὅ
1234 577 1325 628 καὶ
1343 578 1505 646 ἡμεῖς
1538 577 1716 630 ποιοῦ-

1842 587 1921 642 ιει.
1955 594 2019 635 ac
2041 580 2088 636 si
2119 580 2325 635 diceret
2355 597 2370 635 :
2395 579 2616 637 Gratlns
2643 580 2774 638 mihi
2811 596 2875 638 ac
2901 580 3201 652 jucundius
3229 584 3396 638 rebus

126 685 253 737 μεν,
293 667 457 730 εὐθὺς
492 669 590 738 τῆς
626 671 812 738 κοίτης
845 668 1260 738 ἐξανιστάμενοι
1288 685 1302 699 ⁸
1359 671 1456 723 καὶ
1508 672 1608 740 οὐχ
1638 672 1719 724 ὅτι

1827 669 2090 726 oiunibus
2152 672 2323 725 fuerit
2377 674 2650 728 matutino
2707 683 2950 743 tempore
2988 675 3064 729 ad
3100 685 3172 739 te,
3229 675 3395 738 Deus,

126 762 251 812 κατ’
281 761 442 814 ἀλλον
469 761 529 814 οὐ
555 761 661 831 χρὴ
694 761 1092 832 προσεύχεσθαι
1122 761 1315 831 καιρόν
1339 778 1354 790 ·
1387 761 1721 832 Erinomam

1842 763 2134 820 irationem
2169 778 2232 818 ac
2277 779 2468 833 preces
2498 780 2649 820 meas
2699 766 2985 835 proferre:
3014 767 3161 836 quod
3213 777 3267 822 et
3299 783 3399 822 nos

128 854 262 922 γὰρ,
296 854 454 923 φησὶ,
486 852 595 906 τὸν
626 854 868 920 Κύριον,
901 851 972 904 ἐν
1003 851 1183 905 παντὶ
1208 851 1412 919 καιρῷ.

1829 851 2011 910 facere
2037 858 2431 929 consuevimus
2459 858 2646 912 statim
2677 859 2770 913 ubi
2799 875 2829 914 e
2860 861 3002 915 lecto
3031 864 3398 917 consurrexi-

129 960 294 1009 mus;
326 961 430 1000 nec
463 958 644 1001 tamen
671 947 776 1002 hoc
800 943 948 1011 dico,
971 945 1126 1014 quasi
1147 943 1252 1001 alio
1276 953 1521 1016 tempore
1542 945 1814 1001 orandum
1849 963 1959 1002 non
1993 951 2066 1005 sit
2099 927 2479 1015 :WBenedicam,
2541 951 2740 1022 inquit,
2801 951 3084 1006 Dominum
3145 955 3200 1006 in
3258 959 3403 1010 omni

133 1048 366 1102 tempore
403 1040 469 1092 “.

204 1137 337 1188 Ὀτι
373 1133 510 1202 οὐχί
544 1133 689 1200 Θεὸς
736 1133 925 1190 θέλων
957 1135 1216 1204 ἀνομίαν
1245 1133 1326 1189 σὺ
1367 1129 1444 1188 εἶ.
1485 1133 1566 1186 Τὰ
1603 1135 1713 1202 γὰρ

132 1227 329 1280 εἴδωλα
387 1228 488 1290 τις
520 1227 750 1296 ἀνομίας
795 1229 1106 1297 ἀγαπῶσιν.
1167 1227 1438 1295 Ἀνομίαν
1468 1225 1526 1278 δὲ
1557 1225 1718 1279 καλεῖ

133 1320 316 1372 πᾶσαν
342 1319 644 1389 ἁμαρτίαν.

1899 1130 2167 1198 Quoniam
2228 1149 2330 1186 non
2391 1133 2530 1188 Dens
2597 1133 2776 1188 volens
2815 1134 3146 1204 iniquitatem
3198 1147 3252 1190 tu
3311 1154 3388 1193 es.

1825 1222 2013 1293 Longe
2046 1223 2191 1278 enim
2241 1227 2367 1278 abes
2409 1227 2478 1280 ab
2539 1225 2808 1281 idolorum
2865 1230 3240 1296 perversitate,
3276 1246 3396 1298 quae

1832 1317 2154 1386 iniquitates
2207 1318 2462 1388 diligunt.
2524 1317 2624 1372 Per
2676 1321 3006 1389 iniquitatem
3060 1337 3190 1375 vero
3232 1338 3396 1377 otune

135 1413 347 1480 peccati
383 1427 563 1481 genus
603 1411 856 1482 intelligit
891 1410 1060 1484 [quod
1111 1418 1264 1466 extra
1299 1409 1575 1480 aequitatis
1627 1407 1702 1464 sit
1748 1423 1995 1462 normam
2035 1425 2050 1463 :
2084 1424 2207 1474 seu,
2243 1418 2300 1463 ut
2339 1412 2738 1480 signiﬁcantius
2767 1409 2952 1467 Graeca
2993 1413 3160 1468 dictio
3199 1414 3402 1484 ἀνομία

134 1504 419 1570 exprimit,
447 1501 594 1572 quod
619 1505 766 1557 onmi
804 1513 990 1558 careat
1019 1502 1153 1572 legis
1184 1501 1419 1556 ratione.
1476 1501 1712 1570 Ἀνομος
1754 1500 1978 1570 quippe,
2013 1501 2157 1554 unde
2182 1503 2405 1570 ἀνομία,
2430 1518 2593 1572 quem
2649 1501 2878 1558 Latinus
2938 1503 3206 1575 interpres
3255 1508 3403 1562 assi-

136 1597 242 1651 due
287 1598 532 1667 iniquum
598 1599 854 1668 appellat,
885 1599 1117 1670 exlegem
1152 1599 1358 1668 potius,
1395 1612 1555 1667 quam
1615 1595 1853 1664 iniquum
1922 1597 2244 1667 significat:
2313 1597 2409 1650 sed
2445 1595 2696 1650 vocabuli
2739 1596 2919 1666 inopia
2989 1596 3221 1665 ἀνομίαν
3286 1603 3396 1652 ini-

138 1695 393 1762 quitatem
429 1690 821 1764 appellamus.]

197 1790 280 1841 Οὑ
309 1787 672 1856 παραιτήσει
716 1802 813 1840 σοι
834 1789 1338 1855 πονηρευόμενος.
1367 1787 1442 1840 Οὐ
1474 1787 1634 1858 μόνον
1657 1786 1714 1840 δέ
1755 1822 1796 1878 Β

139 1883 270 1933 εἰσιν
294 1879 568 1949 ἐμπαθεῖς
615 1881 666 1932 οἱ
698 1881 810 1932 θεοὶ
832 1879 940 1933 τῶν
970 1879 1161 1943 ἐθνῶν,
1183 1880 1259 1941 ὡς
1283 1880 1336 1932 αί
1366 1879 1490 1949 περὶ
1513 1881 1723 1932 τούτων

141 1970 306 2039 βίὸλοι
332 1970 716 2023 διδάσκουσιν·
758 1971 894 2024 ἀλλὰ
943 1971 1039 2024 καὶ
1069 1971 1197 2034 τοὺς
1248 1971 1358 2023 τῶν
1389 1970 1592 2040 ὁμοίων
1627 1971 1725 2040 ζηο

138 2063 308 2125 λωτὲις
341 2063 534 2116 παθῶν
561 2061 638 2126 ὡς
669 2063 902 2126 οἰκείους
937 2065 1282 2130 περιέπουσι,
1317 2064 1412 2115 καὶ
1441 2065 1568 2126 τοὺς
1598 2064 1726 2116 ἐαυ·

140 2155 242 2207 τῶν
285 2155 554 2225 βεϐήλους
577 2157 739 2219 ναοὺς
766 2158 948 2219 αὐτοῖς
989 2157 1363 2224 ὑπανοίγουσι.
1400 2157 1499 2209 Σοῦ
1528 2156 1584 2208 δὲ
1622 2156 1723 2226 τῆς

142 2247 439 2316 ἑγτὺτητος
469 2248 566 2301 καὶ
594 2245 946 2310 οἱκειὼσεως,
973 2245 1130 2300 τοῦτο
1153 2247 1262 2317 γὰρ
1298 2247 1398 2316 τὴν
1426 2247 1724 2318 παροικίαν

143 2337 228 2389 ἐπὶ
254 2335 351 2388 τοῦ
389 2337 663 2408 παρόντος
695 2336 1055 2406 ὑποληπτέον,
1093 2338 1153 2390 οὐ
1183 2337 1429 2402 τεύξεται
1463 2339 1720 2410 πονηρός.

157 2424 365 2492 Ἐττὺς
394 2427 524 2495 γὰρ,
572 2427 728 2496 φησὶ,
770 2431 982 2496 Κύριος
1031 2430 1158 2494 τοῖς
1195 2428 1722 2498 συντετριμμένοις

147 2515 251 2580 τὴν
281 2517 561 2584 καρδίαν,
614 2520 712 2573 καὶ
765 2518 887 2586 τοῖς
930 2519 1326 2590 φοϐουμένοις
1368 2521 1575 2574 αὐτόν.
1625 2521 1722 2573 Διὰ

149 2606 234 2660 τοῦ
257 2609 501 2680 πονηροῦ
530 2610 588 2663 δὲ
637 2614 889 2665 παντοῖον
930 2612 1254 2682 ἁμαρτωλὸν
1285 2612 1527 2684 ᾐνίξατο.

1894 1784 2064 1840 Vsus.
2117 1783 2170 1838 6.
2231 1781 2416 1847 Neque
2470 1784 2734 1837 habitabit
2771 1783 2936 1852 juxta
2993 1793 3042 1838 te
3100 1786 3396 1856 malignus.

1830 1877 2087 1932 Gentium
2117 1875 2214 1940 dii,
2251 1890 2358 1929 non
2397 1883 2607 1928 tantum
2660 1875 2762 1945 ipsi
2801 1876 3103 1932 sceleribus
3155 1893 3219 1931 ac
3254 1879 3402 1935 vitiis

1834 1969 2024 2040 repleti
2060 1976 2208 2034 sunt,
2257 1967 2720 2037 quemadmodum
2782 1984 2848 2022 ex
2881 1960 3144 2038 profanis
3209 1986 3399 2026 eorum

1831 2061 1990 2115 libris
2029 2059 2294 2115 doremur
2329 2078 2341 2113 :
2373 2058 2471 2114 sed
2521 2059 2769 2115 homines
2819 2076 3086 2130 quosque,
3141 2061 3400 2116 similium

1829 2152 2090 2207 vitiorum
2123 2159 2419 2214 ainatores,
2454 2149 2615 2204 veluti
2649 2164 2780 2203 suos
2808 2164 2872 2203 ac
2901 2150 3154 2219 proprios
3192 2150 3401 2218 fovent,

1831 2257 2043 2312 suaque
2079 2241 2192 2296 illis
2224 2241 2460 2311 profana
2490 2242 2746 2310 aperiunt
2796 2241 2942 2295 fana.
2979 2241 3150 2296 Tuam
3184 2259 3337 2308 vero,
3369 2260 3404 2298 o

1833 2335 2002 2400 Deus,
2039 2333 2497 2394 familiaritatem,
2556 2341 2650 2386 aut
2702 2333 2779 2387 tui
2814 2335 3401 2404 appropinquationem

1831 2427 1930 2498 (ita
1989 2428 2134 2482 enim
2191 2425 2496 2494 intelligere
2530 2424 2795 2481 debemus
2845 2427 2990 2496 quod
3047 2427 3170 2480 ait:
3223 2427 3406 2498 Neque

1829 2519 2089 2574 habitabit
2111 2519 2274 2587 juxta
2305 2526 2354 2572 te
2377 2517 2664 2588 malignus)
2692 2518 2858 2572 homo
2908 2519 3096 2574 nullus
3161 2534 3405 2589 unquam

1831 2622 2220 2681 consequetur.
2256 2609 2424 2675 Prope
2450 2617 2530 2663 est
2579 2609 2719 2663 enim
2776 2608 3034 2664 Dominus
3075 2610 3140 2665 iis
3165 2612 3254 2680 qui
3281 2627 3407 2665 con-

153 2701 264 2755 trito
288 2711 413 2755 sunt
438 2705 595 2758 corde
624 2706 691 2756 ⁶².
719 2706 847 2761 Item
879 2722 894 2759 :
929 2704 1302 2760 Verumtamen
1333 2723 1492 2776 prope
1543 2707 1784 2761 timentes
1838 2721 1956 2761 eum
1997 2704 2235 2760 salutare
2316 2705 2478 2774 ipsius
2509 2701 2578 2758 ⁸³.
2649 2700 2942 2773 Malignqu
2995 2701 3140 2757 enim
3219 2703 3408 2760 dicens

155 2795 437 2865 Propheta,
487 2799 832 2856 omnifarimn
869 2810 1210 2871 peccatorcm
1242 2803 1598 2874 subsignavit.

211 2891 364 2945 Οὐδὲ
426 2892 779 2962 διαμενοῦσι
834 2895 1167 2966 παράνομοι
1223 2897 1539 2952 κατέναντι
1603 2895 1726 2951 τῶν

156 2983 472 3054 ὀφθαλμῶν
516 3001 653 3040 σου.
688 2986 858 3040 Τοῦτο
888 2988 976 3042 διὰ
1008 2990 1137 3050 τοὺς
1185 2989 1470 3055 Ἰουδαίους
1504 3007 1725 3061 προφη-

155 3077 400 3149 τευθῆναι
442 3079 715 3149 λέγουσιν,
751 3081 800 3134 οἳ
837 3081 996 3153 μέχρι
1027 3082 1129 3152 μὲν
1155 3081 1248 3136 τὸν
1293 3083 1459 3152 νόμον
1489 3084 1725 3152 ἐφύλατ-

157 3187 260 3234 τον,
290 3173 600 3242 ἐπισκοπῆς
621 3174 867 3242 ἠξιοῦντο
889 3175 1037 3239 θείας
1056 3191 1070 3206 ·
1104 3177 1420 3247 παραϐάται
1449 3176 1505 3231 δὲ
1527 3175 1720 3230 τούτου

158 3263 450 3334 γενόμενοι,
485 3263 710 3329 δικαίως
736 3263 1075 3336 ἐξώσθησαν.

233 3449 566 3516 Ἐμίσησας
632 3448 866 3515 πάντας
921 3449 1065 3517 τοὺς
1120 3450 1548 3521 ἐργαζομένους
1611 3449 1729 3519 τὴν

159 3541 419 3608 ἀνομίαν.
451 3541 624 3595 Τοῦτο
653 3541 742 3594 διὰ
783 3543 851 3596 τά
879 3541 1004 3612 ἔθνη
1041 3544 1108 3596 τὰ
1137 3545 1361 3608 ἄπιστα,
1396 3544 1559 3612 νόμον
1591 3542 1727 3596 Θεοῦ

163 3633 232 3704 μὴ
249 3633 536 3700 δεξάμενα.
569 3635 789 3687 Νοεῖται
820 3633 875 3687 δὲ
906 3636 998 3688 καὶ
1025 3636 1198 3698 ἄλλως
1219 3655 1236 3669 ο
1263 3634 1582 3706 παράνομος
1605 3636 1728 3704 μὲν,

161 3726 262 3786 πᾶς
287 3726 313 3774 ὁ
347 3723 688 3796 μεμαθηκὼς
721 3725 812 3779 τὸν
837 3725 1003 3796 νόμον
1023 3767 1038 3788 ,
1081 3725 1440 3795 παρασαίνων
1471 3723 1528 3777 δέ
1555 3738 1570 3754 °
1602 3725 1727 3779 ἄνο-

165 3833 256 3884 μος
279 3816 352 3880 δὲ,
386 3817 414 3868 ὁ
470 3817 544 3886 μὴ
571 3820 774 3886 ’μαθεῖν
809 3817 1199 3886 ἀνασχόμενος.
1234 3815 1500 3881 Πολλάκις
1530 3816 1586 3870 δὲ
1634 3817 1728 3870 τὸν

162 3907 465 3976 παράνομον
497 3906 772 3976 καλοῦμεν
803 3909 898 3959 καὶ
929 3907 1152 3976 ἄνομον,
1185 3905 1260 3970 ὡς
1291 3906 1365 3976 μὴ
1397 3905 1548 3977 νόμῳ
1585 3903 1730 3976 χρώ-

166 4012 335 4063 μενον.
375 3999 560 4050 Εἰπὼν
586 3997 641 4050 δὲ
675 3995 907 4050 καθόλου
941 3997 1214 4064 περιτῶν
1244 3998 1428 4061 ἁπλῶς
1458 3999 1726 4068 ἁμαρτω·

163 4087 282 4152 λῶν,
321 4089 597 4142 ἐκτίθεται
626 4090 720 4141 καὶ
754 4090 897 4142 κατὰ
927 4090 1091 4161 μέρος
1121 4090 1158 4143 ἃ
1187 4090 1402 4144 ἐδόκουν
1453 4089 1604 4160 αὐτῷ
1632 4105 1729 4142 κει-⁹

164 4178 597 4249 φαλαιωδέστερα
626 4188 747 4232 τότε
774 4181 882 4232 τῶν
912 4181 1351 4252 ἁμαρτημάτων.

1908 2896 2021 2950 Nec
2050 2893 2438 2965 permanebunt
2470 2903 2888 2963 transgressores
2915 2889 3043 2961 legis
3076 2900 3200 2946 ante
3225 2893 3408 2947 oculos

1833 2997 1973 3039 tuos.
2011 2985 2108 3039 His
2155 2983 2342 3039 verbis
2375 2981 2646 3038 contineri
2701 2981 2897 3036 dicunt
2947 2981 3291 3052 prophetiam
3338 2984 3408 3040 de

1829 3076 2059 3142 Iudaeis,
2101 3077 2194 3147 qui
2223 3077 2399 3130 donec
2444 3075 2617 3144 legem
2669 3082 3028 3129 servaverunt
3066 3077 3408 3144 protectione

1832 3179 1888 3226 et
1921 3171 2175 3226 custodia
2209 3170 2300 3224 Dei
2330 3167 2478 3238 digni
2523 3180 2650 3221 esse
2698 3165 2800 3220 visi
2854 3171 2984 3218 sunt
3020 3182 3036 3220 :
3067 3181 3256 3220 verum
3311 3167 3403 3220 ubi

1835 3263 1980 3318 illius
1999 3261 2302 3331 transgredi
2324 3269 2612 3330 creperum
2635 3255 2909 3322 mandata,
2943 3255 3094 3328 iuste
3117 3271 3181 3312 ac
3208 3258 3408 3314 merito

1832 3355 1902 3410 ab
1932 3370 1997 3409 eo
2031 3353 2242 3422 expulsi
2275 3364 2424 3407 sunt.

1905 3444 2072 3500 Vens.
2108 3445 2159 3501 7.
2198 3443 2378 3500 Odisti
2407 3459 2586 3498 antties
2623 3443 2715 3513 qui
2737 3451 3024 3511 aperantur
3051 3441 3406 3512 iniquitatem.

1835 3537 1948 3594 lloe
1979 3547 2203 3610 propter
2232 3537 2476 3592 infideles
2507 3547 2696 3608 gentes
2721 3537 2928 3591 dictum
2951 3543 3054 3600 est,
3083 3549 3205 3602 quae
3237 3535 3406 3604 legem

1836 3631 1932 3687 Dei
1977 3647 2084 3687 non
2117 3640 2445 3701 receperunt
2475 3647 2489 3686 :
2526 3629 2602 3703 [et
2653 3647 2794 3700 quos
2833 3629 2988 3699 juxta
3017 3629 3192 3684 Graeci
3231 3629 3409 3682 nomio

1838 3723 1928 3778 nis
1980 3724 2246 3779 veriorem
2308 3722 2699 3792 significatur»,
2763 3731 2822 3777 ut
2879 3721 3142 3785 diximus,
3193 3720 3410 3791 exleges

1837 3816 2020 3884 potius
2083 3815 2269 3872 dicere
2334 3830 2650 3886 possumus,
2703 3829 2864 3884 quam
2921 3815 3161 3884 iniquos.
3221 3812 3410 3868 θᾶσαι-ι

1836 3915 2017 3961 autem
2047 3915 2422 3976 transgressor
2479 3906 2615 3976 legis
2663 3907 2730 3958 ab
2785 3904 3021 3977 exlege],
3071 3905 3197 3976 quia
3249 3905 3410 3966 alter.

1834 3999 2006 4068 legem
2041 3997 2264 4068 quidem
2296 3998 2468 4062 novit,
2499 3999 2596 4052 sed
2626 4012 2733 4052 non
2767 4007 2950 4053 servat
2981 4014 2997 4054 :
3031 3997 3172 4052 alter
3201 4011 3330 4051 vero
3362 3997 3410 4050 is

1835 4091 2037 4146 dicitur
2063 4091 2154 4162 qui
2189 4090 2365 4145 nullas
2393 4090 2618 4144 omnino
2663 4089 2858 4158 recipit
2888 4090 3066 4159 leges;
3099 4102 3416 4159 quanquam

1837 4199 2214 4254 saepenumero
2255 4183 2484 4238 alterum
2553 4181 2672 4235 loco
2725 4181 2954 4237 alterius
3003 4183 3224 4251 ponitur
3253 4179 3414 4250 (27‘).

167 4271 353 4327 Verum
394 4289 521 4328 cum
565 4276 620 4328 in
663 4275 979 4332 universum
1017 4275 1217 4332 dixerit
1259 4277 1328 4333 de
1376 4278 1782 4348 peccatoribus,
1846 4279 2215 4350 particulatim
2269 4294 2416 4333 nunc
2454 4277 2617 4331 tradit
2656 4290 2777 4346 qua:
2808 4276 2912 4330 sibi
2942 4278 3058 4334 visa
3097 4285 3228 4334 sunt
3279 4292 3417 4347 prte-

167 4371 312 4438 cipua
351 4379 699 4438 peccatorum
729 4372 930 4442 capita.

242 4463 499 4530 Ἄπολεῖς
529 4463 760 4530 πάντας
786 4465 928 4531 τοὺς
973 4467 1318 4533 λαλοῦντας
1366 4465 1436 4521 τὸ
1475 4466 1722 4536 ψεῦδος.

1905 4465 2100 4521 Perdes
2128 4481 2186 4519 eo
2215 4466 2304 4536 qui
2337 4467 2626 4535 loquuntur
2664 4466 3013 4520 mendacium.
3058 4463 3171 4520 Hoc
3212 4465 3418 4534 princi-

168 4555 324 4609 Τοῦτο
350 4557 778 4625 προηγουμένως
806 4555 904 4626 μὲν
924 4556 1013 4610 διὰ
1031 4559 1157 4621 τοὺς
1177 4557 1500 4624 δοξάζοντας
1541 4559 1730 4632 ἕτερον

172 4647 309 4714 παρὰ
337 4648 427 4700 τὸν
454 4647 583 4701 ὄντα
606 4647 760 4713 Θεὸν,
790 4647 886 4701 καὶ
908 4649 1035 4712 τοὺς
1061 4650 1378 4722 αἰρετικούς
1399 4666 1414 4682 ·
1447 4652 1730 4720 ἑπομένως

172 4737 240 4801 δὲ,
269 4741 356 4790 καὶ
379 4740 469 4792 διά
494 4742 621 4803 τοὺς
670 4741 819 4803 ὅπως
861 4741 1060 4809 δήποτε
1107 4741 1495 4810 ψευδομένους,
1527 4743 1604 4806 ὡς
1635 4743 1730 4797 τοῦ

173 4825 400 4880 διαϐόλου
426 4829 730 4892 διακένους,
780 4829 962 4900 πατὴρ
985 4831 1094 4898 γὰρ
1121 4830 1216 4884 τοῦ
1243 4830 1474 4900 ψεύδους
1501 4834 1530 4886 ὁ
1558 4833 1734 4885 Σατα-

176 4919 280 4982 νὰς,
304 4919 409 4971 εἴτε
436 4921 494 4986 ἐξ
539 4920 813 4974 Ἰουδαίων
845 4922 1004 4987 εἰσὶν,
1054 4923 1164 4974 εἴτε.
1213 4923 1272 4987 ἐξ
1302 4923 1496 4979 ἐθνῶν.
1549 4924 1649 4976 Διὰ
1679 4923 1737 4976 δὲ

177 5009 261 5060 τοῦ
295 5013 483 5077 εἰπεῖν,
545 5013 844 5080 Ἀπολεῖς,
876 5015 1186 5086 παρέστησε
1217 5014 1527 5086 βαρυτέραν
1563 5018 1742 5070 αὐτῶν

177 5101 266 5166 τὴν
295 5102 526 5156 κόλασιν.
574 5102 643 5156 Ἥ
672 5107 764 5156 καὶ
791 5105 1030 5174 φοὸἦσαι
1066 5107 1189 5169 τοὺς
1217 5109 1540 5178 προχείρους
1569 5109 1650 5172 είς
1684 5108 1744 5162 τὸ

174 5188 358 5255 ψεῦδος
392 5193 736 5264 βουλόμενος,
782 5195 1211 5259 ὲπιπολάζοντας
1245 5199 1339 5251 καὶ
1389 5200 1734 5268 ἀνειμένους,

175 5279 256 5334 διὰ
274 5282 336 5334 τὸ
355 5286 566 5354 ῥᾷστον·
591 5287 624 5356 ἢ
647 5288 741 5340 καὶ
755 5287 833 5340 ὅτι
853 5288 926 5358 μὴ
962 5289 1121 5358 μόνον
1149 5289 1340 5343 ἑαυτὸν
1361 5291 1473 5359 (27)
1499 5292 1704 5360 ἡχρείω
1719 5321 1736 5333 -

180 5387 294 5438 σαν,
328 5377 455 5430 ἀλλὰ
484 5379 580 5433 καὶ
622 5380 838 5442 πολλοῖς
867 5378 1128 5444 ἀπολείας
1161 5380 1412 5451 πρόξενοι
1437 5383 1704 5451 γίνονται.

1843 4560 2040 4628 paliter
2093 4569 2317 4627 propter
2370 4573 2466 4613 eos
2512 4559 2720 4614 dictum
2774 4567 2882 4622 est,
2933 4559 3027 4627 qui
3072 4572 3178 4612 non
3228 4573 3414 4613 verum

1840 4654 2010 4708 Deum
2041 4653 2328 4712 colebant:
2363 4663 2417 4708 et
2453 4665 2676 4725 propter
2702 4655 2992 4708 luereticos
3023 4669 3036 4706 :
3071 4668 3418 4722 consequen-

1844 4755 1930 4800 tcr
1986 4757 2208 4816 propter
2256 4760 2451 4801 omnes
2489 4747 2626 4801 alios
2664 4747 2977 4810 mendaces,
3034 4760 3097 4800 ac
3151 4744 3417 4800 daemonis

1843 4837 2159 4902 ministros,
2183 4839 2272 4910 qui
2298 4847 2451 4908 pater
2468 4839 2672 4894 dicitur
2690 4839 2984 4902 mendacii,
3006 4853 3098 4893 seu
3123 4853 3188 4894 ex
3214 4836 3418 4893 Juda'is

1842 4932 1976 4998 sint,
2001 4945 2096 4987 seu
2132 4948 2196 4986 ex
2230 4933 2505 5002 gentibus.
2535 4933 2691 4998 Quod
2723 4947 2852 4986 vero
2882 4933 2979 4993 ait,
3031 4930 3249 4994 Perdes,
3285 4946 3416 4999 gra-

1842 5023 2068 5076 vissima
2095 5037 2285 5077 eorum
2321 5028 2592 5078 tormenta
2620 5022 2920 5077 denotavit.
2962 5019 3052 5076 Vel
3087 5020 3340 5074 fortassis
3363 5019 3414 5072 id

1847 5127 1876 5165 ιι
1909 5113 2180 5183 Propheta
2205 5113 2416 5168 dictum
2445 5123 2550 5179 est,
2584 5123 2642 5167 ut
2667 5129 2761 5169 eos
2785 5114 2874 5183 qui
2901 5113 3162 5167 facilitate
3181 5112 3412 5181 quadam

1850 5205 2005 5273 proni
2038 5220 2102 5260 ac
2135 5205 2326 5262 labiles
2359 5215 2492 5261 sunt
2521 5207 2588 5260 ad
2645 5205 2953 5272 mendacia,
2995 5207 3099 5259 hoc
3138 5213 3294 5274 pacto
3324 5202 3420 5254 de-

1847 5301 2100 5360 terreret,
2154 5299 2246 5365 qui
2281 5312 2392 5350 non
2422 5306 2633 5352 tantum
2665 5299 2877 5364 seipsos
2902 5296 3125 5361 laedunt,
3158 5292 3253 5350 sed
3280 5293 3420 5348 mul-

1845 5387 1918 5441 tis
1945 5387 2112 5442 etiam
2151 5389 2488 5460 perditionis
2520 5404 2688 5444 causa
2718 5389 3018 5444 exsistunt.

243 5532 284 5563 ⁸⁵
313 5533 454 5589 Psal.
484 5551 679 5602 xxxtn,
709 5535 765 5592 2.
825 5537 869 5568 “
899 5537 1040 5592 Psal.
1072 5552 1252 5634 csuy,
1294 5539 1384 5595 18.
1465 5539 1512 5572 ⁸³
1540 5540 1686 5595 Psal.
1718 5555 1728 5595 l

1842 5557 1942 5606 ιιν,
1971 5543 2058 5599 lo.

1492 5685 1692 5748 Variae
1720 5686 2054 5754 lectiones.

251 5827 513 5910 (alqui.
551 5831 766 5910 ξαυτόν.
796 5835 1074 5910 seipsum;
1111 5834 1204 5888 sed
1248 5835 1466 5894 melius.
1492 5837 1711 5910 opinor,

1842 5837 2002 5902 ιτούς,
2030 5846 2090 5892 ιιι
2124 5839 2254 5910 legit
2292 5837 2518 5894 Latinus
2547 5839 2840 5910 interpres.

252 5899 380 5970 (ΞΤ)
417 5901 673 5966 Quinimo
711 5915 762 5960 ct
796 5902 1020 5960 Latinus
1051 5907 1319 5976 interpres
1349 5899 1636 5974 utramque
1659 5899 1972 5966 dictionem
1991 5899 2205 5978 passim"
2228 5923 2325 5978 pro
2348 5909 2530 5976 iniquo
2557 5899 2798 5978 expo'uit.
