3956 6596
508 469 616 536 133

1742 467 2132 529 EUTHYMII
2156 470 2333 530 ZIGA
2343 469 2488 531 BEN
2500 469 2525 528 I

573 582 743 637 Vens.
776 581 830 638 8.
876 578 1059 636 Virum
1083 578 1404 652 sanguinum
1435 585 1485 634 et
1510 578 1761 636 dolorum
1798 580 2076 637 abomma-
2109 590 2154 643 Α

3649 467 3743 536 1M

2254 585 2480 653 Ἄνδρα
2528 582 2791 653 αἱμάτων
2822 583 2918 638 καὶ
2965 583 3176 639 δόλιον
3199 585 3612 649 ,ϐδελύσσεται
3638 588 3745 642 Κύ-

502 678 649 733 bitur
677 677 949 732 Dominus.
979 674 1116 730 Vide
1139 672 1422 744 quomodo
1463 672 1799 728 interfectori
1826 674 2078 729 dolosum

2203 694 2327 740 >ιος.
2366 676 2510 746 ὐρα
2540 675 2655 740 πῶς
2691 678 2769 744 τῷ
2803 679 2974 743 φωνεῖ
3016 677 3107 730 τὸν
3136 676 3355 748 δολερὸν
3385 678 3743 748 προσέταξεν

507 769 813 840 conjunxit.
842 767 976 821 Nam
1001 767 1095 836 qui
1126 767 1352 835 decipit,
1392 775 1447 822 et
1475 766 1529 820 in
1574 764 1817 837 pericula
1843 764 2080 835 aliquem

504 861 751 930 conjicit,
786 859 1042 913 occidere
1076 858 1241 913 etiam
1276 858 1513 914 videtur.

573 952 687 1021 Ego
727 955 905 1004 autem
936 952 987 1004 in
1024 950 1365 1005 multitudine
1411 951 1789 1005 misericordias
1841 958 1946 1004 tua:
1995 949 2082 1002 in-

505 1046 672 1099 troibo
696 1045 749 1098 in
780 1044 999 1097 domum
1044 1054 1213 1099 tuam.
1252 1044 1384 1114 Ego,
1441 1044 1643 1113 inquit,
1716 1041 1957 1096 Ecclesia
2012 1043 2082 1097 ob

503 1152 776 1191 summam
840 1136 1276 1191 misericordiam
1315 1144 1464 1189 tuam
1522 1135 1590 1188 ab
1618 1134 1904 1188 erroribus
1958 1134 2082 1188 libe-

404 1233 417 1246 °
503 1237 647 1292 rata,
699 1228 753 1281 in
819 1226 1042 1281 domum
1105 1236 1279 1293 luant,
1334 1241 1500 1294 quam
1547 1226 1675 1280 olitn
1708 1225 2084 1295 imprudenter

408 1384 411 1387 ν
503 1320 888 1383 destruebam,
942 1317 1252 1389 ingrediar.
1323 1316 1419 1373 Vel
1480 1318 1689 1373 aliter:
1728 1316 1970 1373 Introibo
2028 1317 2084 1370 in

504 1413 719 1466 domum
768 1420 935 1475 tuam,
988 1413 1154 1482 digna
1209 1409 1469 1466 nimirum
1523 1409 1717 1465 etTecta
1769 1410 2082 1479 huiusmodi

509 1504 711 1558 ﬁducia
742 1502 888 1571 apud
923 1511 996 1567 te,
1025 1519 1135 1559 non
1163 1504 1234 1558 ob
1257 1518 1407 1557 nieas
1437 1504 1693 1566 virtutes,
1725 1504 1817 1558 sed
1847 1503 1918 1555 ob
1935 1511 2080 1554 tuam

507 1602 717 1650 tantum
746 1593 1205 1649 misericordiam.
1234 1594 1416 1663 Aliqui
1449 1608 1544 1663 per
1571 1592 1793 1646 domum
1823 1591 1915 1646 Dei
1948 1606 2081 1645 con-

505 1689 876 1743 versationem
918 1702 982 1742 ac
1013 1686 1179 1740 vitam
1204 1684 1516 1752 intelligunt
1546 1683 1747 1737 virtute
1777 1683 2081 1752 prserlitam.

506 1781 829 1853 Requiescit
863 1781 1010 1835 enim
1066 1778 1212 1833 Deus
1270 1788 1437 1846 atque
1486 1776 1697 1831 habitat
1750 1774 1804 1827 in
1864 1775 1934 1829 iis
1991 1774 2083 1843 qui

506 1872 744 1925 virtutes
804 1878 1119 1933 sectantur,
1166 1865 1631 1937 quemadmodum
1679 1866 1734 1919 in
1792 1863 2084 1934 Evangelio

507 1965 583 2017 ait
618 1980 632 2019 :
669 1962 776 2033 Ego
805 1970 853 2015 et
889 1959 1054 2014 Pater
1089 1959 1157 2012 ad
1185 1976 1303 2013 eum
1335 1959 1619 2024 veniemus,
1672 1967 1720 2010 et
1759 1959 2084 2012 mansionem

507 2058 647 2127 apud
666 2073 783 2110 eum
816 2053 1074 2123 faciemus
1106 2054 1172 2107 “.

574 2149 826 2203 Adorabo
852 2147 921 2200 ad
945 2146 1195 2215 templum
1225 2157 1466 2200 sanctum
1507 2156 1654 2201 tuum
1686 2148 1740 2201 in
1764 2148 1951 2203 timore
1974 2155 2077 2204 tuo.

506 2241 791 2309 lttgressa,
818 2241 1023 2309 inquit,
1055 2239 1223 2293 multa
1256 2254 1380 2293 cum
1414 2241 1718 2295 reverentia
1759 2240 1997 2293 adorabo
2031 2240 2085 2291 in

510 2334 729 2401 timore.
776 2332 1065 2402 Templum
1093 2346 1221 2386 vero
1250 2339 1348 2386 aut
1380 2341 1659 2386 terrenum
1691 2332 1793 2386 hoc
1820 2333 2085 2400 intelligo,

488 2432 605 2498 _aut
653 2425 877 2480 ca-leste
909 2424 963 2478 in
997 2439 1109 2493 quo
1167 2423 1464 2479 adoratura
1509 2433 1614 2479 est.
1653 2422 1859 2479 Gentes
1891 2423 2092 2492 quippe

508 2515 740 2572 deorum
774 2532 1002 2572 suorum
1046 2516 1293 2571 delubris
1329 2516 1762 2587 intemperanter
1783 2516 2093 2570 abuteban-

510 2617 623 2673 tur,
653 2618 819 2677 atque
846 2608 1162 2665 inhoneSte.
1196 2608 1332 2663 Cum
1354 2617 1538 2663 autem
1563 2609 1829 2663 hactenus
1850 2607 2090 2662 Ecclesia

510 2701 769 2755 vitiorum
799 2716 1025 2771 genera,
1060 2715 1183 2771 quae
1208 2701 1274 2755 ad
1306 2701 1651 2771 propositum
1680 2715 1709 2752 a
1728 2715 1789 2756 se
1814 2710 2091 2769 sumptura

458 2802 463 2809 ’
511 2794 886 2863 pertinebant,
943 2795 1251 2849 narraverit
1304 2810 1402 2865 per
1460 2794 1669 2865 capita,
1743 2809 1918 2863 eaque
1980 2792 2090 2847 Deo

510 2899 639 2940 esse
668 2885 975 2941 ostenderit
1010 2885 1424 2951 abominabilia,
1458 2900 1606 2941 nunc
1646 2884 1715 2940 ad
1739 2886 1975 2954 seipsam
2004 2900 2088 2940 re-

2183 768 2412 822 ἀπατῶν
2449 768 2556 837 γὰρ
2577 809 2591 833 ,
2624 771 2720 823 καὶ
2748 768 2956 839 ῥίπτων
2986 770 3070 833 εἰς
3096 770 3363 835 κίνδυνον,
3399 770 3641 838 φονεύειν
3660 771 3748 824 δο-

2184 863 2290 915 κεῖ.

2268 951 2415 1022 Ἐγὼ
2442 952 2512 1006 δὲ
2536 952 2608 1006 ἐν
2628 952 2710 1015 τῷ
2738 953 2955 1019 πλήθει
2999 953 3108 1006 τοῦ
3136 952 3316 1007 ἐλέου
3349 969 3471 1007 σου
3491 956 3753 1007 εἰσελεύ-

2183 1061 2367 1114 σομαι
2395 1046 2473 1109 εἰς
2511 1044 2618 1096 τὸν
2643 1040 2813 1096 οἶκόν
2839 1059 2979 1096 σου.
3013 1042 3157 1110 Ἐγὼ
3199 1043 3256 1095 δὲ
3280 1042 3369 1095 διὰ
3402 1044 3462 1096 τὸ
3491 1043 3623 1097 πολύ
3656 1060 3749 1096 σου

2183 1137 2331 1202 ἕλεος
2368 1136 2747 1204 ἀπαλλαγεῖσα
2775 1135 2873 1205 τῆς
2901 1136 3133 1207 πλάνης,
3165 1136 3544 1207 εἰσελεύσομαι
3566 1138 3640 1199 εἰς
3662 1138 3751 1190 τὶν

2184 1226 2335 1284 οἶκόν
2370 1247 2484 1295 σου,
2533 1229 2594 1282 ὃν
2638 1231 2769 1299 πρὶν
2821 1229 3074 1300 ἀφρόνως
3106 1230 3514 1283 κατέσκαπτον.
3548 1230 3619 1282 Ἦ
3662 1229 3756 1282 καὶ

2185 1323 2361 1385 ἄλλως
2378 1339 2392 1353 ·
2425 1323 2863 1390 Εἱσελεύσομαι
2893 1324 2979 1387 εὶς
3011 1324 3117 1374 τεν
3136 1317 3306 1375 οἶκόν
3328 1337 3470 1387 σου,
3494 1322 3595 1391 τῆς
3619 1323 3757 1393 παρο

2186 1415 2383 1484 ρησίας
2410 1414 2615 1481 ταύτης
2631 1413 2946 1477 ἀξιωθεῖσα,
2973 1413 3036 1466 ού
3071 1413 3158 1466 διὰ
3181 1414 3278 1483 τὴν
3306 1414 3514 1466 οἰκείαν
3532 1415 3753 1483 ἀρετὴν,

2185 1506 2321 1560 ἀλλὰ
2363 1505 2452 1559 διὰ
2508 1504 2569 1560 τὸ
2608 1505 2699 1558 σδν
2739 1504 2902 1574 μόνον
2929 1503 3099 1566 ἕλεος.
3120 1504 3292 1567 πΤινές
3315 1504 3372 1556 δὲ
3406 1505 3652 1571 λέγουσιν
3672 1500 3755 1557 οἷο

2185 1615 2281 1652 κον
2324 1595 2460 1651 Θεοῦ
2493 1595 2586 1648 καὶ
2611 1597 2709 1665 τὴν
2738 1595 2990 1665 ἐνάρετον
3014 1592 3155 1650 εἶναι
3184 1594 3483 1648 πολιτείαν.
3527 1594 3760 1647 Ἐπανα-

2187 1689 2420 1743 παύεται
2448 1687 2560 1757 γὰρ
2594 1688 2686 1739 καὶ
2716 1690 2917 1740 ἐνοικεῖ
2949 1687 3078 1751 Θεὸς
3111 1689 3224 1750 τοῖς
3257 1685 3533 1756 μετιοῦσιν
3564 1686 3756 1756 αὐτὴν,

2186 1784 2260 1845 ὡς
2285 1783 2380 1836 καί
2404 1783 2461 1835 ἐν
2484 1784 2596 1844 τοῖς
2630 1780 2980 1848 Εύαγγελίοις
3001 1775 3154 1833 εἶπεν
3188 1782 3215 1833 ὁ
3235 1779 3425 1849 Σωτὴρ
3447 1778 3757 1831 ἐλεύσεσθαι

2191 1873 2329 1943 μετὰ
2353 1871 2448 1927 τοῦ
2481 1871 2714 1941 Πατρὸς,
2743 1871 2838 1924 καὶ
2880 1871 3047 1941 μονὴν
3080 1869 3414 1941 ποιήσασθαι
3463 1868 3613 1938 παρὰ
3646 1869 3760 1930 τοῖς

2188 1966 2380 2035 ἀξίοις.

2262 2147 2680 2218 Προσκυνήσω
2712 2146 2863 2214 πρὸς
2882 2147 3034 2200 γαόν
3068 2145 3177 2200 τὸν
3207 2145 3381 2213 ἅγιόν
3406 2160 3524 2199 σου
3549 2161 3619 2197 εν
3653 2143 3765 2213 5:6-

2192 2248 2272 2311 ϐῳ
2304 2260 2441 2297 σου.
2487 2238 2819 2293 Εἰσελθοῦσα
2856 2239 2913 2291 δέ
2966 2239 3105 2307 μετὰ
3155 2238 3336 2308 πάσης
3369 2235 3676 2300 εὐλαϐείας,
3706 2238 3764 2288 ἐν

2193 2337 2344 2408 φόϐῳ
2375 2335 2761 2404 προσκυνήσω,
2797 2332 2909 2385 εἴτε
2945 2332 3036 2393 τὸν
3062 2331 3305 2398 ἐπίγειόν
3338 2340 3431 2384 σου
3471 2329 3619 2394 ναὸν,
3653 2328 3764 2380 εἴτε

2189 2429 2279 2482 τὸν
2312 2427 2565 2497 ούράνιον
2591 2442 2605 2457 ·
2646 2426 2717 2479 τὰ
2757 2424 2865 2495 γὰρ
2913 2423 3041 2494 ἔθνη
3090 2423 3410 2485 ἀκολάστως
3454 2424 3572 2483 τοῖς
3619 2423 3770 2482 ναοῖς

2188 2519 2299 2572 τῶν
2353 2517 2492 2571 θεῶν
2540 2515 2721 2570 αύτῶν
2749 2512 3203 2584 ἐνασχημονοῦσι.
3258 2511 3401 2582 Πρὸς
3437 2510 3620 2581 μέντοι
3666 2509 3770 2577 τὴν

2192 2613 2327 2664 ἰδίαν
2358 2609 2618 2664 ὑπόθεσιν
2646 2609 2675 2661 ὀ
2710 2607 3005 2678 Προφήτης
3036 2605 3107 2660 τὰ
3144 2604 3257 2675 εῐδη
3293 2604 3393 2673 τῆς
3440 2603 3640 2663 κακίας
3674 2616 3768 2652 κερ

2190 2702 2660 2773 φαλαιωδέστερον
2683 2697 2949 2763 ἐπελθὼν,
2985 2697 3079 2752 καὶ
3116 2697 3301 2763 δείξας
3331 2694 3595 2765 pastum
3623 2689 3764 2758 Θεῷ,

2191 2795 2326 2867 πρὸς
2352 2793 2546 2848 ἑαυτὸν
2597 2791 2866 2853 ἐπάνεισι,
2905 2788 2998 2844 καὶ
3026 2786 3314 2859 λατρεύειν
3362 2782 3770 2852 ἐπαγγέλλεται

2188 2887 2429 2959 γνησίως
2468 2887 2563 2940 καλ⁵
2594 2882 2913 2956 προθύμως,
2934 2883 3033 2952 οὐχ
3070 2880 3146 2944 ὡς
3172 2879 3616 2948 δεδικαιωμένος,
3636 2872 3773 2928 ἀλλὰ

511 2977 771 3040 vertitur,
809 2992 875 3032 ac
911 2977 1204 3047 pollicetur
1258 2992 1385 3032 vere
1418 2992 1476 3031 se
1507 2986 1676 3046 atque
1734 2976 1994 3047 ingenue,
2037 2983 2092 3031 et

2203 2980 2266 3043 ii;
2299 2977 2619 3049 ἠλεημένος.
2655 2977 2715 3029 Et
2763 2975 2859 3028 καὶ
2886 2977 2944 3026 ἐν
2979 2969 3060 3037 οἷς
3087 2970 3336 3041 καταϐοᾷ
3364 2968 3473 3023 τῶν
3505 2968 3772 3038 ἁμαρτωο

512 3083 625 3123 non
662 3070 812 3138 pigre
849 3070 1034 3125 divino
1087 3068 1264 3124 cultui
1305 3070 1694 3124 inservituram
1725 3086 1739 3124 :
1772 3083 1875 3139 nec
1911 3079 2092 3123 tamen

2203 3072 2321 3138 λῶν,
2384 3072 2494 3125 οιαὶ
2548 3070 2740 3127 ἑαυτὸν
2784 3068 2995 3136 εἰσάγει
3061 3065 3139 3137 τῷ
3225 3063 3353 3132 θείῃ
3409 3061 3545 3132 ναῷ,
3609 3059 3774 3113 τοῦτο

515 3159 569 3215 id
602 3161 939 3231 dicit4veluti
983 3176 1105 3231 quae
1138 3176 1234 3231 per
1272 3161 1510 3231 seipsam
1541 3162 1838 3230 iustiﬁcata
1872 3165 1968 3231 sit,
1999 3163 2092 3220 sed

2203 3164 2434 3219 νοεῖσθαι
2459 3162 2666 3217 δίδωσι.

515 3267 779 3322 tanquam
839 3252 1277 3309 misericordiam
1339 3264 1639 3310 consecuta
1678 3256 1974 3325 :quamvis
2008 3256 2356 3311 inclamando
2386 3257 2654 3312 adversus
2682 3263 3030 3325 peccatores,
3091 3258 3145 3307 et
3213 3249 3455 3319 seipsam
3523 3248 3578 3302 in
3631 3253 3777 3300 tenta

515 3345 665 3410 plum
700 3343 787 3399 Dei
819 3343 1152 3406 inducendo,
1178 3343 1431 3399 videatur
1459 3345 1863 3414 quodammodo
1893 3347 2039 3401 aliud
2079 3347 2195 3419 (28}
2226 3348 2553 3419 signiﬁcare.

594 3439 760 3497 Vens.
793 3441 848 3496 9.
873 3439 1097 3494 Domine
1121 3441 1287 3496 deduc
1316 3457 1396 3495 me
1420 3443 1471 3496 in
1500 3440 1720 3510 justitia
1759 3452 1871 3494 tua.
1909 3439 2092 3496 Dedttc

2265 3444 2462 3511 Κύριε,
2500 3441 2810 3510 όὸιὶγησόν
2821 3456 2897 3510 με
2925 3442 2996 3495 ἐν
3013 3438 3088 3507 τῇ
3112 3437 3471 3504 δικαιοσύνῃ
3493 3436 3783 3492 caudis:-

521 3550 631 3598 nte,
662 3533 914 3599 Domine,
972 3550 1071 3603 per
1124 3550 1349 3590 manum
1410 3534 1535 3589 Filii
1586 3535 1705 3591 tui:
1743 3535 1859 3604 qui,
1913 3543 1971 3590 ut
2020 3536 2097 3589 ait

513 3625 838 3695 Apostolus,
900 3624 1117 3696 iustitia
1175 3633 1285 3691 est,
1339 3632 1393 3680 ct
1447 3625 1841 3690 sanctiﬁcatio,
1908 3632 1962 3682 et
2010 3641 2096 3682 re-

516 3717 761 3786 demptio
799 3718 845 3749 ⁸⁸
877 3734 893 3776 ι
928 3718 1013 3772 vel
1045 3718 1102 3771 in
1138 3718 1256 3788 lege
1293 3726 1386 3773 tua
1428 3733 1550 3788 quae
1584 3726 1672 3774 est
1718 3719 1957 3774 humana
1999 3717 2095 3787 ju—

518 3811 693 3866 stitia.

590 3901 817 3971 Propter
850 3901 1091 3955 inimicos
1147 3918 1286 3960 meos
1343 3901 1513 3972 dirige
1570 3903 1622 3955 in
1672 3919 1949 3973 conspectu
2007 3914 2097 3957 tuo

518 3997 659 4050 viam
696 4011 890 4048 meum.
916 3995 1157 4064 Propter
1190 3995 1436 4051 visibiles
1483 3995 1735 4052 inimicos
1773 4012 1950 4061 meos,
2000 3997 2096 4067 qui

522 4091 576 4142 in
609 4089 824 4143 seruilis
857 4088 993 4142 meis
1018 4087 1279 4142 scandala
1311 4088 1609 4153 seminam,
1638 4096 1692 4142 et
1727 4089 1953 4158 laqueos
1977 4097 2097 4142 ten-

521 4183 684 4246 dunt,
710 4181 968 4249 explana,
1002 4194 1213 4249 quaeso,
1241 4179 1491 4246 Domine,
1526 4181 1666 4234 viam
1691 4196 1865 4235 meam
1899 4181 1965 4234 ad
1999 4188 2051 4236 te
2080 4197 2096 4239 :

520 4274 595 4332 ila
637 4274 783 4327 enim
820 4271 1186 4342 Symmachus
1229 4271 1489 4327 reddidit.
1530 4271 1652 4338 Vel,
1692 4273 1873 4342 Dirige
1898 4288 1999 4338 me,
2030 4290 2099 4328 ne

518 4365 789 4421 declinem
823 4363 890 4418 ad
922 4364 1171 4418 dextram
1202 4372 1296 4419 aut
1324 4364 1601 4419 sinistram
1638 4376 1860 4435 propter
1905 4365 2097 4418 inimi-

518 4472 615 4513 cos
634 4472 806 4523 meos,
825 4456 917 4528 qui
942 4455 1178 4511 latenter
1198 4456 1253 4511 in
1278 4457 1493 4511 insidiis
1514 4472 1600 4512 me
1618 4458 1930 4511 observant.
1952 4455 2097 4511 Cou-

520 4568 717 4619 gt'ucre
746 4552 910 4605 etiam
954 4558 1187 4620 possunt
1218 4549 1333 4605 haec
1377 4551 1543 4605 verba
1580 4550 1681 4620 ipsi
1716 4551 1873 4604 beato
1906 4547 2094 4602 David.

594 4644 759 4699 Vens.
793 4644 880 4698 10.
916 4643 1181 4709 Quoniam
1220 4659 1322 4697 non
1360 4653 1437 4704 est
1473 4644 1525 4697 in
1556 4659 1646 4697 ore
1673 4659 1851 4697 eorum
1882 4642 2102 4705 veritas,

523 4752 612 4789 cor
638 4750 817 4788 eorum
850 4751 1043 4789 vanum
1087 4744 1188 4790 est.
1249 4735 1314 4790 Et
1371 4740 1712 4793 mentiuntur
1767 4737 1989 4793 assidue
2038 4744 2101 4790 ut

2200 3537 2523 3607 ραγώγησόν
2552 3552 2643 3606 με,
2673 3535 2761 3588 διὰ
2788 3533 2882 3589 τοῦ
2904 3533 3037 3588 Υίοῦ
3067 3549 3183 3597 σου,
3206 3533 3265 3594 ὃς
3285 3533 3400 3584 ἐστι
3430 3528 3781 3596 δικαιοσύνη.

2199 3629 2292 3685 καὶ
2318 3629 2613 3698 ἁγιασμὸς,
2645 3628 2739 3681 καὶ
2770 3614 3169 3697 ἀπολύτρωσις,
3204 3622 3346 3677 κατὰ
3378 3622 3467 3675 τὸν
3513 3621 3781 3672 Ἀπόστρ-

2196 3722 2308 3775 λον.
2343 3720 2451 3773 Καὶ
2504 3720 2561 3772 ἐν
2589 3717 2667 3789 τῷ
2727 3718 2805 3791 σῷ
2828 3719 3008 3788 νόμῳ·
3052 3716 3169 3769 ἐστι
3209 3713 3331 3784 -γὰρ
3383 3715 3417 3782 ἡ
3453 3709 3781 3780 ἀνθρωπίνη

2197 3818 2535 3889 δικαιοσύνη.

2270 3916 2493 3968 Ἕνεκα
2523 3910 2641 3965 τῶν
2674 3908 2904 3979 ἐχθρῶν
2934 3924 3078 3977 μου.
3111 3905 3487 3979 κατεύθυνον
3515 3901 3785 3957 ἐνώπιόν

2199 4020 2315 4059 σου
2339 4003 2454 4070 τὴν
2480 4001 2625 4056 ὀδόν
2639 4018 2781 4067 μου.
2813 3999 2911 4051 Διά
2938 3998 3065 4060 τοὺς
3095 3996 3328 4068 δρατοὺς
3375 3994 3472 4049 καὶ
3509 3992 3786 4063 ἀοράτους

2199 4096 2580 4168 ἐχθρούςμου,
2611 4093 2736 4154 τοὺς
2767 4089 3238 4161 κατασπείραντας
3264 4089 3327 4141 ἐν
3371 4087 3439 4156 τῇ
3465 4087 3640 4155 τρίϐῳ
3674 4099 3785 4153 μου

2201 4188 2473 4242 σκάνδαλα
2502 4186 2603 4239 καὶ.
2624 4185 2828 4253 πάγας,
2858 4182 3197 4253 ἐξομάλησον
3221 4181 3321 4251 τὴν
3359 4180 3480 4233 ὀδόν
3512 4195 3614 4248 μου
3640 4177 3788 4244 πρὸς

2200 4284 2262 4337 οέ
2286 4300 2298 4311 ·
2328 4280 2472 4334 οὕτω
2507 4281 2619 4347 γὰρ
2664 4278 2693 4330 ὁ
2726 4276 3021 4346 Σύμμαχος
3049 4275 3112 4328 τὸ
3164 4274 3551 4329 Κατεύθυνον
3591 4268 3791 4338 ἠρμής

2199 4368 2492 4422 νευσεν.“ΙΙ
2517 4367 2654 4418 ὥστε
2684 4365 2759 4435 μὴ
2789 4363 3056 4419 ἐκκλίνειν
3083 4364 3175 4417 ἐπὶ
3190 4362 3386 4431 δεξιὰῆ
3408 4358 3790 4429 ἐπ’ἀριστερὰ

2199 4458 2287 4511 διὰ
2312 4458 2435 4519 τοὺς
2467 4454 2840 4525 ἐνεδρεύοντας
2859 4454 3196 4517 ἐπιϐούλους.
3234 4454 3497 4524 Ἀρμόξει
3521 4452 3577 4505 δὲ
3604 4449 3793 4509 ταῦτα

2200 4550 2294 4604 καὶ
2321 4548 2398 4619 τῷ
2427 4548 2610 4603 Δαϐίδ.
3288 4538 3309 4563 χ

2226 4704 2233 4713 ε
2276 4643 2404 4695 Ὀτι
2433 4644 2543 4696 οὐκ
2575 4641 2749 4696 ἔστιν
2780 4642 2849 4696 ἐν
2876 4640 2957 4707 τῷ
2995 4644 3246 4711 στόματι
3284 4639 3486 4699 αὐτῶν
3504 4639 3793 4702 ἀλήθεια,

2201 4731 2300 4784 καὶ
2332 4733 2370 4799 ἠ
2402 4729 2616 4800 καρδία
2663 4730 2861 4787 αὐτῶν
2896 4732 3139 4800 ματαία.
3175 4730 3476 4785 Ψεύδονται
3521 4731 3655 4797 γὰρ,
3710 4728 3797 4791 ὡς

524 4825 744 4880 fallaces
782 4844 796 4880 :
835 4834 890 4881 et
921 4827 1135 4882 inutilia
1170 4843 1385 4899 semper
1438 4844 1503 4883 ac
1556 4842 1696 4882 vana
1754 4830 2000 4898 Cogitant
2039 4839 2092 4882 ut

2206 4823 2541 4888 ἀπατεῶνες,
2571 4825 2661 4876 καὶ
2691 4824 2925 4892 ἀνόνητα
2961 4823 3281 4892 μελετῶσιν,
3312 4822 3389 4886 ὠς
3419 4823 3671 4892 πονηροί.

525 4918 773 4987 maligni.

594 5009 763 5065 Vens.
801 5012 885 5066 ll.
943 5012 1258 5082 Sepulcrum
1315 5023 1497 5081 patens
1551 5026 1628 5068 est
1678 5023 1859 5085 guttur
1895 5030 2098 5069 eorum.

525 5103 753 5174 Propter
785 5115 1001 5159 mortua
1031 5107 1249 5161 illorum
1282 5106 1540 5176 dogmata
1587 5107 1694 5163 hoc
1731 5108 1888 5170 dicit,
1938 5116 1990 5160 et
2027 5106 2100 5161 ob

526 5196 744 5265 putidas
778 5197 1164 5253 haereticorum
1200 5199 1589 5269 blasphemias,
1618 5208 1673 5254 et
1704 5200 1990 5254 inhonesta
2016 5198 2099 5251 in-

525 5289 907 5356 temperantia:
930 5289 1117 5344 verba.
1152 5287 1245 5343 Vel
1277 5288 1439 5359 juxta
1471 5290 1779 5352 historiam,
1810 5288 1882 5343 ob
1912 5296 2099 5356 turpes

523 5381 914 5445 contumelias,
965 5389 1019 5435 et
1069 5380 1141 5436 ob
1169 5382 1377 5453 jurgia,
1442 5398 1563 5453 qua:
1614 5383 1667 5438 in
1719 5380 1891 5437 David
1951 5380 2099 5435 dicta

525 5469 679 5528 fuere
716 5475 783 5529 ab
811 5474 1072 5529 inimicis.
1099 5472 1371 5544 [Quorum
1404 5484 1614 5545 guttur,
1632 5489 1739 5529 non
1761 5482 1912 5529 tecta:
1936 5478 2099 5542 atque

2284 5008 2474 5077 Τόμος
2534 5004 2929 5075 ἀνεῳηιένος,
2967 5007 3000 5059 ό
3051 5004 3287 5074 λάρυγξ
3312 5001 3535 5057 αὐτῶν.
3582 4999 3797 5064 Τοῦτο.

2203 5100 2292 5154 διὰ
2316 5100 2383 5152 τὰ
2410 5098 2583 5167 νεκρὰ
2627 5098 2872 5167 δόγματα
2900 5098 2995 5150 καὶ
3020 5090 3116 5159 τὰς
3145 5095 3402 5157 δυσώδεις
3427 5094 3799 5164 βλασφημίας

2206 5195 2316 5246 τῶν
2357 5190 2670 5260 αἱρετικῶν,
2733 5189 2893 5259 ἦκαὶ
2921 5189 2988 5242 τὰ
3036 5187 3289 5256 μυδῶντα
3334 5187 3435 5257 τῆς
3484 5184 3801 5248 ἀκολασίας

2210 5285 2449 5354 ῥήματα,
2482 5282 2515 5351 ἢ
2556 5282 2649 5337 καὶ
2700 5280 2799 5345 τὰς
2824 5280 2966 5334 κατὰ
2995 5280 3091 5332 τοῦ
3116 5278 3281 5339 Δαϐὶδ
3309 5279 3538 5349 αἰσχρὰς
3572 5276 3804 5345 ὕϐρεις.

2210 5375 2284 5428 Ού
2314 5376 2423 5445 γὰρ
2469 5374 2889 5447 κεκαλυμμένος
2929 5373 3110 5427 ἐστίν·
3161 5372 3306 5428 οὓτω
3331 5372 3443 5442 γὰρ
3479 5370 3587 5442 (29)
3610 5370 3810 5440 αὐτὴν

2208 5468 2505 5538 δυσοσμίαν
2537 5469 2860 5539 συνέκρυϐε.

524 5577 730 5634 operta!
760 5567 1054 5637 sepulturze
1085 5565 1446 5637 comparavit,
1507 5566 1602 5622 sed
1646 5575 1847 5636 aperta:
1921 5579 1985 5620 ac
2042 5563 2272 5635 patenti,
2352 5570 2668 5630 tetrumque
2708 5561 2933 5642 odorem
2995 5558 3314 5634 emittcnti.]
3340 5560 3476 5616 Nam
3537 5558 3584 5616 si
3625 5572 3809 5629 oper-

527 5667 639 5712 tum
684 5670 833 5715 esset
870 5661 1211 5730 sepulcrum,
1249 5658 1635 5716 immunditias
1672 5674 1866 5715 omnes
1893 5668 1947 5714 et
1967 5671 2188 5729 gravem
2218 5654 2372 5710 illum
2404 5652 2662 5725 spiritum
2696 5654 2919 5710 celaret.

601 5777 646 5810 “
692 5776 853 5832 Joau.
888 5794 1001 5841 χειν,
1035 5780 1126 5833 25.
1183 5778 1228 5810 ⁸⁸
1263 5779 1436 5835 lCor.
1467 5796 1504 5847 ι,
1546 5779 1635 5835 50.

1858 5843 2058 5908 Variae
2082 5841 2415 5905 lectiones.

600 5948 710 6020 (‘28)
737 5948 923 6005 Graece
950 5950 1127 6017 τοῦτο,
1159 5951 1272 6007 hoc.

2288 5943 2400 6017 (29)
2439 5942 2763 6001 Addendum
2798 5953 2929 6016 puto
2963 5947 3051 6002 ἄν.
