3970 6560
239 375 349 440 105

1405 362 1798 426 COMMENT.
1834 359 1912 421 IN
1963 356 2327 421 PSALMOS.

3388 352 3487 422 106

312 484 452 550 Ταῖς
481 482 791 551 γλώσσαις
837 479 1035 534 αὐτῶν
1086 478 1471 535 ἐδολιοῦσαν.
1506 477 1574 531 El'
1598 494 1683 542 τις
1714 475 1813 543 μὲν

1987 470 2208 541 Linguis
2239 469 2351 523 suis
2381 467 2560 523 dolose
2582 466 2829 538 agebant.
2886 465 3065 521 DolOSt
3119 478 3310 521 omnes
3340 481 3488 522 mcu-

225 573 431 637 δόλιος,
460 566 615 634 οὗτος
641 572 734 626 καὶ
762 570 1022 640 ψεύστης·
1056 570 1155 623 οὐκ
1178 570 1232 622 εἴ
1254 588 1336 635 τις
1352 570 1409 624 δὲ
1438 569 1700 641 ψεύστης,
1721 563 1815 623 οὗ·

227 681 329 725 τος
353 664 447 717 καὶ
478 662 673 725 δόλιος.
723 661 783 715 Ἥ
830 661 939 730 γὰρ
963 660 1054 713 τοῦ
1081 661 1257 713 δολίου
1283 660 1615 730 κακουργία,
1649 660 1813 730 χαλε-

226 750 480 820 πωτέρα.
498 749 661 817 Λέγει
693 750 871 803 τοίνυν
902 750 983 801 ὅτι
1026 748 1355 814 Ἐπιϐούλως
1377 750 1497 805 κατ’
1527 748 1662 820 ἐμοῦ
1688 767 1813 803 ουν-

227 859 256 893 ε
264 842 534 911 μελέτων,
572 840 669 894 καὶ
693 840 1141 896 συνεσκέπτοντο.

308 957 537 1026 Κρῖνον
566 956 812 1021 αὐτοὺς,
839 958 873 1009 ό
919 955 1085 1022 Θεός.
1133 954 1378 1009 Τοιαῦτα
1404 954 1812 1024 ἐργαζομένους

230 1052 565 1116 κατακρινε,
593 1048 623 1100 ὁ
652 1045 829 1115 μισῶν
873 1045 1083 1107 πάντας
1120 1042 1397 1106 τοιούτους
1428 1042 1505 1107 ὡς
1535 1043 1647 1112 (30)
1680 1060 1817 1114 προ-

231 1136 535 1205 εδήλωσεν.

326 1245 828 1300 Ἀποπεσάτωσαν
875 1244 994 1300 ἀπὸ
1033 1244 1155 1299 τῶν
1194 1244 1554 1299 διαϐουλίων
1594 1243 1811 1299 αὐτῶν.

246 1338 669 1408 Ἀστοχήτωσαν
716 1336 824 1389 τῶν
860 1335 1263 1407 βουλευμάτων.

312 1454 473 1505 Κατὰ
506 1450 573 1503 τὸ
601 1449 835 1518 πλῆθος
864 1447 982 1501 τῶν
1011 1447 1301 1503 ἀσεϐειῶν
1331 1448 1527 1503 αυτῶν
1581 1448 1817 1513 ἐεωσον
1912 1448 1915 1449 ⁷

232 1543 484 1606 αὐτούς.
523 1542 621 1595 Διὰ
641 1540 737 1610 τὴν
761 1540 1014 1594 ἀσέϐειαν
1041 1540 1221 1593 αὐτῶν
1251 1540 1531 1605 Ἕξωσον
1561 1542 1811 1606 αὐτούς·

1922 562 2089 617 daces
2114 568 2268 626 sunt,
2301 574 2412 614 non
2445 559 2760 630 quicunque
2794 556 3027 614 mendax
3049 557 3214 613 etiam
3241 557 3490 613 dolosus.

1926 652 2045 709 Doli
2115 652 2321 706 ctenim
2386 650 2576 706 vitium
2634 663 2931 721 perversus
2994 658 3099 704 est.
3156 649 3247 704 Ait
3302 648 3489 719 igitur,

1923 746 2069 815 quod
2102 743 2333 800 insidias
2359 752 2413 799 et
2442 741 2599 797 dolos
2634 756 2737 796 una
2769 741 3038 797 adversus
3067 756 3185 794 eam
3233 748 3494 796 contexe-

1925 837 2079 890 bant.

1992 950 2190 1005 Judica
2222 950 2372 1015 illos,
2406 948 2575 1003 Deus.
2629 946 2736 1012 Tu,
2791 947 2985 1016 inquit,
3044 945 3137 1016 qui
3178 944 3496 1016 hujusmmli

1925 1042 2198 1103 homines.
2228 1057 2293 1095 ac
2321 1041 2451 1096 talia
2487 1047 2778 1110 operantes
2799 1038 2988 1104 odisti,
3021 1048 3080 1094 ut
3107 1052 3272 1109 supra
3309 1045 3497 1093 osten-

1923 1132 2080 1196 disti,
2111 1146 2208 1188 eos
2232 1132 2399 1188 etiam
2429 1130 2755 1187 condemna.

1994 1243 2255 1300 Decidant
2288 1262 2320 1297 a
2347 1242 2753 1315 cogitationibus
2783 1244 2914 1298 suis.
2951 1242 3065 1300 Hoc
3094 1250 3179 1299 est
3227 1243 3499 1300 frustren-

1927 1347 2013 1391 tur
2044 1338 2282 1409 propriis
2313 1336 2583 1392 consiliis.

1997 1452 2298 1506 Secundum
2352 1449 2745 1503 multitudinem
2805 1449 3133 1518 impietatum
3180 1465 3359 1503 eorum
3407 1461 3498 1501 ex-

1926 1542 2057 1609 pelle
2082 1559 2192 1597 eos.
2230 1541 2462 1610 Propter
2492 1540 2716 1595 illorum
2774 1539 3109 1609 impietatem
3144 1553 3260 1603 eos,
3298 1539 3497 1609 inquit.

235 1634 301 1687 ού
343 1634 451 1704 γὰρ
471 1633 673 1702 τιμῶσί
700 1649 758 1685 σε
780 1646 794 1661 ⁸
824 1633 915 1687 καὶ
947 1634 1022 1703 μὴ
1051 1633 1117 1687 δι’
1140 1634 1263 1704 ἐμὲ,
1298 1635 1347 1687 εἰ
1372 1635 1465 1687 καὶ
1496 1633 1586 1697 σὸς
1616 1635 1817 1705 κλῆρος

1944 1634 2170 1705 Expetle,
2200 1633 2327 1704 quia
2357 1642 2409 1687 te
2432 1647 2542 1687 non
2572 1640 2927 1687 venerantur.
2980 1630 3167 1702 Neque
3198 1632 3341 1686 enim
3366 1645 3497 1700 pro-

234 1725 373 1793 ἐγώ.
418 1726 487 1777 Ἦ
523 1725 619 1779 καὶ
670 1725 885 1789 ἄλλωςο
940 1726 1065 1781 ὅσον
1114 1728 1252 1780 εἰσὶν
1294 1727 1534 1794 ἁσεὸεῖς,
1565 1726 1820 1780 τοσοῦτον

1944 1736 2049 1797 iter
2076 1742 2162 1781 me
2182 1726 2236 1781 id
2269 1723 2558 1795 expostulo
2593 1742 2606 1778 :
2641 1724 2856 1778 tametsi
2883 1723 3153 1794 alioquin,
3186 1738 3307 1779 sors
3335 1733 3500 1794 atque

239 1819 442 1889 πόρῤω
470 1818 571 1888 τῆς
614 1818 713 1888 σῆς
756 1818 1043 1889 εὐμενείας
1093 1816 1544 1889 ἁπελαθήτωσαν.
1592 1820 1821 1888 Ἀσεόὴς

1946 1817 2219 1871 ιωτεάίιεε
2243 1823 2332 1868 tua
2355 1828 2457 1885 ego
2483 1827 2627 1870 sum.
2652 1810 2751 1867 Vel
2774 1812 2970 1868 aliter:
2998 1812 3217 1878 Quanto
3246 1811 3323 1868 illi
3345 1812 3501 1884 impii

234 1908 318 1972 δὲ,
352 1908 414 1960 οὐ
445 1909 605 1978 μόνον
635 1907 858 1976 ὁᾶθεος,
886 1908 1020 1964 ἀλλὰ
1047 1909 1143 1962 καὶ
1167 1909 1195 1960 ὁ
1222 1908 1295 1978 μὴ
1321 1910 1706 1980 προσηκόντως
1727 1914 1815 1962 τὸν

235 1999 373 2053 Θεὸν
407 2001 717 2071 σεϐόμενος.

311 2306 435 2357 Ὀτι
466 2303 917 2374 παρεπίκραναν
941 2318 1035 2369 σε,
1065 2305 1265 2373 Κύριε.
1297 2305 1372 2359 Οὐ
1402 2305 1557 2375 μέλει
1590 2322 1683 2377 μοι
1709 2307 1817 2376 γὰρ

237 2396 498 2450 τοσοῦτον
519 2396 659 2467 ὑπὲρ
688 2389 763 2451 ὧν
801 2397 880 2460 είς
914 2395 1014 2467 ἐμὲ
1040 2395 1307 2461 ποιοῦσιν,
1352 2395 1492 2450 ἀλλὰ
1537 2397 1678 2469 ὑπὲρ
1707 2397 1818 2451 τῶν

240 2488 350 2540 σῶν
404 2486 559 2555 ἀλγῶ
580 2504 595 2519 ο
632 2485 1052 2559 παρεπίκραναν
1077 2486 1184 2558 γάρ
1234 2503 1317 2549 σε,
1346 2486 1435 2540 διὰ
1473 2486 1544 2541 τὰ
1572 2491 1817 2561 προρῤηο

239 2578 407 2633 θέντα
444 2578 649 2633 τούτων
702 2577 1133 2649 ἐπιτηδεύματα.
1173 2577 1385 2642 ’Δλλως
1420 2594 1500 2632 τε⁶
1536 2580 1646 2634 Kal
1693 2581 1818 2651 ἐμοὶ

243 2672 629 2742 πολεμοῦντες,
664 2673 761 2735 τὰς
812 2670 913 2734 σὰς
968 2671 1187 2733 ἐντολὰς
1234 2669 1577 2739 φυλάττοντι,
1623 2671 1683 2725 σὲ
1728 2673 1817 2727 τὸν

241 2764 373 2834 ἐμὸν
407 2763 689 2835 Δεσπότην
714 2763 1238 2837 παραπικραίνουσι.

310 2965 421 3021 Kal
444 2965 957 3034 εὐφρανθήτωσαν
983 2966 1207 3034 πάντες
1236 2969 1290 3023 οι
1335 2968 1683 3034 ἐλπίζοντες
1721 2966 1819 3019 ἐπὶ

243 3056 336 3110 σέ.
370 3056 494 3110 Τῶν
525 3056 636 3110 σῶν
668 3056 779 3127 γὰρ
826 3056 1038 3126 ἐχθρῶν
1086 3057 1427 3129 ἁνιωμένων,
1481 3059 1531 3112 οἱ
1575 3058 1820 3123 εύσεόεἰς

1927 1911 2101 1983 magis
2137 1920 2287 1975 sunt,
2317 1918 2471 1966 tanto
2504 1924 2535 1963 a
2566 1917 2656 1963 tua
2692 1906 3074 1967 benevolentia
3109 1907 3325 1978 longius
3358 1904 3501 1976 abji-

1924 2003 2165 2057 ciantur.
2198 2002 2402 2072 Impius
2422 2015 2551 2056 vero
2576 2016 2687 2055 non
2718 1999 2808 2054 ille
2841 2007 3049 2053 tantum
3096 2009 3175 2056 est
3202 2000 3295 2071 qui
3330 1998 3500 2055 Deum

1925 2108 2034 2147 non
2060 2094 2213 2159 colit,
2252 2093 2347 2149 sed
2379 2101 2433 2148 et
2460 2093 2507 2148 is
2534 2092 2630 2162 qui
2667 2105 2775 2145 non
2808 2099 2867 2144 ut
2896 2090 3153 2160 congruit
3178 2106 3299 2146 eum
3332 2105 3501 2146 vene-

1925 2198 2096 2240 ratur.

1991 2300 2254 2367 Quoniam
2290 2302 2740 2356 exacerbauerunt
2778 2310 2848 2367 te,
2892 2300 3131 2354 Domine.
3188 2298 3304 2355 Non
3362 2298 3500 2352 adeo

1919 2393 2061 2448 mihi
2110 2406 2257 2448 cura:
2311 2400 2446 2448 sunt
2499 2405 2621 2463 quae
2672 2392 2963 2448 adversum
3020 2406 3107 2446 me
3173 2400 3494 2461 operantur,

1918 2496 2181 2554 quantum
2214 2484 2374 2540 doleo
2394 2483 2465 2539 oh
2491 2499 2553 2538 ea
2584 2499 2703 2554 qua:
2736 2493 2929 2538 contra
2952 2492 3005 2539 te
3041 2492 3231 2555 agunt.
3260 2482 3496 2537 Exacer-

1919 2576 2123 2633 barunt
2147 2576 2294 2631 enim
2320 2585 2369 2631 te
2388 2577 2443 2631 in
2465 2576 2689 2642 studiis,
2712 2587 2874 2646 atque
2898 2576 2953 2630 in
2977 2572 3495 2630 conversationibus

1920 2672 2060 2740 suis,
2090 2688 2228 2743 quas
2257 2671 2515 2741 superius
2541 2673 3117 2727 commemoravimus.
3155 2670 3252 2726 Vel
3282 2671 3443 2725 aliter
3477 2686 3492 2720 :

1920 2762 2059 2828 Quia
2120 2763 2593 2818 cxacerhavcrunt
2652 2771 2701 2816 le
2755 2759 3046 2815 Dominum
3091 2776 3297 2827 meum,
3364 2761 3495 2814 dum

1921 2853 2057 2908 mihi
2090 2854 2347 2909 mandata
2376 2863 2467 2908 tua
2491 2852 2809 2909 observanti
2842 2852 3056 2909 molesti
3091 2844 3322 2909 sunt”

1994 2965 2159 3022 Vens.
2191 2966 2278 3022 12.
2325 2965 2391 3020 Et
2441 2972 2691 3022 ta'tentur
2739 2983 2916 3021 omnes
2954 2966 3044 3037 qui
3074 2976 3291 3036 sperant
3336 2966 3394 3020 in
3444 2974 3495 3019 te

1923 3059 2153 3125 Quoties
2176 3058 2387 3114 inimici
2421 3058 2516 3116 Dci
2555 3074 2793 3115 interere
2826 3074 2890 3114 ac
2920 3059 3143 3115 tristitia
3166 3058 3497 3121 amciuntur,

244 3143 543 3206 ἀντιθέτως
566 3142 872 3212 χαίρουσιν,
899 3145 983 3198 ὃτι
1014 3146 1097 3199 σοὶ
1124 3147 1272 3217 μόνῳ
1292 3146 1646 3219 θαρροῦντες,
1667 3165 1817 3219 περι·

1944 3151 2115 3208 ldt-les
2146 3165 2208 3205 ac
2244 3151 2316 3222 pii
2349 3151 2669 3222 quicunque
2699 3160 2828 3205 sunt
2862 3165 2927 3205 ex
2955 3149 3183 3207 adverso
3214 3148 3455 3220 gaudent
3482 3167 3497 3203 :

248 3232 487 3300 γίνονται
509 3234 621 3288 τῶν
648 3234 920 3291 τοσούτων
953 3237 1048 3291 καὶ
1067 3237 1421 3309 τηλικούτων.

320 3414 424 3481 Εές
455 3418 645 3468 αιωνα
678 3414 1178 3485 ἀγαλλιάσονται.
1214 3417 1359 3470 ’Δντὶ
1398 3416 1493 3471 τοῦ
1537 3418 1825 3489 διηνεκῶς,

248 3508 413 3576 ἔγγὺς
440 3507 533 3562 ἀεὶ
563 3506 664 3577 τὴν
695 3507 794 3578 σὴν
825 3508 1175 3581 παράκλησιν
1200 3508 1438 3580 ἔχοντες.

315 3690 423 3746 Καὶ
452 3688 947 3757 κατασκηνώσεις
998 3690 1069 3744 ἐν
1098 3691 1325 3757 αὐτοῖς.
1370 3692 1828 3761 Ἐπαναπαυόμε-

252 3797 328 3834 νοι
345 3783 412 3852 τῇ
447 3780 748 3852 ὡραιότητι
777 3780 887 3835 τῶν
907 3780 1093 3851 ψυχῶν
1121 3782 1322 3835 αὐτῶν.
1349 3780 1675 3848 Ἐνοικήσω
1699 3783 1827 3853 γὰρ,

254 3872 431 3940 φησὶν,
473 3871 546 3925 ἐν
569 3871 796 3936 αὐτοῖς,
825 3870 925 3925 και
957 3871 1441 3939 ἐμπεριπατήσω,
1477 3873 1575 3927 καί
1613 3873 1828 3943 ἔσομαι

252 3961 451 4019 αὐτῶν
481 3961 647 4030 Θεὸς,
679 3962 778 4017 καί
811 3963 979 4018 αὐτοὶ
1004 3963 1253 4018 ἔσονταί
1275 3982 1378 4034 μοι
1400 3965 1570 4030 λαός.

321 4136 431 4189 Καὶ
454 4137 872 4205 καυχήσονται
912 4138 981 4192 ἐν
1009 4139 1134 4205 σοι,
1166 4142 1220 4193 οἱ
1240 4140 1589 4209 ἀγαπῶντες
1612 4141 1676 4196 τὸ
1707 4143 1831 4196 ὅνο-

250 4224 331 4290 μά
357 4240 495 4279 σου.
525 4226 672 4278 Διὸτι
702 4227 854 4297 μόνοι
883 4228 1121 4298 συνῆκαν
1151 4228 1240 4282 τὸν
1272 4228 1525 4301 ἀληθινὸν
1549 4230 1703 4298 Θεὸν,
1733 4232 1830 4286 καὶ

257 4319 334 4379 εἰς
362 4317 558 4370 τοῦτον
585 4319 747 4389 μόνον
777 4318 876 4382 τὰς
902 4319 1122 4384 ἐλπίδας
1147 4320 1414 4375 ἐνέθεντο.
1442 4324 1554 4379 Καὶ
1574 4323 1748 4388 ἄλλως
1774 4324 1830 4377 δὲ

254 4412 299 4462 oi
325 4411 650 4482 Χριστιανοὶ
678 4411 934 4466 τοσοῦτον
965 4414 1225 4482 ἀγαπῶσι
1248 4414 1349 4483 τὴν
1374 4413 1526 4467 θείαν
1560 4413 1655 4468 τοῦ
1685 4417 1826 4485 Χρι-

1931 3244 2078 3314 quod
2106 3244 2227 3299 solo
2254 3243 2374 3298 freti
2415 3244 2544 3307 Deo,
2587 3251 2771 3297 tantos
2803 3256 2867 3298 ac
2902 3242 3038 3297 tales
3084 3250 3345 3312 superent
3390 3240 3500 3296 ini-

1932 3339 2125 3392 nticos.

2004 3428 2069 3483 In
2117 3429 2367 3483 saeculum
2400 3426 2765 3482 exsultabant.
2794 3426 2905 3482 iloc
2935 3434 3261 3495 estsemper
3289 3434 3342 3481 et
3373 3440 3499 3496 per-

1932 3528 2119 3591 petuo,
2173 3535 2300 3576 cum
2360 3534 2530 3590 prope
2585 3528 2747 3589 atque
2798 3518 3020 3575 assidue
3071 3517 3498 3574 consolationem

1930 3623 2083 3669 tuam
2115 3614 2353 3669 habituri
2385 3615 2518 3669 sint.

2000 3704 2070 3759 Et
2109 3704 2379 3761 habilabis
2436 3706 2490 3759 in
2542 3705 2638 3760 eis.
2694 3703 3071 3775 Requiescens
3128 3702 3386 3758 nimirum
3443 3705 3501 3759 in

1931 3794 2342 3865 pulchritudine
2374 3796 2550 3866 latque
2598 3795 2869 3866 elegantia
2921 3794 3225 3849 animarum
3255 3809 3445 3849 eorum
3485 3811 3499 3847 :

1931 3883 2252 3939 lnhabitabo
2279 3886 2419 3938 enim
2446 3885 2597 3950 alibi,
2642 3885 2842 3955 inquit,
2894 3885 2947 3937 in
3002 3884 3097 3947 eis,
3145 3892 3196 3938 et
3258 3883 3504 3938 inambu-

1931 3976 2072 4041 labo,
2101 3985 2151 4030 et
2184 3992 2271 4030 ero
2312 3976 2532 4031 illorum
2573 3976 2735 4041 Deus,
2764 3987 2814 4031 et
2843 3978 2944 4045 ipsi
2984 3986 3138 4030 erunt
3173 3976 3302 4031 mihi
3335 3990 3502 4045 ροριιυ

1931 4066 2013 4121 lus
2041 4069 2109 4122 “.

2008 4160 2166 4215 Vens.
2206 4161 2295 4215 15.
2351 4164 2420 4215 Et
2477 4159 2854 4231 gloriabuntur
2899 4161 2953 4213 in
3012 4170 3081 4223 te,
3131 4163 3220 4230 qui
3273 4162 3503 4232 diligunt

1932 4267 2120 4305 nomen
2152 4260 2322 4305 tuum.
2356 4250 2492 4318 Quia
2529 4251 2739 4307 scilicet
2769 4251 2873 4322 ipsi
2919 4251 3022 4306 soli
3080 4250 3253 4306 Deum
3308 4267 3500 4309 verum

1933 4342 2348 4409 intellexerunt,
2381 4352 2546 4413 atque
2574 4343 2631 4398 in
2658 4342 2764 4399 hoc
2792 4343 2911 4398 solo
2956 4358 3108 4413 spem
3140 4359 3298 4398 suain
3332 4343 3503 4398 collo-

1933 4441 2151 4498 carunt,
2186 4432 2253 4488 Et
2287 4434 2449 4488 aliter
2497 4434 2797 4490 Christiani
2844 4434 2944 4489 viri
2997 4434 3243 4489 divinum
3291 4435 3500 4491 Christi

258 4502 378 4556 στοῦ
402 4502 619 4571 κλῆσιν,
649 4503 726 4565 ὡς
748 4502 857 4557 ἀπὸ
902 4503 1072 4575 μόνης
1099 4504 1305 4575 ταύτης
1337 4503 1513 4559 θέλειν
1561 4505 1823 4575 γνωρίζε-

1944 4514 2131 4579 nomen
2187 4525 2326 4579 adeo
2379 4524 2633 4595 diligunt,
2670 4535 2728 4580 ut
2783 4542 2848 4580 ex
2903 4527 2999 4581 illo
3055 4534 3265 4582 tantum
3327 4527 3503 4584 velint

258 4593 396 4659 σθαι,
444 4595 544 4647 καὶ⁵
577 4595 637 4646 ὲν
671 4593 817 4665 μόνῳ
876 4594 1097 4665 Χριστῷ
1152 4594 1484 4665 καυχῶνται,
1538 4596 1682 4650 κατὰ
1731 4595 1824 4648 τὸν

268 4684 592 4738 Ἀπόστολον
613 4700 627 4716 ·
682 4683 845 4755 Ἐμοί
874 4685 1005 4754 γὰρ,
1039 4687 1193 4756 φησι,
1213 4683 1300 4753 μὴ
1340 4684 1571 4753 γένοιτο
1602 4683 1832 4755 καυχᾶ-

258 4780 413 4842 σθαι,
435 4778 492 4830 ei
515 4776 603 4846 μὴ
631 4776 702 4830 ἐν
731 4776 812 4841 τῷ
844 4775 1082 4845 σταυρῷ
1123 4776 1227 4831 τοῦ
1249 4777 1474 4844 Κυρίου
1517 4775 1686 4844 ἡμῶν
1730 4776 1835 4845 ἰηο

258 4867 367 4921 σοῦ
405 4867 674 4938 Χριστοῦ
700 4906 717 4930 ,
759 4867 1036 4923 τουτέστιν
1069 4868 1127 4923 ὲν
1175 4868 1253 4939 τῷ
1282 4868 1649 4937 σταυρωθέντι
1690 4869 1828 4938 Χρι-

261 4975 387 5029 mp.

324 5049 457 5103 Ὀτι
487 5048 571 5104 σὺ
619 5048 977 5120 εὐλογήσας
1025 5051 1280 5117 δίκαιον,
1315 5050 1512 5119 Κύριε.
1564 5048 1637 5102 Οὐ
1673 5048 1833 5119 μόνον

262 5140 397 5193 κατὰ
422 5139 519 5194 τὸν
548 5141 793 5212 παρόντα
818 5142 931 5213 βίον
960 5142 1353 5213 ἀνακηρύττων
1374 5140 1560 5206 αὐτὸν,
1585 5140 1720 5194 ἀλλὰ
1739 5142 1833 5195 καὶ

265 5233 399 5285 κατὰ
429 5232 523 5287 τὸν
548 5233 836 5304 μέλλοντα,
862 5235 988 5289 ὅταν
1013 5237 1158 5304 ἐρεῖς
1177 5252 1191 5267 ο
1224 5234 1400 5290 Δεῦτε
1427 5236 1482 5289 οι
1501 5234 1832 5304 εὐλογημέ·

264 5342 351 5378 νοι
373 5325 481 5381 τοῦ
510 5325 746 5395 Πατρός
763 5343 905 5396 μου.
946 5327 1017 5380 Σὺ
1041 5326 1132 5382 οὖν
1164 5326 1481 5397 εύλογήσεις
1517 5323 1700 5392 αὐτὸν,
1736 5325 1832 5378 καὶ

1934 4616 2221 4685 cognosci.
2251 4615 2306 4671 In
2339 4617 2457 4671 solo
2489 4616 2692 4672 etenim
2726 4618 2949 4673 Christo
2970 4618 3128 4688 juxta
3179 4620 3504 4689 Apostolum

1933 4707 2266 4777 gloriantur,
2330 4706 2609 4763 dicentem
2654 4726 2667 4763 :
2706 4707 2840 4762 Mihi
2900 4720 3079 4765 autem
3121 4711 3259 4765 absit
3297 4722 3354 4766 ut
3398 4713 3505 4783 gloo

1934 4798 2060 4864 rier,
2086 4798 2192 4851 nisi
2218 4800 2273 4852 in
2296 4814 2449 4852 cruce
2477 4797 2696 4853 Domini
2722 4800 2890 4854 nostri
2908 4798 3039 4855 Iesu
3066 4799 3264 4856 Christi
3292 4802 3335 4833 ⁸⁷
3360 4816 3375 4868 ;
3403 4791 3506 4859 ho'c

1949 4899 2033 4944 est
2065 4889 2169 4945 nisi
2206 4890 2259 4944 in
2285 4889 2505 4946 Christo
2539 4891 2659 4961 ipso
2694 4890 2979 4947 cruciﬁxo.

2007 5062 2272 5129 Quoniam
2302 5072 2359 5118 tu
2388 5062 2658 5119 benedices
2669 5066 2845 5133 justo,
2866 5064 3104 5120 Domine.
3141 5065 3260 5121 Non
3293 5075 3503 5123 tantum

1934 5153 1988 5210 in
2023 5156 2281 5225 praesenti
2315 5156 2517 5212 seculo
2562 5165 2621 5212 tu
2646 5157 2731 5214 eis
2759 5158 3074 5224 benedices,
3102 5159 3289 5213 laudes
3314 5173 3505 5213 eorum

1937 5247 2200 5304 omnibus
2237 5260 2396 5304 natas
2428 5249 2660 5313 iaciens,
2700 5251 2797 5307 sed
2833 5259 2888 5306 et
2935 5252 2990 5306 in
3023 5252 3211 5305 futuro
3243 5269 3257 5305 :
3284 5252 3506 5321 quando

1930 5338 2151 5395 vocabis
2178 5340 2505 5407 eos,dicens
2536 5359 2551 5398 :
2591 5340 2787 5409 Venite,
2813 5343 3070 5399 benedicti
3096 5341 3284 5400 Patris
3314 5347 3416 5402 mei
3436 5348 3504 5402 ⁸⁸.

340 5524 384 5557 ⁸⁸
413 5525 598 5585 Levit.
642 5546 793 5596 τινι,
819 5530 924 5597 ης
958 5529 977 5585 l
1008 5528 1139 5586 Cor.
1175 5547 1250 5595 vt,
1285 5531 1371 5589 l6.
1465 5535 1513 5569 "
1551 5533 1731 5591 Galat.
1757 5551 1831 5604 vt,
1870 5537 1957 5593 Η.
2035 5538 2083 5571 ⁸⁸
2109 5540 2305 5609 Matth.
2358 5561 2484 5613 xxv,
2517 5544 2604 5598 54.

1599 5653 1798 5717 Variae
1847 5654 2151 5723 lectiones

339 5772 446 5842 (50)
478 5773 565 5829 ῑσ.
600 5772 1008 5843 προεδήλωσας.

579 5868 849 5936 Pauca.
891 5871 1008 5933 Gn.
1041 5870 1364 5935 CXXVIII.
