3956 6574
447 347 576 418 ’ἯῙἾ

1698 361 2090 426 'EUTHYMlI
2129 366 2496 434 ZIGABENI

3607 355 3729 443 its

467 463 550 518 'l‘u
587 463 770 533 itaque
803 461 1096 519 benedices
1143 463 1224 519 eis
1278 463 1497 520 tametsi
1552 466 1775 540 maligni
1823 480 2027 548 contra,

2145 481 2192 532 oi
2221 483 2452 553 πονηροὶ
2473 481 2660 538 τοῦτον
2683 483 2989 550 κακίζουσι.
3023 485 3341 559 Παρηγορεῒ
3371 486 3429 542 δὲ
3455 489 3512 544 ἐν
3542 491 3728 564 τούτῳ

457 553 548 606 eis
578 552 928 608 maledicam.
960 551 1280 623 llujnsmodi
1312 563 1495 609 autem
1525 556 1703 614 verbis
1725 573 1821 617 cos
1845 576 2039 618 conso-

451 646 612 700 Jatur
642 646 736 714 qui
768 653 994 715 propter
1031 646 1296 701 virtutem
1329 647 1687 719 blasphemiis
1715 667 1778 708 ac
1811 655 2040 712 maledi-

461 739 744 793 ctionibus
779 737 965 806 impeti
995 739 1194 793 solent.

523 828 608 884 Ἧι
647 839 795 884 scuto
823 831 973 884 bona:
1001 831 1293 887 voluntatis
1330 837 1599 890 coronasti
1632 853 1749 892 nos.
1795 837 1900 904 Tu,‘
1938 839 2041 894 Do-

449 923 632 986 mine,
660 922 864 992 inquit,
899 925 1150 980 muniisti
1181 941 1286 983 nos
1319 926 1498 995 valde,
1543 940 1596 984 et
1627 929 2038 987 circumdedisti

459 1030 628 1071 cruce
663 1023 778 1084 tua,
813 1032 938 1087 quae
972 1029 1192 1074 scutum
1223 1029 1318 1077 est
1349 1021 1507 1078 bonae
1557 1023 1855 1080 voluntatis
1890 1043 1904 1081 :
1936 1026 2040 1082 hoc

446 1115 546 1164 eest
577 1117 795 1164 scutum
841 1111 939 1165 tibi
987 1121 1209 1183 gratum
1251 1127 1316 1168 ac
1346 1114 1630 1183 placitum.
1679 1115 2040 1172 Animadver-

451 1201 690 1256 v-tendum
723 1212 910 1259 autem
937 1213 1021 1259 est
1073 1220 1195 1262 esse
1233 1205 1383 1262 hunc
1421 1207 1716 1277 quemdam
1777 1209 2037 1280 loquendi

464 1291 684 1346 modum
727 1293 872 1362 apud
906 1308 1122 1349 sacram
1155 1293 1522 1367 Scripturam,
1575 1314 1684 1368 quo
1739 1299 1913 1369 [ilium
1939 1316 2038 1368 po-

443 1385 641 1437 dentice
661 1385 845 1440 dicere
871 1387 1010 1440 solet
1033 1402 1135 1457 pro
1165 1396 1484 1458 potentem;
1512 1402 1587 1456 et,
1620 1393 1788 1444 virum
1820 1393 2039 1462 sangui-

447 1491 586 1528 num
622 1491 722 1547 pro
750 1477 1206 1546 sanguinarium;
1249 1479 1514 1533 hominem
1546 1481 1710 1536 etiam
1742 1482 1888 1552 pacis
1937 1483 2039 1536 hoc

446 1565 546 1622 'cst
569 1568 859 1638 paciﬁcum
901 1588 917 1626 :
950 1571 1024 1624 ita
1079 1579 1132 1624 ct
1167 1571 1274 1637 hic,
1312 1582 1523 1626 scutum
1559 1571 1711 1627 bona:
1753 1574 2036 1628 voluntatis

447 1675 564 1734 pro
609 1670 824 1714 scutum
857 1660 1120 1730 placitum
1161 1671 1214 1716 et
1249 1661 1386 1717 bene
1415 1670 1650 1733 gratum.
1693 1660 1840 1718 Ordo
1871 1666 2034 1718 etiam

459 1749 554 1804 list
581 1749 687 1806 hoc
719 1751 878 1806 modo
909 1769 924 1806 ε
961 1750 1207 1807 Muniisti
1237 1769 1358 1818 nos,
1397 1753 1651 1820 Domine,
1671 1755 1915 1825 potentia
1942 1764 2036 1809 tua

2141 570 2267 634 τοὺς
2287 570 2375 624 διὰ
2411 573 2512 642 τὴν
2546 573 2745 645 ἀρετὴν
2769 573 3315 646 βλασφημουμένους.

2224 836 2321 904 Ὧς
2366 837 2532 902 ὅπλῳ
2575 838 2858 906 εὐδοκίας
2907 837 3336 910 ἐστεφάνωσας
3366 844 3543 914 ἡμας.
3585 845 3729 899 Δίαν

2138 929 2458 992 ὲκύκλωσας
2487 933 2582 983 καὶ
2612 931 3018 1001 περιετείχισας
3052 934 3202 1001 ἡμᾶς
3230 933 3316 1004 τῷ
3358 935 3600 1008 σταυρῷ,
3635 937 3723 1008 τῷ

2138 1021 2290 1092 ὅπλῳ
2315 1022 2414 1090 τῆς
2441 1021 2712 1087 εὐδοκίας,
2737 1024 2855 1094 ἦτοι
2875 1025 2975 1095 τῆς
3002 1027 3242 1097 ἀρρήτου
3265 1028 3574 1099 οἰκονομίας
3597 1045 3725 1088 σου.

2142 1113 2213 1166 Ἦ
2258 1114 2352 1166 καὶ
2377 1115 2574 1168 ὅπλον
2600 1116 2902 1183 εὐδοκίας,
2963 1117 3026 1170 τὸ
3072 1118 3360 1188 εὐδόκιμον
3392 1121 3554 1174 ὅπλον
3581 1123 3728 1176 ὑπο-

2138 1205 2394 1277 ληπτέον.
2427 1208 2673 1279 Συνήθης
2701 1209 2812 1279 γὰρ
2849 1212 2914 1280 τῇ
2948 1210 3164 1281 Παλαιᾷ
3187 1213 3281 1266 καὶ
3322 1207 3483 1276 οὗτος
3512 1215 3540 1267 6
3583 1227 3727 1284 σχη-

2143 1300 2445 1370 ματισμός·
2473 1299 2610 1353 υἱὸν
2673 1300 2785 1371 γὰρ
2815 1301 2974 1354 καλεῖ
3004 1301 3316 1371 δυνάμεως
3349 1306 3436 1356 τὸν
3466 1305 3721 1371 δυνατὸν,

2139 1390 2232 1443 καὶ
2279 1390 2468 1459 ἄνδρα
2501 1391 2795 1460 αἱμάτων,
2816 1393 2908 1446 τὸν
2947 1396 3183 1463 ,φονικὸν
3206 1435 3222 1460 ,
3256 1397 3352 1448 καὶ
3401 1396 3727 1464 ἄνθρωπον

2138 1480 2404 1549 είρήνης,
2431 1481 2519 1534 τὸν
2548 1482 2843 1552 εἰρηνικόν.
2883 1480 2988 1536 Καὶ
3019 1483 3344 1538 συντακτέον
3373 1482 3578 1547 οὕτως’
3608 1485 3724 1537 Πε-

2140 1572 2469 1644 ριετείχισας
2496 1572 2642 1642 ἡμᾶς
2667 1574 2735 1643 τῇ
2763 1571 2992 1642 δυνάμει
3040 1589 3157 1636 σου,
3185 1570 3437 1643 καθάπερ
3467 1575 3524 1625 ὲν
3565 1573 3722 1644 ὅπλῳ

2139 1663 2407 1733 εύδοκίμῳ
2436 1662 2530 1714 καὶ
2561 1658 2825 1732 στερρεῷ.
2855 1660 3102 1731 Στεφάνη
3134 1658 3264 1730 γὰρ,
3293 1661 3320 1712 6
3345 1659 3544 1722 κύκλος
3567 1676 3581 1691 ο
3614 1678 3718 1713 κυ-

2139 1751 2400 1822 κλοτερὴς
2428 1751 2506 1817 δὲ,
2538 1751 2631 1802 καὶ
2659 1753 2686 1802 ὁ
2719 1747 3019 1820 τειχισμός.

447 1845 622 1915 .quasi
659 1856 816 1900 scuto
845 1845 1080 1917 quodam
1105 1847 1337 1916 probato
1369 1863 1432 1902 ac
1461 1847 1610 1905 forti.
1645 1849 1862 1906 Corona
1883 1849 2030 1906 enim
2072 1848 2362 1906 circularis
2385 1849 2576 1904 formae
2603 1853 2728 1912 est;
2761 1855 2816 1902 et
2844 1846 3179 1902 munitiones
3211 1849 3374 1903 etiam
3435 1863 3542 1920 per
3607 1847 3720 1903 cir-

449 1935 646 1990 culum
671 1945 834 2008 atque
862 1937 916 1992 in
941 1938 1179 1992 circuitu
1219 1937 1337 1993 fieri
1373 1938 1572 1996 solent.

445 2029 528 2083 ἐκ
577 2027 735 2099 finem
794 2028 846 2082 in
919 2028 1128 2100 hymnis
1197 2045 1292 2100 pro
1370 2039 1555 2085 octava
1626 2031 1865 2099 psalmus
1927 2033 2027 2103 ipsi

2134 2033 2233 2098 Είς
2266 2029 2332 2083 τὸ
2361 2026 2534 2094 τέλος
2557 2026 2873 2096 ἐνζῧμνοις,
2901 2025 3055 2094 ὑπὲρ
3081 2025 3191 2094 τῆς
3207 2017 3444 2097 ὀγδόης,
3470 2027 3722 2098 Ψαλμὸς

1149 2121 1339 2178 David.

1005 2211 1329 2268 PSALMUS
1384 2213 1470 2268 Vl.

530 2302 672 2368 Quid
701 2301 974 2372 significet
1019 2302 1086 2358 In
1137 2306 1293 2372 ﬁnem
1348 2307 1557 2362 dictum
1611 2317 1696 2363 est
1735 2325 1747 2361 :
1781 2310 2032 2378 praesenti

445 2409 590 2448 vero
628 2393 842 2463 psalmo
874 2395 1058 2449 laudat
1089 2411 1152 2450 ac
1185 2397 1500 2468 magnilicat
1528 2398 1694 2454 Deum
1720 2399 1988 2472 PrOpheta
2015 2415 2032 2457 :

449 2494 724 2555 rogatque
754 2495 810 2542 et
843 2501 1036 2556 preces
1069 2485 1249 2542 fundit
1283 2505 1384 2558 pro
1423 2498 1643 2555 octava,
1676 2491 1782 2547 hoc
1813 2499 1898 2547 est
1933 2507 2034 2563 pro

447 2575 647 2630 futuro
673 2576 896 2632 saeculo.
927 2575 1182 2633 Praesens
1213 2579 1360 2632 enim
1407 2580 1668 2634 saeculum
1727 2582 2034 2638 revolutum

445 2682 524 2723 ac
554 2668 904 2736 completum,
938 2677 993 2723 et
1037 2670 1195 2739 quasi
1229 2669 1582 2726 hebdomadas
1621 2685 2036 2729 commcnsura-

447 2769 599 2826 tum,
633 2761 944 2828 septenario
973 2761 1226 2831 signatur
1258 2775 1512 2826 numero,
1545 2773 1597 2818 et
1625 2765 1915 2836 septimum
1950 2765 2034 2820 di-

446 2850 633 2916 citur;
673 2849 916 2905 futurum
943 2866 1072 2906 vero
1094 2852 1358 2907 saeculum
1409 2862 1666 2908 octavum
1699 2856 2032 2927 appellatur,

455 2940 626 2994 ueluti
657 2940 804 3011 quod
827 2942 1127 3012 septimum
1173 2944 1446 3013 sequitur.
1486 2946 1545 2998 ln
1583 2959 1815 3014 persona
1848 2955 2029 3004 autem

453 3047 568 3096 non
591 3044 690 3086 sua
723 3039 935 3086 tantum
965 3031 1266 3101 Pr0pheta,
1301 3035 1396 3089 sed
1419 3043 1474 3089 et
1506 3036 1756 3090 omnium
1783 3049 2029 3093 nostrum

453 3123 637 3182 fundit
673 3138 863 3192 preces
899 3123 964 3179 ad
1014 3122 1206 3188 Deum,
1239 3126 1334 3194 qui
1381 3126 1437 3181 in
1467 3126 1652 3182 futuro
1685 3129 1782 3184 illo
1833 3131 2034 3186 saeculo

455 3230 648 3270 omnes
667 3215 1014 3285 iudicaturus
1047 3227 1149 3271 est.
1186 3215 1344 3272 Hunc
1371 3225 1552 3274 autem
1581 3221 1856 3290 psalmum
1885 3237 2032 3277 com-

2767 2117 2849 2184 τῷ
2882 2117 3079 2172 Δαὸίδ.

2731 2209 3024 2263 “mox
3060 2210 3152 2276 cr.

2211 2304 2276 2358 Ti
2307 2302 2406 2374 μὲν
2421 2301 2570 2372 δηλοῖ
2593 2297 2656 2355 τὸ
2687 2300 2790 2367 είς
2813 2300 2882 2353 τὸ
2911 2298 3112 2366 τέλος,
3133 2299 3481 2372 προείρηται.
3498 2300 3723 2373 ’Υμνῶν

2139 2389 2197 2447 δὲ
2228 2395 2320 2446 καὶ
2366 2392 2688 2463 μεγαλύνων
2736 2391 2829 2445 τὸν
2867 2391 2998 2445 Θεὸν
3033 2393 3062 2445 6
3092 2393 3405 2463 προφήτης,
3435 2392 3576 2464 ὑπὲρ
3615 2395 3722 2464 τῆς

2139 2483 2332 2554 ὀγδόης
2363 2485 2690 2556 παρακαλεῖ,
2735 2484 3037 2548 τουτέστιν,
3093 2485 3236 2555 ὑπὲρ
3285 2483 3380 2538 τοῦ
3431 2485 3722 2556 μέλλοντος

2137 2577 2354 2641 αἰῶνος.
2383 2575 2650 2648 Ἕϐδομος
2683 2579 2791 2649 γὰρ
2812 2579 2840 2630 6
2870 2577 3080 2646 παρὼν,
3136 2577 3284 2640 ὅστις
3319 2577 3576 2647 ὲόδομάδι
3625 2594 3722 2648 με-

2134 2669 2459 2740 τρούμενος,
2495 2671 2590 2724 καὶ
2638 2669 3132 2740 ἀνακυκλούμενος,
3161 2670 3254 2723 καὶ
3295 2669 3722 2741 συμπληρούμε-

2135 2777 2254 2824 vo,"
2283 2760 2466 2829 ὄγδοος
2491 2759 2549 2814 δὲ
2581 2762 2806 2827 ἐκεῖνος,
2840 2759 2917 2823 ὡς
2951 2759 3090 2832 μετὰ
3121 2759 3211 2813 τὸν
3247 2759 3476 2829 ἕϐδομον
3501 2760 3720 2816 τοῦτον.

2137 2851 2213 2908 Ού
2245 2851 2525 2923 προσώπῳ
2550 2851 2606 2904 δὲ
2637 2849 2797 2921 μόνον
2835 2850 2972 2920 ίδίῳ,
3011 2850 3146 2904 ἀλλὰ
3171 2849 3264 2903 καὶ
3304 2851 3522 2904 πάντων
3552 2852 3717 2921 ἡμῶν

2135 2944 2402 3017 προσάγει
2423 2942 2502 3013 τῷ
2541 2945 2726 3013 κρῖναι
2769 2941 3069 3012 τηνικαῦτα
3104 2942 3352 3013 μέλλοντι
3391 2942 3585 3016 Κυρίῳ
3617 2947 3721 3011 τίν

2135 3037 2344 3108 δέησιν.
2384 3034 2630 3099 Ἐξέθετο
2668 3033 2727 3087 δὲ
2758 3032 2852 3086 τὸν
2902 3033 3138 3103 ψαλμὸν,
3197 3038 3525 3107 πειρασμοῖς
3560 3052 3720 3104 περι-

2138 3129 2372 3200 σχεθεὶς,
2445 3126 2816 3196 ἐπενεχθεῖσιν
2881 3125 3033 3197 αὐτῷ
3087 3126 3178 3181 διά
3219 3142 3345 3181 τινα
3385 3127 3719 3199 πλημμελή-

2140 3239 2308 3291 ματα.

445 3307 640 3377 .posuit
673 3306 864 3364 beatus
891 3306 1058 3362 David
1084 3317 1376 3376 postquam
1403 3307 1459 3362 in
1493 3309 1784 3380 angustias
1817 3321 1982 3382 atque
2021 3312 2077 3366 in
2125 3302 2451 3367 aﬂlictiones
2487 3311 2715 3377 decidit,
2757 3326 2879 3381 qua:
2913 3311 2964 3366 ei
3033 3312 3104 3365 ob
3140 3319 3365 3379 peccata
3440 3311 3563 3380 ejus
3614 3311 3719 3366 ob-

448 3405 740 3453 venerant.

529 3488 689 3545 Vsus.
721 3489 776 3544 ἢ.
808 3489 1052 3554 Domine,
1085 3508 1148 3543 ne
1180 3491 1232 3543 in
1257 3489 1437 3559 furore
1461 3500 1551 3544 tuo
1579 3505 1775 3561 arguas
1809 3508 1909 3557 me,
1937 3509 2027 3546 ne-

2202 3490 2403 3556 Κύριε,
2430 3485 2516 3556 μὴ
2547 3485 2626 3552 τῷ
2673 3485 2836 3555 θυμῷ
2867 3499 2986 3540 σου
3019 3485 3277 3556 ἐλέγξῃς
3300 3501 3398 3554 με,
3449 3487 3607 3555 μηδὲ
3639 3486 3718 3555 τῇ

443 3600 551 3651 .que
578 3585 632 3637 in
659 3584 741 3636 ira
775 3593 865 3636 tua
899 3584 1164 3650 corripias
1198 3597 1296 3635 me.
1331 3581 1440 3637 Sed
1484 3583 1760 3652 quomodo
1799 3583 2027 3655 legimus

446 3677 597 3745 apud
641 3676 859 3729 beatum
879 3671 987 3728 Job
1031 3691 1047 3727 :
1091 3673 1290 3727 Beatus
1345 3675 1500 3730 Itonia
1551 3691 1704 3746 quem
1756 3676 2026 3747 redarguit

457 3769 716 3822 Dominus
753 3770 806 3820 in
863 3776 1006 3820 terra
1035 3768 1078 3798 ⁸⁸
1108 3786 1123 3833 ;
1160 3777 1218 3822 el.
1257 3769 1536 3838 quomodo
1568 3769 1688 3840 ipse
1727 3769 1892 3824 etiam
1920 3770 2026 3824 Da-

442 3862 541 3914 οἱα
573 3861 698 3914 alibi
737 3859 918 3913 dixit:
955 3858 1146 3913 Beatus
1185 3859 1337 3914 homo
1388 3876 1541 3929 quem
1589 3871 1647 3914 tu
1675 3861 2021 3928 corripueris,

445 3951 788 4008 Domine”?
815 3951 1010 4004 Verum
1036 3951 1140 4004 huc
1179 3953 1230 4004 in
1263 3951 1383 4006 loco
1408 3951 1673 4023 Propheta
1703 3967 1810 4007 non
1835 3967 2026 4022 repre-

453 4043 616 4098 hendi
645 4045 827 4097 renuit
860 4054 953 4095 aut
1004 4042 1261 4112 castigari
1295 4058 1324 4096 ιι
1355 4042 1485 4107 Deo,
1521 4043 1614 4097 sed
1648 4040 1793 4113 quod
1847 4042 2024 4113 poscit

449 4137 508 4192 id
539 4145 749 4192 tantum
782 4146 890 4201 est,
931 4151 999 4190 ne
1061 4151 1183 4190 cum
1242 4135 1620 4207 indignatione
1656 4138 2021 4208 redarguatur

438 4239 544 4284 .nut
575 4227 826 4283 eumira.
857 4227 994 4282 Nam
1020 4241 1145 4281 cum
1183 4227 1588 4283 intolerabilem
1624 4243 1752 4284 esse
1807 4228 2022 4285 noverit

438 4321 588 4374 :iram
622 4317 736 4384 Dei,
783 4319 940 4373 timet
963 4335 1031 4373 ne
1059 4319 1128 4372 ab
1167 4333 1231 4374 ea
1264 4333 1496 4388 prorsus
1547 4320 1816 4389 perdatur
1847 4335 1863 4374 :
1905 4335 2023 4374 mo-

441 4411 578 4466 dice
624 4417 806 4464 tamen
841 4409 1044 4479 corripi
1093 4416 1268 4479 Optat,
1331 4418 1390 4464 ut
1445 4410 1725 4479 probatior
1770 4410 2019 4478 ell‘ectus,

443 4503 632 4557 Iuturi
660 4501 854 4572 iudicii
882 4516 1072 4570 poenas
1103 4501 1301 4556 melius
1327 4499 1572 4572 eli'ugiat.
1611 4502 2022 4571 Conscquenter

431 4595 613 4650 etiam
654 4601 783 4665 post
815 4592 1287 4662 redargutionem,
1317 4594 1734 4662 correptionem
1786 4593 2020 4661 subj-un-

445 4688 532 4740 ait
560 4702 574 4739 :
616 4693 670 4741 et
698 4699 1015 4755 quanquam
1040 4683 1188 4738 Deus
1215 4698 1244 4737 ο
1284 4684 1468 4740 lurore
1489 4695 1542 4740 et
1563 4685 1642 4739 ira
1673 4694 1728 4742 et
1763 4687 1834 4739 ab
1864 4685 2016 4740 omni

436 4792 678 4848 .prorsus
724 4776 979 4846 passione
1015 4775 1151 4830 liber
1185 4776 1281 4848 sit,
1307 4777 1587 4846 propheta
1625 4785 1803 4832 tamen
1848 4793 2018 4847 smpe-

2135 3579 2283 3649 ὀργῆ
2305 3594 2420 3633 σου
2442 3578 2774 3644 παιδεύσῃς
2803 3594 2900 3646 με.
2931 3579 3040 3629 Καὶ
3073 3577 3180 3648 μὴν
3217 3579 3274 3632 ὲν
3312 3581 3378 3649 τῇ
3407 3578 3574 3649 βίϐλῳ
3616 3581 3716 3632 τοῦ

2146 3671 2263 3724 Ἰὼϐ
2292 3671 2621 3740 γέγραπταιο
2680 3667 2986 3736 Μακάριος
3016 3667 3326 3736 ἄνθρωπος
3375 3668 3450 3722 ὃν
3490 3669 3718 3740 ἤλεγξε

2133 3763 2346 3832 Κύριος
2375 3761 2474 3815 ἐπὶ
2505 3761 2617 3829 τῆς
2664 3760 2846 3830 ὀργῆς
2867 3778 2880 3791 ’
2921 3762 3018 3814 stati.
3042 3761 3204 3825 αὐτὸς
3237 3761 3294 3814 δέ
3323 3778 3488 3833 φησιν
3514 3764 3572 3817 ἐν
3619 3764 3715 3817 ἄλ-

2131 3855 2272 3918 λοιςο
2307 3853 2608 3923 Μακάριος
2661 3854 2973 3921 ἄνθρωπος
3001 3853 3074 3907 ὃν
3101 3853 3182 3907 ἂν
3207 3853 3566 3923 παιδεύσῃς.
3595 3857 3715 3909 Κύ-

2122 3963 2236 4017 ριε.
2278 3947 2353 4000 Ού
2392 3937 2583 4016 φεύγει
2616 3944 2746 4014 γοῦν
2771 3945 2862 3999 τὸν
2891 3944 3134 4016 ἔλεγχον,
3175 3947 3296 3999 οὐδὲ
3322 3945 3423 4018 τὴν
3458 3947 3712 4002 παιδείαν

2129 4039 2349 4102 ἁπλῶςο
2383 4039 2516 4092 ἀλλὰ
2550 4037 2638 4091 τὸν
2685 4037 2825 4108 μετὰ
2859 4038 3053 4108 θυμοῦ,
3085 4039 3179 4092 καὶ
3225 4039 3315 4091 τὸν
3349 4041 3467 4108 μετ’
3509 4039 3708 4109 ὀργῆς,

2130 4131 2217 4186 ίνα
2249 4131 2323 4202 μὴ
2357 4131 2436 4202 τῷ
2466 4130 2776 4201 ἀνυποίστῳ
2809 4130 3175 4202 διαφθαρείη·
3212 4130 3346 4185 ἀλλὰ
3378 4132 3456 4202 τῷ
3495 4135 3712 4203 μετρίῳ

2131 4220 2354 4292 βελτίων
2381 4223 2690 4292 γενόμενος,
2723 4221 2938 4293 ἐκφύγῃ
2968 4223 3068 4284 τὰς
3101 4222 3161 4274 ὲν
3181 4224 3246 4291 τῇ
3285 4221 3556 4294 μελλούσῃ
3591 4223 3712 4293 κρί-

2127 4330 2212 4367 σει
2245 4313 2513 4376 κολάσεις.
2561 4313 2894 4378 ’Δκολούθως
2923 4315 2978 4367 δὲ
3010 4314 3089 4382 τῷ
3116 4315 3324 4386 ἐλέγχῳ
3344 4316 3443 4386 τὴν
3481 4317 3710 4370 παίδευ-

2129 4421 2212 4458 σιν
2255 4404 2331 4468 Lb;
2359 4405 2632 4474 ἑπομένην
2677 4404 2929 4469 ἐπέταξε.
2958 4405 3031 4457 Τὸ
3062 4405 3218 4458 Θεῖον
3246 4406 3322 4468 δὲ,
3374 4407 3468 4459 καὶ
3497 4406 3702 4478 θυμοῦ,

2114 4492 2219 4544 -καὶ
2249 4493 2447 4556 παντὸς
2503 4491 2710 4557 πάθους
2737 4493 3044 4564 ἐλεύθερον.
3096 4495 3159 4557 Oi
3197 4496 3478 4566 προφῆται
3512 4497 3569 4550 δὲ
3602 4498 3705 4562 τὰς

2124 4584 2376 4648 τοιαύτις
2407 4585 2585 4649 θέσεις
2632 4587 2919 4658 προσῆψαν
2957 4587 3127 4658 αὐτῷ,
3165 4588 3482 4659 βουλόμενοι
3514 4591 3703 4643 πεῖσαι

2122 4678 2234 4739 τοῖς
2258 4676 2585 4746 ἀνθρώποις,
2621 4678 2702 4731 ὅτι
2757 4680 3068 4748 προνοεῖται
3100 4678 3195 4732 τοῦ
3227 4680 3432 4743 παντὸς
3479 4683 3506 4734 6
3539 4680 3695 4746 Θεὸς,

2124 4769 2220 4823 καὶ
2238 4769 2359 4839 δρᾷ,
2393 4772 2482 4822 καὶ
2516 4770 2726 4836 ἀκούει,
2762 4772 2854 4824 καὶ
2901 4771 3109 4840 ἥδεται,
3162 4773 3260 4825 καὶ
3293 4771 3568 4842 λυπεῖται,
3605 4776 3704 4827 καὶ

434 4883 681 4922 -ιιιυιιιοτο
731 4867 1048 4937 hujusmodi
1082 4866 1420 4922 aﬂectionem
1463 4867 1512 4921 ei
1545 4866 1876 4933 tribuerunt,
1907 4883 2027 4937 per-

2134 4859 2326 4929 κρίνει,
2362 4861 2456 4912 καὶ
2486 4859 2771 4930 θυμοῦται,
2805 4862 2898 4914 καὶ
2932 4862 3236 4932 ὀργίζεται,
3266 4866 3360 4918 καὶ
3380 4864 3484 4919 ὅσα
3517 4864 3703 4918 τοιαῦ-

445 4957 678 5013 suadere
707 4958 991 5014 studentes
1038 4952 1342 5011 lectoribus
1385 4971 1400 5010 :
1433 4956 1576 5026 quod
1611 4957 1860 5011 omnium
1916 4958 2016 5011 lto-

446 5051 655 5103 minum
691 5049 834 5104 Deus
863 5063 1054 5104 curam
1089 5049 1288 5115 habet;
1341 5048 1489 5118 quod
1540 5047 1726 5102 omnia
1767 5048 1913 5103 videt
1957 5060 2014 5104 et

440 5143 632 5210 audit;
664 5141 812 5213 quod
839 5143 1078 5206 laetatur,
1130 5150 1184 5197 et
1212 5142 1486 5206 tristatur,
1515 5149 1568 5194 et
1595 5139 1826 5211 judicat,
1859 5140 2015 5207 furit,

431 5243 498 5289 et
526 5235 827 5301 irascitur;
870 5244 926 5288 et
966 5247 1310 5302 quacunque
1356 5232 1460 5284 alia
1515 5231 1832 5300 huiusmodi
1887 5247 2012 5287 eum

439 5321 626 5380 facere
648 5323 861 5387 dicunt,
897 5331 957 5377 at
983 5323 1185 5377 saltem
1219 5322 1323 5375 hoc
1349 5328 1511 5390 pacto
1544 5322 1744 5376 timore
1772 5324 2010 5392 correpti

436 5414 696 5470 homines
731 5413 1120 5470 desisterenta
1160 5411 1330 5465 vitiis.
1363 5410 1431 5465 Et
1465 5412 1626 5466 aliter
1654 5429 1668 5465 :
1695 5413 1777 5467 Ab
1813 5413 2010 5467 huma-

442 5505 532 5559 nis
569 5504 991 5574 operationibus
1023 5502 1306 5573 prOpheta:
1357 5501 1544 5557 divina
1596 5502 1880 5559 declarant
1911 5522 1926 5559 :
1957 5513 2012 5560 et

444 5597 571 5666 quia
603 5596 696 5651 aui
721 5596 1019 5666 loquuntur
1048 5601 1104 5649 et
1135 5595 1228 5665 qui
1279 5593 1512 5649 audiunt
1559 5594 1810 5655 homines
1853 5608 2005 5664 sunt,

510 5774 555 5804 θ’
583 5768 700 5826 Job
737 5786 788 5835 ν,
831 5769 918 5823 i7.
955 5769 1002 5801 το
1033 5767 1180 5824 Psal.
1214 5784 1366 5840 Ictu.
1403 5768 1489 5825 12.

2116 4967 2207 5015 τα,
2240 4949 2306 5003 ἵν’
2341 4950 2483 5004 οὓτω
2541 4951 2886 5022 φοϐηθέντες,
2920 4958 3019 5024 τῆς
3063 4956 3262 5020 κακίας
3321 4957 3697 5028 ἀπόσχωνται.

2118 5040 2328 5105 ’Ἄλλως
2353 5058 2410 5094 τε
2437 5043 2494 5095 δὲ
2527 5041 2634 5096 ἀπὸ
2663 5042 2772 5096 τῶν
2798 5044 3155 5114 ἀνθρωπίνων
3179 5047 3472 5117 ἐνεργειῶν
3496 5049 3700 5119 ἐμφαί-

2117 5151 2266 5188 νουσι
2294 5135 2392 5198 τὰς
2422 5135 2594 5200 θείας,
2635 5137 2719 5190 ὅτι
2745 5139 2838 5191 καὶ
2877 5139 2926 5190 oi
2947 5137 3200 5207 λέγοντες
3237 5140 3332 5194 καὶ
3370 5138 3423 5193 οξ
3464 5140 3700 5194 ἀκούον-

2115 5243 2226 5290 τες,
2258 5226 2534 5296 ἄνθρωποι
2557 5242 2572 5258 ο
2617 5231 2713 5280 καὶ
2749 5229 2783 5298 ἡ
2812 5229 3131 5298 ἀπόκρισις,
3181 5230 3527 5304 ἀνθρωπίνη.
3587 5233 3698 5285 Καὶ

2119 5319 2289 5384 ἄλλως
2325 5321 2423 5372 οὐκ
2453 5322 2695 5392 ἐγχειρεῖ
2724 5319 3067 5388 διαλέγεσθαι
3119 5323 3246 5384 τοὺς
3283 5323 3344 5377 ὲν
3377 5322 3614 5394 σώματι,
3647 5324 3698 5376 εί

2124 5412 2198 5483 μὴ
2250 5414 2576 5481 σωματικῶς
2597 5429 2610 5442 ·
2643 5416 2736 5466 καὶ
2765 5415 2873 5485 γὰρ
2905 5416 2999 5468 καὶ
3033 5415 3344 5485 Βαρϐάροις
3373 5415 3697 5485 διαλεγόμε-

2117 5521 2219 5568 νοι,
2252 5507 2316 5576 τῇ
2349 5504 2550 5559 τούτων
2572 5505 2833 5576 χρώμεθα
2859 5506 3125 5579 διαλέκτῳ
3144 5525 3158 5539 ο
3188 5509 3282 5562 καὶ
3298 5507 3498 5580 παιδίῳ
3526 5525 3698 5579 προσ-

2117 5596 2420 5663 λαλοῦντες,
2469 5597 2939 5670 ὑπ-ἰψελλίζομενσ
2989 5598 3086 5654 καὶ
3139 5600 3188 5654 εί
3247 5602 3504 5673 μυριάκις
3538 5594 3697 5672 ὦμεν
