3970 6542
303 373 418 446 Ῐῦθ

1469 383 1865 448 COMMENT.
1912 384 1993 447 IN
2033 384 2414 446 PSALMOS.

3469 378 3572 446 110

297 499 486 568 σοφοὶ,
515 499 652 569 πρὸς
680 499 778 571 τὴν
809 499 1031 554 ἐκείνων
1059 499 1461 570 καταϐαίνομεν
1485 504 1877 575 ταπεινότητα.

1996 500 2237 556 humana
2270 500 2456 571 lingua
2488 498 2807 570 exprimunt
2845 497 2992 568 quod
3019 496 3343 566 loquuntur.
3377 495 3568 569 Neque

299 591 422 644 Καὶ
459 590 635 644 ταῦτα
682 608 764 644 σοι
791 591 1056 663 καθολική
1081 609 1163 653 τις
1194 593 1347 655 ἔστιν)¹
1367 594 1503 665 πρὸς
1531 593 1706 648 ταῦτα
1738 595 1884 648 διδα-

297 681 529 733 σκαλία.
559 681 632 733 Τὸ
653 680 805 749 γοῦν,
829 682 924 750 Μὴ
947 681 1026 747 τῷ
1057 682 1220 751 θυμῷ
1268 700 1386 737 σου
1423 686 1762 754 παιδεύσῃς
1789 703 1883 755 με,

295 770 461 837 μηδέ
488 769 564 839 τῇ
585 771 732 838 ὀργῇ
759 786 898 837 σου,
923 759 1184 835 ἀντιτοῦ,
1207 772 1297 844 Μὴ
1315 773 1483 839 ἀξίως
1515 775 1887 846 καταδικάσῃς

301 877 406 928 με,
444 861 519 931 μὴ
549 862 706 926 ἀξίαν
729 863 1042 934 ἀπαιτήσῃς
1075 880 1144 935 με
1173 863 1349 935 δίκην.

296 950 684 1022 balbutimus;
715 967 768 1010 et
798 971 1112 1025 quanquam
1158 956 1317 1013 valde
1381 959 1660 1029 sapientes
1718 958 1912 1023 simus,

1991 592 2138 647 enim
2164 591 2434 662 possibile
2456 599 2540 646 est
2575 598 2634 645 ut
2660 589 2772 646 alio
2797 587 2962 645 modo
3010 589 3329 656 loquantur,
3378 587 3471 659 qui
3515 590 3569 644 in

1995 696 2224 752 corpore
2255 689 2384 737 sunt
2435 696 2598 751 quam
2644 679 3031 751 corporaliter.
3057 677 3194 734 Nam
3242 688 3300 736 et
3358 680 3574 750 quoties

1993 774 2272 829 Barbaros
2324 773 2680 843 alloquimur,
2714 771 2934 828 illorum
2997 770 3180 842 lingua
3227 770 3475 829 utimur:
3510 778 3567 826 et

1996 880 2116 920 cum
2150 864 2337 936 pueris
2381 863 2592 933 aliquid
2624 863 2808 919 dicere
2838 862 3114 926 volumus.
3169 877 3360 918 eorum
3413 865 3568 926 mora

1998 957 2066 1013 ad
2125 957 2351 1014 illorum
2396 965 2578 1013 tamen
2636 956 3002 1012 humilitatem
3057 953 3566 1014 condescendimus.

299 1044 437 1101 Haec
494 1049 660 1119 igitur
703 1049 803 1104 tibi
849 1053 919 1106 sit
975 1066 1165 1106 norma
1222 1053 1467 1124 quadam
1503 1053 1857 1110 universalis.
1899 1053 2055 1119 Quod
2090 1055 2258 1124 igitur
2283 1053 2360 1108 ait
2391 1070 2406 1107 :
2433 1051 2592 1108 Nein
2632 1053 2816 1120 furore
2851 1058 2942 1104 tuo
2998 1064 3196 1121 arguas
3259 1066 3362 1117 tne,
3424 1050 3568 1106 idem

296 1136 414 1190 sibi
452 1139 585 1204 vult,
619 1137 766 1208 quod
800 1138 953 1196 Nolis
989 1157 1076 1196 me
1119 1140 1275 1212 juxta
1327 1156 1445 1197 mea
1497 1141 1690 1198 merita
1742 1139 2135 1207 condemnare,
2167 1156 2345 1212 neque
2364 1140 2578 1196 debitas
2611 1154 2642 1194 a
2671 1154 2759 1195 me
2791 1152 2983 1209 pmnas
3015 1137 3257 1210 exigere.

380 1250 678 1317 Ἐλέησόν
711 1270 802 1319 με,
829 1255 1022 1324 Κύριε,
1052 1256 1142 1310 ὅτι
1188 1255 1456 1326 ἀσθενὴς
1493 1258 1630 1327 εἶμί.
1683 1257 1747 1310 El
1808 1256 1885 1326 μὴ

305 1341 426 1413 γὰρ
453 1343 796 1416 ἠσθένησενὸ
824 1346 971 1413 νοῦς,
1016 1348 1116 1403 οὒκ
1137 1349 1203 1404 ἂν
1236 1350 1303 1403 τὰ
1328 1349 1472 1420 πάθη
1501 1349 1693 1403 τούτου
1728 1365 1886 1419 περι-

296 1433 579 1499 εγένοντο.
623 1437 696 1491 Ἦ
722 1439 820 1492 καὶ
845 1439 927 1494 ὅτι
948 1440 1185 1513 ἀσθενής
1214 1441 1354 1512 εῐμι,
1389 1443 1524 1512 πρὸς
1545 1442 1637 1495 τὸν
1655 1440 1884 1511 ἀόρατον

298 1524 526 1596 ἐχθρὸν,
566 1526 657 1580 τὸν
702 1529 954 1601 φανερῶς
996 1534 1092 1585 καὶ
1135 1532 1376 1604 κρύόδην
1440 1530 1879 1586 ἐπιϐουλεύοντα.

303 1616 386 1668 ἰι
426 1619 522 1670 καὶ
553 1618 636 1671 ὅτι
689 1620 1022 1690 συντριϐεὶς,
1074 1617 1432 1694 ὲξησθένησα.
1527 1620 1882 1691 Ὕπολόγισαι

297 1706 405 1760 οὖν
431 1705 528 1777 τὴν
575 1708 715 1780 ἐμὴν
747 1710 1058 1775 ἀσθένειαν,
1114 1715 1209 1766 καὶ
1252 1713 1327 1782 μὴ
1383 1712 1756 1782 καταδικάτῃς
1814 1729 1882 1783 με

297 1798 514 1864 τέλεον,
549 1801 624 1864 ὡς
646 1802 913 1866 ἑκουσίως
944 1803 1302 1875 νενικημένον
1331 1819 1345 1835 ⁸
1371 1808 1466 1874 τῆς
1495 1803 1552 1857 δὲ
1587 1802 1680 1857 τοῦ
1721 1803 1885 1858 Ἐλέ-

293 1892 472 1954 ησόν
491 1909 567 1960 με
591 1893 798 1964 φωνῆς,
831 1894 1032 1954 πάντες
1071 1895 1304 1949 πάντοτε
1343 1893 1575 1966 δεόμεθα
1613 1911 1626 1924 ·
1672 1893 1882 1965 προϊὼν

2070 1256 2232 1313 Vens.
2272 1257 2326 1312 '5.
2364 1255 2617 1310 Miserere
2670 1254 2793 1319 mei,
2853 1252 3097 1315 Domine,
3126 1253 3377 1321 quoniam
3417 1253 3572 1323 inﬁr-

1991 1365 2104 1402 mus
2130 1363 2269 1404 sum.
2302 1346 2360 1403 Si
2387 1349 2728 1413 intellectus,
2787 1346 2989 1416 inquit,
3049 1359 3204 1400 meus
3235 1344 3429 1400 debilis
3460 1361 3570 1400 non

1996 1439 2216 1505 fuisset,
2265 1441 2552 1508 passiones
2618 1446 2770 1495 certe
2831 1438 2984 1492 illum
3043 1452 3150 1491 non
3186 1447 3562 1507 superassent,

1999 1530 2080 1585 vel
2110 1531 2242 1601 quia
2273 1531 2526 1586 iulirmus
2553 1544 2677 1586 sum
2704 1527 2970 1584 adversus
3013 1527 3346 1583 invisibilem
3385 1529 3570 1584 inirni-'

1989 1637 2138 1687 cum,
2165 1622 2260 1692 qui
2293 1629 2347 1676 et
2381 1621 2559 1690 palam
2612 1629 2668 1676 et
2725 1619 2864 1674 clam
2901 1619 3135 1675 insidias
3161 1619 3445 1691 disponit:
3481 1621 3570 1677 vel

1991 1714 2119 1783 quia
2158 1712 2396 1769 assiduis
2448 1711 2838 1768 aﬂlietionibus
2884 1710 3205 1768 debilitatus
3241 1728 3390 1770 sum.
3424 1712 3570 1769 Con-

1991 1806 2171 1860 sidera
2202 1805 2368 1876 igitur
2387 1812 2442 1861 et
2475 1812 2554 1870 ta,
2585 1801 2752 1868 Deus,
2785 1801 3126 1858 debilitatem
3157 1817 3357 1866 meam,
3383 1809 3439 1858 et
3458 1803 3573 1859 noli

1991 1913 2077 1953 me
2115 1897 2334 1967 penitus
2381 1895 2796 1952 condemnare:
2831 1893 2990 1964 quasi
3059 1901 3254 1963 sponte
3322 1907 3441 1948 mea
3473 1909 3573 1949 su-

295 1983 416 2051 τάρ
447 1997 645 2054 φησιν·
684 1985 821 2039 Ἐὰν
866 1984 1122 2055 ἀνομίας
1161 1988 1616 2055 παρατηρήσῃς,
1681 1987 1883 2056 Κύριε,

1996 1995 2214 2056 pcratus
2273 1987 2400 2043 sim.
2463 1986 2575 2042 Hac
2642 1994 2824 2041 autem
2887 1998 3058 2049 voce,
3116 1983 3380 2040 Miserere.
3447 1985 3569 2050 mei,

293 2071 389 2134 τίς
444 2071 892 2142 ὐποστήσεται;
940 2073 1036 2127 κα)⁸
1063 2114 1078 2142 ,
1137 2073 1270 2126 Ὀτι
1315 2075 1386 2127 οὐ
1433 2071 1889 2136 δικαιωθήσεται

294 2159 566 2215 ἐνώπιόν
586 2179 704 2216 σου
743 2161 865 2228 πᾶς
898 2160 1032 2224 ζῶν.
1075 2164 1185 2218 Καὶ
1215 2163 1377 2218 πάλιν
1410 2162 1602 2232 ἕτερος
1654 2161 1846 2232 εἴρηκε
1871 2179 1885 2192 ο

303 2251 405 2316 Τίς
433 2251 806 2321 καυχήσεται
832 2254 1028 2324 ἁγνὴν
1057 2253 1224 2326 ἔχειν
1247 2252 1363 2320 τὴν
1389 2251 1641 2322 καρδίαν
1658 2267 1676 2314 ;
1728 2249 1767 2318 ἢ
1797 2251 1890 2316 τίς

297 2342 790 2410 παρῤησιάσεται
819 2343 1077 2414 καθαρὸς
1115 2339 1270 2398 εἷναι
1310 2343 1427 2398 ἀπὸ
1460 2344 1700 2412 ρὐου;
1745 2341 1889 2395 [lav-

293 2447 398 2495 τες
422 2432 520 2502 μὲν
537 2429 630 2487 οὖν
663 2434 850 2498 ἐλέους
899 2434 1136 2506 δεόμεθα
1168 2451 1183 2467 ο
1205 2435 1266 2488 οὐ
1299 2433 1503 2497 πάντες
1531 2432 1590 2486 δὲ
1634 2430 1888 2502 ἐλεούμε-

296 2522 375 2576 Ea.
395 2542 410 2554 ·
440 2524 470 2577 ὁ
499 2524 606 2598 γὰρ
631 2525 774 2592 θεῖος
800 2526 949 2590 ἔλεος
971 2528 1061 2582 τὸν
1087 2525 1238 2595 ἄξιον
1268 2525 1537 2596 ἐπιζητεῖ.
1577 2526 1688 2579 Καὶ
1721 2523 1882 2578 ἀσθε-

296 2618 418 2678 νεῖς
449 2616 505 2669 δὲ
534 2619 736 2681 πάντες
770 2617 894 2672 καθ’
917 2619 1147 2684 ἑαυτοὺς
1202 2619 1389 2689 ἐσμέν.
1455 2618 1600 2674 Ἐὰν
1643 2614 1753 2688 γὰρ
1795 2614 1884 2684 μὴ

296 2708 522 2772 Κύριος
544 2706 914 2779 οῑκοδομήσῃ
937 2703 1128 2775 οἷκον,
1159 2711 1246 2776 εις
1291 2706 1492 2778 μάτην
1545 2707 1886 2762 ἐκοπίασαν

293 2800 357 2850 οι
381 2797 857 2868 οἰκοδομοῦντες.
904 2801 1041 2854 Ἐὰν
1062 2799 1147 2872 μὴ
1172 2801 1387 2869 Κύριος
1419 2798 1663 2870 φυλάξῃ
1686 2797 1888 2860 πόλιν.

292 2888 393 2952 εις
419 2888 620 2957 μάτην
659 2890 1056 2959 ἠγρύπνησεν
1095 2894 1129 2946 ὀ
1153 2891 1514 2961 φυλάσσων.

1987 2091 2180 2133 Omnes
2213 2091 2314 2132 nos
2347 2085 2611 2146 perpetuo
2635 2075 2968 2145 indigemus.
3003 2073 3138 2130 Nam
3168 2082 3224 2131 et
3270 2075 3402 2131 alibi
3434 2077 3512 2132 ait
3551 2091 3566 2130 :

1987 2165 2048 2223 Si
2077 2169 2382 2238 iniquitates
2403 2167 2778 2227 observaveris.
2800 2165 3305 2234 Domine,fDomine,
3336 2168 3452 2238 quis
3477 2185 3573 2223 su-

1985 2259 2308 2313 stinebit"?
2345 2259 2474 2313 item
2505 2259 2634 2312 alibi
2673 2277 2688 2313 :
2740 2257 2863 2312 Non
2919 2255 3321 2327 justiﬁcabitur
3357 2258 3413 2313 in
3447 2276 3574 2314 con-

1985 2360 2164 2418 spectu
2223 2360 2312 2404 tuo
2364 2352 2535 2405 omnis
2591 2351 2759 2403 vivens
2784 2349 2876 2403 νυ.
2933 2349 2998 2403 Et
3063 2363 3261 2404 rursus
3305 2349 3570 2420 propheta

1986 2442 2127 2495 alius
2157 2458 2170 2496 :
2203 2440 2332 2508 Quis
2356 2439 2698 2511 gloriabitur,
2726 2437 2926 2508 inquit,
2961 2438 3214 2492 mundum
3239 2453 3330 2492 cor
3358 2439 3570 2506 habere,

1991 2544 2083 2587 aut
2115 2533 2232 2604 quis
2261 2531 2487 2602 conﬁdet
2513 2530 2739 2585 ntundus
2770 2545 2884 2584 esse
2914 2547 2946 2583 a
2981 2528 3226 2585 sordibus
3248 2530 3295 2561 "
3318 2529 3343 2584 ἲ
3369 2527 3574 2586 Omnes

1988 2624 2175 2694 itaque
2231 2622 2542 2695 indigemus
2601 2619 2790 2675 divina
2853 2621 3234 2678 misericordia
3278 2635 3295 2676 :
3351 2623 3574 2680 tametsi

1989 2727 2100 2769 non
2133 2727 2324 2767 omnes
2350 2711 2495 2766 illam
2523 2723 2935 2780 consequamur
2961 2751 2976 2775 ,
3018 2723 3144 2767 cum
3177 2711 3317 2768 Deus
3347 2721 3564 2784 quaerat

1993 2810 2206 2858 tantum
2235 2804 2429 2875 dignos
2483 2817 2564 2858 se.
2631 2799 2837 2858 Omnes
2897 2801 3064 2858 etiam
3100 2804 3439 2868 nosviniirmi
3473 2821 3573 2861 su-

1997 2908 2119 2948 mus
2154 2913 2167 2949 :
2200 2894 2328 2964 quia
2364 2892 2489 2948 Nisi
2536 2893 2797 2949 Dominus
2853 2893 3196 2963 aediﬁcaverit
3246 2894 3480 2963 domum,
3515 2897 3572 2949 in

297 2994 497 3033 canum
530 2982 778 3037 laborant
802 2983 893 3054 qui
916 2983 1184 3054 wdiﬁcant
1207 2993 1324 3038 eam
1348 2983 1415 3036 ".
1465 2979 1530 3035 Et
1567 2994 1584 3034 :
1619 2980 1740 3036 Nisi
1771 2981 2031 3038 Dominus
2088 2987 2399 3040 custodierit
2463 2986 2752 3046 civitatein,
2823 2985 3030 3054 frustra
3089 2987 3273 3055 vigilat
3321 2990 3412 3058 qui
3475 3005 3572 3046 ευ·

295 3072 469 3129 stodit
510 3089 630 3128 eam
643 3073 709 3128 ".

375 3164 570 3219 ἰασαι
591 3182 687 3236 με,
731 3167 926 3236 Κύριε,
959 3165 1047 3221 ὅτι
1083 3166 1381 3236 ἐταράχθη
1430 3165 1500 3221 τὰ
1537 3167 1691 3225 ὀστᾶ
1732 3184 1870 3237 μου.

302 3255 382 3308 To
418 3255 527 3308 ἀπὸ
559 3254 668 3309 τῶν
694 3254 1019 3328 πειρασμῶν
1055 3254 1242 3325 ἄλγος,
1269 3255 1363 3312 καὶ
1386 3255 1568 3311 αὐτῶν
1601 3257 1872 3327 καθήκετο

306 3346 416 3400 *ῶν
447 3345 792 3418 ἀναισθήτων
817 3346 1023 3402 ὀστέων
1050 3365 1176 3418 μου,
1217 3350 1312 3404 καὶ
1372 3347 1664 3418 ὲκλόνησεν
1712 3346 1872 3403 αὐτὰ.

302 3435 408 3489 Διά
435 3437 595 3490 τοῦτο
627 3436 684 3490 δὲ
712 3438 1059 3508 παρέστησεν
1108 3438 1210 3510 τὴν
1259 3438 1568 3512 ὑπερϐολὴν
1622 3437 1715 3494 τοῦ
1777 3441 1884 3494 πά-

304 3527 458 3592 θους.
492 3530 563 3582 Ἢ
602 3529 696 3583 καὶ
719 3529 860 3586 ὀστᾶ
890 3531 1129 3602 νοητέον.
1172 3533 1272 3595 τὰς
1327 3532 1422 3585 τοῦ
1461 3532 1554 3586 νοῦ
1604 3533 1880 3604 δυνάμεις,

305 3615 397 3684 αἷς
425 3615 580 3686 οὗτος
614 3623 711 3676 ἐπε
721 3623 978 3695 ρείδεται.

376 3802 489 3855 Kal
510 3802 550 3870 ἡ
579 3803 750 3873 ⁴ψυχή
771 3822 893 3874 μου
923 3804 1226 3874 ἐταράχθη
1251 3805 1509 3875 σφόδρα.
1561 3805 1653 3876 Μὴ
1683 3805 1882 3876 φέρου-

308 3912 378 3948 σα
397 3895 498 3966 τὴν
529 3895 652 3966 βίαν
682 3896 968 3964 ἀλγεινῶν.
1001 3897 1320 3968 Προσφορον
1341 3897 1399 3951 δὲ
1432 3897 1492 3950 τὸ
1547 3898 1728 3968 ῥητὸν,
1779 3899 1884 3951 καὶ

302 3986 433 4038 ὅταν
453 3986 539 4049 τὶς
563 3988 827 4059 οἰστρηοῇ
863 3988 998 4058 πρὸς
1022 3987 1196 4059 θυμὸν
1234 3987 1452 4056 ἄλογον,
1484 3990 1516 4062 ἢ
1546 3989 1682 4058 πρὸς
1747 3991 1876 4042 ὲπιο

307 4075 512 4146 Θυμεαν
539 4078 793 4148 αἰσχράν.
830 4077 965 4131 Τότε
997 4078 1106 4149 γὰρ
1136 4077 1376 4142 πνεύσας
1406 4079 1574 4142 πολὺς
1619 4081 1648 4131 ὁ
1695 4070 1884 4133 διάσοέ

306 4166 420 4230 λος,
453 4169 689 4240 ἐτάραξε
710 4170 806 4224 καὶ
831 4169 894 4225 τὸ
917 4170 1098 4240 σῶμα,
1139 4172 1234 4226 καὶ
1274 4171 1376 4243 τὴν
1405 4171 1604 4240 ψυχὴν,
1661 4171 1734 4234 ὡς
1757 4171 1882 4226 ἄνε-

307 4277 410 4326 μος
467 4260 771 4327 θαλάσσας,
805 4261 1059 4331 ἐμπεσών
1081 4277 1095 4292 ·
1131 4263 1406 4318 κυκῶνται
1434 4263 1542 4336 γὰρ
1565 4264 1754 4333 ἄμφω,
1787 4263 1880 4316 καὶ⁸

306 4351 692 4420 κυμαίνονται,
721 4352 817 4407 καὶ
840 4352 902 4406 οὐ
942 4353 1273 4422 φυλάττουσι
1301 4355 1404 4424 τὴν
1433 4354 1644 4407 ἑαυτῶν
1698 4353 1874 4418 τάξιν,

303 4442 398 4493 καὶ
449 4443 802 4498 κατάστασιν.

375 4620 486 4674 Kal
515 4620 619 4684 σὺ,
637 4621 832 4688 Κύριε,
857 4621 968 4685 ἕως
997 4622 1161 4674 πότε.
1185 4619 1490 4683 Τοῦτο,οὐκ
1521 4620 1880 4687 ἐγκαλοῦντός

2053 3162 2200 3218 Sana
2236 3179 2334 3229 me,
2398 3179 2620 3227 .omtne,
2658 3179 2908 3232 quantum
2943 3163 3261 3217 conturbata
3295 3174 3416 3218 sunt
3441 3181 3568 3220 ossa

1983 3273 2118 3309 utea.
2184 3254 2348 3309 Dolor
2409 3254 2504 3326 qui
2563 3269 2816 3311 summus
2869 3253 3004 3310 mihi
3045 3254 3189 3311 inest
3231 3255 3302 3311 ab
3331 3257 3569 3315 assiduis

1909 3380 1952 3437 ο
1985 3345 2398 3437 amictionibus,
2459 3344 2528 3400 ad
2583 3359 2759 3415 usque
2807 3359 2936 3437 ossa
2977 3345 3092 3437 ipsa
3119 3361 3286 3401 sensu
3318 3349 3568 3404 carentia

1986 3433 2254 3504 pervenit,
2320 3442 2484 3503 atque
2532 3447 2596 3488 ea
2663 3433 2966 3490 concussit.
3027 3434 3122 3490 llis
3150 3443 3333 3492 autem
3379 3439 3564 3496 verbis

1985 3525 2258 3599 passionis
2290 3539 2403 3581 sua:
2429 3524 2828 3580 vehementiam
2869 3525 3288 3582 demonstravit.
3340 3526 3438 3584 Vel
3463 3543 3563 3602 per

1984 3632 2109 3673 ossa
2143 3616 2451 3688 intelligere
2480 3630 2774 3686 possumus
2805 3617 2948 3673 vires
2989 3630 3052 3672 ac
3087 3617 3387 3687 potentias,
3445 3622 3565 3690 qui.

1985 3710 2088 3763 bus
2120 3723 2275 3764 mens
2309 3708 2426 3777 ipsa
2462 3707 2784 3763 sustinetur.

2059 3797 2224 3853 Vens.
2261 3798 2313 3854 4.
2356 3798 2421 3852 Et
2479 3797 2662 3852 anima
2696 3814 2811 3852 mea
2859 3797 3076 3852 turbata
3109 3807 3187 3854 est
3244 3800 3417 3856 valde.
3446 3799 3564 3857 Non

1985 3893 2262 3948 sustinens
2337 3891 2864 3956 scilicet.dolorum
2917 3893 3050 3947 vim.
3105 3893 3568 3952 Commodissima

1984 3991 2164 4036 autem
2218 3981 2422 4035 dicitur
2476 3979 2566 4034 hic
2644 3981 2976 4046 versiculus,
3035 3981 3252 4050 quoties
3287 3979 3435 4052 quis
3495 3985 3563 4039 ad

1986 4077 2121 4129 iram
2151 4076 2393 4145 aliquam
2451 4073 2915 4138 irrationabilem,
2972 4083 3068 4129 aut
3122 4088 3321 4144 pravas
3349 4090 3563 4131 concu-

1984 4167 2283 4238 piscentias
2340 4165 2505 4220 fuerit
2551 4164 2889 4220 stimulatus.
2923 4163 3084 4221 Tunc
3115 4165 3260 4221 enim
3295 4167 3562 4223 diabolus

1985 4261 2273 4316 immodice
2320 4259 2536 4329 spirans
2581 4258 2820 4312 animam
2850 4258 2988 4314 solet
3020 4266 3072 4312 et
3111 4273 3312 4328 corpus
3339 4267 3560 4329 pertur-

1983 4350 2133 4416 bare,
2162 4356 2266 4405 non
2304 4362 2466 4405 secus
2500 4363 2564 4403 ac
2588 4347 2803 4403 validus
2831 4357 3028 4403 ventus
3059 4348 3114 4402 in
3145 4362 3294 4402 mare
3315 4346 3557 4403 irruens.

1983 4441 2284 4497 Miscentur
2313 4442 2460 4496 enim
2496 4456 2602 4495 una
2637 4440 2798 4493 ambo
2827 4447 2990 4508 atque
3014 4446 3268 4501 aestuant,
3298 4452 3400 4492 nec
3431 4453 3560 4507 pro-

1983 4535 2163 4603 prium
2189 4531 2422 4602 aliquem
2465 4532 2668 4596 locum,
2695 4537 2790 4583 aut
2819 4529 3067 4584 ordinem
3100 4537 3344 4583 servant.

2058 4621 2121 4674 Et
2149 4630 2226 4684 tu,
2269 4621 2509 4687 Domine,
2540 4635 2829 4690 usquequo.
2867 4618 3039 4674 Verba
3081 4617 3199 4673 haec
3245 4632 3352 4674 non
3393 4634 3561 4675 accu-

304 4711 475 4776 ἐστιν,
531 4710 646 4763 ἀλλ’
703 4711 913 4774 ὀδύναις
977 4710 1452 4781 κατατεινομὲνου.
1507 4713 1712 4782 Μακρά
1762 4731 1874 4783 μοι,

1996 4713 2159 4766 ςτηιιίε
2211 4719 2368 4775 sunt,
2401 4711 2498 4766 sed
2547 4707 2876 4768 hominis'in
2928 4706 3210 4764 doloribus
3247 4708 3560 4764 constituti.

307 4802 467 4872 φησὶ,
500 4801 722 4869 γέγονεν
743 4805 777 4873 ἡ
813 4803 921 4855 ἀπὸ
972 4801 1067 4856 σοῦ
1100 4805 1426 4875 παρόρασις,
1462 4802 1638 4867 οὕτως
1675 4803 1873 4875 ἔχοντι.

305 4892 434 4953 Τοῖς
465 4893 567 4960 μὲν
590 4891 684 4946 οὖν
717 4882 1132 4964 τὲειραζομένοις
1172 4875 1234 4958 ἐξ
1255 4893 1552 4964 ἁμαρτίας,
1580 4893 1682 4948 οὐκ
1716 4896 1877 4959 εὐθὺς

302 4985 592 5054 ἐπικουρεῖ
622 4985 747 5038 κατ’
768 4985 1102 5056 οέκονομῐαν.
1135 4983 1328 5055 Καιρῷ
1353 4983 1483 5056 γὰρ,
1513 4986 1667 5054 φησι,
1693 4986 1880 5051 δεκτῷ

303 5073 632 5140 ἐπήκουσὰ
659 5091 778 5130 σου
797 5093 812 5108 °
839 5078 954 5141 τοῖς
979 5075 1036 5129 δὲ
1072 5077 1132 5144 ἐξ
1171 5077 1436 5148 ιπηρείας
1487 5076 1582 5129 τοῦ
1618 5076 1878 5146 πονηροῦ,

303 5165 399 5218 καὶ
425 5164 572 5234 μάλα
598 5181 613 5196 ⁶
650 5168 774 5221 Ἔτι
802 5169 932 5238 γὰρ,
968 5169 1126 5240 φησὶ,
1157 5168 1501 5232 λαλοῦντός
1551 5184 1692 5232 σου,
1727 5166 1842 5236 ἐρῶ
1865 5183 1878 5199 ·

311 5256 464 5311 Ἰδοὺ
487 5256 742 5330 πάρειμι.
984 5289 990 5296 -

385 5520 815 5592 Ἐπίστροφον,
866 5522 1073 5591 Κύριε,
1105 5523 1294 5591 ῥῦσαι
1341 5522 1698 5593 τὴνιψυχήν
1729 5541 1870 5594 μου.
1901 5557 1906 5562 ε

1279 5633 1320 5647 ...κ

376 5764 422 5797 τι
459 5762 603 5819 Psal.
666 5778 849 5833 eam,
894 5765 951 5821 5.
1023 5764 1102 5799 "’*
1150 5763 1296 5821 Psal.
1373 5765 1730 5842 cxtn,2._"
1772 5765 1907 5823 Ibid.

1990 4805 2112 4870 Diu,
2171 4804 2372 4874 inquit,
2405 4818 2435 4857 a
2463 4812 2515 4857 te
2539 4817 2640 4872 ego
2685 4800 2966 4870 neglectus
3017 4815 3162 4863 smn,
3215 4806 3557 4857 cumtamen

1986 4895 2190 4948 auxilio
2214 4902 2308 4948 tuo
2342 4894 2662 4965 indigerem.
2703 4891 2849 4948 Deus
2873 4890 3020 4946 enim
3072 4890 3140 4946 iis
3199 4890 3290 4961 qui
3329 4899 3558 4961 propter

1989 4987 2203 5056 propria
2243 4993 2461 5055 peccata
2515 4985 2847 5041 tentatioues
2901 4983 3202 5048 sustinent,
3256 4997 3365 5036 non
3417 4981 3560 5037 solet

1989 5077 2170 5131 statim
2202 5078 2454 5138 auxiliari
2501 5095 2514 5131 :
2560 5087 2723 5148 atque
2753 5076 2856 5130 hoc
2887 5089 3080 5146 magna
3102 5089 3228 5129 cum
3268 5073 3559 5142 dispensa-

1991 5168 2138 5222 tione
2162 5170 2292 5238 agit.
2331 5168 2583 5237 Tempore
2611 5170 2753 5224 enim
2786 5177 3025 5239 accepto,
3081 5164 3278 5234 inquit,
3311 5163 3560 5219 exaudiui

1987 5265 2056 5308 te.
2095 5255 2167 5312 lis
2195 5271 2325 5312 vero
2363 5259 2457 5327 qui
2514 5259 2586 5312 ob
2616 5258 2884 5314 dannouis
2921 5255 3228 5310 calumnias
3257 5253 3309 5308 id
3339 5253 3560 5324 patiun-

1981 5354 2090 5412 tur,
2132 5348 2316 5402 statim
2351 5349 2504 5404 adest
2540 5367 2553 5403 :
2590 5349 2771 5402 Adhuc
2809 5349 2975 5411 enim,
3011 5345 3208 5414 inquit,
3242 5343 3480 5413 loquente
3507 5353 3558 5399 te

1979 5439 2173 5504 dicam,
2202 5436 2334 5494 Ecce
2361 5428 2571 5496 adsum.

2052 5526 2220 5586 Vens.
2246 5528 2641 5594 5.Conoertere,
2670 5527 2907 5594 Domine,
2936 5526 3076 5598 eripe
3098 5525 3332 5582 animum
3360 5539 3558 5592 mcum,-

1986 5767 2030 5800 ⁷⁸
2071 5768 2216 5828 Psal.
2247 5781 2434 5840 cant,
2462 5767 2511 5824 Ι.
2581 5767 2637 5840 ’⁸,
2664 5765 2800 5840 l'uid.
