3956 6548
410 363 450 427 Ἰ
465 364 528 428 iul

1688 357 2073 422 EUTHYMII
2121 357 2482 419 ZIGABENI

3574 347 3679 414 ll!

416 485 756 536 Convertere
807 477 873 533 ad
934 492 1040 544 me,
1085 475 1298 547 inquit,
1345 477 1579 531 tametsi
1627 475 1895 531 hactenus
1924 475 1991 531 ob

2107 473 2383 545 Στράφηθι
2419 472 2555 542 πρός
2577 488 2664 543 με,
2696 469 2746 524 εί
2773 467 2869 524 καὶ
2892 466 3249 541 ἀπεστράφης
3299 464 3371 522 δι’
3399 464 3436 521 ἃ.
3492 466 3678 536 ἥμαρ-

416 569 648 643 chcata
676 586 796 626 mea
827 584 1052 626 aversus
1089 568 1262 624 fueris
1287 581 1318 621 a
1355 582 1442 623 me
1471 584 1484 623 :
1517 578 1572 624 et
1626 569 1781 640 eripe
1811 584 1897 624 me
1929 582 1993 624 ex

423 664 834 720 afﬂictionibus.

492 753 712 808 Saluum
744 767 825 805 me
856 750 946 822 [ac
963 760 1176 819 propter
1224 749 1645 806 misericordiam
1682 760 1849 806 tuam.
1875 749 1995 806 Non

419 847 494 902 ob
511 847 743 900 virtutes
775 857 947 907 meas,
980 841 1183 913 inquit,
1217 841 1271 896 id
1297 852 1460 912 peto;
1489 843 1668 899 nullas
1717 843 1862 900 enim
1891 843 1994 897 hac

420 939 529 992 beo
561 937 762 1006 quibus
792 934 846 990 id
870 949 1104 990 merear.

493 1025 660 1082 Vens.
693 1024 749 1080 6.
785 1024 1052 1093 Quoniam
1100 1043 1204 1082 non
1257 1035 1333 1082 est
1375 1026 1430 1082 in
1485 1035 1653 1081 morte
1681 1029 1770 1096 qui
1798 1042 1997 1082 memor

421 1117 488 1170 sit
524 1116 622 1170 tui.
685 1115 788 1171 Per
847 1125 1117 1184 mortem,
1162 1128 1444 1187 peccatum
1499 1116 1753 1186 intelligit
1803 1118 1997 1172 mortis

423 1209 736 1263 ministrant
768 1225 785 1274 ;
813 1208 882 1262 ab
920 1208 1075 1262 initio
1138 1208 1286 1262 enim
1345 1216 1634 1278 peccatum
1691 1207 1996 1263 introduxit

419 1306 689 1362 mortem;
720 1298 796 1352 ait
855 1297 1041 1367 igitur.
1095 1298 1240 1368 quod
1268 1297 1361 1367 qui
1389 1307 1674 1367 peccatum
1700 1297 1851 1362 facit,
1885 1313 1994 1354 non

420 1398 655 1445 csttunc
710 1386 801 1442 Dei
860 1403 1088 1444 memor.
1149 1387 1246 1442 Est
1290 1390 1437 1442 enim
1471 1389 1618 1444 velut
1670 1389 1862 1443 ebrius
1901 1397 1996 1442 aut

418 1480 750 1544 obcaecatus,
780 1478 874 1549 qui
907 1487 1116 1549 peccat.
1152 1477 1250 1534 Vel
1307 1489 1540 1534 mortem
1598 1479 1834 1550 appellat
1860 1489 1998 1534 tem—

419 1586 520 1642 pus
547 1572 762 1636 mortis,
790 1573 921 1641 quia
957 1571 1050 1626 ubi
1100 1571 1224 1642 quis
1255 1579 1506 1626 mortuus
1538 1573 1722 1636 fuerit,
1754 1573 1993 1628 ablatum

418 1666 466 1719 ei
499 1672 605 1727 est,
642 1673 700 1719 ut
747 1664 919 1732 possit
948 1662 1182 1734 amplius
1220 1661 1312 1718 Dei
1354 1663 1655 1728 reminisci,
1694 1671 1789 1719 aut
1823 1663 1994 1719 Deum

418 1771 631 1825 rogare.
670 1755 894 1810 Inutiles
918 1755 1066 1810 enim
1093 1763 1224 1809 tunc
1243 1761 1435 1810 essent
1469 1769 1662 1810 omnes
1698 1769 1917 1826 preces.

490 1845 557 1900 1η
621 1845 830 1915 inferno
869 1857 1045 1900 autent
1106 1847 1224 1916 quis
1262 1845 1602 1912 conﬁtebitur
1657 1845 1806 1899 tibi?
1850 1847 1993 1900 Ante

419 1950 648 2016 mortem
679 1939 942 2007 pruitero
972 1954 1132 2008 quem
1163 1937 1377 2012 potest?
1439 1944 1561 2008 post
1589 1945 1820 1992 mortem
1865 1953 1994 1994 vero

410 2028 803 2082 retributionis
835 2027 1210 2082 tantuuunodo
1255 2034 1472 2095 tempus
1509 2035 1594 2082 est
1627 2025 1764 2097 (51).

489 2118 652 2174 Vens.
689 2119 738 2172 7.
771 2117 1048 2174 Laboravi
1098 2119 1152 2172 in
1209 2120 1408 2190 gemitu
1463 2134 1600 2184 meo,
1660 2119 1848 2174 lavabo
1899 2135 1994 2188 per

416 2210 655 2279 siugulas
703 2220 879 2263 noctes
925 2208 1128 2262 tectum
1187 2225 1378 2275 meum,
1407 2210 1660 2280 lacrymis
1692 2211 1820 2264 meis
1851 2220 1996 2264 stra-

421 2311 532 2353 tum
562 2315 738 2354 meum
758 2301 963 2370 rigabo.
1004 2299 1475 2369 Nonsintpliciter
1502 2301 1764 2366 laboravi,
1791 2301 1994 2372 inquit,

420 2393 514 2447 sed
539 2407 664 2446 eum
686 2390 1026 2462 gemitibus;
1059 2405 1182 2460 quae
1234 2405 1322 2445 res
1361 2390 1728 2448 inteasionem
1767 2392 1996 2449 denotat

411 2482 640 2537 laboris.
671 2479 780 2536 Nec
836 2481 1166 2551 simpliciter
1216 2482 1382 2536 etiam
1436 2482 1577 2538 dixit
1622 2500 1637 2538 :
1705 2482 1991 2538 Eli‘undam

421 2576 716 2648 lacrymas,
735 2575 827 2628 sed
857 2571 1071 2628 Lavabo
1123 2573 1316 2627 lectum
1350 2590 1525 2629 meum
1556 2590 1576 2628 :
1607 2590 1788 2647 neque
1828 2577 1884 2631 id
1911 2592 1997 2631 se-

420 2664 532 2718 mel
559 2669 773 2716 tantum
810 2661 1034 2725 faciam,
1067 2662 1268 2732 inquit,
1302 2674 1396 2718 aut
1429 2663 1697 2729 secundo,
1749 2664 1844 2721 sed
1890 2663 1997 2720 Per

419 2755 660 2826 singulas
685 2762 884 2808 noctes.
920 2753 987 2807 Et
1013 2753 1141 2824 quia
1171 2754 1224 2808 in
1253 2753 1344 2808 die
1373 2753 1538 2808 variat
1572 2771 1659 2811 me
1704 2757 1998 2827 cOgitatio-

421 2862 521 2902 nes
559 2845 898 2909 distrahunt,
932 2843 1129 2898 faciant
1180 2844 1382 2914 quietis
1430 2855 1644 2917 tempus
1692 2845 1995 2901 confessio-

416 2941 510 2996 nis
536 2954 678 3005 esse,
745 2938 963 2994 nemine
1028 2937 1239 2992 scilicet
1310 2951 1395 2992 me
1425 2945 1560 2992 tunc
1595 2938 1993 3007 perturbantet;

420 3029 926 3088 commodissimum
965 3029 1110 3083 enim
1140 3037 1224 3082 est
1257 3028 1324 3081 ad
1355 3026 1733 3097 pmnitentiam
1759 3027 1813 3082 id
1849 3033 1995 3081 tem-

2101 582 2195 620 τον
2229 579 2244 597 ο
2275 564 2372 619 καὶ
2399 564 2588 630 ἐξελοῦ
2633 581 2701 634 με
2723 562 2833 617 τῶν
2863 561 3119 630 θλίψεων.

2169 742 2383 798 Σῶσόν
2429 759 2508 813 με
2534 742 2750 798 ἕνεκεν
2803 741 2910 796 τοῦ
2967 740 3146 796 ἐλέου
3183 757 3324 796 σου.
3357 740 3433 794 Οὐ
3462 739 3550 793 διὰ
3576 739 3679 802 τὰς

2096 835 2235 905 ἐμὰς
2264 835 2464 906 ἀρετάς
2485 851 2500 867 ο
2535 835 2635 887 οὐκ
2664 833 2781 905 ἐχω
2809 833 2938 907 γάρ.

2167 1013 2290 1066 Ὅτι
2346 1013 2458 1066 οὐκ
2515 1011 2688 1066 ἔστιν
2721 1011 2794 1065 ἐν
2841 1009 2922 1077 τῷ
2959 1008 3195 1076 θανάτῳ
3218 1012 3250 1064 ὁ
3271 1008 3678 1079 μνημονεύων

2094 1118 2232 1158 σου.
2294 1102 2540 1156 Θάνατον
2592 1102 2750 1156 καλεῖ
2805 1104 2902 1173 τὴν
2955 1102 3256 1173 ἁμαρτίαν,
3297 1101 3373 1165 ὡς
3436 1101 3674 1154 θανάτου

2095 1195 2386 1267 ιιτρὸξενον⁹
2434 1195 2715 1267 καταρχὰς
2754 1195 2862 1266 γὰρ
2906 1195 2939 1264 ἡ
2980 1192 3249 1264 ἁμαρτία,
3304 1192 3394 1246 τὸν
3439 1191 3674 1245 θάνατον

2095 1289 2489 1358 ἐπεισήγαγεν.
2541 1288 2679 1356 Φησὶ
2711 1286 2864 1355 γοῦν,
2903 1287 2979 1352 ὼς
3012 1285 3041 1337 ὁ
3066 1286 3166 1356 τὴν
3199 1283 3474 1355 ἁμαρτίαν
3500 1283 3675 1352 πράτ-

2093 1398 2224 1445 των,
2257 1381 2318 1434 οὐ
2353 1379 2688 1450 μνημονεύει
2719 1378 3024 1448 τηνικαῦτα
3063 1376 3222 1442 Θεοῦ,
3256 1375 3476 1445 μεθύων
3507 1376 3666 1444 αὐτῇ,

2094 1473 2190 1526 καὶ
2211 1470 2644 1540 πεπωρωμένος.
2697 1469 2769 1522 Ἥ
2805 1467 3034 1522 θάνατον
3073 1466 3224 1535 λέγει
3267 1465 3358 1520 τὸν
3409 1464 3519 1518 ἀπὸ
3568 1463 3674 1530 τῆς

2092 1560 2350 1627 τελευτῆς
2379 1557 2600 1627 καιρόν·
2636 1556 2757 1626 μεθ’
2786 1555 2815 1608 ὃ
2863 1555 2972 1626 γὰρ
3001 1554 3318 1625 τελευτήσει
3362 1570 3467 1616 τις,
3500 1552 3671 1621 ἀφαι-

2097 1657 2272 1726 ρεῖται
2301 1652 2362 1706 τὸ
2391 1649 2778 1722 μνημονεύειν,
2805 1650 2926 1720 ἢτοι
2968 1647 3309 1718 παρακαλεῖν
3357 1647 3450 1701 τὸν
3487 1645 3624 1699 Θεόν
3652 1660 3670 1676 ο

2093 1747 2327 1815 ἀνόνητα
2348 1745 2476 1814 γάρ.

2025 1820 2068 1878 Β
2177 1839 2274 1892 Ἐν
2303 1835 2372 1890 δὲ
2409 1835 2490 1902 τῷ
2519 1835 2655 1904 ἅδῃ,
2689 1835 2780 1900 τίς
2817 1831 3333 1904 ἐξομολογήσεται
3365 1845 3506 1895 σοι;
3558 1829 3673 1901 Πρὸ

2095 1929 2189 1983 τοῦ
2222 1929 2454 1984 Θανάτου
2483 1928 2592 1998 γὰρ
2627 1928 2660 1999 ἠ
2693 1926 2954 1998 μετάνοια
2997 1925 3206 1995 γίνεται
3230 1940 3244 1956 ο
3301 1922 3361 1977 τὸ
3419 1920 3672 1976 ἐντεῦθεν

2093 2021 2172 2087 δὲ,
2203 2020 2394 2092 καιρὸς
2434 2020 2593 2091 μόνον
2621 2019 3050 2082 ἀνταποδόσεως.

2178 2110 2592 2167 Ἐκοπίασαέν
2612 2109 2692 2177 τῷ
2724 2108 3042 2180 στεναγμῷ
3074 2184 3080 2190 ι
3091 2125 3232 2179 μου,
3283 2108 3492 2164 λούσω
3539 2101 3670 2159 καθ’

2093 2205 2364 2274 ἑκάστην
2389 2207 2580 2262 νύκτα
2608 2205 2724 2274 τὴν
2752 2204 2972 2271 κλίνην
2991 2219 3134 2273 μου,
3164 2202 3234 2256 ἐν
3265 2200 3530 2270 δάκρυσί
3549 2215 3673 2268 μου

2093 2298 2210 2368 τὴν
2245 2297 2570 2368 στρωμνήν
2592 2315 2713 2368 μου
2745 2295 2970 2366 βρέεω.
3021 2296 3140 2366 Οὐχ
3197 2293 3384 2358 ἁπλῶς
3437 2292 3668 2362 ἔκαμον,

2094 2390 2233 2445 ἀλλὰ
2285 2389 2380 2445 καὶ
2411 2389 2702 2454 ἐκοπίασα,
2737 2387 3014 2452 στενάζων
3046 2402 3060 2417 ·
3096 2384 3256 2440 τοῦτο
3307 2385 3418 2454 γὰρ
3468 2381 3667 2436 ἐπίτα-

2097 2491 2212 2544 σις⁶
2243 2479 2340 2535 καὶ
2380 2480 2482 2552 οὐχ
2508 2479 2700 2544 ἁπλῶς
2726 2479 3003 2550 δακρύσω,
3038 2475 3179 2532 ἀλλὰ
3209 2476 3303 2529 καὶ
3349 2473 3530 2528 λούσω
3570 2471 3670 2544 τὴν

2094 2571 2284 2643 κλίνην
2325 2587 2450 2642 μου,
2479 2570 2576 2626 καὶ
2595 2571 2694 2642 οὐχ
2718 2569 2863 2636 ἅπαξ
2901 2571 2935 2642 ἢ
2983 2569 3088 2635 δὶς,
3113 2567 3249 2622 ἀλλὰ
3279 2567 3403 2622 καθ’
3430 2567 3670 2636 ἑκάστην

2095 2664 2287 2719 νύκτα.
2339 2665 2495 2718 Ἐπεὶ
2521 2663 2632 2735 γὰρ
2665 2665 2728 2716 ἐν
2756 2664 2994 2734 ἡμέραις
3017 2659 3357 2732 περισπῶσιν
3405 2659 3462 2712 αἱ
3501 2673 3670 2728 φρον-

2095 2753 2260 2819 τίδες,
2285 2752 2378 2807 τὸν
2399 2755 2501 2824 τῆς
2555 2751 2919 2816 ἀναπαύσεως
2971 2750 3184 2822 καιρὸν,
3225 2747 3672 2820 ἐξομολογήσεως

2096 2843 2290 2915 καιρὸν
2329 2842 2440 2912 ἐγὼ
2471 2843 2796 2914 ποιήσομαι,
2819 2841 3051 2913 μηδενὸς
3077 2840 3428 2912 ἐνοχλοῦντος
3452 2857 3468 2872 ο
3513 2837 3670 2892 abba-

2095 2950 2187 2997 τος
2237 2933 2347 3003 γὰρ
2393 2935 2421 2987 ὁ
2470 2933 2662 3004 καιρὸς
2718 2926 2874 2998 οὗτος
2935 2933 3018 2997 είς
3079 2931 3390 3002 μετάνοιαν.
3445 2930 3553 2984 Τοῦ
3613 2929 3672 2984 δὲ

2094 3026 2331 3090 Λυύσω,
2360 3026 2454 3080 καὶ
2482 3025 2591 3078 τῶν
2621 3025 2780 3096 ἑξῆς,
2808 3024 2889 3090 τὸ,
2956 3026 3060 3080 Ἐν
3091 3023 3351 3094 δάκρυσί
3391 3040 3536 3094 μου,
3573 3022 3673 3076 καὶ

420 3139 544 3193 pus.
582 3120 737 3188 Quod
771 3134 898 3175 vero
929 3118 1005 3173 ait
1033 3133 1055 3175 :
1093 3117 1368 3189 Laerymis
1402 3119 1532 3172 meis
1561 3127 1791 3172 stratum
1820 3135 1991 3174 meum

2107 3116 2166 3172 τὰ
2185 3117 2334 3189 ἐξῆς,
2357 3119 2453 3188 ἐφε
2463 3118 2802 3190 ρμηνευτικά
2823 3118 2990 3184 ἐστιν,
3007 3117 3086 3182 ὡς
3112 3117 3441 3189 σαφέστερα.
3481 3113 3677 3169 Ἀκού-

423 3212 627 3285 rigabo,
681 3209 989 3281 expositive
1047 3209 1253 3263 dictum
1291 3214 1378 3264 est
1425 3209 1490 3262 ad
1525 3207 1909 3279 praecedentia,
1940 3217 1991 3262 et

2107 3223 2284 3280 σωμεν
2348 3209 2403 3263 oi
2457 3206 2668 3262 ἰδιῶται
2705 3207 2970 3279 βασιλέως
3011 3206 3326 3280 μετάνοιαν,
3354 3207 3448 3260 καὶ
3494 3205 3676 3276 ζηλώ-

423 3303 492 3357 ad
521 3303 811 3357 clariorem
867 3313 1090 3354 sensum
1140 3299 1360 3353 illorum
1407 3297 1701 3354 verborum
1735 3313 1751 3350 :
1781 3296 1991 3352 Lavabo

2107 3315 2307 3370 σωμεν.
2346 3299 2718 3369 Προϐάλλεται
2743 3299 2800 3353 δὲ
2833 3299 3014 3354 ταῦτα
3037 3301 3118 3364 είς
3151 3297 3410 3372 ἀφορμὴν
3464 3298 3672 3362 ἐλέους,

419 3409 514 3463 per
538 3393 777 3461 singulas
807 3398 985 3444 noctes
1031 3389 1224 3443 lectum
1284 3405 1477 3443 meum.
1537 3389 1843 3445 Audiamus
1866 3404 1991 3446 vero

2107 3390 2190 3445 ῐνα
2229 3390 2552 3462 καὶμᾶλλον
2582 3391 2780 3463 κάμψῃ
2811 3391 2900 3445 τὸν
2941 3390 3342 3462 εῦσπλαγχνον,
3405 3390 3482 3461 μή
3538 3404 3672 3442 ποτε

419 3497 523 3537 nos
585 3479 904 3536 homunculi
945 3477 1079 3532 tanti
1131 3475 1278 3548 regis
1311 3476 1717 3548 penitentiam,
1760 3491 1991 3548 eamque

2107 3481 2161 3534 τὸ
2189 3481 2289 3550 τῆς
2325 3479 2697 3551 ταλαιπωρίας
2742 3481 3082 3558 ὑπερϐάλλον
3121 3480 3438 3553 καταδάλλη
3468 3481 3567 3551 τὴν
3611 3481 3674 3531 ἐν

422 3574 719 3636 imitemur.
746 3568 984 3624 Protulit
1011 3575 1190 3621 autent
1225 3567 1340 3621 haec
1370 3567 1540 3622 verba
1572 3567 1766 3624 beatus
1797 3567 1991 3634 David,

2107 3571 2249 3643 αὐτῷ
2276 3571 2528 3642 δύναμιν,
2561 3575 2656 3627 καὶ
2678 3575 2952 3647 ἄχρηστον
2979 3575 3384 3646 ἀπεργάσηται.

421 3667 488 3721 ad
510 3663 855 3719 excitandam
891 3662 946 3715 in
978 3674 1038 3716 se
1070 3659 1506 3714 misericordiam
1538 3660 1653 3728 Dei,
1688 3669 1856 3732 utque
1899 3664 1967 3718 ad
2001 3679 2122 3721 eam
2156 3665 2325 3724 Deum
2357 3669 2532 3740 magis
2555 3667 2796 3725 ﬂecteret
2849 3688 2863 3725 :
2920 3685 2990 3726 ne
3049 3671 3344 3741 aliquando
3413 3667 3671 3740 fortassis

421 3757 647 3828 grandis
693 3753 1072 3809 calamitatum
1106 3753 1362 3830 cumulus
1410 3753 1555 3809 vires
1581 3769 1710 3813 suas
1743 3765 2139 3828 prosterneret,
2162 3768 2325 3832 atque
2356 3777 2482 3818 eum
2515 3762 2763 3818 inutilem
2794 3763 3068 3820 redderet.

492 3849 662 3907 .Vuts.
693 3849 748 3905 8.
778 3846 1044 3903 Turbatus
1060 3857 1140 3902 est
1164 3862 1196 3902 α
1220 3847 1400 3916 furore
1427 3849 1614 3904 oculus
1649 3866 1812 3906 meus.
1848 3850 1991 3906 Ocu-

2185 3855 2509 3927 Ἐταρὰχθη
2539 3858 2658 3912 ἀπὸ
2681 3858 2871 3928 θυμοῦ
2893 3861 2928 3914 ὁ
2953 3859 3262 3930 ὀφθαλμός
3283 3877 3423 3930 μου.
3479 3860 3540 3914 '0
3573 3860 3673 3930 τῆς

411 3943 507 3998 ius
539 3941 737 3995 animae
788 3938 1026 4005 scilicet,
1091 3938 1194 3993 hoc
1239 3947 1324 3993 est
1353 3953 1508 3996 mens
1537 3955 1680 3996 mea.
1722 3941 1991 4000 Conside-

2107 3945 2278 4017 ψυχῆς
2311 3948 2535 4020 δηλαδὴ,
2566 3950 2845 4005 τουτέστιν
2889 3951 2919 4004 ὀ
2950 3949 3074 4016 νοῦς
3100 3967 3116 3983 ο
3167 3951 3367 4006 ἐννοῶν
3424 3953 3534 4024 γὰρ
3577 3953 3672 4008 τὸν

419 4047 550 4087 rans
575 4031 719 4085 enim
743 4044 866 4100 ego,
898 4028 1098 4098 inquit,
1148 4027 1390 4084 furorem
1443 4028 1711 4086 adversus
1736 4041 1991 4101 peccato-

2107 4037 2272 4109 θυμόν
2304 4056 2426 4106 σου,
2465 4039 2556 4094 τὸν
2594 4043 2652 4096 ἐν
2667 4041 2852 4114 ἠμίρςι
2880 4043 3117 4115 κρίσεως
3144 4042 3285 4096 κατὰ
3329 4043 3438 4098 τῶν
3481 4043 3670 4115 ἁμαρ-

420 4139 532 4188 res,
569 4124 624 4178 in
655 4122 744 4176 die
788 4119 1012 4191 iudicii,
1043 4121 1400 4176 vehementer
1447 4122 1808 4192 perturbatus
1836 4139 1990 4179 sum.

2107 4129 2306 4196 τωλῶν,
2365 4130 2485 4186 λίαν
2525 4131 2907 4204 τεθορύϐηται.
2967 4133 3270 4205 Προσφυῶς
3326 4135 3384 4189 δέ
3422 4135 3513 4190 τὸν
3541 4135 3670 4190 νοῦν

419 4217 671 4286 Congrue
713 4227 841 4269 vero
911 4221 1147 4269 mentem
1207 4215 1384 4283 ipsam
1411 4214 1645 4268 oculum
1673 4215 1991 4284 appellavit,

2107 4219 2377 4292 ὀφθαλμὸν
2415 4223 2694 4291 ἐκάλεσεν,
2727 4224 2804 4290 ὡς
2862 4225 3162 4297 ὁδηγοῦντα
3217 4226 3313 4280 τὸν
3357 4227 3672 4298 ἄνθρωπον.

420 4309 587 4362 veluti
651 4307 746 4376 qui
793 4305 1087 4360 itineribus
1143 4303 1398 4360 omnibus
1465 4304 1578 4360 dux
1625 4303 1912 4362 esu-Nam
1939 4315 1991 4361 et

2107 4312 2248 4377 Νοῦς
2279 4314 2388 4387 γὰρ
2415 4317 2538 4386 ὁρᾷ,
2573 4319 2666 4370 καὶ
2693 4316 2818 4382 νοῦς
2849 4317 3059 4374 ἀκούει.
3120 4318 3278 4383 Τινὲς
3325 4319 3383 4374 δέ
3426 4319 3521 4372 καὶ
3573 4319 3670 4374 τὸν

420 4417 577 4456 tuens
615 4399 760 4455 videt
819 4407 876 4453 et
907 4396 1081 4452 audit.
1137 4397 1317 4466 Aliqui
1352 4397 1516 4453 etiam
1548 4397 1739 4454 dicunt
1765 4399 1988 4455 oculum

2107 4403 2193 4456 τοῦ
2226 4402 2478 4475 σώματος
2503 4405 2784 4476 ὀφθαλμὸν
2815 4407 2983 4462 αὐτοῦ
3015 4411 3149 4479 φασὶ
3172 4409 3526 4480 τεταράχθαι,
3569 4409 3672 4462 θυ-

399 4492 672 4562 corporis
695 4492 842 4546 beati
877 4490 1047 4545 David
1080 4490 1458 4560 perturbatum
1483 4488 1678 4558 fuisse,
1721 4505 1848 4545 cum
1876 4495 1991 4547 ira-

2107 4495 2376 4564 μουμένου
2411 4496 2557 4550 κατά
2585 4497 2695 4551 τῶν
2717 4496 2928 4568 ἐχθρῶν
2961 4515 2976 4532 ·
3013 4499 3145 4555 ίδιον
3189 4499 3299 4571 γὰρ
3351 4499 3504 4553 τουτὶ
3559 4499 3671 4552 τῶν

424 4593 514 4638 Ius
543 4589 694 4638 esset
718 4579 1001 4648 ,adversus
1060 4580 1338 4636 inimicos.
1381 4577 1675 4649 Proprium
1735 4581 1882 4637 enim
1931 4596 1991 4638 ac

2107 4586 2238 4655 Ιγαν
2268 4586 2660 4658 ὀργιζομένων.

422 4674 817 4742 peculiare-est
853 4671 922 4728 iis
953 4671 1048 4742 qui
1099 4671 1438 4736 irascuntur,
1469 4679 1528 4725 ut
1556 4669 1704 4726 oculi
1745 4671 1828 4727 eis
1879 4679 1996 4726 tur-

423 4764 642 4817 bentur.

494 4853 823 4907 luveteratus
861 4868 976 4906 sum
1013 4855 1147 4907 inter
1177 4868 1354 4909 omnes
1398 4853 1642 4909 inimicos
1692 4869 1856 4908 meos.
1886 4852 1995 4909 Vc-

420 4944 811 5000 tcrascentiunt
841 4945 1293 5000 vestimentorum
1326 4944 1503 5000 instar
1550 4945 1832 5016 neglectus
1869 4960 1991 5001 sum

421 5049 486 5090 ac
511 5035 810 5105 vilipensus
855 5035 924 5089 ab
961 5034 1212 5092 .iuiuticis
1248 5035 1385 5090 meis
1433 5051 1448 5090 :
1508 5036 1602 5107 qui
1651 5043 1830 5093 tamen
1867 5045 1994 5092 ante

419 5126 714 5186 commissa
736 5140 766 5180 a
809 5141 894 5180 me
918 5125 1136 5190 delicta,
1169 5127 1435 5182 timebant
1467 5141 1578 5184 me.
1626 5126 1724 5182 Vel
1780 5125 1986 5182 [noete-

419 5226 567 5271 ratus
599 5233 737 5280 sum,
773 5217 875 5270 hoc
916 5226 1000 5270 est
1043 5215 1276 5270 debilior
1319 5216 1568 5275 edoctus.
1613 5215 1793 5274 Senes
1838 5219 1986 5273 enim

418 5309 710 5366 debiliores
727 5308 964 5364 viribus.
979 5306 1118 5362 elliei
1149 5307 1350 5363 solent.

482 5398 656 5455 Vsus.
707 5401 761 5455 9.
801 5399 1066 5453 Discedite
1116 5416 1150 5452 a
1204 5415 1285 5453 me
1324 5414 1502 5454 omnes
1558 5401 1648 5470 qui
1679 5404 1980 5472 operamini

419 5489 770 5560 iniquitatem.
801 5489 1056 5546 Sentietts
1077 5489 1192 5560 jam
1237 5504 1302 5546 ac
1341 5503 1679 5561 cognoscens
1733 5492 1978 5549 divinum

2178 4850 2593 4923 Ἔπωῑαιώθην
2616 4855 2688 4910 ἐν
2723 4853 2877 4913 πᾶσι
2901 4855 3025 4926 τοῖς
3045 4857 3284 4928 ἐχθροῖς
3314 4874 3456 4929 μου.
3499 4856 3669 4930 Δίκην

2092 4944 2202 4999 τῶν
2232 4944 2704 5018 πεπαλαιωμένων
2733 4948 2967 5018 ἱματίων
2996 4950 3303 5022 ἡτιμώθην,
3345 4952 3444 5006 καὶ
3498 4967 3668 5006 κατεο

2093 5035 2372 5108 φρονήθην
2414 5036 2520 5091 ὑπὸ
2546 5037 2656 5091 τῶν
2679 5038 2914 5110 ἐχθρῶν,
2935 5041 3044 5094 τῶν
3073 5042 3426 5114 φοϐουμένων
3453 5060 3523 5114 με
3557 5044 3668 5115 πρὸ

2095 5127 2193 5196 τῆς
2225 5128 2520 5198 ἁμαρτίας.
2553 5130 2624 5182 Ἢ
2652 5129 3060 5202 ὲπαλαιώθην,
3087 5133 3210 5189 ἀντὶ
3254 5134 3349 5189 τοῦ
3400 5135 3669 5210 Ἠσθένη-

2097 5232 2166 5271 σα
2197 5234 2211 5250 ·
2241 5220 2290 5272 οἱ
2323 5219 2544 5292 γηραιοὶ
2574 5222 2706 5293 γὰρ,
2738 5221 3004 5286 ἀσθενεῖς.

2175 5396 2508 5467 Ἀπόστητε
2539 5398 2643 5454 ἀπ’
2681 5399 2829 5470 ἐμοῦ
2847 5440 2864 5468 ,
2918 5401 3144 5470 πάντες
3185 5404 3244 5460 oi
3290 5403 3666 5475 ἐργαζόμενοι

2062 5489 2206 5560 οτὴν
2241 5491 2521 5563 ἀνομίαν.
2557 5494 2888 5567 Δίσθόμενος
2923 5496 3025 5570 ἠδη
3044 5496 3145 5569 τῆς
3171 5497 3328 5572 παρὰ
3348 5497 3486 5555 Θεοῦ
3515 5516 3664 5572 συμ-

1731 5666 1930 5728 Varite
1957 5665 2290 5730 lectiones.

479 5762 606 5833 (51)
660 5761 848 5819 Gratca
893 5764 1053 5821 verba
1088 5764 1182 5837 sic
1217 5783 1232 5824 :
1274 5765 1410 5823 Ante
1459 5775 1677 5824 mortem
1725 5769 1863 5824 enim
1899 5770 1972 5839 ﬁt
2011 5771 2335 5833 omnitentia.
