3970 6554
1647 421 1686 442 ι,

301 529 419 593 U3

1476 518 1862 584 COMMENT.
1902 517 1982 579 IN
2017 517 2380 576 PSALMOS.

3469 505 3568 570 117+

299 643 540 713 μαχίας,
581 640 902 712 ἀναθαρρεῖ,
938 638 1186 702 καὶτοὺς
1218 637 1446 708 ἐχθροὺς
1482 634 1734 689 ἐντεῦθεν
1794 650 1886 702 φοι

1996 630 2098 686 sibi
2131 638 2329 701 praesto
2365 641 2487 683 esse
2521 624 2784 680 auxilium
2814 662 2829 689 ,
2869 622 3131 677 ﬁduciam
3183 621 3460 678 ostendit:
3503 628 3571 676 et

293 735 418 799 Βεῖ,
448 732 545 785 καὶ
577 730 801 801 φεύγειν
830 729 1202 800 ὲγκελεύεται,
1231 728 1341 781 εἴτε
1369 725 1557 798 δρατοὶ
1603 721 1734 788 εἷεν,
1777 720 1886 775 εἴτε

293 828 558 895 ἀόρατοι.

387 917 517 971 Ὅτι
578 916 954 984 είσήκουσεν
1001 912 1119 980 τὴν
1176 913 1390 982 φωνὴν
1416 911 1522 966 τοῦ
1574 903 1887 976 κλαυθμοῦ

293 1025 449 1074 μου,
479 1007 709 1076 ἥκουοέ
739 1007 956 1074 Κύριος
1015 1005 1124 1074 τῆς
1171 1004 1436 1073 δεήσεώς
1477 1020 1616 1074 μου,
1675 1001 1889 1069 Κύριος

295 1099 426 1164 τήν
461 1096 816 1166 προσευχήν
858 1113 972 1166 μου
998 1095 1428 1166 προσεδέξατο.
1458 1093 1648 1147 Ταῦτα
1675 1090 1889 1160 τίθησιν

295 1190 463 1241 αἴτια
491 1187 585 1241 τοῦ
620 1187 826 1241 οἰκείου
863 1187 1126 1256 θάρσους,
1161 1188 1255 1240 καὶ
1286 1184 1387 1254 τῆς
1423 1183 1649 1238 ικείνων
1679 1179 1882 1251 φυγῆς.

298 1280 387 1331 Ἣ
416 1277 546 1346 γοῦν
573 1275 644 1331 τὰ
691 1276 819 1347 τρία
871 1274 1045 1330 ταῦτα
1077 1275 1434 1346 σημαίνουσιν
1463 1273 1541 1337 ὡς
1593 1271 1651 1324 ὲν
1707 1268 1888 1329 ἄλλοις

289 1369 644 1437 εἰρήκαμεν.
674 1365 746 1418 Ἦ
777 1365 966 1429 ἐπειδὴ
1001 1364 1179 1419 κλαίει
1205 1383 1288 1429 τις
1318 1365 1414 1419 καὶ
1450 1356 1544 1416 Eni.
1583 1358 1763 1430 πενίᾳ,
1793 1361 1888 1411 καὶ

294 1457 580 1519 τοιούτοις
606 1457 739 1521 τισὶ,
773 1455 864 1510 διὰ
886 1456 988 1526 τῆς
1019 1457 1258 1529 δεήσεως
1288 1453 1551 1509 διέστειλε
1576 1451 1670 1505 τοῦ
1717 1449 1886 1503 κλαυ-

195 1555 205 1568 ’
293 1548 450 1618 θμοῧ
475 1541 574 1622 τὴν
605 1553 954 1620 ὁμωνυμίαν,
991 1551 1050 1614 ὃς
1084 1551 1179 1605 ἐπὶ
1229 1550 1413 1621 δεήσει
1442 1546 1694 1620 βοηθείας
1727 1543 1886 1613 γέγο-

294 1659 421 1696 νεν.
473 1643 537 1696 Ἥ
567 1643 624 1698 δὲ
653 1644 929 1716 προσευχὴ
961 1643 1124 1698 πάλιν
1159 1641 1341 1712 ὲτέθη,
1369 1639 1605 1711 δηλοῦσα
1639 1637 1738 1708 τὴν
1768 1633 1890 1688 ὲπί-

293 1749 468 1786 τασιν
495 1734 593 1804 τῆς
615 1735 876 1805 δεήσεως.

1997 720 2246 775 inimicos
2283 724 2598 788 perterrens
2625 757 2641 782 ,
2695 732 2792 771 seu
2832 714 3094 771 visibiles
3130 729 3227 770 seu
3267 711 3573 769 invisibiles

1995 810 2072 865 illi
2103 809 2236 874 sint,
2261 807 2523 877 aufugere
2546 821 2643 862 eos
2668 805 2846 875 jubet.

2069 902 2233 956 Vens.
2265 900 2352 956 lO.
2379 900 2641 967 Quoniam
2666 899 2934 952 exaudivit
2953 898 3206 952 Dominus
3229 915 3399 952 vocem
3417 900 3572 969 ﬂetur

1996 993 2097 1046 mei
2129 1034 2145 1058 ,
2183 990 2454 1046 exaudivit
2480 989 2742 1043 Dominus
2785 987 3202 1055 deprecationem
3239 978 3572 1052 ιιιεαιγιζοο-

1996 1084 2172 1138 minus
2202 1082 2494 1138 oralionem
2520 1097 2689 1135 meam
2720 1081 2968 1149 suscepit.
2990 1079 3114 1135 Hznc
3132 1082 3315 1136 omnia
3342 1096 3568 1136 causam

1995 1191 2119 1232 esse
2146 1175 2278 1231 dicit
2316 1175 2527 1230 ﬁduciae
2555 1189 2668 1230 sua:
2709 1172 3034 1244 timorisque
3082 1173 3288 1245 pariter
3321 1186 3386 1228 ac
3429 1172 3571 1242 fugae

1996 1267 2370 1324 inimicorum.
2401 1267 2529 1322 Tria
2565 1281 2695 1322 vero
2740 1265 2854 1320 haec
2885 1265 2940 1320 in
2987 1266 3244 1336 praesenti
3295 1266 3569 1322 versiculo

1994 1359 2160 1423 dicta,
2195 1358 2444 1414 eumdem
2477 1357 2645 1413 habet
2669 1372 2917 1423 sensum,
2975 1370 3032 1412 ut
3067 1358 3196 1413 alibi
3226 1359 3389 1414 etiam
3421 1359 3570 1413 dixi"-

1993 1466 2139 1507 tnus.
2176 1449 2270 1507 Vel
2322 1450 2502 1514 aliter,
2557 1449 2688 1518 quia
2718 1449 2788 1504 ob
2838 1459 3210 1520 paupertatem
3241 1491 3256 1514 ,
3292 1457 3387 1504 aut
3429 1449 3566 1504 alias

1994 1541 2262 1613 ejusmodi
2291 1540 2563 1606 miserias,
2597 1555 2972 1611 saepenumero
3030 1541 3185 1595 multi
3235 1541 3435 1596 deflere
3479 1556 3570 1596 so-

1995 1631 2146 1698 lent,
2175 1631 2596 1704 supplicationis
2619 1630 2916 1697 vocabulo,
2948 1631 3437 1702 requivocati‘onem
3471 1633 3566 1687 ﬂc-

1997 1732 2086 1778 tus
2117 1722 2372 1778 distinxit
2399 1763 2415 1789 ,
2441 1723 2535 1794 qui
2558 1721 2624 1775 ad
2648 1721 3084 1792 coadjuvandam
3109 1725 3566 1795 supplicationem

299 1826 688 1890 ῖηιετΐιιῐινει
721 1826 788 1881 ad
823 1827 961 1895 haec,
1027 1828 1295 1887 orationis
1353 1828 1520 1887 etiam
1577 1835 1776 1880 nomen
1834 1813 2127 1884 adiunxit,
2200 1823 2260 1870 ut
2312 1815 2574 1886 majorem
2624 1828 2844 1885 precum
2926 1831 3147 1872 suarum
3199 1816 3568 1872 intensionem

293 1924 610 1978 denotarct.

365 2010 861 2081 Αἱσχυνθειήοάν
906 2013 1006 2068 καὶ
1056 2015 1504 2086 ταραχθείησαν
1546 2011 1771 2076 πάντες
1832 2004 1886 2061 οι

2066 1997 2229 2056 νεεδ.
2265 2001 2350 2056 Η.
2377 2000 2706 2056 Erubescant
2734 2013 2785 2057 et
2820 2002 3204 2060 eonturbentur.
3247 2017 3423 2055 omnes
3463 2001 3569 2054 ini‘

291 2102 511 2170 ἐχθροί
555 2121 692 2172 μου.
745 2105 822 2158 Τὸ
866 2107 1166 2178 γνωρισθὲν
1230 2108 1379 2179 αὐτῷ
1441 2106 1753 2179 παρακαλεῖ
1788 2123 1885 2159 τα-

293 2195 370 2264 χὺ
409 2194 584 2266 πέρας
634 2195 819 2250 λαϐεῖν
853 2215 868 2232 ο
902 2199 999 2254 καὶ
1047 2200 1167 2263 πῶς
1263 2202 1374 2273 γὰρ
1426 2202 1527 2257 οὐκ
1587 2203 1887 2272 αίσχυνθή-

297 2305 498 2341 σονται
525 2328 540 2352 ,
584 2289 818 2358 ματαίας
870 2291 1070 2357 ἰδόντες
1101 2293 1201 2360 τὰς
1258 2295 1470 2349 ἑαυτῶν
1506 2295 1753 2360 ἐλπίδας,
1807 2295 1884 2360 ὡς

295 2374 637 2446 εὐχείρωτος
679 2377 832 2433 ἔσται
900 2381 1130 2448 τούτοις,
1185 2383 1498 2452 γυμνωθεὶς
1535 2384 1637 2454 τῆς
1675 2382 1886 2438 ἄνωθεν

259 2467 620 2536 εὐμενείας,
661 2473 756 2526 καὶ
785 2472 1165 2544 αἰσχυνθέντες
1193 2517 1208 2542 ,
1273 2475 1392 2542 πῶς
1435 2476 1498 2531 οὐ
1541 2476 1885 2549 φοϐηθήσον-

294 2577 398 2616 ται
430 2578 450 2629 ς

391 2821 961 2893 ’Δποστραςρείησαν
981 2825 1080 2880 καὶ
1109 2827 1707 2897 καταισχωθεὶησαν
1735 2829 1885 2898 σφό-

296 2913 421 2982 δρα
446 2913 545 2969 διὰ
574 2915 820 2986 τάχους.
845 2918 1031 2983 Οὕτως
1077 2919 1135 2973 δὲ
1166 2919 1407 2991 ἔχοντες,
1457 2923 1538 2985 είς
1593 2920 1660 2974 τὰ
1707 2921 1886 2976 ὀπίσω

297 3008 656 3079 χωρήσουσιν
685 3024 700 3039 ·
732 3011 794 3064 τὸ
825 3011 883 3065 δὲ
913 3015 1542 3083 Καταισχυνθειησαν,
1565 3014 1666 3084 τῆς
1687 3013 1885 3085 αἰσχύ.

302 3117 410 3170 νης
441 3101 590 3156 ιστὶν
615 3101 888 3165 ἐπίτασις.
919 3105 994 3158 Τὸ
1035 3105 1219 3176 μέντοι
1249 3107 1488 3176 σφόδρα
1516 3107 1614 3163 διὰ
1637 3107 1881 3177 τάχους,

301 3193 426 3255 τοῖς
465 3193 740 3259 εὖκτικοῖς
787 3195 1002 3261 τούτοις
1064 3199 1200 3252 πᾶσι
1249 3199 1596 3265 συντακτέον,
1653 3201 1749 3254 τοῦ
1792 3201 1882 3255 εὐέ-

305 3285 544 3353 χομένου
575 3284 864 3356 ζητοῦντος
889 3288 1077 3359 τάχιον
1107 3290 1306 3354 αὐτοὺς
1328 3290 1519 3344 παθεῖν
1543 3291 1611 3345 τὰ
1632 3291 1876 3348 τοιαῦτα.

307 3373 474 3438 Τινὲς
506 3376 562 3428 δέ
594 3395 775 3447 φασιν,
806 3378 1068 3444 εὔξασθαι
1112 3381 1330 3451 μᾶλλον,
1373 3382 1512 3436 ἀλλὰ
1557 3384 1644 3455 μὴ,
1687 3385 1885 3440 κατεύὲ

309 3462 514 3530 ξασθαι
533 3465 629 3519 νῦν
661 3466 756 3521 τὸν
780 3467 1033 3537 λέγοντα,
1063 3471 1318 3541 δεόμενον
1345 3471 1488 3544 ὑπὲρ
1515 3473 1623 3528 τῶν
1674 3475 1886 3546 ἐχθρῶν

308 3557 692 3628 αἰσχυνθῆναι,
735 3561 945 3633 πονηρὰ
981 3561 1425 3634 βουλευομένους,
1457 3565 1552 3620 καὶ
1581 3567 1886 3639 φοϐηθῆναι

302 3649 404 3700 τὸν
426 3649 816 3721 συμμαχοῦντα
843 3651 1019 3723 τούτῳ
1036 3653 1187 3719 Θεδν,
1219 3655 1319 3710 καὶ
1336 3655 1760 3730 ἀποστραφῆναι
1788 3659 1886 3730 τὴν

309 3741 644 3812 μοχθηρίαν,
671 3744 765 3796 καὶ
787 3742 933 3798 οὕτω
961 3744 1352 3818 βελτιωθῆναι..

311 3921 565 3991 Ψαλμὸς
610 3921 690 3988 τῷ
742 3921 918 3978 Δαὸίδ
961 3925 1034 3979 δν
1071 3921 1188 3997 ᾖσε
1236 3924 1316 3992 τῷ
1346 3929 1542 3996 Κυρίῳ
1584 3929 1734 3998 ὑπὲρ
1773 3928 1887 3984 τῶν

670 4017 870 4088 λόγων
888 4019 1077 4074 Χουσὶ
1113 4018 1248 4076 υἱοῦ
1283 4019 1536 4090 Ἰεμενεῖ.

891 4110 1187 4192 nanos
1229 4111 1308 4170 z'.

385 4206 549 4258 Δοκεῖ
593 4221 709 4268 πως
751 4202 1010 4267 ἐναντίως
1037 4203 1182 4274 ἔχειν
1219 4205 1252 4276 ἡ
1285 4205 1568 4279 ἐπιγραφὴ
1599 4207 1736 4279 πρὸς
1788 4209 1888 4282 τὴν

308 4297 372 4348 ἔν
400 4297 523 4358 ταῖς
550 4294 863 4358 Βασιλείαις
885 4293 1148 4365 ἱστορίαν,
1174 4294 1310 4351 ἔνθα
1349 4296 1419 4350 τὰ
1450 4299 1597 4352 κατὰ
1642 4300 1734 4353 τὸν
1783 4303 1887 4354 Δα-

307 4388 400 4439 διδ
462 4387 900 4460 ἀναγέγραπται.
958 4388 1071 4442 Καὶ
1119 4387 1250 4457 γὰρ,
1314 4388 1487 4443 ὲκεῖὸ
1539 4392 1737 4459 Χουσὶ,
1773 4395 1888 4458 υἱὸς

321 4478 541 4548 Ἀραχὶ,
571 4478 707 4532 ἀλλὰ
732 4479 833 4532 οὐκ
879 4478 1127 4550 Ἰεμενεὶ,
1155 4479 1459 4552 ἱστόρηται.
1513 4481 1888 4553 Συμὸισάζον-

309 4588 400 4623 ται
440 4569 683 4624 δὲταῦτα
716 4570 915 4642 τρόπον
943 4570 1004 4623 ὃν
1032 4569 1286 4642 ἐροῦμεν,
1314 4571 1347 4642 ἢ
1391 4573 1473 4626 δτι
1510 4572 1778 4647 διώνυμος
1821 4572 1890 4648 ἦν

1989 2095 2114 2149 mici
2143 2097 2264 2150 mei.
2309 2097 2488 2168 Rogat
2540 2107 2597 2151 ut
2653 2112 2774 2167 qua:
2823 2096 2926 2152 sibi
2983 2095 3206 2150 fuerunt
3257 2093 3586 2164 significata-

1987 2204 2150 2260 quam
2176 2190 2521 2244 celerrimum
2575 2189 2734 2246 finem
2765 2197 3198 2260 consequantur.
3231 2185 3566 2242 Erub‘cscant

1986 2289 2167 2336 autem
2200 2279 2551 2350 ejusinimici
2574 2323 2586 2343 ,
2636 2288 2926 2335 cernentes
2962 2287 3257 2348 conceptas
3289 2292 3320 2332 a
3347 2292 3407 2332 se
3440 2291 3566 2347 Spes

1986 2373 2180 2427 inanes
2213 2371 2381 2427 fuisse
2407 2371 2542 2444 ('52).
2579 2372 2944 2442 Speraverant
2996 2370 3139 2426 enim
3181 2382 3341 2436 posse
3399 2381 3458 2421 se
3495 2367 3562 2420 de

1988 2464 2130 2519 facili
2149 2465 2200 2519 in
2227 2463 2444 2534 propria
2464 2470 2730 2532 potestate
2757 2462 2954 2516 habere
2979 2463 3194 2515 beatum
3220 2458 3412 2520 David,
3443 2458 3552 2513 vel-

1987 2556 2065 2609 uti
2131 2553 2314 2610 divina
2359 2553 2628 2624 privatum
2656 2551 3028 2606 benevolentia
3053 2567 3065 2604 :
3094 2551 3238 2620 quod
3255 2550 3300 2605 si
3321 2548 3560 2604 erubue-

1987 2647 2099 2702 rint
2119 2655 2173 2702 et
2207 2645 2415 2718 pudore
2451 2643 2669 2701 confusi
2696 2642 2921 2709 fuerint,
2955 2641 3229 2714 quomodo
3252 2654 3363 2696 non
3396 2641 3566 2696 etiam

1986 2737 2318 2792 timebunt?‘

2057 2827 2444 2886 Convertuntur
2479 2837 2528 2882 et
2559 2825 2959 2897 confundantur
2986 2824 3136 2880 valde
3173 2825 3437 2880 velociter.
3481 2825 3564 2879 lll‘i

1987 2921 2069 2975 sic
2095 2921 2395 2976 sentientes
2435 2928 2582 2974 retro
2609 2918 2827 2973 abeant.
2853 2917 2918 2971 Et
2968 2916 3132 2987 (quod
3167 2917 3285 2988 ait)
3316 2917 3559 2983 Cenfuno

1986 3011 2188 3066 dantur
2210 3049 2228 3077 ,
2264 3018 2617 3082 augmentum
2651 3019 2816 3080 atque
2860 3009 3228 3064 intensionem
3286 3007 3563 3078 signiﬁcat

1987 3105 2233 3175 pudoris.
2263 3104 2440 3160 Dictio
2468 3111 2648 3159 autem
2683 3141 2699 3168 ,
2753 3099 2918 3156 Valde
2960 3101 3208 3156 vetuiter
3229 3139 3245 3164 ,
3302 3098 3560 3154 omnibus

1989 3198 2074 3253 his
2113 3196 2295 3254 verbis
2325 3196 2689 3268 adiungenda
2728 3203 2833 3253 est.
2887 3193 3052 3264 Optat
3107 3205 3345 3263 namque
3396 3199 3564 3260 atque

1990 3291 2325 3360 imprecatur
2357 3289 2480 3345 illos
2519 3303 2684 3360 quam
2724 3287 2988 3344 citissime
3045 3287 3158 3341 haec
3193 3285 3376 3341 omnia
3424 3281 3559 3354 pati.

1989 3380 2222 3448 Quidam
2264 3379 2430 3434 verba
2466 3380 2585 3435 haec
2614 3379 2806 3435 dicunt
2841 3393 3061 3448 precum
3096 3377 3276 3447 potius
3300 3375 3560 3432 sitnilitun

1989 3471 2174 3526 dinem
2227 3469 2448 3533 habere,
2507 3483 2670 3540 quam
2709 3465 3117 3538 imprecationis
3158 3505 3175 3532 ,
3238 3472 3293 3522 et
3348 3463 3564 3535 precari

1990 3563 2312 3637 Prophetam
2363 3579 2461 3634 pro
2503 3561 2763 3627 inimicis,
2796 3569 2857 3614 ut
2908 3575 3002 3615 eos
3023 3560 3224 3630 pudeat
3268 3574 3560 3632 pravorum

1992 3656 2376 3721 consiliorum,
2431 3663 2490 3710 ut
2554 3655 2781 3710 timeant
2811 3650 2979 3707 Deum
3013 3651 3104 3721 qui
3149 3651 3252 3721 ipsi
3283 3650 3566 3720 Propheta:

1992 3747 2207 3818 adjutor
2273 3757 2378 3810 est,
2446 3755 2506 3802 ut
2571 3762 2599 3801 a
2651 3747 2867 3818 propria
2916 3747 3185 3819 pravitate
3235 3743 3520 3800 discedant
3547 3783 3576 3808 .,.

1991 3846 2156 3910 atque
2189 3839 2292 3893 hoc
2323 3845 2482 3909 pacto
2524 3837 2774 3894 meliores
2804 3837 2957 3893 ﬁant.
3333 3827 3342 3833 ’

1991 3931 2239 3986 Psalmus
2263 3931 2366 4000 ipsi
2396 3930 2570 3985 David
2602 3947 2752 4002 quem
2781 3929 2965 3985 cecinit
2992 3930 3223 3985 Domino
3263 3945 3359 3999 pro
3399 3927 3566 3983 verbis

2503 4019 2668 4074 Cltusi
2704 4021 2805 4089 ﬁlii
2831 4019 3056 4075 Jemeni.

2477 4111 2885 4168 PSALMUS
2933 4112 3077 4168 Vll.
3249 4167 3256 4175 .

2062 4205 2312 4270 Praesens
2353 4204 2640 4276 inscriptio
2667 4204 2884 4262 videtur
2935 4204 3048 4261 fere
3091 4205 3392 4276 pugnantia
3434 4219 3565 4261 con.

1993 4299 2168 4355 tinere
2207 4298 2293 4363 iis,
2326 4313 2446 4368 qua;
2469 4297 2522 4351 in
2556 4298 2784 4354 historia
2840 4295 3047 4369 Regum
3105 4297 3377 4352 habentur
3409 4336 3425 4362 ,
3472 4298 3566 4352 ubi

1994 4403 2142 4467 gesta
2169 4393 2313 4450 beati
2347 4391 2514 4448 David
2544 4407 2646 4449 suo
2677 4391 2870 4447 ordine
2898 4390 3210 4461 conscripta
3260 4399 3412 4445 sunt.
3449 4388 3565 4444 lliic

1991 4486 2136 4542 enim
2166 4485 2336 4540 Chusi
2372 4499 2480 4539 non
2509 4483 2718 4539 Jemeni
2753 4483 2923 4536 tilium
2966 4482 3138 4537 fuisse
3165 4481 3397 4553 legimus
3422 4521 3438 4546 ,
3470 4482 3567 4536 sed

1993 4577 2216 4633 Arachi.
2250 4577 2638 4632 Verumtamen
2667 4585 2816 4631 recte
2855 4574 3188 4631 conveniunt
3211 4574 3326 4629 hinc
3349 4617 3362 4636 ,
3391 4581 3452 4629 ut
3482 4573 3567 4628 diu

308 4663 340 4714 ὁ
363 4662 549 4732 πατὴρ
567 4660 755 4724 αὐτοῦ,
787 4661 820 4732 ἢ
851 4661 1082 4734 ἐπείπερ
1105 4662 1134 4715 δ
1164 4663 1338 4718 Χουσὶ
1366 4665 1652 4735 τυγχάνων
1683 4667 1882 4738 ἀρχι...

1996 4683 2186 4725 cemus
2218 4683 2232 4721 :
2262 4667 2346 4723 vel
2376 4666 2504 4738 quia
2537 4665 2735 4736 duplex
2773 4665 2934 4721 fuerit
2965 4682 3162 4722 nomen
3196 4665 3338 4736 patri
3369 4664 3564 4728 Chusi,

308 4751 408 4805 τοῦ
433 4751 622 4818 Δασιδ,
645 4753 1052 4824 ὲσχηματίσατο
1079 4753 1182 4827 τὴν
1214 4755 1355 4829 πρὸς
1411 4758 1504 4810 τὸν
1563 4757 1888 4829 Ἀὄεσαλὼμ

1993 4761 2078 4815 vel
2109 4759 2236 4830 quia
2255 4757 2400 4832 [ipse
2422 4759 2771 4829 postmodum
2827 4757 2987 4826 hujus
3027 4759 3572 4828 cognominationem.

313 4842 670 4912 αὐτομολίαν,
699 4845 791 4896 καὶ
808 4844 907 4907 τὰς
941 4844 1034 4897 τοῦ
1056 4847 1573 4918 στρατηγικωτάτου
1608 4849 1886 4919 Ἀχιτόφελ

1996 4850 2218 4906 sortitus
2251 4850 2323 4906 sit
2345 4887 2359 4911 ,
2393 4856 2453 4903 ut
2484 4847 2690 4903 I‘emeni
2719 4849 2860 4904 (ilius
2888 4849 3180 4904 diceretur.
3227 4848 3326 4903 Hic
3364 4850 3563 4904 etenim

311 4935 529 4988 διέλυσε
571 4936 818 5007 γνώμας,
847 4937 945 4991 καὶ
974 4937 1052 5010 τῷ
1081 4940 1388 5012 πατραλοίᾳ
1449 4941 1566 5011 μὲν.
1622 4941 1886 5007 ἀνασολὰς

1996 4942 2184 5007 Chusi,
2214 4943 2416 4996 Maelii
2451 4941 2620 5006 ﬁlius,
2647 4951 2700 4996 et
2723 4943 2909 4996 socius
2946 4941 3086 4996 beati
3117 4941 3317 5008 David,
3354 4957 3564 4996 memor

314 5027 575 5094 ὲποῑησεν
594 5041 608 5056 °
643 5026 719 5096 τῷ
745 5028 996 5096 φεύγοντι
1034 5029 1091 5082 δὲ
1115 5029 1297 5095 Δαϐὶδ,
1337 5030 1530 5101 καιρὸν
1551 5030 1754 5085 ἔδωκεν
1807 5034 1886 5098 είς

1996 5034 2197 5089 veteris
2234 5033 2509 5102 amicitiae,
2541 5049 2664 5089 cum
2700 5033 2937 5089 Absalon
2965 5033 3109 5090 filius
3153 5033 3295 5089 beati
3348 5031 3515 5088 David
3543 5073 3560 5099 ,

311 5118 374 5169 τό
401 5121 596 5187 φυγεῖν
628 5121 976 5191 πορρωτέρω,
1008 5121 1106 5175 καὶ
1136 5120 1384 5187 συλλέξαι
1411 5123 1692 5192 δυνάμεις,
1721 5123 1798 5187 ὡς
1828 5124 1886 5178 ὲν

1996 5127 2254 5183 adversus
2284 5135 2494 5198 patrem
2530 5126 2926 5182 insui-rexisset
2954 5125 2997 5198 ],
3033 5125 3187 5180 finxit
3234 5142 3292 5182 sc
3331 5125 3562 5181 deiicere

311 5215 383 5283 τῇ
447 5213 613 5284 βίϐλῳ
662 5212 770 5265 τῶν
833 5213 1132 5267 Βασιλειῶν
1181 5215 1487 5286 εὑρήσομεν
1525 5215 1885 5288 πλατύτερον.

1996 5221 2063 5277 ab
2102 5235 2228 5290 rege
2263 5229 2319 5278 et
2347 5222 2415 5278 ad
2445 5221 2776 5278 Absalonem
2805 5220 3169 5290 transfugere,
3205 5234 3270 5273 eo
3301 5216 3561 5282 consilio,

329 5303 467 5356 Ἀπὸ
493 5305 594 5369 τῆς
636 5304 1008 5374 ἀνδραγαθίας
1057 5305 1324 5375 τετύχηκε
1375 5307 1474 5376 τῆς
1512 5309 1889 5378 προσηγορίας

311 5393 523 5465 ταύτης
555 5410 572 5425 ·
615 5397 785 5448 Χουσὶ
811 5396 938 5468 γὰρ,
971 5398 1104 5464 υίὸς
1133 5396 1338 5464 δεξιᾶς
1364 5398 1751 5470 ἑρμηνεύεται.
1777 5400 1890 5454 Καὶ

311 5487 428 5558 γὰρ
460 5487 582 5553 ἔθος
610 5491 678 5561 τῇ
710 5490 902 5562 Γραφῇ
929 5489 1195 5553 πολλάκις
1221 5489 1329 5544 άπὸ
1371 5490 1480 5544 τῶν
1512 5491 1892 5561 ἐπιτηδευμά-

310 5592 448 5640 των,
479 5575 511 5646 ἢ
535 5577 646 5632 ἀπὸ
677 5577 790 5631 τῶν
819 5581 1037 5648 πατρῶν
1070 5580 1198 5642 τοῦς
1221 5579 1374 5643 υἱοὺς
1394 5579 1685 5650 ὀνομάζειν
1711 5598 1724 5612 ·
1747 5577 1881 5648 οἷον,

312 5668 454 5722 υιὸν
470 5669 737 5739 εἰρήνης,
778 5671 872 5724 καὶ
907 5670 1084 5725 τέκνα
1113 5671 1358 5741 σοφίας,
1403 5672 1499 5725 καὶ
1549 5673 1687 5727 υἱὸν
1723 5673 1885 5728 ἀπωο

1987 5323 2046 5368 ιιι
2079 5313 2409 5385 Aehitophel
2468 5313 2626 5370 ducis
2666 5315 2906 5370 Absalon
2936 5312 3174 5369 consilia
3195 5311 3559 5366 dissolveret:

1989 5406 2452 5476 quemadmodum
2513 5416 2575 5462 et
2617 5407 2866 5476 perfecit.
2923 5405 3187 5459 Morando
3244 5402 3447 5474 quippe
3509 5410 3564 5457 et

1989 5495 2298 5552 cunctando
2351 5495 2681 5551 Ahsalonem
2712 5504 2901 5550 contra
2943 5493 3318 5564 Achitophells
3377 5492 3564 5548 consi-

1987 5585 2122 5641 lium
2162 5588 2233 5641 ita
2283 5587 2540 5648 detinuit.
2579 5596 2638 5642 ut
2677 5586 3019 5642 occasionem
3056 5593 3111 5642 et
3165 5594 3384 5657 tempus
3425 5600 3566 5654 prte-

1998 5675 2198 5730 stiterit
2225 5676 2384 5732 beato
2415 5675 2606 5742 David,
2639 5683 2694 5731 et
2722 5674 2937 5747 longius
2967 5675 3230 5747 fugiendi,
3251 5684 3307 5732 ct
3327 5673 3574 5742 majores.

1633 5847 1831 5908 Variae
1862 5847 2194 5911 lectiones.

388 5946 500 6016 (52)
522 5948 710 6006 Graece
739 5964 832 6018 per
857 5948 1369 6018 interrogationem:
1401 5951 1674 6018 Quomodo
1704 5961 1878 6009 autent.

1996 5971 2008 6008 t
2039 5951 2340 6010 erubescant
2356 5952 2381 6006 2
2399 5959 2510 6008 etc.
