3970 6558
445 477 548 542 115

1703 477 2085 539 EUTHYMII
2133 480 2490 542 ZIGABENI

3597 481 3705 546 116

445 592 633 662 copias
665 589 993 660 colligendi:
1027 589 1165 645 utin
1217 587 1372 645 libris
1417 587 1622 658 Regum
1670 587 1834 640 latius
1885 587 2004 643 scri-

2115 591 2306 656 λείας.
2334 589 2520 654 Οὕτως
2553 590 2645 644 οὖν
2675 593 2770 646 καὶ
2801 591 2930 660 υἱός
2958 592 3184 659 δεξιᾶς,
3213 594 3242 646 6
3280 594 3452 661 δεξιός
3499 611 3559 648 τε
3599 597 3707 648 καὶ

444 691 597 755 ptum
620 683 908 752 reperitur.
934 681 1015 737 Ab
1041 679 1353 749 huiusmodi
1388 678 1550 749 igi'ur
1577 685 1802 732 strenuo
1829 693 2017 746 opere,

445 773 866 846 appellationem
894 773 1034 826 hanc
1057 771 1223 826 Cluisi
1243 779 1572 826 consecutus
1589 779 1693 836 est,
1722 777 1782 822 ut
1805 767 2017 824 Jemeui

445 869 589 923 ﬁlius
606 867 899 923 diceretur.
935 863 994 921 Si
1021 864 1242 936 quidem
1282 863 2016 933 Jemcnidexterainterpre-

441 959 721 1031 tatur(35).
749 958 864 1016 Mos
882 972 1012 1014 vero
1027 971 1112 1014 est
1133 956 1426 1028 Scriptura:
1445 971 1633 1020 sacrae,
1659 956 1726 1009 ab
1743 953 2018 1011 exercitiis

441 1051 718 1119 aliquibus
748 1066 847 1108 seu
880 1049 1106 1115 studiis,
1139 1058 1397 1120 tanquam
1449 1063 1477 1102 a
1504 1048 1821 1117 parentibus
1874 1046 2016 1101 filios

441 1142 820 1207 tlenominare,
853 1142 1018 1198 veluti
1050 1142 1222 1211 ﬁlium
1253 1141 1396 1210 pacis
1421 1179 1437 1206 ,
1473 1140 1645 1210 ﬁlium
1693 1138 1966 1207 sapientia:
1997 1177 2013 1202 ,

439 1239 494 1286 et
539 1231 711 1302 ﬁlium
760 1231 1120 1302 perditionis;
1175 1232 1248 1284 ita
1297 1231 1457 1286 etiam
1503 1238 1560 1285 et
1601 1229 1744 1298 ﬁlius
1788 1231 2016 1284 dextera:

438 1323 530 1378 ille
557 1324 779 1386 dicitur,
813 1325 906 1394 qui
947 1323 1140 1380 dexter
1179 1331 1232 1378 et
1283 1321 1604 1378 commodus
1641 1321 1820 1376 amico
1851 1319 2015 1376 fuerit

436 1414 674 1484 adjutor.
712 1415 850 1471 lllud
884 1416 1050 1472 etiam
1097 1412 1640 1475 animadvertendum
1677 1423 1758 1468 est
1785 1453 1802 1478 ,
1855 1413 2007 1484 quod

435 1507 724 1578 inscriptio
763 1507 896 1562 dicit
927 1523 1026 1579 pro
1053 1507 1223 1564 verbis
1253 1505 1417 1562 Clausi
1443 1521 1462 1560 :
1495 1517 1547 1559 et
1573 1513 1759 1560 tamen
1807 1506 1861 1560 in
1898 1512 2013 1561 toto

429 1600 668 1668 psalmo,
708 1599 982 1672 PrOplieta
1023 1599 1228 1654 nullam
1257 1596 1426 1653 Chusi
1471 1597 1787 1651 memoriam
1847 1596 2008 1662 fecit;

434 1687 578 1744 unde
604 1689 711 1744 alia
741 1690 918 1744 oritur
950 1688 1222 1744 dubitatio
1256 1707 1270 1742 :
1305 1687 1584 1758 quomodo
1613 1687 1823 1743 scilicet
1884 1701 2009 1757 per-

432 1779 602 1836 tineat
628 1780 696 1836 ad
728 1781 995 1852 psalmum
1043 1780 1346 1851 inscriptio.
1385 1779 1492 1836 Nos
1523 1789 1701 1834 tamen
1745 1779 1890 1848 quod
1918 1793 2012 1834 co-

431 1871 720 1940 gnovimus
757 1887 862 1926 non
893 1871 1216 1928 celabimus.
1249 1871 1384 1926 Cum
1418 1872 1708 1941 paeniteret
1767 1872 2010 1941 Prophe-

2120 681 2577 752 ἐπιτηδειότατος.
2621 683 2758 736 Ἀλλ’
2789 686 2822 754 ἡ
2855 686 2956 754 μὲν
2994 683 3300 756 ἐπιγραφὴ.
3351 687 3506 754 ὑπὲρ
3572 688 3705 741 τῶν

2120 774 2318 842 λόγων
2349 776 2481 841 φησὶ
2512 775 2699 828 Χουσί
2729 792 2746 809 ο
2769 777 2901 847 παρ’
2925 777 3047 830 ὅλον
3070 777 3128 830 δὲ
3156 775 3248 830 τὸν
3284 778 3536 847 Ψαλμὸν,
3589 782 3701 832 οὐκ

2119 862 2532 931 ἐμνημόνευσεν
2563 865 2590 917 6
2621 864 2786 918 Δασὶδ
2815 865 3135 932 τοῠΧουσὶ,
3185 866 3280 919 καὶ
3326 867 3474 920 δοκεῖ
3524 868 3698 922 πάλιν

2119 952 2345 1024 ἄπορον.
2384 955 2524 1007 Ἀλλ’
2548 957 2680 1026 ἡμῖν
2700 955 2757 1009 δὲ
2788 956 2846 1010 τὸ
2869 956 3267 1028 διεγνωσμένον
3294 956 3393 1011 οὐκ
3447 960 3706 1029 ἀποκρυ-

2120 1043 2288 1098 πτέον
2309 1060 2324 1076 ο
2363 1047 2665 1116 μεταγνοὺς
2692 1049 2800 1117 γὰρ
2836 1049 2864 1101 ό
2893 1047 3182 1118 προφήτης
3226 1046 3313 1116 ἐφ’
3339 1042 3418 1111 οἷς
3458 1049 3704 1119 ἤλπισεν

2117 1137 2211 1190 ἐπὶ
2234 1141 2298 1206 τῇ
2329 1138 2544 1192 συνέσει
2597 1139 2787 1200 Χουσὶ,
2838 1139 3180 1210 ὑποθεμένου
3226 1138 3393 1192 αὐτοῦ
3433 1138 3502 1190 τὰ
3562 1140 3705 1208 περὶ

2114 1229 2212 1300 τῆς
2244 1229 2462 1299 ἀπάτης
2501 1229 2841 1302 Ἀσεσαλὼμ,
2874 1233 2970 1284 καὶ
2997 1231 3066 1284 τὰ
3098 1231 3228 1302 περὶ
3260 1229 3354 1282 τοῦ
3399 1229 3697 1283 διασκεδὰ-

2116 1337 2204 1373 σαι
2236 1319 2333 1390 τὴν
2363 1319 2560 1392 βουλὴν
2596 1321 2904 1392 Ἃχιτόφελ,
2941 1320 3034 1373 τὸν
3076 1318 3293 1389 ψαλμὸν
3349 1319 3536 1372 τοῦτον
3575 1318 3706 1390 ᾅδει

2113 1413 2192 1479 τῷ
2250 1413 2390 1484 Θεῷ,
2435 1415 2533 1485 οὐχ
2591 1415 2738 1486 ὑπὲρ
2783 1408 2857 1468 ὧν
2901 1414 3061 1485 ἔτυχε
3096 1413 3249 1484 παρὰ
3277 1412 3378 1481 τῆς
3402 1412 3492 1466 τοῦ
3522 1411 3707 1464 Χουσὶ

2119 1507 2412 1573 συνέσεως,
2469 1506 2584 1560 ἀλλ’
2642 1507 2784 1578 ὑπὲρ
2820 1502 2896 1560 ὧν
2936 1507 3036 1576 τῆς
3091 1505 3228 1576 πρὸς
3285 1504 3423 1558 Θεὸν
3479 1503 3707 1562 ἐλπίδος

2114 1598 2408 1667 ἀφέμενος,
2471 1598 2782 1670 τεθάρῤηκε
2837 1599 2950 1662 τοῖς
3013 1597 3216 1664 λόγοις,
3254 1591 3336 1659 οἷς
3387 1595 3610 1666 εἴρηκεν
3674 1596 3710 1646 6

2115 1691 2284 1744 Χουσὶ
2336 1690 2472 1759 πρὸς
2512 1689 2861 1761 Ἀσεσαλὼμ,
2921 1688 3250 1752 ἀποσταλεὶς
3314 1688 3466 1756 παρά
3506 1687 3705 1740 αὑτοῦ.

2119 1783 2275 1836 Ἐστι
2307 1782 2401 1837 οὖν
2428 1782 2742 1854 ίλαστήριος
2767 1783 2801 1854 ἡ
2827 1781 2961 1854 ᾠδὴ,
3006 1781 3100 1834 τὸν
3144 1780 3278 1834 Θεὸν
3316 1778 3710 1850 ἐξευμενίζω-

2118 1889 2208 1936 σα,
2242 1874 2335 1926 καὶ
2366 1872 2766 1943 παρακαλοῦσα
2793 1869 2872 1936 είς
2896 1871 3174 1942 βοήθειαν.

431 1968 565 2027 tam,
596 1963 744 2032 quod
810 1979 962 2034 spem
1002 1963 1236 2033 aliquam
1283 1963 1556 2034 posuisset
1605 1963 1661 2018 in
1715 1963 2003 2033 prudentia
2045 1972 2101 2020 et
2125 1965 2371 2022 consiliis
2402 1964 2594 2030 Clmsi,
2660 1966 2752 2038 qui
2806 1966 2854 2022 ei
2905 1972 3156 2022 suaserat
3219 1963 3574 2030 decepturum
3633 1972 3708 2013 se

431 2046 806 2120 Absalonem,
857 2063 912 2110 et
957 2055 1350 2122 dissipaturum
1379 2055 1608 2110 consilia
1635 2055 1998 2123 Acbitopbcl,
2042 2055 2358 2126 bujusmpdi
2388 2058 2655 2127 psalmum
2696 2058 3006 2130 composuit
3039 2065 3090 2114 et
3120 2055 3322 2113 cecinit
3381 2054 3515 2116 Deo,
3581 2064 3706 2108 non

429 2159 527 2216 pro
557 2143 835 2201 beneﬁciis
862 2161 982 2217 qua:
1008 2153 1338 2202 consecutus
1367 2145 1543 2202 fuerat
1607 2162 1636 2201 a
1692 2147 1985 2217 prudentia
2013 2157 2068 2203 et
2108 2149 2341 2205 consilio
2363 2147 2536 2205 Chusi
2567 2165 2582 2200 :
2624 2147 2718 2205 sed
2753 2149 2884 2221 quia
2920 2150 3037 2220 ipse
3067 2150 3270 2203 amissa
3298 2146 3387 2201 illa
3417 2161 3536 2216 spe.
3560 2159 3696 2214 quae

429 2237 706 2314 praecipue
732 2238 786 2292 in
809 2238 981 2294 Deum
1018 2238 1265 2294 habenda
1293 2246 1454 2306 erat,
1484 2240 1658 2310 magis
1717 2239 1889 2298 fretus
1927 2241 2000 2299 sit
2042 2241 2097 2297 in
2130 2242 2310 2299 verbis
2387 2243 2600 2308 Cbusi,
2670 2259 2700 2298 a
2756 2258 2817 2300 se
2874 2241 2942 2298 ad
2989 2242 3314 2298 Absalonem
3367 2239 3543 2294 missi.
3600 2237 3705 2290 Est

429 2325 597 2398 igitur
657 2330 748 2386 hic
820 2331 1066 2401 psalmus
1121 2333 1583 2404 propitiatorius,
1639 2333 1929 2405 placatque
1977 2345 2032 2391 et
2070 2337 2394 2393 benevolum
2435 2337 2612 2394 reddit
2647 2335 2818 2393 Deum
2887 2335 2959 2392 ob
3031 2332 3385 2390 commissum
3450 2345 3706 2386 errorem

429 2421 691 2492 illumque
711 2421 766 2478 in
794 2422 1056 2477 auxilium
1088 2439 1250 2480 suum
1293 2425 1545 2479 advocat.

497 2509 667 2568 Vens.
697 2512 752 2570 2.
773 2512 994 2568 Domine
1010 2511 1152 2568 Deus
1178 2529 1344 2578 meus,
1387 2516 1442 2568 in
1469 2523 1517 2568 te
1549 2514 1776 2581 speravi,
1808 2515 2004 2569 salvum

2188 2511 2363 2579 Κύριε
2401 2511 2435 2564 ὁ
2457 2509 2598 2574 Cede;
2625 2525 2766 2576 μου,
2792 2506 2892 2560 ἐπὶ
2939 2503 3041 2561 σοι
3071 2504 3308 2574 ἤλπισα
3343 2518 3357 2532 ·
3387 2500 3598 2556 σῶσόν
3618 2518 3705 2571 με

427 2621 508 2661 me
530 2604 617 2675 {ac
651 2619 717 2658 ea:
759 2604 1002 2659 omnibus
1047 2605 1473 2674 persequentibus
1511 2621 1614 2670 me,
1635 2612 1686 2659 et
1709 2604 1875 2659 libera
1903 2622 2004 2660 me.

2110 2606 2176 2658 ἐκ
2207 2601 2452 2657 πάντων
2479 2597 2599 2653 τῶν
2621 2598 2964 2653 διωκόντων
2988 2614 3086 2668 με,
3118 2597 3217 2651 καὶ
3260 2597 3451 2664 ῥύσαι
3483 2601 3574 2664 με.
3627 2594 3704 2648 El

429 2679 580 2748 Licet
607 2731 624 2756 ,
654 2691 833 2762 inquit
864 2732 880 2759 ,
910 2691 984 2747 ob
1019 2692 1362 2762 prudentiam
1395 2692 1562 2748 Cliusi
1596 2692 1820 2762 adjutus
1854 2695 1957 2750 sim
1988 2734 2004 2759 ,

2109 2695 2204 2750 καὶ
2233 2694 2386 2764 παρά
2414 2693 2512 2762 τῆς
2535 2691 2631 2745 τοῦ
2658 2691 2849 2756 Χουσὶ,
2870 2688 3368 2763 φησὶν,ὠφέλημαι
3397 2687 3701 2753 συνέσεως,

425 2794 480 2840 et
509 2782 790 2853 paululum
854 2782 1238 2854 respiraverim
1268 2823 1282 2847 ,
1327 2791 1654 2854 tempusque
1702 2788 2004 2855 acceperim

425 2874 493 2930 ad
520 2873 964 2945 congregandum
1001 2874 1304 2936 exercitum
1331 2913 1346 2936 .
1398 2890 1544 2930 nunc
1604 2883 1786 2930 tamen
1820 2878 1872 2931 in
1914 2877 2006 2932 illo

427 2965 666 3036 amplius
715 2980 822 3020 non
874 2964 1090 3020 confido
1122 2981 1137 3020 :
1168 2973 1222 3021 et
1274 2981 1399 3021 cum
1461 2967 1775 3036 propediem
1807 2983 2005 3039 pugnae

424 3055 544 3113 dies
569 3055 698 3112 mibi
731 3058 934 3122 instet,
970 3070 998 3108 a
1028 3063 1082 3110 te
1118 3071 1227 3111 uno
1261 3056 1470 3126 pendeo
1495 3097 1511 3122 ,
1545 3057 1599 3112 iu
1635 3074 1798 3128 quem
1835 3076 2003 3114 unum

423 3163 617 3202 omnes
649 3162 774 3218 spes
805 3163 956 3203 meas
982 3147 1274 3203 collocavi.
1305 3149 1418 3202 Alia
1451 3149 1596 3204 enim
1632 3151 1835 3215 omnia,
1867 3153 2004 3206 ami-

423 3253 520 3294 cos
549 3237 832 3304 nimirum,
860 3238 1042 3295 socios
1066 3280 1081 3307 ,
1111 3253 1175 3294 ac
1207 3241 1408 3295 milites
1437 3283 1451 3305 ,
1479 3241 1736 3306 secundo,
1776 3242 1828 3297 in
1882 3243 2003 3299 loco

422 3343 633 3401 reputo.
661 3329 938 3402 Scriptum
970 3338 1056 3386 est
1088 3329 1231 3386 enim
1261 3349 1275 3385 :
1332 3331 1656 3387 Malediclus
1713 3336 1864 3388 homo
1908 3337 2000 3406 qui

421 3439 564 3491 spem
597 3423 746 3492 ponit
823 3423 877 3477 in
901 3423 1109 3479 homine
1138 3424 1208 3480 ’³.
1247 3424 1380 3480 Item
1414 3445 1430 3481 :
1481 3425 1680 3481 Beatus
1721 3427 1876 3482 homo
1913 3429 2003 3496 qui

418 3525 594 3583 sperat
630 3516 684 3571 in
734 3524 785 3571 te
820 3509 916 3582 ⁷ος
972 3523 1028 3570 et
1080 3516 1543 3585 quemadmodum
1596 3517 1760 3570 alium
1821 3518 2002 3574 colere

419 3619 582 3676 quam
656 3606 821 3662 Deum
892 3621 1000 3660 non
1055 3606 1322 3661 debemus
1352 3643 1370 3671 ,
1417 3606 1498 3660 sic
1552 3605 1715 3660 etiam
1761 3606 1816 3661 in
1867 3608 2002 3663 alios

420 3712 644 3767 sperare
671 3711 774 3752 nos
821 3712 930 3752 non
979 3695 1136 3752 decet
1179 3712 1344 3766 quam
1377 3697 1433 3752 in
1483 3696 1614 3751 Deo.
1665 3695 1763 3754 llle
1813 3708 1998 3755 autem

421 3789 622 3844 salvari
640 3788 844 3845 dicitur
866 3788 957 3858 qui
988 3789 1042 3843 iu
1064 3786 1210 3844 bello
1239 3793 1358 3845 sine
1375 3789 1602 3847 vulnere
1622 3803 1996 3860 conservatur,

2111 2786 2464 2848 ἀναπνεύσας
2492 2783 2710 2854 μικρὸν,
2732 2783 2828 2836 καὶ
2854 2780 3038 2836 λαϐὼν
3067 2779 3261 2850 καιρὸν
3307 2781 3388 2842 εἰς
3438 2777 3702 2848 παράτα-

2110 2881 2192 2945 ξιν
2221 2896 2234 2910 ’
2269 2877 2409 2932 ἀλλά
2439 2875 2535 2931 νῦν
2577 2876 2679 2930 οὐκ
2711 2874 2800 2928 ἐπ’
2854 2873 3048 2943 ἐκείνῳ
3106 2872 3346 2943 Θαρῤῶν,
3390 2870 3701 2938 ἀνταγωνί-

2107 2971 2297 3037 ζεσθαι
2330 2969 2512 3040 μέλλω
2538 2983 2552 2996 ⁶
2581 2968 2750 3040 μόνης
2787 2965 2844 3019 δὲ
2865 2965 2962 3036 τῆς
2992 2965 3092 3036 σῆς
3139 2963 3356 3026 ἐλπίδος
3404 2961 3696 3032 ὲκκρέμα-
3761 2990 3771 2997 ο

2110 3083 2232 3136 μαι,
2265 3063 2496 3135 δεύτερα
2512 3061 2560 3115 τ’
2588 3061 2725 3116 ἀλλα
2757 3059 2934 3116 πάντα
2963 3057 3336 3127 λογιζόμενος,
3364 3056 3458 3108 καὶ
3477 3053 3696 3123 φίλους,

2106 3159 2202 3212 καὶ
2236 3154 2582 3226 συμμάχους,
2627 3153 2724 3206 καὶ
2763 3147 3126 3222 στρατιώτας.
3167 3149 3486 3220 Γέγραπται
3527 3144 3644 3215 γάρ
3671 3161 3690 3176 ο

2117 3245 2587 3315 Ἐπικατάρατος
2625 3243 2933 3315 ἄνθρωπος,
2977 3242 3006 3295 6
3045 3241 3280 3306 ἐλπίζων
3335 3239 3426 3291 ἐπ’
3474 3237 3694 3309 ἀνθρω-

2105 3359 2225 3396 πον.
2265 3341 2377 3395 Καὶ
2394 3338 2583 3408 ῶσπερ
2609 3337 2670 3390 οὐ
2699 3333 2806 3406 χρὴ
2832 3335 2962 3390 ἄλλο
3011 3351 3065 3387 τι
3101 3332 3282 3386 σέϐειν
3327 3330 3482 3400 παρά
3525 3329 3688 3392 Θεὸν,

2103 3432 2278 3497 οὕτως
2307 3431 2432 3485 οὐδὲ
2462 3430 2548 3482 ἐπ’
2592 3427 2752 3483 ἄλλον
2777 3425 3040 3490 ἐλπίζειν,
3077 3425 3110 3494 ἥ
3139 3425 3230 3478 ἐπὶ
3252 3424 3347 3476 τὸν
3378 3421 3536 3480 Θεόν.
3571 3422 3695 3474 Καὶ

2106 3519 2337 3584 σώζεται
2376 3517 2477 3588 μέν
2509 3535 2593 3582 τις
2623 3515 3056 3586 διατηρούμενος
3088 3515 3146 3568 ὲν
3185 3514 3446 3584 πολέμοις
3498 3511 3690 3581 ἄτρω-

2102 3629 2196 3676 τος
2227 3627 2243 3644 ο
2275 3609 2466 3683 ῥύεται
2504 3610 2560 3663 δὲ
2591 3608 2793 3680 πάντῃ,
2823 3608 2933 3660 τῶν
2957 3605 3356 3676 ἐπιτιθεμένων
3404 3603 3694 3658 ἀπαλλατ-

2102 3704 2348 3775 τόμενος.
2384 3701 2635 3756 Πάντων
2661 3700 2731 3754 δὲ
2762 3698 2881 3754 τῶν
2905 3699 3241 3752 διωκόντων
3271 3693 3416 3762 εἷπε,
3443 3697 3532 3750 διὰ
3559 3695 3694 3758 τοὺς

2102 3794 2180 3864 τῷ
2237 3791 2543 3864 πατραλοίᾳ
2599 3791 3161 3861 συναποστήσαντας,
3217 3788 3499 3857 φονῶντας
3560 3786 3691 3841 κατ’

415 3887 471 3934 οι
493 3879 631 3951 eripi
667 3879 714 3934 is
748 3879 841 3950 qui
885 3856 955 3936 ab
978 3879 1263 3936 invasione
1293 3887 1459 3950 atque
1489 3880 1694 3952 impetu
1747 3856 1999 3938 inimico;

2109 3856 2267 3938 αὖ)τοῦ
2320 3856 2416 3938 καὶ
2476 3856 2749 3953 διψῶντας
2786 3882 2878 3935 τὸν
2903 3856 3111 3934 ϋτούτου
3156 3856 3407 3934 θάνατον.
3474 3879 3546 3932 Ἦ
3593 3878 3694 3934 καὶ

420 3987 542 4028 rum
600 3971 892 4028 liberatur.
941 3971 1024 4027 Ea:
1069 3972 1312 4028 omnibus
1359 3982 1532 4028 autem
1575 3975 1998 4044 persequentibus

419 4080 523 4130 me,
557 4063 718 4130 dixit,
748 4073 975 4135 propter
1005 4079 1102 4121 eos
1139 4066 1233 4135 qui
1295 4065 1624 4137 parricidam
1685 4067 1855 4121 lilium
1909 4083 2000 4122 se-

419 4155 756 4225 quebantur,
780 4164 835 4212 et
859 4156 982 4228 ejus
1019 4168 1247 4212 mortem
1278 4158 1626 4229 appetebant.
1671 4157 1771 4214 Vel
1807 4158 1995 4216 aliter:

418 4247 512 4303 llle
540 4247 740 4304 salvari
774 4248 979 4304 dicitur
1013 4248 1106 4319 qui
1137 4248 1388 4305 infirmus
1416 4258 1501 4305 est
1525 4267 1542 4318 ;
1571 4249 1712 4322 eripi
1743 4266 1875 4306 vero
1898 4265 1995 4306 seu

417 4337 640 4394 liberari
663 4339 752 4394 ille
779 4340 872 4411 qui
906 4349 991 4397 est
1025 4341 1297 4413 captivus.
1353 4339 1512 4394 Salva
1564 4357 1650 4398 me
1714 4342 1881 4412 igitur
1938 4350 1998 4397 ut

417 4430 694 4486 inﬁrmum
733 4448 749 4486 :
804 4439 858 4488 et
898 4431 1068 4488 libera
1114 4448 1200 4488 me
1247 4432 1401 4504 quasi
1447 4434 1762 4504 captivum;
1827 4433 1993 4490 timeo

415 4523 561 4578 enim
599 4538 668 4579 ne
705 4522 776 4580 ab
808 4523 1047 4582 inimicis
1073 4522 1528 4598 comprehendar.
1571 4523 1690 4592 Vel,
1719 4525 1870 4582 salva
1901 4541 1989 4580 me

415 4613 487 4668 ab
520 4615 760 4672 inimicis
796 4617 1088 4688 praesentis
1115 4617 1240 4671 vita:
1278 4626 1374 4673 :et
1401 4618 1571 4673 libera
1598 4633 1683 4673 me
1729 4617 1801 4671 ab
1846 4617 1993 4671 invi-

416 4704 669 4762 sibilibus
700 4706 963 4772 inimicis,
1027 4708 1123 4778 qui
1159 4720 1280 4778 post
1315 4717 1546 4763 mortem
1576 4722 1750 4762 meam
1795 4707 1989 4763 anima:

2103 3975 2338 4039 σώζεται
2371 3973 2539 4045 μὲν,ό
2562 3973 2807 4026 ἀσθενῶν
2824 3989 2838 4004 ·
2866 3971 3057 4044 ῥύεται
3079 3971 3136 4026 δὲ
3162 3971 3191 4025 6
3217 3973 3273 4024 ὲν
3303 3969 3689 4040 αἰχμαλωσίᾳ.

2099 4064 2280 4119 Σῶσόν
2317 4081 2387 4134 με
2415 4059 2529 4127 οὖν,
2551 4062 2627 4126 ὡς
2655 4063 2858 4133 ἀσθενῆ
2893 4080 2906 4093 ⁸
2934 4063 3099 4133 ρύσαι
3149 4079 3242 4134 με,
3270 4059 3344 4124 ῶς
3397 4059 3694 4130 αἰχμάλω-

2096 4175 2208 4221 τον,
2251 4157 2456 4220 ἐλπίζω
2505 4156 2640 4228 γὰρ,
2691 4145 2826 4210 ’ὅσον
2865 4155 3054 4220 οὔπω,
3101 4153 3514 4224 σαγηνευθῆναι
3568 4154 3692 4215 τοῖς

2098 4249 2333 4321 ἐχθροῖς.
2366 4250 2435 4303 Ἢ
2460 4248 2575 4311 καὶ,
2599 4247 2782 4303 Σῶσόν
2807 4266 2904 4319 με,
2930 4248 3118 4319 φησὶν,
3146 4243 3255 4300 ἀπὸ
3298 4244 3410 4298 τῶν
3446 4243 3694 4298 ἐνταῦθα

2105 4334 2554 4392 καταδιωκόντων
2584 4336 2653 4408 μὲ
2685 4335 2965 4407 πολεμίων
2994 4352 3010 4367 ο
3049 4334 3209 4408 ρύσαι
3246 4351 3315 4404 με
3337 4331 3394 4386 δὲ
3424 4333 3526 4386 καὶ
3576 4333 3695 4386 ἀπὸ

2101 4429 2211 4484 τῶν
2237 4427 2376 4499 μετά
2405 4427 2634 4482 θάνατον
2657 4427 2820 4490 εὐθὺς
2845 4424 3254 4498 ἐξερευνώντων
3302 4425 3373 4478 τὰ
3403 4423 3692 4494 στίγματα

2099 4521 2197 4592 τῆς
2228 4520 2406 4591 ψυχῆς
2435 4519 2686 4591 ἀοράτων
2725 4517 2961 4592 ἐχθρῶν,
3001 4519 3096 4572 ἐπὶ⁵
3121 4517 3199 4589 τῷ
3239 4517 3563 4587 κατασχεῖν,
3607 4514 3690 4579 ὡς

2100 4610 2240 4667 εἶναι
2278 4612 2378 4681 τὴν
2414 4609 2598 4682 δέησιν
2632 4609 2850 4681 διπλὴν,
2900 4609 3045 4679 ὑπὲρ
3082 4607 3182 4679 τῆς
3232 4607 3544 4678 παρούσης,
3587 4606 3691 4660 καὶ

2098 4705 2197 4776 τῆς
2233 4701 2534 4774 μελλούσης
2564 4703 2731 4774 ζωῆς.

417 4811 552 4852 mea:
582 4796 825 4854 maculas
863 4813 1055 4853 omnes
1152 4799 1547 4866 perscrutaturi
1598 4805 1772 4863 sunt,
1834 4797 1881 4852 si
1960 4813 2070 4869 quo
2107 4803 2270 4869 pacto
2329 4793 2564 4850 fortasse
2608 4808 2726 4850 eam
2780 4793 3060 4864 potuerint
3132 4789 3603 4862 comprehendere
3667 4816 3684 4852 :

415 4885 724 4956 duplexque
751 4897 856 4942 erit
879 4887 1037 4958 juxta
1061 4887 1206 4942 hunc
1229 4903 1451 4944 sensum
1473 4888 1683 4958 petitio,
1714 4902 1814 4958 pro
1843 4889 2094 4957 praesenti
2123 4888 2332 4943 scilicet
2359 4887 2491 4949 vita,
2524 4895 2576 4940 et
2599 4901 2698 4956 pro
2732 4883 2935 4938 futura.

483 4981 653 5038 Vens.
684 4981 738 5038 5.
774 4981 1072 5053 Nequando
1100 4983 1275 5051 rapiat
1312 4991 1369 5036 ut
1416 4981 1495 5036 leo
1529 4985 1763 5035 animam
1795 4997 1989 5034 meam.

2169 4981 2416 5049 Μήποτε
2441 4978 2684 5048 ἁρπάσῃ
2716 4977 2795 5044 ὡς
2817 4975 2975 5030 λέων
2999 4977 3116 5046 τὴν
3143 4975 3356 5046 ψυχήν
3376 4993 3521 5045 μου.
3568 4975 3689 5028 Τὸν

412 5075 742 5131 Absalonem
821 5075 993 5131 lilium
1049 5075 1195 5132 leoni
1244 5082 1548 5144 comparat,
1603 5072 1674 5128 ob
1727 5087 1996 5128 summam

2107 5071 2432 5142 Ἀϐεσαλὼμ
2463 5069 2720 5140 ὀνομάζει
2749 5068 2960 5135 λέοντα,
2992 5069 3082 5123 διὰ
3117 5067 3216 5139 τὴν
3248 5068 3559 5138 ἀγριότητα
3583 5070 3690 5121 καὶ

413 5167 564 5222 illius
625 5169 1012 5236 temeritatem,
1095 5167 1377 5233 ferociam,
1437 5176 1603 5236 atque
1657 5166 2000 5235 impudentes

2109 5163 2440 5236 λρασύτητα,
2489 5161 2585 5216 καὶ
2640 5161 3000 5230 ἀναίσχυντον
3055 5161 3253 5231 ὁρμήν.
3289 5161 3361 5212 Ἥ
3428 5161 3525 5212 καὶ
3584 5160 3688 5212 τὸν

417 5277 608 5316 ausus.
648 5261 742 5317 Vel
775 5261 1030 5318 fortassis
1064 5260 1132 5316 de
1197 5259 1444 5313 daemone
1503 5271 1684 5312 sermo
1736 5267 1838 5322 est,
1901 5261 1994 5328 qui

2109 5255 2344 5310 ῑιάὁολον
2389 5253 2721 5308 αἰνίττεταιο
2779 5253 3014 5316 δυσῶδες
3068 5253 3178 5321 γὰρ
3229 5250 3290 5304 τὸ
3341 5250 3521 5319 στόμα
3579 5251 3685 5304 τοῦ

415 5355 558 5408 leoni
601 5355 993 5412 convenienter
1026 5357 1416 5420 comparatur;
1454 5349 1580 5418 quia
1635 5349 1794 5405 sicuti
1853 5349 1996 5406 leoni

2109 5346 2305 5410 ’.εόντος
2328 5364 2342 5378 ο
2379 5343 2613 5404 δυσῶδες
2641 5345 2700 5398 δὲ
2724 5344 2816 5397 καὶ
2839 5343 2901 5396 τὸ
2946 5341 3039 5396 τοῦ
3092 5339 3362 5405 διαϐόλου,
3426 5339 3686 5410 βλασφη-

412 5463 475 5501 os
510 5461 575 5502 ac
628 5445 814 5502 fauces
855 5445 996 5500 male
1028 5445 1196 5505 olent,
1257 5440 1330 5496 ita
1382 5440 1546 5496 etiam
1606 5457 1668 5495 os
1732 5440 1996 5499 daemonis

2109 5438 2226 5502 ιίας
2258 5436 2705 5506 ἐξερευγόμενον.
2739 5435 2851 5488 Καὶ
2891 5434 2998 5503 γὰρ
3046 5433 3075 5486 6
3121 5432 3326 5502 Κύριος
3384 5429 3526 5484 κατὰ
3581 5433 3686 5483 τὸν

415 5545 676 5593 eructans
707 5535 1082 5607 blasplicmias
1122 5533 1262 5586 male
1296 5531 1424 5586 olet.
1468 5529 1663 5603 Figura
1723 5531 1882 5586 etiam
1913 5534 1995 5588 vi-

2109 5529 2286 5600 ιαιρὸν
2307 5527 2402 5582 τοῦ
2423 5529 2629 5592 πάθους
2669 5528 2858 5597 ἔλεγε·
2893 5525 3023 5582 Νῦν
3072 5529 3104 5580 ό
3161 5524 3363 5593 ἄρχων
3420 5521 3529 5577 τοῦ
3575 5521 3680 5574 κό-

489 5715 536 5747 "
563 5713 766 5770 Jerem.
812 5727 948 5777 xvu,
987 5710 1040 5763 5.
1133 5707 1181 5739 ⁷-⁸
1210 5705 1360 5761 Psal.
1386 5721 1617 5772 uuln,
1648 5705 1732 5760 15.

1761 5794 1958 5855 Varias
1992 5792 2324 5854 lectiones.

485 5908 593 5968 (35)
642 5904 875 5960 Grmcc:
925 5900 1194 5971 Siquidem
1254 5898 1416 5953 Cltusi
1449 5897 1592 5953 filius
1631 5883 1872 5953 dexterae
1926 5895 2331 5965 interpretatur.
