3970 6564
243 491 355 554 Il?

1407 493 1799 556 COMMENT.
1855 488 1936 556 ΙΝ
1973 495 2338 558 ·Ρ8ᾹΙ,Μο3.

3423 443 3534 552 ns-

235 619 411 671 σμου
431 604 650 660 τούτου
690 604 948 672 ἔρχεται,
999 605 1096 657 καὶ
1127 603 1198 657 ἑν
1256 603 1385 672 ἐμοὶ
1445 603 1568 667 ἕξει
1627 603 1828 658 οὐδέν.

1952 604 2149 661 dentur
2175 607 2292 662 haec
2325 606 2489 663 verba
2516 622 2638 662 esse
2666 623 2878 670 eorum,
2902 622 3022 678 quae
3051 621 3080 662 a
3111 605 3342 662 Domino
3382 604 3514 660 p33"

248 694 389 746 Ἐπὶ
420 695 607 762 μέντοι
629 691 745 745 τοῦ
773 690 1118 759 Ἀσεσαλὼμ,
1160 691 1503 762 ὑποληπτέον
1531 691 1632 762 τὴν
1665 691 1832 760 ζωὴν,

236 784 674 855 ἀφαιρουμένην
698 782 946 838 ὑπὸλτοῦ
997 781 1390 852 ἀναιροῦντοςο
1445 782 1592 836 αἰτία
1643 782 1752 851 γὰρ
1802 784 1834 852 ἡ

236 874 407 944 ψυχὴ
437 876 589 946 ζωῆς
612 893 628 907 ⁸
662 877 761 930 καὶ
787 876 1050 938 πολλάκις
1081 879 1151 929 τὰ
1179 875 1400 931 αἰτιατὰ
1437 876 1710 944 καλοῦμεν
1723 877 1836 938 τοῖς

235 967 366 1019 τῶν
400 968 594 1022 αἰτίων
622 969 913 1039 ὀνόμασιν,
965 969 1156 1037 ὥσπερ
1199 969 1396 1039 εἰρήνη
1416 967 1515 1037 μὲν
1549 969 1576 1020 ό
1604 967 1831 1036 Κύριος,

237 1058 354 1112 καὶ
379 1059 720 1129 δικαιοσύνη,
763 1060 859 1114 καὶ
906 1062 976 1114 τὰ
1019 1063 1248 1114 τοιαῦτα
1273 1077 1290 1092 ο
1339 1059 1588 1130 ἁμαρτία
1647 1059 1703 1113 δὲ
1735 1058 1834 1112 καὶ

239 1149 526 1216 ἀπώλεια,
560 1152 590 1204 ὁ
615 1151 886 1215 διάϐολος.
919 1154 1106 1216 Αίτιος
1149 1153 1260 1222 γὰρ
1297 1154 1326 1206 ὸ
1356 1152 1476 1221 μὲν,
1509 1149 1737 1203 ἐκείνων
1769 1165 1785 1182 ·
1805 1150 1834 1203 ὁ

238 1241 330 1305 δὲ,
364 1242 578 1295 τούτων
608 1243 944 1312 καθέστηκε.
1009 1242 1596 1314 Καταχρηστικωτέρα
1638 1241 1698 1295 δὲ
1735 1242 1835 1312 τῆς

241 1331 523 1401 ἁρπαγῆς
587 1335 622 1403 ἡ
681 1333 849 1401 λέξις,
903 1335 1160 1394 ἐντεῦθεν
1206 1334 1475 1407 δηλούσης
1519 1333 1832 1405 ἀφαίρεσιν.

257 1423 553 1494 Ἀρμώσει
572 1427 629 1480 δὲ
655 1429 752 1484 καὶ
785 1432 949 1484 παντὶ
973 1430 1054 1500 τῷ
1077 1433 1136 1484 ὲν
1159 1430 1548 1498 περιστάσεσιν
1585 1430 1614 1482 ό
1645 1428 1836 1499 παρὼν

238 1512 878 1585 ψαλμδς,είδιώκοντας
909 1522 1206 1592 μὲννοήσει
1230 1521 1342 1591 (56)
1379 1521 1506 1584 τοὺς
1522 1521 1785 1592 δαίμονας
1817 1537 1832 1552 ’

239 1605 451 1663 λέοντα
485 1611 566 1675 δὲ,
598 1613 693 1666 τὸν
715 1613 961 1684 ἄρχοντα
985 1614 1216 1680 τούτων,
1250 1615 1311 1677 ὃς
1337 1613 1580 1686 ἁρπάζει
1613 1609 1840 1685 τῆν’ψυ-’

241 1697 360 1766 κῆν
389 1701 467 1763 εἷς
491 1702 786 1774 ἁμαρτίαν,
808 1706 904 1758 καὶ
941 1709 1021 1770 είς
1044 1706 1374 1774 ἀπόγνωσιν,
1436 1705 1667 1759 ἐλθοῦσα
1718 1703 1832 1776 (55)

241 1792 352 1843 τοῦ
379 1792 653 1861 σώματος.
1220 1821 1226 1826 -

1937 697 2113 753 sionis
2145 706 2389 768 tempore
2439 697 2584 754 dicta
2614 707 2784 755 sunt:
2817 697 2976 756 Nunc
3050 699 3296 767 princeps
3355 697 3518 759 huius

1935 790 2121 843 mundi
2150 790 2388 859 ejicietur
2411 791 2579 861 foras,
2601 803 2648 847 et
2701 793 2756 847 in
2823 809 2902 847 me
2950 810 3056 847 non
3117 792 3324 846 habebit
3358 790 3513 860 quid,-

1933 896 2093 951 quam
2124 882 2193 935 '7.
2231 881 2387 947 Quod
2420 881 2465 937 si
2494 882 2850 951 intelligimus
2905 883 3173 953 psalmum
3216 880 3285 936 de
3346 880 3517 936 Abea-

1937 975 2089 1038 lnne,
2121 972 2385 1040 animam,
2414 989 2650 1045 expone,
2680 975 2732 1030 id
2765 986 2847 1029 est
2878 972 3068 1041 vitam,
3090 987 3212 1044 qua:
3240 971 3309 1026 ab
3342 970 3516 1030 inter-

1936 1061 2142 1116 fectore
2177 1060 2584 1130 quodammodo
2614 1062 2818 1118 auferri
2855 1063 3152 1118 videretur.
3198 1059 3291 1116 Est
3317 1060 3520 1115 etenim

1936 1154 2119 1209 anima
2150 1156 2274 1211 vita:
2301 1170 2508 1216 causa:
2552 1165 2608 1212 et
2667 1169 3050 1227 saepenumero
3116 1161 3345 1208 causata
3399 1151 3518 1221 ipsa

1934 1259 2224 1301 causarum
2252 1247 2573 1303 nominibus
2602 1247 2943 1319 appellamus
2988 1266 3001 1302 :
3054 1242 3518 1315 quemadmodum

1934 1345 1988 1392 et
2031 1336 2296 1418 Dominus
2331 1356 2432 1410 pax
2465 1341 2669 1398 dicitur
2703 1351 2755 1396 et
2800 1341 3035 1412 jusutia,
3070 1347 3125 1395 et
3176 1339 3281 1394 alia
3321 1337 3515 1406 hujus.-

1938 1429 2107 1495 modi,
2162 1432 2288 1500 quia
2325 1433 2478 1503 pacis
2531 1434 2828 1504 etjustitite
2861 1441 3052 1489 auctor
3087 1443 3187 1486 est.
3219 1429 3328 1484 liae
3354 1428 3519 1483 etiam

1937 1522 2151 1577 ratione
2199 1523 2412 1579 daemon
2480 1536 2761 1594 peccatum
2804 1535 2857 1580 et
2889 1522 3124 1594 perditio
3189 1521 3523 1591 appellatur,

1935 1613 2102 1667 veluti
2140 1613 2361 1667 illorum
2403 1629 2590 1669 causa.
2622 1614 2927 1682 improprie
2962 1621 3143 1664 autem
3203 1610 3382 1680 posita
3437 1618 3531 1661 est

1935 1702 2104 1757 dictio
2134 1702 2357 1772 Rapiat,
2389 1721 2487 1775 pro
2550 1706 2853 1760 interimat.
2900 1703 3168 1774 Congruit
3209 1701 3374 1757 etiam
3431 1701 3524 1754 hic

1935 1796 2180 1866 psalmus
2210 1799 2468 1855 omnibus
2504 1799 2589 1854 bis
2627 1800 2720 1870 qui
2770 1803 2822 1854 in
2863 1797 3263 1854 tentationibus
3296 1805 3347 1852 et
3380 1798 3529 1868 peri-

241 1883 398 1938 culis
428 1888 622 1942 auimae
645 1891 929 1946 constituti
955 1900 1104 1957 sunt,
1140 1891 1185 1948 si
1229 1905 1328 1962 per
1363 1899 1774 1964 persequentes,
1798 1888 2104 1943 daemonum
2174 1889 2362 1958 copias
2413 1891 2772 1957 intellexeris,
2810 1901 2864 1948 et
2915 1906 3010 1962 per
3080 1890 3290 1946 leonem
3349 1891 3533 1959 ipsum

242 1973 568 2034 demonum
619 1981 924 2054 principem
982 1983 1267 2050 Satanam,
1337 1984 1431 2057 qui
1487 1985 1700 2040 animas
1761 1980 1826 2036 ad
1868 1987 2088 2050 peccata
2144 1991 2238 2037 aut
2266 1984 2332 2038 ad
2357 1984 2792 2055 desperationem
2823 2001 3022 2057 rapere
3077 1984 3236 2050 solet,
3289 1983 3374 2038 vel
3437 1988 3552 2052 qui--

243 2081 356 2122 eas
385 2069 524 2136 rapit
558 2072 638 2128 uti
660 2074 928 2131 exirerint
959 2089 992 2130 e
1016 2089 1267 2148 corpore.

321 2160 428 2228 Μὴ
462 2162 639 2229 ὄντος
665 2168 1103 2237 λυτρουμένου,
1131 2171 1288 2242 μηδὲ
1307 2171 1620 2239 σώζοντος.
1646 2170 1838 2230 Οἱκεῖα

2012 2167 2143 2224 Cum
2179 2184 2282 2222 tum
2311 2170 2377 2222 sit
2405 2171 2496 2237 qui
2525 2169 2772 2233 redimat,
2803 2185 2965 2239 neque
2994 2169 3087 2241 qui
3108 2168 3314 2223 salvum
3335 2166 3526 2237 faciat;

247 2250 358 2301 καὶ
392 2251 600 2305 ταύτα·
624 2255 685 2307 τὸ
719 2257 820 2324 μὲν
833 2259 1123 2325 σώζοντος,
1163 2262 1302 2333 πρὸς
1335 2263 1418 2327 τὸ,
1451 2263 1682 2318 Σῶσον·
1710 2261 1837 2314 τὸδὲ

245 2340 654 2414 λυτρουμένου,
682 2350 820 2417 πρὸς
845 2351 928 2417 τὸ,
974 2353 1162 2408 Ῥύσαι
1188 2373 1204 2388 ο
1238 2355 1334 2408 σοῦ
1366 2356 1478 2430 γὰρ
1522 2358 1598 2425 μὴ
1626 2357 1840 2425 ἐπαμύ-

247 2452 469 2501 νοντος,
497 2439 672 2505 οὐδεὶς
699 2442 857 2496 ἔσται
883 2443 1094 2510 σώζων,
1127 2446 1160 2516 ἦ
1204 2448 1486 2520 ῥυόμενος.

327 2527 516 2595 Κύριε
537 2530 571 2582 ὁ
604 2531 749 2597 Θεός
783 2549 925 2602 μου,
957 2535 1012 2589 εί
1053 2535 1317 2605 ἐποίησα
1359 2537 1554 2602 τοῦτο,
1587 2539 1642 2592 εἴ
1669 2539 1841 2592 ἐστιν

259 2616 478 2671 ἀδικία
497 2619 567 2672 ἐν
595 2622 776 2690 χερσί
796 2641 940 2693 μου,
970 2628 1024 2680 εί
1059 2629 1449 2684 dramaticum
1482 2629 1606 2696 τοῖς
1656 2632 1837 2686 ἀντα-

251 2703 584 2764 ποδιδοῦσί
611 2729 714 2779 μοι
743 2713 917 2777 κακὰ,
951 2716 1312 2788 ἁποπέσοιμι
1335 2719 1450 2789 (ipa
1470 2721 1590 2774 ἀπὸ
1613 2721 1733 2776 τῶν
1745 2722 1843 2792 ἐχ-

253 2794 425 2863 θρῶν
445 2815 565 2868 μου
601 2803 799 2870 κενός.
860 2805 976 2858 Οὐκ
1033 2800 1155 2860 εἷπε
1181 2807 1243 2862 τὺ
1257 2809 1358 2879 τῆς
1382 2810 1655 2882 ἁμαρτίας
1680 2807 1838 2877 εἶδος.

253 2888 583 2960 φειδόμενος
610 2893 804 2950 ἔτιτοῦ
829 2898 1019 2962 παιδός
1043 2913 1060 2936 ο
1090 2900 1210 2954 οὐδὲ
1235 2900 1343 2970 γὰρ
1370 2903 1628 2973 ὀνομαστὶ
1655 2905 1842 2959 τοῦτον

255 2980 559 3052 ἐδήλωσεν,
589 2986 1126 3062 ὁπεραισχυνόμενος
1145 3007 1161 3024 ·
1185 2990 1322 3046 ἀλλὰ
1344 2995 1718 3069 εὐφημότερον
1737 3016 1751 3031 ο
1772 2979 1842 3054 Ἐξ

256 3073 505 3168 essetnec
527 3078 712 3143 τοῦτο,
772 3084 960 3152 φησιν,
992 3083 1129 3156 ὅπερ
1158 3087 1187 3139 ό
1217 3085 1350 3157 ἐμὸς
1396 3087 1622 3162 ἐποίησε
1693 3096 1843 3168 παῖς,

258 3164 491 3232 ἐγένετο
525 3168 638 3240 γὰρ
665 3173 1030 3244 πατραλοίας,
1087 3176 1183 3231 καὶ
1252 3179 1450 3250 μιαρός
1470 3198 1486 3216 ο
1517 3183 1613 3237 καὶ
1646 3185 1695 3237 εἰ
1726 3164 1844 3256 ἡδίέ

264 3273 422 3328 κησα
450 3260 641 3316 τοῦτον
659 3264 802 3329 τέως
835 3269 1046 3338 χερσὶν,
1075 3270 1194 3341 ἤτοι
1244 3277 1671 3345 πραγματικοῖς,
1719 3279 1847 3332 καί·

263 3364 361 3443 τοι
419 3353 592 3408 πάλαι
647 3356 751 3428 τῆς
807 3359 978 3414 αὐτοῦ
1061 3364 1328 3436 πονηρίας
1389 3366 1710 3441 αίσθόμενος
1738 3388 1751 3402 ·
1811 3371 1846 3443 ἢ

266 3441 485 3532 ἔϐλαψα
513 3447 642 3512 τοὺς
671 3452 1101 3524 συναιρομένους
1121 3456 1272 3528 αὕτῷ
1298 3458 1400 3529 τῆς
1431 3458 1630 3532 μάχης,
1650 3441 1848 3529 οἵτινες

1947 2259 2207 2330 Congrue
2239 2261 2352 2314 haec
2385 2271 2436 2315 et
2499 2276 2600 2316 suo
2632 2261 2826 2316 ordine
2867 2261 3300 2331 correspondent
3329 2259 3530 2330 prazdi-

1947 2352 2050 2407 etis
2077 2351 2283 2418 verbis,
2314 2352 2479 2408 Salva
2506 2370 2586 2406 me
2620 2362 2671 2407 et
2702 2351 2873 2406 libera
2906 2368 3004 2408 me.
3047 2353 3146 2417 Te,
3183 2351 3380 2421 inquit.
3417 2365 3548 2403 now

1947 2441 2266 2512 adiuvante,
2301 2442 2483 2498 nullus
2506 2451 2590 2496 cst
2626 2442 2721 2509 qui
2772 2443 2967 2507 salvet,
2997 2451 3091 2495 aut
3144 2443 3235 2512 qui
3273 2440 3536 2494 redimat.

2019 2532 2183 2588 Vsus.
2208 2535 2264 2600 4,
2301 2536 2350 2590 5.
2381 2535 2598 2591 Domine
2635 2537 2772 2593 Deus
2806 2555 2972 2602 meus,
3003 2540 3050 2592 si
3072 2537 3172 2608 feci
3194 2536 3358 2604 istud,
3376 2537 3422 2590 si
3455 2547 3545 2589 est

1948 2623 2225 2692 injustitia
2257 2625 2311 2678 in
2345 2627 2592 2680 manibus
2619 2628 2768 2688 meis,
2793 2631 2841 2681 si
2874 2629 3098 2682 retribui
3126 2626 3542 2683 retribuentibus

1949 2715 2076 2770 mihi
2107 2716 2532 2783 mala,decidam
2563 2735 2691 2773 sane
2725 2718 3036 2773 abinimicis
3056 2719 3182 2773 meis
3204 2716 3550 2772 inanitNons-

1950 2810 2128 2878 aperit
2190 2808 2465 2880 Propheta
2528 2811 2738 2881 peccati
2801 2824 2997 2880 genus,
3054 2808 3166 2863 tilio
3216 2809 3529 2878 ignescens-

1948 2900 2135 2972 Neque
2165 2902 2309 2958 enim
2349 2917 2452 2958 suo
2507 2903 2732 2958 nomine
2788 2901 2922 2957 illud
2981 2898 3305 2963 declaravit,
3361 2900 3552 2955 vicem,

1952 2994 2047 3048 filii
2102 2994 2506 3066 quodammodo
2552 2997 2937 3056 erubescens:
3005 2993 3098 3048 sed
3151 2991 3532 3050 subobscure.

1953 3085 2013 3143 Si
2084 3086 2191 3144 ieci
2256 3088 2404 3151 hoc,
2467 3087 2564 3152 ait,
2621 3085 2769 3158 quod
2830 3085 2970 3140 lilius
3038 3099 3196 3139 meus
3259 3081 3540 3138 commisit

1953 3181 2240 3236 adversum
2293 3195 2379 3236 me
2437 3180 2726 3250 (scelestus
2775 3180 2972 3256 quippe
3004 3179 3049 3234 is
3107 3177 3363 3234 fueratet
3405 3189 3534 3245 par'

1953 3271 2170 3343 rielda),
2205 3272 2250 3327 si
2302 3272 2560 3342 iniuriam
2607 3271 2905 3341 aliquando
2960 3269 3237 3331 man’ibus,
3295 3267 3402 3322 hoc
3451 3275 3547 3322 est'

1955 3363 2142 3425 iactis.
2203 3363 2390 3429 intuli,
2458 3363 2674 3417 tametsi
2728 3363 2876 3417 illius
2923 3377 3065 3431 saepe
3132 3360 3338 3416 scelera
3398 3374 3534 3428 prze~

1954 3455 2217 3513 senserim
2283 3473 2298 3520 ;
2369 3453 2449 3509 vel
2517 3453 2564 3510 si
2635 3453 2744 3508 laesi
2808 3468 2902 3508 eos
2961 3451 3054 3521 qui
3104 3451 3390 3522 adversum
3447 3464 3535 3504 me

269 3535 396 3588 ἀνθ’
429 3529 506 3590 ὧν
535 3540 664 3608 παρ’
684 3521 1174 3615 ὶμοῦνπέπόνθασι,
1207 3521 1632 3623 κακάῂμοιινύν
1684 3521 1845 3622 ἁνταζ

1952 3549 2214 3608 Absaloni
2243 3549 2300 3603 in
2330 3547 2476 3620 bello
2515 3561 2672 3619 opem
2717 3545 2966 3601 tulerunt
3019 3543 3224 3615 quique
3285 3557 3384 3612 pro
3441 3541 3534 3597 be-

270 3628 583 3684 ποδιδόασιο
622 3632 698 3703 μὴ
720 3634 1012 3708 ἁπώσαιμι
1042 3639 1172 3704 τοὺς
1227 3640 1480 3714 ἐχθρούς.
1544 3644 1654 3698 Καὶ
1708 3647 1846 3714 πῶς,

271 3719 466 3788 φησὶν,
495 3723 594 3776 ούκ
617 3723 954 3792 ἀποδίδωσις
997 3731 1134 3800 πρὸς
1184 3731 1285 3797 οὖς
1317 3733 1468 3788 ἐστιν
1529 3736 1726 3804 εἰπεῖν,
1765 3741 1851 3795 ὅτι

269 3813 406 3904 scapi.
427 3814 533 3868 τῶν
557 3819 942 3886 προλαϐόντων
971 3823 999 3875 ὸ
1027 3822 1204 3892 λόγος.
1240 3825 1512 3893 Πολλάκις
1566 3831 1675 3900 γὰρ
1722 3832 1850 3904 ἄχρι

268 3903 396 3958 τότε
435 3907 668 3972 πολλοὺς
692 3912 966 3982 πονηροὺς
1000 3913 1206 3986 εὑρὼν,
1232 3917 1333 3972 οὐκ
1379 3920 1651 3976 ἀπέδωκε.
1681 3903 1850 3994 Τηνι-

270 3998 457 4094 καῦτα
479 4001 536 4055 δὲ
555 4005 1047 4082 κινδυνεύων-περὶ
1095 4011 1195 4083 τὴν
1255 4012 1424 4086 ζωὴν,
1466 4018 1730 4088 ἠμύνετο.
1774 4020 1852 4094 μὴ

269 4092 646 4184 ἀνασχόμενος
674 4098 767 4152 ἐπὶ
793 4100 955 4154 πλέον
977 4103 1077 4174 τὴν
1140 4109 1492 4178 παρανομίαν
1528 4111 1638 4165 τῶν
1674 4092 1851 4184 πονηέ

274 4183 412 4250 ρῶν.
458 4187 613 4241 Ἔστι
649 4189 705 4244 δὲ
741 4191 906 4246 πάλιν
927 4195 1021 4248 καὶ
1040 4195 1245 4268 ἑτέρως
1309 4200 1506 4264 εἰπεῖν,
1536 4201 1612 4266 ὡς
1643 4183 1854 4259 ἀποπέ-

275 4294 434 4342 σοιμι
471 4281 580 4334 ἀπὸ
610 4282 720 4339 τῶν
744 4285 954 4357 ἐχθρῶν
1025 4305 1126 4360 μου
1188 4291 1348 4356 κενὸς
1397 4293 1510 4347 τῶν
1579 4295 1849 4352 ἐλπίδωνσ

272 4362 440 4422 αὗται
508 4371 565 4425 δέ
619 4376 784 4442 εἰσιν,
830 4378 892 4431 ού
958 4382 1384 4452 τιμωρήσασθαι
1433 4385 1682 4455 τούτους,
1736 4389 1852 4443 ἀλλ’

272 4463 533 4526 ἐπιόντας
555 4465 907 4534 ἀπώσασθαι,
938 4472 1108 4538 εῐπως
1131 4475 1456 4546 ἀπόσχοιντο
1489 4479 1853 4535 καταδιώκειν

272 4553 381 4616 ἔτι,
412 4555 508 4608 καὶ
538 4554 724 4628 ζητεῖν
751 4561 1131 4635 ἀποστερῆσαί
1162 4584 1227 4638 με
1260 4569 1358 4622 καὶ
1385 4568 1485 4640 τῆς
1513 4569 1682 4640 ζωῆς.
1709 4571 1853 4644 Ὅρα

273 4646 392 4716 γὰρ
418 4649 501 4701 ὅτι
520 4651 618 4703 καὶ
649 4652 944 4720 φείσασθαι
974 4656 1068 4710 τοῦ
1102 4659 1299 4718 παιδὸς
1321 4663 1436 4723 τοῖς
1485 4661 1852 4731 στρατιώταις

275 4741 644 4810 παρήγγειλε,
671 4745 767 4798 καὶ
797 4745 890 4800 τὸν
924 4747 1155 4805 θάνατον
1179 4751 1346 4805 αὑτοῦ
1391 4752 1601 4822 μαθὼν,
1636 4755 1853 4827 πικρῶς

1952 3645 2166 3701 neticiis
2192 3657 2222 3697 a
2250 3657 2336 3698 me
2367 3642 2424 3698 in
2466 3655 2564 3697 eos
2609 3639 2824 3695 collatis
2861 3639 3006 3694 mala
3033 3637 3178 3716 .mihi
3235 3651 3385 3690 nunc
3444 3650 3535 3690 re-

1955 3737 2248 3802 tribuunt;
2287 3736 2332 3791 si
2379 3734 2575 3790 horum
2644 3731 2975 3803 quidquam,
3011 3729 3215 3801 inquit,
3257 3727 3535 3794 commisi,

1955 3847 2152 3904 precor
2181 3839 2241 3886 ut
2271 3829 2536 3886 adversus
2563 3826 2820 3881 inimicos
2853 3840 3005 3879 meos
3033 3838 3136 3878 non
3192 3821 3537 3892 prazvaleam,

1955 3924 2056 3980 sed
2121 3939 2180 3978 re
2224 3922 2426 3977 infecta
2487 3919 2665 3974 inanis
2719 3915 2989 3973 decidam.
3051 3911 3305 3987 [Verum
3372 3911 3538 3981 aliqui

1957 4009 2334 4081 huiuscemodi
2370 4008 2729 4078 quaestionem
2763 4013 2985 4062 movent
3016 4023 3028 4059 :
3063 4003 3118 4061 Si
3151 4020 3258 4059 non
3318 3999 3540 4058 decide-

1957 4105 2030 4159 rit
2064 4104 2244 4157 inanis
2281 4099 2475 4166 David,
2511 4113 2613 4154 nee
2644 4115 2703 4154 re
2751 4097 2964 4167 infecta.
2980 4095 3291 4159 recesserit,
3320 4093 3412 4149 sed
3443 4093 3542 4146 ade

1959 4211 2149 4251 versus
2183 4192 2438 4248 inimicos
2469 4189 2843 4260 praevaluerit,
2893 4191 3045 4244 certe
3099 4187 3202 4242 hoc
3251 4194 3414 4255 pacto
3485 4183 3565 4252 in_

1957 4288 2082 4344 illos
2107 4285 2530 4342 commissorum
2567 4281 2836 4338 scelerum
2869 4295 3085 4350 ptenam
3122 4275 3369 4350 inl‘eret.]
3397 4274 3544 4342 Quo-

1959 4380 2124 4437 modo
2153 4378 2319 4450 igitur
2351 4376 2487 4432 dicit
2515 4390 2576 4431 se
2610 4375 2720 4432 illis
2762 4374 2904 4428 mala
2963 4388 3072 4427 non
3113 4369 3342 4426 reddere
3375 4369 3398 4422 ?
3432 4366 3538 4420 Di-

1958 4488 2084 4529 cere
2101 4486 2424 4542 possumus,
2445 4467 2722 4540 prazterita
2744 4465 2897 4522 illum
2923 4472 3168 4534 tempora
3201 4460 3540 4532 signiﬁcare:

1959 4565 2087 4638 quia
2111 4579 2236 4618 eum
2269 4562 2324 4616 in
2355 4559 2686 4631 praeteritum
2739 4555 3093 4616 occasionem
3140 4568 3284 4624 saepe
3346 4558 3543 4608 nactus

1959 4658 2215 4727 injuriam
2266 4654 2477 4711 referre
2534 4651 2831 4722 potuisset,
2889 4647 3160 4704 abstinuit
3215 4655 3448 4701 tamen:
3487 4645 3542 4699 in

1957 4751 2249 4824 praesentia
2285 4757 2490 4814 autem,
2532 4761 2655 4801 cum
2690 4744 2996 4815 periculum
3027 4744 3075 4798 ei
3108 4743 3237 4799 vita:
3269 4741 3542 4798 immine—

271 4831 627 4922 ὠλοφύρετο’
659 4838 732 4890 Ἢ
750 4840 846 4892 καὶ
873 4839 1070 4905 ἄλλως.
1113 4841 1379 4914 Ἐχθροὺς
1418 4844 1688 4916 ἀοράτους
1720 4847 1845 4902 ὑπο-

1958 4851 2062 4904 ret,
2102 4841 2166 4896 ad
2203 4839 2577 4896 defensionem
2619 4836 2705 4892 sui
2770 4835 3082 4896 accedebat,
3142 4841 3291 4887 tanta
3328 4831 3547 4899 iniquo-

271 4922 534 4992 ληπτέον,
557 4919 635 4981 ὧν
657 4928 1055 4986 ἀποπεσείσθαι
1077 4933 1226 5002 λέγει
1251 4936 1408 4989 κενὴν
1425 4938 1520 4990 καὶ
1549 4936 1854 5007 ἄπρακτον,

277 5017 358 5085 μὴ
383 5019 712 5089 νικήσαντα,
748 5023 882 5093 μηδὲ
908 5025 1344 5096 καταισχύναντα
1370 5027 1614 5093 τούτους,
1642 5028 1730 5083 διὰ
1759 5029 1859 5099 τῆς

274 5107 387 5161 τῶν
412 5110 627 5180 ἀρετῶν
663 5113 1166 5186 ἀντιπαρατάξεως.
1200 5118 1276 5171 Ού
1327 5117 1860 5192 μεγαλορῤημονῶνς

272 5201 357 5266 δὲ,
381 5202 562 5259 ταῦτά
589 5223 779 5274 φησιν,
807 5209 918 5262 ἀλλ’
946 5212 1026 5273 εἰς
1081 5213 1332 5282 ἀνάγκην
1395 5212 1676 5281 ἐμπεσὼν,
1735 5213 1856 5268 ἀνθ’

276 5296 566 5366 ἱκετηρίας
592 5299 732 5353 αὐτὰ
764 5299 1148 5370 προϐάλλεται.
1182 5302 1647 5374 Ἔκλαμϐἁνωμεν
1675 5303 1732 5357 δὲ
1760 5304 1856 5358 καὶ

275 5388 421 5455 πρὸς
446 5389 638 5454 ἄλλους
669 5383 820 5445 τουτὶ
846 5392 909 5445 τὸ
933 5392 1153 5463 χωρίον,
1188 5393 1264 5457 ὡς
1310 5395 1408 5448 οὐκ
1441 5393 1677 5464 ἠδίκησά
1709 5409 1854 5459 τινα,

276 5479 375 5551 βίᾳ
400 5481 504 5552 τῆς
536 5481 816 5552 βασιλείας
873 5485 1174 5551 ἀπελάσας,
1221 5486 1341 5541 οὐδὲ
1379 5485 1472 5540 τὸν
1531 5485 1703 5540 Σαοὺλ
1743 5483 1858 5556 (56)

327 5623 374 5654 ⁷⁷
399 5621 558 5677 Joan.
579 5638 677 5687 xu,
704 5603 822 5676 31.

1965 4949 2085 4989 rum
2123 4930 2408 4986 hominum
2439 4927 2648 4983 scelera
2690 4924 2932 4996 amplius
2967 4939 3074 4977 non
3113 4923 3417 4979 sustinens.
3448 4921 3542 4976 Vel

1964 5026 2160 5081 aliter:
2199 5019 2453 5079 Deeidam
2479 5020 2547 5074 ab
2597 5017 2840 5073 inimicis
2901 5016 3036 5071 meis
3105 5013 3316 5080 inanis,
3358 5013 3409 5066 id
3462 5021 3546 5066 est

1968 5115 2266 5171 frustratus
2285 5111 2430 5168 omni
2463 5125 2577 5180 spe.
2621 5107 2759 5179 Spes
2806 5114 2989 5162 autem
3072 5121 3179 5161 non
3241 5101 3542 5159 ulciscendi

1965 5215 2102 5273 erat,
2133 5205 2228 5261 sed
2285 5200 2589 5273 repellendi
2639 5199 3008 5256 invadentes:
3061 5210 3120 5253 ut
3177 5197 3370 5252 saltem
3439 5197 3544 5250 hoc

1965 5307 2126 5368 pacto
2157 5293 2414 5367 persequi
2451 5308 2578 5349 eum
2610 5290 2966 5347 desisterent.
3013 5289 3208 5344 Videre
3237 5287 3381 5340 enim
3417 5287 3545 5342 licet

1967 5387 2430 5461 quemadmodum
2467 5385 2737 5442 militibus
2763 5387 2877 5439 suis
2903 5382 3073 5454 jussit
3126 5389 3185 5436 ut
3244 5379 3356 5433 tllio
3415 5393 3546 5451 par-

1968 5490 2156 5538 cerent
2190 5500 2203 5535 :
2242 5488 2297 5534 et
2358 5477 2634 5549 quomodo
2682 5477 2830 5531 illius
2897 5479 3074 5529 morte
3126 5473 3425 5535 intellecta,
3490 5471 3542 5525 in

1597 5713 1791 5778 Varia)
1817 5714 2142 5777 lectiones.

274 5901 296 5944 ι
350 5821 466 5885 (δι)
498 5821 584 5874 ἵσ.
607 5818 844 5889 νοήσεις,
869 5820 1145 5892 utlegissc
1185 5819 1396 5874 videtur
1419 5827 1471 5874 et
1494 5815 1738 5890 .Latinus
1769 5817 1855 5873 in-

300 5907 514 5944 ernres.

300 5907 514 5958 crpres.

355 5961 470 6032 (35)
510 5961 597 6018 τσ.
642 5959 986 6027 ἐξελθοῦσαν.

1974 5817 2152 5944 toﬁ?)
2220 5819 2304 5873 τσο
2355 5817 2432 5888 τῷ
2465 5816 2664 5880 Σαοὺλ,
2714 5823 2767 5870 et
2815 5811 2976 5884 paulo
3024 5817 3145 5883 post
3199 5807 3547 5864 κατασκευά-

1970 5920 2137 5953 γυνη.
