3970 6556
426 444 532 510 119
1587 537 1590 540 ,
1634 455 2022 521 EU'rHYMtI
2063 455 2425 521 ZIGABENI
3562 469 3677 534 teo

423 571 652 627 magnos
719 559 923 616 decidit
998 563 1198 618 luctus.
1257 564 1354 619 Vel
1423 566 1627 624 aliter:
1687 569 1992 626 lnvisibiles

2116 571 2377 639 ιπόδωκα,
2412 572 2534 628 ἀνθ’
2563 565 2640 630 ὧν
2667 575 3031 648 ευηργετήθη,
3062 577 3295 634 θάνατον
3339 580 3463 650 ἐμοὶ
3491 598 3681 637 κατα-

423 649 676 705 inimicos
699 651 803 707 hoc
839 652 960 708 loco
993 654 1298 727 intelligere
1343 673 1661 728 possumus,
1711 676 1743 716 a
1801 661 2002 731 quibus

2116 663 2440 727 τκευάζοντα
2468 666 2724 738 φανερὸν,
2752 667 2934 721 καίτοι
2953 668 3135 724 λαδὼν
3160 649 3497 742 ὑποχείριον,
3519 674 3599 738 ὡς
3641 677 3678 744 ἡ

427 738 614 794 inanis
643 741 770 810 quis
805 741 1080 801 decidisse
1109 745 1325 803 dicetur
1352 759 1406 805 et
1431 765 1490 804 re
1521 749 1748 815 infecta,
1801 751 1846 806 si
1879 750 2000 806 illos

2116 753 2222 807 ιατ’
2269 753 2436 808 αὑτὸν
2492 755 2821 828 παρίστησιν
2875 759 3109 831 ἱστορία.
3171 738 3300 816 Εἶτα
3355 738 3536 818 τοίνυν
3591 738 3680 836 at};

422 845 532 887 non
564 834 932 902 superaverit,
965 846 1020 891 et
1057 837 1323 894 virtutum
1361 855 1590 896 suarum
1615 841 1734 897 acie
1765 856 1860 898 eos
1888 856 1996 896 non

2116 843 2453 914 ’Δὸεσαλὼμ,
2480 848 2579 901 καὶ
2603 849 2716 911 τοῖς
2751 850 2892 920 ἀμφ’
2920 851 3084 906 αὐτὸν
3137 856 3546 925 προσαρμόσεις
3575 834 3682 910 τδν

421 921 762 978 confuderit.
815 922 942 981 Haec
994 936 1178 984 autem
1239 932 1406 986 verba
1456 947 1563 988 non
1621 931 1996 1003 iactabundus

2116 935 2280 1004 ιὸγον,
2316 937 2428 990 εῐτε
2462 939 2558 991 καὶ
2586 939 2722 1010 πρὸς
2749 940 2934 1006 ἄλλον,
2967 943 3060 996 καὶ
3091 921 3196 998 τὸν*
3213 921 3410 1013 Σαοὺλ,
3433 948 3588 1002 οὐδὲν
3604 950 3678 1019 τῇ

421 1015 576 1081 dicit,
612 1016 706 1072 sed
747 1018 930 1088 potius
958 1019 1063 1075 sibi
1095 1021 1486 1078 conciliaturas
1515 1023 1706 1089 Deum,
1763 1037 1890 1077 cum
1939 1024 1994 1079 in

2116 1026 2336 1100 ὶληθεῐᾳ
2373 1027 2724 1102 λυμαίνεται.
2780 1033 2857 1086 Τὸ
2887 1033 2946 1086 δὲ
3001 1035 3219 1106 πρῶτον
3259 1015 3682 1102 ἀνταποδόσεωξ

421 1108 705 1178 angustias
743 1111 1052 1168 incidisset.
1084 1111 1168 1186 Et,
1201 1113 1245 1169 si
1275 1113 1342 1168 ad
1385 1114 1522 1170 alias
1552 1128 1818 1184 personas
1845 1112 1994 1170 refe-

419 1211 612 1259 rantur
637 1205 752 1262 haec
788 1207 981 1262 verba:
1015 1207 1134 1264 Non
1165 1208 1318 1264 ali'cci
1380 1225 1503 1280 ego,
1553 1209 1752 1280 inquit,
1813 1208 1994 1265 homi-

420 1309 555 1350 num
587 1297 824 1368 aliquem
859 1299 1083 1370 injuria,
1109 1315 1210 1356 nec
1235 1300 1387 1356 Sauli
1413 1302 1508 1371 qui
1554 1302 1684 1356 mihi
1716 1315 1815 1374 pro
1838 1314 1999 1357 acce-

419 1385 532 1455 ptis
561 1386 845 1446 beneficiis
875 1389 1167 1448 manifeste
1211 1400 1442 1447 mortem
1486 1391 1812 1458 intentabat,
1852 1392 1997 1463 inju-

421 1476 532 1533 rias
553 1478 737 1545 retuli,
769 1481 987 1537 tametsi
1013 1482 1067 1538 in
1097 1490 1428 1554 potestatem
1459 1497 1634 1539 meam
1685 1482 1986 1548 devenerit,

421 1575 482 1621 ut
512 1567 572 1623 in
598 1569 846 1628 historiis
873 1571 1082 1644 Regum
1116 1576 1448 1632 continetur.
1505 1573 1630 1629 Sive
1689 1572 1855 1643 igitur
1881 1571 1992 1629 Ab—

2091 1123 2267 1190 δνομα
2295 1126 2775 1193 καταχρηστικῶς,
2802 1127 2926 1181 ἀντὶ
2960 1126 3060 1197 τῆς
3103 1126 3423 1193 ἀποδόσεως
3462 1130 3673 1203 παρεξ-

2089 1212 2329 1282 ληπται·
2392 1213 2536 1278 δόσις
2569 1218 2670 1286 μὲν
2711 1216 2841 1291 γὰρ,
2893 1219 2928 1290 ή
2973 1219 3220 1292 καταρχὴ
3247 1219 3355 1290 τῆς
3392 1221 3668 1290 εὐποιίας,

2089 1306 2122 1377 ἢ
2154 1306 2450 1370 κακώσεως
2483 1323 2500 1343 ο
2526 1309 2780 1375 ἀπόδοσις
2815 1311 2894 1378 δὲ,
2916 1313 2951 1380 ἠ
2977 1309 3072 1366 τοῦ
3105 1313 3222 1367 ἴσου
3252 1313 3668 1386 ἁντιμέτρησις·

2089 1399 2442 1465 cumcum;
2477 1399 2556 1466 δὲ,
2604 1401 2835 1474 δευτέρα
2875 1419 2964 1468 τις
3034 1403 3311 1474 καταϐολὴ
3363 1405 3572 1466 κακῶν,
3626 1404 3668 1478 ἦ

2089 1494 2275 1552 καλῶν
2306 1494 2412 1550 ὑπὸ
2449 1496 2558 1550 τῶν
2611 1496 2811 1552 δόντων
2868 1497 2950 1560 τις
2977 1496 3106 1559 τοὺς
3148 1496 3472 1560 ἀποδόντας.
3527 1496 3672 1552 Σύν-

2089 1585 2224 1658 nec;
2269 1586 2328 1641 δὲ
2359 1578 2476 1642 ’καὶ
2520 1585 2682 1642 τοῦτο
2723 1589 2791 1659 τῇ
2846 1589 3063 1660 Γραφῇ,
3120 1587 3218 1642 καὶ
3283 1587 3519 1658 μάλιστα
3577 1587 3670 1659 τῷ

421 1659 599 1716 saloni
643 1662 758 1718 hac
791 1665 1094 1734 aptaveris,
1124 1675 1181 1722 et
1213 1666 1278 1722 iis
1303 1667 1398 1738 qui
1422 1680 1546 1721 cum
1577 1680 1644 1721 eo
1673 1672 1851 1730 erant,
1876 1663 1993 1720 sive
2088 1676 2277 1732 Δαδίδ,

421 1752 602 1818 alteri,
632 1755 748 1812 sive
781 1757 940 1813 etiam
968 1759 1070 1830 ipsi
1106 1759 1282 1827 Sauli,
1318 1759 1518 1815 veritas
1552 1757 1688 1813 nihil
1736 1757 1984 1814 laedatur.
2029 1754 2436 1816 Retrilmtionis
2460 1772 2590 1814 vero
2615 1759 2837 1816 nomine
2870 1760 2958 1816 hic
3026 1760 3210 1832 primo
3267 1761 3396 1816 loco
3458 1758 3682 1827 impro-

422 1844 538 1914 prie
569 1861 701 1902 usus
729 1855 834 1913 est,
863 1864 960 1918 pro
1003 1851 1234 1906 reddidi.
1300 1849 1436 1907 Nam
1487 1851 1582 1921 qui
1639 1851 1844 1904 bonum
1901 1855 1998 1903 aut
2037 1849 2242 1904 malum
2283 1850 2506 1923 aliquod
2533 1854 2742 1921 primus
2763 1851 2951 1918 infert,
3004 1854 3052 1908 is
3115 1854 3247 1908 dare
3303 1851 3688 1917 dicitur,red-

420 1939 553 1994 dere
582 1952 711 1994 vero
734 1940 781 1996 is
804 1941 898 2012 qui
963 1941 1108 1998 datis
1186 1958 1372 2014 parem
1435 1945 1612 2001 vicem
1685 1945 1922 2001 tribuit:
1973 1945 2278 2003 retribuere
2309 1957 2518 2014 autem,
2548 1949 2634 2004 vel
2658 1948 2841 2018 potius
2864 1949 2946 2021 (ut
2971 1947 3158 2006 Graeca
3213 1948 3382 2005 dictio
3435 1951 3684 2003 ἀνταπο-

422 2031 608 2087 δοῦναι
639 2030 1042 2102 significantius
1094 2035 1373 2104 exprimit)
1424 2047 1617 2093 contra
1688 2037 1996 2094 retribuere
2031 2036 2080 2092 is
2109 2035 2332 2106 dicitur,
2359 2039 2452 2110 qui
2490 2039 2796 2096 secundum
2866 2040 3255 2096 beneﬁcion
3289 2049 3384 2096 aut
3449 2041 3688 2111 injuria-

423 2137 544 2267 Eum
568 2119 1002 2176 vicissitudinem
1028 2122 1429 2194 reddit.Hujus
1455 2134 1641 2184 autem
1704 2126 1860 2184 verbi
1928 2140 2065 2183 usus
2107 2125 2372 2199 frequens
2425 2137 2513 2186 est
2578 2128 2727 2200 apud
2785 2127 3152 2201 Scripturam,
3200 2131 3473 2202 praecipue
3530 2132 3687 2202 apud

461 2222 645 2267 eatum
671 2213 864 2267 David.

461 2222 645 2270 catum
671 2213 864 2268 David.

492 2307 660 2366 Vens.
690 2311 746 2365 6.
783 2309 1142 2384 Perrequatur
1191 2314 1436 2370 inimicus
1471 2316 1706 2370 animam
1753 2332 1923 2372 meam
1951 2325 1998 2371 et

2173 2313 2542 2379 Καταδιὼεαι
2567 2314 2682 2383 ἄρα
2708 2316 2742 2370 ὀ
2765 2313 2980 2382 ἐχθρδς
3000 2313 3118 2381 τὴν
3151 2313 3362 2382 ψυχήν
3396 2331 3535 2383 μου,
3575 2314 3686 2370 και

426 2403 855 2473 comprehendat.
892 2403 1285 2476 Persequatur,
1344 2406 1548 2478 inquit,
1577 2407 1817 2464 Absalon
1877 2407 1998 2463 aui-

423 2511 566 2551 mam
600 2512 808 2553 meam:
839 2496 947 2553 hoc
976 2507 1062 2554 est
1094 2499 1362 2570 meipsum
1384 2499 1831 2572 (circumlocutio
1850 2498 1996 2556 enim

424 2587 557 2654 est),
598 2594 653 2642 et
674 2588 1135 2658 comprehendat.

495 2675 566 2732 Et
593 2677 860 2732 conculcet
881 2678 935 2733 iu
969 2687 1109 2734 terra
1135 2681 1297 2735 vitam
1328 2697 1529 2736 meam.
1557 2679 1662 2736 Per
1690 2681 1859 2736 vitam
1893 2680 1998 2737 hoc

425 2767 640 2824 inloco
670 2769 1000 2841 sanguinem
1043 2770 1322 2840 intelligit,
1349 2773 1444 2842 qui
1486 2773 1608 2827 vita)
1661 2786 1828 2828 causa
1892 2781 1996 2836 est,

423 2857 593 2913 veluti
623 2858 964 2929 praecipuum
1006 2859 1341 2939 elementum
1369 2861 1511 2917 inter
1540 2871 1735 2918 ctetera
1773 2875 1892 2931 quae
1942 2861 1998 2916 in

425 2965 657 3020 corpore
675 2959 829 3016 sunt,
860 2960 916 3007 et
938 2967 1063 3022 qua;
1097 2953 1232 3008 illud
1265 2962 1541 3024 coaptant.

501 3043 570 3098 Et
601 3042 832 3114 gloriam
871 3061 1042 3100 meam
1095 3046 1150 3100 in
1202 3045 1464 3115 pulverem
1517 3045 1759 3101 habitare
1813 3045 1997 3114 faciat.

427 3133 530 3189 Per
559 3134 812 3204 gloriam,
838 3134 1137 3205 gloriosum
1171 3150 1236 3189 ac
1273 3134 1455 3190 uobile
1473 3151 1674 3206 corpus
1705 3150 1868 3191 suum
1914 3134 2001 3191 in-

425 3225 626 3297 telligit
653 3243 669 3280 z
699 3226 846 3296 quod
889 3235 1004 3281 tum
1039 3227 1110 3282 ob
1149 3227 1296 3282 vires
1347 3225 1466 3296 ejus
1531 3225 1820 3294 maximas,
1881 3234 1998 3282 tum

427 3317 499 3372 ob
524 3317 954 3388 magnitudinem
979 3325 1034 3373 et
1085 3317 1337 3388 gloriam,
1376 3333 1499 3388 qua:
1551 3318 1601 3373 ei
1655 3317 1723 3374 ab
1770 3318 2002 3388 imperio

428 3408 724 3464 obvenerat
748 3409 891 3481 apud
927 3424 1118 3466 omnes
1147 3410 1362 3467 celebre
1411 3417 1530 3466 erat
1576 3417 1632 3466 et
1680 3419 1893 3466 notum.
1924 3407 2002 3481 ,1η

429 3499 712 3569 pulverem
744 3515 876 3556 vero
899 3501 1150 3557 habitare
1180 3502 1324 3557 idem
1355 3509 1440 3560 est
1489 3501 1637 3572 quod
1688 3501 1895 3572 jacere,
1949 3507 2004 3556 et

405 3593 486 3646 ‘in
559 3602 765 3646 terram
816 3592 1064 3648 dissolvi.
1126 3591 1428 3648 Possumus
1479 3593 1642 3648 etiam
1693 3607 2002 3649 sermonem

2099 2404 2446 2460 καταλάϐοι.
2487 2403 2856 2469 Καταδιώξαι,
2904 2403 3093 2474 φησιν,
3125 2405 3155 2458 ό
3193 2402 3515 2473 ’Δὸεσαλὼμ
3576 2407 3687 2476 τὴν

2098 2497 2281 2568 ψυχήν
2334 2513 2460 2566 μου,
2523 2496 2828 2560 τουτέστιν,
2886 2494 3013 2565 ἐμὲ,
3058 2494 3533 2564 περιφραστικῶς,
3579 2498 3688 2551 καὶ

2100 2587 2460 2661 συλλήψαιτο.

2171 2682 2278 2736 Kal
2311 2680 2731 2749 καταπατήσοι
2757 2682 2842 2745 εις
2875 2679 2996 2750 γῆν
3018 2679 3137 2748 τὴν
3167 2679 3325 2748 ζωήν
3355 2696 3498 2750 μου.
3524 2679 3690 2748 Ζωὴν

2100 2771 2358 2838 ἐνταῦθα,
2389 2772 2450 2825 τὸ
2473 2767 2617 2843 αἷμα
2653 2771 2940 2840 λογιστέον
2973 2787 2990 2805 ο
3022 2771 3119 2824 καὶ
3149 2769 3308 2824 τοῦτο
3363 2770 3476 2840 γὰρ
3528 2769 3687 2838 ζωῆς

2100 2863 2297 2929 αττιον,
2326 2861 2404 2928 ὡς
2443 2863 2910 2935 συνεκτικώτερον
2933 2861 3044 2918 τῶν
3072 2861 3252 2930 ἀλλων
3303 2861 3476 2933 τριῶν
3529 2877 3686 2916 στοι-

2099 2954 2284 3024 χείων.
2311 2953 2348 3009 ἃ
2373 2955 2434 3008 τὸ
2459 2954 2601 3019 ζῶον
2626 2954 2931 3025 συνέχουσι.

2171 3046 2280 3100 Kal
2311 3046 2429 3116 τὴν
2448 3046 2640 3113 δόξαν
2687 3065 2807 3118 μου
2863 3049 2952 3115 εις
2997 3049 3152 3117 χοῦν⁵
3191 3046 3686 3114 κατασκηνὼσαι.

2102 3133 2272 3200 Δόξαν
2305 3135 2484 3205 λέγει,
2524 3135 2585 3190 τὺ
2602 3134 2812 3201 ἔνδοξον
2834 3135 3006 3192 αὑτοῦ
3037 3137 3219 3207 σῶμα,
3253 3136 3353 3191 καὶ
3393 3137 3550 3206 ,πᾶσι
3574 3151 3684 3188 πε-

2107 3227 2387 3300 ριϐόητον,
2423 3227 2513 3284 διὰ
2536 3245 2599 3282 τε
2623 3228 2723 3300 τὴν
2741 3228 2955 3301 ῥώμην,
2987 3228 3085 3284 καὶ
3114 3229 3210 3283 τὸν
3273 3230 3383 3284 ἀπὸ
3434 3229 3536 3299 τῆς
3578 3229 3688 3298 ἀρ-

2100 3323 2203 3394 χῆς
2231 3322 2737 3394 προσγεγενημένον
2762 3322 2948 3391 ὄγκον.
2975 3321 3412 3392 Κατασκηνώσαι
3446 3321 3531 3383 δὲ,
3551 3321 3680 3374 ἀντὶ

2105 3412 2204 3469 τοῦ
2251 3415 2533 3485 ποιήσειαι
2601 3414 2684 3477 εἰς
2743 3413 2848 3484 γῆν
2909 3415 3151 3479 κεῖσθαι,
3199 3415 3298 3468 καὶ
3344 3411 3686 3468 διαλύεσθαι.

2108 3505 2268 3560 Ἔστι
2300 3505 2360 3558 δὲ
2385 3505 2651 3575 καὶπρὸς
2683 3505 2778 3560 τὸν
2805 3505 3039 3574 ἀόρατον
3070 3505 3269 3576 ὶχθρδν
3331 3501 3683 3574 μετενεγκεῖν

2104 3595 2197 3650 τὸν
2225 3594 2384 3663 λόγον
2435 3595 2832 3670 κατευχόμενον
2881 3595 3178 3667 διωχθῆναι
3213 3596 3344 3666 παρ’
3369 3593 3557 3658 αὐτοῦ,
3591 3593 3691 3647 καὶ

432 3683 582 3738 hunc
608 3682 675 3737 ad
712 3682 1048 3753 invisibilem
1085 3682 1368 3737 inimicum
1426 3684 1745 3750 transferre,
1812 3685 1888 3738 ita
1943 3692 2004 3738 ut

2116 3655 2543 3755 καταληφθῆναι,
2576 3655 2777 3755 μἠκέτι
2827 3655 3128 3754 δυνάςζινον
3190 3655 3553 3752 ἀποιρέύγεινν
3582 3680 3689 3742 τὰς

431 3775 766 3844 imprecetur
823 3775 1264 3843 persecutionem
1314 3787 1374 3829 se
1416 3773 1484 3828 ab
1513 3788 1578 3829 eo
1607 3774 1903 3842 sustinere,
1944 3782 2000 3829 et

431 3863 846 3934 comprehendi,
897 3878 1000 3920 nec
1030 3879 1195 3934 posse
1248 3864 1396 3920 illius
1465 3864 1697 3921 insidias
1749 3865 2003 3932 evadere,

2109 3775 2386 3841 ἐπιθέσεις
2416 3773 2604 3839 αὑτοῦ,
2633 3774 2730 3830 καὶ
2759 3775 2840 3839 εἰς
2869 3776 2995 3847 γῆν,
3016 3774 3293 3830 τουτέστιν
3309 3777 3391 3839 τις
3415 3777 3485 3827 τὰ
3509 3773 3693 3844 γεηρὰ

2113 3869 2413 3938 πράγματα
2441 3866 2538 3937 τὴν
2561 3867 2705 3938 ζωὴν
2731 3867 2896 3920 αὑτοῦ
2915 3866 3327 3937 καταλυφθῆναι
3353 3880 3370 3898 ο
3399 3865 3554 3919 τοῦτο
3574 3862 3690 3934 γὰρ

433 3957 680 4024 quinimo
733 3956 790 4013 in
846 3963 1072 4024 terram,
1135 3957 1240 4012 hoc
1280 3968 1364 4012 est
1415 3957 1469 4013 in
1520 3966 1736 4015 terrena
1792 3960 2005 4030 negotia

2116 3962 2211 4016 καὶ⁵
2245 3962 2279 4031 ἡ
2309 3959 2697 4028 καταπάτησις
2738 3957 3012 4028 βούλεται,
3035 3958 3277 4029 κειμένῳ
3297 3955 3482 4010 λοιπὸν
3516 3956 3694 4024 ἐπεμ-

433 4051 604 4104 vitam
655 4063 812 4104 suam
871 4049 1144 4120 immergi.
1184 4048 1301 4104 Hoc
1348 4050 1494 4104 enim
1557 4050 1872 4120 significant
1919 4052 2005 4105 illa

2118 4051 2418 4116 ϐαίνοντας,
2449 4051 2544 4105 καὶ
2571 4050 2816 4122 αἰσχρῶς
2848 4049 3212 4120 ἐναλλομένου
3239 4065 3253 4080 ·
3285 4049 3382 4102 καὶ
3424 4046 3501 4116 μὴ
3528 4046 3691 4116 μόνον

435 4141 600 4197 verba
637 4158 651 4196 :
694 4138 764 4195 Et
795 4141 1067 4196 conculces
1098 4141 1152 4195 in
1175 4149 1369 4196 terram
1403 4141 1566 4196 vitam
1609 4157 1802 4207 meam,
1865 4129 2004 4196 adeo

2116 4144 2166 4198 ιδ
2204 4142 2366 4213 σῶμα
2399 4141 2568 4196 τοῦτο
2592 4143 2809 4209 παθεῖν,
2867 4141 3006 4196 ἀλλὰ
3065 4141 3158 4196 καὶ
3210 4139 3311 4211 τὴν
3337 4138 3516 4203 δόξαν,
3563 4137 3694 4208 ἦτοι

437 4241 498 4286 ιιι
521 4231 730 4303 iacenti
766 4233 846 4289 illi
877 4234 1377 4303 iusurgatdaemon,
1412 4247 1476 4289 ac
1505 4233 1736 4303 turpiter
1758 4231 2005 4288 insultet.

2116 4232 2201 4287 τὸν
2232 4231 2380 4299 νοῦν,
2414 4232 2546 4297 δόξα
2571 4218 2864 4315 γὰρῠοῦτος
2889 4233 2986 4285 καὶ⁵
3024 4231 3160 4302 τιμὴ
3192 4230 3294 4300 τῆς
3348 4227 3553 4298 ψυχῆς,
3607 4227 3693 4288 εἰς

436 4323 623 4395 Neque
652 4323 756 4380 hoc
787 4332 1026 4392 tantum,
1064 4323 1263 4394 inquit,
1298 4337 1500 4394 corpus
1552 4323 1862 4382 conculcet.
1912 4321 2005 4378 sed

2116 4325 2220 4394 γῆν
2244 4324 2663 4395 κατενεχθῆναι,
2715 4326 2813 4378 καὶ
2869 4322 3300 4393 προσηλωθῆναι
3349 4320 3448 4374 καὶ
3501 4317 3695 4372 τοῦτον

436 4423 492 4471 ct
513 4415 746 4488 gloriam
774 4457 788 4483 ,
823 4415 927 4472 hoc
960 4424 1046 4472 est
1072 4415 1251 4486 ipsum
1291 4414 1454 4470 etiam
1516 4414 1878 4476 intellectum,
1919 4413 2005 4482 qui

2117 4414 2229 4476 τοῖς
2267 4413 2497 4482 γηῖνοις,
2535 4413 2737 4484 μηκέτι
2775 4411 2855 4483 τῷ
2885 4409 3072 4481 πτερῷ
3114 4411 3214 4482 τῆς
3253 4409 3484 4481 θεωρίας
3515 4407 3693 4478 ἀρθῆ-

437 4509 634 4565 animae
653 4509 830 4565 honor
862 4519 946 4566 est
977 4517 1031 4566 et
1058 4508 1256 4580 gloria,
1299 4506 1355 4562 in
1389 4513 1593 4562 terram
1659 4505 1862 4561 deferri
1910 4505 2016 4559 im-

2119 4521 2210 4558 ναι
2241 4504 2379 4568 ποὺς
2404 4504 2540 4559 eam
2566 4502 2888 4575 δυνάμενον.

440 4614 720 4676 precatur,
742 4614 800 4662 et
829 4607 1068 4664 terrenis
1139 4605 1309 4662 rebus
1364 4602 1651 4676 applicari,
1706 4603 1782 4658 ita
1860 4609 1921 4656 ut
1963 4599 2447 4673 contemplationis
2515 4602 2617 4660 alis
2679 4604 2747 4658 ad
2801 4601 2970 4660 Deum
3025 4600 3260 4673 amplius
3316 4599 3500 4657 extolli
3581 4613 3698 4655 non

442 4701 642 4769 ltossit.

519 4795 679 4852 Vens.
715 4795 766 4850 ’1.
794 4793 1051 4868 Exsurge,
1079 4796 1318 4861 Domine,
1352 4797 1405 4849 in
1441 4798 1524 4851 ira
1563 4803 1677 4848 tua.
1716 4793 2023 4862 Exsurgere

443 4898 625 4961 potest
681 4888 852 4955 Deus,
908 4900 960 4944 et
1004 4903 1113 4944 non
1153 4888 1207 4942 in
1255 4887 1337 4942 ira
1361 4887 1516 4956 juxta
1547 4884 1729 4940 illud:
1769 4883 2021 4954 Exsurge

447 4980 690 5047 Domine,
722 4980 928 5035 salvum
963 4996 1043 5035 me
1068 4979 1200 5051 fac;
1233 4987 1290 5033 at
1336 4993 1482 5033 nunc
1519 4977 1587 5032 ad
1623 4975 1891 5048 supplicia
1933 4983 2020 5030 at-

2209 4793 2538 4860 Ἁνάστηθι,
2560 4791 2756 4858 Κύριε,
2776 4790 2846 4843 ἐν
2864 4787 3012 4859 ὀργῇ
3024 4788 3294 4844 σου.“Ἐνι
3317 4787 3428 4857 γὰρ
3454 4786 3698 4858 ἀναστῆ-

2125 4905 2234 4952 ναι,
2263 4886 2357 4940 καὶ
2378 4885 2478 4939 οὐκ
2500 4886 2559 4938 ὲν
2606 4884 2767 4954 ὀργῇ,
2800 4881 2876 4946 ὡς
2915 4883 3044 4936 ὅταν
3077 4879 3231 4951 λέγῃυ
3275 4879 3549 4945 Ἀνάστα,
3578 4881 3697 4933 Κύ-

2113 4995 2225 5046 ple,
2256 4976 2466 5032 σῶσόν
2495 4993 2596 5045 με,
2628 4974 2823 5040 ὁΘεός
2848 4991 2991 5044 μου.
3027 4971 3144 5026 Νῦν
3166 4973 3226 5027 δὲ
3258 4971 3395 5042 πρὸς
3424 4974 3702 5042 τιμωρίαν

447 5089 554 5145 que
594 5073 660 5128 ad
693 5087 884 5145 poenas
915 5088 1040 5128 eum
1072 5073 1325 5128 advocat.
1354 5069 1662 5141 Intelligere
1703 5080 1883 5124 autem
1916 5067 2005 5124 de-

2122 5071 2283 5126 αὑτδν
2306 5069 2644 5138 ἐγκαλεῖται.
2677 5067 2944 5138 Καθάπερ
2969 5065 3027 5119 δὲ
3047 5065 3108 5120 τὸ
3139 5064 3415 5136 καθῆσθαι
3443 5065 3536 5119 ἐπὶ
3555 5063 3696 5118 Θεοῦ

445 5167 640 5223 bemus
671 5165 842 5221 Deum
874 5179 1098 5236 surgere
1145 5178 1254 5219 non
1288 5163 1669 5232 corporaliter,
1715 5161 1879 5217 sicuti
1919 5174 2020 5218 nec

445 5258 790 5330 corporalem
857 5256 1045 5313 sedem
1109 5255 1503 5327 intelligimus,
1554 5254 1772 5326 quando
1831 5252 2022 5309 sedere

448 5349 602 5402 illum
636 5349 871 5420 legimus
909 5364 922 5402 :
961 5347 1056 5402 sed
1108 5346 1312 5420 regiam
1341 5345 1464 5416 ejus
1495 5345 1812 5417 dignitatem
1847 5343 2022 5400 stabi-

448 5439 773 5509 litatcmque
801 5445 855 5494 et
879 5438 1159 5508 judicandi
1192 5439 1576 5493 auctoritatem
1603 5436 1841 5507 judicari
1874 5436 2022 5490 arbi-

450 5539 686 5584 tramur.
739 5529 854 5584 Hoc
906 5538 1066 5599 pacto
1111 5531 1277 5586 etiam
1321 5545 1444 5586 cum
1491 5518 1789 5600 exsurgere
1852 5528 2018 5584 Deum

452 5617 712 5684 dicimus,
737 5619 995 5690 puniendi
1022 5629 1114 5676 aut
1136 5619 1465 5678 defendendi
1502 5620 1649 5677 illius
1681 5619 2021 5691 propositum

2121 5163 2182 5216 οὐ
2209 5160 2538 5231 σωματικῶς
2568 5159 3007 5230 ὲκλαμδάνομεν,
3036 5157 3211 5220 οὕτως
3235 5157 3358 5211 οὐδὲ
3389 5156 3449 5210 τὸ
3475 5155 3704 5209 ἀνίστα-

2121 5253 2267 5308 σθαι⁶
2296 5252 2436 5308 ἀλλά
2463 5251 2524 5306 τὸ
2551 5252 2652 5322 μὲν
2685 5251 2982 5323 καθῆσθαι,
3011 5251 3159 5322 δηλοῖ
3179 5250 3241 5304 τὸ
3276 5247 3578 5318 βασιλικὸν,
3602 5247 3702 5300 κα“ι⁵

2121 5345 2454 5411 δικαστικὸν,
2481 5345 2574 5399 καὶ
2599 5345 2836 5416 ἑδραῖονο
2877 5343 3018 5398 τὰδὲ
3042 5340 3384 5406 ἀνίστασθαι,
3424 5339 3486 5392 τὸ
3523 5354 3702 5408 τιμωο

2125 5436 2348 5509 ρητικδν
2372 5437 2466 5494 καὶ
2485 5436 2894 5508 ἀντιληπτικόν.
2931 5434 3132 5506 Ὀργὴν
3153 5434 3210 5487 δὲ
3235 5433 3327 5486 ἐπὶ
3345 5430 3479 5485 Θεοῦ
3509 5428 3697 5493 πάλιν,

2121 5529 2184 5581 οὐ
2245 5527 2417 5591 πάθος
2479 5526 2713 5600 οἰητέον,
2754 5527 2891 5581 ἀλλὰ
2917 5525 3209 5604 ἰτιμωριαν
3243 5522 3353 5577 τῶν
3394 5520 3562 5586 ἀξίων
3595 5519 3701 5574 αὖ·

2135 5637 2261 5689 της.

454 5713 802 5768 «lenotamus.
837 5714 974 5767 Iram
1003 5713 1056 5768 in
1086 5713 1196 5770 Deo
1224 5715 1342 5785 pari
1372 5711 1533 5769 modo
1563 5727 1672 5770 non
1709 5711 2021 5783 passionem
2061 5726 2186 5768 esse
2212 5709 2591 5782 intelligimus,
2640 5709 2737 5766 sed
2767 5708 3180 5780 castigationem
3243 5714 3298 5762 et
3358 5703 3704 5776 punitionem

454 5807 674 5864 illorum
706 5809 800 5878 qui
829 5808 1010 5865 divina
1043 5811 1121 5866 ira
1145 5809 1294 5880 digni
1323 5817 1474 5866 sunt.

525 5901 781 5958 Exaltare
849 5901 902 5957 in
956 5902 1147 5971 ﬁnibus
1199 5902 1530 5960 inimicorum
1590 5909 1820 5957 tuorum,
1884 5898 2020 5955 Cum

2211 5894 2508 5966 ’Υψώθητι
2559 5895 2628 5950 ἐν
2683 5892 2806 5960 τοῖς
2851 5892 3067 5963 πέρασι
3124 5889 3239 5945 τῶν
3285 5883 3512 5957 ἐχθρῶν
3563 5898 3713 5938 σου.
