3970 6540
283 482 397 547 l2!

1459 470 1848 535 COMMENT.
1881 470 1967 534 IN
1999 472 2369 535 PSALMOS.

3457 462 3558 528 1°22

287 597 537 669 ’Υψηλδς
591 594 689 659 ῶν,
746 593 953 664 φάνηθι
1005 592 1165 647 τοῦτο
1215 588 1312 643 καὶ
1368 591 1483 652 τοῖς
1534 584 1868 658 ἀνθρώποις.

2009 586 2121 641 ltus
2180 589 2260 644 sis
2319 596 2375 642 et
2433 584 2705 651 sublimis,
2759 583 2835 639 ita
2884 583 3051 639 etiam
3107 594 3331 651 apparo,
3394 583 3559 649 atque

274 690 556 757 Φανήσεις
579 686 637 739 δέ
660 683 822 740 τοῦτο
847 686 907 738 ὲν
936 685 1048 746 τοῖς
1070 682 1306 743 τέλεσιν,
1340 681 1460 751 ἦτοι
1484 680 1542 733 ἑν
1567 681 1688 741 ταῖς
1717 678 1874 731 ἀναισ-

285 780 481 833 οέσισι
512 778 624 832 τῶν
643 775 852 847 ἐχθρῶν
876 789 990 828 σου*
1013 774 1168 837 τέλος
1188 770 1297 843 γὰρ
1319 771 1423 841 τῆς
1442 771 1676 824 ἑκάστου
1701 768 1871 837 ζωῆς,

282 874 315 925 ὁ
350 870 609 933 θάνατος·
638 869 688 922 οἱ
709 867 767 920 δὲ
792 867 919 937 ἐμοὶ
952 866 1162 936 ἐχθροὶ,
1201 865 1298 918 καὶ
1330 863 1415 917 σοί
1460 863 1621 926 εἰσιν,
1652 855 1741 914 οἷα
1774 858 1876 922 τὰς

288 962 399 1026 σὰς
424 960 649 1024 ἐντολὰς
675 958 1153 1030 παραϐεϐηκότες.

371 1132 771 1203 Ἕξετέρθητι,
824 1132 1002 1202 Κύριε
1057 1133 1091 1187 d
1123 1132 1268 1197 Θεός
1319 1147 1457 1200 μου,
1493 1129 1564 1183 ἐν
1618 1125 1880 1196 προστά-

283 1245 468 1297 τματι
512 1222 561 1295 ὦ
596 1227 892 1281 eratcum.
948 1224 1041 1295 Μὴ
1101 1224 1539 1295 μακροθυμήσῃς
1590 1219 1709 1274 ἕτιο
1759 1218 1876 1273 ἀλλ’

288 1321 508 1391 ἄμυνον
531 1319 622 1375 διὰ
647 1320 711 1373 τὸ
742 1320 1075 1389 πρόσταγμα
1107 1316 1135 1371 ὃ
1162 1315 1433 1380 ὲνετείλω,
1544 1312 1765 1382 ἐχρήσω
1791 1311 1880 1366 διὰ

286 1413 562 1477 Μωσέως,
591 1413 653 1466 τὸ
682 1411 832 1481 Τίμα
862 1411 971 1465 τὸν
989 1409 1214 1478 πατέρα
1229 1422 1368 1475 σου,
1402 1407 1499 1462 καὶ
1520 1406 1636 1473 τὴν
1652 1404 1882 1475 μητέρα

287 1519 438 1559 σου.
469 1504 585 1558 Νῦν
608 1504 665 1558 δὲ
687 1504 715 1556 ὁ
737 1504 872 1574 tuo;
903 1504 1058 1564 παῖς,
1080 1502 1341 1571 ὲλύττησε
1365 1501 1504 1553 κατὰ
1527 1497 1620 1550 τοῦ
1650 1496 1879 1567 πατρὸς.

292 1596 458 1651 Ἐστι
484 1597 542 1650 δὲ
570 1597 665 1650 καὶ
687 1595 865 1659 ἄλλως
892 1594 1144 1649 ἐκλαϐεῖν
1172 1593 1264 1647 τὸν
1287 1592 1462 1660 λόγον,
1493 1591 1577 1644 ὃτι
1610 1588 1741 1657 περὶ
1777 1586 1873 1641 τοῦ

296 1689 613 1761 μυστηρίου
668 1688 772 1758 τῆς
823 1687 1177 1749 ἀναστάσεως
1226 1687 1255 1739 ό
1304 1684 1591 1754 προφήτης
1640 1680 1881 1751 εὔχεται·

289 1786 493 1854 εἴρηκε
530 1782 640 1851 γὰρ
683 1781 742 1835 ὲν
766 1781 882 1843 tot;
913 1778 1270 1847 Εὑαγγελίοις
1313 1779 1342 1831 ὁ
1390 1775 1595 1847 Κύριος
1625 1774 1755 1845 περὶ
1789 1771 1884 1826 τοῦ

291 1875 435 1929 ἰδίου
467 1876 719 1944 σώματος
753 1872 890 1944 πρὸς
928 1870 1252 1934 Ἰουδαίους·
1301 1869 1541 1924 Λύσατε
1585 1866 1690 1921 τὸν
1731 1865 1886 1920 ναὸν

1977 684 2207 739 ostende
2243 693 2298 739 le
2326 683 2643 759 hominibus
2674 698 2690 737 :
2719 678 3034 750 huiusmodi
3058 686 3237 733 autem
3266 677 3560 748 apparebis

1978 774 2033 828 in
2058 774 2279 839 ﬁnibus,
2305 772 2409 828 hoc
2453 780 2538 827 est
2580 771 2633 826 in
2690 777 2864 826 morte
2921 769 3270 823 inimicorum
3315 774 3557 820 tuorum.

1978 861 2130 918 Mors
2180 861 2383 931 quippe
2413 860 2850 928 uniuscuiusque
2884 858 3006 913 ﬁnis
3033 868 3109 912 est
3156 874 3171 910 ε
3233 871 3384 910 meos
3431 870 3559 908 vero

1982 953 2258 1017 inimicos,
2316 953 2416 1007 tibi
2466 952 2634 1006 etiam
2683 949 2935 1011 inimicos
2980 965 3101 1004 esse
3153 962 3261 1002 non
3316 946 3558 1015 ambigo,

1978 1058 2102 1099 cum
2135 1044 2392 1099 mandata
2417 1054 2505 1099 tua
2534 1042 3033 1111 transgrediantur.

2051 1135 2312 1208 Exsurge,
2356 1137 2577 1192 Domine
2631 1137 2766 1189 Deus
2805 1151 2972 1202 meus,
3014 1135 3068 1187 in
3113 1142 3368 1204 pracepto
3424 1131 3561 1200 quod

1983 1230 2274 1284 mandasti.
2305 1228 2423 1283 Noli
2462 1228 2699 1299 amplius
2740 1243 2862 1283 esse
2910 1226 3259 1297 longanimis,
3296 1225 3389 1280 sed
3420 1224 3561 1278 ulci‘

1984 1334 2138 1375 scere
2185 1327 2409 1389 propter
2456 1328 2788 1387 praeceptum
2855 1317 2999 1384 quod
3071 1312 3360 1375 mandasti,
3416 1311 3563 1380 quod

1984 1410 2239 1465 videlicet
2288 1409 2565 1464 tradidisti
2616 1423 2711 1477 per
2740 1406 2987 1477 Moysem
3037 1405 3257 1471 iubens,
3309 1410 3566 1471 parentes

1984 1503 2344 1558 honorandos
2371 1515 2490 1555 esse
2520 1516 2550 1554 a
2588 1499 2739 1553 filiis.
2774 1496 2977 1551 Verum
3005 1496 3061 1550 in
3091 1493 3379 1565 praesentia
3420 1492 3564 1547 ﬁlius

1984 1611 2142 1651 meus
2180 1594 2366 1650 lurore
2390 1594 2445 1649 in
2477 1600 2686 1663 patrem
2724 1596 3010 1658 correptus
3044 1595 3148 1642 est.
3181 1585 3485 1639 Possumus
3513 1592 3568 1637 et

1988 1688 2146 1742 aliter
2169 1687 2499 1754 intelligere,
2530 1683 2676 1753 quod
2709 1680 2981 1747 Pr0plteta
3010 1692 3203 1747 preces
3237 1674 3432 1729 fundat
3466 1687 3565 1743 pro

1989 1778 2415 1836 resurrectionis
2455 1774 2739 1847 mysterio.
2793 1772 2937 1826 Dixit
2977 1770 3123 1826 enim
3181 1766 3447 1822 Dominus
3500 1763 3568 1818 ad

1990 1868 2232 1929 Judaros,
2287 1872 2349 1920 ut
2402 1865 2545 1935 apud
2614 1861 2982 1931 evangelistas
3045 1858 3317 1928 legimus:
3369 1853 3569 1908 Solvite

289 1964 409 2019 τοῦ
442 1964 615 2030 Θεοῦ,
644 1964 741 2018 καί
772 1964 844 2017 ὲν
873 1962 1075 2031 τρισὶν
1098 1960 1345 2031 ἡμέραις
1375 1957 1750 2027 οἰκοδομήσω
1779 1959 1882 2011 αὑ-

2009 1960 2247 2028 'emplum
2282 1956 2399 2022 Dei,
2432 1965 2482 2012 et
2518 1956 2573 2011 in
2610 1954 2776 2008 tribus
2805 1952 2990 2006 diebus
3021 1950 3296 2018 azdi/icabo
3326 1944 3461 2000 illud
3500 1944 3567 1999 ".

290 2057 431 2110 τόν.
476 2054 830 2126 Ἐξεγέρθητι
858 2052 953 2106 οὖν
984 2052 1072 2105 διὰ
1093 2051 1154 2104 τὸ
1186 2049 1536 2121 πρόσταγμα,
1562 2048 1589 2102 δ
1613 2046 1881 2102 ὲνετείλωθ

289 2144 467 2209 εἶπας
500 2147 630 2217 γάρ’
662 2146 922 2207 Λύσατε,
956 2144 1053 2197 καὶ
1079 2141 1327 2198 λύσουσι.

374 2239 487 2293 Kal
516 2236 837 2307 συναγωτὴ
871 2235 1037 2290 λαῶν
1066 2237 1368 2290 κυκλώσει
1396 2251 1493 2290 σε.
1529 2237 1592 2290 Et
1620 2236 1728 2308 γὰρ
1760 2238 1884 2290 m-

292 2332 598 2402 κουρήσεις
631 2347 741 2399 μοι,
774 2328 999 2398 ὄψονται
1044 2328 1253 2393 πολλοὶ,
1300 2328 1397 2382 καὶ
1458 2329 1886 2399 φοϐηθήσονται,

291 2423 403 2477 καὶ
430 2419 827 2489 ἐπιστρέφουσι
872 2420 1011 2489 πρὸς
1045 2419 1279 2490 Κύριον.
1326 2419 1400 2474 Τὸ
1435 2419 1493 2472 δέ
1526 2437 1591 2489 γε
1642 2419 1887 2475 Κυκλώ-

291 2529 552 2579 σουσιν,
586 2512 709 2567 ἀντὶ
746 2510 866 2576 τοῦ,
896 2511 1084 2582 κύκλῳ
1113 2512 1438 2580 γενήσονται
1475 2512 1584 2566 τῶν
1612 2512 1720 2564 σῶν
1746 2514 1889 2565 ὲντο-

292 2605 437 2668 λῶν,
474 2604 549 2675 μὴ
567 2603 926 2674 ἀφιστάμενοι
946 2602 1172 2657 τούτων’
1198 2603 1226 2655 ό
1249 2603 1357 2673 γὰρ
1379 2602 1532 2668 Θεὸς,
1560 2584 1886 2673 ἀπέραντος.

301 2697 422 2750 Καὶ
451 2697 542 2749 ἐπὶ
564 2696 662 2766 τῆς
690 2696 1043 2759 ἀναστάσεως
1068 2696 1123 2749 δὲ
1146 2694 1208 2749 τὸ
1238 2696 1401 2766 ῥητὸν
1431 2695 1704 2765 δυνάμεθα
1730 2695 1891 2748 ἐκλα-

302 2789 464 2842 ϐιϊνο
496 2789 617 2841 τότε
664 2788 774 2859 γὰρ
826 2789 861 2859 ή
918 2787 1030 2841 τῶν
1080 2785 1249 2840 ἐθνῶν
1300 2785 1618 2855 συναγωγὴ,
1674 2786 1768 2839 ἐπὶ
1800 2784 1891 2839 τὸν

301 2882 552 2953 Χριστὸν
583 2882 859 2951 ἐγένοντο,
901 2880 1154 2952 καθάπερ
1184 2879 1242 2933 ἑν
1276 2877 1483 2948 κύκλῳ,
1532 2877 1641 2931 ἀπὸ
1673 2878 1892 2932 πάντων

303 2975 425 3028 τῶν
453 2974 707 3045 περάτων
743 2974 843 3043 τῆς
890 2974 1014 3043 γῆς.
1045 2972 1119 3027 Ἦ
1141 2971 1201 3025 τὸ
1251 2968 1556 3025 κυκλώσει
1591 2984 1665 3023 σε
1687 3009 1702 3032 ,
1735 2968 1889 3033 ἀντὶ,

310 3066 547 3138 ’ᾼσιται
579 3065 675 3120 καὶ
703 3065 938 3136 ὑμνήσει
965 3082 1046 3119 σε.
1086 3063 1307 3134 Ἐπειδὴ
1346 3061 1456 3133 γὰρ
1501 3063 1559 3115 ἔν
1592 3059 1740 3132 χορῷ
1767 3059 1894 3123 τοὺς

310 3158 522 3227 ὕμνους
552 3157 839 3228 ἀνέφερον,
871 3157 981 3211 ἀπὸ
1012 3156 1108 3210 τοῦ
1154 3156 1437 3227 σχήματος
1485 3151 1579 3208 τοῦ
1634 3152 1894 3222 πράγμα-

312 3268 437 3318 ⁴τος,
469 3250 603 3306 αὐτὸ
624 3250 689 3305 τὸ
717 3250 953 3322 πρᾶγμα
981 3248 1223 3321 ᾐνίξατο.

390 3542 499 3598 Kai
528 3540 682 3609 ὑπὲρ
711 3540 936 3607 ταύτης
964 3540 1055 3608 είς
1085 3540 1244 3611 ὕψος
1287 3541 1699 3611 ἀπόστρεψον.
1739 3542 1899 3595 Ἕνε-

317 3653 421 3690 κεν
446 3635 653 3705 ταύτης
674 3634 773 3703 τῆς
795 3633 1140 3702 συναγωγῆς,
1172 3634 1364 3689 ἄνελθε
1402 3634 1538 3705 πρὸς
1560 3634 1651 3688 τὸν
1681 3634 1900 3706 Πατέρα

323 3728 577 3799 μεσίτης⁸
612 3724 942 3796 ὲπίστρεψον
966 3727 1046 3789 εἰς
1068 3726 1128 3779 τὸ
1161 3725 1293 3797 ὕψος
1318 3727 1417 3796 τῆς
1439 3726 1621 3796 δόξης,
1657 3721 1726 3797 ἧς
1757 3724 1903 3795 εἶχες

320 3820 431 3892 πρὸ
459 3817 554 3873 τοῦ
608 3817 813 3888 κόσμον
849 3816 1124 3887 γενέσθαι,
1180 3818 1242 3872 τὸ
1291 3818 1576 3890 ἄφραστον
1606 3818 1903 3891 πληρώσας

320 3913 426 3984 ήδη
466 3911 789 3983 μυστήριον.

395 4025 615 4092 Κύριος
654 4022 846 4091 κρινεῖ
866 4023 1077 4088 λαούς.
1109 4021 1185 4076 Οὐ
1213 4021 1525 4094 παρόψεται
1545 4022 1656 4093 γὰρ
1682 4022 1751 4076 τά
1784 4022 1907 4075 κατ’

325 4115 464 4186 ίμοῦ
491 4114 949 4186 μεμηχανημένα.
987 4116 1058 4167 Ἦ
1091 4115 1186 4168 καὶ
1212 4116 1412 4186 κρινεῖ,
1444 4115 1571 4178 τοὺς
1607 4115 1707 4184 μὲν
1735 4130 1906 4182 πονηο

330 4205 459 4274 ροὺς
487 4204 857 4276 κατακρίνων,
900 4205 1027 4269 τοὺς
1049 4205 1105 4260 δὲ
1132 4206 1372 4274 ἀγαθοὺς
1398 4205 1563 4259 ἱστῶν
1593 4208 1658 4259 ἐκ
1686 4205 1903 4270 δεξιῶν.

397 4405 617 4475 Κρῖνόν
634 4422 731 4474 με,
760 4405 957 4472 Κύριε,
989 4404 1138 4458 κατὰ
1165 4404 1281 4471 τὴν
1313 4403 1717 4469 δικαιοσύνην
1750 4421 1901 4472 μου,

332 4502 433 4555 καί
462 4500 614 4555 κατὰ
644 4499 761 4565 τὴν
788 4499 1005 4551 κακίαν
1041 4515 1161 4567 μου
1203 4496 1297 4551 ἐπ’
1327 4496 1480 4562 ἐμοί.
1530 4495 1750 4565 Ἐπειδὴ
1783 4495 1909 4566 κρί-

334 4611 473 4686 σεως
500 4590 771 4661 ἐμνήσθη,
803 4590 988 4653 Γενοῦ,
1011 4588 1166 4658 φησι,
1187 4588 1367 4658 κάμοῦ
1399 4588 1615 4658 κριτὴς,
1641 4587 1902 4654 ἐξετάσας
1936 4626 1989 4686 D

332 4684 433 4757 τὴν
458 4683 810 4754 δικαιοσύνην
836 4700 935 4751 μου
960 4682 1027 4753 ήν
1058 4684 1299 4753 ἐτήρησα
1331 4682 1469 4752 πρός
1495 4699 1554 4734 τε
1576 4680 1667 4734 τὸν
1698 4699 1912 4749 πατρα-

331 4776 510 4840 λοίαν,
544 4774 640 4830 καὶ
663 4776 789 4837 τοὺς
820 4774 956 4844 ἀμφ’
990 4774 1173 4839 αὑτὸν,
1198 4774 1280 4826 ἔτι
1304 4791 1368 4842 γε
1391 4775 1498 4845 μὴν
1530 4776 1622 4828 καὶ
1654 4776 1794 4828 κατὰ
1813 4775 1913 4841 τὴν

335 4867 620 4935 ἁπλότητα
652 4883 774 4936 μου,
811 4864 898 4919 ἐπ’
920 4866 1045 4930 ἐμοὶ
1078 4864 1341 4933 γενέσθω.
1396 4864 1519 4927 Πῶς
1552 4861 1646 4918 οὖν
1672 4864 1908 4935 ἀλλοιχοῦ

334 4958 536 5026 λέγων,
564 4960 621 5011 Μ
629 4956 661 5022 ἡ
683 4957 965 5024 εισέλθῃς
990 4958 1077 5021 είς
1108 4956 1311 5023 κρίσιν
1336 4957 1486 5024 μετὰ
1533 4956 1640 5010 τοῦ
1686 4958 1915 5011 δούλου

336 5065 480 5112 σου,
526 5045 761 5100 ἐνταῦθα
789 5045 988 5115 μᾶλλον
1039 5045 1258 5115 εὔχεται
1309 5027 1599 5117 κριθῆναι;
1633 5045 1758 5099 Ὅτι
1792 5046 1911 5098 ἐκεῖ

343 5138 468 5205 μὶν,
498 5136 592 5207 Μὴ
631 5136 851 5207 κριθῇς,
886 5136 1043 5206 φησι,
1072 5135 1208 5206 πρός
1241 5152 1309 5206 με
1354 5136 1441 5201 σὺ,
1479 5135 1614 5205 μηδὲ
1660 5135 1752 5187 τὸν
1782 5133 1915 5202 itpr

342 5230 459 5299 βίον
488 5229 627 5300 πρὸς
658 5227 756 5292 τὰς
783 5228 883 5291 σὰς
908 5228 1287 5299 παρεξετάσῃς
1306 5228 1651 5299 εὐεργεσίας
1683 5226 1919 5281 ἐνταῦθα

340 5321 424 5385 δι,
458 5322 596 5392 πρὸς
639 5321 860 5392 ἑτέρους
888 5319 985 5391 τὴν
1036 5320 1217 5389 κρίσιν
1252 5320 1523 5391 ἐπιζητεῖ,
1558 5320 1683 5384 τοὺς
1726 5318 1919 5389 ἁδική·

346 5431 570 5479 σαντας,
596 5412 693 5468 τοῦ
732 5412 938 5467 ἀνελεῖν
972 5412 1363 5482 ὲκζητοῦντας.

420 5610 885 5678 Συντελεσθήτω
929 5609 1006 5678 δὴ
1058 5611 1316 5678 πονηρία
1371 5608 1758 5679 ἁμαρτωλῶν,
1823 5607 1923 5662 καὶ

349 5704 735 5771 moueunt”;
769 5703 1024 5757 δίκαιον.
1079 5702 1143 5755 Et
1185 5701 1295 5773 γὰρ
1338 5701 1599 5773 στήσεταί
1642 5716 1772 5755 ποτε
1814 5700 1923 5754 τῶν

428 5884 660 5941 "Joait.
711 5898 772 5942 ιι.
817 5884 900 5940 l9.
978 5883 1023 5929 τ’
1058 5875 1205 5936 Psal.
1246 5874 1495 5943 cxut,2.

1992 2049 2239 2116 Exsurge
2298 2047 2488 2116 igitur,
2536 2046 2740 2114 inquit,
2777 2044 2935 2114 iuxta
2996 2040 3131 2096 illud
3184 2037 3500 2093 mandatum
3549 2055 3564 2089 ε

1989 2140 2177 2197 dixisti
2201 2140 2346 2194 enim
2371 2139 2589 2202 Solvite,
2615 2146 2670 2193 et
2693 2137 2925 2192 solvent.

2061 2233 2228 2290 Vens.
2249 2234 2301 2289 8.
2324 2232 2389 2286 Et
2412 2231 2747 2301 congregatio
2777 2228 3092 2298 populorum
3121 2222 3465 2279 circumdabit
3499 2228 3567 2273 te.

1992 2330 2046 2384 Si
2072 2330 2216 2385 enim
2243 2327 2373 2383 mihi
2393 2327 2611 2394 adiutor
2640 2322 2830 2386 fueris.
2870 2320 3132 2376 videbunt
3152 2316 3305 2372 multi
3332 2324 3384 2369 et
3414 2314 3572 2367 time-

1992 2420 2126 2475 bunt
2147 2428 2199 2473 et
2220 2426 2605 2474 convertentur
2620 2413 2685 2468 ad
2710 2412 3018 2467 Dominum.
3040 2408 3195 2475 Quod
3216 2422 3344 2462 vero
3366 2405 3439 2459 ait
3456 2404 3574 2459 Cir-

1994 2509 2267 2570 Cumdabit
2309 2517 2376 2573 te,
2402 2508 2544 2562 idem
2575 2514 2661 2562 est
2685 2505 2852 2575 quod,
2875 2503 3032 2558 Circa
3053 2498 3308 2556 mandata
3340 2509 3430 2553 tua
3450 2510 3573 2551 ver-

1994 2605 2281 2661 sabuntnr,
2300 2610 2353 2657 et
2366 2614 2647 2671 nunquam
2665 2598 2732 2652 ab
2754 2598 2834 2652 eis
2858 2594 3113 2651 recedent
3136 2610 3150 2657 ;
3175 2607 3297 2646 nam
3325 2589 3568 2657 alioquin

1993 2696 2140 2750 Deus
2176 2693 2478 2747 immensus
2516 2698 2624 2753 est,
2667 2696 2723 2743 et
2753 2684 3150 2756 comprehendi
3205 2698 3314 2736 non
3364 2686 3570 2750 potest.

1993 2786 2296 2842 Possumus
2330 2782 2496 2838 etiam
2544 2781 2649 2836 hoc
2692 2779 2998 2848 intelligere
3035 2776 3103 2831 de
3144 2770 3572 2829 resurrectionis

1995 2887 2275 2947 tempore;
2316 2874 2667 2946 congregatio
2697 2872 2843 2927 enim
2890 2869 3155 2940 gentium,
3191 2864 3344 2936 quasi
3372 2878 3576 2919 corona

1995 2964 2229 3034 quadam
2256 2963 2537 3019 Christum
2584 2960 2779 3024 cinxit,
2830 2974 2956 3014 cum
3009 2957 3078 3012 ab
3131 2955 3388 3010 omnibus
3419 2961 3577 3009 terrae

1998 3058 2198 3113 ﬁnibus
2237 3063 2434 3126 gentes
2474 3053 2540 3109 ad
2576 3067 2699 3107 eum
2736 3050 3083 3107 accederent.
3133 3046 3225 3101 Vel
3270 3044 3577 3098 circumda-

1998 3149 2075 3202 bit
2112 3156 2183 3212 te,
2216 3146 2321 3203 hoc
2341 3155 2447 3213 est,
2482 3144 2653 3201 Canet
2685 3153 2738 3199 et
2762 3140 3110 3205 laudabitte;
3138 3138 3193 3193 in
3223 3138 3395 3193 choro
3432 3136 3578 3190 enim

2000 3253 2064 3292 ac
2094 3246 2263 3301 cmtu,
2314 3236 2551 3306 hymnos
2587 3250 2647 3289 ac
2672 3232 2863 3288 laudes
2910 3231 3020 3285 Deo
3057 3244 3257 3285 canere
3316 3228 3577 3283 solemus.

1999 3329 2043 3383 A
2079 3326 2252 3382 forma
2290 3326 2458 3395 igitur
2489 3341 2583 3379 seu
2612 3325 2784 3394 ﬁgura
2823 3332 2999 3378 coetus
3042 3320 3351 3384 hominum,
3404 3316 3576 3373 Deum

1998 3417 2361 3482 laudantium,
2388 3415 2758 3470 laudationem
2781 3414 2953 3483 ipsam
2983 3409 3339 3481 signillcavit.

2073 3533 2144 3586 Et
2171 3538 2384 3602 propter
2413 3530 2548 3582 hanc
2580 3528 2634 3582 in
2657 3527 2824 3581 altum
2845 3524 3134 3595 regredere.
3152 3523 3383 3590 Propter
3407 3520 3571 3582 hanc,

2002 3623 2249 3691 inquam,
2296 3617 2772 3689 congregationem
2822 3614 3089 3684 gentium,
3149 3608 3383 3666 ascende
3432 3616 3511 3671 tu,
3546 3622 3582 3662 ο

2002 3714 2290 3778 Mediator,
2329 3710 2394 3766 ad
2429 3710 2667 3770 Patrem.
2712 3715 2765 3762 et
2802 3705 3088 3776 regredere
3126 3704 3183 3758 in
3233 3700 3577 3758 altitudinem

2005 3806 2192 3875 gloriae
2224 3811 2349 3867 tuae,
2395 3816 2558 3871 quam
2592 3799 2830 3854 habenas
2864 3798 3187 3869 priusquam
3214 3793 3451 3849 mundus
3497 3807 3558 3848 es

2006 3905 2112 3962 set,
2146 3904 2201 3952 et
2225 3892 2499 3949 ineﬁ‘abile
2527 3889 2844 3963 mysterium
2870 3888 3087 3960 perﬁce.

2078 4008 2241 4066 Vens.
2289 4008 2343 4063 9.
2391 4006 2648 4061 Dominus
2672 4004 2947 4073 judicabit
2983 4002 3228 4057 oooulos.
3264 3998 3380 4055 Non
3413 3997 3586 4067 negli-

2010 4110 2099 4173 get
2123 4101 2389 4155 Dominus
2417 4112 2481 4153 ea
2514 4112 2635 4167 quae
2663 4096 2926 4151 adversus
2973 4110 3061 4148 me
3100 4093 3273 4146 moliti
3314 4098 3463 4151 sunt,
3492 4089 3588 4144 sed

2008 4192 2278 4261 disquiret
2301 4187 2504 4245 omnia.
2529 4186 2645 4251 Vel,
2670 4185 2937 4257 iudicabit
2961 4183 3191 4253 populos
3216 4182 3589 4237 condemnans

2010 4298 2230 4355 pravos,
2262 4283 2438 4338 bonos
2460 4294 2591 4336 vero
2624 4285 2874 4335 statuens
2903 4290 2933 4330 a
2973 4275 3202 4331 dextris.

2084 4397 2284 4452 Indica
2319 4395 2471 4457 mihi,
2495 4393 2739 4454 Domine,
2773 4391 3059 4446 secundum
3088 4387 3360 4458 justitiam
3394 4400 3587 4447 meam,

2013 4501 2063 4547 et
2114 4487 2405 4545 secundum
2454 4484 2812 4539 innocentiam
2849 4497 3020 4535 meam
3075 4494 3191 4549 qua:
3244 4478 3297 4530 in
3357 4492 3439 4528 me
3489 4484 3589 4528 est.

2015 4582 2309 4649 Postquam
2352 4576 2597 4631 meminit
2632 4573 2825 4644 iudicii
2867 4590 2883 4628 :
2921 4571 3071 4635 Esto,
3109 4568 3308 4637 inquit,
3350 4574 3405 4621 et
3458 4566 3591 4619 mihi

2015 4673 2203 4745 iudex,
2236 4670 2552 4739 disquirens
2596 4667 2863 4738 iustitiam
2918 4679 3118 4727 meam,
3171 4674 3337 4731 quam
3370 4659 3587 4717 servavi

2017 4765 2287 4821 adversus
2328 4760 2661 4832 parricidam
2716 4757 2911 4821 ﬁlium,
2972 4764 3026 4810 et
3081 4753 3399 4823 complices.
3452 4751 3595 4805 Prae-

2016 4868 2159 4914 terea
2212 4855 2374 4911 etiam
2416 4852 2470 4908 id
2505 4860 2653 4923 peto,
2713 4856 2772 4902 ut
2821 4846 3126 4903 secundum
3188 4840 3594 4911 simplicitatem

2018 4963 2222 5014 meam,
2278 4947 2359 5002 sic
2411 4945 2505 4999 ﬁat
2561 4943 2716 4998 mihi.
2767 4941 2872 4996 Sed
2937 4936 3212 5009 quomodo
3245 4933 3371 4988 alibi
3434 4929 3588 4991 dicit,

2017 5040 2088 5095 Et
2150 5055 2251 5093 non
2295 5039 2459 5090 intres
2508 5036 2564 5088 in
2615 5034 2820 5102 judicio
2875 5048 2992 5085 cum
3032 5044 3177 5083 servo
3227 5036 3314 5079 tuo

2023 5131 2111 5185 hic
2157 5126 2387 5199 iudicari
2448 5125 2679 5193 cupiat?
2741 5123 2878 5189 Quia
2942 5121 3151 5176 scilicet
3223 5116 3296 5170 ibi
3364 5108 3597 5182 iudicari

2022 5198 2223 5289 refugit
2250 5232 2375 5272 cum
2415 5215 2545 5279 Deo,
2586 5223 2640 5268 et
2676 5215 2842 5267 vitam
2871 5226 3027 5267 suam
3068 5222 3190 5262 eum
3226 5203 3372 5257 illius
3402 5198 3596 5254 beneﬁ-

2025 5311 2125 5366 ciis
2154 5305 2503 5378 comparari:
2545 5320 2689 5359 nunc
2720 5312 2901 5357 autem
2934 5316 2992 5356 se
3023 5298 3170 5369 [cum
3206 5291 3338 5364 ﬁlio]
3361 5289 3598 5362 iudicari

2025 5399 2219 5471 quaerit
2249 5406 2305 5452 et
2336 5410 2460 5451 cum
2493 5395 2578 5450 his
2615 5395 2706 5461 qui
2733 5391 2963 5459 iniurias
2991 5389 3041 5443 ei
3077 5385 3404 5447 intulerant,
3437 5390 3600 5451 atque

2027 5493 2342 5548 interimere
2381 5505 2505 5543 eum
2542 5487 2854 5558 cupiebant.

2098 5607 2265 5662 Vens.
2302 5605 2391 5659 l0.
2419 5603 2783 5659 Consumatur
2807 5596 3042 5669 nequitia
3054 5602 3411 5664 peccatorum,
3443 5597 3491 5643 et
3519 5587 3602 5640 di-

2030 5703 2163 5773 rige:
2186 5699 2414 5769 justum.
2449 5693 2583 5751 Nam
2614 5694 2659 5752 si
2691 5691 2989 5764 aliquando
3035 5702 3227 5747 eorum
3287 5681 3600 5753 malignitas

3359 5024 3427 5086 ",
3472 5034 3596 5073 cum
