3956 6544
465 436 569 500 123

1644 451 2038 523 ,EUTHYMII
2082 459 2443 521 ZlGABENl

3619 466 3731 532 1‘24

461 552 780 620 cessaverit,
816 552 1123 626 dirigentur
1158 555 1327 627 justi;
1362 559 1467 616 hoc
1505 574 1590 618 est
1622 564 1831 636 absque
1864 569 2032 638 impe-

2148 573 2482 646 ἁμαρτωλῶν
2510 577 2543 646 ἡ
2585 576 2837 646 πονηρία,
2865 579 3396 649 κατευθυνθήσονται
3427 581 3476 633 οἱ
3496 581 3731 644 δίκαιοι,

463 644 706 700 dimento
736 645 787 699 iu
820 655 966 700 recta
997 648 1215 705 virtutis
1248 651 1332 706 via
1356 653 1737 712 ambulabunt.

533 819 790 875 Scrutans
840 824 1005 877 corda
1060 836 1108 880 et
1151 844 1298 884 renes
1338 830 1471 887 Deus
1508 836 1675 903 juste.
1739 838 1818 891 Tu
1868 839 2036 908 Deus,

459 914 656 982 inquit,
697 915 850 983 juste
901 918 1197 991 investigas
1255 935 1418 994 atquc
1474 930 1716 997 exquiris
1764 947 1923 989 renes
1985 943 2040 992 et

459 1021 578 1070 cor,
612 1007 714 1062 hoc
751 1019 856 1074 est,
887 1014 1070 1069 omnia
1118 1017 1210 1072 ira
1257 1027 1422 1088 alque
1472 1021 1872 1092 indignationis
1917 1043 2039 1096 ger,

457 1098 622 1160 mina,
652 1115 772 1169 qua:
805 1102 856 1156 in
889 1105 1056 1159 corde
1099 1122 1391 1166 versantur
1423 1131 1435 1166 :
1468 1122 1521 1168 et
1549 1130 1739 1172 omnes
1770 1119 2036 1189 concupi-

457 1189 680 1241 εοθηιίιε
738 1191 976 1258 radices,
1030 1212 1151 1264 qua:
1212 1198 1266 1250 in
1320 1202 1547 1258 renibus
1594 1205 1779 1262 inesse
1834 1209 2035 1269 solent.

456 1278 533 1332 Ex
598 1279 684 1335 liis
733 1297 966 1354 namque
1019 1287 1112 1341 ira:
1158 1289 1419 1347 nimirum
1468 1305 1522 1352 et
1581 1301 2038 1368 concupiscentiae

455 1368 765 1436 affectibus,
790 1385 1009 1442 peccata
1040 1382 1219 1434 omnia
1251 1391 1430 1438 ortum
1474 1386 1736 1445 habuere.
1763 1389 1828 1446 Et
1849 1392 2035 1448 aliter:

459 1457 602 1514 Dem
654 1475 928 1520 scrutatur
981 1484 1078 1523 cor
1128 1478 1181 1525 et
1237 1489 1415 1530 renes.
1463 1478 1769 1535 Dictionem
1822 1494 2030 1551 autem,

455 1547 633 1615 Iuste,
673 1557 1032 1624 sequentibus
1083 1565 1355 1634 conjunge
1387 1567 1572 1638 legens
1599 1591 1611 1626 :
1638 1571 1790 1628 Juste
1821 1577 2034 1646 adjuto-

458 1643 597 1696 rium
628 1661 800 1700 meum
833 1665 865 1702 α
899 1650 1148 1711 Domino.

532 1839 697 1898 Vens.
730 1846 815 1899 Η.
849 1851 1192 1920 Adjularium
1225 1876 1396 1914 meum
1424 1879 1456 1916 α
1486 1864 1713 1920 Domino
1739 1870 1830 1938 qui
1863 1873 2036 1929 salvos

458 1932 585 2001 facit
639 1949 808 1994 rectos
869 1947 1044 2000 corde.
1099 1948 1341 2022 Simplex
1374 1962 1430 2009 et
1481 1965 1663 2015 rectus
1694 1963 1859 2019 corde
1911 1981 2035 2021 cum
2070 1962 2112 2017 Β

455 2030 587 2094 sim,
643 2046 838 2101 tneque
902 2037 969 2090 ad
1028 2052 1236 2098 rectum
1270 2045 1500 2117 dirigam
1554 2051 1776 2110 virtutis
1816 2057 2032 2125 callem,

459 2119 725 2175 auxilium
773 2139 1034 2195 exspecto
1089 2148 1195 2187 non
1249 2134 1547 2193 humanum
1586 2144 1802 2212 (inutile
1836 2149 2036 2219 quippe

460 2207 594 2264 illud
616 2212 747 2282 est),
769 2215 863 2270 sed
897 2233 926 2270 a
962 2217 1070 2275 Deo
1101 2226 1192 2292 qui
1224 2235 1418 2296 potens
1447 2241 1533 2287 est
1565 2207 1623 2290 ut
1663 2207 1973 2296 salvat-mei

531 2406 697 2512 Vatis.
733 2415 818 2469 12.
854 2417 994 2474 Deus
1021 2422 1190 2492 judea:
1213 2427 1388 2494 iustus
1419 2434 1575 2504 fortis
1613 2447 1662 2492 et
1689 2439 2029 2512 longanimis.

460 2495 725 2557 Videntur
757 2509 868 2562 haec
913 2513 980 2567 ad
1006 2530 1101 2569 eos
1140 2519 1285 2575 dicta
1325 2495 1469 2588 esse,
1501 2528 1592 2595 qui
1625 2531 1692 2585 de
1735 2495 1822 2586 Dei
1857 2537 2037 2603 provi-

457 2591 641 2648 dentia
697 2613 832 2666 pene
874 2607 1226 2666 seandalizati
1279 2591 1706 2689 humanm-quod
1759 2591 2035 2694 permisis-

449 2693 542 2738 .set
582 2688 747 2742 [illum
778 2693 1041 2752 adversus
1077 2710 1284 2770 patrem
1313 2706 1615 2780 insurgere.
1638 2711 1828 2769 Justus
1869 2720 2035 2788 igitur

455 2780 546 2825 est
590 2775 755 2831 veluti
782 2783 872 2845 qui
907 2785 1340 2862 uniuscujusque
1379 2800 1638 2865 operibus
1671 2819 1857 2872 aequas
1888 2775 2034 2866 Vices

460 2867 747 2932 rependit;
796 2872 951 2940 fortis
995 2893 1145 2944 vero,
1179 2885 1325 2939 velut
1356 2886 1404 2940 is
1441 2891 1529 2958 qui
1563 2867 1747 2960 potest.
1776 2912 2037 2964 quaecun-

461 2969 569 3024 que
596 2960 712 3014 vult
739 2979 753 3027 ;
781 2971 837 3019 et
888 2967 1232 3038 longanimis,
1271 2987 1328 3031 ut
1370 2981 1463 3049 qui
1493 2997 1598 3037 non
1626 2960 1811 3042 statim
1843 2989 2036 3060 inﬂigit

461 3062 675 3116 poenas.

532 3165 600 3222 Et
633 3170 764 3225 iram
808 3193 911 3231 non
965 3183 1184 3251 efferens
1217 3204 1310 3256 per
1338 3193 1573 3260 singulos
1613 3197 1746 3251 dies.
1797 3197 1912 3256 Hoc
1963 3204 2030 3258 ad

2143 667 2424 721 τουτέστιν
2454 669 2864 738 ἀνεμποδίστως
2905 672 3190 726 όδεύσουσι
3231 671 3332 744 τὴν
3370 673 3472 744 τῆς
3516 675 3730 749 ἀρετῆς

2144 760 2288 814 ὁδόν.

2229 853 2474 915 Ἐτάζων
2498 855 2742 924 καρδίας
2788 857 2885 912 καί
2915 857 3174 926 νεφροὺς
3204 860 3238 911 ό
3269 856 3413 924 Θεὸς
3453 857 3728 922 δικαίως.

2157 949 2216 1002 '0
2275 948 2405 1011 Θεὸς
2459 950 2706 1015 δικαίως,
2767 968 2922 1020 φησι,
2969 951 3421 1021 πολυπραγμονεῖ
3471 953 3566 1006 καὶ
3619 951 3730 1021 τὴν

2145 1040 2371 1108 καρδίαν
2400 1043 2641 1104 καὶτοὺς
2673 1047 2926 1114 νεφροὺς,
2955 1045 3126 1114 ἦγουν
3167 1047 3268 1097 ὅσα
3314 1062 3371 1096 τε
3410 1045 3504 1097 τοῦ
3544 1043 3728 1111 θυμοῦ

2143 1132 2485 1201 γεννήματα,
2523 1135 2654 1204 περὶ¹
2691 1137 2791 1205 τὴν
2819 1129 3050 1206 καρδίαν
3077 1127 3184 1205 γὰρ
3211 1139 3238 1189 6
3267 1136 3456 1205 θυμὸς,
3490 1137 3584 1188 καὶ
3619 1129 3729 1189 ὅσα

2145 1221 2246 1290 τῆς
2278 1223 2594 1293 ἐπιθυμίας,
2631 1225 2723 1278 καὶ
2754 1225 2890 1296 αὐτὴ
2938 1225 3046 1297 γὰρ
3094 1229 3224 1298 περὶ
3269 1229 3397 1290 τοὺς
3445 1227 3678 1298 νεφρούς
3705 1237 3728 1257 ⁶

2146 1313 2204 1380 ἐξ
2239 1310 2335 1379 ὧν,
2385 1316 2612 1370 ἐκείνων
2665 1335 2723 1370 τε
2773 1317 2973 1389 δηλαδὴ
3027 1323 3122 1372 καὶ
3179 1320 3407 1380 τούτων,
3472 1319 3729 1387 ἁμαρτία

2145 1404 2296 1458 πᾶσα
2328 1407 2794 1476 συγκαοέστηκεν.
2831 1409 2901 1462 Ἢ
2951 1410 3047 1462 καὶ
3077 1410 3252 1472 οὕτως
3276 1427 3289 1439 ·
3338 1411 3366 1461 6
3395 1409 3528 1472 Θεὸς
3559 1411 3726 1476 ἐρευ-

2139 1497 2253 1552 -νῶν
2279 1499 2395 1551 ὲστι
2431 1498 2526 1552 καὶ
2573 1501 3050 1570 πολυπραγμονῶν
3085 1502 3180 1554 καὶ
3213 1500 3312 1571 τὴν
3364 1501 3594 1570 καρδίαν
3625 1501 3728 1553 καὶ

2143 1589 2270 1651 τοὺς
2302 1590 2532 1661 νεφρούς
2555 1608 2570 1621 ο
2599 1592 2712 1660 (37)
2744 1592 2803 1644 τὸ
2843 1593 2898 1644 δὲ
2928 1595 3172 1657 Δικαίως
3219 1593 3474 1661 συνάψεις
3507 1595 3543 1658 ἡ
3569 1591 3730 1657 ,βοή-

2145 1681 2273 1735 θειά
2324 1699 2442 1750 μου
2506 1683 2665 1752 παρὰ
2718 1684 2821 1738 τοῦ
2875 1685 3039 1747 Θεοῦ,
3088 1683 3381 1750 σώζοντος
3433 1684 3576 1748 τοὺς
3625 1687 3729 1737 εὐ-

2145 1772 2260 1839 θεῖς
2316 1772 2390 1842 τῇ
2420 1773 2652 1842 καρδίᾳ.

2227 1881 2297 1938 'H
2323 1883 2575 1951 ,ϐοήθειά
2594 1903 2713 1954 μου
2741 1885 2900 1954 παρὰ
2939 1887 3045 1941 τοῦ
3085 1888 3252 1952 Θεοῦ,
3291 1886 3398 1941 τοῦ
3428 1884 3727 1950 σώζοντος

2142 1977 2283 2040 τοὺς
2310 1975 2501 2041 εὐθεῖς
2532 1974 2608 2045 τῇ
2640 1977 2874 2045 καρδίᾳ.
2918 1976 3094 2041 Εὐθὺς
3125 1978 3200 2030 ὢν
3233 1978 3335 2049 τὴν
3365 1976 3596 2050 καρδίαν
3627 1977 3726 2031 καὶ

2141 2067 2432 2139 ἀπόνηρος,
2489 2068 2584 2121 καὶ
2635 2069 2770 2138 πρὸς
2821 2069 2921 2140 τὴν
2965 2069 3186 2122 εὐθεῖαν
3215 2071 3316 2140 τῆς
3349 2069 3551 2139 ἀρετῆς
3588 2067 3724 2134 ζόδὶιν

2143 2160 2462 2213 ἀπευθύνων
2502 2160 2759 2230 ἐμαυτὸν,
2824 2162 3110 2232 προσδοκῶ
3159 2162 3435 2232 βοήθειαν,
3480 2163 3584 2213 οὐκ
3621 2161 3722 2211 ἁν-

2139 2251 2444 2322 θρωπίνην,
2477 2253 2750 2323 ἄχρηστος
2772 2254 2902 2326 γὰρ,
2938 2254 3074 2308 ἀλλὰ
3108 2255 3260 2327 παρὰ
3287 2253 3445 2320 Θεοῦ,
3487 2253 3584 2307 τοῦ
3610 2251 3723 2306 σώ-

2142 2341 2256 2405 ζειν
2295 2342 2595 2412 ἰσχύοντος.

2223 2452 2286 2510 ’0
2324 2453 2470 2520 Θεὸς
2516 2455 2725 2523 κριτὴς
2755 2453 3006 2525 δίκαιος,
3037 2457 3134 2512 καὶ
3169 2455 3441 2527 ἰσχυρὸς,
3475 2456 3572 2510 καί
3599 2473 3720 2524 μαι

2140 2545 2460 2614 πρόθυμος.
2495 2545 2666 2600 Τοῦτο
2698 2539 2897 2617 ’λέγειν
2952 2547 3096 2600 ἔοικε
3147 2545 3287 2616 πρὸς
3320 2547 3447 2609 τοὺς
3482 2545 3721 2599 σκανδα-

2139 2632 2456 2704 λιζομένους
2490 2635 2584 2688 ἐπὶ
2616 2638 2682 2707 τῇ
2731 2635 2959 2707 προνοίᾳ
2997 2637 3091 2689 τοῦ
3124 2636 3280 2700 Θεοῦ,
3326 2636 3408 2691 ὄτι
3462 2634 3721 2706 παρεχώ-

2145 2744 2308 2797 ρησεν
2338 2727 2452 2780 υίὺν
2480 2715 2850 2796 ὲτέαναστῆναι
2884 2728 2964 2798 τῷ
2995 2729 3186 2798 πατρί’
3232 2729 3440 2789 δίκαιος
3471 2727 3592 2800 μὲν,
3635 2730 3719 2781 ὅτι

2142 2807 2484 2890 ἀντιμετρῶν
2515 2821 2748 2891 πράξεσι
2798 2820 2895 2884 τὰς
2946 2820 3202 2892 ἀμοιϐάς
3246 2819 3465 2890 ίσχυρδς
3508 2819 3590 2884 δὲ,
3641 2819 3721 2882 ὡς

2140 2908 2435 2977 δυνάμενος
2473 2909 2571 2960 ὅσα
2615 2909 2893 2976 βούλεταν
2959 2908 3314 2980 μακρόθυμος
3362 2909 3440 2974 δὲ,
3501 2907 3577 2970 ὡς
3639 2907 3720 2979 μὴ

2141 2999 2292 3076 παρὰ
2333 2999 2496 3063 πόδας
2527 2999 2753 3068 ἐπάγων
2784 3000 2882 3074 τὴν
2913 3001 3160 3054 κόλασιν.

2209 3203 2317 3256 Καὶ
2345 3201 2431 3271 μὴ
2479 3191 2665 3270 ὀργὴν
2718 3201 2957 3271 ἐπάγων
2989 3205 3116 3257 καθ’
3148 3200 3417 3268 ἑκάστην
3463 3199 3714 3269 ἡμέραν.

464 3262 802 3328 probandam
830 3268 920 3324 Dei
959 3273 1425 3345 longanimitatem
1450 3283 1654 3340 dictum
1683 3297 1786 3344 est.
1817 3291 2028 3348 Etenim

2148 3293 2311 3346 Τοῦτο
2449 3262 3323 3364 μακροθυμίας’ἐφερμηνευτικόν
3347 3295 3486 3345 ἐστι.
3522 3291 3720 3361 Ἡμεῖς

464 3367 586 3407 cum
619 3358 836 3416 assidue
862 3363 1265 3436 dclinquamus,
1300 3381 1352 3427 et
1380 3375 1500 3430 ideo
1533 3379 1726 3449 dignos
1767 3400 1866 3438 nos
1897 3402 2031 3456 sup-

465 3445 644 3513 pliciis
676 3449 989 3520 reddamus,
1016 3459 1131 3528 ipse
1157 3470 1334 3519 tamen
1378 3445 1942 3540 lentptts—pmltilt‘lldi.
1969 3445 2032 3529 tl!

463 3535 806 3606 longaniniis,
855 3545 1065 3605 tribuit.
1122 3549 1227 3607 Per
1290 3556 1425 3611 iram
1488 3560 1652 3629 igitur
1705 3562 1793 3616 hic
1841 3582 2034 3633 pmnas

458 3624 720 3697 intellige.
761 3635 975 3692 Movent
1010 3643 1227 3710 quidam
1287 3624 1678 3708 dubitationem
1713 3671 1728 3710 :
1767 3655 1819 3708 Si
1843 3624 2034 3726 'justus

460 3725 546 3772 est
597 3719 739 3779 Deus
788 3738 842 3782 et
888 3733 1189 3802 condignas
1258 3741 1449 3794 tribuit
1505 3759 1713 3812 poenis,
1760 3719 2034 3819 quomodo

461 3826 638 3885 potest
691 3822 797 3877 dici
850 3827 1209 3886 misericors?
1241 3835 1315 3888 Ad
1364 3839 1506 3907 quod
1555 3840 1844 3899 dicendum
1901 3860 1985 3902 est
2016 3892 2029 3915 ,

458 3907 666 3975 justum
715 3918 932 3985 quidem
972 3919 1141 3976 Deum
1197 3941 1339 3988 esse.
1386 3933 1550 3987 veluti
1590 3936 1680 4002 qui
1734 3938 2034 4008 unicuique

460 4003 759 4073 condignas
799 4009 976 4065 reddit
1027 4029 1214 4082 pmnas
1249 4035 1265 4084 ;
1306 4021 1400 4076 sed
1455 4024 1863 4084 misericordem
1911 4045 2033 4085 esse

459 4095 624 4146 etiam
655 4135 670 4160 ,
710 4099 836 4165 quia
871 4115 978 4154 non
1019 4109 1200 4158 statim
1241 4111 1494 4179 castigat.
1539 4116 1634 4169 sed
1679 4118 1934 4183 sustinet,
1980 4129 2034 4174 et

461 4185 794 4252 paenitentiae
822 4207 884 4244 ac
917 4199 1259 4252 conversioni
1285 4208 1502 4273 tempus
1541 4204 1751 4274 tribuit,
1784 4225 1886 4264 nec
1921 4209 2031 4266 da:-

463 4291 679 4332 monem
727 4282 858 4336 sinit
919 4288 1100 4340 omnia
1134 4291 1415 4359 perﬁcere,
1450 4311 1571 4364 qum
1603 4297 1694 4354 ille
1732 4309 1880 4370 Optat
1917 4321 1929 4354 :
1979 4313 2033 4358 et

455 4368 584 4436 quia
616 4373 763 4428 omni
786 4374 1022 4446 denique
1050 4395 1111 4434 ex
1147 4381 1312 4438 latere
1343 4395 1586 4440 nostram
1621 4391 1736 4443 sitit
1767 4368 2028 4448 salutem.

532 4482 695 4541 Vens.
731 4487 816 4544 13.
874 4489 1000 4544 Nisi
1041 4497 1271 4549 conversi
1320 4497 1547 4566 fueritis,
1600 4502 1838 4572 gladium
1876 4521 2028 4559 suum
2107 4521 2110 4523 ‘

433 4577 727 4644 uitida’bit,
778 4601 960 4639 arcum
1014 4603 1166 4641 suum
1226 4594 1442 4646 tetendit
1493 4604 1542 4648 et
1593 4599 1802 4661 paravit
1852 4599 2026 4654 illum.

458 4669 651 4727 Sciens
692 4674 880 4730 beatus
930 4677 1100 4733 David
1143 4688 1204 4735 ut
1249 4687 1536 4751 propheta.
1565 4689 1710 4756 quod
1761 4691 2028 4747 universa:

455 4773 649 4833 gentes
681 4764 801 4834 ejus
829 4767 1073 4827 Psalmos
1111 4773 1164 4827 in
1200 4789 1294 4829 ore
1321 4786 1482 4844 atque
1517 4779 1568 4831 in
1601 4779 1851 4836 manibus
1882 4799 2029 4838 sem-

455 4870 554 4922 per
587 4856 855 4914 habitura:
882 4871 1060 4925 erant.
1091 4864 1434 4932 disciplinam
1470 4868 1550 4923 eis
1576 4870 1876 4929 admiscet:
1911 4875 2026 4930 Nisi

451 4947 599 5000 enim
637 4964 752 5012 vos,
786 4952 1091 5024 inquit,qui
1129 4967 1327 5012 arceto
1353 4958 1486 5012 calle
1510 4958 1826 5017 declinastis
1850 4965 1903 5017 in
1936 4980 2028 5019 er-

456 5039 602 5096 roris
623 5043 763 5107 vias,
779 5053 834 5099 et
861 5049 1113 5104 conversi
1135 5051 1267 5106 estis
1286 5051 1350 5105 ad
1376 5051 1686 5108 materiales
1701 5069 1807 5117 res,
1830 5056 2024 5112 iterum

449 5131 522 5183 ab
562 5131 650 5188 bis
682 5139 1030 5192 revertamini
1076 5140 1142 5194 ad
1176 5139 1343 5195 Deum
1373 5185 1387 5208 ,
1417 5159 1604 5212 pinnas
1638 5145 1884 5213 profecto
1918 5163 2024 5204 non

451 5222 746 5294 ell'ugietis.
774 5225 878 5283 Per
917 5229 1156 5298 gladium
1188 5242 1394 5299 autem,
1429 5236 1802 5301 acerbitatem,
1836 5249 1889 5294 et
1930 5257 2026 5311 per

455 5326 666 5376 arcum.
701 5318 1040 5374 celeritatem
1069 5322 1259 5377 mortis
1299 5324 1521 5382 indicat.
1564 5326 1808 5384 Nitidare
1842 5344 2022 5387 autem

454 5411 510 5456 et
551 5407 794 5474 tendere,
825 5425 1109 5478 poenarum
1138 5423 1457 5482 apparatum
1493 5418 1800 5487 signiﬁcant
1841 5422 2028 5492 longa-

456 5496 872 5569 nimitatemque
905 5503 1144 5558 divinam
1171 5521 1278 5560 non
1316 5519 1630 5575 perpetuam
1663 5513 1799 5578 fore,
1829 5516 1922 5570 sed
1958 5516 2023 5569 ad

453 5601 693 5656 tempus.
737 5588 941 5647 Parare
987 5608 1118 5648 vero
1163 5595 1345 5652 dicere
1382 5605 1536 5667 potes
1578 5598 1771 5672 ﬂagelli
1803 5604 2026 5673 propin-

2140 3388 2260 3457 μὲν,
2297 3388 2419 3440 καθ’
2451 3388 2692 3455 ἑκάστην
2713 3387 2928 3457 ἡμέραν
2953 3386 3382 3456 ἁμαρτάνοντες,
3418 3385 3504 3436 ἀεὶ
3533 3401 3716 3452 τιμω-

2137 3480 2260 3552 ρίας
2309 3479 2478 3549 ἐσμὲν
2533 3479 2696 3545 ἄξιοιο
2749 3479 2912 3542 αὐτὸς
2961 3479 3017 3538 δὲ
3077 3477 3474 3547 μακροθυμῶν,
3526 3475 3716 3528 δίδωσι

2123 3566 2323 3643 καιρὸν
2350 3573 2428 3634 εἰς
2451 3572 2757 3640 μετάνοιαν.
2791 3569 2988 3641 Ὀργὴν
3011 3569 3065 3622 δὲ
3091 3571 3188 3638 τὴν
3226 3569 3447 3621 κόλασιν
3479 3567 3715 3620 ἐνταῦθα

2135 3663 2420 3732 νοήσομεν.
2465 3662 2756 3732 Ἀποροῦσι
2791 3661 2846 3714 δέ
2889 3679 3054 3726 τινες,
3096 3661 3171 3726 ὡς
3204 3662 3251 3714 εί
3299 3661 3507 3724 δίκαιός
3561 3661 3715 3711 ἐστιν

2133 3757 2161 3807 6
2205 3754 2359 3820 Θεὸς,
2416 3752 2583 3818 ἀξίως
2636 3754 2905 3818 κολάζων,
2961 3752 3078 3816 πῶς
3129 3754 3242 3804 ἐστι
3285 3751 3708 3821 φιλάνθρωποςς

2134 3845 2350 3908 Δίκαιος
2372 3845 2469 3916 μέν
2496 3847 2666 3909 ἐστιν,
2697 3844 2772 3908 ὼς
2800 3845 2964 3911 ἀξίως
2993 3843 3299 3905 ἀποδιδούς’
3329 3842 3715 3912 φιλάνθρωπος

2133 3941 2210 4002 δὲ,
2257 3940 2329 4000 ti);
2363 3939 2438 4010 μὴ
2473 3938 2637 4001 εὐθὺς
2687 3937 3116 4006 τιμωρούμενος,
3177 3934 3295 3989 ἀλλ’
3334 3935 3712 3998 ἀνεξικακῶν,

2135 4032 2228 4084 καὶ
2260 4031 2512 4100 παρέχων
2547 4028 2800 4098 ἀφορμὰς
2831 4025 3195 4097 ἐπιστροφῆς,
3249 4029 3343 4080 καὶ
3376 4027 3449 4095 μὴ
3486 4025 3593 4079 ὲῶν
3621 4025 3714 4077 τὸν

2137 4122 2331 4194 ἐχθρὸν
2368 4124 2468 4174 ὅσα
2506 4121 2754 4191 βούλεται
2799 4122 2996 4184 ποιεῖν,
3033 4119 3126 4172 καὶ
3153 4119 3329 4173 πάντα
3358 4118 3562 4188 τρόπον
3593 4117 3715 4169 ἑπι-

2119 4213 2321 4284 -θυμῶν
2354 4213 2453 4284 τῆς
2487 4212 2760 4284 σωτηρίας
2791 4212 2974 4282 ἡμῶν.

2214 4506 2351 4560 Ἐὰν
2397 4506 2482 4575 μὴ
2531 4502 2959 4573 ἑπιστραφῆτε,
3011 4503 3127 4570 τὴν
3160 4502 3468 4571 ῥομφαίαν
3521 4499 3710 4553 αὐτοῦ

2132 4599 2474 4663 στιλὸώσει,
2501 4599 2567 4652 τὸ
2611 4597 2792 4662 τόξον
2814 4595 2994 4651 αὑτοῦ
3027 4596 3306 4669 ἐνέτεινε,
3339 4595 3434 4647 καὶ
3465 4593 3699 4660 droma-

2066 4673 2107 4727 ί)
2137 4708 2250 4745 σεν
2276 4692 2444 4746 αὑτό.
2475 4688 2644 4752 Εἰδὼς
2679 4687 2766 4742 οἷα
2801 4691 3086 4760 προφήτης
3121 4691 3149 4741 6
3182 4686 3365 4749 Δαὸἱδ,
3406 4685 3488 4738 ὅτι
3529 4685 3708 4736 πάντα

2135 4781 2203 4834 τὰ
2251 4781 2375 4852 ἔθνη
2425 4783 2550 4844 τοὺς
2593 4781 2842 4850 ψαλμοὺς
2895 4780 3060 4834 αὐτοῦ
3094 4779 3232 4849 μετά
3263 4780 3450 4847 χεῖρας
3480 4775 3704 4840 ἕξουσι,
3785 4835 3790 4838 ί

2141 4875 2360 4944 μίγνυσι
2409 4877 2530 4937 ταῖς
2577 4874 2808 4936 οἰκείαις
2842 4872 3134 4926 ὑποθέσεσι
3187 4871 3280 4923 καὶ
3333 4867 3704 4930 διδασκαλίας.

2149 4965 2272 5018 Ἐὰν
2305 4964 2414 5034 γὰρ
2451 4964 2524 5035 μὴ
2549 4963 2962 5033 ἀποστραφῆτε,
2993 4963 3042 5014 οἱ
3069 4961 3172 5031 τῆς
3211 4957 3429 5020 εὐθείας
3461 4955 3708 5010 ἀποπλα-

2135 5051 2407 5123 νηθέντες,
2448 5055 2540 5106 καὶ
2591 5052 2728 5122 πρὸς
2761 5051 2860 5121 τὴν
2899 5051 3034 5120 ὕλην
3075 5051 3430 5122 στραφέντες,
3461 5046 3564 5099 οὐκ
3612 5047 3677 5097 ἐκ

2134 5144 2344 5213 φύγητε
2374 5145 2472 5214 τὴν
2509 5145 2801 5215 τιμωρίαν.
2849 5143 3124 5213 Ῥομφαία
3154 5143 3254 5213 μὲν
3294 5141 3410 5208 οὖν,
3446 5140 3476 5191 6
3509 5137 3706 5208 πικρός

2134 5234 2381 5298 θάνατος·
2425 5237 2576 5304 τόξον
2605 5237 2686 5304 δὲ,
2726 5239 2754 5291 6
2781 5237 2974 5307 ταχύς.
3008 5237 3117 5291 Καὶ
3166 5235 3325 5297 αὖθις
3356 5249 3370 5265 ο
3407 5232 3706 5294 Στίλὸωσις

2137 5331 2236 5399 μὲν
2273 5329 2370 5383 καὶ
2398 5329 2631 5395 ἔντασις,
2682 5331 2715 5400 ἡ
2762 5331 3086 5400 παρασκευὴ
3133 5329 3234 5398 τῆς
3271 5327 3581 5397 τιμωρίας,
3613 5323 3705 5377 καὶ

2133 5422 2270 5491 πρὸς
2301 5422 2491 5491 καιρὸν
2533 5421 2884 5494 μακροθυμία
2914 5438 2926 5453 ο
2962 5421 3252 5490 ἑτοιμασία
3284 5419 3362 5484 δὲ,
3403 5421 3436 5487 ἡ
3465 5416 3705 5484 ὲγγύτης

2130 5512 2230 5581 τῆς
2286 5512 2522 5583 πληγῆς,
2565 5514 2656 5566 διὰ
2720 5514 2822 5582 τῆς
2880 5513 3176 5567 δσονοῦπω
3205 5511 3448 5583 βολῆς,ἢ
3509 5509 3707 5579 ὀξύτης

2128 5604 2161 5672 ὴ
2201 5603 2499 5674 σφοδρότης
2529 5606 2627 5674 τῆς
2652 5606 2945 5675 τιμωρίας*
2997 5604 3214 5669 ἔντασις
3240 5603 3321 5670 δὲ,
3352 5605 3386 5674 ή
3422 5601 3663 5672 ἑγγύτης
3683 5616 3700 5633 ⁸

1812 5784 2009 5845 Variae
2031 5784 2362 5849 lectiones.

527 5889 642 5962 (37)
671 5891 809 5965 Lege
835 5896 912 5968 τῷ
935 5914 947 5928 ·
983 5900 1062 5956 vel
1092 5911 1215 5970 post
1270 5902 1526 5972 συνάψεις
1567 5905 1744 5962 scribe
1783 5908 1866 5962 vel
1892 5906 2027 5962 suba

2148 5908 2224 5978 τῷ
2270 5909 2416 5980 ἑξῆς,
2449 5909 2538 5965 vel
2563 5909 2712 5966 aliud
2745 5909 3080 5981 bujusmodi.
