3970 6554
266 448 374 514 125

1426 468 1815 533 COMMENT.
1865 475 1948 536 IN
1977 475 2336 540 PSALMOS.

3421 489 3521 554 19.6

251 565 547 664 ξταμασία
580 567 663 633 δὲ,
699 571 760 624 τὸ
813 571 1011 640 πλῆξαι
1071 576 1308 643 πάντως,
1343 580 1394 632 εἰ
1453 583 1529 653 μὴ
1568 585 1819 653 μετεισάλε

1944 589 2236 659 quitatem,
2285 592 2358 648 ob
2387 593 2762 650 vehementem
2798 594 3028 664 jactum.
3063 595 3158 652 Vel
3200 595 3381 660 aliter,
3426 612 3523 663 per

251 655 458 712 λοιντο.

1946 696 2135 736 arcum
2183 684 2319 753 (58),
2376 686 2772 742 vehementiam
2807 689 3387 760 pmnarumintellige;
3423 703 3522 756 per

265 765 443 853 arcus
482 755 806 853 tens‘ionetu,
831 762 1413 833 appropinquationem
1430 783 1738 840 ptenarum,
1761 781 1817 829 et
1834 774 2050 830 demum
2093 792 2191 848 per
2230 779 2476 849 ejusdem
2513 755 2862 851 apparatum,
2892 782 3168 853 quomodo
3205 755 3518 853 peccatore.

256 841 406 900 Deus
460 849 691 904 omnino
745 867 1111 920 percussurus
1161 860 1236 912 sit
1293 859 1398 916 nisi
1458 864 1833 932 pmnitentiam
1873 841 2106 938 egerint:

345 989 450 1042 Ἕν
496 990 659 1055 αὐτῷ
714 993 1006 1063 ἡτοίμασε
1054 999 1249 1067 σκεύη
1303 1002 1585 1060 θανάτου.
1638 1005 1726 1057 Ἐν
1761 1004 1838 1075 τῷ

252 1081 461 1150 τοξικῷ
486 1081 540 1135 δὲ
572 1082 674 1152 τῆς
702 1084 978 1148 κολάσεως
1011 1087 1162 1153 εῖδει,
1189 1093 1423 1146 ποικίλοι
1457 1094 1648 1165 τρόποι
1674 1096 1838 1151 θανά-

253 1189 374 1239 του,
399 1173 487 1228 διὰ
519 1177 754 1246 σφαγῆς,
787 1177 877 1232 διὰ
907 1181 1100 1250 πυρὸς,
1133 1183 1202 1236 δι’
1233 1184 1444 1252 ὓδατος,
1469 1187 1557 1240 διὰ
1584 1189 1834 1260 σεισμοῦ,

251 1263 343 1318 διὰ
381 1264 682 1334 χάσματος,
710 1269 804 1322 καὶ
827 1269 928 1324 ὅσα
959 1270 1066 1324 τῶν
1087 1276 1410 1345 νοσημάτων
1432 1277 1549 1347 εἴδη
1579 1281 1837 1347 γινώσκο-

257 1371 383 1421 μεν,
413 1353 630 1410 ἆπαντα
654 1357 1062 1428 καθεστήκασιν
1086 1363 1348 1432 ἐργαλεῖα
1372 1366 1627 1434 θανάτου,
1660 1369 1728 1424 δι’
1758 1364 1834 1425 ὧν

251 1441 413 1508 οὗτος
457 1448 828 1521 ὑποτελεῖται.
855 1452 975 1522 Χρὴ
1001 1453 1058 1507 δὲ
1087 1457 1378 1523 γινώσκειν
1397 1498 1412 1523 ,
1448 1459 1522 1525 ὡς
1542 1464 1591 1515 εἰ
1617 1465 1711 1516 καὶ
1741 1464 1838 1517 ἀν-

252 1537 509 1606 θρώπινα
531 1540 598 1594 τὰ
622 1541 868 1612 ῥήματα,
888 1544 1023 1598 ἀλλὰ
1053 1545 1332 1618 θεοπρεπῆ
1352 1550 1420 1602 τὰ
1437 1553 1704 1622 νοήματασ
1739 1553 1836 1608 καὶ

250 1630 534 1699 παρέλαϐε
574 1631 673 1704 τὴν
712 1629 999 1706 παχύτητα
1027 1639 1136 1694 τῶν
1177 1640 1396 1708 λέξεων,
1434 1641 1575 1696 ὥστε
1600 1647 1696 1715 τῆς
1726 1645 1834 1699 τῶν

250 1724 538 1795 ἀκροατῶν
575 1727 883 1798 παχύτητος
914 1731 1258 1789 καθικέσθαι.
1287 1735 1385 1788 Διὰ
1411 1736 1568 1791 τοῦτο
1591 1739 1699 1808 γὰρ
1738 1737 1834 1791 καὶ

2013 1003 2175 1059 Vens.
2211 1005 2298 1060 14.
2334 1002 2398 1056 Et
2437 1005 2491 1057 in
2516 1020 2576 1058 eo
2601 1007 2809 1073 paravit
2845 1007 3192 1062 instrumenta
3226 1014 3430 1068 mortis.
3456 1015 3512 1068 lu

1881 1095 1886 1098 ’
1936 1110 2002 1150 eo
2034 1097 2294 1150 nimirum
2326 1097 2580 1166 supplicii
2605 1112 2824 1166 genere.
2847 1099 2989 1166 quod
3023 1101 3125 1155 sub
3149 1116 3310 1159 arcus
3341 1105 3514 1175 figura

1939 1188 2242 1242 denotavit.
2279 1187 2440 1242 Varia
2487 1199 2668 1244 autem
2707 1197 2836 1243 sunt
2883 1193 3074 1247 mortis
3107 1207 3306 1261 genera
3345 1213 3360 1250 :
3401 1199 3516 1268 gla-

1933 1279 2059 1340 dius
2079 1282 2345 1348 videlicet,
2375 1283 2535 1350 ignis,
2555 1299 2715 1353 aqua.
2736 1294 2894 1340 terra:
2911 1295 3112 1352 motus,
3128 1287 3307 1345 hiatus
3328 1297 3510 1357 terra',

1933 1371 2205 1440 aegritudo
2238 1389 2434 1448 aqua:
2477 1375 2658 1427 omnia
2690 1375 2884 1429 mortis
2928 1383 3056 1430 sunt
3101 1378 3508 1447 instrumenta;

1934 1480 2028 1532 per
2057 1480 2118 1520 ea
2159 1465 2302 1519 enim
2342 1481 2491 1520 mors
2550 1465 2705 1521 “item
2760 1483 2920 1521 suum
2964 1471 3344 1538 consequitur.
3375 1470 3508 1525 Illud

1933 1567 2113 1613 tamen
2151 1558 2701 1613 animadvertendum
2759 1567 2863 1626 est,
2910 1561 3054 1629 quod
3106 1563 3230 1617 licet
3271 1563 3511 1618 humano

1933 1667 2087 1704 more
2112 1650 2272 1705 verba
2308 1651 2416 1708 sint
2463 1653 2698 1720 prolata,
2732 1653 2915 1704 omnia
2963 1661 3145 1707 tamen
3196 1654 3359 1724 digne
3399 1656 3512 1711 Deo

1933 1746 2284 1818 intelligenda
2346 1755 2495 1804 sunt.
2553 1746 2875 1815 llujusmndi
2930 1747 3074 1802 enim
3137 1748 3509 1803 crassiorihus

251 1815 529 1882 ῥομφαίαν
550 1815 762 1884 εἰσάγει
783 1816 874 1870 τὸν
895 1817 1028 1871 Θεὸν
1051 1819 1264 1890 ἔχοντα,
1288 1823 1380 1877 καὶ
1397 1823 1573 1891 τόξον,
1590 1824 1685 1877 καὶ
1704 1824 1819 1894 βέλτ

1938 1815 2132 1892 verbis
2155 1836 2426 1906 Pr0pbeta
2461 1852 2604 1908 sa-pe
2637 1838 2712 1891 uti
2745 1838 2905 1903 solet,
2937 1838 3250 1892 auditorum
3285 1839 3508 1893 hebetu-

249 1907 348 1960 καὶ
369 1908 536 1978 σκεύη
566 1908 860 1980 πολεμικὰ,
899 1913 992 1965 καὶ
1015 1913 1354 1977 στιλεοῦντα,
1374 1916 1469 1969 καὶ⁵
1496 1915 1826 1978 ἐντείνοντα.

248 2001 338 2054 ἴνα
368 2002 460 2054 τὸν
491 2001 654 2071 φόϐον
686 2006 800 2068 τοῖς
821 2005 1116 2076 ἀκροαταῖς
1133 2005 1240 2060 ἀπὸ
1257 2005 1462 2062 τούτων
1481 2009 1713 2079 αὐξήσῃ,
1734 2010 1827 2061 καὶ

245 2092 335 2145 διὰ
373 2092 482 2145 τῶν
517 2095 834 2167 συντρόφων
863 2100 1144 2170 ὀνομάτων
1175 2103 1475 2172 κατασείσῃ
1494 2102 1590 2172 τὴν
1618 2102 1828 2171 λιθίνην

245 2183 432 2236 αὐτῶν
456 2184 716 2239 διάνοιαν
745 2187 806 2240 οὐ
838 2188 945 2258 γὰρ
968 2188 1138 2243 δεῖται
1156 2189 1404 2245 τούτωνό
1429 2194 1587 2260 μόνος
1613 2193 1828 2246 ἐπιϐλέ-

245 2291 369 2327 πων
399 2275 493 2327 sui
527 2274 628 2346 τὴν
652 2275 778 2346 γὴν,
806 2277 900 2331 καὶ
924 2279 1094 2332 ποιῶν
1123 2280 1291 2350 αὐτὴν
1325 2281 1566 2351 τρέμειν,
1597 2273 1656 2336 οὗ
1676 2285 1732 2336 ὲν
1755 2281 1820 2354 τῇ

243 2367 390 2436 χειρὶ
420 2368 568 2420 πᾶσα
605 2367 765 2438 πνοὴ,
796 2371 823 2422 ό
852 2368 1081 2422 διαλύων
1113 2371 1214 2440 ὅρη
1261 2373 1318 2424 ἐν
1348 2374 1412 2442 τῇ
1464 2373 1821 2442 κραταιότητι

242 2459 437 2521 αὐτοῦ,
471 2461 562 2515 καὶ
596 2461 699 2515 ὅσα
724 2463 852 2530 περὶ
878 2462 975 2532 τῆς
1001 2463 1244 2535 ἀρρήτου
1277 2462 1442 2517 αὐτοῦ
1463 2463 1745 2536 δυνάμεως
1774 2466 1824 2518 oi.

243 2551 567 2622 ἱεροφάνται
602 2551 1050 2624 παραδεδώκασι.

319 2841 396 2896 Τὰ
443 2841 602 2909 βέλη
652 2839 840 2895 αὐτοῦ
880 2841 1007 2906 τοῖς
1033 2841 1372 2908 καιομένοις
1420 2841 1818 2910 ἐξηργάσατο.

251 2931 346 2985 Ἐν
369 2929 544 3000 τούτῳ
571 2929 977 3000 παραμυθεῖται
1015 2931 1140 2992 τοὺς
1175 2929 1436 2998 ἀγαθούςο
1474 2929 1529 2982 αἱ
1561 2929 1822 3000 τιμωρίαι

238 3024 374 3092 γὰρ,
411 3023 568 3092 φησὶ,
589 3022 686 3076 τοῦ
711 3021 868 3087 Θεοῦ,
893 3022 1035 3074 κατὰ
1067 3022 1175 3075 τῶν
1206 3023 1440 3086 ἀναξίων
1459 3021 1817 3091 ἐποιήθησαν.

241 3113 588 3182 Καιομένους
644 3114 751 3184 γὰρ
807 3112 1039 3165 ἐκάλεσε
1099 3114 1228 3176 τοὺς
1291 3112 1564 3182 μηδεμίαν
1617 3112 1816 3182 ἀρετῆς

237 3209 464 3278 ἔχοντας
497 3181 1002 3277 ἰκμάδαίτοσοῦτον
1028 3203 1085 3258 δὲ
1130 3181 1502 3276 ξηρανθέντας
1547 3205 1627 3266 εἰς
1674 3206 1814 3272 ἀγα-
1841 3181 1884 3238 C

237 3300 516 3370 θοεργίαν,
542 3300 617 3361 ὡς
651 3297 987 3362 εύεξὰπτους
1011 3291 1152 3350 εἶναι
1186 3298 1324 3366 πρὸς
1352 3297 1414 3350 τὸ
1455 3296 1562 3366 πῦρ
1584 3297 1685 3366 τῆς
1717 3314 1815 3348 κο-

236 3393 469 3456 λάσεως,
495 3389 592 3444 καὶ
613 3390 717 3461 ἢδη
743 3393 808 3462 τῇ
858 3390 1157 3460 προσδοκίᾳ
1183 3387 1604 3459 κολαζομένους.
1630 3389 1700 3442 Ἢ
1726 3388 1822 3442 καὶ

235 3486 357 3545 τοῖς
394 3483 705 3552 καιομένοις
737 3481 870 3548 φησὶ¹
903 3479 980 3550 τῷ
1026 3481 1163 3549 πυρὶ
1213 3480 1321 3533 τῶν
1355 3479 1567 3546 παθῶν,
1603 3479 1778 3544 θυμοῦ
1802 3519 1816 3541 ,

235 3575 456 3645 ἡδονῆς,
511 3572 965 3643 φιλοχρηματίας,
1002 3573 1096 3625 καὶ
1124 3572 1380 3624 τοιούτων
1419 3571 1612 3625 ἄλλων.
1663 3571 1820 3626 Οῦτω

231 3667 697 3737 διαζωγραφήσας
744 3663 843 3736 τὴν
889 3664 1097 3717 ἄνωθεν
1150 3663 1580 3736 ποικιλόμορφον
1614 3663 1814 3734 ὁρμὴν,

234 3759 335 3813 καὶ
388 3758 596 3828 ταύτην
639 3759 752 3821 τοῖς
804 3759 1064 3826 πονηροῖς
1111 3757 1513 3825 ὲπικρεμάσας,
1567 3754 1814 3808 παιδεύει

231 3850 425 3904 λοιπὸν
446 3849 541 3904 καὶ
573 3848 684 3903 ἀπὸ
710 3848 819 3901 τῶν
840 3847 1144 3919 τηνικαῦτα
1167 3848 1534 3918 πραγμάτων,
1560 3847 1654 3901 καὶ
1678 3847 1813 3919 πρὸς

229 3943 330 3997 τδν
365 3940 687 4012 ’Δϐεσαλὼμ
721 3941 948 4014 μετάγει
975 3940 1066 3993 τὸν
1091 3939 1272 4008 λόγον.

317 4143 465 4200 Ἰδοὺ
492 4143 792 4212 ὠδίνησεν
819 4142 1079 4198 ἀδικίαν.
1118 4141 1405 4212 Ἐγκύμων
1431 4142 1460 4194 ὁ
1489 4142 1808 4210 ἀποστάτης

228 4233 390 4302 οὗτος
420 4238 642 4306 γέγονεν
691 4237 924 4303 ἀδικίας,
974 4234 1177 4301 ὲξῶσαί
1219 4253 1287 4306 με
1333 4235 1434 4304 τῆς
1475 4234 1626 4302 παρᾶ
1671 4235 1807 4288 Θεοῦ

227 4332 527 4401 δεδομένης
554 4331 730 4401 ἀρχῆς
761 4329 1069 4400 μελετήσας
1099 4329 1321 4391 ἀδίκως.
1361 4328 1436 4380 Τὸ
1465 4327 1521 4380 δὲ
1550 4327 1650 4394 τῆς
1679 4327 1804 4380 ὠδῖ-

227 4439 323 4486 νος
348 4420 520 4491 ὄνομα
569 4419 901 4491 παρέλαὸεν,
947 4419 1286 4483 ἐνδείξασθαι
1329 4417 1654 4489 βουλόμενος
1684 4418 1804 4471 οἵαν

1932 1931 2045 1983 dini
2077 1930 2544 1985 condescendens.
2575 1931 2681 1984 Ilac
2711 1932 2924 1986 ratione
2944 1930 3178 2001 gladium
3217 1931 3380 1984 Deum
3411 1931 3507 1984 ha-

1928 2020 2057 2076 bere
2084 2021 2236 2086 dicit,
2267 2036 2565 2089 arcumque
2589 2030 2642 2075 el.
2680 2021 2936 2092 sagittas,
2972 2031 3134 2091 atque
3169 2021 3274 2074 alia
3314 2021 3505 2074 bellica

1927 2114 2292 2167 instrumenta
2325 2131 2338 2168 :
2376 2113 2721 2182 nitidareque
2744 2128 2866 2168 eum
2900 2122 2951 2167 et
2974 2112 3219 2177 tendere,
3255 2119 3314 2164 ut
3345 2112 3504 2165 audi-

1930 2205 2138 2258 iOl'ilHlS
2164 2204 2417 2258 timorem
2455 2214 2701 2273 augeret,
2735 2213 2787 2258 et
2825 2219 2918 2274 per
2954 2214 3079 2258 nota
3128 2203 3210 2258 eis
3257 2204 3502 2264 nomina,

1928 2293 2191 2362 lapideam
2217 2310 2409 2349 eorum
2442 2306 2676 2349 mentem
2711 2295 3028 2350 concuteret
3059 2310 3073 2346 :
3107 2309 3288 2346 verum
3313 2293 3504 2359 hujus-

1931 2386 2073 2438 tuodi
2108 2387 2276 2440 armis
2307 2402 2414 2439 non
2451 2385 2678 2455 indiget,
2709 2386 2801 2453 qui
2829 2394 3047 2454 aspectu
3086 2385 3200 2438 solo
3233 2383 3362 2438 facit
3393 2393 3504 2437 ter-

1924 2492 2040 2529 ram
2089 2487 2345 2542 tremere,
2405 2478 2458 2530 in
2506 2493 2668 2532 manu
2706 2476 2865 2544 cujus
2914 2485 2996 2530 est
3039 2475 3220 2528 omnis
3250 2475 3499 2540 spiritus,

1926 2567 2018 2636 qui
2047 2565 2210 2620 etiam
2249 2575 2461 2622 montes
2491 2567 2740 2620 dissolvit
2777 2566 2828 2619 in
2869 2565 3186 2620 fortitudine
3213 2581 3334 2630 sua,
3377 2581 3498 2620 om-

1925 2657 2122 2728 niaque
2155 2657 2258 2710 alia
2291 2657 2415 2711 facit
2457 2673 2792 2726 qnzncunqtte
2824 2659 2890 2714 de
2913 2659 3033 2729 ejus
3061 2658 3299 2728 potentia
3327 2657 3499 2712 divini

1925 2747 2388 2816 contemplatorcs
2418 2747 2785 2802 tradiderunt.

1995 2859 2236 2929 Sagitta:
2293 2878 2417 2916 suas
2463 2860 2773 2916 ardentibus
2811 2863 3009 2930 eiecit.
3061 2861 3135 2916 Ει
3184 2861 3271 2918 his
3320 2861 3502 2918 verbis

1922 2954 2124 3023 probos
2171 2953 2418 3007 homines
2468 2955 2808 3009 consolatur.
2844 2953 3044 3010 Poenas
3077 2955 3248 3016 enim,
3297 2953 3498 3022 inquit,

1925 3043 2053 3099 fecit
2100 3043 2244 3099 Dt'US
2297 3052 2518 3112 prepter
2557 3059 2655 3099 eos
2709 3045 2801 3114 qui
2842 3045 3060 3102 scelesti
3102 3054 3229 3100 sunt
3277 3059 3345 3100 ae
3388 3043 3502 3099 Deo

1924 3134 2158 3206 indigni.
2202 3135 2479 3190 Ardentes
2508 3137 2652 3189 enim
2707 3135 3001 3205 appellavit
3042 3150 3160 3200 eos,
3204 3135 3298 3204 qui
3349 3133 3498 3189 omni

1926 3241 2157 3296 prorsus
2205 3235 2392 3280 carent
2439 3225 2659 3280 vii-tutis
2707 3226 2984 3282 humore:
3028 3226 3122 3296 qui
3175 3226 3310 3282 adeo
3359 3226 3494 3281 sicci

1925 3322 2053 3370 sunt
2097 3314 2162 3366 ad
2197 3313 2530 3382 operantium
2570 3315 2794 3384 aliquod
2837 3317 3064 3384 bonum,
3115 3325 3175 3369 ut
3231 3316 3391 3370 facile
3429 3315 3497 3369 ab

1923 3404 2048 3475 igne
2082 3419 2364 3474 pinnarum
2400 3404 2765 3458 incendantur
2799 3423 2812 3459 :
2846 3407 2937 3474 qui
2965 3407 3129 3460 etiam
3155 3406 3264 3472 jam
3303 3405 3497 3460 ardere

1921 3495 2030 3548 diri
2084 3503 2336 3563 possunt,
2384 3510 2447 3548 ea
2502 3496 2734 3557 ratione,
2787 3498 2915 3566 quia
2947 3511 3104 3567 poena
3139 3497 3226 3550 illa
3248 3497 3362 3568 jatn
3397 3512 3494 3553 eos

1921 3595 2129 3640 tnanet.
2164 3586 2229 3640 Et
2285 3587 2467 3651 aliter,
2514 3587 2850 3646 Ardentibus,
2881 3588 3003 3658 igne
3037 3587 3252 3642 scilicet
3283 3589 3495 3657 passio-

1919 3693 2072 3742 num,
2125 3679 2239 3744 iraa,
2279 3678 2594 3747 voluptatis,
2626 3679 2889 3741 avaritite.
2924 3689 2980 3734 et
3026 3680 3311 3735 similium.
3355 3679 3490 3734 Cum

1921 3777 2101 3822 autem
2136 3769 2521 3823 multiformem
2560 3768 2648 3824 Dei
2686 3771 2819 3824 iram
2847 3771 3221 3840 descripserit,
3259 3783 3493 3840 eamque

1917 3861 2100 3930 pravis
2124 3860 2437 3916 hominibus
2469 3862 2756 3917 imminere
2787 3863 3096 3926 tradiderit,
3129 3863 3307 3916 erudit
3342 3872 3494 3932 post-

1921 3952 2169 4017 modum,
2230 3961 2284 4005 et
2343 3954 2502 4006 decet
2551 3969 2710 4009 nosa
2759 3955 3118 4024 prmsentibus
3173 3954 3381 4010 rebus:
3435 3963 3492 4008 et

1911 4057 2222 4097 Sermonem
2259 4045 2324 4096 ad
2357 4044 2687 4099 Absalonem
2723 4046 3018 4100 convertit.

1983 4152 2146 4208 Vens.
2187 4155 2271 4210 15.
2308 4155 2440 4210 Ecce
2467 4158 2718 4224 parturiit
2741 4159 3084 4223 iniustitiam.
3109 4155 3280 4214 Filius
3309 4173 3486 4224 meus,
3595 4154 3603 4159 ’

1912 4244 2114 4318 inquit,
2150 4246 2326 4302 factus
2358 4258 2441 4302 est
2487 4248 2771 4318 injustitize
2802 4249 3084 4319 gravidus,
3119 4264 3244 4304 cum
3277 4249 3484 4317 injuste

1909 4338 2238 4410 cogitaverit
2270 4355 2356 4394 me
2401 4338 2468 4394 de
2495 4355 2560 4394 eo
2588 4354 2756 4409 regno
2787 4340 3078 4409 expellere,
3105 4339 3252 4408 quod
3289 4339 3420 4392 mihi
3455 4355 3485 4392 a

1907 4429 2021 4484 Deo
2049 4431 2238 4485 datum
2294 4438 2399 4486 est.
2438 4430 2826 4485 Parturitionis
2860 4440 3040 4484 autem
3078 4431 3300 4485 nomine
3356 4445 3489 4485 usus

229 4514 430 4584 ὀδύνην
485 4514 580 4566 καὶ
605 4513 911 4583 δριμύτητα
981 4512 1283 4582 πάσχουσιν
1337 4511 1386 4564 οἱ
1435 4510 1526 4564 τὸν
1574 4509 1802 4582 πλησίον

1925 4532 2014 4588 est,
2046 4521 2233 4578 volens
2278 4523 2570 4578 ostendere
2616 4521 2810 4592 quales
2846 4529 2900 4577 et
2932 4537 3097 4591 quant
3130 4521 3360 4576 acerbos
3385 4521 3485 4574 do-

228 4611 492 4678 ἀδικῆσαι
518 4610 901 4680 σκειιττόμενοι⁹
958 4609 1292 4680 πληροῦνται
1324 4611 1434 4680 γὰρ
1465 4609 1662 4679 θυμοῦ,
1689 4610 1808 4664 δια-

228 4705 529 4758 κόπτονται
579 4703 684 4757 ὑπὸ
730 4702 925 4771 ὀργῆς,
957 4703 1311 4774 λυμαίνονται
1359 4706 1472 4766 τοῖς
1501 4703 1806 4773 λογισμοῖς,

227 4794 387 4857 ὀδοὺς
437 4794 691 4864 ἔρχονται
741 4793 964 4864 μυρίας,
1003 4793 1320 4862 φοϐοῦνται,
1379 4792 1679 4861 ἀγωνιῶσι,
1713 4793 1808 4845 καὶ

228 4887 373 4948 ὅλως
402 4885 463 4938 ού
491 4885 717 4956 φέρουσι
749 4885 848 4948 τὰς
887 4886 1144 4949 τοιαύτας
1170 4888 1465 4956 μάστιγας,
1497 4885 1629 4956 πρὶν
1667 4886 1807 4953 ἀγά-

230 4994 405 5045 γωσιν
450 4979 528 5041 είς
579 4978 739 5046 ἔργον
781 4979 961 5048 μόνον,
1008 4979 1056 5031 εἰ
1103 4979 1197 5032 καὶ
1241 4977 1379 5048 μηδὲ
1438 4978 1577 5048 μετὰ
1612 4978 1809 5047 πρᾶξιν

227 5067 644 5136 ἐλευθεροῦνται
669 5069 766 5139 τῆς
790 5069 899 5122 ἀπὸ
929 5068 1023 5122 τοῦ
1047 5068 1351 5132 συνειδότος
1383 5067 1803 5136 καταγνώσεως.

225 5160 411 5212 Ὅπου
463 5159 646 5211 τοίνυν
700 5162 734 5229 ή
785 5161 976 5232 Γραφὴ
1023 5159 1262 5232 βουληθῇ
1289 5161 1563 5231 ἀφόρητον
1611 5159 1806 5230 ὀδύνην

221 5249 594 5314 ἐνδείξασθαι,
637 5249 713 5320 τῷ
751 5250 850 5320 τῆς
882 5250 1105 5318 ὀδύνης
1157 5251 1381 5318 ὀνόματι
1413 5250 1616 5320 ταύτην
1671 5250 1807 5304 ὑπο-

221 5341 455 5408 γράφει.
496 5339 704 5408 Ὁδύνη
731 5341 830 5411 μὲν
855 5340 970 5408 οῦν,
1007 5344 1072 5395 ἐκ
1103 5341 1198 5396 τοῦ
1221 5342 1497 5408 οῖδαίνειν,
1527 5342 1807 5395 τουτέστιν

218 5435 456 5497 αὔξειν
487 5433 549 5486 τὸ
575 5433 685 5502 γὰρ
734 5433 932 5502 βρέφος
976 5433 1281 5498 τελειωθὲν,
1323 5433 1510 5486 οὐκέτι
1565 5433 1802 5503 φορητὸν

220 5524 460 5590 γίνεται.
489 5524 598 5578 Καὶ
622 5523 710 5576 διὰ
732 5522 892 5576 τοῦτο
920 5523 1158 5594 σφοδρὰς
1179 5523 1372 5587 ὀδύνας
1401 5524 1637 5593 ἐμποιεῖ,
1662 5523 1799 5593 πρὸς

217 5613 404 5678 ἔξοδον
429 5613 812 5683 ἐπειγόμενον.
845 5612 1133 5667 Δείκνυται
1165 5613 1224 5667 δὲ
1275 5611 1536 5678 ἐνταῦθα,
1576 5613 1659 5667 ὅτι
1699 5612 1799 5665 οὐκ

1908 4615 2056 4670 iores
2088 4615 2123 4668 ii
2161 4617 2458 4684 patiantur,
2506 4615 2601 4684 qui
2648 4617 2930 4684 proximos
2965 4628 3098 4668 suos
3141 4611 3340 4682 injuria
3369 4611 3482 4666 alii-

1907 4721 2035 4762 cere
2079 4707 2331 4774 student;
2391 4706 2685 4776 implentur
2738 4705 3009 4776 siquidem
3066 4705 3486 4774 indignatione,

1906 4795 2384 4866 interrumpuntur
2417 4797 2484 4850 ab
2519 4798 2599 4850 ira
2631 4837 2646 4861 ,
2694 4797 3118 4864 cogitationibus
3169 4797 3479 4861 tabescunt,

1909 4899 2006 4956 per
2050 4885 2368 4940 innumeras
2417 4886 2701 4940 ambulant
2742 4887 2883 4951 viae,
2922 4887 3120 4941 timore
3150 4886 3483 4947 adiciuntur,

1910 4976 1966 5032 in
2012 4975 2280 5047 angustiis
2312 4987 2650 5044 permanent.
2690 4976 3015 5046 Hujusmodi
3060 4985 3241 5032 autem
3277 4976 3482 5045 ﬂagella

1912 5070 2189 5124 sustinere
2213 5068 2767 5137 omnino‘nequeunt,
2783 5069 2956 5124 donec
2980 5069 3338 5140 cogitationes
3358 5082 3493 5122 suas

1911 5158 1965 5211 in
2013 5174 2152 5227 opus
2183 5173 2289 5213 non
2315 5159 2639 5216 deduxerint
2675 5177 2690 5213 :
2730 5161 2948 5215 tametsi
2997 5168 3182 5230 postea
3214 5175 3322 5213 non
3348 5159 3487 5214 libe—
3567 5163 3571 5166 ’

1908 5260 2096 5304 rentur
2136 5263 2164 5302 a
2195 5250 2484 5313 sententia,
2507 5259 2672 5319 atque
2701 5267 2731 5305 a
2763 5250 3220 5305 condemnatione
3247 5249 3482 5320 prepriae

1907 5340 2280 5396 conscientiae.
2307 5339 2535 5407 Quando
2566 5341 2728 5412 igitur
2757 5340 3041 5411 Scriptura
3083 5339 3487 5394 intolerabilem

1906 5434 2144 5502 aliquem
2181 5431 2423 5488 dolorem
2465 5433 2581 5486 vult
2612 5434 2942 5502 exprimere,
2973 5431 3124 5485 illum
3159 5431 3261 5486 sub
3287 5441 3482 5500 partu-

1907 5523 2115 5576 ritiouis
2172 5523 2393 5576 nomine
2455 5521 2724 5575 describit
2776 5521 2936 5592 [quo
3010 5520 3234 5575 nomine
3303 5519 3482 5574 Graeci

1908 5614 2179 5684 pi-azeipue
2214 5611 2558 5684 frequentius
2605 5620 2836 5667 utuntur
2877 5629 3001 5683 pro.
3033 5613 3242 5680 dolore,
3292 5624 3484 5690 parta-—

1572 5769 1768 5832 Varias
1785 5770 2114 5833 lectiones.

296 5874 412 5941 (38)
467 5875 656 5932 Grarce
715 5873 935 5945 ὀξύτης,
999 5889 1090 5943 per
1130 5871 1448 5928 celeritatem
1481 5911 1497 5939 ,
1555 5886 1655 5943 pro
1711 5889 1821 5945 quo
1859 5873 2062 5930 Saulus
2094 5871 2298 5944 legisse
2334 5869 2546 5926 videtur
2576 5870 2746 5952 τόξον,
2773 5889 2977 5930 arcum.
