3970 6540
154 356 248 423 ιει

1295 349 1688 414 COMMENT.
1719 350 1803 411 ΙΝ
1841 351 2208 413 PSALMOS.

221 468 321 523 Kal
369 466 555 535 ψαλῶ
600 465 682 533 τῷ
729 467 979 536 ὀνόματι
1014 466 1238 534 Κυρίου
1284 464 1392 519 τοῦ
1432 463 1725 533 ὑψίστου.

3285 350 3387 413 130

1897 460 1969 516 Et
2023 462 2255 532 psallam
2322 465 2527 520 nomini
2594 466 2809 522 Domini
2857 468 3123 526 altissimi.
3180 471 3384 527 Canam

158 564 295 632 ’ᾼσω
322 559 401 630 τῷ
430 559 661 630 ὀνόματι
704 559 872 613 αὐτοῦ
919 559 987 612 τὰ
1028 560 1345 629 νικητήρια,
1394 557 1478 610 ὅτι
1511 558 1712 609 ἐπεκα-

1847 556 2025 624 nquit,
2060 555 2270 611 nomini
2298 556 2418 626 ejus
2448 573 2547 628 pro
2574 559 2801 615 victoria
2835 577 2851 615 :
2883 562 3011 632 quia
3039 563 3160 634 ejus
3189 579 3387 620 nomen

155 652 385 721 λεσάμην
423 651 592 704 αὐτὸν
620 651 716 704 καὶ
752 649 1016 721 ὲϐοήθησέ
1051 667 1164 720 μοι.
1211 648 1276 701 El
1314 648 1424 719 γὰρ
1462 646 1522 699 τὸ
1547 646 1713 711 ὄνομα

156 743 306 798 αὐτοῦ
329 743 605 813 τοσαύτην
636 745 752 812 ἔχει
783 742 1034 811 δύναμιν,
1079 742 1164 805 τίς
1199 742 1300 794 οὐκ
1328 740 1395 793 ἂν
1422 739 1583 792 αὑτὸν
1623 756 1717 807 φο-

158 837 331 906 δηθείη
354 853 367 899 ;
398 835 698 902 ’Υψίστου
722 835 800 898 δὲ,
820 834 913 887 τοῦ
931 833 1031 885 ὑπὲ
1041 850 1071 903 ρ
1100 832 1338 909 ἅπαντα,
1356 829 1451 883 τοῦ
1480 831 1651 883 ἁνυτιε
1659 847 1718 899 ρ-

159 932 357 1000 inﬁmo,
403 929 437 999 ἢ
479 930 577 981 καὶ
620 927 716 980 τού
758 930 1109 995 ἐπουρανίου,
1158 924 1301 978 καθὰ
1351 923 1717 994 πφλαὸόντες

160 1023 388 1091 εἴπομεν.
424 1020 614 1074 Ταῦτα
648 1020 707 1072 δὲ
756 1022 817 1072 οὐ
870 1019 1150 1089 χαίροντός
1211 1020 1360 1072 ἐστιν
1412 1017 1718 1088 ἀνθρώπων

163 1114 519 1185 σφαγαῖς,κα“ι
546 1112 782 1181 μάλιστα
824 1112 1015 1174 παιδὸς
1059 1111 1271 1180 αἵματιο
1325 1110 1442 1173 πῶς
1494 1108 1604 1178 γὰρ
1659 1109 1718 1172 ὃς

163 1208 242 1258 καὶ
268 1205 531 1273 πένθιμον
556 1205 780 1272 ἐποίησε
823 1204 921 1270 τὴν
966 1203 1182 1275 ἡμέραν
1213 1201 1315 1270 τῆς
1362 1202 1553 1270 νίκηςς
1604 1199 1718 1253 ἀλλ’

163 1296 553 1365 ἀπιδεχομένου
599 1296 698 1365 τὴν
747 1295 841 1347 τοῦ
900 1294 1038 1347 Θεοῦ
1087 1295 1289 1364 ψῆφον,
1321 1294 1543 1357 δικαίως
1595 1296 1722 1357 τοὺς

164 1391 362 1451 ὲδίκους
422 1389 976 1456 καταλαμϐάνουσαν.
1044 1388 1200 1448 Τινὲς
1252 1386 1308 1439 δέ
1363 1387 1423 1439 τὸ
1482 1386 1723 1439 Λάκκου·

164 1482 356 1550 ὤρυξε,
389 1484 487 1532 καὶ
514 1482 585 1531 τὰ
605 1478 755 1549 ἐξῆς,
787 1480 917 1549 ἄχρι
943 1479 1039 1531 τοῦ
1080 1479 1296 1533 Ἀδικία
1324 1478 1511 1532 αὑτοῦ
1547 1495 1723 1531 κατα-

167 1574 413 1639 ϐήσεται,
466 1573 881 1640 συντομώτερον
954 1570 1374 1641 ἑρμηνεύοντες,
1427 1570 1587 1623 τοῦτο
1631 1568 1722 1622 λέ-

169 1681 305 1732 γουσι
330 1663 528 1732 δηλοῦν
584 1663 986 1733 μεταφορικῶς,
1038 1663 1136 1715 ὃσα
1171 1662 1291 1716 κατ’
1331 1661 1465 1731 ἐμοῦ
1512 1664 1726 1733 ἐμηχα-

169 1760 369 1827 νήσατο,
415 1757 584 1819 αὐτὸς
612 1756 883 1809 πείσεται.
918 1755 1107 1808 Ταῦτα
1129 1755 1185 1808 δὲ
1227 1755 1607 1826 κατευχόμεθα
1630 1756 1723 1810 καὶ

171 1850 253 1902 τοῦ
273 1846 545 1903 διαϐόλου.

167 2030 253 2093 εις
277 2027 340 2081 τὸ
368 2028 546 2094 τέλος
573 2028 726 2096 ὑπὲρ
752 2027 872 2082 τῶν
895 2026 1122 2094 ληνῶν,
1152 2025 1396 2095 ψαλμὸς
1426 2022 1506 2090 τῷ
1524 2022 1723 2077 Δαὸἰδ.

726 2120 1023 2172 ΨΔΛΜΟΣ
1062 2116 1142 2171 H'.

229 2213 288 2266 Τί
316 2213 412 2283 μὲν
455 2210 709 2282 βούλεται
744 2210 848 2276 Είς
884 2209 950 2263 τὸ
994 2209 1198 2274 τέλος,
1256 2210 1315 2261 ἐν
1363 2209 1478 2271 τοῖς
1526 2206 1729 2275 προλα-

176 2306 308 2357 ϐοῦσι
342 2306 691 2375 προείρηται.
719 2302 959 2371 Ληνοὺς
983 2302 1040 2356 δι
1082 2302 1238 2355 καλεί
1270 2302 1397 2364 τοὺς
1439 2300 1726 2370 ἀπανταχῆ

174 2399 258 2465 τῆς
305 2398 630 2468 οἰκουμένης
678 2397 861 2459 ναούς.
918 2395 1195 2466 ’Δμπελος
1223 2394 1352 2464 γὰρ,
1406 2392 1434 2444 ὀ
1484 2392 1724 2464 Κύριοςο

179 2490 413 2556 κλήματα
441 2486 521 2551 δέ,
560 2488 609 2540 ol
642 2487 955 2541 ἀπόστολοι·
989 2486 1185 2556 βότρυς
1207 2485 1263 2538 δὲ
1308 2485 1341 2554 ἠ
1370 2482 1571 2547 πίστις,
1606 2483 1728 2552 ἥτις

180 2576 617 2647 ἐναποθλιϐομὲνη
648 2579 770 2640 ταῖς
810 2576 1179 2646 Ἐκκλησίαις,
1220 2573 1317 2645 τὴν
1345 2572 1727 2637 διδασκαλίαν’,

182 2666 243 2728 ὡς
266 2663 418 2738 οἶνον,
447 2668 655 2733 δίδωσι,
705 2669 804 2731 τὰς
848 2669 959 2722 τῶν
997 2669 1205 2721 πιστῶν
1232 2666 1460 2737 καρδίας
1498 2664 1731 2735 εὐφραί-

182 2776 378 2816 νουσαν.
411 2761 695 2832 Προσώπῳ
731 2755 822 2815 οὖν
854 2760 1060 2814 τούτων
1084 2760 1194 2814 τῶν
1224 2757 1610 2828 πνευματικῶν
1634 2757 1731 2827 λη-

184 2853 295 2919 νῶν,
338 2857 365 2907 ὁ
416 2854 632 2924 enim;
684 2847 839 2919 οὗτος
890 2854 1278 2925 ἐκπεφώνηται
1326 2851 1403 2922 τῷ
1446 2853 1726 2923 προφήτῃ.

186 2944 338 2996 Πάλαι
365 2945 462 3013 μὲν
484 2944 593 3013 γὰρ
616 2939 695 3008 εἷς
729 2945 857 3008 ναὸς
887 2945 1226 3016 ᾠκοδόμητο,
1262 2944 1357 2997 καὶ
1388 2945 1445 2997 ἐν
1476 2942 1557 2996 ἐνὶ
1581 2942 1732 3012 τόπῳ

184 3041 268 3106 τῆς
300 3038 682 3110 Ἰερουσαλὴμ,
717 3038 802 3092 ὅτι
832 3040 928 3093 καὶ
972 3038 1053 3091 ἐνὶ
1090 3038 1233 3091 ἔθνει
1262 3035 1691 3105 ἀποκεκλήρωτο
1712 3072 1728 3098 ,

188 3134 297 3203 περὶ
322 3127 382 3186 οὗ
415 3150 577 3203 φησιν
618 3133 880 3195 Ἡσαΐας·
922 3130 1298 3201 ’ῼκοόόμησα
1330 3132 1596 3199 πύργον,
1631 3127 1731 3182 καί

1819 648 2093 710 invocavi.
2141 657 2196 704 et
2238 650 2528 706 exauditus
2562 667 2703 708 sum.
2739 652 2897 719 Quod
2938 656 2986 709 si
3012 656 3160 710 iIIitts
3191 673 3391 711 nomen

1821 748 2002 794 tantas
2036 740 2200 796 habet
2237 741 2380 797 vires
2410 781 2424 803 ,
2455 744 2579 813 quis
2610 759 2717 799 non
2750 746 2926 815 ipsum
2958 748 3249 802 Dominum
3276 749 3390 802 for-

1815 831 2045 885 midabit
2073 833 2096 885 ?
2123 833 2385 887 Altissimi
2413 845 2618 898 autem,
2651 838 2703 890 id
2734 846 2837 901 est,
2873 838 3040 903 illius,
3068 843 3160 910 qui
3188 853 3273 897 est
3298 860 3395 898 su-

1818 936 1914 990 pra
1947 922 2151 987 omnia,
2185 924 2277 992 qui
2318 925 2708 993 insuperabilis
2742 938 2845 990 est,
2872 930 2955 982 vel
2985 933 3147 985 etiam
3203 949 3394 1003 super-

1817 1014 2075 1078 cazlestis,
2097 1018 2425 1085 utsuperius
2450 1019 2708 1074 diximus.
2735 1018 2861 1075 Haec
2890 1031 3069 1076 autem
3102 1026 3260 1078 verba
3282 1040 3393 1079 non

1819 1107 2110 1176 gaudentis
2140 1117 2267 1163 sunt
2299 1108 2528 1162 aliorum
2562 1113 2731 1173 caede,
2767 1128 2865 1167 nec
2900 1115 2994 1168 lilii
3020 1117 3391 1182 potissimum,

1822 1213 1949 1252 cum
1998 1199 2287 1269 lugubrem
2349 1204 2521 1270 egerit
2577 1204 2728 1260 illum
2782 1206 3034 1261 victoriae
3074 1207 3214 1261 diem
3238 1208 3393 1278 (40):

1822 1289 1918 1344 scd
1953 1291 2307 1361 suscipientis
2323 1295 2647 1347 sententiam
2684 1296 2798 1362 Dei,
2834 1312 2957 1366 qua:
2991 1300 3225 1362 iniustos
3276 1300 3398 1355 illos

1824 1385 2095 1437 coercuit.
2135 1385 2320 1454 Aliqui
2368 1400 2519 1452 vero,
2546 1388 2707 1441 verba
2749 1388 2841 1442 illa
2893 1388 3092 1443 Locum
3129 1391 3286 1458 fodit,
3342 1403 3398 1444 et

1825 1489 1947 1543 qua:
1980 1485 2310 1544 sequuntur,
2347 1492 2521 1546 usque
2555 1478 2622 1533 ad
2671 1479 2782 1544 illa,
2824 1478 3105 1547 Injttstitia
3144 1482 3258 1548 ejus
3303 1480 3397 1535 de-

1826 1566 2309 1627 scendet,breviori
2334 1568 2674 1636 expositione
2704 1569 3009 1635 declarant,
3042 1570 3308 1635 dicentes,
3334 1587 3401 1625 ea

1826 1658 1993 1710 verba
2026 1673 2121 1726 per
2165 1660 2547 1727 metaphoram
2596 1659 2928 1728 signiﬁcare,
2978 1660 3123 1729 quod
3157 1663 3401 1717 Absalon

1828 1748 1943 1819 ipse
1965 1763 2028 1802 ea
2066 1762 2331 1817 passurus
2360 1758 2639 1819 erat,qua2
2674 1752 2937 1806 adversus
2971 1762 3177 1821 patrem
3213 1752 3404 1806 molie-

1830 1840 2012 1894 batur.
2071 1839 2400 1909 Ilujusmodi
2453 1844 2619 1897 etiam
2672 1844 2856 1899 verbls
2883 1858 3180 1913 possumus
3218 1853 3273 1899 et
3303 1858 3405 1899 nos

1758 1908 1801 1963 Β
1830 1932 2096 1985 adversus
2123 1932 2423 1987 daemonem
2463 1933 2779 2002 imprecari.

1934 2022 2000 2077 In
2026 2024 2181 2093 ﬁnem
2208 2040 2304 2094 pro
2330 2026 2684 2080 torcularibus
2710 2026 2947 2094 psalmus
2975 2026 3075 2094 ipsi
3098 2025 3299 2081 Dauid.

2376 2115 2693 2172 PSALMUS
2728 2117 2860 2171 VIII.

1900 2207 2042 2273 Quid
2081 2207 2184 2263 sibi
2219 2208 2388 2262 velint
2417 2209 2583 2262 verba
2617 2209 2708 2263 illa
2734 2210 2788 2263 iu
2815 2210 2996 2281 ﬁnem,
3021 2209 3077 2264 in
3108 2210 3407 2280 superiori-

1829 2300 1934 2356 bus
1968 2301 2175 2353 dictqu
2205 2308 2309 2355 est.
2350 2299 2666 2354 Torcularia
2696 2303 2929 2371 appellat
2959 2300 3250 2368 Ecclesiae,
3283 2317 3409 2372 qua

1832 2391 2036 2460 ubique
2074 2402 2346 2446 terrarum
2386 2400 2537 2445 sunt.
2578 2392 2835 2447 Christus
2874 2394 3021 2448 enim
3071 2394 3198 2451 vitis
3227 2403 3314 2448 est
3353 2402 3409 2448 et

1830 2486 2067 2554 apostoli
2098 2486 2353 2554 palmites
2383 2488 2429 2521 ⁸⁰
2458 2504 2476 2554 ;
2514 2503 2615 2543 uva
2661 2498 2843 2542 autem
2882 2496 2939 2542 et
2976 2502 3224 2543 racemus
3248 2488 3405 2542 tidem

1831 2577 2164 2649 signiﬁcant,
2194 2594 2319 2648 quae
2346 2582 2399 2633 in
2431 2580 2691 2635 Ecclesiis
2720 2594 3034 2649 compressa
3055 2618 3071 2643 ,
3100 2580 3410 2650 disciplinas

1830 2670 2158 2725 Christianae
2187 2671 2380 2725 vinum
2412 2672 2607 2726 tribuit
2635 2688 2650 2726 :
2680 2684 2791 2741 quo
2820 2670 3057 2725 ﬁdelium
3079 2670 3244 2726 corda
3275 2670 3412 2725 laeti-

1830 2760 2085 2815 ﬁcantur.
2120 2761 2194 2815 Ex
2222 2776 2456 2831 persona
2476 2762 2643 2833 igitur
2663 2762 3035 2832 spiritualium
3069 2763 3264 2817 horum
3292 2772 3410 2817 tor-

1831 2853 2133 2915 cular-ium,
2170 2853 2276 2909 hoc
2322 2861 2408 2909 est
2470 2854 2877 2919 Ecclesiarum,
2933 2855 3026 2910 hic
3085 2855 3326 2925 psalmus
3373 2868 3409 2908 ι

1832 2944 2105 3015 Propheta
2131 2948 2480 3017 conscriptus
2502 2958 2608 3003 est.
2632 2950 2772 3003 Olim
2804 2950 3005 3019 quippe
3039 2950 3261 3004 unicum
3284 2959 3412 3003 tan-

1835 3046 1949 3093 tum
1982 3040 2245 3109 templum
2265 3050 2644 3097 constructum
2670 3052 2808 3107 erat,
2842 3044 2896 3096 in
2936 3057 3044 3096 una
3075 3050 3288 3097 tantum
3325 3040 3411 3097 ci-

1836 3132 2005 3186 vitate
2051 3130 2357 3187 Jerusalem
2410 3149 2425 3186 :
2481 3132 2609 3202 quia
2667 3132 2762 3186 uni
2820 3140 3033 3186 tantum
3092 3141 3210 3187 erat
3260 3134 3407 3201 genti

189 3227 493 3295 προλήνιον
514 3226 715 3295 ὧρυξα
744 3225 813 3278 ἐν
837 3223 1016 3289 αὐτῷ,
1051 3223 1282 3291 πύργον
1311 3221 1411 3292 μὲν
1434 3220 1614 3273 καλῶν
1638 3218 1731 3273 τὸν

1839 3224 2065 3279 datum:
2113 3222 2182 3277 de
2243 3238 2352 3292 quo
2394 3221 2561 3279 Isaias
2613 3224 2690 3277 ait
2726 3239 2741 3277 :
2776 3222 3070 3291 Ediﬁcari
3101 3223 3313 3285 turrim,
3358 3232 3413 3275 et

189 3318 316 3383 ναόν,
348 3317 686 3386 Προλήνιον
721 3316 779 3369 δέ
806 3314 869 3368 τὸ
906 3315 1310 3385 θυσιαστήριον.
1359 3312 1482 3365 Ἐπὶ
1509 3310 1653 3364 τέλει
1677 3309 1735 3364 δὲ

189 3411 281 3461 τῶν
308 3411 532 3475 αἰώνων,
583 3411 695 3480 (Μ)
730 3409 813 3462 ἔτι
842 3409 938 3460 καὶ
983 3409 1041 3461 ἐν
1073 3406 1152 3477 τῷ
1181 3407 1326 3460 τέλει
1359 3408 1459 3475 τῆς
1502 3404 1736 3474 νομικῆς

192 3500 441 3572 λατρείας,
475 3503 783 3572 καθῄρηται
813 3501 913 3570 μὲν
942 3493 1095 3561 οὗτος
1115 3514 1131 3530 ·
1162 3496 1501 3567 ἀντέστησαν
1532 3494 1587 3547 δὲ
1614 3494 1736 3547 καθ’

193 3593 301 3661 ὅλης
323 3594 417 3661 τῆς
446 3594 547 3662 γῆς
576 3591 860 3661 ἐκκλησίαι
896 3588 1268 3659 παμπληθεῖς,
1307 3588 1390 3642 ὅτι
1426 3586 1739 3641 καὶ“πάντα

194 3685 251 3735 τὶ
275 3684 393 3751 ἐυνη
431 3682 525 3753 τὴν
554 3681 885 3749 θεογνωσίαν
908 3680 1205 3734 ἀπέλαϐον.

253 3865 415 3933 Κύριε
441 3866 478 3917 ὀ
498 3862 715 3930 Κύριος
736 3858 928 3930 ἡμῶν,
959 3860 1040 3927 ὡς
1071 3859 1421 3929 θαυμαστὸν
1456 3859 1525 3913 τὸ
1555 3855 1741 3928 ὄνομά

198 3972 298 4011 σου
318 3958 381 4010 ἐν
400 3957 565 4025 πάσῃ
592 3954 668 4023 τῇ
690 3953 807 4024 τῇ]
844 3953 967 4008 Τῶν
1002 3953 1103 4022 μὲν
1142 3952 1409 4013 ἀπίστων,
1450 3950 1531 4004 ἐνὶ
1555 3947 1743 4022 τρόπῳ

201 4046 376 4116 Κύριός
402 4048 548 4099 ἐστιν
596 4047 625 4098 ὀ
653 4044 909 4114 Χριστὸς,
958 4043 1039 4114 τῷ
1083 4041 1185 4110 τῆς
1228 4040 1506 4103 πλάσεωςο
1551 4038 1659 4091 τῶν
1686 4036 1742 4090 δέ

203 4142 403 4203 πιστῶν,
423 4138 615 4209 διπλῷ,
644 4137 721 4207 τῷ
742 4139 841 4203 τῆς
870 4136 1141 4197 πλάσεως,
1170 4134 1264 4186 καὶ⁸
1288 4131 1366 4203 τῷ
1388 4132 1485 4200 τῆς
1508 4127 1744 4196 ἐπιγνώ-

205 4244 340 4293 σεως·
365 4230 442 4282 διὸ
469 4230 564 4283 καὶ
598 4226 965 4287 ἀναδίπλωσις
995 4221 1249 4277 ἐνταῦθα.
1282 4221 1515 4288 Λέγουσι
1545 4218 1654 4288 γὰρ
1685 4217 1744 4272 αι

202 4320 293 4372 τῶν
314 4322 510 4375 πιστῶν
544 4318 885 4389 Ἐκκλησίαι·
920 4315 1091 4385 Κύριε
1124 4310 1445 4383 δημιουργὲ,
1478 4310 1507 4360 ό
1542 4308 1745 4378 Κύριος

203 4412 337 4480 ἡμῶν
360 4414 479 4483 ἄρτι
511 4410 750 4480 γεγονὼς
786 4408 873 4462 διὰ
901 4407 1002 4476 τῆς
1027 4403 1396 4472 ἐπιγνώσεως.
1426 4401 1578 4456 Δίαν
1609 4399 1743 4453 ἐστι

205 4500 518 4568 θαυμαστὸν
538 4500 604 4553 τὸ
638 4498 826 4567 ὄνομά
860 4511 977 4551 σου
1009 4497 1078 4550 ἐν
1107 4494 1277 4560 πάσῃ
1305 4490 1378 4560 τῇ
1424 4488 1522 4560 γῇ.
1568 4490 1745 4544 Μόνον

207 4560 769 4662 γὰρ-ἐπικαλούμενον,
817 4588 1111 4658 φυγαόεύει
1170 4585 1467 4655 δαίμονας,
1516 4581 1743 4653 νεκροὺς
1770 4560 1823 4623 Ῑ)

207 4686 449 4755 ἀνίστησι,
495 4684 687 4747 νόσους
717 4682 1011 4737 ἀπελαύνει
1032 4721 1049 4746 ,
1110 4678 1435 4751 μεταϐάλλει
1471 4677 1747 4745 στοιχεῖα,

208 4777 287 4826 καὶ
313 4778 479 4830 πάντα
504 4776 749 4828 δύναται.
781 4774 857 4829 Τὸ
888 4774 932 4826 δ’
960 4773 1092 4826 αὐτὸ
1121 4771 1217 4824 καὶ
1244 4769 1472 4838 φοϐερὸν
1512 4766 1747 4839 ἀλλαχοῦ

209 4866 361 4919 καλεῖ.
385 4865 709 4936 Θαυμαστὸν
736 4865 835 4932 μὲν
864 4862 979 4929 οὖν,
1014 4862 1102 4914 διὰ
1139 4861 1235 4923 τὰς
1265 4861 1565 4929 ὑπερφυεῖς
1592 4860 1747 4929 ἐνερ-

209 4956 342 5019 γείας
364 4973 379 4988 θ
410 4956 639 5027 φοσερὸν
685 4954 766 5018 δέ,
811 4954 897 5007 διὰ
932 4954 1029 5020 τὴν
1056 4952 1293 5023 ἄρρητον
1318 4950 1573 5019 δύναμιν.
1607 4949 1751 5019 Ὅρα

210 5047 258 5099 δὲ
282 5048 386 5110 πῶς
413 5050 604 5103 ἑαυτὸν
634 5048 764 5118 ἡμῖν
795 5044 1084 5109 συνέταξεν
1111 5046 1141 5097 ὁ
1174 5042 1360 5107 Δαόὶδ,
1416 5039 1651 5112 προϊδὼν
1692 5040 1755 5094 τὸ

212 5141 501 5209 μυστήριον,
552 5140 646 5193 καὶ
692 5138 790 5207 τὴν
822 5138 1003 5189 πίστιν
1034 5136 1115 5199 είς
1158 5136 1227 5189 τὰ
1260 5134 1352 5188 τοῦ
1401 5134 1608 5204 κόσμου
1639 5133 1756 5187 διας

213 5230 521 5298 φοιτήσασαν
546 5229 780 5297 πέρατα.
820 5227 884 5278 Τί
911 5226 969 5280 δὲ
1013 5226 1144 5297 περὶ
1174 5227 1369 5278 τούτου
1406 5226 1673 5294 φήσουσιν
1706 5225 1755 5281 ol

223 5318 475 5385 Ἰουδαῖοι,
510 5321 585 5373 Τὸ
617 5321 725 5390 γὰρ
770 5316 864 5372 τοῦ
910 5318 1353 5389 παντοκράτορος
1399 5314 1571 5386 ὄνομα
1604 5316 1756 5387 παρὰ

212 5410 307 5471 τοῖς
338 5410 536 5463 πλείοσι
581 5410 691 5462 τῶν
740 5407 911 5462 ἐθνῶν
950 5406 1429 5478 εὐκαταφρόνητον
1470 5401 1574 5477 ἦν’
1620 5405 1757 5476 φησὶ

273 5500 314 5532 ⁸⁸
351 5502 533 5575 Joan;
553 5520 622 5558 xv
687 5502 721 5557 5
813 5501 986 5560 "Isa.
1020 5518 1072 5568 ν,
1104 5502 1161 5558 2.

1840 3316 2075 3368 torcular
2096 3313 2211 3383 fodi
2253 3316 2308 3368 in
2355 3332 2417 3369 ea
2442 3315 2526 3381 ⁸¹;
2568 3316 2757 3368 turrim
2800 3315 3062 3383 templum
3104 3315 3410 3384 appellans,

1836 3414 1893 3460 et
1928 3407 2166 3458 torcular
2213 3404 2404 3461 altare.
2450 3404 2509 3458 lu
2563 3404 2670 3458 ﬁne
2700 3410 2881 3457 autem
2916 3403 3264 3465 saeculorum,
3308 3403 3412 3457 hoc

1838 3504 1926 3548 est
1958 3493 2010 3546 in
2046 3492 2153 3547 line
2183 3493 2371 3561 legalis
2396 3493 2597 3552 cultus.
2642 3493 2730 3545 illa
2774 3491 2945 3546 turris
2986 3492 3265 3546 destructa
3303 3500 3412 3555 est,

1839 3594 1895 3641 et
1928 3586 2050 3639 loco
2078 3585 2199 3653 ejus
2224 3600 2318 3652 per
2349 3586 2666 3639 universum
2714 3583 2904 3639 orbem
2937 3591 3138 3639 erecte
3164 3592 3295 3637 sunt
3330 3582 3416 3635 in-

1843 3677 2214 3733 numerabiles
2236 3678 2500 3743 ,ecclesize
2547 3694 2561 3730 :
2611 3676 2870 3746 quoniam
2910 3688 3105 3731 omnes
3134 3683 3327 3745 gentes
3357 3673 3415 3729 in

1843 3769 1936 3825 Del
1977 3770 2342 3839 c0gnitionem
2385 3776 2673 3824 venerunt.

1916 3859 2081 3915 Vsus.
2112 3861 2167 3915 2.
2201 3860 2447 3922 Domine,
2478 3859 2736 3914 Dominus
2766 3868 2947 3915 noster
2981 3875 3139 3930 quam
3186 3860 3415 3914 admira-

1844 3954 1948 4007 bile
1994 3962 2074 4006 est
2112 3968 2299 4006 nomen
2338 3960 2483 4006 tuum
2530 3953 2583 4005 in
2616 3954 2856 4007 universa
2887 3961 3029 4005 terra
3060 3952 3081 4004 .'
3112 3950 3416 4006 lnlidelium

1843 4045 2062 4115 quidem
2091 4043 2356 4098 Dominus
2388 4042 2640 4098 Christus
2668 4044 2892 4109 dicitur,
2924 4042 3022 4098 sed
3061 4058 3168 4097 una
3203 4052 3417 4098 tantum

1846 4138 2145 4193 creationis
2164 4137 2377 4191 ratione
2402 4152 2417 4190 :
2449 4135 2686 4191 ﬁdelium
2711 4151 2841 4191 vero
2862 4136 3091 4207 duplici,
3119 4136 3420 4191 creatiouis

1846 4227 2058 4283 scilicet
2089 4236 2144 4282 et
2169 4228 2518 4297 cognitionis.
2554 4226 2728 4294 Quam
2752 4230 2821 4283 ob
2844 4244 3065 4283 causam
3091 4244 3287 4285 nomen
3315 4228 3420 4282 Do-

1848 4318 1980 4373 mini
2015 4318 2118 4373 hoc
2162 4318 2216 4372 in
2257 4318 2378 4372 loco
2412 4320 2576 4372 etiam
2612 4318 2943 4387 duplicatur.
2997 4317 3186 4371 Dicant
3233 4318 3419 4386 itaque

1848 4425 2039 4466 omnes
2071 4408 2313 4464 ﬁdelium
2340 4407 2599 4463 Ecclesia:
2635 4428 2650 4464 :
2690 4409 2918 4463 Domine
2960 4417 3176 4462 creator
3215 4417 3269 4460 et
3301 4408 3421 4477 opi-

1849 4501 1955 4568 fex,
1992 4499 2083 4568 qui
2134 4514 2308 4568 nuper
2355 4498 2518 4553 etiam
2554 4514 2651 4568 per
2686 4500 3050 4567 cognitionem
3088 4497 3262 4551 nostri
3311 4496 3414 4551 Do-

1852 4595 2033 4650 minus
2062 4593 2241 4647 Iactus
2262 4606 2321 4647 es
2355 4609 2370 4645 :
2403 4590 2575 4656 Quam
2612 4591 2927 4644 adntiruoilc
2950 4600 3027 4645 est
3054 4607 3239 4644 nomen
3268 4600 3419 4644 tuum

1851 4686 1909 4738 in
1937 4688 2085 4738 omni
2122 4682 2463 4752 terra,cujus
2492 4683 2608 4738 sola
2640 4684 2915 4738 invocatio
2936 4684 3214 4739 daemones
3249 4682 3421 4752 fugat,

1854 4782 2100 4831 mortuos
2162 4776 2414 4840 suscitat,
2482 4774 2837 4845 aegritudines
2897 4775 3089 4845 pellit,
3150 4774 3422 4831 elementa

1852 4875 2174 4930 commutat,
2218 4875 2274 4921 et
2321 4866 2504 4921 omnia
2557 4875 2755 4937 potest.
2798 4867 2940 4922 Alibi
2992 4881 3122 4921 vero
3177 4865 3424 4921 terribile

1854 4959 2021 5012 etiam
2074 4940 2379 5026 appellatur
2427 4971 2521 5011 seu
2568 4955 2893 5011 timendum.
2942 4955 3283 5010 Admirabile
3339 4961 3424 5008 est

1851 5049 2019 5119 igitur
2044 5047 2116 5103 ob
2150 5051 2472 5116 multagquae
2520 5063 2687 5118 supra
2737 5060 2988 5103 naturam
3040 5056 3321 5118 operatur,
3369 5051 3428 5099 et

1852 5140 2155 5196 timendum
2180 5141 2251 5195 ob
2270 5141 2597 5195 inen‘abilem
2629 5142 2749 5211 ejus
2775 5141 3104 5211 potentiam.
3138 5136 3247 5192 Sed
3272 5138 3426 5191 vides

1852 5232 2134 5301 quomodo
2172 5232 2364 5287 beatus
2386 5230 2552 5286 David
2580 5248 2641 5287 se
2671 5232 2831 5287 nobis
2868 5231 3097 5286 voluerit
3123 5242 3425 5281 connume-

1857 5337 2001 5387 rare,
2032 5323 2312 5377 communi
2348 5325 2569 5379 nomine
2611 5324 2901 5379 Dominum
2946 5330 3194 5376 nostrum
3238 5317 3427 5388 appel-

1852 5415 1997 5479 lans,
2026 5416 2334 5487 praevidens
2368 5417 2628 5472 nimirum
2665 5417 2985 5487 mysterium
3012 5422 3067 5471 et
3100 5414 3285 5480 ﬁdem,
3305 5426 3425 5483 quae

1489 5592 1692 5656 Variae
1720 5592 2049 5657 lectiones.

274 5694 373 5767 (ίο)
403 5698 526 5753 Haec
557 5698 610 5752 in
660 5696 848 5754 Graec
882 5708 1030 5754 textu

275 5766 374 5836 (il)
414 5768 484 5823 ῐσ.
516 5770 660 5839 ἢτοι,
690 5780 747 5825 ιιι
771 5771 965 5841 legisse
1007 5766 1217 5826 videtur
1246 5766 1464 5825 Saulus.
1653 5806 1663 5817 .

1148 5713 1177 5751 r
1213 5697 1695 5767 interrogationem
1726 5711 1742 5751 :
1783 5694 1890 5763 Qui
1920 5697 2055 5753 enim
2084 5695 2181 5752 hoc
2204 5694 2302 5764 fiat
2328 5695 2355 5749 7
2382 5710 2499 5749 cum
2530 5691 2819 5765 lugubrem,
2838 5699 2945 5751 etc.
