3956 6544
201 364 293 426 ι33
1330 327 1725 416 conamur.
1771 352 1853 413 IN
1894 333 2259 417 PSALMOS.

3333 354 3440 420 134

193 485 310 534 ,ιων
357 491 494 530 σου.
553 469 749 543 Πρὼην
807 437 906 543 μὲν
951 471 1059 546 γὰρ
1109 470 1179 525 τὰ
1234 471 1386 539 ἔθνη,
1433 469 1527 525 τοῦ
1554 471 1756 539 κόσμου

1869 476 2101 522 morum.
2157 469 2296 524 Olim
2348 446 2537 540 gentes
2570 470 2832 526 mundum
2860 485 2887 526 a
2922 470 3078 528 falsis
3108 485 3300 528 eorum
3337 471 3444 527 diis

196 567 411 639 ποιητὰς
453 565 578 628 τοὺς
625 563 1014 634 ψευδωνύμους
1067 563 1350 634 ὠνόμαζον
1439 561 1623 626 θεούςο
1654 559 1757 629 τῆς

201 659 445 730 ἀληθείας
498 658 554 710 δὲ
602 656 920 726 λαμψάσης,
981 657 1014 727 ἡ
1071 655 1179 709 τῶν
1211 655 1415 708 πιστῶν
1457 654 1758 722 Ἐκκλησία

195 753 378 824 φησίνο
426 747 863 818 Ἐπιγνώσομαι
927 749 1059 814 τοὺς
1100 749 1418 816 οὐρανοὺς,
1464 748 1608 816 ἔργα
1641 746 1759 799 τῶν

203 843 322 896 σῶν
349 840 685 894 δακτύλων.
707 839 1015 906 Οὐρανοὺς
1038 839 1094 891 δὲ
1120 839 1291 908 λέγει,
1321 840 1412 891 τὸν
1440 839 1496 890 ἐν
1525 839 1665 907 ἀρχῇ
1696 853 1755 888 τε

198 931 492 1002 ποιηθέντα,
538 931 630 983 καὶ
655 929 717 982 τὸ
755 931 1072 1000 στερέωμα.
1109 930 1179 981 Ἢ
1233 931 1326 983 καὶ
1375 928 1755 999 πληθυντικῶς

197 1023 337 1078 εἶπεν
361 1022 482 1075 ἀντὶ
530 1020 736 1086 ἑνικοῦ,
791 1023 935 1074 κατὰ
988 1023 1088 1092 τὴν
1131 1021 1390 1091 Ἐὅραῖδα
1451 1021 1754 1075 διάλεκτον.

199 1115 284 1168 Διὰ
345 1113 526 1181 μέντοι
569 1111 664 1164 τοῦ
697 1111 953 1182 οὐρανοῦ,
988 1112 1065 1176 ὡς
1119 1111 1491 1184 περιεκτικοῦ,
1531 1113 1624 1165 καὶ
1651 1111 1757 1183 τὴν

200 1209 250 1259 ὲν
280 1205 420 1275 μέσῳ
458 1204 641 1256 κτίσιν
692 1195 942 1273 ἐνέφηνε.
975 1205 1209 1273 Λέγουσι
1262 1205 1318 1258 δέ
1352 1222 1497 1268 τινες
1538 1206 1759 1259 Δακτύ-

199 1303 304 1352 λων
335 1299 531 1360 εἰπεῖν,
579 1295 932 1366 παραστῆσαι
979 1297 1329 1368 βουλόμενον,
1373 1297 1449 1361 ὡς
1496 1298 1634 1368 ἔργα
1659 1299 1758 1367 τῆς

202 1387 486 1456 πολλοστῆς
525 1403 620 1439 σου
647 1387 939 1456 δυνάμεως
984 1388 1343 1458 τυγχάνουσιν
1370 1390 1419 1441 oi
1449 1387 1757 1458 τηλικοῦτοι

200 1481 281 1532 καὶ
333 1477 586 1531 τοιοῦτοι.
654 1475 811 1546 Ἐμοὶ
842 1478 900 1530 δὲ
929 1477 1079 1531 δοκεῖ
1126 1478 1459 1548 ἀδιάφορον*
1520 1482 1614 1532 καὶ
1649 1480 1757 1549 γὰρ

202 1567 408 1637 ἀλλαχοῦ
449 1586 610 1640 φησι,
662 1570 772 1623 Kal.
807 1570 952 1640 ἔργα
991 1570 1108 1624 τῶν
1128 1570 1343 1640 χειρῶν
1374 1588 1492 1626 σου
1517 1572 1676 1626 εἰσὶν
1705 1575 1758 1626 el

201 1662 440 1729 οὐρανοὶ,
499 1661 779 1729 σελήνην
819 1663 917 1717 καὶ
956 1663 1219 1730 ἀστέρας
1267 1662 1304 1718 ἃ
1334 1663 1415 1716 σὺ
1456 1664 1758 1733 ἐθεμελίωο

200 1772 315 1818 σας.
361 1754 607 1822 Οὐρανοῦ
641 1755 926 1823 μνησθεὶς,
966 1758 1060 1809 καὶ
1102 1756 1194 1809 τὸν
1236 1757 1330 1809 τοῦ
1367 1757 1600 1828 οὐρανοῦ
1657 1757 1752 1810 x6-

1859 555 2059 611 l'aetum
2127 574 2250 612 esse
2299 559 2710 616 arbitrabantur
2747 561 2882 632 (42);
2942 563 3035 618 sed
3099 561 3190 617 ubi
3243 561 3442 618 claruit

1857 649 2076 712 vet-itas,
2098 648 2335 704 Ecclesia
2372 650 2606 705 fidelium
2627 654 2825 708 cecinit
2862 669 2877 708 :
2904 652 3112 708 Videbo
3137 653 3439 721 ταξιοεῄαυί

1856 737 2143 808 digitorum
2165 751 2383 796 tuorum
2404 759 2540 813 opus
2562 756 2710 800 sunt.
2729 745 3122 810 Ctelosautem,
3147 749 3344 802 caelum
3369 747 3445 816 ip-

1857 845 1976 883 sum
2004 831 2312 900 appellarit,
2333 836 2477 903 quod
2510 835 2666 889 initio
2689 836 2890 892 factum
2920 847 3024 901 est,
3046 847 3099 893 et
3125 842 3442 893 ﬁrmamen-

1859 929 1993 975 tum.
2030 919 2124 976 γει
2165 922 2361 992 plurali
2388 940 2619 980 numero
2651 942 2750 997 pro
2781 929 3048 998 singulari
3083 928 3440 985 Hebraeorum

1860 1027 2008 1066 more
2048 1029 2182 1070 usus
2215 1024 2321 1071 est.
2366 1015 2430 1069 Et
2482 1017 2612 1072 dum
2668 1020 2868 1074 cmlum
2917 1020 3052 1076 dicit
3084 1037 3194 1090 quo
3253 1023 3438 1076 omnia

1858 1104 2320 1172 complectuntur.
2359 1115 2587 1164 ett-teras
2624 1121 2910 1166 creaturas
2943 1129 3064 1182 quae
3123 1118 3174 1169 in
3227 1115 3436 1170 mundo

1859 1203 1997 1248 sunt
2058 1197 2527 1265 comprehendere
2590 1199 2753 1255 etiam
2792 1202 3030 1258 videtur.
3081 1203 3280 1262 Dicunt
3311 1207 3437 1277 qui-

1859 1288 1983 1339 dam
2065 1287 2188 1340 ideo
2255 1289 2463 1344 dixisse
2515 1289 2690 1360 Opera
2748 1293 3036 1362 digitorum
3099 1308 3330 1365 tuarum,
3383 1307 3441 1352 ιιι

1861 1385 2007 1432 tanta
2049 1393 2112 1432 ac
2169 1380 2297 1434 talia
2335 1383 2603 1436 elementa
2656 1400 2685 1438 a
2716 1386 2958 1440 'minima
2991 1388 3191 1444 divina:
3251 1402 3441 1460 poten-

1861 1471 1947 1526 tiae
1999 1473 2264 1540 particula
2327 1473 2469 1527 facta
2529 1473 2702 1530 fuisse
2736 1478 3098 1546 signiﬁcaret.
3146 1481 3259 1551 Ego
3302 1498 3433 1538 vero

1859 1561 2186 1631 Prophetam
2220 1575 2349 1633 puto
2399 1565 2778 1622 indiﬂ'erenter
2823 1585 2982 1622 usum
3044 1571 3150 1624 hoc
3182 1572 3437 1640 loquendi

1862 1657 2043 1720 modo,
2072 1672 2197 1710 cum
2245 1658 2373 1711 alibi
2421 1659 2586 1712 etiam
2629 1659 2824 1715 dicat:
2862 1661 2928 1715 Et
2977 1677 3136 1730 opera
3185 1679 3440 1718 manuum

1865 1757 2080 1800 tuarum
2138 1759 2260 1801 sunt
2302 1749 2418 1803 ειπεΙὶ
2453 1751 2519 1804 ³³.
2558 1781 2628 1792 -—
2653 1752 2860 1806 Lunam
2911 1765 2960 1806 et
2995 1755 3200 1819 stellas,
3228 1771 3345 1824 qua:
3385 1765 3442 1808 tu

201 1858 315 1911 eam
345 1844 731 1913 προσέθηκεν,
785 1846 867 1898 ὅτι
938 1845 997 1899 σὲ
1072 1844 1448 1916 ἐπιγνώσομαι
1527 1847 1754 1917 ποιητὴν

1860 1839 2126 1906 fundasti.
2166 1839 2304 1894 Cum
2336 1841 2460 1894 εωΙί
2493 1842 2825 1906 meminerit,
2863 1843 3011 1899 illius
3062 1813 3250 1898 etiam.
3287 1844 3440 1923 addit

197 1939 277 1988 καὶ
322 1938 428 1989 τῶν
468 1937 738 2009 ἀστέρων.
795 1939 908 2008 Τὴν
944 1939 1179 2009 σελήνην
1203 1939 1259 1992 δὲ
1290 1939 1480 2004 τάξας,
1521 1939 1581 1991 οὐ
1611 1957 1754 2008 παρ-

196 2029 281 2095 ῆκε
315 2029 401 2080 τὸν
448 2030 636 2100 ἥλιον⁹
690 2028 828 2084 ἀλλὰ
879 2028 950 2083 δι’
991 2030 1163 2099 αὐτῆς
1201 2029 1436 2101 ἐδήλωσε
1481 2032 1754 2086 κάκεῖνον.

207 2119 399 2190 Ἐπειδὴ
432 2123 544 2191 γὰρ
567 2122 658 2175 ὑπ’
695 2122 906 2175 ἐκείνου
927 2121 1066 2192 αὐτὴ
1095 2121 1408 2191 φωτίζεται,
1433 2122 1526 2174 καὶ
1551 2139 1759 2192 συνημ-

201 2215 353 2281 μὲνως
381 2213 556 2281 ἄμφω
583 2216 649 2283 τῇ
691 2213 892 2279 γνώσει
933 2215 1042 2266 τῶν
1075 2213 1378 2283 ἀνθρώπων
1400 2213 1715 2280 σύγκεινται
1741 2228 1759 2244 ο

197 2301 305 2363 δυὰς
331 2307 442 2370 γὰρ
469 2303 579 2355 τῶν
613 2305 866 2373 μεγάλων
898 2305 1017 2358 ἐστὶ
1067 2306 1373 2374 φωστήρων
1393 2321 1409 2336 ·
1443 2304 1538 2358 καὶ
1588 2303 1749 2356 Θατέ-

199 2411 277 2462 pou
297 2393 375 2457 τὶς
411 2395 694 2463 μνησθεὶς.
727 2397 822 2448 καὶ
845 2395 1070 2466 Θάτερον
1097 2394 1342 2462 συνάγει.
1397 2393 1660 2463 Ἀλλαχοῦ
1697 2394 1754 2447 δὲ

201 2486 339 2555 μόνον
372 2485 557 2554 τίθησι
581 2485 674 2537 τὴν
705 2486 884 2556 ἣλιον·
929 2487 999 2539 Σὺ
1040 2488 1168 2556 γὰρ,
1222 2485 1377 2554 φησὶ,
1412 2485 1753 2554 κατηρτίσω

199 2578 404 2644 statim?
434 2578 532 2630 καὶ
566 2575 766 2644 ἥλιον,
795 2577 868 2640 ὡς
897 2577 991 2631 καὶ
1027 2579 1194 2648 ἄμφω
1217 2576 1284 2630 δι’
1319 2577 1569 2640 ἀλλήλων
1595 2593 1751 2629 νοου-

201 2670 374 2738 μένων.
422 2671 490 2725 'A
521 2669 598 2733 δὲ,
625 2670 876 2724 τουτέστι
902 2670 970 2724 τὰ
999 2671 1196 2738 ἄστρα,
1229 2670 1262 2739 ἢ
1291 2672 1358 2724 τὰ
1391 2669 1546 2742 ἔργα.
1597 2667 1752 2723 Ἐθε-

194 2762 476 2827 μελίωσας
503 2761 583 2822 δὲ,
616 2761 741 2815 ἀντὶ
767 2761 863 2814 τοῦ
894 2761 1123 2832 ἔπηξας,
1159 2761 1425 2831 ήδρασας,
1475 2759 1551 2824 ὡς
1588 2761 1753 2831 μηδέ-

202 2869 309 2905 ποτε
335 2853 446 2906 τῶν
507 2855 912 2924 ἀφωρισμένων
964 2854 1144 2908 τόπων
1191 2855 1513 2917 ἐκπίπτειν,
1571 2853 1750 2906 καίτοι

197 2943 594 3014 ἐπικρεμάμενα
606 2982 621 2996 .

1856 1944 2176 1989 ornamenta
2212 1950 2226 1985 :
2263 1935 2360 1999 'l‘e,
2399 1935 2598 2004 inquit,
2632 1951 2960 2007 cognoscam
3011 1939 3271 1993 laetOrem
3302 1938 3439 1994 stel-

1860 2027 2058 2079 larum.
2118 2024 2298 2081 Solem
2361 2042 2490 2083 vero
2545 2030 2968 2097 praetermisisse
3031 2047 3141 2085 non
3201 2031 3436 2096 videtur,

1859 2114 1986 2170 dum
2018 2114 2202 2170 lunam
2243 2129 2632 2172 commemorat
2663 2133 2678 2172 :
2715 2119 2963 2188 quiuimo
2993 2129 3046 2174 et
3085 2120 3218 2174 solis
3251 2121 3415 2174 memi

1864 2207 2012 2262 nisse
2041 2209 2370 2262 credendum
2415 2218 2520 2273 est,
2572 2209 2716 2265 lunae
2745 2213 3007 2265 memoria
3060 2227 3181 2282 qua:
3223 2213 3293 2267 ab
3318 2213 3441 2282 ipso

1857 2299 1970 2354 sole
2015 2299 2358 2355 illutuinatur
2391 2318 2404 2354 :
2437 2317 2560 2356 cum
2616 2310 2851 2372 uterque
2903 2305 3206 2375 cognitioni
3262 2305 3440 2358 homi-

1856 2405 1988 2444 num
2013 2391 2347 2459 conjunctim
2374 2392 2657 2446 inhaereat.
2695 2391 2811 2448 Duo
2840 2394 3042 2464 Quippe
3077 2405 3208 2448 sunt
3242 2407 3439 2464 magna

1857 2480 2178 2545 luminaria,
2212 2496 2446 2550 quorum
2478 2485 2569 2552 qui
2614 2482 2845 2537 alterius
2882 2483 3156 2548 meminit,
3203 2484 3435 2539 alterum

1858 2573 2023 2627 simul
2061 2572 2388 2628 introducit.
2455 2572 2611 2628 Unde
2663 2575 2794 2628 alibi
2829 2575 2965 2630 solis
3005 2583 3218 2630 tantum
3246 2575 3435 2631 memi-

1859 2665 1962 2729 nit,
2014 2665 2237 2734 quando
2270 2665 2346 2718 ait
2380 2683 2392 2717 :
2427 2664 2504 2718 Tu
2551 2664 2848 2735 fabricatus
2884 2683 2938 2720 es
2975 2682 3227 2720 auroram
3261 2677 3311 2720 et
3349 2684 3439 2721 so-

1860 2755 1960 2809 lem
1985 2755 2054 2821 “,
2093 2758 2250 2826 quasi
2307 2772 2402 2826 per
2446 2755 2678 2811 alterum
2738 2764 3035 2827 utrumque
3073 2757 3436 2828 intelligatur.

1859 2848 2123 2918 Sequitur
2155 2869 2167 2902 :
2203 2848 2335 2915 Qua:
2384 2862 2439 2902 tu
2470 2849 2717 2918 fundasti
2759 2863 2778 2903 :
2817 2865 2934 2918 qua
2963 2861 3108 2904 astra
3155 2849 3437 2914 nimirum,

1856 2941 1938 2995 vel
1972 2955 2136 3010 opera
2191 2949 2251 2994 tu
2316 2940 2604 2996 fuitttlasti:
2639 2941 2693 2996 id
2742 2949 2848 3007 est,
2899 2941 3140 3008 tinxisti;
3187 2941 3439 2998 stabiliin

199 3036 258 3089 ila
292 3046 344 3090 ut
377 3039 634 3092 decidere
684 3052 793 3090 non
835 3037 1074 3101 valeant,
1106 3044 1200 3091 aut
1231 3036 1498 3091 dimoveri
1535 3052 1566 3090 e
1603 3037 1747 3102 loco,
1788 3036 1882 3091 ubi
1915 3045 2087 3106 perte
2118 3035 2388 3091 collocata
2423 3046 2576 3103 sunt,
2603 3035 2823 3092 tametsi
2887 3052 2951 3092 ea
2988 3054 3231 3111 appensa
3298 3055 3438 3114 quo-

197 3130 465 3187 dammodo
490 3147 610 3186 ease
639 3133 948 3185 videantur.

259 3225 345 3289 Τίς
408 3227 584 3279 ἐστιν
635 3227 940 3295 ἄνθρωπος
999 3225 1086 3278 ὅτι
1129 3223 1448 3293 μιμνήσκῃ
1484 3223 1756 3291 αὑτοῦ,ῆ

1939 3215 2105 3271 Vens.
2142 3215 2197 3269 5.
2250 3216 2394 3282 Quid
2421 3226 2498 3270 est
2523 3217 2677 3272 homo
2706 3219 2848 3289 quod
2879 3235 3078 3273 memor
3107 3235 3160 3275 es
3184 3220 3322 3290 ejus.
3347 3231 3441 3278 aut

197 3316 304 3383 υἱὸς
325 3317 664 3384 ἀνθρώπου,
701 3317 790 3371 ὅτι
837 3315 1172 3382 ἐπισκέπτῃ
1207 3315 1429 3374 αὐτόν;
1463 3315 1568 3366 Καὶ
1598 3312 1758 3366 τοῦτο

195 3409 271 3460 διὰ
302 3411 398 3478 τὴν
424 3408 834 3479 ὲνανθρώπησιν
879 3409 1122 3479 εῐρηκεν,
1147 3404 1510 3477 προεγνωκὼς
1540 3403 1600 3457 τὸ
1621 3405 1754 3457 ταύ-

197 3484 285 3569 της
315 3503 643 3571 μυστήριονο
699 3499 766 3552 Τί
828 3502 958 3571 γὰρ,
1009 3501 1166 3568 φησι,
1225 3497 1481 3551 τοσοῦτόν
1525 3500 1673 3550 ἐστιν
1722 3499 1748 3548 ὁ

199 3591 485 3663 ἄνθρωπος,
537 3593 619 3646 ὅτι
653 3592 1086 3662 ἀφηνιάσαντος,
1122 3591 1218 3642 καὶ
1269 3587 1370 3657 τὴν
1411 3588 1510 3660 σὴν
1553 3589 1749 3642 δεσπο-

193 3683 329 3736 τείαν
373 3686 754 3754 ἀγνοήσαντος,
803 3682 951 3735 ἔλεον
977 3682 1141 3735 αὑτοῦ
1177 3680 1507 3750 λαμϐάνειςς
1556 3680 1751 3749 Ἑσχη-

197 3777 438 3844 μάτισται
478 3778 507 3830 ὁ
561 3777 718 3845 λόγος
773 3777 838 3829 ἐκ
900 3776 1217 3845 μεταφορᾶς
1285 3773 1394 3826 τῶν
1455 3773 1750 3826 ἐπιλανθα-

197 3867 432 3936 νομένων
459 3865 628 3931 τινος,
682 3862 798 3919 εἶτα
841 3865 1032 3937 μνείαν
1060 3863 1226 3917 αὑτοῦ
1270 3863 1362 3916 διὰ
1408 3860 1752 3932 συμπαθείας

195 3958 319 4009 ποτὲ
342 3957 752 4027 λαμδανόντων·
799 3957 895 4010 καὶ
925 3954 984 4007 οὐ
1041 3954 1198 4007 τοῦτο
1243 3954 1426 4023 μόνον,
1465 3951 1602 4006 ἀλλὰ
1655 3951 1750 4004 καὶ

195 4047 346 4109 αὐτὸς
394 4049 469 4107 εἰς
521 4045 813 4115 ἀντίληψιν
857 4042 1256 4113 παραγίνεταιο
1291 4040 1449 4093 τοῦτο
1481 4039 1590 4108 γὰρ
1629 4037 1750 4090 ἐπί-

198 4137 392 4204 σκεψις.
423 4135 558 4188 Οὔτε
583 4138 693 4206 γὰρ
719 4135 970 4203 ἄγγελος,
1021 4134 1084 4186 οὐ
1139 4130 1405 4202 πρέσϐυς,
1439 4130 1556 4183 ἀλλ’
1589 4128 1751 4191 αὐτὸς

195 4227 430 4297 όΚύριος
473 4227 670 4288 ἐλθὼν,
713 4229 921 4280 ἔσωσεν
967 4225 1136 4295 ἡμᾶς.
1177 4223 1242 4276 Ti
1321 4222 1455 4290 γοῦν
1493 4218 1750 4274 τοσοῦτόν

199 4319 334 4369 ἐστιν
355 4319 661 4387 ἄνθρωπος,
695 4320 781 4370 ἶνα
810 4319 986 4370 ταῦτα
1033 4316 1102 4370 δι’
1135 4315 1300 4368 αὑτὸν
1349 4315 1608 4382 γένηται;
1657 4312 1751 4364 καὶ

201 4413 450 4466 πσῦντων
486 4415 586 4481 μὲν
636 4412 909 4481 ἀγγέλων,
949 4412 1105 4464 οὐδὲν
1157 4410 1423 4474 τοιοῦτον,
1456 4407 1748 4479 ἐποίησας’

1863 3309 2008 3377 [ilius
2066 3307 2295 3361 hominis
2349 3307 2601 3375 quoniam
2659 3309 2844 3362 visitas
2903 3309 3064 3362 cum?
3113 3307 3237 3364 Haec
3267 3311 3434 3367 etiam

1865 3408 2087 3469 propter
2146 3398 2582 3452 lncarnationem
2639 3397 2787 3453 dicta
2844 3406 2995 3454 sunt.
3069 3397 3477 3457 Praenoscens‘

1859 3489 2003 3544 cuitu
2065 3487 2337 3556 Propheta
2399 3487 2544 3542 illius
2603 3488 2923 3558 mysterium
2965 3489 3177 3556 :Quid,
3235 3491 3436 3562 inquit,

1860 3581 1996 3635 tanti
2031 3587 2116 3636 est
2166 3579 2350 3643 homo,
2387 3589 2444 3633 ut
2491 3595 2617 3634 cum
2654 3581 2874 3636 rebellis
2907 3597 2938 3636 ι
2973 3591 3028 3638 te
3056 3582 3238 3639 factus
3259 3585 3356 3649 sit,
3381 3593 3438 3639 et

1859 3674 2144 3742 imperium
2174 3681 2329 3725 tuum
2367 3671 2776 3738 detrectat-erit,
2810 3682 2866 3727 tu
2923 3681 3108 3728 tamen
3135 3674 3285 3731 illius
3334 3676 3437 3730 mi-

1859 3762 2137 3820 serearis?
2162 3762 2255 3816 Est
2283 3770 2465 3816 autem
2487 3763 2574 3816 hic
2605 3777 2788 3817 sermo
2812 3763 3244 3834 metaphoricus,
3269 3774 3434 3836 atque

1859 3857 1928 3910 ab
1955 3871 2146 3910 eorum
2189 3868 2424 3924 persona
2465 3855 2787 3919 translatus,
2845 3859 2936 3925 qui
2994 3849 3149 3910 certo
3190 3866 3435 3926 tempore

1858 3947 2168 4018 cujuspiam
2197 3947 2354 4000 obliti
2384 3954 2538 4011 sunt,
2568 3957 2622 3999 et
2641 3946 2838 4001 deinde
2857 3948 3245 4017 eompassione
3274 3949 3432 4013 moti,

1857 4041 1980 4110 ejus
2015 4040 2451 4094 reminiscuotur
2490 4053 2503 4090 :
2555 4053 2656 4092 nec
2701 4048 2913 4092 tantum
2978 4039 3433 4105 reminiseuntur,

1858 4135 1952 4188 sed
2005 4133 2059 4186 in
2119 4131 2268 4186 illius
2300 4129 2561 4184 auxilium
2603 4137 2658 4184 et
2693 4128 3070 4185 defensionem
3116 4132 3281 4186 etiam
3319 4147 3436 4185 mo-

1855 4233 2071 4280 ventur.
2114 4223 2177 4277 Et
2205 4225 2318 4277 hac
2333 4232 2418 4278 est
2438 4221 2676 4276 visitatio
2693 4236 2856 4290 quam
2885 4222 3040 4277 dicit.
3063 4220 3254 4293 Neque
3284 4224 3431 4277 enim

1857 4317 2087 4386 angelus
2110 4316 2333 4384 aliquis,
2368 4327 2464 4368 aut
2495 4313 2733 4382 legatus,
2763 4312 2861 4367 sed
2889 4313 3121 4382 ipsemet
3167 4312 3434 4366 Dominus

1859 4424 1952 4478 per
1983 4423 2042 4462 se
2070 4408 2297 4461 veniens
2351 4405 2582 4460 salvavit
2611 4418 2713 4458 nos
2753 4402 2816 4456 ⁸⁸.
2879 4402 3020 4468 Quid
3073 4404 3239 4473 igitur
3276 4405 3420 4458 tanti

1857 4506 1940 4552 est
1969 4498 2152 4559 homo,
2181 4504 2238 4549 ut
2267 4506 2488 4564 propter
2521 4496 2695 4558 illum,
2719 4494 2835 4548 btet:
2888 4494 3002 4547 ﬁeri
3046 4495 3322 4549 debeant?
3360 4494 3429 4548 Et

201 4503 285 4555 τοῦ
309 4503 585 4574 ἀνθρώπου
616 4505 672 4557 δὲ
700 4493 979 4567 πεσόντος,
1024 4504 1103 4564 εἰς
1135 4501 1234 4570 τὴν
1264 4500 1540 4571 ἡμετέραν
1584 4496 1750 4571 ἦλθες

202 4571 458 4661 ἐσχατιάν.
502 4594 824 4663 Ἀνθρωπος
879 4593 958 4655 δὲ,
1014 4594 1110 4645 καὶ
1142 4592 1280 4654 ,υἱὸς
1334 4589 1647 4661 ἀνθρώπου,
1685 4589 1746 4643 τὸ

1860 4605 1981 4644 cum
2012 4587 2194 4656 angeli
2231 4587 2454 4656 quidem
2488 4586 2846 4647 cecidissent,
2871 4593 2932 4640 tu
2967 4585 3103 4639 nihil
3154 4586 3432 4655 ejusmodi

203 4685 320 4738 αὐτὸ
347 4685 592 4756 δηλοῦσιν
623 4688 688 4738 ὲκ
713 4665 1088 4754 παραλληλουο
1135 4683 1230 4737 καὶ
1259 4681 1496 4752 συνήθης
1527 4684 1556 4734 ὁ
1586 4681 1756 4745 τύπος

1860 4680 2062 4742 fecisti,
2089 4680 2142 4733 in
2195 4679 2434 4734 hominis
2463 4688 2645 4734 autem
2676 4680 2836 4732 ruina
2866 4688 2920 4734 et
2963 4693 3121 4745 casu,
3148 4681 3215 4734 ad
3251 4694 3433 4734 estre-

204 4790 342 4838 ουτος
387 4779 536 4847 παρὰ
566 4780 634 4847 τῇ
683 4775 934 4846 Παλαιᾷο
965 4775 1113 4827 δοκεῖ
1159 4775 1268 4843 γὰρ
1311 4772 1646 4844 περίφρασις
1698 4771 1756 4825 τὸ

1860 4785 2002 4825 mam
2035 4770 2175 4826 hanc
2205 4770 2569 4840 dejectionem
2624 4771 2982 4828 descendisti.
3035 4771 3210 4827 Homo
3249 4783 3431 4828 autem

208 4865 306 4927 oio;
331 4866 639 4938 ἀνθρώπου,
669 4864 906 4920 avem;
929 4865 1263 4933 ἄνθρωπος.

1860 4869 1910 4916 et
1943 4863 2086 4918 illius
2131 4862 2374 4919 hominis
2406 4863 2548 4919 idem
2581 4879 2735 4934 aeque
2791 4864 3154 4935 signiﬁcant;
3184 4866 3429 4920 circum-

1854 4953 2002 5023 loqui
2038 4962 2220 5010 tamen
2246 4971 2389 5026 saepe
2415 4957 2496 5011 sic
2523 4957 2661 5013 solet
2685 4957 2988 5029 Scriptura,
3016 4967 3074 5011 ut
3097 4972 3196 5028 pro
3219 4960 3437 5013 homine

1854 5043 2022 5098 lilium
2052 5046 2289 5101 hominis
2316 5047 2480 5100 dicat.

1927 5129 2088 5186 Vens.
2116 5133 2172 5188 6.
2211 5133 2454 5190 Minuisti
2481 5152 2600 5190 eum
2631 5138 2891 5191 modicum
2924 5137 3050 5207 quid
3102 5136 3168 5190 ab
3199 5137 3422 5206 angelis.

209 5223 470 5296 Μέμνηται
520 5226 618 5280 καὶ
668 5227 776 5280 τῶν
819 5226 883 5291 ἑξ
907 5227 1082 5298 ἀρχῆς
1136 5223 1492 5296 εὐεργεσιῶν,
1532 5222 1642 5275 τῶν
1671 5225 1752 5286 εἰς

1860 5223 2220 5294 Antiquorum
2280 5228 2676 5284 beneficiorum
2722 5229 2971 5284 meminit
2999 5245 3122 5299 qua:
3169 5229 3222 5282 in
3255 5229 3434 5282 homi-

208 5314 284 5366 τὸν
309 5315 609 5387 ἄνθρωπον.
630 5317 898 5381 Πλασθεὶς
929 5319 1060 5388 γὰρ,
1083 5315 1260 5387 βραχύ
1281 5333 1336 5369 τι
1359 5316 1468 5368 τῶν
1497 5315 1746 5383 ἀγγέλων

1860 5329 1977 5368 nem
2011 5318 2211 5371 collata
2259 5328 2408 5374 sunt.
2437 5317 2670 5374 Creatus
2723 5321 2870 5375 enim
2929 5320 3092 5373 homo
3146 5318 3425 5372 modicum

209 5405 508 5475 ἠλάττωται,
534 5409 628 5464 διὰ
679 5408 781 5480 τὴν
827 5410 1152 5480 συμπλοκὴν
1197 5409 1295 5462 τοῦ
1342 5406 1621 5478 σώματος,
1655 5406 1752 5458 καὶ

1861 5408 1993 5476 quid
2025 5409 2094 5464 ab
2124 5411 2334 5482 angelis
2382 5411 2688 5469 minoratus
2720 5420 2824 5478 est,
2858 5422 3080 5482 propter
3134 5413 3436 5483 complicav

269 5547 308 5578 ”
341 5547 479 5604 Psal.
509 5564 584 5614 CI,
622 5547 713 5601 26.
758 5546 804 5579 "'
839 5547 983 5602 Psal.
1014 5560 1207 5610 uxm,
1241 5543 1330 5599 16.
1415 5542 1462 5574 ⁸³
1492 5541 1595 5596 lsa.
1623 5555 1777 5602 um,
1804 5539 1859 5594 9.

1492 5631 1686 5695 Varite
1730 5628 2062 5691 lectiones.

213 5743 373 5875 HEC)
401 5743 586 5801 Gratce
619 5741 925 5814 ὠνόμαζον,
980 5738 1347 5805 nominabant,
1380 5735 1506 5791 cteli
1543 5731 1752 5789 scilicet

239 5831 260 5865 ν
291 5830 342 5870 μι
375 5831 450 5869 ον.

1860 5738 2057 5794 ctores,
2091 5743 2190 5798 pro
2218 5743 2327 5800 quo
2358 5726 2585 5784 Latinus
2622 5725 2891 5799 interpres
2950 5727 3152 5799 legisse
3219 5728 3435 5800 videtur

239 5830 450 5870 νομιςον.

287 5133 646 5199 Πλὰττωσας
680 5132 870 5186 αὑτὸν
915 5132 1117 5202 ,ϐραχύ
1166 5149 1222 5185 τι
1251 5129 1393 5199 παρ’
1432 5129 1752 5200 ἁγγέλιευς.
