3956 6548
468 323 572 387 135
1663 318 2052 382 EUTHYMII
2101 312 2469 375 ZIGABENI
3614 308 3727 374 136

448 435 656 490 tionem
688 403 965 507 corporis,
991 439 1049 490 et
1090 433 1197 490 alia
1228 446 1348 505 qua:
1378 431 1448 489 ad
1477 446 1680 505 corpus
1733 436 2029 506 pertinent.

2145 432 2215 484 τὰ
2249 432 2313 484 ἐκ
2341 429 2438 483 τοῦ
2467 427 2720 498 σώματος
2747 442 2761 457 ·
2817 426 3092 483 καὶτοῦτο
3116 425 3196 493 δὲ,
3228 425 3351 480 κατ’
3378 425 3729 498 οἰκονομίαν,

447 528 630 598 Atque
677 529 781 585 hoc
832 543 966 584 sane
1025 541 1220 597 magna
1278 540 1404 581 cum
1463 527 1926 598 dispensatione:
1972 534 2029 581 ut

2143 521 2252 586 ἵνα,
2286 521 2416 574 ὅταν
2456 519 2757 591 ὲπαίρηται
2786 519 2876 573 διὰ
2917 518 3009 572 τὸν
3050 516 3200 581 νοῦν,
3227 515 3591 583 συστέλληται
3630 516 3730 569 διὰ

450 621 672 687 qu0ties
724 627 951 688 propter
1011 615 1349 670 intellectum
1407 617 1807 680 extolleretur,
1867 617 2029 672 toties

2139 613 2231 666 τὸν
2263 612 2407 683 χοῦν.
2470 611 2534 666 Ei
2588 613 2699 684 γὰρ
2738 613 2835 666 καὶ
2856 611 3112 682 σώματος
3144 610 3486 682 βριθόμενος,
3520 607 3732 674 ἀλαζοο

452 711 863 780 deprimeretur
892 716 1060 779 atque
1086 707 1474 762 humiliaretur
1522 717 1746 780 propter
1797 717 2026 763 terram.

448 803 582 856 Nam
610 805 654 859 si
689 803 743 857 in
777 801 1068 872 praesentia
1108 814 1232 854 cum
1266 813 1498 868 corpore
1541 812 1855 870 gravamur,
1889 797 2027 852 adeo

2138 707 2359 761 νεύεται
2407 706 2700 774 τοσοῦτον,
2763 705 2847 769 τίς
2895 705 2964 760 ἂν
3001 698 3070 776 ἦν
3134 702 3555 773 πολιτευόμενος
3602 701 3733 768 δίχα

2137 798 2392 868 σώματος
2415 815 2431 866 ;

449 895 768 950 cxtollimur
815 901 871 948 et
921 891 1244 964 gloriamur,
1307 890 1440 961 quid
1486 890 1918 947 existimandum
1958 901 2045 945 est
2085 888 2329 946 facturos
2356 889 2620 956 tuisse,si
2659 889 2868 960 ahsque
2905 902 3138 961 corpore
3199 888 3362 944 nobis
3426 886 3730 944 vivendum

447 995 590 1042 esset
610 986 633 1038 ?

520 1079 704 1134 Gloria
729 1088 777 1134 et
809 1081 1004 1133 honore
1032 1079 1302 1133 coronasti
1351 1094 1492 1132 eum.
1554 1075 1763 1142 Gloria,
1797 1076 1927 1147 quia
1961 1076 2028 1132 ad

451 1177 746 1241 imaginem
780 1182 833 1226 et
856 1171 1274 1226 similitudinem
1303 1170 1398 1224 Dei
1429 1169 1612 1224 iactus
1631 1178 1717 1225 est
1749 1185 1762 1221 :
1801 1169 2030 1234 honore,

450 1269 576 1337 quia
601 1267 784 1319 omnia
817 1265 865 1318 ei
895 1262 1144 1332 subjecta
1178 1273 1309 1317 sunt
1357 1262 1678 1315 animantia.

526 1356 694 1412 Vens.
719 1357 772 1409 7.
822 1354 886 1408 Et
915 1354 1242 1408 constituisti
1266 1369 1384 1406 eum
1415 1369 1576 1422 super
1606 1369 1764 1421 opera
1785 1368 2038 1406 manuum

454 1461 689 1504 tuarum.
729 1448 953 1517 Elegisti
985 1462 1107 1502 eum
1151 1445 1206 1500 in
1257 1462 1436 1515 regem
1495 1446 1664 1501 totius
1708 1455 1971 1500 creaturae
2015 1461 2030 1500 :

453 1542 683 1598 Crescite
715 1542 884 1605 enim,
943 1539 1144 1608 inquit,
1171 1546 1223 1592 et
1260 1537 1714 1604 multiplicamini,
1747 1547 1794 1591 et
1841 1535 2033 1606 replete

456 1646 675 1694 terram.
699 1645 748 1688 et
783 1631 1136 1688 dominamini
1170 1632 1220 1686 ei
1248 1630 1318 1687 ⁸⁸.

2202 1076 2361 1144 Δόξη
2395 1074 2495 1129 καὶ
2525 1073 2668 1144 τιμῇ
2692 1072 3128 1142 ἐστεφάνωσας
3177 1072 3385 1127 αὐτόν.
3423 1069 3563 1142 Δόξα
3597 1070 3728 1140 μὲν,

2128 1169 2217 1224 διὰ
2251 1169 2311 1222 τὸ
2353 1167 2476 1221 κατ’
2511 1167 2696 1220 εἰκόνα
2744 1165 2881 1220 Θεοῦ
2916 1166 3209 1234 γενέσθαι·
3238 1167 3372 1235 τιμῇ
3397 1164 3477 1230 δὲ,
3511 1164 3603 1217 διὰ
3622 1164 3732 1233 τὴν

2132 1262 2270 1329 πρὸς
2299 1263 2462 1316 αὐτὸν
2495 1259 2775 1330 ὑποταγὴν
2799 1258 2909 1312 τῶν
2948 1257 3103 1321 ζώων
3146 1259 3427 1312 ἁπάντων.

2206 1351 2597 1418 Κατέστησας
2665 1350 2854 1403 αὑτὸν
2893 1348 2992 1400 ἐπὶ
3032 1345 3099 1399 τὰ
3134 1347 3276 1413 ἔργα
3326 1343 3447 1400 τῶν
3506 1348 3732 1417 χειρῶν

2140 1459 2282 1501 σου.
2327 1443 2773 1514 Ἐχειροτόνησας
2799 1441 2962 1494 αὑτὸν
2992 1438 3219 1509 βασιλέα
3241 1455 3340 1507 της
3370 1437 3626 1504 κτίσεως,
3659 1440 3731 1511 ἢν

2140 1535 2440 1606 ἐποίησας·
2485 1532 2788 1598 Abl-(eiram
2843 1532 2977 1601 γὰρ,
3020 1529 3118 1584 καὶ
3179 1531 3590 1597 πληθύνεσθε,
3623 1530 3731 1584 καὶ

2139 1623 2498 1692 πληρώσατε
2548 1622 2665 1692 τὴν
2707 1623 2846 1692 γῆν,
2901 1621 2999 1675 καὶ
3055 1619 3569 1686 κατακυριεύσατε
3613 1620 3731 1675 αὑ-

2137 1734 2271 1786 της.

527 1806 692 1861 Vens.
739 1808 796 1862 8.
857 1806 1051 1860 Omnia
1137 1806 1409 1876 subjecisti
1477 1806 1604 1859 sub‘
1623 1805 1840 1875 pedibus
1889 1805 2029 1874 ejus,

2205 1808 2411 1864 Πάντα
2438 1806 2746 1874 ὑπέταξας
2795 1802 3074 1860 ὑποκάτω
3124 1802 3244 1856 τῶν
3265 1801 3470 1856 ποδῶν
3501 1800 3727 1864 αὐτοῦ,

452 1917 566 1955 oves
599 1911 645 1954 et
677 1899 827 1956 boves
869 1902 1161 1965 universas,
1211 1899 1428 1962 insuper
1491 1909 1540 1952 et
1566 1914 1757 1967 pecora
1812 1899 2030 1967 campi:

453 1995 686 2048 uolucres
742 1993 901 2057 τωιε,
968 2002 1018 2046 et
1079 1993 1246 2059 pisces
1315 1991 1501 2055 maris,
1563 2007 1681 2060 quae
1749 1990 2033 2060 perambu-

455 2087 571 2140 lant
605 2087 822 2140 semitas
855 2085 1044 2138 maris.
1088 2085 1202 2138 Hoc
1230 2082 1392 2138 etiam
1415 2097 1480 2136 ex
1516 2082 1717 2138 Genesi
1753 2093 2030 2153 sumptum

451 2188 558 2234 est.
599 2176 982 2240 Dominamini,
1038 2175 1236 2244 inquit,
1287 2175 1521 2244 piscibus
1577 2174 1762 2237 maris,
1808 2182 1858 2225 et
1887 2173 2035 2226 volu-

456 2270 638 2322 cribus
701 2269 840 2330 caeli,
887 2277 937 2321 et
998 2268 1240 2320 omnibus
1293 2266 1590 2335 pecoribus,
1635 2275 1685 2320 et
1740 2266 1883 2320 omni
1924 2275 2032 2320 ter-

453 2373 528 2412 ra
576 2359 642 2412 ⁸⁷.
715 2357 962 2426 Cumque
1047 2356 1317 2428 Propheta
1409 2357 1496 2413 hic
1557 2358 1739 2413 omnia
1813 2357 2033 2423 dixerit,

452 2448 806 2519 postmodum
844 2448 1157 2519 distinguit.
1197 2448 1260 2502 Et
1302 2447 1482 2518 primo
1522 2449 1744 2519 quidem
1781 2451 2031 2506 mitiores

450 2557 582 2596 oves
616 2544 1036 2595 counumeravit
1068 2557 1082 2593 :
1117 2555 1214 2610 per
1245 2556 1442 2610 pecora
1475 2551 1658 2596 autem
1691 2543 1874 2614 campi
1898 2559 2036 2614 qua-

451 2633 719 2702 drupedia
786 2633 973 2686 omnia
1027 2632 1468 2702 comprehendit,
1512 2648 1635 2703 quae
1694 2635 1750 2689 in
1825 2635 2035 2706 campis

453 2724 707 2782 habitant
751 2731 857 2778 :et
901 2724 1060 2792 juxta
1119 2721 1295 2777 Graeci
1344 2724 1589 2778 nominis
1647 2724 2032 2796 etymologiam

456 2817 716 2871 animalia
766 2815 949 2869 omnia
977 2815 1376 2884 intelliguntur,
1401 2829 1522 2887 quae
1552 2831 1720 2884 prona
1748 2817 1800 2870 in
1829 2825 2033 2872 terram

455 2909 759 2978 aspiciunt.
798 2905 902 2962 Per
930 2921 1131 2978 pecora
1162 2907 1350 2977 igitur,
1385 2909 1668 2964 terrestria
1697 2907 1880 2962 omnia
1914 2907 2034 2962 ani-

452 3000 614 3053 malia
670 2999 1028 3068 signiﬁcavit,
1090 3014 1186 3055 seu
1222 2999 1516 3064 silvestria,
1562 3006 1616 3053 et
1661 3000 1792 3053 tera.
1837 2997 2033 3054 Omnia

2136 1900 2426 1968 πρόϐατα,
2457 1897 2556 1952 καὶ
2585 1899 2746 1963 ,βόας
2779 1895 3046 1962 ἁπάσας,
3074 1893 3161 1948 ἔτι
3185 1892 3255 1947 δὲ
3290 1893 3391 1948 καὶ
3423 1893 3496 1947 τὰ
3523 1891 3726 1962 κτήνη

2135 1992 2244 2046 τοῦ
2324 1989 2553 2056 πεδίου,
2638 1987 2712 2042 τὰ
2787 1989 3030 2042 πετεινὰ
3099 1987 3208 2042 τοῦ
3259 1985 3547 2054 cupa-rat},
3620 1985 3727 2039 καὶ

2135 2084 2278 2150 τοὺς
2330 2083 2542 2153 ιχθύας
2580 2080 2691 2149 τῆς
2726 2080 3069 2148 θαλάσσης,
3122 2080 3192 2135 τὰ
3245 2079 3730 2150 διαπορευόμενοι

2135 2177 2376 2243 τρίϐους
2406 2171 2762 2230 θαλασσῶν.
2787 2174 2897 2227 Καὶ
2924 2171 3085 2226 τοῦτο
3123 2172 3232 2226 ἀπὸ
3286 2170 3388 2241 τῆς
3415 2173 3727 2244 Μωσαίκῆς

2135 2268 2410 2330 Γενέσεως
2474 2267 2765 2336 εἰληπταν
2821 2266 2958 2337 φησὶ
3010 2263 3155 2336 γάρ’
3189 2265 3296 2320 Kal
3353 2264 3572 2334 ἄρχετε
3601 2263 3730 2318 τῶν

2137 2360 2364 2428 ἰχθύων
2419 2357 2530 2426 τῆς
2584 2355 2930 2425 θαλάσσης,
2971 2355 3071 2410 καὶ
3112 2355 3233 2411 τῶν
3284 2354 3578 2410 πετεινῶν
3613 2354 3726 2410 τοῦ

2135 2451 2438 2520 οὐρανοῦ,
2497 2450 2597 2504 καὶ
2649 2449 2896 2504 πάντων
2936 2448 3056 2503 τῶν
3085 2447 3344 2517 κτηνῶν,
3385 2449 3482 2503 καὶ
3509 2448 3726 2517 πάσης

2135 2542 2246 2612 τῆς
2277 2542 2411 2613 τῆς.
2453 2541 2638 2596 Εἰπὼν
2673 2541 2730 2596 δὲ
2760 2541 2965 2609 πάντα,
3008 2542 3205 2596 διεῖλεν
3231 2540 3394 2605 αὐτὰ,
3426 2540 3525 2595 καὶ
3563 2540 3726 2613 πρῶ-

2136 2653 2227 2689 τον
2257 2635 2366 2688 ἀπὸ
2403 2633 2512 2689 τῶν
2547 2635 2921 2707 ἡμερωτέρων
2951 2633 3157 2706 ἧρξατο
3183 2634 3495 2708 προδάτων.
3524 2633 3721 2705 Κτήνη

2134 2728 2192 2782 δὲ
2223 2728 2371 2797 λέγει
2401 2727 2495 2780 τοῦ
2516 2727 2728 2792 πεδίου,
2769 2728 2948 2782 πάντα
2994 2726 3063 2781 τά
3093 2729 3208 2792 τοῖς
3242 2725 3447 2790 πεδίοις
3494 2725 3725 2798 ἑννεμόο

2139 2836 2276 2890 μενα
2319 2819 2625 2888 τετράποδα
2650 2836 2666 2851 ο
2701 2820 2897 2890 κτῆνος
2939 2820 3072 2889 γὰρ,
3123 2819 3232 2872 πᾶν
3264 2818 3327 2872 τὸ
3363 2819 3518 2873 κάτω
3562 2815 3722 2871 νεῦον

2135 2912 2490 2982 τετράποδον.
2548 2912 2650 2966 Διὰ
2713 2912 2896 2982 μέντοι
2949 2911 3060 2964 τῶν
3115 2911 3352 2980 κτηνῶν,
3409 2913 3520 2966 πᾶν
3577 2909 3724 2976 ζῶον

2135 3004 2388 3073 χερσαῖον
2438 3003 2843 3074 παρεδήλωσεν,
2888 3003 3000 3057 εττε
3051 3003 3286 3075 ἥμερον,
3328 3002 3441 3059 εἴτε
3483 3005 3681 3076 ἄγριον
3705 3020 3720 3035 ·

450 3094 653 3162 quippe
692 3091 745 3144 in
781 3092 1020 3146 hominis
1070 3091 1439 3146 ministerium
1481 3091 1606 3145 data
1635 3100 1804 3147 sunt:
1833 3093 2029 3161 quibus

2138 3093 2318 3147 πάντα
2351 3095 2461 3166 γὰρ
2492 3098 2571 3159 είς
2603 3094 2911 3166 ὑπηρεσίαν
2957 3094 3053 3149 τοῦ
3093 3095 3381 3166 ἀνθρώπου
3418 3097 3721 3168 παρήχθη-

450 3186 710 3239 Omnibus
755 3185 846 3238 ille
885 3186 1048 3239 etiam
1079 3185 1243 3239 homo
1282 3184 1465 3239 adhuc
1508 3183 1903 3251 dominabitur,
1936 3185 2029 3255 qui

2139 3202 2237 3239 σαν
2263 3201 2277 3216 ο
2311 3187 2405 3240 καὶ
2435 3187 2652 3242 πάντων
2678 3189 2862 3258 ἄρχει,
2889 3189 2917 3241 ό
2949 3187 3230 3252 διασώξων
3274 3190 3334 3242 τδ
3361 3189 3580 3260 πρῶτον
3613 3193 3722 3263 τῆς

451 3276 742 3344 pristinam
797 3276 996 3329 anima:
1035 3290 1147 3330 sum
1182 3275 1480 3329 servaverit
1515 3275 1862 3346 dignitatem.
1896 3276 2032 3332 Caeli

449 3382 633 3428 autem
659 3369 915 3423 volucres
941 3367 1100 3430 dixit,
1120 3381 1219 3436 pro
1244 3367 1412 3422 aeris.
1455 3365 1668 3422 Caelum
1695 3367 1844 3422 enim
1889 3383 2034 3438 saepe

447 3465 669 3542 ponitur
726 3475 824 3530 pro
871 3473 1020 3524 aere,
1081 3458 1176 3528 qui
1233 3459 1358 3513 ειεΙὶ
1410 3457 1586 3514 instar
1631 3460 1796 3530 capiti
1843 3471 2032 3517 nostro

449 3553 824 3610 circumfusus
855 3557 960 3606 est.
993 3547 1236 3604 Piscium
1280 3550 1470 3616 etiam,
1498 3564 1623 3604 cum
1656 3549 2033 3606 innumerabi-

447 3649 520 3701 lia
551 3647 685 3712 sint,
747 3659 972 3716 genera,
1032 3657 1145 3698 uno
1191 3657 1447 3698 sermone
1482 3642 1669 3698 omnia
1709 3644 2031 3712 complexus

451 3749 538 3793 est
573 3737 765 3792 dicens
797 3735 966 3802 :Quae
994 3733 1370 3805 perambulant
1417 3735 1637 3789 semitas
1670 3735 1858 3791 maris.
1891 3733 1957 3789 Et
1998 3751 2028 3791 a

448 3829 756 3884 masculino
817 3844 1018 3898 genere
1079 3830 1146 3881 ad
1209 3839 1466 3882 neutrum
1543 3826 1782 3894 transiit,
1839 3830 2030 3887 volens

449 3923 554 3978 hoc
584 3933 748 3994 pacto
799 3922 947 3978 varia
977 3921 1213 3993 piscium
1270 3937 1468 3992 genera
1503 3924 1787 3979 denotare.
1801 3922 2028 3980 .Verum

448 4018 564 4070 haec
588 4017 656 4071 de
680 4031 818 4086 puro
849 4030 912 4070 ac
944 4015 1185 4085 simplici
1220 4015 1444 4070 homine
1474 4017 1864 4074 intelleximus.
1892 4017 2036 4073 Jux-

447 4116 500 4161 ta
539 4123 844 4178 anagogem
881 4121 1011 4162 vero
1059 4107 1126 4161 ad
1174 4104 1576 4162 humanitatem
1622 4107 1827 4164 Christi
1859 4111 2026 4179 perti-

447 4209 602 4266 nent,
651 4198 1113 4269 quemadmodum
1164 4199 1462 4269 Apostolus
1515 4200 1584 4255 ad
1640 4199 1902 4256 Hebraeos
1931 4202 2029 4255 de-

446 4292 618 4344 clarat
646 4308 660 4344 :
699 4290 836 4356 Quid
861 4291 1031 4355 enim,
1065 4290 1267 4360 inquit,
1307 4289 1445 4343 tanti
1476 4296 1560 4344 est
1590 4289 1905 4344 humanitas
1935 4290 2026 4344 illa

448 4388 738 4449 assumpta
802 4395 832 4433 a
889 4378 1000 4434 Deo
1038 4380 1238 4446 Verbo,
1295 4379 1442 4448 quod
1491 4379 1638 4434 illius
1695 4393 1906 4434 memor
1943 4395 2020 4447 es,

2134 3275 2316 3347 ψυχῆς
2346 3278 2584 3350 ἀξίωμα.
2644 3278 2878 3332 Πετεινὰ
2918 3278 2975 3332 δὲ
3017 3277 3111 3332 τοῦ
3145 3279 3398 3350 οὐρανοῦ,
3440 3280 3718 3348 τουτέστι,

2134 3369 2230 3423 τοῦ
2260 3370 2422 3440 ἀέρος
2441 3387 2455 3401 ·
2488 3370 2679 3424 τοῦτον
2708 3371 2817 3442 γὰρ
2843 3371 2939 3426 νῦν
2982 3371 3212 3443 οὖρανδν
3253 3373 3720 3445 καταχρηστικῶς

2134 3461 2440 3532 ὠνόμασεν,
2495 3462 2572 3527 ὡς
2617 3462 2759 3534 ὑπὲρ
2813 3463 3062 3534 κεφαλῆς
3098 3465 3252 3536 ὑμῶν
3297 3464 3454 3537 δίκην
3477 3465 3718 3537 οὐρανοῦ

2135 3554 2462 3624 κεχυμένον.
2509 3553 2849 3624 Ἀποσλέψας
2879 3554 2936 3609 δὲ
2969 3555 3108 3627 πρὸς
3137 3555 3205 3610 τά
3233 3555 3718 3628 παμπληθέστατα

2132 3646 2242 3696 τῶν
2275 3643 2492 3715 ἰχθύων,
2525 3644 2638 3716 (45)
2659 3644 2696 3698 a
2720 3645 2789 3698 δι’
2817 3644 2936 3709 ἐνὸς
2960 3645 3119 3715 λόγου
3139 3647 3320 3702 πάντα
3346 3647 3717 3719 παρέστησεν,

2135 3733 2327 3800 εἰπὼν,
2377 3735 2453 3790 Τὰ
2499 3736 2977 3806 διαπορευόμενα
3032 3739 3274 3806 τρίϐους
3329 3737 3669 3793 θαλασσῶν
3698 3755 3714 3771 ο

2129 3828 2237 3881 ἀπὸ
2294 3829 2406 3899 γὰρ
2457 3829 2550 3882 τοῦ
2596 3830 2886 3900 ἀρσενικοῦ
2940 3832 3135 3900 γένους
3200 3831 3294 3885 ἐπὶ
3334 3830 3396 3884 τὸ
3425 3831 3714 3902 οὐδέτερον

2135 3921 2534 3992 μετασέσηκεν,
2581 3922 2904 3994 βουλόμενος
2934 3923 3178 3995 ἐμφῆναι
3213 3924 3274 3978 τὸ
3312 3923 3575 3994 διάφορον
3603 3923 3715 3977 τῶν

2130 4017 2188 4067 ὲν
2222 4013 2433 4085 ἰχθύσιν
2467 4015 2647 4070 εἱδῶν.
2699 4015 2860 4070 Ἀλλὰ
2895 4017 3069 4072 ταῦτα
3104 4018 3204 4088 μὲν
3237 4015 3488 4089 περὶτοῦ
3519 4017 3715 4081 ἁπλῶς

2130 4105 2424 4176 ἀνθρώπου
2449 4107 2702 4178 νοοῦμεν.
2742 4109 3058 4177 Ἀνάγονται
3085 4109 3145 4164 δὲ
3169 4109 3266 4164 καὶ
3293 4109 3374 4172 εις
3386 4108 3478 4163 τὸν
3496 4109 3716 4181 Κυρια-

2128 4199 2224 4249 κδν
2256 4196 2566 4268 ἄνθρωπον,
2616 4201 2692 4263 ὠς
2727 4202 2756 4253 ὁ
2796 4201 3119 4264 Ἀπόστολος
3145 4200 3448 4268 ὶξεδέξατο,
3477 4203 3713 4273 γράφων

2129 4288 2270 4360 πρὸς
2341 4289 2628 4361 Ἐὕραιους
2659 4307 2677 4326 ο
2731 4291 2797 4345 Ti
2853 4292 2985 4363 γὰρ,
3040 4294 3198 4364 φησὶ,
3253 4294 3510 4349 τοσοῦτόν
3558 4296 3712 4349 ἐστιν

2128 4380 2437 4452 ἄνθρωπος,
2459 4383 2488 4435 ὸ
2519 4383 2893 4454 προσληφθεὶς
2921 4385 3000 4456 τῷ
3021 4385 3152 4456 θείῳ
3179 4385 3363 4458 Λόγῳ,
3386 4387 3470 4440 ὅτι
3502 4389 3716 4458 μιμνή-

447 4472 637 4526 dicens
689 4487 704 4523 :
750 4470 850 4526 Hic
887 4479 965 4524 est
1023 4469 1200 4524 Filius
1257 4486 1400 4525 meus
1448 4469 1672 4524 dilectus
1707 4469 1801 4525 “i
1831 4468 1871 4522 F
1879 4469 2026 4525 ilium

2139 4487 2246 4544 σκῃ
2272 4473 2472 4540 αὐτοῦς
2497 4475 2646 4544 λέγει
2671 4477 2802 4547 γὰρ,
2819 4474 3109 4544 ὅτιοῦτός
3133 4479 3308 4533 ἐστιν
3337 4480 3370 4533 ὁ
3407 4479 3541 4544 Υἱός
3563 4497 3707 4549 μου,

447 4571 629 4616 autem
695 4561 936 4616 hominis
997 4562 1172 4626 dixit,
1229 4569 1288 4614 ut
1347 4575 1443 4616 eos
1519 4561 1870 4616 convinceret
1931 4562 2026 4632 qui

446 4653 653 4707 Christi
724 4667 946 4708 carnem
996 4665 1236 4722 superne
1290 4651 1644 4708 descendisse
1689 4659 1949 4708 asserunt
2007 4669 2024 4706 :

448 4759 558 4814 qua
592 4746 806 4798 ratione
833 4745 950 4814 ipse
979 4746 1144 4800 etiam
1179 4743 1444 4799 Dominus
1471 4742 1618 4813 apud
1657 4744 2028 4814 evangelistas

447 4851 823 4906 smpenumero
845 4835 1043 4890 Filium
1065 4836 1308 4891 hominis
1327 4851 1388 4891 se
1411 4835 1648 4906 appellat
1675 4852 1688 4888 :
1709 4835 2026 4905 signiﬁcans

445 4929 592 4998 quod
628 4944 692 4980 ex
724 4929 978 4996 virginali
1017 4937 1197 4992 utero,
1251 4935 1417 4999 atque
1441 4942 1508 4980 ex
1541 4926 1852 4996 purissimis
1877 4926 2022 4981 illius

445 5022 808 5089 sanguinibus
841 5024 956 5092 ipse
1001 5023 1105 5078 sibi
1142 5003 1404 5091 templum
1435 5020 1822 5074 constituerat.
1852 5019 2022 5073 Filius

444 5114 592 5168 enim
645 5115 884 5170 hominis
914 5117 960 5170 is
995 5130 1123 5170 vere
1181 5115 1404 5178 dicitur,
1443 5112 1540 5182 qui
1574 5110 1821 5166 mulieris
1849 5125 1932 5166 est
1961 5111 2022 5165 ﬂ-

448 5205 581 5260 lius.
608 5203 743 5260 Nam
768 5213 822 5259 et
853 5206 1053 5260 mulier
1084 5219 1212 5259 vere
1242 5205 1404 5258 homo
1433 5210 1538 5258 est.
1568 5200 1821 5256 Visitavit
1843 5209 2027 5256 autem

448 5295 600 5350 illum
620 5296 803 5360 (Deus,
827 5295 987 5366 juxta
1013 5293 1159 5364 quod
1193 5294 1321 5348 alibi
1365 5294 1597 5363 legimus
1627 5309 1643 5347 :
1675 5291 2026 5348 Providebam

445 5384 734 5438 Dominum
759 5386 813 5437 in
848 5393 1128 5452 conspectu
1161 5399 1272 5436 mea
1302 5396 1525 5450 seraper,
1559 5381 1806 5454 quoniam
1834 5399 1866 5436 a
1892 5383 2026 5438 dea:-

524 5559 570 5590 ³⁸
600 5557 785 5613 Gen.t
845 5557 937 5612 28.
1020 5557 1068 5591 "
1103 5555 1242 5613 Ibid.
1327 5557 1374 5590 ⁸⁸
1393 5556 1588 5616 Matth.
1631 5574 1690 5616 In
1747 5560 1839 5618 17.

2127 4567 2161 4617 ὀ
2193 4565 2527 4635 ἀγαπητός.
2577 4569 2708 4622 Υῑὸν
2753 4569 2810 4623 δὲ
2841 4570 3132 4640 ἀνθρώπου
3185 4571 3375 4626 τοῦτον
3418 4571 3706 4637 ἐκάλεσεν,

2131 4658 2220 4712 ἵνα
2260 4660 2450 4733 παύσῃ
2498 4663 2626 4727 τοὺς
2677 4664 3108 4735 δογματίζοντας
3145 4666 3353 4722 ἄνωθεν
3391 4683 3710 4734 συνεπαγα-

2126 4751 2322 4818 γέσϐαι
2354 4755 2452 4825 τὴν
2475 4755 2676 4826 σάρκα.
2704 4757 2797 4810 Διὸ
2823 4757 2920 4812 καὶ
2947 4757 3111 4821 αὐτὸς
3126 4758 3185 4813 ὲν
3209 4760 3322 4822 τοῖς
3349 4757 3710 4828 Εὑαγγελίοις

2132 4843 2402 4914 πολλαχοῦ
2433 4845 2593 4900 τοῦτο
2625 4849 2816 4902 ἑαυτὸν
2844 4849 3123 4920 ὀνομάζει,
3152 4849 3354 4922 δηλῶν,
3388 4849 3464 4913 ὡς
3493 4854 3558 4905 ἐκ
3597 4851 3709 4905 τῶν

2130 4933 2482 5002 παρθενικῶν
2539 4939 2635 4990 καὶ
2689 4939 2978 5008 ἀχράντων
3022 4940 3271 5010 αἱμάτων
3312 4941 3557 5013 ἐπήξατο
3579 4940 3707 4995 ναὸν

2131 5023 2332 5094 ἑαυτῷ.
2376 5027 2507 5089 Υἱὸς
2545 5027 2600 5081 δὲ
2629 5029 2919 5101 ἀνθρώπου
2949 5034 3044 5086 καὶ
3074 5035 3103 5086 ὁ
3125 5035 3194 5087 ὲκ
3213 5033 3476 5102 γυναικός
3496 5049 3510 5063 ⁸
3547 5034 3641 5087 καὶ
3669 5033 3707 5104 ἠ

2127 5115 2265 5186 γυνὴ
2292 5117 2421 5189 γὰρ,
2447 5119 2754 5192 ἄνθρωπος,
2795 5121 3133 5196 Ἐπισκέπτῃ
3162 5124 3220 5178 δὲ
3245 5125 3428 5199 αὐτὸν,
3457 5126 3539 5178 ὅτι
3558 5127 3709 5193 Προ-

2127 5206 2398 5278 ωρώμην,
2429 5213 2584 5282 φησι,
2617 5214 2726 5267 τὸν
2756 5216 2978 5283 Κύριον
3005 5216 3263 5271 ἐνώπιόν
3283 5234 3405 5286 μου
3426 5216 3525 5271 διὰ
3553 5233 3708 5271 παν-

2125 5299 2252 5365 τὸς,
2287 5299 2378 5354 ὅτι
2406 5303 2475 5356 ἐκ
2501 5302 2720 5367 δεξιῶν
2747 5323 2870 5376 μου
2889 5307 3083 5363 ἐστίν.
3117 5339 3186 5350 -
3222 5307 3610 5374 Ἦλάττωσας
3634 5307 3707 5360 δὲ

2127 5391 2308 5446 αὑτὸν
2331 5393 2536 5466 ,βραχύ
2568 5414 2620 5453 τι
2646 5401 2783 5468 παρ’
2813 5400 3131 5472 ἀγγέλους,
3171 5401 3261 5457 διὰ
3293 5401 3356 5456 τὸ
3385 5401 3578 5474 πεινᾷν
3603 5400 3705 5455 καὶ.

1753 5658 1954 5723 Varia:
2012 5661 2316 5728 lectiones

518 5757 632 5820 (4‘5)
655 5752 985 5812 Bedundare
1010 5751 1225 5809 videtur
1257 5753 1317 5808 τὺ
1347 5755 1397 5814 ᾰ.
