3956 6548
215 428 309 497 131
1364 413 1753 476 COMMENT.

1923 414 2055 475 PSA
2064 415 2281 477 LMOS.

3363 411 3466 479 138

209 537 377 609 διψᾷ-ι,
407 533 507 586 καὶ
531 532 642 595 τοῖς
677 527 1022 600 ἅδιαϐλήτοις
1051 526 1146 580 τοῦ
1181 523 1433 598 σώματος
1459 523 1785 580 ὑποκεῖσθαι

1897 525 1990 579 tris
2033 533 2110 579 est
2162 525 2289 579 mihi
2361 541 2424 580 ne
2474 539 2802 595 commoveor
2849 522 2894 556 ⁸⁸
2949 563 2962 577 .
2995 520 3152 590 Quod
3182 539 3311 581 veru
3345 525 3464 581 ait:

211 632 450 689 πάθεσιν.
501 624 967 694 Ἔστεξράνωσας
997 621 1052 676 δὲ
1088 621 1299 684 αὐτὸν,
1333 619 1612 674 τουτέστιν
1658 619 1781 674 ἐκόο

213 735 416 795 σμησας
441 734 456 747 ⁸
479 715 632 784 δόξῃ
665 717 787 786 μὲν,
812 717 878 786 τῇ
897 714 1136 783 θεότητι’
1166 709 1304 781 τιμῇ
1333 710 1390 765 δὲ
1415 712 1482 783 τῇ
1502 709 1655 782 παρὰ
1676 710 1786 764 τῶν

212 811 484 882 ἀγγέλων·
518 805 796 876 πολλαχοῦ
829 804 940 877 γὰρ
978 803 1338 876 ἐδορυφόρουν
1377 801 1548 874 αύτῷ.
1579 802 1650 856 Ἢ
1691 802 1786 858 καὶ

213 892 488 976 ἀμῴότερα
544 900 697 970 παρὰ
752 898 864 951 τῶν
908 893 1254 968 ἀνθρώπω-ι’
1308 894 1442 949 Θεόν
1463 912 1524 948 τε
1563 894 1674 967 γὰρ
1735 894 1785 948 οῑ

216 992 555 1055 πιστεύοντες
587 991 795 1060 ἔλεγον,
829 990 924 1044 καὶ
945 987 1306 1052 πανευλαϐὦς
1331 988 1557 1058 ἐτίμων.
1586 987 1789 1042 Πάντα

223 1091 272 1143 δὲ
307 1086 642 1152 ὑπέταξας,
683 1085 758 1149 ὡς
790 1083 896 1155 νέῳ
939 1082 1132 1154 Ἀδὰμ,
1163 1082 1224 1135 τὸ
1251 1080 1372 1135 κατ’
1400 1082 1584 1134 εἰκόνα
1617 1080 1788 1150 φυλά-

220 1185 368 1248 ξαντι.
394 1179 554 1232 Κατὰ
577 1179 635 1232 δὲ
662 1178 753 1232 τὸν
772 1180 867 1248 τῆς
886 1177 1180 1245 ἀναγωγῆς
1192 1175 1370 1244 λόγον,
1393 1174 1639 1246 πρόϐατα
1661 1173 1784 1244 μὲν,

218 1277 258 1328 οἱ
280 1273 331 1337 ἐξ
360 1271 538 1325 ἐθνῶν
570 1269 1024 1333 πεπιστευκότες,
1057 1266 1150 1330 οὒς
1174 1267 1264 1320 ἐπὶ
1287 1266 1359 1320 τὰ
1402 1267 1502 1337 ὅρη
1536 1267 1630 1318 καὶ
1661 1263 1788 1328 τοὺς

221 1365 428 1438 βουνοὺς
461 1363 920 1434 πεπλανημένους
937 1359 1136 1431 εὑρὼν,
1168 1363 1248 1423 εἰς
1295 1359 1394 1432 τὴν
1429 1357 1622 1412 ἑαυτοῦ
1661 1373 1786 1412 σιν-

221 1465 377 1532 ήγαγε
441 1457 718 1530 μάνδραν·
789 1457 911 1527 βόες
967 1456 1046 1523 δὲ,
1086 1457 1136 1509 οἱ
1175 1454 1448 1520 Ἰουδαῖοι,
1493 1453 1582 1507 τὸν
1615 1451 1787 1524 βαρὺν

222 1554 455 1612 ἕλκοντες
479 1547 575 1602 τοῦ
607 1547 774 1619 νόμου
808 1547 974 1616 ζυγόν
998 1565 1012 1579 ο
1048 1546 1220 1616 κτήνη
1250 1544 1309 1598 δὲ
1335 1542 1430 1597 τοῦ
1489 1543 1697 1607 πεδίου,
1737 1543 1788 1595 oi

227 1644 342 1712 μήτε
392 1638 487 1692 τοῦ
519 1638 760 1700 Μωσέως
810 1637 976 1708 νόμον
1027 1637 1336 1707 δεξάμενοι,
1385 1637 1521 1705 μήτε
1560 1634 1653 1687 τὸν
1689 1635 1788 1705 τῆς

223 1733 450 1803 χάριτος,
505 1729 624 1783 ἀλλ’
658 1728 1198 1799 εἰδωλολατρούντες,
1247 1729 1306 1781 ἐν
1337 1729 1402 1798 τῇ
1451 1725 1659 1780 πεδιάδι
1692 1727 1789 1781 καὶ

223 1823 587 1897 χθαμαλότητι
634 1822 743 1876 τῶν
802 1822 1007 1891 ἡδονῶν
1046 1821 1140 1874 τοῦ
1186 1820 1304 1891 βίου
1337 1820 1672 1892 βαδίζοντες,
1709 1818 1788 1890 τῷ

1892 615 2140 672 Minniin
2182 634 2300 672 eum
2359 617 2623 673 modicum
2663 617 2792 689 quid
2843 615 2908 671 ab
2968 617 3203 689 angelis,
3260 632 3324 673 ea
3378 632 3470 673 ra-

1893 709 2040 766 tione
2118 707 2326 764 dictum
2388 719 2520 775 est,
2581 711 2711 780 quia
2771 716 2827 766 et
2872 711 3072 765 famem
3135 710 3470 794 patiebatur

1889 801 2174 869 Christus,
2218 812 2274 856 et
2317 799 2487 866 sitim,
2541 809 2597 856 et
2645 801 2874 872 reliquis
2917 800 3178 857 omnibus
3217 802 3472 874 corporis

1890 893 2448 964 passionibus,atque
2473 891 2761 949 allectibus
2791 894 3132 965 subjacebat,
3156 897 3251 966 qui
3282 911 3468 968 repre-

1892 983 2192 1040 hensibiles
2226 999 2337 1039 non
2364 992 2518 1040 sunt.
2557 983 2848 1040 Coroni:in
2895 995 3075 1043 autem
3101 1003 3243 1054 eum,
3264 988 3368 1043 hoc
3385 996 3472 1043 est

1891 1079 2125 1145 ornasti,
2160 1079 2330 1150 gloria
2359 1077 2602 1150 quidem,
2653 1079 2959 1135 divinitatis
2993 1097 3008 1138 :
3042 1081 3241 1136 honore
3265 1091 3468 1148 autem,

1890 1187 2051 1243 quem
2083 1173 2260 1244 angeli
2308 1173 2359 1228 ei
2417 1175 2776 1246 praestabant.
2828 1172 2984 1244 Saepe
3013 1177 3161 1230 enim
3194 1177 3472 1231 ministra-

1891 1262 2024 1320 bant
2052 1263 2124 1320 ei.
2177 1261 2272 1320 Vel
2330 1267 2494 1320 etiam
2523 1267 2650 1336 quia
2689 1249 3085 1334 utrumque-ab
3150 1264 3468 1320 hominibus

1889 1358 1940 1413 ei
1999 1352 2408 1428 praestabatur,
2467 1358 2596 1428 quia
2651 1357 2937 1414 credentes
2997 1358 3048 1411 in
3095 1373 3246 1424 eum,
3302 1357 3470 1413 Deum

1891 1450 2263 1520 appellabant,
2284 1458 2338 1505 et
2371 1449 2782 1522 religiosissime
2814 1453 3241 1506 venerabantur.
3271 1451 3470 1509 Omnia

1890 1557 2154 1614 praeterea
2210 1542 2446 1612 subjecit
2514 1543 2655 1599 Deus
2697 1544 2798 1599 sub
2836 1544 3067 1615 pedibus
3119 1547 3262 1615 ejus,
3305 1547 3474 1601 veluti

1894 1652 2038 1692 novo
2091 1637 2288 1701 Adam,
2341 1635 2434 1707 qui
2493 1635 2788 1707 imaginem
2825 1646 2880 1691 et
2920 1628 3331 1692 similitudinem
3381 1638 3473 1693 Dei

1893 1746 2020 1786 vere
2073 1731 2332 1786 servavit;
2406 1727 2571 1785 Juxta
2629 1745 2953 1802 anagogem,
3001 1747 3132 1788 oves
3177 1732 3214 1787 ii
3261 1733 3474 1789 (licendi

1893 1831 2024 1879 sunt
2054 1825 2147 1894 qui
2165 1839 2231 1878 ex
2261 1824 2514 1893 gentibus
2542 1822 2926 1879 crediderunt:
2958 1840 3098 1895 quos
3134 1827 3188 1880 in
3220 1825 3473 1891 collibus,

226 1917 574 1989 μὴδύνασθαι
602 1915 854 1969 ἁναοέειν
873 1916 952 1978 είς
981 1913 1115 1984 ὕψος
1153 1914 1408 1985 θεωρίας.
1436 1913 1666 1968 Πετεινὰ
1691 1914 1790 1984 μὲν

1897 1926 1950 1974 et
1991 1920 2274 1976 montibus
2299 1929 2550 1974 errantes
2589 1918 2844 1974 Christus
2869 1920 3095 1975 invenit.
3129 1929 3183 1975 et
3213 1920 3277 1975 ad
3311 1937 3472 1975 suum

223 2007 461 2079 ούρανοῦ,
490 2009 543 2060 οἱ
576 2006 798 2076 ἄγγελοι
823 2023 838 2037 ο
875 2007 1058 2077 ἰχθύες
1085 2005 1142 2059 δὲ
1178 2005 1479 2076 Θαλάσσης,
1513 2006 1563 2058 οἱ
1602 2005 1790 2076 δαίμο-

221 2119 313 2167 νες,
345 2103 461 2165 τοῖς
493 2100 736 2170 κύμασιν
773 2097 1170 2170 ὲνσκιρτῶντες
1209 2097 1306 2151 τοῦ
1369 2096 1508 2167 βίου,
1530 2096 1626 2150 καὶ
1652 2097 1790 2150 ἀπο·

223 2195 408 2260 ζῶντες
469 2196 609 2264 τῇ...
662 2191 772 2265 (44)
818 2191 929 2244 τῶν
974 2190 1229 2261 πονηρῶν
1288 2189 1447 2261 ἡμῶν
1486 2189 1784 2259 πράξεων

223 2287 406 2348 πάντες
435 2285 547 2356 γὰρ
590 2282 816 2354 ὕστερον
857 2282 1301 2353 ύποταγήσονται
1330 2280 1410 2351 τῷ
1434 2280 1676 2352 Χριστῷ,
1709 2281 1789 2334 ὅτι

189 2355 198 2371 ο
224 2379 358 2450 αὐτῷ
400 2380 510 2431 πᾶν
539 2378 666 2446 γόνυ
695 2377 929 2447 κάμψει,
961 2375 1325 2446 ἐπουρανίων,
1359 2373 1458 2428 καὶ
1507 2374 1789 2444 ἐπιγείων,

224 2474 302 2524 καὶ
329 2468 724 2540 καταχθονίων.
751 2469 868 2521 Ούκ
913 2466 1142 2538 ἄκαιρον
1164 2467 1220 2520 δὲ
1246 2469 1341 2522 καὶ
1362 2467 1648 2538 γλαφυράν
1667 2483 1791 2520 τινα

225 2565 541 2634 παραθεῖναι
573 2562 837 2634 ἐξήγησιν
858 2577 872 2592 ο
903 2561 1068 2615 ὅτιτὸ
1097 2560 1501 2626 Ἠλάττωσας,
1542 2561 1603 2614 οὐ
1639 2561 1794 2632 παρὰ

225 2660 327 2719 τοὺς
384 2656 658 2726 ἀγγέλους
702 2655 944 2724 λέγεται,
995 2653 1134 2708 ἀλλὰ
1165 2654 1301 2724 πρὸς
1341 2653 1442 2725 τὴν
1495 2653 1656 2718 δόξαν
1693 2652 1791 2706 τοῦ

228 2748 445 2820 Πατρός.
499 2747 664 2801 Οὕτω
693 2746 804 2818 γὰρ
837 2746 1245 2814 ἀναγνωστέονο
1293 2743 1668 2812 Ὴλάττωσας
1681 2748 1792 2800 αὺ-

230 2841 540 2910 τόγβραχύ
577 2853 658 2906 τι,
697 2840 793 2893 τοῦ
832 2839 927 2893 σού
972 2838 1177 2910 δηλαδὴ
1202 2835 1538 2910 ἀξιώματος,
1577 2838 1666 2892 διὰ
1692 2839 1794 2910 τὴν

228 2937 307 3008 τῆς
333 2938 539 3006 σαρκὸς
571 2935 734 3004 φύσιν
758 2951 772 2966 ·
801 2931 922 2989 εἶτα
942 2933 1004 2987 τὸ
1018 2933 1163 3004 ἑξῆς,
1184 2931 1626 3003 παρ’άγγέλους
1645 2931 1796 3000 δόξᾳ

231 3031 310 3085 καὶ
323 3030 458 3102 τιμῇ
475 3029 908 3100 ἐστεφάνωσας
922 3030 1132 3097 αὑτὸν,
1156 3029 1323 3100 ἧγουν
1343 3029 1433 3082 ἐπὶ
1455 3027 1658 3082 πλεῖον.
1684 3028 1795 3082 ()6-

232 3124 324 3188 δεὶς
347 3123 454 3195 γὰρ
484 3125 739 3193 ἀγγέλων
768 3123 803 3195 ἢ
832 3123 893 3178 τὸ
915 3122 1056 3178 Θεῖον
1072 3123 1265 3178 ἐλαϐεν
1287 3121 1481 3194 ὄνομα,
1505 3119 1540 3192 ἢ
1563 3120 1796 3192 δορυφο-

237 3217 341 3287 ρίας
369 3217 627 3289 τοιαύτης
674 3217 964 3288 τετύχηκε.
1058 3254 1074 3272 .

1895 2012 2042 2067 ovile
2083 2011 2459 2082 congregavit.
2501 2009 2675 2066 Boves
2718 2026 2870 2077 vero,
2913 2011 3083 2066 Judaei
3124 2021 3276 2076 sunt,
3311 2028 3478 2082 grave

1890 2104 2097 2160 veteris
2126 2104 2262 2172 legis
2292 2105 2484 2174 jugum
2517 2102 2820 2158 trahentes.
2871 2099 2934 2154 Et
2979 2118 3176 2172 pecora
3211 2105 3386 2173 campi
3414 2102 3472 2166 ii,

1891 2195 1986 2266 qui
2016 2209 2118 2250 nee.
2168 2194 2338 2267 Moysi
2371 2209 2471 2250 nec
2500 2193 2689 2267 gratiae
2735 2194 2905 2265 legem
2953 2205 3337 2265 susceperunt,
3379 2199 3473 2250 sed

1893 2288 2038 2344 idola
2074 2288 2318 2344 colentes
2375 2289 2427 2342 in
2477 2289 2773 2359 campestri
2802 2287 3130 2353 humilitate,
3163 2304 3226 2343 ac
3261 2300 3474 2344 terrena

1893 2383 2203 2453 dejectione
2249 2384 2593 2451 voluptatum
2627 2381 2914 2452 praesentis
2968 2383 3096 2437 vita:
3125 2382 3249 2438 ideo
3287 2383 3479 2437 ambu-

1895 2476 2049 2539 lant,
2099 2476 2229 2545 quia
2300 2475 2777 2545 contemplationis
2842 2473 3235 2529 snblimitatem
3296 2477 3477 2530 susci-

1897 2584 2025 2638 pere
2052 2575 2354 2637 nequeunt,
2381 2567 2478 2622 sed
2511 2567 2669 2636 juxta
2697 2581 2817 2622 eam
2837 2581 3000 2636 quam
3029 2569 3268 2623 diximus
3301 2566 3476 2622 ϐπ·ωοί

1897 2661 2134 2715 nominis
2168 2660 2574 2731 etymologiam,
2609 2659 2766 2729 quasi
2817 2675 3016 2729 pecora
3063 2662 3221 2730 proni
3273 2661 3328 2715 iu
3368 2668 3480 2714 ter-

1895 2771 2035 2821 ratu,
2075 2754 2418 2825 inspiciunt.
2457 2753 2726 2809 Volucres
2767 2754 2933 2808 etiam
2981 2753 3106 2808 οωιί
3145 2768 3241 2824 pro
3270 2754 3479 2824 angelis

1897 2845 2073 2915 accipi
2119 2853 2398 2915 possunt:
2433 2853 2488 2900 et
2529 2845 2709 2915 pisces
2760 2846 2932 2898 maris
2967 2859 3069 2916 pro
3101 2845 3478 2900 daemonibus:

1898 2939 1993 3011 qui
2034 2939 2173 2994 inter
2199 2937 2397 2993 ﬂuctus
2433 2939 2717 3006 praesentis
2743 2938 2864 2992 vitae
2881 2937 3202 3000 subsiliunt,
3237 2945 3398 3007 atque
3424 2937 3482 2992 in

1899 3047 2086 3086 amara
2112 3046 2402 3100 pravarum
2433 3031 2710 3085 actionum
2734 3032 2924 3084 vivunt
2954 3029 3250 3100 salsogine.
3274 3027 3481 3085 Omnes

1899 3125 2043 3180 enim
2091 3123 2314 3180 Christo
2365 3123 2586 3178 tandem
2654 3124 3043 3193 subjicientur,
3108 3123 3366 3194 quoniam
3400 3123 3479 3178 illi

1773 3252 1792 3272 .
1822 3249 1866 3308 ε
1899 3235 2064 3275 omne
2123 3234 2264 3290 genu
2309 3217 2580 3282 ﬂectetur,
2624 3217 2958 3283 caelestium,
3028 3217 3370 3272 terrestrium
3424 3225 3481 3272 et

1902 3311 2274 3366 inlernorum.
2326 3308 2628 3363 Possumus
2681 3308 2845 3361 etiam
2894 3323 3000 3362 non
3047 3308 3312 3378 ingratam
3340 3323 3482 3378 quo-

1901 3401 2153 3456 rumdam
2219 3400 2622 3470 expositionem
2685 3401 3202 3470 recensere:quod
3270 3402 3482 3457 scilicet

1901 3495 1994 3550 illa
2023 3494 2184 3549 verba
2217 3511 2229 3548 :
2258 3491 2635 3546 Minuistieum
2673 3491 2937 3543 modicum
2964 3491 3110 3560 quid,
3149 3507 3257 3546 non
3288 3491 3353 3546 ad
3383 3509 3482 3547 auo

1899 3588 2050 3660 gelus
2099 3584 2388 3640 referenda
2427 3583 2558 3648 sint,
2591 3581 2686 3637 sed
2733 3581 2800 3636 ad
2837 3580 3065 3651 gloriam
3111 3580 3202 3636 Dei
3253 3581 3436 3640 Patris
3462 3626 3477 3651 ,

1900 3692 2066 3751 atque
2096 3681 2199 3733 hoc
2232 3687 2389 3748 pacto
2431 3678 2740 3745 legendum,
2780 3673 3026 3730 Minuisti
3059 3692 3208 3743 eum,
3231 3693 3264 3732 ο
3297 3678 3478 3746 Pater,

1778 3807 1795 3828 .
1899 3773 2175 3830 modicum
2233 3770 2423 3840 quida
2474 3781 2565 3824 tua
2619 3767 2880 3822 nimirum
2940 3769 3206 3838 dignitate
3253 3780 3480 3840 propter

1779 3905 1794 3920 .
1899 3864 2088 3920 carnis
2111 3872 2402 3930 naturain;
2433 3869 2488 3916 et
2513 3875 2634 3930 quae
2663 3869 2967 3930 sequuntur
2989 3875 3087 3929 per
3117 3877 3175 3915 se
3205 3861 3478 3930 legantur.

1779 3997 1796 4014 .
1896 3959 2002 4014 Sed
2039 3956 2294 4025 quoniam
2338 3953 2484 4023 quod
2527 3950 2721 4006 Latine
2768 3951 3000 4019 legimus
3033 3956 3099 4004 ab
3139 3951 3361 4022 angelis,
3423 3953 3479 4007 in

1776 4090 1792 4108 .
1895 4051 2086 4106 Graeco
2103 4048 2297 4120 legitur
2315 4045 2448 4118 παρ’
2468 4044 2757 4115 ἀγγέλους,
2777 4059 2896 4114 qua:
2919 4043 3078 4099 verba
3103 4045 3243 4098 ultra
3255 4061 3478 4101 sensum

1779 4182 1796 4199 .
1894 4146 2006 4214 jam
2042 4141 2337 4205 redditum,
2371 4138 2514 4193 idem
2547 4138 2713 4192 etiam
2752 4136 3084 4207 signiﬁcant,
3131 4137 3277 4208 quod
3312 4153 3478 4210 supra

1779 4279 1794 4295 .
1899 4238 2126 4308 angelos
2157 4251 2172 4288 :
2211 4231 2450 4303 intellige
2480 4230 2623 4301 quod
2652 4230 2823 4302 gloria
2851 4239 2904 4285 et
2931 4229 3142 4285 honore
3173 4244 3297 4284 eum
3338 4227 3480 4284 Deus

1779 4371 1794 4386 .
1900 4344 2069 4401 supra
2110 4326 2336 4400 angelos
2362 4324 2650 4380 coronavit
2681 4339 2696 4376 :
2744 4323 2850 4378 hoc
2877 4333 2963 4378 est
2983 4323 3278 4393 plusquam
3313 4338 3480 4394 ange-

1779 4465 1795 4480 .
1901 4424 2078 4478 lorum
2104 4423 2364 4491 aliquem.
2402 4417 2598 4472 Nullus
2637 4416 2838 4486 quippe
2866 4415 3205 4487 angelorum,
3239 4423 3334 4470 aut
3363 4412 3481 4468 hu-

241 4519 455 4586 jusinodi
489 4522 583 4578 Dei
615 4536 818 4577 nomen
853 4531 1188 4579 consecutus
1229 4528 1337 4590 est,
1365 4529 1461 4578 aut
1501 4521 1608 4578 tale
1658 4519 1889 4576 sortitus
1921 4513 2313 4571 ministerium.
2347 4509 2740 4565 Verumtamen
2799 4508 2987 4563 dicant
3056 4508 3212 4561 nobis
3277 4505 3475 4572 Judmi,

246 4616 439 4682 quando
482 4616 725 4672 infantes
766 4622 824 4669 et
867 4613 1138 4672 lactentes
1167 4616 1322 4686 pueri
1381 4613 1600 4671 laudem
1658 4617 1804 4669 hanc
1843 4609 2103 4674 dixexint,
2131 4607 2197 4661 de
2225 4618 2330 4675 qua
2358 4617 2500 4658 nunc
2527 4602 2768 4673 loquitur
2796 4599 3113 4670 Propheta},
3179 4605 3235 4655 et
3285 4615 3476 4670 quem-

245 4725 349 4764 nam
399 4711 676 4766 inimicum
733 4708 1048 4778 huiusmodi
1097 4710 1217 4765 laus
1259 4707 1636 4764 destruxerit:
1676 4721 1785 4778 quo
1824 4706 1986 4761 etiam
2019 4702 2157 4757 dixit
2222 4700 2412 4756 beatus
2477 4697 2644 4752 David
2682 4713 2695 4749 :
2741 4695 2937 4752 Videbo
2959 4694 3114 4749 coelo:
3143 4710 3301 4765 opera
3334 4695 3477 4765 digi-

247 4815 648 4874 tonnntuornm,
698 4822 822 4862 eum
849 4805 961 4878 jam
997 4804 1213 4876 Moyses
1236 4804 1304 4860 de
1338 4805 1424 4860 his
1463 4802 1745 4861 docuisset
1781 4820 1794 4856 :
1834 4799 1898 4856 In
1929 4800 2186 4872 principio
2205 4794 2590 4868 enim,inquit,
2615 4793 2739 4862 fecit
2755 4791 2894 4847 Deus
2911 4791 3097 4846 caelum
3116 4799 3164 4845 et
3183 4803 3403 4844 terram.

304 4908 471 4973 Κύριε
503 4908 534 4958 ὀ
565 4905 788 4972 Κύριος
811 4901 1002 4973 ἡμῶν,
1022 4901 1103 4968 ὡς
1127 4900 1480 4971 θαυμαστόν
1512 4899 1579 4953 τὸ
1604 4897 1790 4969 ὄνομά

1965 4895 2134 4954 Vens.
2168 4895 2253 4950 10.
2279 4893 2500 4948 Domine
2535 4891 2791 4945 Dominus
2816 4896 3012 4954 noster,
3041 4901 3198 4957 qnam
3239 4884 3478 4940 admira-

248 5012 342 5051 σου
370 4997 618 5066 erpr
652 4995 725 5065 τῇ
762 4994 838 5064 τῇ
869 4995 890 5048 !
931 4995 1086 5049 Ἐπεὶ⁸
1111 4993 1220 5064 γὰρ
1251 4996 1279 5049 ό
1308 4992 1522 5063 ψαλμδς
1560 4983 1714 5053 οὗτος
1739 4989 1790 5042 τὶ

1906 4992 2006 5046 bile
2034 5001 2110 5046 est
2153 5005 2341 5042 nomen
2371 4996 2515 5040 luunt
2544 4985 2597 5038 in
2622 4985 2867 5038 universa
2894 4992 3054 5035 terra.
3084 4978 3352 5046 Quoniam
3388 4978 3478 5032 hic

247 5090 364 5141 κατὰ
393 5090 622 5160 Χριστὸν
671 5088 930 5158 προλέγει
959 5090 1285 5160 μυστήριον,
1315 5089 1344 5142 ό
1386 5088 1443 5143 δὲ
1473 5085 1708 5158 Χριστὸς
1737 5082 1798 5148 ἐξ

245 5178 444 5248 ούρανοῦ
460 5181 823 5253 καταϐέϐηκε,
853 5181 945 5234 καί
963 5181 1117 5244 αὖθις
1135 5181 1270 5251 πρὸς
1286 5179 1447 5234 αὑτὸν
1461 5177 1802 5247 ἀναϐέϐηκεν

246 5273 411 5341 ὥσπερ
447 5279 501 5327 ἐν
549 5276 735 5344 κύκλῳ
783 5275 896 5346 (45)
959 5275 1200 5345 σχήματι
1245 5274 1381 5343 πρὸς
1399 5274 1498 5342 τὴν
1517 5271 1799 5343 Πατρικὴν

246 5366 376 5432 δέξιν
402 5369 809 5433 ἀποκαταστὰς,
823 5369 912 5423 διὰ
943 5369 1114 5422 ταῦτα
1133 5369 1229 5422 καὶ
1247 5369 1276 5422 ό
1290 5367 1501 5438 eam;
1522 5367 1799 5428 κυκλικῶς

307 5565 504 5620 Μίδεια.
561 5585 647 5628 xv.
703 5567 760 5624 8.

1906 5083 2152 5153 psalmus
2208 5079 2412 5134 Christi
2461 5075 2714 5147 praedicit
2761 5073 3107 5145 mysterium,
3156 5070 3248 5140 qui
3277 5084 3307 5124 e
3337 5069 3479 5123 uelo

1905 5175 2209 5240 descendit,
2231 5184 2280 5227 et
2315 5186 2505 5226 rursus
2528 5170 2582 5223 in
2608 5168 2806 5223 malum
2830 5165 2898 5220 ad
2928 5163 3213 5217 Palernam
3249 5160 3476 5229 gloriam

1906 5268 2177 5329 ascendit,
2207 5276 2266 5321 et
2299 5261 2554 5320 circulari
2581 5259 2817 5332 quodam
2839 5267 2989 5312 motu
3022 5253 3174 5308 illine
3206 5251 3352 5306 unde
3382 5265 3478 5308 voc

1904 5369 2060 5416 uerat
2089 5375 2343 5415 reversus
2366 5365 2470 5422 est,
2495 5355 2692 5410 merito
2721 5353 2881 5409 etiam
2913 5348 3002 5404 hic
3024 5343 3274 5402 Psalmus
3297 5342 3392 5414 qui
3409 5342 3497 5401 de-

1532 5701 1730 5765 Varize
1757 5701 2087 5765 lectiones.

307 5851 406 5931 (li)
437 5853 634 5920 Sttpple
667 5849 1030 5921 ἁλμυρότητι,
1060 5857 1118 5903 ιιι
1148 5850 1347 5919 legisse
1380 5850 1594 5908 videtur
1637 5853 1789 5911 Lati-

247 5936 339 5976 nus
370 5935 649 5992 tttlvrpt'es.

513 6021 782 6079 PATROL.
816 6017 932 6076 Gn.
963 6015 1272 6078 CXXVIII.

1972 5855 2086 5920 (ιδ)
2111 5854 2197 5906 ἵσ.
2215 5848 2510 5926 ἐγκυκλίῳ,
2532 5859 2590 5904 ut
2610 5849 2805 5922 legisse
2822 5848 3035 5910 videtur
3062 5849 3226 5908 etiam
3253 5851 3476 5926 Saulus,

1913 5928 1995 5982 vel
2025 5925 2204 5980 scribe
2238 5921 2462 5978 κύκλου.
