3970 6582
330 435 426 504 ιιι

1465 419 1856 484 ΕΟΜΜΕΝΤ.
1906 418 1984 480 IN
2030 413 2402 479 PSALMOS.

3468 383 3588 454 ιιι

323 567 482 624 μενος
507 562 525 580 ·
587 549 842 610 ἐπίτασις
887 543 945 599 δὲ
991 542 1091 614 τῆς
1115 537 1459 612 εὐφροσύνης
1495 539 1530 609 ἡ
1572 535 1931 604 ἀγαλλίασις,

2040 543 2192 586 erum
2225 536 2311 582 est
2335 523 2624 580 solamen:
2662 510 3123 590 quemadmodum
3169 519 3226 563 et
3254 507 3410 564 solus
3453 507 3572 574 ipse

320 643 395 709 ὥς
425 643 520 697 καὶ
553 641 656 711 τὴν
684 638 914 712 καρδίαν
944 635 1051 690 ὑπὸ
1083 635 1184 702 τῆς
1214 634 1356 701 ἄγαν
1412 629 1676 683 ἅλλεσθαι
1698 629 1896 700 ναρᾶς.

395 907 580 965 Falli)
621 903 704 973 τῷ
727 904 975 975 ὀνόματί
1005 915 1146 964 σου,
1177 897 1450 968 Ὕψιστε.
1474 891 1635 956 Ἐθος
1660 887 1730 962 ἦν
1783 891 1900 952 τοῖς

319 999 599 1074 ἐρωτικῶς
615 997 742 1069 περί
758 1013 882 1050 τινα
897 993 1262 1063 διακειμένοις
1279 989 1504 1063 ᾄσματα
1523 987 1696 1041 ποιεῖν
1713 985 1790 1046 είς
1809 983 1904 1036 αὖ·

325 1093 437 1157 τὸν,
458 1093 552 1145 καὶ
567 1090 918 1162 ψυχαγωγεῖν
942 1084 1192 1140 ἐντεῦθεν
1211 1082 1304 1136 τὸν
1326 1081 1508 1134 πόθον.
1564 1075 1697 1132 ’Δπὺ
1736 1091 1906 1146 μετα-ο

321 1185 496 1254 φορᾶς
525 1181 618 1235 οὖν
641 1181 748 1234 τοῦ
766 1179 1012 1232 τοιούτου
1033 1174 1196 1230 διὰτὸ
1224 1170 1429 1240 Ψαλῶ,
1446 1171 1536 1224 τὸν
1567 1167 1903 1237 ἐπιτεταμέ-

321 1293 412 1328 νον
464 1275 546 1338 είς
573 1272 707 1326 Θεὸν
765 1270 949 1341 ἔρωτα
998 1265 1374 1337 παρέστησεν·
1402 1258 1660 1332 ἐμφαίνει
1710 1255 1768 1310 δὲ
1813 1255 1908 1310 καὶ

325 1365 534 1437 ῥυθμὸν
553 1362 876 1434 ἐναρμόνιον
899 1359 982 1425 τδ,
1028 1356 1234 1412 Ψαλῶ.
1265 1349 1724 1427 ’ᾼσομαιτοίνυν,
1751 1348 1810 1400 οὑ
1839 1348 1904 1417 τῇ

326 1459 487 1528 φύσει
519 1474 616 1510 σου
640 1474 652 1489 ο
692 1457 788 1509 καὶ
818 1455 927 1524 γὰρ
975 1451 1298 1520 ἀνεννόητος
1317 1464 1330 1479 ·
1391 1445 1530 1501 ἀλλά
1560 1443 1638 1513 τῷ
1679 1439 1906 1510 ὀνόματί

327 1567 444 1616 σου,
472 1549 694 1602 πλέκων
729 1545 882 1616 αὐτῷ
916 1543 1258 1612 κατάλληλον
1291 1543 1536 1594 ἔπαινον.

413 1809 523 1864 Ἐν
539 1805 1102 1877 τῷάποστραφῆγαι
1141 1804 1247 1858 τὸν
1278 1803 1500 1872 ἐχθρόν
1550 1817 1668 1871 μου
1719 1800 1806 1864 εἰς
1841 1796 1910 1851 τὰ

330 1905 547 1970 ὀπίσω,
579 1900 1020 1968 ἀσθενήσουσι,
1048 1897 1146 1953 καί
1176 1895 1549 1952 ἀπολοῦνται
1572 1892 1691 1948 ἀπὸ
1721 1908 1914 1960 προσ-

337 1997 506 2051 ὠπου
559 2011 698 2049 σου.
738 1993 996 2064 ’Δρχεται
1035 1989 1359 2058 καταλέγειν
1389 1988 1455 2040 τὰ
1473 1987 1592 2056 εἴδη
1627 1983 1724 2048 τῆς
1753 1984 1910 2052 εὐερ-

329 2090 546 2159 γεσίας,
573 2087 718 2158 ὑπὲρ
741 2072 825 2141 ὧν
855 2085 890 2157 ἡ
921 2082 1346 2156 ἐξομολόγησις·
1406 2079 1676 2148 ἐτόλμησε
1735 2076 1845 2146 γὰρ
1885 2075 1915 2126 ὁ

330 2181 598 2253 τύραννός
635 2195 764 2233 ποτε
789 2179 885 2234 καὶ
911 2177 1051 2233 κατά
1091 2174 1189 2232 τοῦ
1245 2174 1521 2244 Σωτῆρος,
1574 2169 1671 2224 καὶ
1703 2169 1779 2232 ὡς
1820 2168 1914 2221 ἀν-

334 2276 544 2346 θρώπῳ
590 2271 736 2345 ψιλῷ
780 2269 1160 2345 προσέϐαλεν·
1223 2267 1350 2321 ἐπεὶ
1421 2265 1480 2321 δὲ
1536 2265 1621 2328 τὸ,
1677 2263 1915 2332 ⁹’Υπαγε

335 2369 534 2420 ὀπίσω
591 2382 738 2436 μου,
813 2363 1074 2429 Σατανὰ,
1116 2355 1591 2432 ἧκρυσεν,ᾕσθετο
1634 2355 1917 2424 δυνάμεως

335 2460 577 2529 ἀμάχου,
626 2459 723 2512 καὶ
749 2455 866 2528 μετ’
897 2455 1165 2524 αἰσχύνης
1195 2450 1560 2521 ὑπεχώρησεν
1584 2465 1598 2478 ·
1633 2448 1917 2516 ἀποστρα-

337 2551 538 2619 φέντος
565 2549 622 2602 δέ
649 2547 746 2601 καὶ
770 2547 1075 2620 τραπέντος
1103 2543 1296 2608 αὐτοῦ,
1349 2543 1407 2597 αἱ
1431 2540 1521 2593 ὑπ’
1548 2539 1712 2594 αὐτὸν
1757 2535 1921 2591 δυνά-

339 2658 466 2712 μείς
517 2639 852 2712 ἠσθένησαν,
901 2637 997 2690 καὶ
1039 2629 1344 2698 ἀπώλοντο,
1396 2623 1510 2684 οἷόν
1565 2644 1689 2682 τινα
1743 2626 1921 2696 ψυχὴν

335 2733 696 2804 ἀφῃρημέναι
719 2730 817 2801 τὴν
833 2726 1146 2798 τυραννίδα.
1199 2722 1307 2778 Τοῦ
1327 2720 1506 2793 Ἰησοῦ
1535 2721 1644 2790 γὰρ
1667 2720 1923 2788 ἀναμαρ-

337 2827 506 2895 τήτου
556 2824 721 2893 μέχρι
777 2821 1008 2874 θανάτου
1065 2816 1376 2889 μείναντος,
1423 2811 1636 2867 καὶτὸν
1676 2807 1924 2864 διάϐολον

2000 627 2086 676 est
2110 619 2203 688 qui
2226 616 2479 671 homines
2501 612 2697 668 salvat.
2723 605 3034 662 Exsultatio
3064 615 3194 656 vero
3217 597 3392 688 major
3421 612 3572 688 quie-

2001 683 2242 765 dam—est
2275 703 2476 760 laetitiae
2506 701 2772 754 iutcnsio:
2826 709 2948 765 qua:
2995 706 3108 763 pra:
3150 687 3322 744 nimio
3372 683 3575 752 gaudio

2003 798 2261 856 subsilire
2299 795 2455 850 valde
2478 803 2642 861 atque
2663 789 2865 844 elevari
2907 800 3004 840 cor
3045 781 3198 836 facit.

2077 890 2320 946 Psallam
2344 886 2548 942 nomini
2571 896 2686 945 tuo,
2719 879 3013 933 Altissimc.
3073 873 3188 929 Mos
3209 879 3328 926 erat
3382 869 3450 924 iis
3485 868 3581 937 qui

2003 983 2272 1042 amatorie
2354 981 2413 1036 in
2464 979 2700 1046 aliquem
2782 970 2960 1028 allecti
3043 975 3253 1032 essent,
3335 963 3584 1018 carmina

2003 1091 2058 1134 et
2109 1086 2308 1131 cantus
2367 1073 2420 1127 in
2485 1085 2612 1126 eum
2677 1076 3031 1132 componere,
3092 1069 3258 1128 atque
3325 1057 3430 1110 hoc
3490 1069 3588 1123 pa-

2004 1179 2092 1226 rto
2117 1166 2282 1224 animi
2315 1162 2648 1220 desiderium
2677 1158 2886 1212 lenire:
2921 1149 3232 1222 hujusmodi
3270 1145 3586 1215 metaphora

2005 1259 2275 1332 propheta
2328 1269 2488 1318 usus,
2533 1250 2903 1307 intensionem
2961 1241 3169 1298 amoris
3210 1240 3294 1293 sui
3314 1239 3368 1292 in
3419 1238 3590 1290 Deum

2007 1329 2329 1413 declaravit,
2359 1348 2580 1402 dicens:
2610 1340 2855 1396 Psallam
2885 1336 3093 1392 nomini
3119 1346 3246 1388 tuo:
3282 1348 3404 1402 quae
3423 1329 3592 1383 dictio

2009 1448 2279 1502 musicum
2307 1459 2372 1496 ac
2419 1441 2756 1497 concinnum
2794 1445 3017 1491 cantum
3090 1433 3337 1487 denotat.
3387 1427 3594 1481 Canam

2012 1538 2202 1610 igitur,
2232 1533 2432 1604 inquit,
2466 1547 2577 1587 non
2603 1537 2811 1582 natura:
2841 1538 2969 1586 tute,
3001 1521 3224 1592 quando
3254 1518 3475 1590 quidem
3505 1517 3596 1610 illa

2011 1605 2217 1703 percipi
2251 1645 2360 1684 non
2394 1634 2598 1697 potest,
2631 1621 2726 1678 sed
2765 1620 2976 1675 nomini
3020 1627 3140 1682 tuo,
3191 1615 3453 1670 decentes
3516 1605 3597 1666 illi

2013 1734 2245 1780 nectens
2269 1736 2334 1774 ac
2360 1717 2702 1785 complicatis
2730 1711 2944 1768 laudes.

2093 1813 2258 1867 Vsus.
2275 1811 2328 1864 4.
2349 1807 2484 1864 Cum
2507 1821 2786 1861 conversus
2805 1798 2966 1872 fuerit
2984 1799 3230 1854 inimicus
3244 1810 3388 1850 meas
3407 1803 3606 1849 retror-

1949 1916 1987 1968 B
2021 1923 2164 1970 sum,
2185 1902 2601 1974 inﬁrmabuntur
2619 1907 2669 1952 et
2688 1895 2929 1966 peribunt
2946 1909 2978 1946 a
3004 1892 3141 1960 facie
3160 1901 3276 1943 tua.
3293 1889 3606 1941 (lonnnme-

2018 2011 2141 2051 rare
2181 1994 2374 2062 incipit
2415 1980 2801 2046 beneﬁciorum
2848 2000 3048 2054 genera
3081 2022 3096 2046 ,
3128 1995 3228 2051 pro
3256 1980 3455 2048 quibus
3499 1975 3612 2030 Deo

2017 2088 2220 2158 gratias
2261 2087 2398 2154 agit.
2438 2082 2620 2137 Ausus
2645 2087 2732 2136 est
2775 2075 3072 2146 aliquando
3105 2084 3374 2144 tyrannus
3399 2071 3610 2121 dannon

2019 2179 2201 2248 ipsum
2245 2176 2409 2231 etiam
2453 2172 2819 2232 Salvatorem,
2872 2166 3040 2224 veluti
3088 2164 3294 2220 nudum
3329 2163 3610 2218 hominem

2021 2270 2284 2324 invadere
2319 2285 2334 2322 :
2377 2267 2472 2324 sed
2499 2264 2663 2320 simul
2687 2279 2750 2318 ac
2771 2262 2880 2318 dicl
2907 2259 3158 2316 audivit:
3188 2255 3328 2312 Vade
3357 2265 3475 2325 post
3509 2270 3611 2314 me,

2023 2363 2314 2424 Salano".
2357 2368 2410 2415 et
2433 2356 2908 2428 inexpugnabilem
2934 2353 3079 2407 illius
3092 2351 3268 2407 sensit
3292 2348 3612 2418 potentiam,

2025 2468 2218 2523 magna
2254 2450 2436 2508 statim
2463 2463 2589 2504 cum
2630 2446 2929 2518 ignominia
2959 2446 3276 2501 retrocessit
3299 2461 3314 2498 :
3341 2457 3451 2512 quo
3481 2456 3617 2496 con-

2025 2558 2185 2598 verso
2236 2556 2300 2597 ac
2343 2539 2649 2614 proﬂigato,
2702 2554 2894 2596 omnes
2929 2537 3136 2608 pariter
3160 2544 3460 2607 potestates
3492 2549 3618 2604 quae

2026 2638 2131 2691 sub
2156 2637 2275 2706 ipso
2298 2642 2478 2701 erant,
2510 2633 2806 2689 debilitata:
2827 2642 2978 2698 sunt,
3003 2644 3057 2686 et
3079 2631 3381 2700 perierunt,
3413 2629 3617 2682 amissa

2034 2728 2125 2783 illa
2168 2729 2428 2783 nimirum
2473 2725 2782 2798 tyrannide.
2819 2726 2984 2780 veluti
3016 2723 3253 2794 quadam
3273 2737 3463 2778 eorum
3497 2722 3621 2776 ani-

2031 2834 2139 2874 ma.
2196 2819 2330 2876 Cum
2365 2819 2512 2874 enim
2535 2817 2732 2874 vixerit
2753 2815 2915 2874 Jesus
2965 2817 3082 2872 sine
3104 2825 3350 2886 peccato,
3394 2815 3537 2870 unde
3567 2823 3623 2870 et

339 2913 668 2974 καθελόντος
705 2910 977 2973 ἐντεῦθεν,
1011 2909 1108 2965 καὶ
1154 2908 1530 2978 ἁμφιέσαντος
1582 2904 1732 2973 ἡμᾶς
1787 2899 1928 2954 ὅπλα

2040 2912 2331 2968 daemonem
2349 2911 2643 2979 destruxit,
2662 2919 2827 2966 etnos
2845 2910 3047 2979 pariter
3077 2908 3254 2963 induit
3278 2908 3447 2963 armis
3471 2907 3621 2962 salu-

341 3005 645 3074 σωτηρίας,
679 3001 740 3055 τὸ
763 3001 906 3055 θεῖον
935 2999 1245 3073 βάπτισμα,
1277 2998 1370 3051 καὶ
1396 2996 1496 3068 τὴν
1530 2993 1767 3065 μελέτην
1835 2991 1929 3044 καὶ

2040 3004 2123 3058 tis:
2147 3018 2269 3058 cum
2297 3004 2460 3060 etiam
2480 3019 2696 3060 sacrum
2726 3001 3016 3072 baptisma,
3045 3015 3109 3056 ac
3129 3000 3442 3056 divinormn
3467 3014 3623 3052 man-

339 3096 597 3167 φυλακὴν
639 3095 748 3148 τῶν
798 3094 961 3148 θείων
1002 3091 1229 3162 λογίων,
1265 3089 1408 3143 κατὰ
1441 3089 1543 3159 τὴν
1573 3084 1772 3140 ἑαυτοῦ
1830 3102 1929 3137 πο-

2040 3097 2293 3152 datorum
2325 3095 2738 3151 meditationem
2769 3105 2823 3151 et
2860 3094 3194 3160 custodiam,
3232 3092 3626 3164 propriamque

339 3187 552 3241 λιτείαν
592 3186 957 3249 ἀπολιπόντος
983 3185 1116 3256 ημῖν
1145 3182 1265 3235 ὁδὸν
1297 3183 1375 3244 είς
1400 3179 1668 3249 οὐρανοὺς
1688 3177 1927 3245 ἀνάγου.-

2040 3187 2200 3242 vitam
2225 3203 2289 3243 ac
2311 3189 2809 3254 conversationem,
2833 3203 2932 3258 pro
2958 3187 3046 3242 via
3066 3187 3223 3242 nobis
3249 3185 3551 3256 reliquerit,
3571 3194 3627 3240 et

343 3298 470 3345 σαν,
501 3277 934 3348 κατηργήθησαν
959 3253 1307 3330 παντάπασιν
1331 3273 1380 3324 oi
1401 3269 1680 3340 δαίμονες,
1711 3269 1809 3322 καὶ
1836 3267 1929 3320 οὐ·

2040 3278 2252 3346 semita,
2287 3293 2411 3349 quae
2443 3279 2510 3334 ad
2533 3282 2734 3336 emtum
2755 3280 2926 3345 ducit,
2948 3286 3353 3349 consequenter
3369 3253 3423 3334 et
3438 3279 3624 3333 cancri

343 3372 552 3442 δεμίαν
577 3369 762 3440 έχουσι
777 3367 1006 3440 δύναμιν
1037 3367 1157 3422 καθ’
1183 3364 1361 3437 ἡμῶν,
1381 3363 1522 3434 εἰμὴ
1548 3362 1636 3415 διὰ
1659 3359 1931 3432 ῥᾳθυμίας

2040 3369 2312 3426 daemones
2362 3370 2515 3425 illinc
2566 3371 2703 3426 adeo
2729 3371 2893 3426 deleti
2930 3381 3080 3438 sunt,
3110 3379 3169 3425 ut
3203 3372 3408 3426 nullam
3447 3371 3500 3425 in
3526 3386 3626 3426 nos

344 3465 512 3534 ἡμεῖς
545 3462 768 3525 ἑκόντες
809 3459 1015 3523 αὐτοὺς
1075 3455 1518 3526 ἐπισπασόμεθα,
1566 3453 1676 3506 τῶν
1703 3451 1931 3506 ἐντολῶν

2040 3459 2274 3530 amplius
2293 3459 2530 3515 habeant
2553 3467 2904 3531 potestatem,
2938 3460 3047 3516 nisi
3080 3475 3182 3516 nos
3207 3460 3420 3528 ignavia
3441 3469 3625 3514 nostra

344 3552 752 3624 ἀμελήσαντες.
794 3552 940 3604 Ἀπὸ
979 3548 1308 3618 προσώπου
1347 3546 1434 3612 δὲ,
1476 3545 1781 3608 τουτέστιν,
1828 3543 1937 3595 ἀπὸ

345 3647 520 3717 φόϐου
555 3663 672 3700 σου.
711 3646 950 3717 Φοϐερὸν
974 3646 1082 3714 γὰρ
1105 3646 1164 3697 ὲν
1186 3642 1472 3710 πολέμοις,
1501 3639 1614 3693 τῶν
1664 3639 1937 3711 ἀριστέων

347 3743 415 3798 τὸ
445 3743 758 3814 πρόςωπον.

423 4014 561 4067 Ὅτι
581 4013 877 4080 ἐποίησας
899 4011 1014 4078 τὴν
1056 4010 1260 4078 κρίσιν
1285 4026 1428 4080 μου,
1458 4010 1560 4063 καί
1590 4009 1707 4078 τὴν
1759 4007 1942 4076 δίκην

346 4123 493 4178 μου.
529 4105 796 4177 Ἐκρινάς
837 4120 905 4174 με
946 4103 1079 4176 γὰρ,
1124 4103 1217 4156 τὸν
1278 4101 1358 4166 είς
1382 4101 1442 4155 σε
1482 4103 1940 4179 κπεπιστευκότα,

352 4197 971 4267 καταδυναστευόμενον
997 4196 1101 4249 ὑπδ
1126 4193 1223 4249 τοῦ
1251 4193 1502 4248 διαϐόλου
1539 4194 1828 4266 πρότερον,
1850 4197 1945 4250 καὶ

352 4293 577 4367 πικρῶς
626 4291 1063 4366 τυραννούμενον
1114 4290 1174 4359 ἐξ
1227 4290 1483 4361 ἀγνοίας·
1530 4291 1627 4345 καὶ
1686 4289 1810 4344 ἰδὼν
1861 4291 1946 4344 ὅτι

355 4387 644 4461 φθονερῶς
673 4388 702 4442 ὁ
733 4387 970 4460 πονηρὸς
994 4387 1058 4440 τδ
1090 4385 1184 4442 σὸν
1219 4386 1451 4457 πλᾲσμα
1475 4385 1942 4454 κατεδουλώσατο,
1960 4459 1981 4474 Ι

353 4481 691 4546 ἐδικαίωσάς
738 4498 829 4553 με,
859 4480 967 4535 τῶν
995 4478 1206 4535 ἐκείνου
1281 4478 1488 4551 χειρῶν
1546 4477 1945 4550 ὑπεξαγαγὼν,

2041 3555 2295 3610 fortassis
2316 3554 2392 3608 ita
2416 3554 2686 3622 volentes,
2711 3554 2977 3624 neglectis
2998 3553 3202 3609 divinis
3224 3551 3522 3614 mandatis.
3556 3553 3625 3606 ad

2042 3648 2413 3719 nosmetipsos
2439 3663 2534 3704 eos
2557 3649 2754 3702 iterum
2787 3646 3143 3702 traxerimus.
3163 3645 3318 3713 Quod
3348 3661 3476 3699 vero
3514 3646 3622 3696 ait:
3678 3693 3687 3702 ,

2044 3742 2086 3796 Α
2125 3742 2264 3812 facie
2290 3752 2407 3803 tua,
2439 3741 2584 3796 idem
2614 3747 2721 3804 est,
2747 3739 2920 3809 quod,
2956 3741 3001 3796 A
3043 3740 3244 3808 timore
3302 3748 3416 3793 tuo.
3471 3737 3629 3792 δινσε

2047 3846 2284 3885 nuorum
2315 3831 2460 3886 enim
2491 3845 2556 3886 ac
2579 3838 2868 3899 potentum
2909 3830 3152 3885 virorum
3190 3829 3384 3896 facies,
3449 3828 3630 3883 horri-

2046 3923 2176 3978 bilis
2206 3921 2449 3980 inimicis
2491 3922 2664 3978 videri
2697 3924 2838 3979 solet
2870 3937 2936 3979 ac
2969 3921 3234 3980 timenda.

2120 4015 2283 4071 Vens.
2311 4017 2362 4072 5.
2392 4016 2660 4084 Quoniam
2688 4016 3214 4086 tufecistijudiciam
3234 4032 3405 4072 meum
3431 4026 3480 4072 et
3502 4034 3632 4072 cauo

2047 4127 2161 4166 sam
2190 4127 2379 4167 meam.
2398 4109 2660 4168 Jndicasti
2685 4113 2830 4166 enim
2873 4126 2958 4166 me
2984 4110 3301 4167 credentem
3332 4112 3389 4166 in
3431 4121 3503 4178 te,
3531 4113 3632 4182 qui

2052 4211 2212 4258 antea
2243 4203 2349 4258 sub
2391 4212 2658 4273 potestate
2689 4213 2856 4274 atque
2886 4218 3073 4257 amara
3104 4203 3394 4274 tyrannide
3429 4204 3633 4260 diemoa

2051 4299 2138 4352 nis
2169 4296 2479 4370 ignorantia
2526 4311 2646 4352 mea
2673 4297 2982 4353 detinebar.
3013 4296 3149 4352 Nam
3176 4313 3302 4353 cum
3333 4313 3632 4368 perspexeo

2051 4390 2129 4445 ris
2157 4389 2306 4460 quod
2339 4389 2614 4460 malignus
2645 4389 2737 4444 ille
2781 4405 2867 4446 me
2904 4399 3216 4445 creaturam
3250 4400 3400 4444 tuam
3451 4391 3640 4446 invide

2051 4481 2106 4536 in
2150 4483 2469 4537 servitutem
2504 4481 2813 4550 redegerat,
2869 4496 2935 4536 ex
2988 4481 3144 4537 illius
3199 4481 3458 4538 manibus
3502 4485 3636 4536 sub-

357 4578 455 4631 καὶ
489 4575 596 4646 τῆς
629 4573 848 4645 πλάνης
879 4572 1289 4646 ἐλευθερώσας·
1347 4570 1505 4642 δίκην
1558 4571 1668 4642 γὰρ
1723 4572 1824 4642 τὴν
1869 4572 1931 4626 δι-

2052 4572 2277 4628 ductum
2330 4581 2496 4639 atque
2550 4573 2620 4627 ab
2677 4586 2865 4628 errore
2942 4572 3232 4628 liberatum
3291 4573 3636 4644 justiﬁeasti.

354 4665 665 4736 καιοσύνην
684 4666 944 4720 ἐκάλεσεν
970 4664 1232 4723 ἐνταῦθα.

443 4760 768 4824 Ἐκαθισας
814 4756 913 4811 ἐπὶ
979 4757 1198 4826 θρόνου
1233 4759 1266 4811 ό
1299 4755 1524 4826 κρίνων
1565 4751 1943 4824 δικαιούνην.

356 4851 542 4906 Τοῦτο
571 4849 666 4904 διὰ
710 4848 811 4921 τὴν
835 4849 916 4913 είς
942 4849 1211 4921 οὐρανοὺς
1247 4847 1523 4919 ἀνάληψιν
1551 4848 1647 4902 τοῦ
1674 4849 1950 4919 Σωτῆρος.

359 4938 675 5014 ῐιληρώσας
697 4940 806 5011 γάρ
822 4940 920 5012 τὴν
948 4937 1212 5012 ἐνσαρκον
1242 4937 1580 5008 οἰκονομίαν,
1616 4939 1696 5002 είς
1721 4937 1811 4992 τὸν
1835 4937 1958 5010 θρό-

359 5053 452 5090 νον
488 5033 869 5105 ἀποκατέστη,
899 5031 1356 5096 τδνδικαστικδν,
1385 5029 1507 5102 ἦτοι
1561 5025 1660 5102 τὴν
1701 5030 1954 5096 ἐξουσίαν

357 5128 464 5198 τῆς
501 5125 780 5196 θεότητος,
807 5123 865 5177 ὃν
893 5124 969 5196 μὴ
985 5123 1180 5189 λιπὼν,
1203 5123 1459 5196 ἀρρήτως
1493 5122 1630 5195 πρὸς
1656 5123 1802 5195 ἡμᾶς
1857 5127 1956 5177 ὲπ-

361 5223 459 5292 εδή
471 5235 674 5291 μησεν.
697 5215 1060 5288 ’Δναληφθεὶς
1086 5215 1216 5288 γὰρ,
1241 5218 1336 5270 καὶ
1359 5216 1589 5280 καθίσας
1603 5217 1660 5270 ἐν
1688 5215 1840 5289 δεξιᾷ
1861 5218 1955 5272 τοῦ

360 5308 609 5378 Πατρδς,
647 5307 723 5371 ὡς
755 5305 938 5360 λαϐὼν
975 5305 1156 5360 πᾶσαν
1191 5305 1442 5370 ἐξουσίαν
1469 5304 1528 5360 ἐν
1583 5305 1801 5376 οὐρανῷ
1859 5307 1954 5360 καὶ

363 5401 466 5455 ἐπὶ
538 5401 666 5469 γῆς,
695 5398 1002 5470 ἐϐοήθησεν
1026 5397 1104 5470 τῷ
1132 5397 1248 5470 ἰδίῳ
1272 5397 1580 5470 πλάσματι,
1603 5395 1746 5471 ὑπὲρ
1769 5392 1829 5454 οὗ
1861 5399 1958 5454 καὶ

363 5495 472 5563 τὴν
503 5492 780 5563 ἄχραντον
799 5491 968 5564 ἔθηκε
1023 5490 1228 5563 ψυχήν.
1289 5487 1626 5562 Θεοπρεπῶς
1685 5493 1743 5546 δὲ
1785 5491 1962 5546 ταῦτα

364 5586 633 5658 νοητέον·
667 5585 994 5657 καθιδρῦσαι
1049 5583 1161 5657 γὰρ
1213 5586 1290 5649 εἰς
1331 5584 1423 5640 τὸν
1467 5583 1677 5658 θρόνον,
1738 5589 1832 5641 ἐπὶ
1865 5588 1960 5642 τοῦ

367 5681 554 5747 Λόγου
583 5679 678 5733 καὶ
699 5676 837 5732 Θεοῦ
864 5678 1204 5750 ὑποληφθείη
1238 5677 1305 5734 ἂν
1328 5681 1362 5750 ἡ
1392 5679 1686 5753 δικαστικὴ
1721 5682 1960 5754 ἐξουσία,

440 5859 490 5891 ’⁸
527 5858 721 5914 Matth.
757 5872 834 5927 tv,
859 5859 942 5912 10.

2051 4664 2287 4722 Causam
2334 4665 2479 4719 cnim
2503 4664 2606 4720 hoc
2643 4665 2698 4718 in
2738 4663 3322 4735 locojustilicationcm
3356 4668 3618 4736 appellat.

2121 4756 2318 4813 Sedisti
2347 4773 2502 4826 super
2522 4755 2770 4811 thronum
2791 4757 3110 4828 quijudicas
3138 4759 3438 4828 justitiam.
3471 4759 3640 4828 Prop:-

2051 4860 2136 4908 ter
2190 4850 2494 4908 Salvatoris
2545 4851 2946 4908 Ascensionem
2978 4851 3080 4908 hoc
3115 4851 3320 4906 dictum
3381 4859 3486 4906 est.
3533 4868 3642 4905 ιιιι⁴

2054 4946 2198 5018 pleta
2226 4947 2372 5002 enim
2401 4945 2588 5001 carnis
2615 4945 3035 5018 dispensatione
3073 4946 3141 5000 ad
3187 4945 3445 5016 iudiciale
3496 4945 3652 5008 thros

2061 5055 2196 5094 num
2223 5053 2384 5095 suum
2417 5039 2602 5106 rediit,
2624 5038 2680 5093 id
2711 5046 2818 5102 est,
2853 5037 2921 5092 ad
2941 5047 3275 5109 potestatem
3309 5037 3653 5093 Divinitatis..

2065 5130 2238 5198 Quem
2276 5131 2536 5186 thronum
2568 5141 2747 5186 tamen
2785 5146 2898 5186 non
2928 5130 3256 5201 reliquerat,
3287 5127 3513 5198 quando
3555 5144 3647 5183 aro

2064 5224 2223 5280 canis
2252 5233 2420 5295 atque
2449 5223 2824 5280 inell‘abilihus
2868 5224 3044 5278 modis
3085 5222 3152 5276 ad
3191 5235 3295 5276 nos
3332 5220 3656 5282 descendit.

2064 5317 2398 5388 Assumptus
2425 5318 2572 5372 enim
2603 5329 2681 5373 est
2720 5318 2776 5372 in
2799 5317 3020 5378 ccelum,
3059 5328 3115 5370 ct
3157 5314 3313 5369 sedet
3347 5315 3412 5368 ad
3453 5313 3645 5368 dexte—

2061 5419 2180 5460 ram
2238 5405 2445 5470 l‘atris,
2479 5406 2651 5460 veluti
2684 5405 2775 5477 qui
2818 5413 3146 5476 potestatem
3195 5418 3418 5458 onmem
3471 5418 3646 5457 aeee-

2063 5498 2206 5569 perit
2262 5501 2488 5554 incaelo
2549 5509 2605 5555 et
2652 5500 2708 5553 in
2767 5507 2936 5564 terra,
2975 5506 3030 5553 et.
3090 5500 3330 5570 propria:
3376 5507 3652 5551 creatura:

2063 5606 2222 5664 opem
2248 5592 2433 5648 tulerit
2469 5607 2568 5664 pro
2598 5608 2703 5662 qua
2736 5592 3144 5648 immaculatam
3206 5592 3357 5647 illam
3409 5591 3648 5644 animam

2067 5699 2350 5757 posuerat.
2378 5682 2502 5742 llaec
2531 5694 2712 5742 autem
2734 5702 2844 5742 non
2875 5687 3136 5754 humane,
3177 5686 3272 5745 sed
3324 5685 3488 5756 digne
3539 5680 3649 5737 Deo
