3970 6542
364 364 463 430 153

1570 359 1953 420 EUi'llYMll
1991 361 2358 424 ZIGABENI

3525 370 3622 436 144

361 480 719 553 intelligenda
755 486 906 535 sunt.
939 477 1139 534 Scdere
1165 475 1309 532 enim
1332 474 1622 541 iuthrouo,
1647 486 1739 530 aut
1767 490 1934 545 super

2055 478 2106 547 F1V
2139 477 2232 531 καὶ
2266 477 2459 548 πρώην
2477 477 2634 548 ἔχων,
2685 479 2834 548 ὅμως
2882 478 3204 550 ἀπέκρυπτε
3233 479 3323 535 διὰ
3369 481 3467 552 τὴν
3483 485 3626 538 οἰκο-

364 581 646 641 tlu'umim,
675 578 728 629 in
761 574 892 640 Deo,
919 584 974 628 et
998 573 1052 626 in
1087 571 1262 626 Verbo
1298 569 1418 634 Dei,
1467 569 1772 639 accipimus
1839 585 1938 638 pro

357 673 607 745 iudiciali
641 678 947 742 potestate:
1009 683 1172 737 quam
1205 665 1499 720 etéiantca
1552 663 1811 729 habebat,
1867 664 1939 718 ob

363 767 549 821 carnis
598 773 778 818 tamen
837 759 1301 829 dispensationem
1353 756 1612 821 celabat,
1702 763 1760 809 ut
1832 763 1944 810 tota

361 860 704 927 impleretur.
761 855 841 907 Tu
911 853 1090 916 fuisti,
1126 853 1331 922 inquit,
1365 852 1423 906 in
1471 849 1722 921 iudiciali
1785 856 1943 919 pole-

2046 571 2259 641 νομίαν,
2293 571 2381 624 ἵνα
2413 571 2568 625 πᾶσα
2598 571 2886 643 πληρωθῇ.
2915 573 2953 626 Γ
2957 577 3151 642 ιγονας
3180 574 3276 628 οὖν
3298 577 3355 627 ἐν
3409 575 3627 648 ἐξουσίᾳ

2045 661 2356 734 δικαστικῇ,
2386 664 2483 716 καὶ
2506 664 2696 732 σχῆμα
2727 665 3046 729 δικάζοντος
3085 665 3367 730 άνέλαϐες,
3401 668 3429 719 ό
3466 668 3624 736 μόνος

2045 753 2256 820 δίκαιος
2287 756 2503 830 κριτὴς,
2529 759 2624 810 καὶ
2675 758 2780 812 ὑπὸ
2809 759 3079 829 μηδεμιᾶς
3116 760 3340 828 ἀγνοίας
3381 759 3622 830 ἢδιαθέ-

2047 863 2190 912 σεως
2219 849 2654 918 ἐμποδιζόμενος
2679 852 2759 914 εἰς
2791 851 3092 918 εὐθύτητα.

362 965 524 1015 state,
561 963 612 1006 et
642 948 944 1020 jndicantis
971 962 1264 1018 personam
1299 945 1614 1016 sumpsisti,
1645 945 1740 1013 qui
1773 945 1929 997 solus
1957 945 2146 1012 justus
2175 958 2235 1000 es
2257 943 2454 1014 iudex,
2506 944 2713 1016 quique
2739 944 2891 999 nulla
2953 944 3261 1015 ignorantia
3314 954 3410 998 aut
3488 943 3624 1000 all‘e-

361 1061 453 1105 ctu
493 1047 798 1116 impediris,
835 1046 1134 1114 quominus
1167 1059 1384 1113 semper
1415 1043 1471 1097 in
1515 1042 1772 1112 aequitate
1803 1055 2149 1110 perseveres.

434 1142 602 1196 Vens.
631 1140 995 1210 6.1ncrepasti
1019 1153 1220 1210 gentes,
1247 1150 1295 1192 et
1323 1141 1475 1207 petiit
1499 1141 1717 1209 impius.
1742 1140 1944 1210 Objur-

365 1234 535 1306 gasti,
571 1233 769 1301 inquit,
811 1241 1024 1300 gentes,
1056 1231 1436 1298 improperasti
1470 1231 1550 1285 eis
1574 1245 1814 1285 errorem
1850 1247 1944 1286 eu-

366 1345 512 1390 rum,
545 1335 602 1380 et
639 1325 776 1394 fugit
813 1325 880 1378 ab
908 1324 989 1378 eis
1019 1322 1270 1386 Satanas,
1318 1323 1603 1376 veritatem
1637 1339 1742 1376 non
1774 1325 1943 1377 susti-

317 1439 336 1444 -
365 1435 521 1473 nens.
549 1418 796 1486 Apostoli
830 1414 1124 1486 aliquando
1154 1414 1354 1468 acerbe
1385 1415 1616 1484 gentiles
1643 1415 1943 1485 reprehen-

365 1512 592 1575 debant,
628 1507 794 1562 veluti
827 1506 1031 1560 Paulus
1057 1507 1148 1576 qui
1185 1507 1507 1560 insensatos
1565 1506 1793 1562 Galatas
1841 1523 1941 1577 ap-

365 1603 641 1672 pellabat:
706 1599 852 1670 quod
903 1599 976 1652 illi
1014 1599 1334 1662 sentientes,
1371 1599 1438 1652 ab
1474 1598 1744 1654 idolorum
1799 1603 1950 1654 miltu

366 1694 718 1750 recedebant.
755 1692 1052 1746 Destructo
1084 1701 1264 1744 autem
1309 1691 1579 1745 idolorum
1646 1691 1823 1754 cultu,
1873 1692 1949 1746 si-

369 1788 481 1841 mul
509 1788 671 1840 etiam
695 1784 884 1838 abibat
913 1799 1104 1837 eorum
1131 1783 1337 1848 praesul
1378 1783 1591 1838 daemon
1624 1800 1637 1836 :
1699 1783 1838 1838 adeo
1866 1785 1948 1839 vel

365 1879 478 1932 sola
515 1883 726 1946 poterat
747 1884 1064 1929 sanctorum
1090 1873 1416 1943 increpatio.

2130 1142 2527 1212 ἐἷπε-τίμησας
2544 1143 2770 1207 ἔθνεσι,
2789 1141 2884 1194 καί
2906 1140 3179 1196 ἀπώλετο
3197 1140 3444 1208 ἀσεϐής.
3459 1139 3627 1193 ‘0st-

2045 1233 2230 1299 δισας,
2266 1234 2423 1305 φησὶ,
2461 1237 2575 1299 τοίς
2606 1235 2784 1288 ἔθνεσι
2806 1233 2906 1304 τὴν
2924 1232 3154 1303 πλάνην,
3187 1233 3281 1285 καὶ
3304 1232 3506 1302 ἔφυγεν
3531 1235 3627 1286 ἀπ’

2047 1325 2229 1378 αὐτῶν
2249 1328 2276 1379 ό
2311 1328 2575 1392 Σατανᾶς,
2609 1329 2708 1381 οὐκ
2730 1325 2971 1395 ἐνεγκὼν
2992 1325 3092 1396 τὴν
3122 1325 3403 1395 ἀλήθειαν.
3436 1325 3627 1394 Οίγὰρ

2048 1414 2341 1468 ἀπόστολοι
2369 1419 2465 1470 καὶ
2492 1417 2825 1488 πικρότερον
2857 1416 3010 1470 ἐστιν
3055 1411 3117 1470 οῦ
3138 1415 3490 1484 καθήπτοντο
3522 1417 3628 1467 τῶν

2048 1504 2239 1571 ἐθνῶν,
2273 1507 2348 1571 ὠς
2378 1508 2406 1560 ό
2447 1507 2658 1571 Παῦλος
2683 1523 2697 1538 ’
2730 1504 2806 1561 Ὦ
2835 1507 3082 1575 ἀνόητοι
3112 1505 3406 1571 Γαλάται,
3439 1505 3626 1574 φησίν·

2049 1599 2432 1668 αἰσθανόμενοι
2467 1599 2600 1669 γὰρ,
2635 1599 3046 1668 ἀπηλλάττοντο
3083 1600 3184 1669 τῆς
3205 1597 3626 1665 εἰδωλομανίας“

2048 1690 2256 1756 ταύτης
2289 1691 2347 1744 δὲ
2373 1690 2740 1753 ἀπολωλυίας,
2761 1692 2858 1744 καὶ
2884 1691 2912 1744 ό
2936 1691 3254 1761 προστάτης
3290 1689 3461 1761 αὐτῆς
3500 1707 3628 1741 συν-

2046 1782 2347 1852 ηφανίζετο
2398 1782 2667 1847 διάϐολος.
2721 1781 2992 1837 Τοσοῦτον
3025 1784 3059 1855 ἠ
3091 1783 3408 1854 ἐπιτίμησις
3471 1780 3632 1852 μόνον

2049 1877 2332 1948 ἰσχύσατο.

435 1971 636 2026 Nomen
667 1969 781 2038 ejus
814 1967 1000 2022 delesti
1023 1967 1077 2020 in
1105 1967 1359 2022 naculum
1383 1976 1432 2022 et
1463 1970 1517 2021 in
1548 1969 1805 2023 sarculum
1833 1985 1936 2023 sw-

2119 1972 2190 2027 Τό
2226 1972 2415 2042 ὄνομα
2445 1973 2632 2028 αὐτοῦ
2663 1974 2998 2043 ἐξήλειψης
3038 1974 3126 2040 εἰς
3147 1971 3254 2026 τὸν
3278 1971 3464 2026 αἰῶνα
3532 1968 3633 2024 καί

365 2065 496 2118 culi.
527 2062 664 2116 Cum
697 2064 964 2116 honorem
1001 2061 1248 2115 debitum
1283 2061 1388 2116 sibi
1424 2063 1698 2116 damones
1728 2062 1947 2130 rapuis-

365 2166 509 2223 sent,
542 2155 795 2210 homines
825 2154 877 2208 in
911 2169 1100 2208 eorum
1129 2152 1447 2208 servitutem
1484 2153 1691 2208 redacti
1725 2155 1946 2208 nomina

363 2251 446 2305 cis
478 2249 778 2302 dederunt:
818 2244 1280 2316 quemadmodum
1316 2243 1586 2300 Hesiodus
1645 2247 1696 2299 in
1751 2246 1944 2316 nugaci

365 2346 457 2399 illo
483 2357 646 2413 opere
663 2340 1026 2394 Denativitate
1067 2339 1284 2393 deorum
1312 2337 1496 2393 tradit.
1528 2340 1706 2410 Atque
1735 2337 1816 2410 (ut
1839 2352 1945 2393 cte-

367 2448 480 2490 tera
503 2437 604 2489 alia
624 2433 895 2499 omittam)
917 2430 1154 2501 exempli
1181 2432 1355 2502 gratia
1385 2441 1594 2486 tantum
1630 2432 1832 2496 dicam,
1853 2429 1942 2484 Jo-

364 2533 469 2593 vis.
491 2530 702 2593 Martis,
720 2528 1009 2598 Apollinis,
1026 2526 1304 2593 Mercurii,
1319 2524 1777 2590 Dianaa,Veneris,
1795 2533 1848 2578 et
1862 2540 1949 2578 co-

365 2623 534 2695 piosa:
562 2621 704 2675 illius
721 2619 946 2674 deorum
967 2617 1336 2672 multitudinis
1355 2617 1598 2682 nomina,
1615 2616 1776 2672 simul
1803 2631 1867 2670 ac
1887 2619 1949 2669 li-

366 2717 452 2771 dei
476 2711 698 2767 verbum
725 2709 1137 2764 disseminatum
1172 2717 1278 2770 est,
1303 2707 1487 2761 statim
1508 2707 1818 2769 evanuisse,
1838 2721 1945 2760 non

365 2812 540 2866 solum
570 2809 623 2860 in
656 2807 759 2860 hoc
793 2805 1040 2874 praesenti
1067 2804 1292 2870 saeculo,
1318 2804 1410 2858 sed
1439 2803 1602 2858 etiam
1638 2803 1689 2856 in
1724 2801 1907 2857 futuro
1929 2844 1942 2866 ,

364 2901 510 2972 quod
540 2897 799 2953 saeculum
832 2896 1020 2951 szeculi
1056 2911 1182 2951 esse
1240 2894 1658 2966 intelligendum
1716 2903 1839 2960 est,
1892 2903 1948 2950 et

369 2994 516 3061 quod
551 2993 769 3063 preprie
803 2989 1064 3044 saeculum
1093 2988 1320 3052 dicitur,
1358 2992 1484 3060 quia
1526 2985 1703 3058 [juxta
1745 2987 1949 3042 Graeca:

367 3085 632 3141 dictionis
678 3081 812 3150 vim]
852 3081 989 3135 αἰὼν
1030 3080 1522 3150 sempiternitatem
1556 3081 1804 3136 denotat.
1855 3083 1949 3136 Est

369 3190 554 3234 autem
595 3191 714 3231 mos
746 3188 919 3231 sacrm
980 3172 1281 3242 Scripturae
1338 3186 1432 3242 per
1495 3171 1812 3239 huiusmodi
1868 3171 1949 3226 lo-

366 3270 569 3341 quemli
598 3268 842 3331 modum,
876 3265 1235 3320 honoratiora
1268 3278 1486 3333 semper
1511 3263 1857 3334 signiﬁcare:
1890 3274 1949 3318 ut

365 3381 489 3420 cum
514 3369 588 3418 ait
607 3362 807 3418 Sancta
829 3366 1170 3422 sanctorum,
1190 3358 1767 3413 Cantica-canticorum
1781 3399 1794 3422 ,
1811 3358 1950 3414 Sab-

369 3461 496 3514 bata
525 3458 911 3521 sabbatorum,
942 3461 996 3508 et
1031 3452 1139 3506 alia
1189 3451 1529 3521 liujusmodi.
1573 3449 1668 3505 Vel
1693 3452 1849 3506 aliter
1867 3452 1950 3506 di-

369 3561 680 3622 cerepotes
709 3545 890 3617 :qnod
922 3558 986 3598 ea
1017 3544 1184 3596 verba
1209 3543 1265 3595 in
1291 3541 1545 3596 sa'culum
1572 3541 1753 3594 sa'culi
1781 3543 1954 3594 inten-

2049 2067 2137 2131 εἰς
2189 2065 2297 2119 τὸν
2350 2065 2534 2120 αἰῶνα
2597 2065 2706 2120 τοῦ
2735 2066 2972 2133 αἰῶνος.
3018 2065 3129 2136 Τὴν
3160 2063 3254 2118 τοῦ
3293 2063 3430 2118 Θεοῦ
3463 2063 3633 2134 τιμὴν

2054 2157 2340 2226 ἁρπάσασι
2361 2161 2472 2221 τοῖς
2501 2158 2721 2226 δαίμοσι
2750 2160 2843 2212 καὶ
2865 2157 3106 2227 ὀνόματα
3147 2156 3426 2226 ἐπέθηκαν
3454 2156 3500 2208 οἰ
3533 2172 3636 2207 κα-

2047 2249 2479 2313 ταδουλωθέντες
2503 2249 2708 2315 αὐτοῖς,
2733 2247 2810 2313 ὡς
2847 2251 2880 2320 ἡ
2911 2248 3153 2320 φλύαρος
3197 2247 3444 2301 Ἠσιόδου
3497 2249 3635 2300 Θεο-

2049 2343 2223 2414 γονία
2253 2344 2586 2415 παρίστησιν
2605 2358 2619 2372 ·
2661 2342 2757 2396 καὶ
2781 2343 2879 2396 ἵνα
2917 2340 3087 2395 τᾶλλα
3111 2340 3294 2413 παρῶ,
3329 2340 3468 2402 τέως
3496 2335 3631 2406 γοῦν

2049 2437 2172 2499 Δία,
2207 2437 2301 2490 καὶ
2333 2437 2530 2507 ἸΔρεα,
2568 2438 2660 2490 καὶ
2703 2434 3043 2498 Ἀπόλλωνα,
3098 2435 3192 2488 καὶ
3252 2431 3484 2502 Ἑρμῆν,
3536 2429 3630 2484 καὶ

2053 2531 2344 2600 Ἄρτεμιν,
2375 2529 2469 2582 καὶ
2497 2528 2847 2598 Ἀφροδίτην,
2873 2527 2968 2581 καὶ
3008 2524 3249 2578 τοιοῦτον
3271 2523 3460 2592 ἐσμὸν,
3486 2520 3631 2591 ἅπερ

2049 2621 2291 2689 ὀνόματα
2330 2620 2470 2690 μετὰ
2519 2620 2581 2672 τὸ
2611 2618 3038 2689 κατασπαρῆναι
3072 2619 3163 2670 τὸν
3186 2619 3286 2686 τῆς
3314 2614 3634 2682 οἰκονοεόας

2049 2714 2228 2782 λόγον,
2256 2711 2686 2781 ἐξηλείφθησαν,
2711 2712 2770 2765 οῦ
2807 2711 2967 2782 μόνον
2995 2709 3064 2764 δι’
3086 2709 3211 2763 ὅλου
3245 2708 3340 2762 τοῦ
3363 2708 3636 2776 παρόντος

2051 2807 2268 2872 αἰῶνος,
2309 2805 2448 2859 ἀλλὰ
2505 2805 2600 2858 καὶ
2645 2802 2825 2875 πολλῷ
2883 2803 3120 2874 μάλιστα
3182 2800 3275 2854 τοῦ
3319 2799 3633 2869 μέλλοντος.

2051 2897 2252 2951 Τοῦτον
2277 2898 2385 2968 γὰρ
2412 2896 2587 2950 αἰῶνα
2604 2896 2793 2960 αἰῶνος
2816 2893 3048 2964 οἰητέον,
3071 2893 3128 2958 ὃς
3151 2894 3355 2964 κυρίως
3387 2889 3522 2944 αἰὼν
3544 2889 3634 2943 διά

2048 2991 2109 3044 τὸ
2137 2986 2277 3043 εἰναι
2309 2989 2682 3059 ἀεί.Σύνηθες
2741 2989 2798 3043 δὲ
2847 2991 2915 3059 τῇ
2959 2988 3154 3058 Γραφῇ
3205 2985 3274 3038 τά
3325 2983 3635 3054 τιμιώτερα

2049 3083 2265 3153 δηλοῦν,
2290 3083 2378 3136 διά
2405 3082 2500 3137 τοῦ
2530 3081 2736 3136 τοιοῦδε
2757 3084 3034 3152 σχήματος
3052 3099 3064 3112 ·
3080 3081 3214 3145 οἷον,
3236 3082 3403 3148 Ἀγια
3429 3077 3632 3146 ἁγίων,

2057 3174 2317 3248 ’ᾼσματα
2367 3174 2652 3249 ᾀσμάτων,
2709 3174 2963 3229 Σάϐϐατα
3024 3173 3337 3237 σαϐϐάτων,
3401 3172 3498 3224 καὶ
3558 3169 3632 3223 τὰ

2050 3268 2376 3325 τοιαῦτα.Ἣ
2407 3269 2466 3322 τὸ
2507 3271 2593 3335 εἰς
2614 3267 2717 3322 τὸν
2741 3267 2929 3322 αἰῶνα
2949 3266 3053 3322 τοῦ
3082 3266 3329 3332 αἰῶνος,
3358 3263 3634 3326 ἐπίτασις,

2060 3363 2185 3417 ἀντὶ
2217 3361 2334 3425 τοῦ,
2372 3363 2535 3434 μέχρι
2566 3360 2766 3426 παντός
2793 3379 2806 3394 ο
2857 3359 3209 3432 ἡγνοήθησαν
3241 3360 3352 3429 γάρ
3388 3356 3482 3410 τοῦ
3519 3355 3634 3408 λοιο

2060 3451 2164 3505 ποῦ
2194 3453 2543 3506 παντάπασιν
2564 3453 2618 3506 αἰ
2651 3452 3029 3524 δαιμονιῶδεις
3074 3449 3310 3516 τελεταὶ,
3370 3446 3630 3501 σϐεσθέν-

2059 3561 2170 3597 των
2201 3545 2387 3610 αὐτοῖς
2426 3547 2520 3600 καὶ
2550 3546 2660 3600 τῶν
2691 3545 2995 3614 ὀνομάτων.

366 3646 576 3700 sionem
609 3642 950 3714 significant:
992 3655 1091 3711 pro
1121 3653 1188 3692 eo
1217 3636 1364 3707 quod
1391 3643 1499 3698 est,
1529 3633 1583 3687 in
1606 3633 2025 3704 perpetuum.ln
2048 3639 2378 3695 oblivionem
2434 3643 2579 3696 enim
2646 3642 2871 3713 penitus
2951 3641 3078 3696 data
3138 3649 3268 3695 sunt
3323 3638 3632 3694 dannonum

366 3736 585 3794 illorum
615 3736 795 3795 ‘festa,
838 3747 906 3788 ac
938 3729 1329 3786 celebritates:
1384 3741 1689 3796 eorumque
1725 3727 1948 3782 nomina
1988 3729 2165 3788 deleta
2189 3733 2596 3804 quodammodo
2628 3744 2776 3801 sunt,
2812 3744 2868 3789 et
2905 3735 3197 3790 exstincta.

435 3827 602 3880 Vens.
623 3825 679 3877 -7.
707 3820 923 3877 Inimici
938 3819 1237 3890 defecerunt
1278 3818 1492 3888 framea!
1515 3833 1675 3888 usque
1721 3817 1774 3871 in
1794 3817 1954 3887 ﬁnem

2129 3824 2240 3880 Τοῦ
2301 3825 2522 3894 ἐχθροῦ
2568 3825 2858 3890 ἐξέλιπον
2892 3829 2952 3880 αι
2982 3826 3270 3896 ρομφαῖαι
3313 3827 3400 3894 εἰς
3436 3825 3633 3895 τέλος,

364 3930 413 3974 et
444 3919 682 3973 civitates
711 3912 1050 3970 destruzt'stt'.
1075 3909 1340 3973 Frameae,
1380 3910 1483 3964 hoc
1517 3921 1598 3965 est
1632 3909 1817 3979 gladii,
1856 3926 1947 3965 seu

2055 3915 2149 3970 καί
2207 3918 2416 3984 πόλεις
2463 3918 2760 3984 καθεῖλες.
2808 3919 3131 3990 Ῥωμφαίας
3185 3919 3350 3976 αὐτοῦ
3411 3933 3635 3990 νοητεον

367 4027 518 4066 arma
559 4009 794 4071 inimici,
829 4003 1207 4074 intelligendas
1241 4011 1388 4066 sunt,
1423 4002 1801 4073 ignominiosae
1844 4002 1947 4058 illa:

2055 4008 2116 4062 τὰ
2149 4008 2298 4080 πάθη
2343 4009 2446 4079 τῆς
2477 4009 2724 4080 ἀτιμίας,
2771 4004 2938 4064 δι’ὧν
2988 4013 3020 4082 ἡ
3063 4012 3210 4084 ψυχὴ
3258 4013 3634 4085 πληττομένη,

365 4103 656 4175 passiones
707 4109 873 4170 atque
924 4096 1173 4160 allectus,
1225 4095 1424 4166 quibus
1475 4095 1716 4149 humana
1762 4095 1944 4148 anima

2055 4100 2220 4173 νεκρὰ
2249 4100 2384 4172 πρὸς
2418 4101 2620 4172 ἀρετὴν
2673 4102 2970 4156 ἐντέθαπτο
3030 4104 3105 4172 τῷ
3151 4103 3386 4176 σώματι,
3442 4103 3634 4175 ὥσπερ

365 4215 474 4256 non
541 4212 706 4253 secus
773 4210 838 4249 ac
895 4192 1081 4264 gladio
1140 4206 1442 4262 percussa,
1495 4199 1550 4244 et
1598 4189 1818 4260 penitus
1873 4187 1940 4242 ad

2055 4193 2274 4265 σήματι.
2309 4192 2665 4268 Καθῃροῦντο
2696 4195 2740 4248 δ’
2775 4197 2832 4250 αἰ
2857 4196 3059 4263 πόλεις,
3097 4199 3510 4270 καταλυομένης
3535 4199 3634 4269 τῆς

363 4294 623 4347 virtutem
662 4299 879 4344 mortua
912 4285 1373 4357 jacebatolimin
1403 4299 1637 4354 corpore
1681 4283 1839 4354 quasi
1883 4284 1939 4338 in

2055 4284 2300 4348 ἀσεϐείας
2339 4284 2541 4349 αὐτῶν,
2574 4285 2668 4339 καὶ
2698 4285 2797 4358 τῆς
2833 4285 3119 4351 εὐσεϐείας
3165 4288 3634 4361 ἀντῳκοδομημέ-

362 4384 637 4454 sepulcro.
680 4378 974 4435 Destructa
1030 4385 1209 4432 autem
1257 4377 1499 4448 gentium
1545 4375 1844 4443 impietate,
1886 4384 1941 4428 et

2055 4393 2164 4447 mc.
2197 4376 2271 4429 Ἦ
2297 4378 2390 4430 καὶ
2413 4377 2600 4442 πόλεις
2629 4379 2976 4448 ὑποληπτέον
3012 4381 3138 4444 τοὺς
3175 4381 3522 4452 ἀνθρώπους,
3555 4377 3636 4446 οἷς

359 4476 627 4532 tellillcata
687 4471 915 4544 pietate,
973 4469 1273 4524 destructas
1336 4465 1766 4523 sunt-civitates
1834 4462 1937 4519 'Vel

2055 4467 2089 4518 1i
2117 4466 2370 4537 δαίμονες
2406 4467 2737 4522 ἐνεπαύοντο
2773 4469 2908 4539 (46).
2971 4469 3087 4524 Οὐκ
3137 4471 3368 4546 ἄκαιρον
3399 4471 3494 4526 καὶ⁵
3529 4472 3630 4524 πό·

361 4568 618 4622 σαίνὶσιιιοε
653 4567 805 4634 ipsos
839 4561 1090 4616 homines
1121 4559 1382 4630 intellige.
1430 4559 1484 4614 in
1535 4555 1738 4628 quibus
1774 4567 1936 4611 antea

2055 4564 2154 4621 ἰεις
2181 4561 2355 4612 εἰπεῖν
2391 4561 2484 4614 καὶ
2523 4561 2649 4625 τοὺς
2672 4562 2886 4630 ἐναγεῖέ
2919 4563 3079 4627 ναοὺς
3109 4565 3216 4616 τῶν
3267 4563 3527 4619 εἰδώλων.

359 4659 681 4715 lmhitahant
714 4666 769 4711 et
801 4653 1158 4724 quiescebant
1209 4653 1509 4708 daemones.
1564 4651 1890 4721 Quanquam
1929 4660 2251 4708 extraneum
2298 4641 2466 4711 etiam
2510 4671 2620 4712 non
2667 4656 2833 4712 fuerit
2884 4673 2985 4730 per
3037 4658 3312 4725 civitates,
3371 4659 3634 4714 obscmna

356 4755 629 4809 idolorum
660 4750 885 4804 delubra
912 4748 1238 4818 intelligere.

433 4845 600 4900 Periit
627 4842 885 4896 meritoria
935 4841 1052 4911 ejus
1109 4857 1227 4894 cum
1291 4841 1490 4894 sonitu.
1549 4836 1724 4895 Nemo
1787 4839 1934 4895 enim
1969 4844 2014 4900 ι)

357 4938 598 5009 amplius
639 4936 688 4990 ei
731 4933 1069 4992 sacriﬁcium
1104 4931 1307 4987 oﬂerre
1364 4932 1544 4998 novit,
1585 4940 1679 4986 aut
1709 4933 1970 4996 omnino,

356 5048 480 5088 eum
522 5033 800 5085 invocare.
857 5027 1013 5094 Quod
1053 5042 1182 5082 vero
1213 5026 1312 5090 ait,
1375 5042 1493 5080 cum
1543 5027 1740 5090 sonitu,
1795 5026 1937 5080 idem

357 5133 464 5188 est,
491 5122 636 5192 quod
675 5138 800 5176 cum
834 5120 1102 5175 clamore.
1157 5117 1463 5172 Clamantia
1495 5119 1637 5172 enim
1670 5117 1938 5173 dzernonia

358 5232 387 5269 a
418 5215 652 5269 Dmnino
699 5213 1002 5284 fugiebant.
1031 5209 1130 5264 νει
1182 5227 1301 5264 cum
1349 5212 1551 5276 sonitu,
1601 5210 1654 5265 id
1691 5219 1778 5266 est
1815 5225 1939 5264 cum

352 5308 616 5378 jar-tentia
675 5306 789 5368 illa,
846 5319 912 5358 ac
951 5301 1212 5373 superbia
1249 5311 1391 5357 :-aut
1440 5318 1564 5356 cum
1605 5300 1939 5357 clamoribus

366 5399 477 5453 illis
523 5411 577 5452 et
623 5399 876 5452 cantibus
940 5394 1362 5451 sacrificiorum.
1429 5393 1703 5463 Singulari
1757 5402 1938 5450 autem

360 5505 616 5546 sermone
640 5491 693 5542 in
717 5490 1020 5543 daemonem
1047 5487 1347 5552 invehitur,
1375 5487 1601 5557 impium
1627 5501 1750 5541 eum
1777 5496 1942 5556 atque

367 5585 653 5639 inimicnni
714 5580 1048 5651 appellans,
1119 5580 1298 5650 ipsum
1358 5580 1458 5634 hoc
1507 5592 1665 5651 pacto
1707 5579 1940 5634 aliorum

2128 4839 2431 4897 Ἀπώλετο
2481 4841 2551 4896 τὸ
2605 4843 3008 4913 μνημόσυνον
3041 4842 3244 4898 αὐτῶν
3275 4844 3403 4914 μετ’
3454 4842 3634 4913 ἤχου.

2047 4930 2236 4994 Οὐδεὶς
2264 4932 2370 5005 γὰρ
2396 4931 2544 5004 αῦτῷ
2565 4933 2758 4990 θυσίαν
2790 4935 3124 5007 προσφέρειν
3141 4929 3271 5001 οἶδε,
3295 4935 3328 5007 ἦ
3356 4934 3494 5000 ὅλως
3515 4937 3636 4988 ἐπι·

2047 5021 2354 5084 καλεῖσθαι.
2374 5025 2448 5078 Τὸ
2474 5025 2552 5092 δέ,
2575 5026 2706 5096 μετ’
2737 5025 2915 5096 ἤχου,
2950 5027 3093 5094 ἀντὶ,
3112 5027 3257 5098 μετά
3273 5027 3401 5099 βοῆς
3422 5044 3437 5058 ·
3469 5027 3635 5100 βοῶν⁹

2046 5131 2114 5168 τα
2150 5115 2258 5187 γὰρ
2301 5116 2530 5186 ἔφευγον
2576 5118 2646 5171 τὰ
2695 5118 2970 5189 δαιμόνια.
3005 5119 3075 5173 Ἢ
3124 5120 3219 5173 καὶ
3267 5120 3398 5190 μετ’
3449 5119 3630 5190 ἤχου,

2048 5208 2189 5276 ἀντὶ,
2233 5209 2425 5267 κολετο
2482 5211 2622 5282 μετὰ
2677 5211 2777 5281 τῆς
2809 5211 3128 5276 ἀλαζονείας
3180 5212 3417 5282 ἐκείνης,
3451 5213 3486 5284 ἢ
3541 5212 3633 5265 καὶ

2047 5302 2148 5370 τῆς
2198 5306 2446 5379 κραυγῆς
2498 5303 2607 5358 τῶν
2634 5303 2953 5376 ἐπιϐωμίων
2991 5305 3278 5376 ᾀσμάτων.
3318 5303 3543 5366 Ἐνικῶς
3575 5300 3632 5358 δέ

2051 5391 2396 5448 καθάπτεται
2440 5393 2532 5448 τοῦ
2567 5395 2841 5466 δαίμονος,
2871 5395 3047 5464 ἀσεϐῆ
3080 5394 3272 5450 τοῦτον
3306 5397 3399 5449 καὶ
3432 5395 3623 5465 ἐχθρὸν

2051 5485 2357 5557 ὀνομάζων,
2387 5488 2480 5540 τὸν
2533 5489 2844 5560 προστάτην
2895 5489 3004 5542 τῶν
3053 5489 3313 5542 ἐναντίων
3346 5487 3630 5557 δυνάμεων

2055 5580 2254 5650 μᾶλλον
2306 5580 2564 5652 ὑϐρίζων,
2599 5582 2670 5646 ὡς
2707 5581 2802 5636 καὶ
2833 5585 2943 5646 τοῖς
2979 5581 3157 5646 άὶὲοις
3189 5584 3358 5636 αἴτιον
3389 5584 3620 5634 ἀποστα-

1706 5758 1908 5822 Varite
1940 5757 2273 5820 lectiones.

430 5866 541 5942 (46)
577 5864 658 5919 ἴσ.
696 5864 861 5918 ἐπα-λε
873 5860 1126 5917 natione.
