3970 6572
315 499 415 566 145

1451 498 1661 560 COMM
1675 495 1840 561 ENT.
1888 498 1972 560 IN
2003 498 2364 560 PSALMOS.

3473 486 3571 551 li’i

312 615 431 676 σίας
453 609 740 682 γινομενον
767 623 780 640 ·
820 608 890 663 δι’
918 607 1088 663 αὐτοῦ
1117 608 1197 673 δὲ,
1232 607 1328 662 καὶ
1361 610 1567 664 τούτων
1591 611 1691 681 οὐχ
1732 606 1894 682 ἦττον

2025 608 2308 664 Ιωιηοιιιιιη
2345 607 2628 679 prmsidem
2687 609 2858 678 magis
2905 609 3225 678 objurgans,
3276 603 3442 660 veluti
3479 605 3573 674 qui

311 705 660 776 κατατρέχει.

376 883 484 940 Kal
521 886 556 938 ὀ
596 884 809 952 Κύριος
841 884 928 950 είς
966 883 1076 939 τὸν
1121 883 1312 940 αίῶνα
1361 886 1556 956 μένει.
1599 889 1658 950 ὀ
1692 889 1900 962 Κύριος

310 980 418 1040 τοῖς
448 975 666 1030 ἔθνεσιν
698 973 842 1029 εἶναι
873 976 1268 1048 πιστευόμενος
1297 977 1428 1050 ἄχρι
1459 981 1775 1048 συντελείας
1793 1000 1808 1016 ο
1838 982 1901 1036 τὸ

311 1069 648 1139 ἀμετάθετον
694 1068 805 1140 γάρ
852 1069 952 1141 τῆς
1003 1069 1290 1137 εὐσεϐείας
1319 1073 1431 1127 τῶν
1462 1072 1775 1146 δεξαμένων
1799 1076 1900 1130 αὐ-

312 1163 407 1234 τὴν
434 1165 463 1218 ὁ
493 1161 654 1233 λόγος
675 1161 949 1219 διδάσκει.

390 1430 749 1501 Ἠτοίμασεν
780 1432 852 1488 ἐν
896 1433 1091 1504 κρίσει
1124 1436 1232 1490 τὸν
1257 1438 1475 1506 θρόνον
1518 1438 1728 1496 αὐτοῦ.
1764 1441 1905 1514 Περὶ

311 1520 407 1588 τῆς
435 1521 580 1574 κατά
630 1521 720 1575 τὸν
765 1524 1014 1592 παρόντα
1069 1526 1184 1596 βίον
1213 1528 1354 1600 ὑπὲρ
1384 1529 1541 1600 ἡμῶν
1583 1532 1905 1602 ἀναλήψεως

312 1614 402 1667 τοῦ
453 1614 715 1686 Σωτῆρος
770 1617 970 1688 μικρὸν
1027 1618 1234 1672 ἄνωθεν
1269 1620 1462 1686 είπὼν,
1511 1621 1606 1676 νῦν
1654 1623 1752 1677 καὶ
1806 1623 1904 1694 τὴν

315 1707 623 1778 μέλλουσαν
651 1709 974 1778 αἰνίττεται,
1016 1711 1116 1784 τὴν
1161 1712 1395 1768 καθόλου
1453 1714 1550 1769 καὶ
1582 1717 1904 1773 τελευταίαν

313 1801 404 1851 καὶ
433 1799 684 1872 φοϐερὰν
726 1802 894 1857 αὐτοῦ
943 1804 1250 1872 ἐπέλευσιν,
1302 1808 1432 1863 ὅταν
1458 1809 1678 1881 ἑκάστῳ
1711 1811 1904 1866 ἀποδί-

311 1891 438 1946 δωσι
489 1898 640 1948 κατά
671 1896 739 1950 τὰ
771 1896 910 1968 ἔργα
959 1898 1146 1956 αὐτοῦ.
1201 1901 1275 1955 Τὸ
1303 1902 1362 1956 δὲ
1391 1903 1774 1974 Ἠτοίμασεν,
1809 1908 1904 1961 ἀν-

313 1985 608 2055 θρωπίνως
631 1989 874 2061 εἴρηται.

383 2079 491 2130 Καὶ
515 2081 713 2148 αὐτὸς
769 2083 965 2152 κρινεῖ
1012 2086 1128 2155 τὴν
1171 2091 1538 2160 οἰκουμένην
1575 2095 1647 2148 ἐν
1677 2095 1907 2152 δικαιο-

313 2172 469 2241 σύνῃ
490 2189 505 2203 ’
543 2175 742 2241 κρινεῖ
766 2177 958 2244 λαοὺς
981 2177 1050 2232 ἐν
1081 2183 1383 2251 εὐθύτητι.
1414 2183 1578 2239 Oixo'u
1590 2187 1760 2256 μένην
1807 2189 1910 2258 μὲν

313 2265 458 2334 λέγει
490 2269 626 2334 τοὺς
653 2273 903 2338 πιστοὺς,
957 2277 1090 2346 παρ’
1121 2271 1204 2340 οἷς
1234 2278 1408 2332 οἰκεῖν
1445 2281 1774 2336 πιστεύεται
1821 2283 1909 2337 διὰ

312 2357 419 2411 τῶν
443 2360 772 2433 ἁπανταχοῦ
797 2365 940 2419 ναῶν
963 2384 976 2398 ·
1011 2366 1174 2431 λαοὺς
1199 2368 1277 2430 δὲ,
1327 2371 1664 2437 τούςᾶλλους
1695 2374 1908 2446 ἀνθρώ-

317 2469 471 2517 πους,
512 2455 655 2522 παρ’
686 2452 770 2520 οἷς
807 2457 1000 2529 λόγχαι
1047 2459 1258 2515 δασεῖαι
1294 2461 1403 2516 τῶν
1449 2464 1662 2530 παθῶν,
1699 2461 1792 2530 οἷς
1816 2463 1909 2529 ¹οἷα

317 2544 478 2615 θῆρες
497 2549 545 2601 οἱ
573 2548 833 2637 δαίμονες
865 2552 1291 2621 ἐμφωλεύουσιν·
1309 2557 1484 2622 ἄλλως
1517 2559 1626 2627 γὰρ
1643 2560 1910 2628 ἐκείνους,

315 2637 405 2688 καὶ
433 2637 620 2704 ἄλλως
635 2640 862 2706 τούτους
890 2649 1082 2714 κρινεῖ,
1111 2647 1351 2713 δυνατῶς
1386 2650 1648 2718 δυνατοὺς
1678 2655 1908 2721 ἐτάξων,

318 2729 408 2781 καὶ
442 2729 588 2802 πρὸς
623 2731 723 2804 τὴν
769 2734 984 2802 πίστιν,
1023 2739 1117 2791 καὶ
1151 2740 1250 2809 τὴν
1297 2743 1556 2797 ἀπιστίαν
1601 2745 1804 2801 αὐτῶν.
1840 2749 1912 2800 Ἣ

317 2821 406 2874 καὶ
435 2822 497 2876 τδ
532 2824 735 2891 λαοὺς
769 2827 1015 2896 ἐπάγων,
1048 2831 1105 2883 τὸ
1157 2832 1260 2901 τῆς
1293 2834 1625 2908 οἰκουμένης
1647 2837 1914 2908 ἐσαφήνι-

318 2928 406 2964 σεν
427 2913 638 2985 νόημα,
673 2918 783 2972 ἀπὸ
813 2921 909 2975 τοῦ
945 2923 1296 2994 περιέχοντος
1324 2927 1451 2991 τοὺς
1483 2932 1913 3001 περιεχομένους

317 3005 704 3079 ὐποδηλὼσας.
746 3014 826 3084 Τῇ
886 3015 1063 3085 κρίσει
1119 3017 1196 3083 δὲ,
1251 3019 1352 3088 τὴν
1400 3021 1757 3091 δικαιοσύνην
1817 3026 1914 3078 καὶ

317 3095 412 3166 τὴν
445 3098 728 3172 εὐθύτητα
781 3103 1064 3176 κηρύττει,
1121 3108 1181 3160 τὸ
1226 3108 1321 3162 τοῦ
1358 3110 1637 3182 κρίνοντος
1661 3115 1913 3186 ἀπαρέκο

321 3189 529 3247 κλιτον.

387 3463 494 3517 Καὶ
521 3463 768 3533 ἐγένετο
822 3468 1037 3536 Κύριος
1072 3471 1388 3542 καταφυγὴ
1431 3470 1511 3538 τῷ
1541 3473 1776 3543 πένητι.
1810 3477 1916 3530 Πέ-

323 3572 417 3625 νης
446 3558 562 3629 γὰρ
598 3559 678 3621 είς
702 3559 987 3615 εὐσέϐειαν
1040 3564 1134 3616 καὶ
1168 3564 1372 3636 ἀρετὴν
1400 3567 1427 3619 ὁ
1458 3566 1518 3632 ἐξ
1565 3567 1735 3621 ἐθνῶν
1763 3569 1914 3636 λαὸς,

320 3640 362 3714 ᾧ
384 3653 784 3705 πεπιστευκότι
830 3653 1122 3728 καταφυγὴ
1153 3657 1376 3726 γέγονεν
1401 3660 1429 3710 ὁ
1456 3659 1618 3724 Θεός·
1662 3662 1690 3713 ὁ
1719 3664 1827 3733 γὰρ
1853 3665 1913 3717 ἐν

323 3743 570 3812 χρήμασι
624 3744 874 3811 πλοῦτος,
927 3747 1158 3808 ἄπιστος
1215 3752 1308 3804 καὶ
1359 3751 1632 3817 ἀϐέϐαιος.
1696 3755 1765 3810 Ἦ
1818 3758 1913 3810 καὶ

322 3833 476 3888 τοῦτο
514 3836 771 3906 βούλεται
807 3839 1038 3910 δηλοῦν,
1089 3841 1164 3906 ὡς
1196 3843 1296 3898 οὐκ
1345 3843 1459 3898 ἐστι
1490 3849 1642 3920 παρά
1679 3848 1757 3920 τῷ
1796 3850 1916 3919 Θεῷ

323 3930 797 3999 προσωποληψίαο
833 3934 929 3985 καὶ
957 3933 1047 3987 τὸν
1105 3937 1322 4007 πτωχὸν
1338 3937 1446 4006 γὰρ
1495 3941 1920 4012 καταφεύγοντα

322 4017 560 4088 δέχεται,
594 4022 689 4076 καὶ
716 4023 816 4078 οὐκ
843 4024 1269 4096 ἀποστρέφεται.

1999 701 2318 757 rebellionis
2366 716 2529 756 causa
2587 702 2696 756 illis
2749 701 2980 765 exstitit,
3029 699 3250 754 tametsi
3296 713 3393 769 per
3448 713 3573 752 eum

2001 806 2231 850 caeteros
2259 791 2619 848 nihilominus
2647 793 2812 846 etiam
2853 802 3065 862 carpat.
3106 777 3108 780 ﬁ

2074 887 2241 943 Vens.
2293 887 2348 943 8.
2409 886 2480 940 Et
2548 886 2804 940 Dominus
2851 886 2906 938 in
2959 883 3215 939 swculum
3278 889 3624 949 permanet.

2005 982 2292 1038 Dominum
2332 995 2486 1045 vero,
2529 979 2727 1050 inquit,
2777 979 2964 1034 ﬁdeles
2996 993 3060 1032 ex
3109 977 3366 1047 gentibus
3402 990 3579 1041 usque

2001 1074 2068 1129 ad
2103 1072 2640 1129 consummationem
2700 1085 3120 1141 permansurum
3177 1069 3426 1123 credunt.
3484 1067 3579 1120 llis

2000 1165 2150 1221 enim
2179 1163 2385 1229 verbis,
2435 1163 2609 1220 semel
2661 1173 2900 1233 receptae
2960 1161 3085 1216 ﬁdei
3143 1162 3437 1221 stabilitas,
3493 1170 3578 1214 at-

2003 1272 2112 1328 que
2168 1255 2339 1327 ipsius
2401 1255 2667 1312 Ecclesia:
2742 1253 3277 1310 incommutabililas
3348 1254 3579 1308 denota-

2004 1360 2116 1406 ιιιτ.

2079 1441 2300 1497 Paravit
2343 1443 2398 1497 in
2441 1442 2644 1512 judicio
2699 1443 2943 1497 thronum
2997 1454 3172 1493 suum.
3224 1437 3360 1492 Cum
3417 1436 3582 1508 paulo

2005 1536 2262 1607 superius
2300 1535 2369 1590 de
2414 1534 2714 1589 Salvatoris
2769 1533 2967 1588 dixerit
3017 1531 3418 1600 assumptione,
3462 1543 3584 1598 qua:

2009 1627 2063 1680 in
2095 1627 2354 1697 praesenti
2394 1625 2504 1679 vita
2536 1625 2676 1678 facta
2717 1630 2823 1688 est,
2877 1635 3022 1676 nunc
3051 1621 3115 1674 de
3144 1617 3329 1674 futura
3366 1619 3530 1672 tradit
3565 1635 3581 1672 :

2009 1717 2078 1774 de
2130 1716 2330 1772 ultimo
2391 1717 2654 1772 nimirum
2718 1725 2772 1772 et
2838 1715 3074 1772 terribili
3138 1716 3259 1785 ejus
3323 1713 3583 1772 adventu.

2005 1807 2229 1876 quando
2287 1807 2586 1878 unicuique
2627 1807 2782 1877 juxta
2817 1808 3039 1878 propria
3082 1819 3247 1876 opera
3293 1803 3582 1859 retribuet.

2011 1900 2170 1967 Quod
2196 1916 2327 1956 vero
2357 1901 2434 1956 ait
2459 1901 2702 1966 Paravit,
2753 1901 3056 1956 humanum
3097 1900 3152 1955 in
3202 1911 3410 1954 morem
3450 1910 3586 1951 con-

1938 1967 1980 2021 B
2009 1996 2354 2051 descendens
2377 1995 2594 2050 locutus
2621 2000 2727 2050 cst.

2081 2087 2246 2144 Vens.
2278 2088 2330 2142 9.
2374 2087 2437 2142 Et
2464 2089 2574 2157 ipse
2603 2087 2869 2158 judicabit
2893 2085 3067 2141 orbem
3099 2094 3252 2139 ιρι-ναν
3274 2084 3327 2138 in
3349 2082 3586 2153 justitia,

1965 2181 2266 2258 gjutlicabit
2295 2181 2516 2251 populos
2562 2185 2617 2234 iu
2671 2179 3008 2234 rectitudine.
3071 2177 3176 2233 Per
3224 2177 3397 2233 orbem
3439 2185 3592 2229 terra:

2010 2275 2132 2348 [seu
2161 2275 2342 2345 potius
2375 2289 2439 2330 ut
2470 2277 2526 2329 in
2562 2274 2756 2331 Graeco
2787 2276 3042 2340 habetur,
3080 2287 3175 2342 per
3198 2267 3590 2340 habitat».’lcm],

2013 2369 2202 2424 ﬁdeles
2226 2368 2502 2438 intelligit,
2537 2369 2682 2438 apud
2709 2383 2848 2436 quos
2880 2367 3132 2422 habitare
3170 2364 3312 2419 Dens
3345 2363 3594 2416 creditur

2013 2463 2069 2517 in
2099 2463 2358 2518 omnibus
2388 2461 2675 2517 Ecclesiis.
2712 2460 2951 2530 Pepulos
2984 2473 3112 2513 vero
3149 2467 3376 2513 cancros
3408 2455 3590 2508 bomi-

2013 2571 2111 2610 nes
2139 2555 2397 2626 appellat,
2426 2555 2568 2622 apud
2601 2569 2741 2624 quos
2775 2555 2957 2607 densae
3015 2559 3144 2605 sunt
3205 2549 3496 2604 aﬁectnum
3532 2567 3595 2603 nc

2015 2649 2336 2718 passionum
2394 2648 2568 2711 silvae,
2606 2648 2660 2701 in
2712 2660 2947 2716 quorum
3012 2643 3239 2698 latebris
3293 2641 3593 2700 daemones,

2014 2742 2252 2796 ferarum
2319 2741 2498 2795 instar
2561 2747 3001 2794 commorantur.
3049 2736 3226 2789 Aliter
3271 2734 3415 2788 enim
3471 2733 3596 2786 illos

2017 2832 2299 2893 Dominus,
2367 2838 2534 2901 atque
2588 2830 2752 2885 aliter
2782 2829 2916 2884 istos
2981 2826 3272 2896 judicab’t,
3347 2831 3596 2894 potentes

2015 2925 2274 2980 nimirum
2304 2933 2560 2994 potenter
2598 2925 2916 2992 exquirens,
2944 2921 3102 2993 juxta
3157 2919 3374 2972 illorum
3416 2916 3597 2978 ﬁdem,

2015 3025 2180 3087 atque
2207 3015 2613 3072 inﬁdelitatem.
2652 3013 2750 3069 Vel
2780 3014 2911 3068 dum
2971 3011 3192 3082 populos
3223 3009 3374 3072 dicit,
3421 3006 3599 3076 magis

2015 3113 2260 3167 declarat
2294 3111 2443 3183 quod
2481 3110 2696 3165 dixerat
2730 3108 2919 3164 orbem
2977 3117 3155 3169 terrae,
3212 3116 3420 3173 ponens
3451 3101 3598 3170 quod

2018 3208 2264 3259 continet
2305 3220 2406 3275 pro
2434 3219 2498 3259 eo
2527 3219 2637 3273 quo
2672 3208 2993 3257 contentum
3023 3207 3126 3252 cst.
3162 3194 3383 3249 Judicio
3418 3203 3596 3247 autem

1939 3317 1981 3374 ρ
2015 3296 2290 3363 justitiam
2347 3306 2402 3350 et
2447 3294 2835 3350 rcctitndinem
2894 3291 3252 3369 complicatis,
3294 3287 3598 3357 judicantis

2019 3388 2388 3452 integritatem
2421 3387 2702 3456 praedicat.

2092 3479 2264 3536 Vsus.
2298 3481 2385 3535 10.
2421 3480 2489 3534 Et
2521 3481 2696 3549 factus
2727 3487 2805 3532 est
2857 3475 3114 3530 Dominus
3154 3472 3416 3542 refugiunt
3467 3486 3602 3539 pan-

2017 3575 2151 3644 peri.
2201 3572 2416 3643 Pauper
2455 3572 2586 3626 olim
2634 3578 2754 3626 erat
2802 3571 3036 3641 populus
3089 3567 3333 3638 gentilis,
3401 3565 3604 3620 virtute

2020 3664 2283 3720 nimirum
2317 3673 2370 3720 et
2410 3663 2682 3732 religione
2735 3679 2749 3716 ι
2792 3662 2880 3716 cui
2917 3669 3042 3732 post
3097 3667 3377 3728 acceptam
3443 3655 3601 3710 fidem

2027 3760 2292 3817 Dominus
2327 3759 2506 3815 factus
2537 3768 2624 3814 est
2649 3757 2923 3829 refugium
2965 3773 2978 3807 :
3008 3754 3210 3810 divitiae
3228 3752 3370 3808 enim
3394 3765 3513 3819 qum
3546 3749 3602 3804 in

2027 3854 2276 3926 pecuniis
2317 3851 2798 3920 consistnnl,,quia
2837 3849 3061 3904 incertat
3111 3855 3274 3916 atque
3316 3841 3606 3898 instabiles

2025 3957 2179 4012 sunt,
2211 3947 2412 4001 divitia:
2456 3960 2599 4000 verat
2645 3943 2857 4000 censeri
2914 3956 3025 3994 non
3091 3939 3315 3994 debent.
3351 3935 3446 3991 Vel
3503 3935 3608 3989 hoc

2028 4037 2190 4092 nobis
2220 4036 2363 4092 forte
2394 4035 2569 4091 voluit
2618 4035 2882 4106 propheta
2921 4031 3240 4102 signiﬁcare
3289 4027 3434 4096 quod
3466 4026 3606 4096 apud

280 4105 494 4167 ineunt
547 4113 702 4166 nulla
766 4124 851 4170 est
904 4121 1151 4189 acceptio
1209 4135 1596 4191 personarum,
1662 4127 1920 4200 quodque
1958 4145 2259 4201 pauperem
2314 4145 2470 4200 teque
2515 4143 2580 4185 ac
2623 4105 2849 4184 divitem
2885 4127 2951 4181 ad
3016 4140 3075 4181 se
3111 4126 3408 4195 fugientem
3487 4135 3609 4177 sns-

325 4204 479 4273 cipit.

295 4295 301 4302 ’
395 4299 632 4368 Βοηθὸς
680 4301 750 4354 ἐν
786 4305 1134 4373 εὐκαιρίαις,
1173 4308 1244 4362 ἐν
1299 4309 1569 4380 aliti-eat.
1630 4313 1919 4382 Καταιφεύ-

326 4403 477 4455 γοντι
509 4389 721 4461 βοηθεῖ,
749 4393 840 4446 καὶ
872 4394 930 4446 ἐν
963 4395 1294 4464 εὐκαιρίαις,
1324 4401 1602 4456 τουτέστιν
1629 4403 1687 4456 ἐν
1713 4405 1918 4475 εὐημε-

331 4482 495 4551 ρίαις,
523 4485 621 4538 καὶ
649 4487 706 4538 ἐν
741 4485 984 4557 θλίψεσι⁹
1022 4489 1144 4543 καθ’
1172 4491 1334 4546 ἑαυτὸ
1379 4493 1486 4564 γὰρ
1519 4493 1751 4549 ἕκαστον
1783 4499 1919 4550 ἀπο-

329 4575 504 4642 λύτως
539 4578 938 4646 ἀναγνωστέον.
989 4583 1062 4636 Οὐ
1099 4584 1261 4653 μόνον
1285 4584 1392 4654 γὰρ
1412 4588 1463 4639 oi
1496 4589 1554 4639 tv
1586 4592 1917 4660 συμφοραῖς,

329 4668 467 4722 ἀλλά
501 4669 601 4724 καὶ
625 4670 675 4722 oi
707 4672 764 4724 ἐν
797 4674 1147 4744 εὐπραγίαις,
1180 4675 1378 4747 βοηθοῦ
1423 4679 1660 4747 μάλιστα
1687 4682 1920 4754 χρῄζου-

332 4777 438 4828 σιν,
473 4763 568 4817 {va
595 4761 823 4834 βεϐαίαν
861 4765 959 4837 τὴν
986 4767 1332 4839 εὐδαιμονίαν
1365 4770 1666 4840 φυλάξωσι,
1700 4775 1796 4828 καὶ
1845 4775 1920 4846 μὴ

332 4854 653 4923 ἐμπέσωσιν
710 4859 791 4921 είς
836 4859 1134 4930 ρᾳθυμίαν,
1167 4861 1267 4933 τὴν
1323 4865 1534 4936 μητέρα
1564 4866 1671 4919 τῶν
1705 4884 1920 4938 συμφο-

337 4944 467 5016 ρῶν.
504 4947 667 5011 Τινές
691 4949 748 5002 δὲ
773 4951 855 5014 τὸ,
892 4954 961 5005 ἐν
979 4954 1328 5023 εὐκαιρίαις,
1359 4957 1667 5029 ἐπικαίρως
1691 4961 1921 5032 εἰρήκα-

336 5053 442 5101 σιν,
502 5039 927 5110 ἑρμηνεύοντες,
981 5044 1064 5097 ὅτι
1112 5046 1331 5114 ἐγένετο
1363 5047 1569 5118 Κύριος
1613 5049 1808 5121 βοηθὸς
1860 5053 1920 5108 ἐν

336 5128 587 5275 ἓλξψεσιν
619 5134 948 5208 ἐπικαίρως,
977 5138 1146 5210 ἡγουν
1175 5142 1256 5204 είς
1286 5141 1479 5213 καιρὸν
1505 5142 1758 5213 δεόμενον
1795 5143 1923 5218 βοη-

371 5240 395 5275 ε
424 5243 511 5275 ας-

371 5224 511 5289 είας.

2097 4317 2330 4386 Adjutor
2367 4317 2420 4370 in
2452 4314 2916 4386 prosperitatibus,
2941 4313 2998 4367 in
3051 4309 3417 4364 tribulatione.
3466 4308 3610 4360 (Σου-

2027 4408 2303 4480 fugientes
2335 4409 2401 4464 ad
2438 4423 2497 4464 se
2526 4407 2668 4463 Deus
2699 4405 2948 4476 adjuvat,
2997 4403 3113 4459 sive
3139 4402 3194 4456 in
3224 4397 3612 4470 prosperitati-

2028 4505 2154 4566 bus,
2182 4505 2287 4556 boc
2315 4510 2400 4558 est
2443 4501 2724 4557 felicitatis
2779 4509 3050 4568 tempore,
3113 4495 3462 4566 confugiant,
3495 4493 3610 4546 sive

2029 4599 2082 4652 in
2108 4598 2483 4652 tribulatione.
2520 4591 2969 4664 Unumquodque
2996 4590 3144 4645 enim
3165 4605 3262 4659 per
3283 4603 3342 4643 se
3361 4586 3612 4642 absolute

2027 4688 2320 4760 legendum
2352 4699 2460 4746 est.
2514 4685 2706 4756 Neque
2740 4685 2890 4740 enim
2926 4684 2965 4738 ii
2999 4683 3177 4738 solum
3211 4679 3421 4736 auxilio
3463 4678 3612 4732 indi-

2025 4794 2156 4855 gent
2196 4772 2288 4854 qni
2328 4785 2384 4839 in
2417 4780 2830 4838 calamitatibus
2866 4787 3018 4843 sunt,
3065 4777 3160 4833 sed
3189 4777 3266 4831 illi
3305 4775 3470 4830 etiam
3517 4773 3610 4843 qui

2025 4877 2081 4933 in
2124 4875 2606 4946 prosperitatibus,
2640 4882 2700 4928 ut
2728 4870 3044 4927 felicitatem
3079 4885 3232 4924 suam
3263 4873 3611 4926 conservent,

2026 4976 2172 5023 etne
2207 4967 2259 5020 in
2294 4966 2592 5038 ignaviam,
2618 4963 2992 5019 calamitatum
3041 4968 3300 5023 matrem,
3333 4956 3612 5012 decidant.

2029 5060 2211 5131 Aliqui
2277 5058 2441 5114 etiam
2503 5058 2692 5130 legunt
2756 5053 2824 5110 In
2895 5051 3402 5124 opportunitatibus,
3464 5047 3610 5119 [cum

1978 5193 1990 5200 .
2031 5148 2219 5208 Graeca
2256 5150 2424 5206 dictio
2458 5148 2717 5220 εὐκαιρία
2744 5162 2854 5203 non
2894 5144 3316 5215 prosperitatem
3375 5147 3610 5198 tantum,

2037 5239 2134 5294 sed
2169 5239 2640 5308 opportunitatem
2680 5235 2846 5293 etiam
2889 5231 3211 5304 signiticet],
3244 5230 3614 5299 intelligentes

338 5319 484 5385 quod
547 5318 814 5376 Dominus
870 5330 1177 5392 opportune
1212 5323 1265 5378 in
1309 5325 1768 5383 tribulationibus
1826 5344 1927 5385 nos
1966 5330 2198 5402 adjuvit.
2228 5333 2339 5388 lloc
2369 5341 2452 5388 est
2482 5331 2578 5388 illo
2604 5339 2854 5402 tempore
2889 5343 3000 5398 quo
3057 5334 3176 5398 ejus
3217 5322 3425 5377 auxilio
3490 5337 3617 5376 vere

338 5414 745 5484 indigebatnns.

411 5508 522 5561 Kal
556 5505 992 5561 ἐλπισάτωσαν
1025 5505 1122 5564 ἐπὶ
1158 5511 1258 5564 σοὶ
1303 5513 1358 5565 οὶ
1410 5510 1815 5580 γινώσκοντες
1858 5520 1925 5569 τὸ

341 5599 534 5670 ὄνομά
559 5617 700 5665 σου,
735 5599 824 5654 ὅτι
850 5603 962 5658 οὐκ
1001 5603 1390 5674 ἐγκατέλιπες
1439 5604 1581 5673 τοὺς
1611 5607 1930 5675 ἐκζητοῦν-

345 5691 454 5758 τάς
483 5709 579 5759 σε,
633 5695 831 5763 Κύριε.
876 5695 986 5749 Καὶ
1037 5696 1224 5750 λοιπὸν
1267 5697 1546 5751 ἐλπιοῦσιν
1588 5698 1679 5751 ἐπὶ
1709 5702 1811 5761 σοὶ,
1853 5699 1930 5764 ὡς

349 5785 497 5855 μόνῳ
521 5787 809 5860 δυναμένῳ
841 5789 1056 5854 σώζειν,
1074 5793 1120 5845 oi
1152 5791 1512 5859 γινώσκοντες
1536 5793 1596 5846 τὸ
1612 5793 1782 5862 ὄνομά
1809 5810 1926 5858 σου,

347 5883 625 5938 τουτέστιν
656 5883 738 5945 σὲ,
762 5885 903 5938 κατὰ
929 5886 1277 5959 περίφρασιν,
1316 5887 1483 5960 ἤγουν
1507 5889 1553 5942 oi
1583 5887 1932 5951 πιστεύοντες

348 5979 431 6041 et;
463 5978 541 6037 σέ.
576 5979 738 6047 Τινὲς
764 5981 874 6054 γὰρ
904 5981 1012 6038 ἀπὸ
1048 5982 1143 6038 τοῦ
1205 5981 1500 6055 Ἐϐραϊκοῦ
1532 5983 1594 6038 τὸ
1639 5982 1927 6041 Ἐλπισά-

2103 5517 2270 5571 Vens.
2300 5513 2384 5568 ll.
2417 5511 2488 5567 Et
2527 5520 2732 5581 sperent
2781 5511 2838 5565 in
2879 5517 2928 5565 te
2972 5509 3063 5582 qui
3111 5515 3365 5563 noverunt
3430 5525 3618 5562 nomen

2035 5621 2203 5675 tuum,
2246 5609 2373 5678 quia
2400 5624 2503 5660 non
2532 5605 2859 5674 dereliquisti
2907 5605 3238 5676 exquirentes
3267 5612 3338 5669 te,
3374 5601 3618 5656 Domine.

2036 5703 2331 5772 Deinceps,
2381 5698 2558 5770 inquit
2596 5716 2610 5752 :
2644 5696 2945 5768 Sperabam
2977 5697 3126 5764 inte,
3154 5695 3320 5751 veluti
3356 5696 3502 5750 ineo
3524 5696 3618 5762 qui

2040 5794 2192 5850 Solus
2228 5802 2404 5862 potest
2435 5790 2683 5858 salvare;
2723 5789 2823 5855 illi,
2855 5789 3106 5858 inquam,
3162 5787 3490 5858 sperabunt,
3527 5785 3620 5852 qui

2040 5903 2242 5942 nomen
2279 5895 2458 5950 tuum,
2507 5884 2612 5938 boc
2667 5892 2753 5937 cst
2816 5882 3052 5950 teipsum
3111 5887 3404 5934 noverunt.
3447 5877 3525 5930 Ac.
3571 5875 3617 5928 si

2041 5981 2188 6039 dicat
2227 5997 2242 6037 :
2276 5979 2314 6035 li
2371 5979 2463 6052 qui
2515 5978 2750 6037 credunt
2801 5977 2856 6034 in
2909 5983 2984 6032 te.
3037 5973 3270 6043 Quidam
3320 5972 3480 6030 etiam
3520 5981 3620 6041 pro

2472 6216 2500 6228 κο
