3956 6610
358 435 459 504 151
1247 486 1254 491 -
1604 451 1920 513 EUTHYM

2080 453 2360 521 [GABEN
2368 458 2394 516 Ι
3419 499 3425 506 -
3542 460 3642 528 152

353 566 433 614 est
467 572 559 628 pes
587 575 794 617 eorum.
821 559 941 616 Alia
965 559 1328 618 similitudine
1351 561 1602 620 eamdem
1633 579 1830 620 rursus
1859 579 1915 620 re

2077 566 2202 633 τοὺς
2221 565 2441 623 αὐτῶν.
2474 567 2547 622 Τὸ
2579 567 2711 624 αὐτὸ
2743 570 2904 626 πάλιν
2926 565 3070 640 εἶπε,
3105 573 3174 628 δι’
3205 576 3401 649 ἐτέρας
3427 580 3639 645 εἱκὸνος

355 652 495 722 petit
535 653 886 718 sententiam,
910 653 1207 724 quamdam
1243 655 1653 726 quodammodo
1683 671 1917 728 pompan

2083 659 2428 730 μπομπεύων
2451 664 2516 732 τῇ
2553 666 2908 736 καταστροφῇ
2937 665 3045 718 τῶν
3074 667 3307 740 ἐχθρῶν.
3343 671 3556 738 Παγίδα
3581 675 3639 724 δὲ

355 759 526 814 agens
557 752 656 800 aut
679 746 1023 816 triumphum
1048 747 1114 801 de
1157 746 1511 804 inimicorum
1535 748 1914 806 destructione

2077 752 2198 821 ηέγει
2229 752 2332 824 τὴν
2365 754 2620 826 μελέτην,
2665 756 2764 829 την
2809 757 3140 830 ἐπιϐουλήν·
3183 761 3334 814 πᾶσα
3363 762 3474 832 γ’ἀρ
3530 781 3639 816 πα-

355 833 463 890 Per
501 836 758 906 laqueum
804 851 937 891 vero
967 835 1292 894 insidiarum
1327 840 1697 912 cogitationes
1729 840 1917 896 intellit

2078 847 2160 912 "t;,
2194 848 2252 898 ἐν
2283 848 2492 919 κρυφῇ,
2525 847 2782 922 καθάπερ
2835 852 2930 904 καὶ
2959 850 3098 924 αὕτη
3124 868 3139 882 ·
3197 853 3477 927 λαθραίως
3528 857 3640 926 γὰρ

359 930 551 996 git.«ln
599 930 822 986 occulto
844 933 1051 986 etenim
1085 931 1209 988 loco
1263 933 1415 988 tendi
1471 934 1652 990 solent
1701 934 1916 991 insidia

1794 934 1938 1001 idia,
2049 937 2522 1006 ἐπιδουλεύοντες,
2557 943 2638 1006 είς
2668 943 2785 1013 φῶς
2813 943 3013 1013 ἐξῆγον
3036 945 3131 999 τὸν
3166 947 3350 1016 φόνον.

356 1026 822 1095 quemadmodum
881 1036 933 1084 et
963 1029 1146 1102 laquei
1203 1034 1479 1088 :tametsi
1557 1033 1698 1088 clam
1783 1040 2063 1090 struentes
2104 1037 2361 1106 insidias,
2411 1047 2647 1096 mortem
2705 1042 3057 1112 postmodum
3115 1043 3170 1097 in
3249 1043 3430 1099 lucem
3503 1046 3638 1101 edu-

357 1128 509 1176 cant.

442 1210 613 1268 Vsus.
669 1211 760 1268 17.
816 1211 1177 1282 Cognoscetur
1245 1215 1500 1272 Dominus
1557 1216 1776 1286 judicia
1842 1220 1934 1291 fa-

2117 1216 2492 1274 Γινώονκεται
2533 1221 2751 1290 Κύριος
2787 1220 3044 1292 κρίματα
3104 1223 3316 1279 ποιῶν.
3371 1225 3635 1297 Κρίματα

359 1306 524 1360 ciens.
558 1303 782 1360 Judicia
818 1305 924 1360 hoc
970 1305 1028 1359 in
1077 1306 1197 1361 loco
1235 1307 1472 1364 ultiones
1526 1311 1785 1381 appellat.
1839 1309 1916 1366 Re

2076 1311 2206 1366 ταλεῖ
2227 1313 2326 1378 τὰς
2364 1314 2680 1386 ἐκδικήσεις
2705 1330 2722 1348 ο
2767 1315 3063 1371 ἀποδίδωσι
3087 1316 3200 1388 γὰρ
3233 1316 3456 1388 ἑκάστῳ
3499 1320 3638 1391 πρὸς

357 1398 554 1455 tribuit
581 1398 732 1455 enim
760 1397 1028 1455 Dominus
1051 1400 1326 1474 condigna
1363 1404 1662 1474 unicuique
1695 1418 1794 1474 pro
1829 1419 1943 1460 me-
2047 1405 2231 1471 ἀξίαν.
3106 1423 3108 1425 ’

355 1493 503 1549 ritis.

429 1585 499 1641 In
535 1590 784 1658 operibus
836 1609 1095 1649 manuum
1149 1607 1374 1648 suarum
1418 1591 1820 1660 comprehensus
1860 1601 1938 1647 est

2125 1591 2233 1644 Ἐν
2259 1589 2386 1658 τοῖς
2411 1590 2608 1660 ἔργοις
2628 1587 2749 1644 τῶν
2786 1586 3007 1660 χειρῶν
3033 1588 3244 1657 αὐτοῦ,
3275 1588 3639 1659 συνελήφθη

358 1689 626 1750 peccator.
664 1681 784 1740 Hoc
807 1684 975 1742 etiam
1011 1685 1398 1757 superioribus
1423 1693 1510 1741 est
1535 1685 1740 1740 simile.
1770 1683 1920 1739 Ponit

2075 1685 2078 1723 ῖ
2107 1681 2480 1752 ἁμαρτωλός.
2511 1681 2622 1736 Καὶ
2645 1681 2805 1736 τοῦτο
2833 1684 2949 1748 τοῖς
2984 1682 3360 1756 προλαϐοῦσιν
3407 1685 3600 1756 ὅμοιον
3621 1699 3637 1716 ο

358 1781 450 1827 tur
473 1773 618 1829 enim
643 1789 810 1832 causa
837 1791 1011 1848 quare
1033 1787 1402 1854 cognoscatur
1436 1777 1705 1835 Dominus
1731 1779 1920 1850 iudici:

2081 1775 2286 1829 ἐθειται
2311 1773 2422 1848 γὰρ
2442 1774 2592 1830 αἰτία
2615 1775 2710 1829 τοῦ
2738 1775 3112 1845 γινώσκεσθαι
3141 1777 3393 1850 κρίματα
3420 1777 3643 1833 ποιοῦν-

358 1864 541 1921 facere
577 1885 594 1920 :
628 1869 762 1938 quia
791 1870 1002 1926 scilicet
1047 1885 1113 1926 ex
1178 1871 1282 1927 hoc
1348 1871 1695 1941 potissimum
1762 1875 1920 1943 iustu:

2081 1885 2116 1924 α
2145 1867 2238 1922 τὸν
2267 1866 2477 1940 Κύριον
2497 1884 2511 1899 ο
2547 1868 2646 1938 οὐχ
2674 1867 2879 1938 ἥκιστα
2921 1870 2978 1923 δὲ
3007 1870 3118 1924 ἀπὸ
3150 1869 3362 1926 τούτων
3385 1869 3640 1940 φαίνεται

359 1959 534 2015 videri
567 1935 766 2030 potest,
803 1963 935 2019 dum
994 1963 1149 2032 facit,
1184 1972 1244 2022 ut
1281 1935 1375 2036 qui
1420 1967 1546 2023 aliis
1581 1935 1814 2021 insidias
1846 1980 1921 2037 pa

2083 1959 2255 2025 ίκαιος
2293 1935 2508 2032 κριτὴς,
2538 1935 2624 2026 οἷς
2634 1935 3072 2034 παρασκευάζει
3093 1964 3224 2028 τοὺς
3250 1935 3639 2036 ἐνεδρεύοντας

357 2061 506 2119 rant,
541 2053 643 2124 ipsi
678 2056 919 2114 maxime
943 2057 998 2112 in
1027 2072 1124 2113 eas
1154 2059 1447 2115 incidant:
1481 2058 1706 2131 etquod
1741 2059 1851 2115 doli
1886 2059 1919 2114 it

2077 2053 2254 2121 ἱλλοις,
2279 2057 2346 2126 τῇ
2379 2054 2529 2124 σφῶν
2553 2054 2746 2128 ἐνέδρᾳ.
2781 2055 3157 2127 περιπίπτειν,
3187 2057 3252 2112 ἐκ
3272 2056 3639 2130 περιτροπῆς.

359 2160 489 2202 suos
549 2149 896 2217 potissimum
953 2157 1210 2209 auctores
1262 2159 1681 2209 convertantur.
1742 2149 1921 2208 Pecca

2083 2145 2158 2200 Τὸν
2188 2145 2244 2200 δέ
2282 2145 2608 2216 ἁμαρτωλὸν
2636 2145 2889 2211 ἐλκύσεις
2914 2147 3010 2201 ἐπὶ
3049 2147 3178 2212 τοὺς
3201 2150 3356 2220 τρεῖς
3402 2149 3645 2220 τρόπους

357 2247 534 2293 torem
566 2239 732 2295 etiam
793 2240 882 2298 hic
922 2241 1190 2312 intellige,
1239 2259 1352 2300 uno
1412 2259 1478 2300 ex
1528 2245 1708 2300 tribus
1765 2242 1919 2298 modi

2079 2237 2154 2308 τῆς
2172 2238 2532 2308 ἀποδοθείσης
2551 2236 2869 2310 ἐξηγήσεως
2885 2239 2996 2294 τῶν
3027 2239 3200 2296 ἐθνῶν
3217 2257 3232 2273 ο
3263 2240 3298 2312 ἦ
3327 2239 3424 2332 καὶ
3451 2240 3641 2306 ἁπλῶς

350 2329 465 2398 jam
535 2331 836 2400 praedictis,
909 2347 1038 2388 cum
1127 2349 1316 2390 vocem
1376 2344 1554 2406 gentes
1612 2335 1912 2405 interpreta

1433 2344 1554 2390 'ntes
1612 2335 1946 2405 interpreta-
2055 2331 2382 2403 ἁμαρτωλὸν
2416 2331 2566 2400 λέγει
2589 2331 2770 2388 πάντα
2799 2331 2995 2387 δόλιον.

362 2435 570 2488 remur,
608 2423 692 2479 vel
725 2423 1059 2494 generaliter
1107 2427 1299 2497 accipe
1345 2441 1446 2498 pro
1475 2441 1814 2498 quocunque
1844 2424 1945 2480 do-

355 2511 498 2569 loso.
1358 2543 1360 2546 ν

425 2605 762 2674 Diapsalma.
789 2608 866 2666 De
903 2609 1008 2668 hoc
1036 2611 1244 2667 dictum
1269 2621 1375 2670 est.

2124 2600 2469 2670 Διὰψαλμα.
2507 2601 2646 2672 Περὶ
2671 2600 2867 2656 τούτου
2899 2601 3142 2675 εἴρηται.

424 2693 601 2753 Vens.
660 2699 748 2755 i8.
776 2699 1169 2757 Convertuntur
1197 2712 1498 2773 peccatores
1545 2707 1599 2760 in
1657 2709 1944 2778 infernum.

2141 2694 2741 2764 Ἀποστραφήτωσαν
2762 2697 2816 2749 οἱ
2846 2694 3186 2766 ἁμαρτωλοὶ
3206 2696 3296 2763 είς
3326 2693 3438 2750 τὸν
3463 2694 3642 2766 ᾅδην.

358 2783 465 2842 Per
493 2796 817 2855 peceatores
847 2790 952 2846 hoc
985 2791 1040 2846 in
1086 2793 1208 2849 loco
1273 2795 1522 2852 inﬁdeles
1587 2796 1862 2871 intelligit,
1891 2816 1920 2857 e

2079 2788 2464 2858 ’Δμαρτωλοὺς
2534 2787 2773 2842 ἐνταῦθα
2835 2787 2965 2852 τοὺς
3007 2787 3277 2852 ἀπίστους
3336 2788 3641 2858 ὀνομάξειο

355 2893 454 2947 per
511 2879 787 2936 infernum
851 2884 1144 2954 supplicia.
1228 2885 1635 2943 Convertantur
1678 2890 1865 2961 itaque
1916 2932 1917 2940 χ

2083 2880 2192 2950 ιδην
2219 2879 2299 2946 δέ,
2319 2880 2420 2949 τὴν
2447 2879 2694 2934 κόλασιν.
2729 2879 3331 2950 Ἀποστραςοήτωσαν
3387 2880 3470 2944 δέ,
3520 2879 3645 2934 ἀντὶ

357 2975 614 3041 presenti
644 2976 902 3032 nimirum
931 2978 1067 3044 vita,
1105 2988 1160 3034 et
1192 2981 1324 3037 illuc
1384 2983 1488 3038 sub
1543 2991 1746 3039 terram
1799 2985 1919 3042 deie

2082 2973 2175 3039 οὗ,
2231 2973 2340 3027 ἀπὸ
2384 2973 2487 3040 τῆς
2524 2973 2813 3043 παρούσης
2839 2971 2989 3044 ζωῆς
3019 2971 3461 3046 καταχθήτωσαν
3498 2988 3512 3000 ·
3538 2972 3644 3027 ὑπὸ

357 3078 568 3132 rantur,
593 3071 683 3125 ubi
714 3072 976 3126 dicuntur
1005 3088 1127 3128 esse
1156 3089 1438 3144 pmoarum
1464 3077 1605 3132 loca.
1637 3076 1729 3133 Vel
1761 3079 1918 3134 aliter

2079 3067 2159 3137 ’ῆν
2192 3065 2302 3136 γὰρ
2333 3065 2588 3134 λέγονται
2619 3063 2688 3118 τὰ
2743 3064 3082 3136 κολαστήρια
3128 3057 3289 3118 εἶναι.
3320 3066 3391 3118 Ἦ
3440 3063 3536 3119 καὶ
3591 3064 3641 3117 oi

357 3155 393 3210 ii
428 3159 521 3227 qui
559 3158 626 3214 de
667 3167 811 3214 terra
860 3162 974 3216 nati
1017 3170 1148 3219 sunt
1185 3163 1237 3219 in
1271 3165 1460 3222 eadem
1517 3176 1830 3233 versentur,
1864 3169 1919 3224 ni

2080 3177 2123 3212 ηκ
2149 3159 2256 3228 γῆς
2286 3157 2597 3226 γεγονότες,
2629 3157 2710 3220 είς
2758 3156 2933 3228 αὐτὴν
2979 3158 3406 3230 στραφήτωσαν,
3470 3158 3642 3229 μηδὲν

357 3249 434 3302 hil
469 3249 886 3309 aliud-valentes
922 3255 1168 3325 cogitare
1199 3272 1362 3326 quam
1391 3265 1632 3315 terrena.
1673 3259 1739 3313 Et
1771 3277 1919 3331 quos

2084 3249 2200 3321 νπὲρ
2251 3248 2327 3303 τὰν
2377 3249 2542 3318 γήϊνα
2591 3247 2787 3317 νοῆσαι
2836 3247 3150 3319 δυνάμενοι.
3225 3249 3383 3315 Γίνας
3439 3249 3496 3304 δέ
3553 3248 3646 3302 λέ-

357 3354 480 3394 nam
536 3342 801 3414 intelligat
837 3361 935 3414 per
961 3356 1301 3417 peceatores,
1329 3364 1394 3403 ex
1418 3349 1505 3405 his
1535 3366 1658 3421 qua:
1698 3367 1914 3423 sequun

2079 3358 2140 3394 νει
2190 3337 2578 3411 ἁμαρτωλοὺς,
2631 3337 2722 3392 διὰ
2776 3339 2890 3394 τῶν
2955 3337 3088 3412 ἑξῆς
3149 3340 3452 3413 ἐδήλωσεν,
3506 3341 3641 3394 ἐπε-

357 3439 447 3486 tur
461 3432 702 3490 declarat
729 3437 920 3494 dicens
950 3457 964 3494 :

739 3437 920 3494 dicens
950 3457 964 3494 :
2053 3435 2266 3506 νεγκών
2287 3451 2301 3468 ·

427 3523 622 3582 Omnes
651 3539 827 3599 gentes
861 3549 980 3600 qua:
1038 3534 1429 3590 obliviscuntur
1489 3535 1677 3592 Deum.
1743 3537 1953 3594 Oblivi--

2124 3530 2328 3586 Πάντα
2358 3529 2430 3585 τὰ
2460 3532 2604 3597 ἔθνη
2641 3529 2713 3583 τὰ
2749 3527 3278 3598 ἐπιλανθανόμενα
3324 3526 3432 3582 τοῦ
3465 3525 3638 3584 Θεοῦ.

357 3628 613 3682 scuntur,
649 3623 968 3680 voluntaria
1004 3627 1215 3681 scilicet
1245 3628 1544 3684 oblivione.

1130 3637 1215 3681 cet
1245 3628 1544 3684 oblivione.
2056 3625 2134 3677 Δι’
2162 3622 2411 3676 ἑκούσιον
2440 3621 2689 3690 ἄγνοιαν.

427 3709 592 3767 Vsus.
625 3713 712 3770 1-9.
746 3715 1017 3782 Quoniam
1050 3736 1153 3774 non
1210 3723 1266 3773 in
1325 3723 1484 3791 ﬁnem
1541 3724 1790 3782 oblivioni
1848 3729 1949 3782 erit

2127 3718 2249 3770 Ὅτι
2292 3719 2403 3770 οὐκ
2448 3715 2537 3780 εὶς
2571 3714 2746 3778 τέλος
2783 3710 3267 3780 ἐπιλησθήσεται
3297 3714 3332 3766 ό
3369 3712 3633 3780 πτωχός.

353 3821 575 3874 pauper.
612 3806 755 3873 Haec,
790 3811 991 3881 inquit,
1026 3813 1341 3883 hujosmodi
1368 3819 1626 3887 gentibus
1653 3823 1903 3876 evenient

2080 3811 2229 3866 Γοῢτο
2251 3810 2329 3877 δὲ,
2374 3809 2528 3880 φησὶ,
2560 3807 2843 3860 πείσονται
2865 3809 2936 3861 τὰ
2982 3805 3211 3861 τοιαῦτα
3244 3806 3395 3877 ἔθνη,
3434 3807 3515 3861 ὄτι
3576 3807 3642 3860 οὐ

354 3895 485 3958 quia
518 3895 696 3952 ﬁdelis
740 3899 823 3952 vir
879 3900 932 3955 in
989 3902 1322 3959 oblivionem
1372 3907 1595 3962 omnino
1653 3925 1760 3964 non
1819 3912 1916 3966 erit

2083 3905 2222 3976 ιέχρι
2258 3902 2456 3966 παντὸς
2483 3900 2910 3971 ἐπιλησθήσεται
2957 3900 2986 3954 ὁ
3037 3899 3249 3964 πιστός.
3321 3899 3380 3954 '0
3425 3901 3645 3972 πτωχὸς

355 3985 658 4056 Panperem
682 4005 812 4046 vero
838 4007 960 4046 eum
985 3993 1141 4060 dicit,
1172 3997 1263 4065 qui
1295 3982 1695 4069 temporalibus
1726 4003 1917 4072 quidem

2081 3998 2176 4059 ιέν,
2210 3996 2302 4048 τὸν
2328 3994 2438 4050 ἀπὸ
2477 3993 2780 4066 χρημάτων
2801 3991 3037 4046 πλοῦτον
3061 4008 3076 4024 ’
3112 3991 3369 4057 πλούσιος
3422 3991 3500 4058 δὲ,
3550 3991 3643 4046 τὸν

358 4080 567 4137 divitiis
589 4091 676 4137 est
706 4098 936 4153 pauper,
971 4087 1067 4141 sed
1128 4089 1391 4142 virtutum
1426 4090 1626 4160 opibus
1662 4094 1734 4146 sit
1772 4093 1920 4150 dives

2084 4093 2111 4158 ξ
2142 4089 2373 4158 ἀρετῶν.
2411 4089 2483 4141 Ἦ
2516 4087 2611 4140 καὶ
2637 4086 2854 4157 πτωχὸν
2897 4087 3046 4155 λέγει
3080 4086 3171 4140 τὸν
3204 4085 3262 4154 ἐξ
3294 4085 3466 4141 ἐθνῶν
3486 4086 3640 4153 λαὸν,

357 4172 457 4230 Vel
490 4191 788 4247 pauperem
819 4178 953 4234 dicit
987 4181 1250 4252 pupulum
1322 4199 1388 4238 ex
1458 4186 1734 4254 gentibus,
1781 4188 1919 4242 velut

2081 4186 2130 4247 ὰς
2165 4180 2552 4236 ἀπολωλεκότα
2589 4179 2653 4234 me
2683 4181 2782 4250 τῆς
2829 4179 3012 4251 ψυχῆς
3047 4180 3287 4252 ἀξίωμα,
3346 4180 3440 4234 καὶ
3497 4197 3643 4233 πτω-

356 4266 450 4335 qui
491 4269 690 4325 animae
731 4270 1052 4341 dignitatem
1084 4274 1366 4341 amiserat,
1392 4276 1727 4350 pietatisque
1769 4279 1913 4335 virtu

2077 4276 2328 4347 ςεύσαντα
2408 4273 2506 4344 τὴν
2596 4271 2919 4343 περιουσίαν
2987 4274 3086 4343 τῆς
3172 4272 3463 4337 εὐσεϐείας
3543 4273 3639 4326 καὶ

358 4371 472 4414 tum
505 4363 716 4431 peculio
750 4364 909 4436 inops
931 4379 1068 4424 erat.

750 4364 909 4436 inops
931 4379 1068 4424 erat.
2053 4370 2280 4442 ἀρετῆς.

431 4452 780 4522 Exspectatio
817 4474 1112 4529 pauperum
1153 4479 1254 4517 non
1285 4464 1475 4532 peribit
1502 4465 1554 4519 in
1600 4467 1778 4535 ﬁnem.
1807 4467 1948 4523 Pau-

2134 4465 2208 4519 'H
2240 4459 2519 4533 ὑπομονὴ
2583 4459 2706 4515 τῶν
2736 4461 3012 4526 πενήτων
3045 4461 3155 4514 οὐκ
3191 4458 3506 4515 ἀπολεῖται
3553 4463 3643 4528 εις

351 4535 517 4615 peres
554 4548 644 4604 hic
671 4552 907 4620 gentiles
939 4554 1094 4618 dicit,
1125 4571 1361 4626 quorum
1410 4562 1748 4629 exspectatio
1777 4577 1912 4632 usqu

2079 4558 2250 4622 τέλος.
2281 4555 2530 4626 Πένητας
2557 4552 2810 4607 ἐντεῦθεν
2838 4553 2965 4617 τοὺς
2994 4551 3055 4617 ἐξ
3084 4551 3256 4606 ἐθνῶν
3304 4570 3498 4623 φησιν,
3567 4546 3641 4607 ὧν

356 4638 416 4692 in
490 4638 651 4694 linem
742 4643 923 4700 inanis
1028 4661 1136 4700 non
1219 4649 1343 4702 erit.
1402 4649 1756 4721 Exspectatio
1813 4669 1918 4707 veri

2081 4672 2085 4721 ι
2123 4647 2428 4720 προσδοκία
2460 4646 2520 4699 οὺ
2559 4646 2739 4717 μάτην
2764 4643 2917 4698 ἔσται
2943 4644 3109 4716 μέχρι
3164 4644 3373 4708 τέλους.
3408 4645 3643 4716 Προσδο-

356 4733 600 4798 gentium
633 4733 893 4792 Christus
923 4749 1025 4793 est.
1065 4741 1136 4794 De
1161 4759 1270 4812 quo
1299 4743 1385 4795 alii
1413 4743 1425 4797 i
1481 4746 1748 4815 scriptum
1790 4757 1870 4800 est

2079 4741 2149 4794 :ia
2198 4739 2310 4794 τῶν
2349 4737 2541 4803 ἐθνῶν,
2604 4739 2632 4791 ὁ
2685 4737 2961 4808 Χριστός*
3022 4736 3132 4792 Καὶ
3178 4736 3384 4804 αὐτὸς,
3450 4739 3641 4807 φησὶν,

355 4822 476 4892 Ipse
508 4826 611 4879 erit
641 4831 966 4898 exspectatio
990 4835 1222 4902 gentium
1254 4835 1324 4888 θ’.
1367 4835 1430 4889 Εῐ
1485 4837 1552 4891 ad
1610 4853 1749 4908 quas
1813 4838 1917 4893 alib

2078 4835 2230 4889 ἔσται
2271 4830 2612 4902 προσδοκία
2635 4829 2851 4896 ἐθνῶν,
2881 4829 3018 4902 πρὸς
3051 4829 3147 4894 οὒς
3199 4830 3296 4884 καὶ
3345 4829 3415 4884 δι’
3446 4832 3640 4904 ἐτέρου

356 4931 456 4986 per
485 4918 654 4973 alium
696 4922 1020 4991 prephetam
1070 4927 1273 4980 clamat
1331 4929 1564 4984 dicens:
1629 4927 1918 4998 Exspectat.

2075 4926 2340 4999 προφήτου
2370 4925 2500 4997 βοᾷ·
2531 4923 2893 4994 Ὑπόμεινόν
2917 4939 2995 4992 με
3020 4923 3109 4987 είς
3137 4921 3350 4992 καιρὸν
3372 4922 3637 4978 ἀναστά-

356 5027 440 5066 me
463 5012 518 5066 in
540 5021 772 5081 tempore
796 5020 1206 5074 resurrectionis
1243 5035 1389 5074 mete.

433 5104 595 5162 Vsus.
619 5107 710 5162 20.
740 5108 1007 5181 Exsurge.
1046 5111 1304 5179 Domine;
1333 5129 1436 5166 non
1455 5114 1742 5181 praevaleat
1766 5114 1944 5170 homo.

2135 5110 2480 5179 Ἀνάστηθι,
2517 5109 2716 5178 Κύριε,
2737 5106 2824 5177 μὴ
2853 5108 3269 5175 κραταιοῦσθε.)
3301 5108 3619 5177 ἄνθρωπος

356 5197 514 5254 Alius
546 5198 828 5271 interpres
854 5203 1111 5266 reddidit,
1149 5201 1272 5258 Non
1333 5213 1526 5259 temere
1580 5215 1706 5278 ngat
1766 5206 1918 5261 homo

2077 5202 2274 5267 Ἀλλος,
2301 5200 2402 5270 Μὴ
2435 5197 2857 5269 θρασυνέσθω,
2892 5198 3120 5269 εἴρηκεν
3150 5213 3166 5230 ·
3201 5195 3364 5250 τοῦτο
3385 5196 3441 5249 δὲ
3467 5197 3639 5265 λέγει,

359 5289 476 5346 lloc
503 5301 684 5349 autem
711 5295 840 5350 dicit
903 5297 1166 5368 propheta
1226 5298 1297 5352 ob
1358 5305 1580 5353 mutuas
1632 5299 1776 5355 inter
1824 5315 1921 5356 sesi

2089 5296 2142 5350 ιὰ
2171 5295 2270 5358 τὰς
2301 5294 2426 5349 κατ’
2445 5291 2691 5364 ἀλλήλων
2720 5289 3127 5352 ἐπαναστάσεις
3159 5287 3268 5342 τῶν
3324 5286 3518 5342 ἐθνῶν.
3578 5287 3643 5340 Oi

359 5383 646 5440 hominum
680 5387 1112 5444 insnrrectiones
1157 5398 1321 5459 atque
1387 5389 1735 5447 insolentias.
1788 5392 1913 5447 Veri

2074 5391 2166 5462 γὰρ
2195 5387 2497 5460 ἅνθρωποι,
2525 5384 2679 5457 παρὰ
2698 5384 2760 5438 τὸ
2794 5385 2870 5456 μὴ
2915 5383 3064 5454 ἔχειν
3098 5381 3325 5454 ἀληθεῖς
3373 5380 3636 5434 διδασκάο

359 5478 562 5547 quippe
596 5493 660 5534 ac
677 5480 830 5535 sanis
859 5490 1114 5537 carentes
1140 5484 1598 5552 praeceptoribus,
1629 5493 1792 5554 atque
1823 5483 1921 5540 ide<

2079 5501 2203 5547 ους,
2230 5481 2598 5552 ἀγνοήσαντες
2629 5479 2710 5533 ὅτι
2737 5479 2810 5549 γῆ
2858 5477 3020 5542 εἰσιν,
3079 5477 3222 5548 ὺπέρ
3255 5477 3366 5548 ’τὴν
3424 5473 3641 5528 ἑαυτῶν

361 5581 563 5625 terram
598 5588 658 5628 se
682 5589 747 5628 ac
777 5575 966 5628 limum
1022 5589 1146 5630 esse
1206 5577 1544 5647 ignorantes,
1601 5591 1771 5648 supra
1811 5593 1912 5648 pro

2077 5577 2422 5649 ιθρασύνοντο
2450 5575 2615 5646 φύσῃ
2644 5590 2659 5605 °
2696 5575 2790 5627 καὶ
2820 5571 3003 5629 πάντα
3053 5571 3385 5642 τολμῶντες,
3423 5568 3505 5621 ἔτι
3545 5569 3639 5621 καὶ

361 5665 536 5735 priam
585 5677 840 5722 naturam
905 5683 1030 5725 sese
1099 5671 1423 5726 extollentes
1500 5680 1705 5726 temere
1773 5672 1923 5727 mult:

2073 5671 2134 5733 εἰς
2174 5668 2331 5732 θεοὺς
2362 5667 2590 5729 ἑαυτοὺς
2625 5665 2949 5735 ἐνέγραφον.
2988 5660 3277 5726 Ἑπέξελθε
3315 5655 3430 5721 οὖν,
3479 5658 3635 5729 φησὶ,

362 5759 596 5830 agebant
624 5777 638 5814 :
664 5772 716 5816 et
738 5761 922 5815 omnia
951 5762 1244 5829 audentes,
1285 5763 1427 5818 inter
1466 5764 1597 5820 deos
1657 5765 1822 5820 etiam
1882 5780 1924 5822 St

2077 5763 2148 5817 ταὶ
2175 5758 2531 5816 κατάστειλον
2571 5757 2632 5812 τὸ
2658 5755 2902 5814 τοιοῦτον
2946 5753 3237 5828 φρύαγμα.
3266 5751 3422 5807 Ἐστι
3453 5751 3509 5804 δὲ
3542 5749 3639 5804 καὶ

1975 3301 2019 3360 C

2051 5019 2206 5086 σεώς
2220 5036 2364 5090 μου.

424 5944 471 5978 ’⁸
501 5930 635 6000 (ἴρηξ
670 5958 818 6004 xux,
853 5943 940 5998 10.
1013 5992 1032 6004 ,

3659 2503 3670 2543 i
