3970 6538
191 479 284 545 153
1344 487 1742 552 COMMENT.

1903 494 2278 554 PSALMOS.
3336 486 3450 560 154

187 603 611 676 γλαφυρώτερον
650 606 868 662 εἰπεῖν’
931 609 1069 680 πρὸς
1118 610 1219 679 μὲν
1259 609 1322 663 τδ
1388 611 1509 666 κατ’
1556 614 1755 684 εἰκόνα¹

1879 618 2236 674 ascribebant.
2269 617 2368 673 Exi
2408 617 2693 689 itaquetu,
2729 618 2896 687 Deus,
2936 619 3134 691 inquir,
3161 626 3212 672 et
3239 626 3447 671 tantam

186 697 302 761 θεός
332 699 488 753 ἐστιν
513 701 805 772 ἅνθρωπος
825 720 840 735 ·
877 705 1018 775 πρδς
1050 704 1110 758 δὲ
1141 705 1212 760 τὰ
1241 705 1423 777 γεώδη
1455 707 1631 778 πάθη,
1663 708 1754 764 ἄν·

1880 723 2060 764 eornm
2100 707 2460 764 elevationem
2487 723 2805 780 compesce.
2839 709 2974 764 Illud
3003 709 3166 763 etiam
3207 707 3315 761 dici
3351 723 3448 772 p0-

184 790 414 860 θρωπος.
454 793 678 848 Τούτων
715 795 808 850 οὖν
835 797 1285 869 ἐπικρατούντων
1318 799 1376 852 ἐν
1412 798 1752 870 ἀνθρώποις1

1883 810 1978 856 Lest
2003 799 2149 871 quod
2173 815 2236 856 ea
2262 802 2499 866 ratione,
2524 817 2632 871 qua
2684 803 2752 856 ad
2791 801 3084 873 imaginem
3147 809 3201 855 et
3255 798 3451 854 simili-

181 884 486 954 ἀναστῆναι
519 887 617 940 τοῦ
647 887 882 945 θανάτου
905 891 1219 961 παρακαλεῖ
1247 891 1339 946 τὸν
1367 893 1630 962 Χριστὸν,
1684 893 1749 947 δι-

1881 893 2116 949 tudinem
2149 893 2239 948 Dei
2283 893 2448 948 homo
2504 892 2679 949 factus
2737 901 2844 956 est,
2915 891 3056 947 Dens
3092 891 3295 945 dicitur
3336 907 3351 944 :
3387 906 3449 944 ea

179 976 405 1042 δάξαντα
427 977 523 1032 διὰ
553 980 664 1034 τῶν
690 981 1039 1048 ἀποστόλων,
1073 982 1150 1055 μὴ
1203 984 1642 1057 κατεπαίρεσθαι
1693 985 1747 1039 τὲ

1885 1001 1998 1044 vero
2028 1002 2136 1058 qua
2169 987 2402 1042 terrenis
2434 985 2724 1042 aﬂ'ectihus
2757 1001 2821 1041 ac
2848 985 3200 1056 passionibus
3239 983 3453 1038 detine-

183 1069 324 1140 πάθη
377 1072 486 1140 τῆς
529 1073 732 1146 ψυχῆς,
780 1075 917 1147 μηδὲ
985 1076 1080 1130 τὸν
1130 1077 1259 1148 χοῦν
1309 1077 1406 1130 τοῦ
1454 1076 1593 1142 νοός.
1651 1077 1751 1132 Kal

1884 1087 1982 1141 :ur,
2019 1075 2182 1130 homo
2205 1076 2402 1131 merito
2427 1076 2754 1147 appellatur.
2788 1075 2926 1130 Cum
2959 1075 3142 1143 itaque
3200 1074 3280 1128 hac
3326 1089 3452 1142 pas-

181 1164 347 1230 ἄλλως
408 1166 470 1221 δέ
504 1185 521 1201 ο
567 1170 710 1240 μετὰ
757 1171 858 1241 τὴν
921 1171 1226 1228 ἀνάστασιν
1246 1173 1343 1227 τοῦ
1400 1171 1749 1244 κηρύγματος

1879 1168 2050 1226 tiones
2080 1169 2135 1224 in
2178 1167 2496 1224 hominibus
2539 1169 2920 1239 praevalerent,
2984 1166 3239 1221 ltort‘atur
3278 1165 3447 1219 Deum

182 1255 525 1323 ἀπλωθέντος
566 1262 649 1324 εἰς
673 1261 778 1335 τὴν
819 1263 1176 1337 οἰκουμένην,
1231 1265 1288 1318 αἱ
1340 1263 1463 1319 κατ’
1516 1263 1750 1334 ἀλλήλωι

1879 1259 2136 1331 Propheta
2167 1268 2228 1315 ut
2251 1257 2511 1332 exsurgat
2541 1277 2570 1315 a
2598 1268 2794 1325 morte,
2850 1267 2906 1316 et
2967 1267 3027 1314 ιιι
3089 1273 3186 1328 per
3225 1265 3447 1314 sanctos

181 1351 581 1416 ἐπαναστάσεις
602 1353 714 1410 τῶν
746 1354 956 1409 πόλεων
983 1356 1308 1428 ἐπαύθησαν

1881 1353 2146 1424 ipostolos
2177 1352 2372 1409 doceat
2406 1353 2684 1424 quomodo
2701 1353 2988 1424 passiones
3013 1369 3176 1422 supra
3209 1352 3449 1406 animam

181 1460 236 1499 se
255 1447 519 1503 extollere
552 1464 663 1504 non
698 1449 916 1515 debent,
943 1467 1128 1522 neque
1160 1452 1342 1524 pulvis
1377 1466 1546 1525 supra
1598 1449 1966 1508 intellectum.
2001 1447 2097 1504 Vel
2135 1450 2299 1506 aliter
2361 1457 2485 1520 post
2556 1449 3018 1504 resurrectionem
3083 1445 3299 1500 Domini
3365 1443 3450 1498 di-

181 1541 387 1609 vulgato
418 1540 722 1614 Evangelio
785 1544 842 1600 in
902 1547 1223 1603 universum
1275 1548 1491 1617 orbem,
1548 1557 1752 1604 mutum
1791 1543 1896 1602 illae
1932 1545 2178 1619 gentium
2227 1543 2660 1602 insurrectiones
2699 1552 2865 1614 atque
2919 1541 3226 1599 insolentiae
3292 1540 3458 1611 quie--

182 1643 385 1686 verunt.

243 1728 631 1800 Κριθήτωσαν
657 1731 804 1803 ἔθνη
843 1733 1104 1790 ἐνώπιόν
1129 1751 1270 1792 σου.
1307 1738 1454 1792 Ἀντὶ
1478 1736 1596 1804 τοῦ,
1635 1738 1749 1809 τῆς

1932 1732 2254 1789 Iudicentur
2285 1738 2461 1800 gentes
2491 1729 2549 1784 in
2576 1738 2861 1797 conspectu
2899 1735 3009 1780 tuo.
3056 1719 3174 1779 Ποὲ
3202 1731 3286 1780 est
3320 1739 3451 1795 proa'

182 1827 271 1892 σῆς
323 1826 636 1897 ἐπισκοπῆς
666 1827 1080 1900 ἁξιωθήτωσαν.
1124 1831 1184 1886 '0
1218 1832 1420 1904 κρίνων
1485 1836 1593 1906 γὰρ
1646 1835 1748 1906 ὁρᾷ

1888 1827 2096 1883 actione
2129 1831 2182 1878 et
2212 1822 2467 1879 custodia
2503 1830 2597 1876 tua
2629 1821 2809 1893 dignae
2843 1818 3169 1874 eiliciantur.
3193 1815 3328 1872 Nam
3351 1817 3456 1887 qui

180 1913 262 1968 τὸν
301 1917 651 1988 κρινόμενον.
712 1921 910 1992 Κρίσιν
941 1923 996 1975 δὲ
1032 1924 1130 1994 τὴν
1160 1927 1300 1979 κατὰ
1350 1925 1442 1981 τοῦ
1498 1919 1745 1980 διαϐόλου

1881 1915 2066 1971 ndicat
2098 1915 2164 1969 ad
2201 1929 2324 1969 eum
2357 1912 2451 1982 qui
2496 1911 2780 1984 judicatur
2831 1912 3079 1982 aspicere
3137 1909 3294 1965 solet.
3342 1908 3444 1963 Ju-

182 2007 378 2078 νόησον,
405 2005 616 2082 περὶῆς
641 2012 735 2065 καὶ
767 2015 856 2067 διὰ
891 2016 1112 2068 Ἡσαΐου
1142 2019 1308 2088 φησὶν
1333 2022 1361 2073 ὁ
1390 2019 1521 2083 Θεός
1544 2035 1562 2053 ο
1598 2020 1744 2074 Ἰδοὺ

1872 2009 2067 2064 licium
2108 2022 2242 2062 vero
2275 2006 2408 2060 illud
2444 2003 2688 2076 intellige
2718 2003 2865 2075 quod
2911 2011 3100 2059 contra
3130 2003 3440 2057 daemonem

182 2103 358 2170 ὀπαῖς
381 2123 505 2173 μου
532 2107 605 2159 ὃν
632 2106 903 2176 ᾑρέτισα,
940 2113 973 2164 ὁ
1027 2111 1316 2179 ἐκλεκτός
1375 2132 1515 2182 μου,
1561 2117 1653 2178 εις
1688 2114 1750 2168 ὃν

1873 2099 2176 2155 iaciendum
2214 2106 2334 2154 erat
2367 2117 2379 2154 :
2413 2099 2481 2153 de
2506 2113 2616 2169 quo
2667 2114 2763 2167 per
2818 2097 3012 2152 Isaiam
3071 2096 3204 2151 dicit
3257 2096 3441 2150 Deus:

180 2195 514 2264 η”δόκησεν
547 2200 586 2266 ἠ
631 2200 801 2270 ψυχή
825 2220 946 2269 μου
967 2217 982 2233 ⁸
1027 2203 1194 2272 θήσω
1228 2205 1294 2258 τὸ
1359 2205 1606 2274 Πνεῦμά
1635 2223 1748 2274 μου

1873 2191 2002 2247 Ecce
2039 2208 2168 2261 puer
2198 2208 2345 2245 meus
2373 2207 2526 2261 quem
2580 2190 2735 2262 elegi,
2774 2190 2972 2244 electus
3033 2204 3177 2243 meus
3238 2189 3290 2240 in
3340 2203 3441 2256 quo

181 2289 260 2341 ἐπ’
287 2291 466 2356 αὐτῷ,
505 2293 602 2346 καὶ
632 2295 837 2361 κρίσιν
862 2297 985 2363 τοῖς
1005 2297 1250 2354 ἔθνεσιν
1280 2297 1531 2364 ἐξοίσει.

1877 2285 2182 2346 τοηιμιαειιίι
2216 2287 2394 2338 anima
2415 2301 2549 2352 mea,
2573 2301 2768 2354 ponam
2810 2283 3067 2350 Spiritum
3093 2298 3262 2336 meum
3289 2297 3445 2349 super

1857 2397 1973 2435 eum
2010 2387 2058 2433 et
2080 2377 2342 2448 judicium
2373 2377 2557 2443 aﬂ'eret
2584 2376 2822 2448 gentibus
2857 2375 2923 2430 ".

243 2471 658 2538 Κατάστησον,
715 2475 915 2544 Κύριε,
961 2474 1297 2544 νομοθέτην
1367 2477 1462 2529 ἐπ’
1503 2478 1748 2543 αὐτούς.

1931 2471 2099 2526 Vens.
2127 2470 2220 2524 21.
2255 2468 2553 2533 Constitue,
2591 2467 2832 2534 Domine,
2864 2466 3224 2536 legislatorem
3278 2479 3439 2531 super

192 2563 445 2618 Ἐνταῦθα
478 2565 571 2618 τὸν
598 2567 838 2637 Χριστὸν
885 2567 1206 2631 αἰνίττεται,
1250 2568 1394 2628 κατὰ
1443 2571 1538 2626 τό’
1608 2570 1753 2640 Ἐγὼ

1861 2582 1959 2621 eos.
1988 2564 2090 2620 Per
2114 2562 2482 2632 legislaturem
2516 2561 2604 2615 hic
2629 2560 2907 2615 Christum
2949 2559 3226 2628 intelligit,
3271 2557 3429 2627 juxta

185 2656 543 2723 κατεστάθην
569 2658 873 2724 βασιλεὺς
903 2660 1004 2714 ὑπ’
1040 2659 1231 2714 αὑτοῦ
1254 2679 1268 2693 ο
1305 2661 1429 2716 νέον
1478 2661 1589 2732 γὰρ
1625 2662 1753 2716 ἔδω-

1860 2656 1980 2711 illud
2014 2673 2028 2710 :
2071 2653 2180 2723 Ego
2212 2662 2388 2706 autem
2414 2652 2734 2704 constitutus
2761 2667 2877 2705 sum
2909 2649 3022 2704 Rea:
3072 2651 3137 2701 ab
3196 2665 3278 2707 eo.
3334 2646 3428 2718 qui

184 2762 266 2798 xw
291 2748 473 2817 νόμον,
506 2749 598 2803 τὸν
629 2751 723 2803 τοῦ
754 2751 1114 2821 Εύαγγελίου.

1854 2747 2132 2818 legislator
2160 2761 2356 2802 novam
2382 2746 2462 2801 eis
2498 2746 2669 2815 legem
2709 2743 2834 2798 tulit
2867 2758 2880 2796 :
2930 2750 3180 2797 sanctum
3213 2740 3422 2795 scilicet

1849 2839 2232 2908 Evangelinm.

242 2927 572 2984 Γνὼτωσαν
631 2929 776 2999 ἔθνη
834 2931 923 2986 ὅτι
1003 2933 1307 3000 ἀνθρωποῖ
1359 2935 1540 2990 εἰσιν.
1616 2933 1746 3003 Ὀψέ

1925 2929 2259 3000 Cognoscaut
2279 2938 2452 3001 gentes
2482 2927 2620 2999 quod
2637 2929 2870 2982 homines
2898 2936 3042 2982 sunt.
3076 2926 3210 2982 Sero
3241 2923 3437 2980 saltem

181 3035 297 3072 ποτε
355 3021 704 3091 μαθέτωσαν,
770 3023 845 3088 ὡς
874 3023 1154 3096 ἄνθρωποι
1213 3026 1334 3098 ζῇν,
1385 3026 1482 3080 καὶ
1527 3025 1604 3090 ὡς
1669 3024 1745 3096 μὴ

1872 3023 2149 3092 tliqnando
2177 3023 2468 3078 addiscant
2504 3023 2685 3076 vivere
2727 3030 2785 3075 nt
2828 3021 3105 3084 homines,
3137 3029 3186 3074 et
3228 3033 3334 3072 non
3378 3023 3440 3070 ut

184 3109 349 3182 θηρία·
1854 3113 2004 3170 ferae.
2033 3113 2154 3188 [Vel
2188 3115 2344 3170 aliter
2380 3133 2394 3169 :
2428 3113 2760 3180 Doceantur,
2787 3113 2989 3181 inquit,
3047 3111 3192 3181 quod
3241 3125 3439 3164 corru-

182 3191 380 3278 ptibiles
405 3217 554 3279 sunt,
615 3210 871 3282 quodque
929 3210 1088 3283 longe
1143 3220 1276 3269 sunt
1338 3229 1371 3269 a
1413 3213 1560 3270 diis:
1621 3226 1744 3283 quae
1781 3212 2006 3283 propria
2038 3227 2132 3266 eos
2158 3211 2416 3282 gloriatio
2447 3226 2512 3266 ac
2546 3211 2806 3280 superbia
2848 3209 2916 3264 de
2980 3209 3178 3278 seipsis
3244 3207 3440 3262 suadet

185 3301 450 3376 cogitare.]

239 3396 357 3453 ἰνα
387 3399 463 3462 τι,
515 3399 714 3467 Κύριε,
735 3399 1086 3470 ἀφέστηκας
1133 3402 1438 3473 μακρόθεν
1464 3418 1485 3467 ;
1531 3399 1747 3455 Ἐντεῦ·
1775 3406 1807 3464 C

1923 3394 2122 3452 PSAL.
2155 3394 2202 3449 X
2233 3393 2462 3450 JUXTA
2502 3392 2876 3448 HEBBEOS.
2913 3391 3078 3448 Vens.
3112 3394 3160 3446 l.
3210 3392 3433 3462 thuid,

183 3485 262 3540 θεν
285 3491 364 3552 εἰς
389 3491 516 3554 τοὺς
563 3492 690 3561 περὶ
744 3493 1009 3563 προνοίας
1049 3494 1326 3549 εἰσϐάλλει
1365 3494 1580 3563 λόγους,
1627 3491 1738 3547 τῶν

1860 3490 2087 3551 Domine,
2123 3487 2389 3542 recessisti
2419 3487 2568 3557 longe
2600 3488 2624 3542 ?
2654 3485 2851 3556 Incipit
2881 3494 3118 3539 tractare
3151 3484 3215 3538 de
3245 3484 3428 3539 divina

183 3581 416 3651 πονηρῶν
449 3581 551 3652 μὲν
570 3583 1014 3655 εὐημερούντων,
1043 3586 1504 3657 δυσπραγούντων
1543 3585 1601 3640 δὲ
1629 3586 1742 3639 τῶν

1863 3581 2195 3639 Providentia
2231 3599 2243 3634 :
2281 3595 2342 3634 ac
2362 3579 2525 3634 veluti
2551 3595 2841 3656 pravorum
2863 3577 3146 3631 hominum
3171 3594 3256 3632 res
3293 3578 3431 3631 bene

184 3673 387 3740 ἀγαθῶν
413 3689 427 3704 °
458 3675 554 3729 καὶ
581 3675 865 3746 προσώπῳ
891 3677 998 3731 τῶν
1022 3677 1356 3748 θλιϐομένων
1385 3681 1623 3732 ποιεῖται
1641 3677 1740 3749 τὴν

1863 3677 1914 3730 ie
1937 3675 2172 3730 feliciter
2197 3673 2576 3736 succederent,
2596 3680 2784 3727 contra
2813 3680 3016 3735 autem,
3047 3671 3181 3738 justi
3215 3686 3277 3724 ac
3302 3670 3431 3724 boni

181 3763 549 3834 δικαιολογίαν.
589 3769 767 3836 Διατι,
789 3771 977 3839 φησιν,
1014 3771 1234 3841 ἀφῆκας
1265 3771 1392 3833 τοὺς
1414 3770 1740 3842 ἀνθρώπους

1863 3767 1949 3820 viri
1982 3763 2278 3820 infeliciter
2321 3764 2605 3834 degerent,
2658 3779 2724 3818 ex
2779 3771 3010 3832 persona
3063 3762 3338 3831 justmum
3377 3761 3431 3815 in

182 3856 243 3919 ὡς
279 3856 428 3930 ἔτυχε
472 3860 782 3931 φέρεσθαι;
832 3861 896 3915 ὲκ
935 3864 1254 3935 μεταφορᾶς
1295 3861 1405 3916 τῶν
1448 3860 1734 3934 πόρρωθεν

1859 3855 2235 3912 afﬂictionibus
2282 3855 2660 3911 exsistentium
2726 3869 3033 3908 sermonem
3104 3853 3283 3908 facit:
3372 3863 3427 3909 et

183 3951 483 4019 ἱσταμένων,
516 3952 611 4005 καὶ
638 3952 1014 4022 ἀμελούντων.

1861 3949 2130 4006 rationem
2188 3945 2597 4015 quodammodo
2669 3945 2908 4014 exquirit
2941 3960 2969 3997 a
3001 3944 3135 4009 Deo,
3191 3944 3429 3999 dicens:

184 4038 344 4104 Quare
383 4041 658 4111 permittis
689 4043 943 4100 homines
974 4053 1180 4100 temere
1222 4059 1287 4100 ac
1341 4059 1472 4101 casu
1499 4041 1630 4100 l'erri
1659 4055 1769 4113 quo
1807 4055 1929 4097 sors
1953 4038 2128 4109 jubet,
2161 4051 2262 4093 nec
2290 4035 2455 4090 ullam
2485 4050 2672 4091 eorum
2706 4051 2893 4090 curam
2937 4037 3106 4094 habes
3146 4038 3168 4090 ‘I
3195 4038 3339 4108 quod
3364 4054 3431 4094 ex

183 4136 470 4206 metaphora
511 4137 730 4192 illorum
773 4148 1053 4210 sumptum
1080 4149 1188 4208 est,
1213 4141 1306 4212 qui
1335 4141 1527 4212 procul
1562 4139 1842 4204 abierunt,
1881 4146 1938 4191 et
1960 4133 2282 4190 relictorum
2321 4118 2526 4188 nullam
2543 4149 2730 4188 curam
2769 4133 3000 4189 habent.

249 4230 559 4302 ’Υπερορᾷς
597 4232 670 4286 ἐν
699 4235 1033 4302 εὐκαιρίαις
1061 4236 1132 4290 ἐν
1154 4237 1482 4305 θλίψεσιν;
1531 4234 1736 4306 ’Υπερ-

1909 4230 2150 4300 Despicis
2183 4229 2238 4284 in
2261 4230 2706 4298 prosperitatibus
2735 4229 2787 4281 in
2816 4228 3157 4282 tribulatione
3187 4227 3211 4281 2
3238 4227 3428 4298 Despi-

183 4323 292 4393 ορᾷν
317 4326 448 4384 ἐστι,
491 4323 552 4377 τὸ
581 4325 1004 4395 προσποιεῖσθαι
1053 4325 1128 4396 μὴ
1193 4327 1350 4397 ὁρᾷν,
1420 4325 1566 4380 arma.
1610 4327 1738 4390 τοὺς

1857 4336 1960 4378 :ere
1997 4330 2082 4378 est
2111 4321 2488 4382 dissimulare,
2520 4336 2628 4376 non
2664 4319 2870 4383 videre,
2891 4335 2954 4374 ac
2986 4320 3142 4390 quasi
3170 4320 3425 4374 deorsum

185 4412 461 4486 ὀφθαλμοὺς
488 4415 671 4486 αἴρειν
708 4416 851 4488 ὑπὲρ
875 4417 935 4471 τὸ
962 4416 1264 4489 ὁρώμενον.
1299 4418 1424 4473 Ἵνα
1460 4418 1735 4483 τίτοίνυν,

1859 4414 2110 4484 ispicere,
2158 4423 2350 4468 etnon
2390 4413 2456 4467 ad
2481 4427 2594 4466 rem
2644 4410 2819 4472 illam,
2883 4425 3004 4479 quae
3053 4419 3179 4464 ante
3236 4411 3427 4463 oculos

183 4507 319 4575 equi,
352 4506 561 4578 παρὼν,
593 4508 900 4576 ἀφεστάναι
947 4509 1124 4574 δοκεῖς
1175 4511 1263 4564 διὰ
1316 4509 1417 4581 τὴν
1459 4510 1739 4581 μακροθυ-

1857 4506 2019 4577 posita
2051 4511 2156 4560 est.
2207 4504 2348 4569 Quid
2411 4503 2606 4573 igitur,
2659 4503 2854 4571 inquit,
2896 4511 2950 4556 tu
3017 4502 3109 4570 qni
3166 4502 3425 4557 omnibus

186 4597 448 4664 piav,nal
485 4599 702 4669 βλέπων
751 4603 996 4667 ἅπαντα,
1045 4607 1319 4675 προσποιῇ
1374 4603 1450 4675 μὴ
1493 4603 1734 4673 βλέπειν,

1853 4611 2089 4668 praesens
2116 4611 2177 4651 es
2209 4603 2360 4650 tanta
2417 4604 2508 4650 tua
2573 4594 2994 4662 longanimitate
3048 4608 3112 4648 ac
3159 4595 3421 4664 patientia

182 4685 254 4740 διὰ
279 4689 335 4741 τὸ
366 4690 437 4760 μὴ
463 4690 768 4761 ἐπαμύνειν
798 4695 912 4756 τοῖς
956 4692 1269 4764 πράγμασι,
1315 4694 1409 4746 καὶ
1452 4691 1644 4748 ταῦτα
1675 4693 1736 4746 ὲν

1857 4689 2040 4744 abesse
2070 4687 2297 4753 videris,
2360 4695 2414 4742 et
2477 4701 2602 4743 cum
2663 4687 2850 4742 omnia
2904 4686 3116 4751 videas,
3194 4687 3425 4743 simulas

183 4781 368 4850 καιροῖς
391 4781 664 4847 δεομένοις
687 4784 790 4853 τῆς
817 4785 916 4854 σῆς
955 4785 1286 4857 ἐπισκοπῆς,
1334 4783 1504 4858 ἤγουν
1538 4785 1598 4838 ἑν
1625 4783 1737 4837 θλι-

1844 4797 1950 4836 non
1976 4782 2185 4847 videre,
2219 4788 2280 4835 ut
2303 4781 2466 4836 rebus
2497 4780 2704 4836 nostris
2739 4779 3004 4834 auxilium
3045 4794 3152 4834 non
3222 4779 3367 4836 feras
3395 4819 3412 4846 ,

180 4866 287 4935 ψεσι
312 4873 416 4926 τῶν
441 4875 630 4938 κακῶς
668 4875 988 4945 πασχόντων
1017 4893 1034 4942 ;
1061 4877 1249 4930 Ταῦτα
1271 4877 1328 4929 δὲ
1356 4877 1508 4945 λέγει
1543 4893 1729 4947 παραυ

1858 4882 2004 4944 itque
2040 4874 2144 4928 hoc
2178 4887 2245 4927 eo
2277 4861 2627 4942 potissimum
2662 4879 2933 4941 tempore,
2979 4871 3198 4942 quando
3240 4881 3426 4942 prote-

183 4955 361 5022 καλῶν,
388 4960 488 5013 οὐκ
512 4961 791 5030 ἐγκαλῶν.
820 4958 933 5017 Εἶθ’
975 4964 1044 5018 ἂν
1071 4965 1100 5018 ὁ
1125 4965 1260 5028 Θεδς
1293 4964 1432 5036 πρὸς
1458 4964 1632 5019 ταῦτα
1667 4965 1732 5019 τὸ

1854 4967 2024 5021 :tione
2056 4974 2147 5018 tua
2189 4965 2539 5034 potissimum
2588 4963 2924 5034 indigemus,
3008 4977 3159 5018 nunc
3207 4963 3422 5016 scilicet

181 5049 539 5122 γεγραμμένον
558 5069 573 5084 ο
602 5056 676 5108 Al
703 5055 982 5124 ἁμαρτίαι
1013 5054 1185 5126 ὑμῶν
1205 5055 1484 5111 διιστῶσι
1500 5055 1730 5126 μεταεὺ

1848 5073 1958 5114 eum
1983 5057 2038 5112 in
2064 5055 2515 5112 tribulationibus
2539 5055 2826 5110 constituti
2853 5055 3072 5110 sumus?
3093 5053 3216 5107 haec
3236 5061 3416 5107 autem

179 5136 308 5206 ἆμοῦ
329 5145 422 5198 καὶ
457 5144 653 5215 ὑμῶν.

1847 5167 1945 5207 non
1972 5165 2245 5212 accusans
2282 5160 2376 5205 aut
2437 5151 2669 5220 culpans
2716 5149 2889 5205 Deum
2951 5147 3254 5218 Propheta,
3319 5146 3415 5201 sed

180 5246 355 5303 rogans
379 5237 579 5292 dicitet
601 5237 921 5295 exhortans.
953 5239 1090 5297 Nam
1114 5243 1359 5315 alioquin
1383 5241 1725 5313 respondere
1763 5240 1812 5299 ei
1879 5243 2028 5300 Deus
2065 5243 2361 5314 potuisset,
2413 5241 2472 5296 id
2540 5240 2688 5312 quod
2756 5241 2885 5296 alibi
2967 5245 3230 5310 scriptum
3286 5246 3416 5297 est:

179 5323 377 5384 Peccata
402 5343 578 5387 vestra
605 5333 848 5389 dividunt
878 5338 1016 5390 inter
1045 5353 1127 5393 me
1152 5348 1204 5392 et
1234 5354 1346 5394 vos.

250 5423 343 5478 ‘Er
369 5423 448 5490 τῷ
474 5409 1038 5497 ὑπερηφανεύεσθαι
1088 5432 1198 5488 τὸν
1225 5434 1442 5504 ἀσεϐῆ,
1483 5435 1729 5506 ἐμπυρί-

1901 5433 2070 5487 Vens.
2102 5432 2159 5487 2.
2189 5430 2331 5485 Dum
2356 5429 2589 5500 superbit
2611 5429 2828 5496 impius,
2850 5425 3158 5480 incenditur
3187 5441 3411 5498 pauper.

180 5508 312 5570 ζεται
339 5519 370 5571 ό
391 5520 770 5596 arula-Eo?)
803 5523 1058 5589 ἀσεϐοῦς,
1094 5525 1283 5596 φησὶν,
1337 5529 1724 5600 ἐπαιρομένου,

1842 5525 2079 5594 Quando,
2119 5525 2318 5595 inquit,
2343 5524 2545 5595 aliquis
2572 5521 2877 5582 extollitur,
2908 5519 3132 5590 quando
3161 5519 3298 5576 bene
3333 5521 3410 5584 illi

179 5601 255 5658 διὰ
303 5608 359 5661 τὸ
417 5611 734 5668 εὐοδοῦσθαι
796 5615 934 5685 πρὸς
993 5616 1231 5686 ἅπαντα,
1294 5619 1511 5690 βλέπων
1593 5622 1727 5676 πᾶσι

1839 5626 2027 5672 :uncta
2059 5616 2387 5679 succedunt,
2449 5623 2582 5668 tunc
2616 5613 2661 5667 si
2699 5610 2825 5681 quis
2894 5610 3133 5666 ﬁdelium
3178 5623 3284 5676 est,
3315 5610 3407 5676 qui

181 5700 514 5784 προσκύπτων
544 5703 799 5771 εὐσεϐὴς,
863 5709 1225 5780 πυρπολεῖται
1293 5711 1372 5782 τῷ
1427 5711 1576 5783 ζήλῳ
1622 5713 1726 5784 τῆς

1839 5709 2214 5780 frequentibus
2252 5715 2514 5779 urgeatur
2544 5704 2976 5767 calamitatibus,
3014 5705 3062 5760 is
3121 5703 3238 5758 zelo
3266 5718 3407 5772 quo-

179 5781 586 5856 εὐδοκιμήσεως,
616 5789 733 5847 οἷόν
761 5812 884 5851 τινα
917 5799 1126 5854 καπνὸν
1150 5800 1243 5856 τὺν
1306 5781 1610 5876 στεναγμον
1636 5781 1726 5859 διὰ

1841 5802 1946 5858 iam
1979 5811 2142 5874 atque
2165 5800 2515 5857 aemulatione
2541 5797 2823 5871 Opinionis
2859 5812 2921 5853 ac
2977 5797 3104 5854 boni
3168 5794 3409 5852 nominis

226 5965 265 5998 ⁸⁵
287 5966 384 6026 lsa.
412 5986 559 6040 sun,
609 5975 692 6032 ιο.
