3970 6546
497 442 604 507 155
1749 443 2139 507 EUTllYMl!
2182 443 2550 507 ZIGABENI
3672 437 3772 505 155

491 569 632 625 pene
663 555 1008 624 accenditur,
1061 565 1226 627 atque
1286 572 1350 612 cx
1403 558 1628 630 proprio
1685 573 1784 614 ore
1839 560 2082 630 gemitus

2211 559 2284 614 τοῦ
2378 559 2653 630 στόματος
2733 558 3104 630 ἀναπέμπων,
3197 557 3283 610 ὅτι
3365 553 3616 620 τοιοῦτος
3681 552 3777 614 ὧν.

490 649 761 718 quosdam
797 648 929 704 fumi
960 650 1137 707 instar
1166 653 1394 720 emittit,
1425 654 1740 723 deplorans,
1773 653 1920 725 quod
1955 670 2081 709 cum

2211 658 2397 728 εὖροεῑ.
2429 655 2501 710 Ἦ
2564 653 2780 710 καὶτοῦ
2814 653 3071 724 δαίμονος
3101 651 3479 722 ἐπαιρομένου
3518 651 3662 704 κατὰ
3683 651 3777 704 τοῦ

491 741 611 812 ipse
641 743 913 813 eiusmodi
940 745 1034 812 sit,
1067 747 1340 803 obscurus
1373 757 1556 804 tamen
1587 755 1693 814 est,
1732 757 1899 820 atque
1921 749 2083 821 igno-

2211 749 2544 824 ινθρωπίνου
2581 748 2808 818 γένους,
2830 748 2860 801 ὁ
2884 745 3105 819 πτωχὸς
3133 745 3235 818 τὴν
3274 747 3480 816 ἀρετὴν
3527 743 3777 814 φλέγεται

494 836 743 907 lusui).
780 835 872 891 Vel
909 838 1071 894 aliter
1102 840 1268 895 etiam
1301 839 1570 911 intellige,
1599 841 1744 913 quod
1774 843 2080 899 extollente

2211 841 2330 915 τρδς
2385 841 2456 896 τὰ
2477 841 2652 912 παθη.

494 943 555 982 se
590 929 759 998 impio
783 930 1032 987 daemone
1064 932 1334 991 adversus
1384 934 1688 990 humanum
1745 949 1944 1008 genus,
1994 934 2086 990 ille
2119 933 2214 1005 qui
2242 934 2542 992 virtutibus
2571 945 2659 992 est
2722 947 2956 1006 pauper,
3009 931 3182 989 nimia
3259 930 3592 989 accenditur
3659 945 3779 1002 paco

490 1042 668 1084 sxone.

561 1117 979 1189 Coadjuuantur
1036 1123 1090 1176 in
1117 1123 1354 1178 consiliis
1384 1140 1501 1195 qua:
1547 1124 1808 1195 cogitant.
1857 1123 1970 1180 Hoc
2009 1125 2077 1179 de

2236 1116 2778 1188 Συλλαμϐάνονται
2794 1115 2866 1170 ἐν
2881 1113 3273 1180 duracta/llam,
3299 1098 3392 1179 οἷς
3417 1110 3782 1179 diuum-(Cor.

492 1211 680 1283 impiis
706 1212 872 1268 etiam
905 1212 1114 1268 dictum
1147 1226 1254 1272 est.
1304 1216 1744 1284 Coddjuvantur,
1785 1218 1989 1288 inquit,
2021 1216 2076 1272 in

2213 1230 2292 1268 αι.
2313 1213 2424 1268 Καὶ
2446 1201 2606 1266 τοΰτο
2635 1205 2895 1280 περὶτῶν
2918 1205 3157 1273 ἀσεϐῶν,
3181 1205 3264 1258 ὅτι
3281 1202 3485 1276 τρόπον
3506 1202 3633 1256 τινὰ
3655 1219 3781 1254 συν-

493 1303 583 1359 ltis
614 1320 738 1373 qua:
778 1304 1109 1361 consulunt.
1136 1308 1558 1378 Unadjntorium
1617 1324 1746 1365 vero
1797 1310 1902 1364 hoc
1948 1323 2078 1385 pgo-

2211 1304 2466 1377 ργοῦνται
2486 1303 2565 1367 εἰς
2587 1301 2622 1356 ἃ
2637 1294 3046 1371 βουλεύσονται.
3074 1294 3382 1367 Συνέργίαν
3399 1292 3459 1347 δὲ
3490 1293 3780 1362 νομιστέον

491 1397 815 1466 speritatem
844 1398 1110 1470 intellige.
1152 1400 1247 1456 Vel
1281 1401 1690 1472 coadjuvantur
1713 1419 1743 1457 a
1773 1403 1889 1457 suis
1917 1401 2076 1456 simi-

2212 1399 2278 1469 ὴν
2300 1397 2583 1451 εὺόδωσιν.
2612 1391 2686 1447 Ἦ
2714 1393 2811 1447 καὶ
2841 1387 3237 1472 συνεργοῦνται
3264 1385 3418 1459 παρά
3434 1387 3545 1440 τῶν
3561 1386 3778 1457 ὁμοίων.

492 1489 659 1547 libus.
689 1489 1111 1548 Observandum
1140 1503 1226 1550 est
1270 1505 1452 1550 autem
1478 1494 1625 1566 quod
1675 1497 1938 1566 propheta
1979 1510 2081 1550 sa:-

2211 1487 2615 1562 Ιαρατηρητέον
2641 1484 2700 1538 δὲ
2725 1482 3011 1546 πολλάκις,
3045 1481 3130 1536 ὅτι
3158 1477 3382 1534 ἐπὶτῶν
3413 1476 3662 1547 ἀγαθῶν,
3690 1479 3780 1530 καὶ

492 1597 793 1652 penumero
819 1591 928 1638 tam
956 1585 1024 1640 de
1055 1585 1264 1655 pravis,
1303 1600 1468 1657 quam
1530 1585 1598 1642 de
1634 1585 1820 1657 probis
1843 1585 2086 1640 homini-

2215 1582 2279 1635 πὶ
2309 1579 2420 1635 τῶν
2446 1573 2728 1651 πονηρῶν,
2767 1575 2929 1631 τοῦτο
2947 1575 3046 1646 μὲν
3084 1570 3496 1644 πληθυντικῶς,
3535 1571 3697 1624 τοῦτο
3727 1571 3780 1623 δὲ

491 1673 599 1728 bus
645 1675 904 1747 loquens,
965 1677 1233 1748 singulari
1307 1679 1626 1750 aliquando,
1675 1688 1731 1734 et
1785 1677 2082 1750 aliquando

2215 1673 2382 1738 νικῶς
2415 1673 2642 1744 ἐκφέρει
2664 1670 2756 1726 τὸν
2769 1670 2949 1739 λόγον·
2968 1668 3022 1721 οῖ
3039 1683 3102 1720 τε
3112 1665 3224 1737 γὰρ
3244 1663 3446 1734 ἁγαθοὶ
3456 1664 3536 1734 τῷ
3560 1661 3778 1735 ἀριθμῷ

490 1767 692 1837 plurali
752 1769 926 1826 utitur
995 1783 1300 1829 sermone:
1363 1773 1491 1843 quia
1560 1787 1791 1828 numero
1862 1771 2082 1843 quidem

2211 1767 2290 1823 ιὲν
2357 1765 2547 1820 πολλοί
2595 1765 2726 1830 είσι,
2787 1766 2857 1836 τῇ
2915 1761 2972 1816 δὲ
3037 1758 3360 1830 ἀγαθότητι,
3421 1751 3535 1823 εἶς’
3595 1757 3689 1811 καὶ
3735 1756 3784 1810 εί
3833 1804 3838 1812 .

494 1861 654 1915 multi
688 1869 842 1930 sunt,
877 1863 968 1918 sed
1027 1865 1231 1921 virtute
1265 1873 1362 1920 aut
1420 1865 1554 1920 vitio
1590 1879 1784 1920 unum.
1849 1863 1946 1920 γει
1975 1863 2079 1918 ali-

2211 1859 2414 1934 ιονηροὶ
2449 1859 2530 1922 δὲ,
2591 1858 2670 1930 τῷ
2728 1857 2830 1928 μὲν
2881 1853 3126 1926 ἀριθμῷ,
3163 1851 3395 1917 πολλοὶ,
3429 1852 3498 1921 τῇ
3524 1847 3585 1904 δὲ
3617 1865 3782 1919 πονη-

493 1959 578 2005 ter
615 1951 796 2018 :Quia
829 1953 1018 2009 Graeca
1052 1955 1225 2010 dictio
1261 1955 1739 2028 συλλαμϐάνονται
1792 1969 1900 2010 non
1956 1963 2080 2009 tan-

2211 1954 2300 2026 ιίᾳ,
2330 1951 2523 2018 εἶς.Ἦ
2549 1952 2646 2008 καὶ
2673 1952 2804 2022 περὶ
2838 1949 2950 2003 τῶν
2984 1946 3228 2003 εὐσεϐῶν
3249 1948 3277 2000 ὁ
3298 1944 3484 2016 λόγος,
3516 1945 3604 1997 ὅτι
3625 1943 3680 1994 έν
3703 1937 3779 2005 οἷς

493 2050 607 2095 tum
638 2044 910 2115 significat
932 2049 1345 2117 coadjuvantur,
1391 2023 1488 2105 sed
1518 2051 1687 2104 etiam
1737 2048 2081 2119 comprehen-

2211 2023 2591 2114 ἱιαλογίζονται
2637 2043 2901 2115 περὶτῶν
2937 2041 3152 2096 ἀσεϐῶν
3183 2041 3282 2104 τῆς
3300 2036 3636 2108 εὐημερίας,
3661 2036 3784 2088 συλ-

493 2137 718 2203 dnntur,
755 2135 942 2190 dicere
986 2155 1304 2208 possumus,
1365 2140 1699 2212 PrOpbetam
1777 2141 1868 2196 hic
1927 2139 2076 2210 loqui

2211 2138 2601 2212 ιαμϐἀνονταιο
2640 2137 2914 2203 τουτέστι,
2956 2133 3390 2207 περιπίπτουσιν
3424 2132 3483 2184 ὲν
3510 2129 3784 2198 μικροψυ-

496 2226 564 2282 de
600 2229 708 2283 illis
769 2231 1046 2298 ﬁdelibus,
1086 2235 1180 2303 qui
1241 2233 1296 2290 in
1350 2236 1591 2306 propriis
1653 2233 2080 2306 cogitationibus

2211 2233 2365 2304 [ίαις,
2390 2234 2451 2286 οὐ
2479 2232 3017 2303 καταστοχσζόμενοι
3042 2228 3152 2282 τῶν
3182 2228 3468 2298 χριμάτων
3505 2225 3604 2278 τοῦ
3632 2221 3783 2278 Θεοῦ.

497 2325 1059 2393 comprehendunzur,
1095 2344 1234 2398 quas
1264 2329 1332 2384 de
1356 2331 1558 2402 impiis,
1598 2339 1653 2386 et
1713 2332 1780 2387 de
1843 2330 2063 2385 illorum
2107 2330 2476 2400 prosperitate
2505 2328 2786 2400 cogitant;
2820 2342 2885 2384 ac
2914 2327 2958 2382 si
3021 2324 3256 2389 diceret,
3320 2320 3470 2393 quod
3529 2319 3606 2374 ob
3663 2335 3788 2392 pro-

496 2417 668 2488 priam
707 2420 1079 2477 inﬁrmitatem
1115 2423 1395 2491 labuntur,
1431 2441 1538 2481 non
1602 2427 1851 2482 valentes
1902 2422 2188 2494 percipere
2223 2432 2318 2478 aut
2345 2423 2932 2493 considerarejudicia
2959 2421 3076 2479 Dei.
3817 2415 3820 2418 ’

564 2506 730 2566 Vens.
767 2513 818 2566 5.
851 2512 1117 2578 Quoniam
1151 2513 1407 2569 laudatur
1434 2525 1679 2586 peccator
1713 2517 1768 2570 in
1806 2514 2087 2570 desideriis

2263 2515 2393 2569 Ὀτι
2441 2515 2773 2570 ἐπαινεῖται
2805 2517 2838 2570 ὁ
2873 2513 3225 2586 ἁμαρτωλὸς
3263 2514 3336 2568 ἐν
3391 2510 3525 2579 ταῖς
3578 2511 3785 2565 ἐπιθυ’

496 2601 694 2656 anima:
743 2619 876 2666 saw,
909 2616 960 2659 et
989 2606 1226 2669 iniustus
1278 2607 1630 2662 benedicitur.
1665 2606 2087 2663 Observandum

2211 2608 2350 2674 ιίαις
2377 2606 2492 2676 τῆς
2515 2607 2728 2678 ψυχῆς
2760 2606 2974 2672 αὑτοῦ,
3025 2606 3127 2662 καί
3175 2609 3209 2662 d
3254 2603 3488 2661 ἀδικῶν
3542 2603 3788 2658 crevie-

402 2687 418 2698 κ
495 2700 580 2745 est
611 2695 759 2762 quod
792 2693 986 2760 dictio,
1018 2697 1294 2766 quoniam,
1335 2714 1436 2754 seu
1470 2699 1619 2769 quia,
1647 2697 1792 2768 apud
1827 2695 2089 2754 Hebraeos

2211 2699 2400 2754 ἐῒταα
2438 2700 2552 2754 Καὶ
2592 2697 2754 2754 τοῦτο
2788 2699 3234 2771 παρατηρητέον,
3272 2698 3349 2761 ὡς
3392 2697 3454 2752 τὸ
3495 2696 3590 2751 ὅτι
3634 2696 3783 2766 παρα

498 2800 608 2838 mm
639 2800 861 2855 semper
895 2802 1120 2844 causam
1150 2789 1354 2853 reddit,
1409 2789 1507 2846 sed
1561 2789 1862 2858 aliquando
1886 2789 2088 2846 adver-

2211 2794 2302 2856 :oI;
2344 2793 2623 2865 Ἑϐραίοις
2644 2832 2659 2856 .
2688 2793 2791 2848 οὐκ
2825 2793 2916 2848 ἀεὶ
2943 2791 3310 2861 αἰτιολογικὸν
3341 2788 3782 2861 παραλαμϐάνει

498 2875 649 2928 luunt
687 2885 774 2932 est
819 2881 1190 2936 conﬁrmandi
1223 2899 1237 2936 :
1267 2882 1569 2954 aliquando
1618 2883 1786 2938 etiam
1847 2883 2091 2940 abundat

2211 2903 2282 2940 :at
2304 2901 2318 2917 ·
2350 2885 2469 2940 ἀλλ’
2500 2885 2649 2940 ἐστιν
2678 2886 2768 2940 ὅτε
2821 2885 2918 2942 καὶ
2949 2883 3310 2956 βεϐαιωτικὸν
3371 2883 3469 2939 καὶ
3514 2883 3786 2954 παρέλκον

492 2968 654 3036 juxta
697 2971 978 3030 idiontatis
1006 2990 1187 3030 usum.
1216 2975 1394 3040 Adeo,
1426 2977 1605 3046 inquit
1628 2977 1927 3049 Propheta,
1947 2977 2092 3033 inter

497 3076 596 3113 eos
631 3063 823 3118 vitium
855 3068 1164 3136 praevaluit,
1200 3075 1261 3124 ut
1313 3078 1369 3125 et
1405 3077 1727 3142 peccatores
1757 3071 1827 3127 de
1873 3071 2094 3128 delictis

497 3149 814 3220 laudentur,
847 3171 972 3226 qua:
1002 3157 1158 3212 carni
1187 3173 1250 3214 ac
1283 3159 1524 3230 propriae
1557 3160 1773 3216 libidini
1800 3161 2093 3232 obtempe-

500 3253 692 3298 rantes
724 3246 1109 3312 committunt,
1139 3257 1192 3304 et
1222 3249 1260 3304 ii
1288 3251 1498 3320 pariter
1525 3249 1622 3320 qui
1667 3250 1870 3320 injuria
1897 3263 2093 3320 quem-

501 3336 648 3403 piam
691 3336 956 3404 atlicinut,
991 3355 1022 3394 a
1051 3341 1137 3396 sui
1175 3342 1454 3400 similibus
1483 3342 1752 3415 majorem
1806 3343 1938 3400 inde
1967 3359 2092 3402 sce-

501 3426 632 3482 leris
659 3429 888 3497 gloriam
921 3446 1359 3505 consequantur.

572 3518 738 3579 Vsas.
770 3525 825 3580 4.
857 3524 1105 3582 Irritavit
1141 3527 1432 3584 Dominum
1485 3541 1754 3599 peccator.
1805 3529 1888 3586 Ad
1922 3529 2092 3586 ultio-

498 3629 624 3668 nem
663 3615 834 3671 Deum
868 3622 1195 3686 commovit,
1251 3621 1372 3680 suis
1404 3637 1531 3678 eum
1566 3638 1772 3696 urgens
1809 3632 1975 3696 atque
2004 3624 2095 3680 in-

497 3712 679 3766 citans
720 3711 964 3768 delictis.

571 3801 874 3858 Secundum
913 3806 1314 3864 multitudinem
1378 3811 1476 3866 ira:
1504 3827 1620 3868 sum
1657 3828 1765 3868 non
1818 3814 2088 3884 exquiret.

498 3892 619 3950 Non
650 3897 855 3967 exiget,
905 3898 1107 3970 inquit,
1167 3902 1310 3958 Deus
1377 3917 1572 3974 pmnas
1617 3905 1712 3961 irae
1739 3920 1853 3962 sua!
1895 3907 2094 3963 condi-

499 4005 661 4058 gnas,
715 3989 870 4058 juxta
905 3991 1082 4047 illud:
1121 3993 1182 4048 Si
1206 3995 1517 4066 iniquitates
1558 3998 1944 4067 observaveris,
1985 3999 2096 4055 Do-

500 4083 660 4146 mine,
712 4082 951 4150 Domine,
1003 4087 1121 4156 quis
1151 4088 1533 4144 sustinebit"?
1563 4089 1704 4146 Iram
1747 4093 1896 4148 enim
1963 4093 2088 4160 Dei,

496 4173 702 4242 justam
740 4191 961 4245 pwnam
993 4186 1050 4235 et
1104 4180 1437 4252 condignum
1467 4185 1802 4254 supplicium
1833 4185 2092 4256 appellat.

500 4263 842 4334 Misericors,
905 4268 1112 4340 inquit,
1159 4271 1306 4328 Deus
1333 4283 1415 4330 est
1445 4291 1459 4327 :
1491 4288 1739 4330 summas
1771 4290 1836 4330 ac
1869 4277 2095 4331 meritas

497 4371 694 4426 pcenas
712 4375 820 4414 non
845 4361 1074 4433 inlliget.
1099 4364 1207 4419 Alii
1238 4363 1501 4438 [legunt]:
1534 4365 2094 4424 lrritavitDominum

500 4460 760 4518 peccator
791 4455 1101 4510 secundum
1155 4458 1570 4515 multitudinem
1629 4459 1736 4516 ira!
1799 4477 1937 4528 suae,
1991 4463 2098 4518 hoc

498 4549 586 4595 est
619 4545 913 4615 condigne,
948 4557 1004 4604 et
1038 4558 1206 4620 prout
1235 4551 1489 4622 exigebat
1515 4552 1706 4608 divina
1737 4553 1842 4620 ira,
1877 4570 2003 4624 qua:
2023 4556 2094 4612 ab

2193 2977 2408 3034 τίθεται
2464 2979 2610 3034 κατὰ
2650 2997 2773 3035 τινα
2832 2979 3149 3050 συνήθειαν.
3189 2975 3382 3042 Οὕτως
3427 2976 3548 3043 οὖν,
3597 2976 3783 3048 φησιν,

2196 3073 2508 3144 ἐκράτησεν
2540 3075 2574 3142 ἡ
2613 3071 2806 3137 κακία,
2837 3071 2912 3137 ὡς
2937 3073 3066 3136 τοὺς
3095 3070 3518 3143 ἁμαρτάνοντας
3549 3072 3786 3124 ἐπαινεῖ-

2195 3163 2323 3219 σθαι
2353 3163 2554 3234 μᾶλλον
2583 3164 2644 3218 ὲν
2686 3165 2801 3228 τοῖς
2845 3163 3327 3235 πλημμελήμασιν
3357 3155 3434 3218 ὧν
3475 3159 3782 3232 ἐπιθυμοῦ-

2198 3275 2306 3326 σιν,
2341 3257 2417 3322 ὡς
2445 3256 2736 3329 ἐμπαθεῖς,
2773 3255 2869 3310 καὶ
2899 3256 3028 3320 τοὺς
3059 3253 3384 3319 ἀδικοῦντας
3417 3253 3784 3325 εὐφημεῖσθαι

2195 3350 2490 3424 παρὰντῶν
2521 3350 2745 3423 ὁμοίων,
2776 3351 2838 3403 ἑν
2867 3344 2950 3414 οἷς
2985 3348 3214 3414 ἀνοσίως
3242 3348 3574 3421 πράττουσι.

2267 3529 2598 3602 [laps-360"
2635 3531 2746 3584 tor
2767 3529 2993 3598 Κύριον
3025 3519 3464 3597 δ’ἁμιιρτωός.
3507 3527 3606 3591 Εἰς
3642 3527 3786 3581 ἐκδί-

2195 3644 2358 3699 κησιν
2387 3625 2636 3696 ἠρέθισε,
2697 3624 2830 3695 παρ’
2866 3621 3064 3677 ἑαυτοῦ
3124 3620 3324 3689 όξ-ύνας
3387 3622 3486 3676 καὶ
3536 3621 3782 3692 ταχύνας

2194 3721 2384 3784 αὑτὸν,
2407 3719 2475 3774 δι’
2505 3709 2582 3773 ὧν
2605 3716 2930 3788 ἐργάζεται.

2267 3811 2432 3868 Κατὰ
2460 3811 2532 3866 τὸ
2560 3809 2798 3878 πλῆθος
2832 3809 2940 3880 τῆς
2977 3808 3162 3880 ὀργῆς
3191 3807 3383 3862 αὐτοῦ
3406 3807 3519 3862 οὐκ
3547 3805 3786 3874 ἐκζητή-

2195 3921 2316 3962 σει.
2343 3906 2459 3960 Οὐκ
2489 3903 2657 3970 ἀξίως
2687 3903 2790 3974 τῆς
2822 3903 2997 3975 ὀργῆς
3026 3899 3193 3956 αὑτοῦ
3243 3900 3548 3970 ἀπαιτήσει
3576 3899 3734 3962 δίκας
3760 3898 3787 3952 ὁ

2195 4000 2352 4064 Θεὸς.
2403 3997 2549 4053 Ἐὰν
2584 3995 2696 4067 γὰρ
2725 3995 2980 4066 ἀνομίας
3004 3992 3478 4066 πορατηρήσῃς,
3515 3993 3612 4059 τις
3654 3993 3787 4047 ὐπο-

2195 4091 2514 4160 στήσεται;
2567 4089 2737 4161 Ὀργὴ
2769 4089 2826 4143 δὲ
2853 4089 3013 4155 Θεοῦ,
3035 4090 3070 4160 ἡ
3095 4087 3282 4143 δικαία
3307 4087 3573 4157 τιμωρία.
3619 4084 3789 4155 Ἐλεή-

2200 4182 2644 4256 μων,φησὶν,ιῖ›ν,
2662 4183 2764 4236 οὐκ
2784 4183 2981 4251 ἐπάγει
3007 4181 3233 4236 κόλασιν
3261 4179 3524 4250 ἄκρατον.
3543 4179 3708 4232 Ἐστι
3732 4177 3784 4230 δὲ

2197 4279 2294 4333 καὶ
2325 4279 2528 4350 ἑτέρως
2556 4277 2700 4331 κατά
2722 4292 2900 4341 τινας,
2932 4275 3016 4329 ὅτι
3056 4272 3363 4344 Παρώξυνε
3389 4273 3482 4327 τὸν
3518 4272 3730 4343 Κύριον
3759 4271 3786 4323 6

2199 4369 2524 4442 ἁμαρτωλὸς
2553 4367 2699 4424 κατὰ
2720 4367 2782 4422 τὸ
2811 4366 3023 4438 πλῆθος
3049 4366 3150 4438 τῆς
3196 4365 3372 4438 ὀργῆς
3401 4364 3596 4428 αὑτοῦ,
3633 4380 3784 4418 τουτο

2198 4467 2348 4520 έστιν
2375 4465 2543 4532 ἀξίως
2567 4467 2672 4534 τῆς
2705 4461 2838 4535 παρ’
2890 4460 3061 4516 αὐτοῦ
3093 4460 3270 4533 δήπου
3315 4457 3412 4512 τοῦ
3455 4455 3784 4529 ἁμαρτωλοῦ

2199 4554 2591 4626 ἁναπτομένης
2621 4553 2700 4624 τῷ
2731 4551 2854 4624 Θεῷ
2884 4551 3060 4624 ὀργῆς
3085 4564 3102 4581 ⁶
3142 4547 3546 4619 ἀναπτομένης
3593 4547 3677 4610 δὲ,
3705 4543 3786 4600 διὰ

499 4631 624 4700 ipso
659 4645 950 4702 peccatore
983 4641 1226 4710 propriis
1271 4643 1578 4698 sceleribus
1612 4644 1872 4712 instigata
1906 4645 2086 4701 fuerat

2211 4651 2302 4706 ςῶν
2349 4647 2606 4720 πονηρῶν
2658 4645 2942 4718 πράξεων,
2985 4637 3108 4698 εἶτα
3156 4640 3242 4709 τὸ,
3297 4644 3413 4697 οὐκ
3451 4638 3785 4708 ἐκζητήσει,

499 4732 555 4776 et
593 4738 850 4790 accensa,
887 4737 942 4782 et
971 4732 1118 4800 quod
1156 4732 1431 4802 sequitur,
1460 4749 1568 4788 non
1594 4739 1859 4806 exquiret,
1899 4737 2080 4807 legen.

503 4814 633 4868 dum
665 4814 860 4871 dicunt
913 4835 1007 4890 per
1056 4821 1544 4894 interrogationem
1566 4867 1582 4890 ,
1618 4828 1703 4883 vel
1733 4830 1900 4884 etiam
1929 4833 2092 4886 abso-

502 4906 620 4963 lute
647 4948 664 4974 ,
699 4918 753 4963 et
787 4919 920 4967 tunc
975 4913 1044 4969 sit
1108 4930 1331 4983 sensus,
1388 4920 1537 4989 quod
1576 4921 1720 4977 Deus
1782 4937 1881 4992 per
1913 4924 2092 4994 poeni-

501 5005 732 5059 tentiam
784 5006 941 5061 illum
978 5023 1086 5064 non
1124 5011 1399 5082 exquiret,
1431 5013 1526 5082 qui
1557 5013 1631 5070 ita
1660 5031 1787 5070 eum
1828 5016 2106 5076 irritavit-

574 5096 742 5153 Vsus.
778 5097 831 5153 5.
897 5098 1021 5154 Non
1050 5112 1130 5156 est
1159 5103 1299 5159 Deus
1332 5105 1387 5159 in
1416 5117 1698 5176 conspectu
1731 5107 1873 5178 ejus.
1928 5109 2104 5166 Putat

499 5201 762 5260 peccator
810 5195 958 5264 quod
1009 5213 1136 5252 eum
1190 5197 1335 5253 Deus
1385 5208 1614 5269 peccata
1647 5202 2089 5259 committentem

503 5299 616 5338 non
652 5285 853 5341 videat.
889 5288 982 5342 Vel
1027 5291 1230 5345 aliter:
1265 5289 1412 5346 Deus
1459 5293 1553 5360 qui
1609 5293 1816 5363 ubique
1851 5310 2092 5366 praesens

501 5382 610 5434 est.
635 5390 664 5428 a
701 5379 1012 5443 peccatoris
1043 5379 1222 5435 oculis
1248 5395 1360 5435 non
1386 5383 1713 5452 percipitur.

492 5515 506 5552 ι
579 5463 884 5536 Inquinatw
912 5481 1036 5526 sunt
1071 5473 1167 5528 viae
1193 5471 1341 5528 illius
1394 5473 1450 5528 in
1480 5476 1905 5546 omnitempore.
1947 5476 2102 5533 Cum

648 5652 698 5684 "
733 5653 881 5710 Psal.
911 5670 1101 5723 cun,
1123 5656 1180 5712 ὅ.

2197 4743 2318 4797 κατ’
2342 4739 2614 4812 ἐρώτησιν
2639 4735 3020 4805 ἀναγνωστέον
3041 4751 3056 4766 ο
3091 4735 3124 4805 ἢ
3152 4734 3248 4788 καὶ
3284 4728 3448 4796 αὖθις
3493 4730 3640 4787 κατὰ
3661 4729 3787 4784 ἁπό-

2199 4850 2365 4906 φασιν
2400 4832 2537 4904 (48),
2557 4825 2692 4886 οἷονο
2728 4829 2888 4884 Οὕτω
2911 4826 3223 4898 παροξύνας
3256 4825 3351 4880 τὸν
3378 4825 3538 4890 Θεὸν,
3570 4825 3675 4878 οὐκ
3703 4825 3786 4875 iat-

2201 4929 2429 5001 ζητήσει
2453 4925 2619 4981 αὑτὸν
2645 4923 2736 4978 διὰ
2767 4922 3082 4995 μετανοίας.

2273 5112 2396 5166 Οὐκ
2420 5109 2594 5164 ἔστιν
2624 5107 2658 5161 ὁ
2690 5105 2836 5170 Θεὸς
2878 5103 3140 5159 ἐνώπιον
3195 5103 3412 5159 αὐτοῦ.
3461 5103 3551 5166 Ὠς
3595 5102 3782 5165 οίεται,

2199 5203 2262 5258 οὐ
2290 5201 2480 5274 βλέπει
2511 5197 2676 5252 αὑτὸν
2726 5195 2876 5250 οὕτω
2913 5196 3224 5266 πράττοντα
3249 5197 3278 5248 ὁ
3307 5195 3440 5258 Sed;
3458 5211 3471 5224 ·
3507 5194 3543 5266 ἦ
3567 5195 3628 5247 οὐ
3654 5192 3785 5263 λαμο

2198 5295 2424 5350 ϐἀνεται
2459 5291 2567 5361 πρὸ
2599 5287 2897 5359 ὀφθαλμῶν
2927 5286 3117 5354 αὑτοῦ,
3155 5287 3232 5351 ὡς
3258 5288 3479 5360 παρών.

2270 5473 2686 5542 Βεόηλοῦνται
2725 5471 2785 5526 αὶ
2817 5468 2946 5524 ὁδοί
2999 5468 3194 5524 αὑτοῦ
3231 5470 3302 5525 ἐν
3351 5473 3538 5527 παντί
3582 5467 3782 5542 καιρῷ.

1844 5795 2042 5858 νεικείω
2083 5793 2424 5857 lectiones.

579 5955 798 6029 (ιτ-ιε)
825 5955 1012 6016 Graeca
1041 5957 1117 6014 ita
1145 5969 1345 6017 sonant
1367 5976 1380 6015 :
1402 5959 1542 6031 quod
1573 5959 1699 6016 talis
1729 5975 1844 6014 cum
1865 5959 1933 6015 sit
1967 5954 2246 6030 (impiusvi
2275 5953 2493 6027 dclicet)
2520 5962 2807 6023 prosperct.
