3970 6530
159 489 244 554 157

1310 485 1699 546 COMMENT.
1740 482 1820 543 IN
1864 482 2229 552 PSALMOS.

3294 478 3396 547 158

150 605 228 673 Μὴ
250 599 538 666 δοκοῦντος
559 600 884 671 ρλέπεσθαι,
907 600 1104 671 μαιραὶ
1125 601 1367 669 γίνονται
1397 600 1453 654 αί
1483 601 1711 670 πράξεις

1820 615 2078 674 peccator
2104 622 2203 660 sua
2232 605 2403 661 videri
2433 622 2540 661 non
2572 613 2727 677 putat
2751 605 2974 670 delicta,
3012 598 3394 674 perversiores

149 698 231 751 τοῦ
259 694 591 767 ἁμαρτωλοῦ
617 694 712 747 καὶ
743 695 1175 765 μεμολυσμέναι.

219 786 671 855 Ἀνταναιρεῖται
702 786 773 841 τὰ
800 787 1057 858 κρίματὰ
1090 801 1208 843 σου
1234 786 1716 858 ἀπὸ⁹προσώπου

149 881 338 937 αὐτοῦ.
375 881 765 951 Ἀιραιροῢνται
814 883 872 935 αἱ
905 883 1119 953 κρίσεις
1155 898 1251 937 σου
1285 879 1394 935 ἀπὸ
1450 880 1543 933 τοῦ
1594 878 1714 941 νοὸς

154 973 309 1028 αὕτοῦ
332 989 347 1005 ο
381 972 511 1037 νοῦς
561 975 671 1046 γὰρ
730 973 835 1047 δρᾷ
861 988 878 1007 ο
914 972 1192 1026 τουτέστιν
1225 970 1603 1035 ὲκὸἁλλονται,
1640 967 1717 1039 μὴ

151 1066 544 1137 ἐνθυμουμένου
577 1066 804 1130 ταύτας,
832 1066 972 1137 μηδὲ
1000 1065 1378 1136 λογιζομένου,
1410 1064 1494 1119 ὅτι
1520 1062 1714 1133 κριτὴς

151 1156 199 1213 εἴ
223 1161 443 1225 δῖκαιος,
481 1161 581 1213 καὶ
635 1159 884 1229 ἰσχυρὸς,
938 1160 1036 1215 καὶ
1093 1157 1468 1229 μακρόθυμος.
1502 1154 1717 1225 Παρέλ·

152 1268 307 1305 κουσα
328 1250 385 1304 δὲ
414 1253 447 1322 ἡ
480 1253 615 1307 ἀντὶ
645 1251 904 1320 πρόθεσις
923 1290 940 1315 ,
977 1250 1072 1305 καὶ
1105 1248 1712 1322 καταχρηστικώτερον,

152 1344 331 1414 ὥσπερ
362 1345 455 1396 ἐπὶ
484 1343 585 1412 τῆς
617 1343 1029 1407 ἀνταποδόσεως
1054 1341 1488 1414 ήρμηνεύκαμεν
1510 1354 1526 1369 ⁸
1552 1340 1715 1410 ἤρκει

151 1437 250 1507 γὰρ
280 1437 467 1499 εἰπεῖν,
506 1432 939 1507 Ἀναιρεῖται.Ἦ
964 1434 1057 1489 καὶ
1075 1433 1269 1498 ἄλλως*
1289 1432 1597 1502 Ἀναίρεσις
1615 1429 1714 1500 μὲν

152 1530 245 1598 τῆς
273 1529 567 1598 ἁμαρτίας,
601 1530 657 1582 al
688 1529 783 1581 τοῦ
808 1526 943 1582 Θεοῦ
972 1528 1206 1599 κρίσεις,
1235 1526 1302 1591 ἃς
1325 1528 1353 1580 ό
1384 1523 1713 1596 ἁμαρτάνων

155 1621 547 1691 ἐνθυμούμενος
604 1619 879 1674 παύεται·
945 1619 1331 1690 ἀνταναῐρεσις
1390 1618 1446 1672 δὶ
1505 1616 1713 1670 τούτων

154 1713 316 1780 αὖθις,
352 1714 383 1783 ἡ
414 1711 555 1783 λήθη
593 1713 798 1768 αὐτῶν.

219 1988 456 2043 Πάντων
515 1989 636 2041 τῶν
689 1986 923 2056 ἐχθρῶν
984 1980 1173 2042 αὐτοῦ
1220 1987 1707 2057 κατακυριεύσει.

158 2083 350 2145 Πάντας
375 2083 663 2151 ἀμυνεῖται
693 2081 820 2144 τοὺς
848 2081 1283 2151 ἀνθισταμένους
1310 2081 1483 2151 αὐτῷ,
1503 2081 1589 2143 διὰ
1609 2080 1711 2153 τὴν

154 2175 236 2227 τοῦ
282 2172 414 2227 Θεοῦ
449 2172 839 2245 μακροθυμίαν
893 2172 1396 2246 παραχωρούμενος
1447 2173 1711 2238 πολλάκις

153 2268 289 2337 νικᾷν
318 2267 412 2320 καὶ
435 2269 495 2320 ὲν
520 2268 637 2330 τοῖς
667 2268 949 2337 πολέμοις.

215 2356 387 2413 Εἶπεν
425 2360 537 2430 γὰρ
567 2360 637 2413 ἐν
660 2359 875 2429 καρδίᾳ
908 2361 1098 2416 αὐτοῦ
1123 2375 1136 2392 ο
1180 2362 1264 2416 Οὐ
1287 2358 1375 2431 μὴ
1401 2357 1707 2415 σαλευθῶ.

156 2452 456 2522 Παράμονον
485 2453 704 2522 ἐνόμισε
737 2454 836 2524 τὴν
880 2452 1223 2524 εὐημερίαν·
1267 2453 1594 2523 σαλευθῆναι
1627 2450 1706 2520 δὲ,

156 2544 207 2596 τὸ
225 2545 628 2615 μετατραπῆναι
657 2544 760 2615 τῆς
792 2544 1098 2616 δυνάμεως.

226 2726 356 2780 Ἀπὸ
381 2725 597 2795 γενεᾶς
624 2729 713 2793 είς
752 2726 968 2796 γενεὰν
1007 2726 1156 2782 ἄνευ
1180 2725 1394 2781 κακοῦ.
1425 2725 1617 2780 Δείπει
1648 2726 1711 2779 τὸ

154 2821 415 2891 iuononi;
446 2821 807 2891 διαϐήσομαι
831 2838 845 2853 ο
871 2822 1121 2892 ἐνενόησε
1160 2820 1271 2891 γὰρ
1308 2822 1389 2874 ὃτι
1429 2814 1710 2888 ἀνέπαφος

156 2910 288 2965 ἔσται
315 2911 637 2976 κακώσεως,
695 2911 804 2965 ἀπὸ
845 2914 1044 2981 γενεᾶς
1073 2913 1152 2974 εἰς
1179 2913 1396 2980 γενεὰν,
1433 2912 1706 2974 τουτέστι,

160 3004 266 3074 παρ’
312 3003 437 3074 ὃλην
466 3002 648 3075 ζωήνο
706 3004 902 3073 γενεὰν
952 3006 1065 3073 γὰρ
1113 3005 1351 3060 ἐνταῦθα
1404 3006 1505 3077 τὴν
1555 3006 1705 3075 ζωὴν

159 3096 365 3167 οἰητέον,
422 3101 727 3163 τουτέστιν,
757 3098 868 3154 ἀπὸ
897 3099 994 3170 τῆς
1024 3098 1221 3153 ἑαυτοῦ
1272 3100 1402 3170 ἄχρι
1451 3099 1552 3171 τῆς
1586 3097 1710 3171 μετ’

158 3189 317 3243 αὐτόν.

1731 3280 1777 3338 C

213 3370 285 3430 οὗ
328 3375 474 3443 ἀρᾶς
507 3375 580 3430 τὸ
619 3377 817 3444 στόμα
840 3377 1030 3432 αὐτοῦ
1063 3377 1247 3447 γέμει,
1304 3377 1402 3431 καὶ
1439 3375 1702 3445 πικρίας,

162 3466 242 3519 καὶ
271 3467 471 3523 δόλου.
506 3462 584 3522 Οὔ
605 3486 754 3532 τινος
789 3468 979 3523 αὐτοῦ
1016 3468 1085 3522 τὸ
1120 3468 1346 3537 στόμαο
1380 3466 1611 3537 σύνηθες
1649 3465 1711 3519 δὲ

161 3556 408 3610 καὶτοῦτο
435 3559 496 3612 τὸ
520 3559 710 3629 σχῆμα
742 3561 809 3630 τῇ
841 3557 949 3612 τῶν
997 3558 1264 3631 Ἑϐραίων
1296 3556 1585 3628 διαλέκτῳ,
1610 3558 1709 3610 καὶ

162 3648 402 3719 πολλαχοῦ
458 3651 736 3718 κείμενον,
806 3651 953 3719 λέγω
995 3650 1062 3722 δὴ
1120 3650 1182 3705 τὸ
1234 3649 1589 3718 συξευγνύειν
1636 3647 1708 3702 τὰ

161 3733 313 3806 ἄρθρα
364 3740 481 3801 ταῖς
536 3738 937 3809 ἀντωνυμίαις,
969 3739 1046 3805 ὡς
1080 3741 1142 3793 τό
1169 3755 1185 3775 ο
1222 3739 1525 3809 Μακάριος
1556 3734 1637 3796 οὗ
1672 3739 1707 3794 ὁ

166 3830 288 3893 Θεὸς
319 3830 517 3885 Ἰακὼϐ
561 3832 794 3901 ,ϐοηθὸς
828 3833 1016 3890 αὑτοῦ
1038 3847 1054 3867 ⁸
1113 3834 1209 3889 καὶ
1239 3834 1304 3887 τό
1324 3849 1341 3864 ·
1402 3832 1713 3903 Μακάριος

165 3920 329 3990 ἀνὴρ,
367 3917 415 3991 ᾧ
455 3925 631 3979 ἐστιν
670 3925 999 3995 ἀντίληψις
1030 3925 1190 3992 αὐτῷ
1219 3926 1380 3995 παρὰ
1422 3924 1560 3981 σοῦ.
1603 3927 1709 3979 Πει-

169 4014 448 4086 τλησμένον
472 4018 528 4070 δέ
558 4019 745 4072 ἐστιν,
766 4018 926 4089 ἀρᾶς,
961 4021 1356 4090 καταρωμένου
1390 4022 1526 4075 πᾶσι
1554 4036 1569 4051 ο
1613 4022 1713 4077 καὶ

166 4109 388 4175 πικρίας,
413 4108 650 4177 ὀργίλως
679 4109 1059 4187 φθεγγομένου
1079 4127 1095 4144 ο
1120 4113 1216 4166 καὶ
1246 4111 1420 4176 δόλου,
1455 4111 1531 4178 μὴ
1558 4128 1708 4182 χρωο

171 4196 309 4262 μένου
340 4201 444 4254 τοῖς
475 4199 656 4268 λοτοις
675 4202 817 4254 κατὰ
847 4202 1232 4275 τὴν-καρδίαν,
1260 4202 1378 4258 ἀλλ’
1410 4202 1572 4274 ἔτερα
1605 4202 1707 4275 μὲν

165 4286 406 4357 λέγοντος,
438 4291 607 4363 ἕτερα
636 4292 695 4346 δὲ
724 4293 1078 4365 κρύπτοντος.

234 4472 367 4528 Ὕπό
394 4475 509 4543 τὴν
536 4473 828 4545 γλῶσσαν
854 4478 1065 4533 αὑτοῦ
1100 4477 1296 4545 κόπος
1347 4479 1448 4536 καὶ
1466 4512 1469 4517 -
1490 4480 1698 4547 πόνος.

1736 1936 1785 1995 Β

1820 710 2035 765 semper
2068 705 2236 767 atque
2264 698 2665 767 inquinatiores
2703 699 2839 752 fiunt
2866 696 2987 765 ejus
3021 709 3226 749 mores.

1893 790 2223 861 Auferuntur
2245 790 2458 859 judicia
2490 800 2579 844 tua
2604 808 2635 844 a
2675 791 2811 857 [acie
2853 790 2992 858 ejus.
3023 786 3263 851 Jndicia,
3307 788 3396 842 in-

1817 886 1959 954 quit,
1994 895 2085 939 tua
2122 885 2191 939 ab
2222 884 2342 955 ejus
2370 883 2654 939 intellectu
2695 883 3045 937 auferuntur.
3075 880 3191 948 Ipse
3216 881 3394 947 siqui-

1817 976 1941 1031 dem
1998 976 2312 1031 intellectus
2364 975 2554 1029 oculos
2590 974 2755 1027 etiam
2791 986 2924 1026 suos
2973 970 3156 1024 habet.
3191 969 3391 1023 Verum

1817 1068 2137 1137 hujusmodi
2179 1067 2512 1136 delinquens
2542 1074 2705 1121 tanta:
2734 1063 2999 1119 caecitatis
3023 1072 3127 1127 est,
3161 1069 3220 1114 ut
3240 1060 3394 1127 judi-

1818 1159 1926 1225 cia,
1957 1174 2079 1228 qua:
2111 1170 2141 1213 a
2174 1166 2226 1214 te
2256 1157 2636 1227 proferuntur.
2669 1172 2778 1211 non
2812 1155 3014 1215 videat.
3054 1169 3162 1207 non
3213 1152 3395 1205 consi-

1816 1252 1992 1318 deret,
2022 1266 2129 1306 non
2162 1251 2580 1311 animadvertat,
2616 1257 2668 1305 te
2691 1247 2927 1314 justum,
2958 1245 3153 1302 fortem
3188 1253 3241 1299 ct
3268 1244 3392 1297 lon-

1818 1342 2354 1415 ganimemjudieem
2385 1358 2531 1397 esse.
2568 1340 2863 1396 Redundat
2890 1351 3072 1393 autem
3111 1335 3396 1407 praeposi-

1818 1439 1896 1491 tio
1925 1436 2067 1501 ἀντὶ,
2105 1444 2159 1491 et
2204 1436 2429 1492 abusive
2482 1444 2803 1503 usurpatur.
2845 1442 2905 1489 ut
2948 1433 3003 1488 in
3043 1446 3177 1485 voce
3229 1430 3393 1482 ἀντα-

1802 1530 2096 1591 ποδόσεως
2127 1530 2472 1597 interpretati
2505 1542 2718 1583 sumus.
2755 1524 2849 1579 Sat
2885 1524 3028 1597 enim
3059 1532 3176 1577 erat
3204 1523 3389 1577 dicere

1815 1624 2148 1694 ἀναιρεῖται.
2180 1620 2277 1675 Vel
2308 1621 2413 1677 alia
2445 1622 2660 1675 ratione
2691 1636 2704 1671 :
2732 1617 2949 1673 Peccati
2978 1617 3194 1685 quidem
3220 1616 3389 1669 oblit-

1815 1713 2013 1768 teratio
2040 1720 2170 1768 sunt
2204 1710 2298 1767 Dei
2327 1712 2561 1779 judicia,
2608 1710 2813 1781 quippe
2845 1725 2967 1778 qua:
3000 1708 3308 1778 recogitans
3342 1708 3389 1760 is

1815 1807 1908 1875 qui
1946 1815 2158 1875 peccat,
2194 1820 2221 1858 a
2254 1815 2481 1873 peccato
2510 1803 2747 1858 desistit.
2785 1800 3110 1857 Divinarum
3146 1798 3389 1855 vicissim

1815 1900 2145 1955 oblitteratio
2170 1897 2501 1969 indiciorum
2539 1907 2622 1953 est
2652 1912 2840 1951 eorum
2874 1894 3103 1951 oblivio.

1885 1992 2137 2047 Omnium
2175 1993 2511 2046 inimicorum
2565 2007 2785 2046 suorum
2818 1990 3200 2045 dominabitur.
3230 1985 3395 2054 Ulci,‘

1813 2092 2001 2141 scetur
2046 2099 2240 2143 omnes
2292 2084 2384 2154 qui
2438 2083 2709 2139 adversus
2761 2100 2887 2137 eum
2938 2082 3393 2143 insurrexerunt,

1812 2180 1944 2245 Deo,
1998 2178 2415 2250 longanimitate
2447 2192 2567 2243 sua,
2606 2177 2960 2247 permittente
2993 2176 3147 2230 illum
3177 2173 3395 2244 saepius.

1812 2276 1867 2330 in
1900 2274 2040 2329 bello
2065 2274 2316 2329 inimicos
2347 2288 2478 2327 suos
2512 2286 2796 2341 superare.

1888 2365 2049 2421 Vsus.
2080 2365 2135 2421 6.
2174 2365 2320 2420 Dixit
2359 2365 2499 2419 enim
2531 2364 2585 2417 in
2613 2362 2768 2417 corde
2791 2376 2922 2415 suo:
2952 2358 3075 2413 Non
3118 2358 3381 2412 movebar.

1811 2459 1979 2514 Putat
2040 2458 2361 2512 felicitatem
2426 2469 2583 2510 suam
2616 2454 2710 2509 diu
2763 2468 2889 2509 esse
2940 2464 3386 2521 permansuram.

1812 2551 2018 2609 Moveri
2055 2550 2199 2605 enim
2234 2547 2347 2613 hic,
2401 2546 2650 2616 intellige
2704 2560 2805 2614 pro
2850 2544 3076 2606 mutari,
3138 2554 3167 2595 a
3212 2541 3383 2612 priori

1810 2646 2075 2701 nimirum
2112 2641 2358 2712 petentia
2389 2646 2554 2707 atque
2585 2653 2613 2690 a
2643 2635 2882 2706 propriis
2908 2635 3133 2689 viribus.

1821 2776 1843 2784 μ
1883 2740 1925 2791 Α
1962 2736 2297 2808 generatione
2344 2734 2399 2787 in
2452 2730 2846 2802 generationem
2880 2728 2991 2781 sine
3031 2726 3196 2779 malo.
3243 2708 3399 2779 Sub?

1812 2832 2059 2901 intellige
2114 2829 2345 2884 verbum
2403 2843 2515 2890 ero,
2572 2825 2657 2879 vel
2706 2823 3036 2892 pertransibc
3067 2835 3086 2873 :
3119 2818 3399 2895 cogitavit

1810 2927 1957 2984 enim
1993 2932 2255 2994 peccator
2292 2921 2382 2977 ille
2410 2928 2464 2976 et
2495 2918 2751 2979 credidit,
2791 2932 2849 2972 se
2884 2932 2911 2970 a
2954 2913 3305 2985 generatione
3329 2911 3384 2964 in

1810 2992 2242 3091 generationem,
2294 3014 2398 3069 hoc
2431 3021 2517 3068 est
2566 3027 2663 3081 per
2711 3018 2877 3064 totam
2913 3010 3099 3073 vitam,
3140 2992 3401 3059 futurum

1809 3113 2024 3180 absque
2052 3107 2348 3164 afllictione
2381 3106 2591 3175 aliqua.
2633 3101 3055 3158 Generatinnem
3106 3097 3248 3151 enim
3295 3095 3401 3151 hic.

1811 3204 1996 3275 posuit
2028 3217 2127 3272 pro
2152 3201 2259 3254 vita
2294 3216 2309 3254 :
2351 3197 2508 3269 quasi
2538 3197 2710 3260 dicat,
2768 3194 2836 3248 ab
2869 3192 2991 3262 ejus
3022 3190 3130 3245 vita
3166 3188 3232 3242 ad
3263 3202 3385 3242 eam

1808 3310 1932 3367 qum
1958 3295 2063 3348 erit
2096 3301 2221 3363 post
2252 3291 2371 3360 ejus
2397 3297 2654 3344 mortem.
3394 3288 3397 3289 '

1878 3387 2049 3443 Vsus.
2078 3385 2131 3440 7.
2192 3382 2385 3452 Cujus.
2413 3379 2788 3434 maledictione
2822 3392 2879 3431 os
2914 3374 3027 3443 ejus
3056 3372 3292 3442 plenum,
3332 3377 3382 3422 et

1808 3479 2170 3537 amaritudine
2201 3485 2250 3532 et
2285 3475 2430 3530 dolo.
2454 3472 2632 3529 Verba
2680 3471 2772 3525 illa
2821 3467 2893 3524 0s
2917 3468 3052 3537 ejus,
3088 3479 3238 3520 more
3277 3461 3385 3516 He-

1808 3573 1983 3632 braiei
2022 3569 2308 3626 idiomatis
2337 3567 2515 3638 posita
2544 3573 2696 3628 sunt,
2726 3560 3192 3633 quemadmodum
3239 3554 3384 3608 mul-

1809 3669 1882 3723 tis
1926 3667 1980 3721 in
2006 3665 2146 3719 lacis
2185 3662 2485 3733 reperitur.
2533 3657 2724 3712 Solent
2751 3656 2895 3710 enim
2931 3649 3140 3707 Hebraei
3178 3661 3383 3718 prono-

1808 3760 1956 3815 mina
1988 3754 2243 3812 articulis
2277 3752 2647 3823 conjungere;
2682 3744 2991 3818 cujusmodi
3016 3750 3069 3797 et
3098 3739 3231 3795 illud
3258 3744 3379 3793 est:

1808 3844 2006 3908 Beatus
2029 3848 2184 3919 cujus
2208 3846 2350 3900 Deus
2372 3843 2540 3897 Iacob
2570 3841 2792 3911 adjutor
2819 3838 2935 3906 ejus
2952 3836 3019 3889 9'.
3052 3834 3180 3888 item
3204 3829 3335 3885 illud
3363 3843 3381 3882 ι

1807 3944 2003 3999 Beatus
2030 3942 2111 3995 vir
2137 3938 2223 3993 cui
2247 3944 2324 3992 est
2356 3935 2622 3989 auxilium
2653 3933 2702 3986 ei
2737 3931 2833 3984 abs
2865 3939 2912 3983 te
2932 3928 3000 3981 ⁹⁹.
3057 3924 3158 3980 Est
3190 3933 3377 3975 autem

1808 4035 2198 4093 maledictione
2233 4032 2455 4103 plenum
2485 4044 2569 4092 os,
2598 4042 2722 4082 cum
2755 4022 3013 4080 omnibus
3048 4014 3378 4073 maledicat:

1806 4140 1860 4187 et
1892 4126 2279 4188 amaritudine,
2305 4138 2429 4178 cum
2459 4120 2722 4176 iracunde
2765 4117 2832 4173 ad
2880 4128 3072 4170 omnes
3097 4112 3381 4179 loquatur.

1806 4224 1941 4279 Dolo
1968 4223 2131 4278 etiam
2158 4219 2377 4289 plenum
2407 4216 2633 4277 dicitur,
2669 4228 2797 4268 cum
2842 4226 2949 4264 non
2979 4223 3043 4261 ex
3075 4203 3240 4259 corde
3267 4214 3386 4255 ser-

1809 4329 2025 4371 monem
2063 4310 2328 4382 proferat,
2361 4306 2458 4362 sed
2498 4306 2604 4360 alia
2632 4304 2813 4368 dicat',
2838 4309 2892 4356 et
2928 4299 3029 4352 alia
3064 4297 3117 4349 in
3163 4298 3382 4349 secreto

1806 4402 1973 4459 animi
2011 4401 2232 4456 habeat.

1876 4496 1983 4552 Sub
2019 4496 2201 4563 lingua
2231 4493 2347 4561 ejus
2384 4489 2536 4543 labor
2561 4495 2611 4542 et
2638 4484 2812 4538 dolor.
2872 4481 2966 4546 Ea,
3025 4475 3243 4542 inquit,
3301 4470 3411 4555 lo-b

178 4567 368 4679 Ἐκεῖνα
396 4568 721 4640 φθέγγεται.
757 4569 997 4626 ἂνκόπον
1024 4572 1313 4629 καὶ“πόνον
1330 4575 1453 4638 τοῖς,
1478 4574 1705 4631 ἐπιϐου-

1820 4589 2014 4661 quitur,
2048 4600 2171 4654 quae
2220 4583 2461 4637 laborem
2490 4587 2544 4634 et
2572 4577 2816 4632 dolorem
2872 4572 2941 4628 iis
2972 4572 3217 4643 pariunt,
3255 4563 3383 4634 qui-

2334 4673 2367 4679 --
2554 4671 2567 4679 .
2681 4668 2692 4679 .
2775 4666 2787 4677 .
2897 4662 2910 4676 .
3024 4658 3258 4679 ,u,_,___
3300 4656 3345 4679 ,,_

166 4658 446 4731 λευομένοις
470 4664 828 4734 παρέχουσιν.
865 4665 937 4718 Ἦ
965 4665 1061 4720 καὶ
1086 4666 1144 4721 ὲν
1165 4668 1237 4737 τῇ
1257 4665 1581 4738 διδασκαλία
1603 4667 1705 4721 αύ-

1820 4656 1914 4736 bns
1957 4676 2192 4733 insidias
2219 4673 2396 4728 tendit
2429 4687 2444 4725 :
2484 4671 2569 4726 vel
2602 4668 2727 4738 quia
2774 4666 2831 4719 in
2860 4662 2977 4733 ejus
3011 4658 3262 4715 doctrina
3300 4656 3380 4707 la—

168 4753 243 4807 τοῦ
273 4756 510 4826 κάματος
534 4758 631 4809 καὶ
662 4755 847 4829 ὀδύνη,
879 4752 955 4811 ὧν
984 4756 1305 4827 μεθέξουσιν
1335 4758 1385 4812 oi
1412 4758 1565 4829 αὐτῷ
1587 4777 1707 4812 πει-

168 4842 375 4912 θόμενοι,
433 4845 511 4917 μὴ
558 4846 907 4917 εὑρίσκοντες
934 4847 1033 4920 τὴν
1065 4848 1271 4903 ἄνεσιν.
1322 4851 1394 4904 Ἦ
1426 4850 1522 4903 καὶ
1551 4849 1721 4923 κάμῃ-

168 4935 244 4987 ttat
280 4937 666 5010 όδυνηθήσεται
715 4941 750 5010 ἡ
790 4938 1011 5009 γλῶσσα
1061 4939 1263 5008 αὐτοῦ,
1315 4942 1386 4994 τὰ
1420 4941 1564 4995 κατὰ
1595 4940 1717 4995 τῶν

170 5029 390 5101 πολέμων
447 5033 820 5105 φθεγγομένη.
874 5035 973 5089 Διὰ
1033 5035 1092 5090 δὲ
1152 5036 1253 5104 τῆς
1316 5035 1721 5105 γλωσσαλγίας.-

169 5120 339 5192 ταύτης
365 5125 462 5197 τὴν
494 5125 782 5197 συνέχειαν
809 5126 920 5181 τῶν
950 5126 1127 5196 λόγων
1161 5128 1453 5199 ἐδήλωσεν.

235 5401 561 5472 Ὲγκὰθηται
600 5404 672 5457 ἐν
702 5403 914 5474 ἐνέδρᾳ
938 5422 1090 5476 μετα
1111 5409 1445 5465 πλουσίων.
1476 5411 1733 5482 Ἔνεδρὰ,

172 5490 264 5543 ἐστι
289 5494 442 5559 τόπος
471 5494 726 5565 κρύφιος,
750 5487 795 5565 ᾧ
818 5514 905 5560 τις
941 5498 1431 5570 ὲγκαταδυόμενος,
1480 5503 1707 5571 ἀφανῶς

172 5584 442 5640 ἐπιτίθεται
489 5591 604 5652 τοῖς
636 5588 917 5659 παριοῦσι.
949 5590 1261 5660 Καταλέγει
1288 5591 1348 5646 δὲ
1375 5594 1405 5647 ό
1424 5593 1580 5663 λόγος
1607 5598 1707 5661 τὰς

172 5675 436 5743 πολυειδεῖς
465 5681 666 5744 κακίας
700 5681 811 5735 τῶν
843 5683 1129 5752 πονηρῶν,
1162 5683 1443 5751 ἃςποιεῖν.
1459 5688 1702 5756 εἰώθασι,

173 5767 277 5830 τοὺς
305 5769 499 5837 δόλους,
525 5773 626 5835 τὰς
667 5774 981 5839 ἐπιϐουλὰς,
1010 5775 1107 5839 τὰς
1141 5777 1420 5848 ἁρπαγὰς,
1458 5782 1577 5845 τοὺς
1606 5784 1704 5852 φό-

216 5944 398 6007 "l'sal.
423 5966 580 6020 στιν,
616 5953 671 6010 ὅ.
719 5952 925 6010 "l‘sal.
955 5968 1181 6023 uuln,
1226 5955 1283 6011 ὓ.

1809 4774 1910 4829 bor
1944 4780 2030 4826 est
2079 4777 2135 4824 et
2165 4767 2343 4830 dolor,
2375 4778 2610 4834 quorum
2647 4768 2811 4815 erunt
2856 4754 3155 4828 participes
3203 4746 3299 4819 qui
3329 4745 3383 4802 ei

1809 4867 2216 4932 obtemperant,
2238 4858 2368 4913 dum
2395 4856 2602 4910 nullam
2629 4853 2683 4907 in
2704 4851 2826 4922 ejus
2854 4847 3103 4905 doctrina
3136 4841 3381 4913 requiem

1811 4956 2131 5019 invenient;
2167 4952 2252 5008 vel
2272 4951 2334 5005 in
2360 4950 2551 5004 labore
2585 4954 2641 5002 et
2662 4946 2852 5000 dolore
2877 4949 2994 4997 erat
3024 4941 3207 5009 lingua
3236 4936 3380 5002 ejus,

1810 5050 2023 5109 labor-is
2061 5048 2325 5103 nimirum
2381 5052 2449 5098 et'
2483 5041 2695 5097 doloris
2745 5038 2912 5093 verba
2969 5034 3235 5089 adversus
3284 5041 3381 5080 eos

1714 5190 1719 5196 .
1814 5144 2105 5218 proferens
2142 5154 2281 5209 quos
2310 5135 2693 5206 impugnabat.
2727 5127 3057 5201 Hujusmodi
3091 5132 3283 5218 autem.
3305 5120 3385 5173 ιο-

1816 5211 2022 5304 quendi
2054 5230 2219 5287 modo
2243 5226 2643 5299 loquacitatem
2669 5223 2831 5277 illius
2852 5236 2916 5275 ac
2941 5211 3379 5271 maledicentiam

1814 5323 2099 5382 indicavit.

1888 5415 2052 5471 Vens.
2076 5414 2131 5470 8.
2163 5412 2320 5468 Sedet
2361 5413 2413 5464 in
2445 5408 2654 5464 insidiis
2686 5421 2803 5459 cum
2825 5399 3094 5455 divitibus.
3117 5396 3221 5451 Per
3251 5394 3387 5449 insi-

1810 5506 1931 5562 dias
1978 5504 2259 5559 occultum
2324 5500 2650 5556 insidiarum
2687 5495 2869 5548 locum
2915 5488 3186 5560 intelligit,
3237 5484 3383 5540 unde

1810 5599 2164 5655 insidiatores
2193 5596 2430 5651 latenter
2477 5591 2655 5647 solent
2686 5587 2949 5656 impetum
2978 5581 3183 5637 facere.
3227 5579 3379 5634 Con-

1810 5699 2065 5747 nurnerat
2088 5697 2271 5743 autem
2296 5685 2569 5754 Propheta
2593 5681 2706 5747 hic,
2725 5675 3054 5747 multiplicia
3086 5686 3379 5745 pravorum

1812 5782 2095 5842 hominum
2140 5780 2297 5847 vitia,
2332 5777 2489 5834 dolos
2521 5773 2793 5838 videlicet,
2836 5756 3093 5833 insidias,
3130 5764 3379 5835 rapinas,
