3970 6584
528 445 634 515 159

1748 453 2143 516 EUTHYMII
2181 455 2546 517 ZlGABENI

3711 449 3819 514 160

521 575 725 636 (πρᾶος,
786 581 955 644 atque
1009 575 1113 629 alia
1154 572 1498 644 hujusmotli.
1549 573 1870 629 Ahscondet
1927 579 2100 638 enim.

2237 585 2357 632 ους,
2404 572 2498 623 καὶ
2531 569 2598 622 τὰ
2635 569 2882 626 τοιαῦτα.
2927 566 3504 640 Ἐγκατακρύπτεται.
3535 567 3710 638 φησι,
3745 568 3815 636 τῇ

521 665 724 732 inqttit,
760 681 819 720 se
850 665 904 719 in
948 665 1190 732 insidiis,
1218 666 1384 722 simul
1423 682 1547 722 cum
1601 668 1690 731 iis,
1723 670 1816 737 qui
1850 670 1998 726 vitiis
2026 671 2111 725 di-

523 759 695 811 liores
727 765 894 824 sunt;
942 757 1046 814 hoc
1081 765 1167 815 est
1210 759 1302 830 qui
1338 761 1721 829 prteclariores
1751 770 1806 816 et
1841 763 2113 818 celebrio-

520 863 612 902 res
669 855 797 903 sunt
855 849 909 904 in
970 848 1399 922 delictiszquos
1445 855 1616 911 veluti
1677 859 1866 913 cadent
1921 876 2110 917 secum

521 941 828 999 sentientes
855 944 1039 1001 socios
1071 946 1177 1001 sibi
1211 947 1454 1004 habebit.
1510 950 1715 1008 Deinde
1750 954 1984 1011 insidias
2014 956 2114 1013 de-

521 1033 761 1101 clarans,
804 1038 1134 1094 insidiarum
1167 1041 1331 1096 etiam
1363 1058 1588 1100 causam
1616 1045 1791 1104 addit:

596 1125 666 1181 In
715 1129 942 1186 occultis
993 1141 1053 1185 ut
1101 1134 1394 1205 interﬁciat
1439 1138 1795 1198 innocentem.
1832 1140 1901 1198 Ut
1925 1144 2112 1212 morti,

521 1221 727 1290 inquit,
754 1224 876 1280 sine
907 1241 1074 1280 causa
1104 1243 1229 1284 eum
1263 1230 1462 1295 tradat,
1521 1232 1612 1301 qui
1646 1236 1796 1291 nulla
1831 1252 1955 1293 cum
1982 1239 2115 1296 ειπε-

525 1314 598 1368 cit
629 1312 854 1381 injuria.
890 1316 1045 1375 Hanc
1085 1321 1231 1376 enim
1263 1323 1593 1394 particulam
1625 1327 1720 1382 τοῦ
1742 1369 1758 1392 ,
1807 1347 1931 1400 quas
1974 1348 2114 1389 cau-

522 1420 640 1461 sam
674 1407 973 1478 signiﬁcat,
1003 1411 1271 1470 adhibere
1299 1425 1513 1476 veteres
1547 1434 1986 1482 consueverunt.

595 1499 760 1555 Vsus.
793 1500 849 1556 9.
887 1503 1042 1559 Oculi
1076 1507 1192 1578 ejus
1226 1509 1281 1562 in
1305 1526 1586 1580 pauperem
1622 1515 1933 1580 respiciunt.
1961 1517 2116 1576 Assi-

525 1593 693 1650 duam
726 1611 791 1650 ac
823 1608 1143 1669 perpetuam
1180 1603 1344 1675 hujus
1371 1606 1714 1665 insidiatoris
1750 1613 2112 1670 attentionem

525 1696 712 1742 narrat
741 1707 755 1744 :
792 1690 885 1760 qui
939 1707 1063 1747 cum
1095 1703 1580 1763 pertranseuntem
1635 1701 1874 1772 aliquem
1909 1705 2115 1762 viderit

527 1795 746 1836 summa
792 1784 966 1840 animi
1011 1787 1393 1848 sollicitudine
1450 1793 1787 1861 considerat,
1835 1799 2116 1869 quomodo

529 1885 656 1927 eum
681 1879 1140 1946 comprehendat.

598 1963 908 2024 Insidiatur
932 1971 989 2025 in
1021 1972 1334 2032 abscondito
1365 1982 1520 2050 quasi
1538 1982 1617 2038 leo
1634 1983 1692 2039 in
1714 1987 1968 2056 spelunca
1992 2007 2112 2046 sua.

527 2052 775 2113 Tandem
810 2063 1012 2131 repetit
1045 2069 1406 2138 sententiam,
1469 2076 1628 2131 vario
1675 2052 2114 2149 quodammodo,

528 2154 847 2221 pwpalaus,
901 2164 955 2212 et
1012 2159 1064 2213 in
1113 2163 1391 2230 publicum
1423 2168 1720 2228 traducens
1757 2154 1948 2230 eorum
1990 2193 2116 2234 sce-

526 2240 645 2298 lera
695 2255 820 2301 actu
849 2263 914 2304 ac
963 2253 1170 2310 malitia
1205 2259 1575 2332 undecunque
1611 2266 1818 2335 plena:
1859 2269 2117 2342 ferasque

527 2335 942 2404 quodammodo
993 2343 1116 2400 illos
1153 2345 1272 2402 ﬁeri
1333 2349 1698 2412 demonstrat.
1736 2357 1870 2413 Nam
1923 2335 2118 2430 quein~

526 2425 827 2486 admodum
861 2431 970 2499 leo,
1003 2451 1068 2491 ex
1105 2441 1330 2512 propria
1354 2460 1589 2505 caverna
1631 2462 1730 2506 aut
1777 2455 1988 2510 latebra
2032 2457 2119 2512 in-

528 2517 1248 2590 ﬁrmioribusanitnalibus
1281 2536 1597 2605 insidiatur,
1633 2559 1755 2613 qua:
1814 2547 1950 2602 nihil
2006 2552 2120 2608 tale

528 2615 786 2674 timentia
825 2637 1026 2679 secura
1057 2637 1456 2696 pertranseunt
1493 2654 1506 2689 :
1537 2638 1608 2692 ita
1648 2641 1814 2696 etiam
1850 2645 1957 2701 iste
1990 2645 2120 2704 fecit

529 2710 773 2768 occultis
802 2729 940 2771 usus
971 2718 1312 2778 latebrarum
1351 2726 1594 2786 insidiis.

596 2794 904 2863 Insidiatur
918 2819 976 2864 ut
995 2815 1172 2880 rapiat
1207 2832 1514 2890 pauperem,
1547 2835 1603 2878 ut
1637 2829 1815 2896 rapiat
1833 2845 2120 2902 pauperem

529 2895 657 2951 dum
682 2901 905 2956 attrahit
944 2921 1086 2962 eum.
1120 2907 1254 2964 Cum
1290 2912 1432 2968 leoni
1467 2931 1591 2972 eum
1635 2919 1708 2975 ob
1757 2895 1988 2979 insidias
2015 2968 2030 2991 ,
2065 2933 2120 2982 et

532 2990 768 3046 caedium
802 2996 1161 3066 cupiditatem
1197 3009 1599 3075 comparaverit
1632 3050 1646 3076 ,
1691 3022 1901 3082 perstat
1940 2990 2122 3076 adhuc

532 3079 592 3178 in
621 3089 1065 3155 comparatione,
1105 3094 1312 3152 docens
1339 3114 1642 3171 congruere
1658 3106 1708 3162 ei
1731 3107 1906 3164 leonis
1929 3125 2117 3182 opera.

529 3164 719 3245 lFFuit,
754 3178 950 3251 inquit,
980 3193 1037 3238 ttt
1069 3185 1170 3250 leo,
1201 3198 1259 3244 ut
1297 3164 1530 3260 praedam
1569 3197 1768 3268 rapiat,
1800 3209 1858 3255 ut
1889 3164 2122 3262 adflate-

2216 662 2412 730 ἐνέδρᾳ
2451 662 2590 732 μετὰ
2621 662 2731 715 τῶν
2757 663 3054 727 πλουσίων,
3087 663 3191 732 τὴν
3220 660 3424 717 κακίαν
3457 660 3572 714 τῶν
3601 661 3824 728 ἐπιφα-

2217 756 2491 824 νεστέρων
2522 755 2706 825 αὐτῷ’
2766 754 2994 819 τούτους
3017 756 3130 826 γὰρ
3185 754 3262 818 ὡς
3313 754 3522 824 ὁμοίως
3579 753 3818 824 ἔχοντες

2217 847 2706 919 προσεταιρίζεται
2725 864 2738 877 °
2765 843 2888 902 εἶτα
2926 847 3247 920 σαφηνίζων
3275 846 3378 917 τὴν
3406 845 3658 916 ἑνεδραν,
3695 845 3824 916 ἅμα

2214 939 2272 993 δὲ
2303 939 2401 994 καὶ⁸
2427 939 2524 1012 τὴν
2547 941 2732 996 αἰτίαν
2763 941 2937 1012 αὐτῆς
2975 939 3313 1013 προστιθεὶς,
3339 941 3662 1012 ἐπήγαγεν

2299 1123 2405 1178 Ἐν
2429 1122 2808 1195 ἁποκρύφοις
2841 1125 2950 1182 τοῦ
2989 1124 3344 1181 ἀποκτεῖναι
3391 1122 3616 1180 ἀθῶον.
3640 1120 3816 1174 Ὥστε

2217 1214 2534 1271 θανατῶσαι
2584 1216 2876 1290 ἄνθρωπον
2908 1216 3176 1280 ἀναίτιον,
3228 1215 3398 1287 μηδὲν
3432 1214 3818 1284 ἀδικήσαντα.

2217 1310 2293 1365 Τὸ
2323 1310 2431 1367 τοῦ
2461 1311 2573 1384 γὰρ
2629 1310 3000 1380 αἰτιολογικὸν
3053 1309 3322 1374 πολλάκις
3376 1305 3820 1379 παραλαμϐάνει

2215 1404 2328 1460 τῶν
2358 1406 2613 1462 παλαιῶν
2639 1407 2672 1478 ἠ
2704 1405 3015 1471 διάλεκτος.
3629 1418 3635 1426 ·

2290 1501 2356 1554 οι
2405 1500 2705 1570 ὀφθαλμοί
2753 1499 2948 1556 αὐτοῦ
2987 1498 3077 1566 είς
3113 1496 3225 1552 τὸν
3269 1495 3505 1594 πένητα
3545 1489 3822 1594 τίποσὲ-

2217 1608 2430 1650 πουσι.
2477 1593 2594 1664 Τὴν
2640 1591 2884 1664 ἔμμονον
2935 1591 3102 1648 αὐτοῦ
3153 1586 3514 1655 κατασκοπὴν
3567 1583 3819 1688 ἑνταίΰθα

2215 1688 2511 1758 διηγεῖται,
2549 1685 2842 1758 βλέποντος
2871 1684 3103 1752 ἀτενῶς,
3133 1685 3266 1738 πότε
3293 1679 3565 1754 παριόντα
3615 1679 3817 1732 τοῦτον

2217 1777 2495 1851 εὐκαίρως
2526 1777 2884 1850 συλλήψεται.

2291 1980 2627 2051 Ἔνεδρεύει
2646 1980 2718 2036 ἐν
2744 1979 3076 2050 ἀποκρύφῳ
3094 1977 3175 2045 ὡς
3193 1976 3353 2031 λέων
3373 1974 3445 2029 ἐν
3470 1970 3548 2042 τῇ
3571 1969 3819 2042 petram

2218 2073 2427 2128 αὐτοῦ.
2493 2072 2570 2128 Τὸ
2615 2072 2750 2128 αὐτὸ
2782 2073 2877 2130 κοιλ⁸
2924 2070 3022 2127 νῦν
3080 2069 3253 2141 δηλοῖ,
3312 2067 3413 2139 τὴν
3465 2063 3818 2134 πανουργίαν

2219 2166 2433 2220 ἑκείνου
2493 2166 2751 2238 ποικίλην
2807 2163 3206 2235 ὲκπομπεύων,
3257 2162 3354 2215 καὶ
3410 2159 3608 2230 θηρίον
3644 2157 3814 2212 αὐτὸν

2219 2257 2485 2329 ἄντικρυς
2542 2257 2918 2327 γεγενημένον
2979 2255 3276 2308 δείκνυσιν.
3311 2251 3532 2320 Ὠσπερ
3588 2251 3618 2303 ὁ
3672 2247 3819 2300 λέων

2219 2348 2300 2421 τῷ
2363 2349 2553 2421 οἰκείῳ
2605 2348 2803 2419 φωλεῷ
2857 2345 3312 2417 ὲγκρυπτόμενος
3351 2359 3365 2374 ·
3404 2341 3570 2398 τοῦτο
3618 2339 3736 2409 γὰρ
3784 2337 3816 2406 ἡ

2225 2440 2440 2512 μάνδρα
2503 2439 2760 2511 βούλεται
2787 2453 2800 2468 ·
2835 2440 2952 2501 τοῖς
2998 2434 3418 2540 ἀσθενεστέροις
3473 2431 3638 2540 ζώοις
3662 2431 3820 2540 Α

2223 2532 2473 2587 δουλεύει
2491 2574 2506 2599 ,
2533 2533 2972 2605 παρερχομένοις
2997 2529 3170 2598 ἀπονή
3182 2543 3290 2598 ρως
3310 2543 3324 2557 °
3353 2524 3501 2580 οὕτω
3527 2524 3624 2577 καὶ
3655 2524 3814 2582 οὗτος

2223 2629 2391 2695 ποιεῖ,
2418 2625 2494 2696 τῷ
2520 2625 2829 2698 ἀποκρύφῳ
2851 2623 3005 2695 τόπῳ
3037 2621 3235 2692 φωλεῷ
3255 2619 3567 2692 χρώμενος.

2305 2817 2635 2887 Ἕνεδρεύει
2693 2818 2802 2873 τοῦ
2853 2817 3124 2886 ἁρπάσαι
3181 2814 3426 2884 πτωχὸν
3451 2852 3467 2877 ,
3544 2806 3816 2880 ἁρπάσαι

2223 2911 2466 2980 πτωχὸν
2486 2910 2556 2964 ἐν
2573 2910 2652 2976 τῷ
2681 2910 2942 2966 suam
2987 2910 3200 2964 αὐτόν.
3254 2906 3446 2960 Λέοντι
3477 2903 3591 2974 γὰρ
3650 2899 3812 2956 αὐτὸν

2223 3003 2553 3070 ἀπεικάσας,
2591 3005 2736 3059 κατὰ
2768 3021 2828 3058 τε
2874 3004 2976 3075 τὴν
3016 3000 3337 3073 ἐπιϐουλὴν,
3395 2998 3498 3052 καὶ
3549 2997 3652 3067 τὴν
3703 2994 3814 3047 ἀπ·

2224 3096 2437 3166 ἡνειαν,
2464 3095 2650 3150 καὶτὸ
2695 3095 2936 3166 φονικὸν,
2991 3094 3250 3165 ἄπιμεινε
3292 3094 3360 3163 τῇ
3399 3089 3609 3159 τροπῇ,
3648 3101 3814 3155 προσνι

2225 3187 2484 3258 αρμόζων
2520 3187 2671 3259 αὐτῷ
2701 3187 2770 3242 τὰ
2794 3188 2932 3260 ἔργα
2955 3186 3053 3241 τοῦ
3083 3186 3323 3248 λέοντος.
3377 3180 3650 3252 Ἀρπὰζει
3683 3176 3813 3246 γάρσ

533 3268 666 3326 bras
715 3273 918 3329 trahat.
940 3275 1122 3348 Neque
1145 3282 1292 3336 enim
1315 3284 1604 3343 insidiatur
1621 3299 1677 3344 ut
1693 3291 1862 3348 feram
1879 3295 2119 3365 aliquam

2237 3283 2508 3339 ἐπιπεσὼν
2557 3284 2825 3353 αίφνίδιον
2879 3285 2907 3338 ό
2951 3281 3111 3345 λέων,
3171 3279 3269 3334 καὶ
3331 3275 3522 3332 ὲλκύει
3562 3273 3700 3345 πρὸς
3721 3269 3813 3365 τὴν

531 3363 905 3432 perniciosam
937 3379 1034 3426 aut
1059 3371 1338 3431 inimicam
1363 3379 1565 3451 capiat,
1589 3382 1681 3438 sed
1707 3393 1764 3438 ut
1797 3363 2112 3457 pauperem,

530 3467 831 3526 pauperem
866 3459 1116 3530 inquam,
1150 3473 1205 3519 et
1232 3467 1394 3524 bonis
1420 3477 1476 3525 et
1506 3472 1717 3530 viribus
1745 3475 2022 3538 humanis.
2054 3481 2122 3538 Et

530 3545 659 3601 dum
691 3551 969 3608 attrahere
1001 3569 1127 3610 eum
1176 3558 1353 3631 dicit,
1409 3567 1589 3635 magis
1635 3568 1882 3626 declarat
1916 3576 2122 3645 rapina:

531 3639 782 3696 modum.
839 3642 1184 3713 Repetitioue
1215 3665 1346 3707 vero
1379 3652 1495 3719 illa,
1527 3665 1585 3744 ut
1613 3662 1812 3727 rapiat,
1845 3639 2118 3722 summam

533 3729 702 3800 hujus
727 3732 965 3792 hominis
994 3738 1331 3808 impietatem
1365 3729 1610 3804 denotat.
1642 3749 1739 3808 Vel
1772 3754 1895 3809 ideo
1921 3755 2124 3812 fortas-

535 3820 615 3875 sis
629 3839 940 3882 sermonem
967 3829 1349 3901 ingeminavit,
1372 3847 1867 3914 utexaggcratione
1883 3850 2119 3919 quadam

536 3910 708 3971 Deum
741 3919 916 3989 magis
943 3924 1213 3982 excitaret
1242 3927 1310 3984 ad
1342 3910 1665 3991 vindictam.

606 4093 776 4153 Vens.
810 4098 897 4155 l0.
931 4099 999 4158 In
1026 4103 1213 4176 laqueo
1247 4125 1342 4166 suo
1367 4111 1676 4172 humiliabit
1704 4135 1846 4178 eum.
1878 4120 1992 4181 Hoc
2014 4132 2124 4193 est,

532 4185 662 4246 dolo
712 4198 767 4246 et
791 4193 1088 4254 calliditate
1120 4214 1218 4254 sua
1241 4203 1290 4256 ei
1311 4204 1684 4265 dominabitur
1715 4230 1729 4266 :
1767 4215 1848 4270 vel
1877 4185 2121 4292 occisum

531 4283 594 4338 in
649 4292 851 4344 terram
895 4292 1166 4361 projiciet.
1225 4296 1458 4356 llumilis
1504 4303 1652 4360 enim
1705 4315 1792 4363 est
1832 4311 1924 4381 qui
1970 4287 2123 4369 humi

536 4385 849 4448 prostratus
884 4382 1053 4453 jacet.

609 4467 977 4530 Inclinabitur
996 4516 1012 4544 ,
1039 4487 1089 4533 et
1113 4482 1263 4537 cadet
1303 4499 1425 4538 cum
1458 4485 1768 4546 dominatus
1793 4492 1957 4561 fuerit
1986 4510 2126 4563 pau-

537 4576 747 4630 perum.
782 4563 883 4621 Ubi
917 4578 1113 4638 potens
1143 4572 1246 4629 iste
1269 4589 1572 4646 pauperum
1592 4581 1906 4640 dominatus
1935 4585 2124 4652 fuerit,

2197 3377 2423 3432 -ὲαυτοῦ
2451 3377 2717 3448 μάνδραν.
2761 3375 3062 3448 Ἐνεδρεύει
3099 3373 3210 3444 (49)
3242 3374 3322 3436 δὲ,
3352 3373 3545 3440 φησιν,
3589 3367 3691 3436 οὐχ
3735 3363 3817 3415 ἵνα

2228 3469 2538 3533 ιπίόουλον,
2560 3467 2593 3540 ἢ
2613 3468 2896 3538 πολέμιον,
2914 3467 2947 3537 ἢ
2972 3466 3157 3538 θηρίον
3173 3465 3294 3535 ἕλῃ,
3312 3460 3451 3514 ἀλλὰ
3470 3451 3815 3526 πτωχδν,τήο

2229 3563 2288 3616 ἐν
2318 3562 2569 3633 χρήμασι
2604 3560 2948 3632 περιουσίαν,
2999 3559 3093 3612 καὶ
3137 3551 3678 3620 καταπεπονημένον
3721 3557 3815 3633 την

2229 3629 2583 3723 ἀνθρωπίνην
2618 3629 2800 3720 ίσγύν.
2843 3648 3152 3716 Ἐξηγεῖται
3180 3644 3236 3697 δὲ
3265 3643 3362 3698 καὶ
3402 3629 3814 3732 τὴναρπαγὴνέ

2236 3743 2322 3798 ὅτι
2357 3742 2636 3814 ἑλκυσμός
2680 3744 2822 3796 ἔστι.
2871 3739 2972 3793 Διὰ
3024 3737 3083 3792 δὲ
3123 3737 3224 3808 τῆς
3277 3729 3687 3836 exanimet?

2228 3833 2495 3904 ὀνόματος
2524 3832 2808 3904 ἁρπαγῆς,
2857 3829 3109 3901 ἐμφαίνει
3150 3821 3544 3896 σχετλιασμὼ.
3604 3816 3677 3868 Ἠ
3726 3826 3816 3904 και

2228 3902 2445 3994 διὰ-τῆς
2477 3902 2761 3994 συνεχείας
2789 3923 2901 3978 τῶν
2930 3917 3254 3992 παθητικῶν
3297 3911 3590 3987 ῥημάτων,
3622 3902 3815 3974 διεγεί-

2233 4035 2318 4088 ρει
2347 4016 2438 4071 τὸν
2466 4015 2600 4071 Θεὸν
2619 4018 2699 4080 είς
2723 4017 2955 4112 ἄμυναν.
2975 4103 3004 4112 _
3205 4037 3240 4068 ο
3296 4099 3309 4112 .
3520 4096 3534 4112 .
3556 4111 3569 4112 ί
3602 4095 3662 4112 Ἀ
3737 4086 3803 4112 ’ἢ
3844 4090 3849 4093 _

2313 4109 2413 4161 Ἐν
2435 4105 2514 4176 τῇ
2549 4108 2769 4178 [stay-[6t
2817 4103 3006 4162 αὐτοῦ
3060 4099 3419 4158 ταπεινώσει
3465 4086 3814 4200 (ηὔξω-...Ἔν
3844 4090 3847 4124 ἰ

2229 4201 2309 4274 τῷ
2336 4200 2452 4274 ίδίῳ
2475 4201 2613 4274 δόλῳ
2637 4196 3104 4271 κυριεύσειαὺτοῦ
3140 4212 3155 4228 ·
3193 4195 3226 4263 ἣ
3259 4193 3356 4247 καὶ
3394 4192 3476 4254 είς
3518 4188 3629 4259 γῆν
3681 4181 3844 4260 imp“,

2231 4296 2454 4360 κτείνας
2488 4310 2506 4330 ι
2536 4292 2794 4356 ταπεινὸς
2818 4291 2952 4364 γὰρ,
2975 4292 3004 4345 ό
3035 4288 3359 4361 πρόσγειος.

2305 4493 2498 4562 Κύψει
2520 4489 2618 4546 καί
2649 4488 2920 4544 πεσεῖται
2944 4488 3014 4541 ἐν
3045 4485 3123 4553 τῷ
3173 4485 3370 4541 αὐτὸν
3429 4478 3816 4552 κατακυριεῦ·

2233 4601 2339 4641 σαι
2360 4583 2478 4642 τῶν
2499 4581 2793 4648 πενήτων.
2820 4580 2950 4634 Ὅτε
2974 4575 3410 4650 κατακυριεῦσει
3433 4577 3548 4630 τῶν
3577 4576 3813 4643 πενήτων

540 4665 676 4712 tunc
716 4667 770 4712 et
801 4660 918 4729 ipse
961 4661 1286 4723 humiliatus
1339 4668 1733 4740 inclinabitnr,
1783 4685 1839 4731 et
1901 4679 2120 4748 peribit.

2237 4679 2264 4730 ὁ
2297 4677 2585 4744 δυνάστης,
2613 4673 2739 4727 τότε
2771 4673 2869 4727 καὶ
2916 4671 3083 4736 αὐτὸς
3142 4670 3475 4740 κλιθήσεται
3526 4665 3813 4724 ταπεινοὺ-

539 4744 678 4803 Nam
737 4753 831 4820 qui
879 4753 1085 4811 cadunt
1144 4761 1300 4828 prius
1348 4765 1707 4823 inclinantur.
1764 4744 2128 4828 llaacvautem

539 4843 726 4896 omnia
759 4843 907 4911 lient,
932 4855 992 4902 ut
1025 4857 1081 4904 et
1106 4851 1512 4914 immedicabile
1541 4858 1666 4928 ejus
1695 4861 1892 4918 vitium
1916 4875 2124 4934 pateat,

539 4942 596 4988 et
630 4934 722 4989 Dei
759 4939 966 5006 pariter
999 4941 1392 5012 longanimitas
1417 4988 1435 5013 ,
1482 4958 1538 5006 et
1571 4964 1868 5024 pauperum
1897 4973 2127 5027 oppres-

541 5038 732 5080 sorum
765 5030 1050 5099 patientia,
1073 5041 1128 5089 ct
1146 5037 1463 5095 eorumdem
1489 5039 1709 5098 demum
1742 5044 2007 5102 vindicta.

615 5209 783 5266 Vsus.
802 5211 824 5267 l
843 5212 890 5268 l.
918 5211 1064 5268 Dixit
1086 5215 1225 5270 enim
1245 5217 1301 5272 in
1319 5219 1475 5276 corde
1493 5236 1590 5276 suo
1609 5237 1628 5278 :
1644 5221 1850 5279 Oblitus
1869 5233 1948 5278 est
1967 5223 2132 5292 Deus,

543 5305 735 5358 arertit
769 5303 962 5373 faciem
993 5324 1150 5364 suam
1174 5325 1238 5365 ne
1257 5311 1430 5367 uideat
1486 5313 1543 5368 in
1575 5315 1757 5384 ﬁnem.
1783 5316 1835 5370 Is
1865 5316 1980 5384 cui)
2005 5331 2133 5384 per-

545 5397 776 5454 missum
806 5415 933 5456 esse
969 5400 1210 5459 diximus
1257 5406 1458 5462 animae
1507 5423 1622 5463 sua:
1649 5407 2135 5476 concupiscentias

544 5491 772 5562 explere
810 5492 862 5546 in
887 5495 1046 5552 valde
1075 5496 1346 5556 absurdae
1374 5500 1580 5556 decidit
1627 5499 1920 5568 Opiniones
1955 5516 1970 5552 :
2004 5500 2134 5552 dum

544 5587 689 5642 intra
721 5587 967 5658 seipsum
1008 5601 1226 5662 reputat
1254 5594 1402 5664 quod
1465 5593 1608 5649 Deus
1659 5591 1898 5661 propria:
1952 5589 2137 5660 provi-

541 5679 746 5738 dentia:
773 5681 980 5740 oblitus
1027 5684 1121 5752 sit,
1153 5701 1261 5758 qua
1302 5685 1571 5742 mundum
1616 5684 1909 5754 gubernat,
1961 5682 2136 5751 quod-

2240 4785 2402 4840 μενος
2460 4767 2556 4821 καὶ
2615 4766 2918 4820 ἀπολεῖται.
2971 4765 3035 4819 Oi
3095 4765 3206 4835 γὰρ
3259 4764 3565 4826 πίπτοντες
3608 4759 3810 4832 πρῶτον

2236 4858 2526 4912 κύπτουσι.
2553 4855 2726 4909 Τοῦτο
2751 4855 2808 4908 δὲ
2826 4854 3059 4924 γίνεται,
3091 4854 3178 4908 ἵνα
3212 4853 3311 4908 καὶ
3339 4854 3404 4907 τὸ
3437 4853 3670 4908 ἀνίατον
3725 4849 3812 4903 σὺ·

2236 4947 2332 5004 τοῦ
2350 4950 2514 5020 φανῇ,
2546 4947 2727 5001 καὶτὸ
2753 4947 3109 5018 μακρόθυμον
3141 4945 3236 5000 τοῦ
3283 4945 3445 5012 Θεοῦ,
3503 4946 3601 4998 καὶ
3629 4947 3666 5016 ἡ
3718 4942 3814 4994 τῶν

2240 5041 2590 5096 πεπονθότων
2614 5039 2884 5112 ὑπομονὴ,
2921 5041 3016 5095 καὶ
3045 5041 3079 5111 ἡ
3113 5039 3402 5111 ἐκδίκησις
3447 5038 3561 5092 τῶν
3611 5038 3812 5091 ἀδικουε

2287 5130 2445 5185 ἐνων.

2242 5148 2461 5278 “ita;
2490 5219 2601 5291 γὰρ
2630 5219 2702 5274 ἐν
2743 5219 2958 5289 καρδίᾳ
3008 5219 3201 5274 αὑτοῦ
3233 5236 3246 5250 ·
3313 5218 3753 5284 Ἐπιλέλησται
3785 5212 3812 5265 ό

2243 5315 2409 5381 Θεὸς,
2451 5314 2839 5383 ἀπέστρεψεν
2865 5314 2933 5368 τὸ
2963 5315 3302 5383 πρόσωπον
3345 5312 3562 5372 αὑτοῦ,
3609 5311 3717 5365 τοῦ
3737 5303 3811 5378 μὴ

2231 5407 2494 5474 βλέπειν
2529 5407 2621 5473 είς
2647 5405 2847 5474 τέλος.
2881 5408 3399 5478 Παραχωρούμενος
3427 5411 3544 5476 γὰρ
3585 5398 3810 5474 πληροῦν
3859 5411 3863 5416 ‘

2237 5499 2338 5562 τὰς
2369 5497 2668 5567 ἐπιθυμίας
2691 5497 2792 5568 τῆς
2815 5497 2995 5568 ψυχῆς
3011 5499 3202 5562 αὐτοῦ,
3235 5498 3376 5569 πρὸς
3417 5495 3812 5585 ἀτόπουςοὺπο·

2238 5590 2434 5661 λήψεις
2462 5589 2743 5652 ἐκπίπτει.
2778 5590 3134 5660 λογιζόμενος
3158 5593 3216 5643 ὲν
3253 5590 3438 5662 ἐαυτῷ
3468 5586 3808 5660 ἐπιλελῆσθαι

2241 5681 2335 5734 τὸν
2363 5680 2496 5735 Θεὸν
2516 5680 2615 5751 τῆς
2643 5681 2740 5735 τοῦ
2794 5684 3003 5755 κόσμου
3063 5683 3346 5755 προνοίας,
3397 5684 3807 5758 ἀποστρέψαντα

1881 5841 2080 5904 Varia:
2110 5839 2440 5903 lectiones.

619 5979 734 6051 (49)
765 5980 951 6039 Graeco
985 5984 1067 6041 sic
1095 6000 1109 6038 z
1142 5981 1264 6038 Non
1292 5983 1432 6038 enim
1459 5979 1767 6047 insidiatur,
1805 5987 1858 6030 ut
1898 5975 2266 6029 iusiJiatorcm
2297 5973 2521 6043 aliquem
2550 5971 2743 6042 capiat,
2779 5972 2857 6028 vel
2881 5973 3175 6045 inimicum,
3202 5977 3278 6031 ιέί
3303 5977 3502 6047 feram.
