3956 6562
169 394 247 460 1:41
1281 392 1680 454 COMMENT.
1725 390 1804 451 IN
1846 391 2202 456 PSALMOS.

3285 395 3389 462 162

165 516 248 584 τὴν
279 502 574 576 ἐπισκοπὴν
613 502 784 558 αὗτοῦ
817 521 827 534 ·
877 503 1020 559 ὥστε
1066 503 1141 578 μὴ
1180 505 1398 577 βλέπειν
1440 509 1576 572 ὅλως
1631 505 1700 559 τὰ

1816 519 1913 573 que
1941 505 2272 572 custodiant,
2303 513 2356 562 et
2393 505 2788 576 protectionem
2821 522 2976 564 suam
2996 507 3069 564 ita
3100 513 3388 575 averterit.

161 604 390 674 γινόμενα
414 614 432 632 ο
456 597 516 652 τὸ
539 599 648 668 γὰρ
679 599 770 665 είς
793 598 993 666 τέλος,
1023 599 1100 668 πῆ
1132 599 1252 669 μὲν,
1280 599 1343 652 τὸ
1399 599 1530 671 ἄχρι
1565 615 1703 657 παν·

162 698 258 760 τὸς,
299 692 371 762 πῆ
404 691 480 754 δὲ,
505 689 570 744 τὸ
595 690 734 754 ὅλως
764 689 1019 760 ἐμφαίνει
1051 707 1066 723 ο
1089 691 1289 746 ταύτὸν
1313 691 1370 746 δὲ
1400 693 1494 746 καὶ
1533 693 1702 763 ἄμφω

160 789 373 851 δύναται,
402 786 512 848 τοῖς
551 783 898 857 λεπτῶτερον
933 785 1442 856 επισκεπτομένοις.
1501 786 1623 858 Χρὴ
1645 786 1701 840 δὲ

161 878 432 947 γινώσκειν,
462 877 640 932 ὅτιτά
666 877 1051 950 προρρηθέντα
1077 876 1325 932 νοοῦνται
1369 877 1464 931 καὶ
1499 881 1579 942 εἰς
1610 880 1704 932 τὸν

174 967 429 1022 Ἰουδαϊκὸν
480 967 654 1038 δῆμον
707 969 802 1021 καὶ
844 969 938 1023 τὸν
987 969 1246 1040 Χριστὸν,
1309 969 1700 1041 προσαρμοζό-

163 1077 280 1130 μενα
307 1058 438 1112 κατά
461 1059 650 1130 μέρος.
705 1061 818 1115 Καὶ
853 1056 1012 1126 οὗτος
1057 1061 1167 1132 γὰρ
1237 1062 1496 1132 ἑνήδρευε
1563 1063 1702 1134 μετὰ

161 1153 248 1206 τῶν
276 1150 544 1220 ἀρχόντων
580 1152 678 1206 τοῦ
708 1153 840 1206 λαοῦ
875 1155 968 1208 τὸν
1002 1154 1182 1226 ἀθῷον
1229 1156 1338 1211 ἀπὸ
1395 1157 1698 1226 ἁμαρτίας,

161 1243 233 1294 τὸν
253 1242 311 1293 δι’
329 1243 480 1310 ἡμᾶς
514 1243 934 1314 πτωχεύσαντα,
964 1245 1064 1299 καὶ
1089 1247 1179 1301 ἀεὶ
1225 1247 1550 1318 παρετήρει,
1605 1248 1701 1301 καὶ

162 1335 304 1386 πάντα
333 1335 530 1399 ἐποίει,
561 1335 656 1389 καὶ
697 1336 854 1400 τέλος
891 1335 982 1390 δτι
1013 1336 1180 1390 αὐτὸν
1229 1337 1545 1406 ἀπέκτεινε,
1605 1341 1701 1393 καὶ

158 1429 258 1487 τοὺς
277 1426 599 1491 ἀποστόλους
622 1428 834 1492 ἐδίωξε,
861 1429 983 1482 τότε
1024 1429 1121 1483 καὶ
1150 1429 1313 1494 αὐτὸς
1364 1431 1538 1503 ἄρδην
1592 1431 1700 1486 ὑπὸ

166 1518 414 1590 Ῥωμαίων
443 1520 848 1594 ὲξωλοθρεύθη.

222 1697 544 1767 Ἀνάστηθι,
594 1702 773 1770 Κύριε
815 1705 848 1757 ὁ
913 1705 1058 1770 Θεός
1121 1722 1266 1774 μου,
1330 1707 1630 1777 ὑψωθήτω
1657 1710 1698 1778 ἡ

156 1790 261 1858 χείρ
281 1806 404 1844 σου.
440 1792 740 1864 Κινήθητι,
777 1797 965 1865 φησιν,
1004 1799 1085 1860 είς
1123 1798 1407 1868 ἐκδίκησιν
1443 1813 1458 1829 ⁹
1515 1802 1580 1856 τὸ
1618 1803 1696 1869 δὲ,

166 1857 436 1952 Ύείρωθήτω
464 1886 505 1952 ἠ
533 1857 664 1956 χὶκίρ
687 1857 1013 1954 eodem
1061 1857 1396 1962 μεταφορὰν.
1457 1857 1697 1950 Είώθασί
1732 1857 1774 1913 Β

156 1976 239 2046 γὰρ
264 1977 306 2027 οἱ
328 1976 654 2041 κολάζοντες
692 1996 844 2044 τινας
877 1981 1130 2054 ἐπαίρειν
1167 1985 1266 2050 τὴν
1307 1988 1490 2056 χεῖρα,
1521 2003 1697 2042 κατα·

157 2067 387 2137 ςέρουσαν
409 2070 514 2139 τὴν
556 2071 820 2142 μάστιγα.
870 2075 939 2127 Ἢ
969 2077 1064 2128 καὶ
1094 2075 1296 2147 ὑψηλὴ,
1317 2079 1502 2148 φησὶν,
1539 2076 1696 2144 οὖσα,

157 2164 227 2211 καὶ
251 2161 559 2233 ὑπερφερὴς
592 2165 624 2233 ἡ
663 2163 896 2236 δύναμίς
929 2183 1047 2233 σου,
1072 2169 1168 2222 νῦν
1203 2169 1442 2239 μάλιστα
1482 2173 1542 2226 τὸ
1565 2174 1699 2228 αὐτὸ

155 2251 376 2323 δειιθητω
401 2271 415 2284 ·
441 2259 607 2328 χεῖρα
632 2258 742 2329 γὰρ
772 2258 907 2312 Θεοῦ
938 2259 1144 2331 ταύτην
1173 2261 1541 2334 ὑποληπτέον.

209 2524 288 2590 Μὴ
309 2524 570 2595 sudden
601 2525 720 2580 τῶν
746 2529 1025 2596 πενήτων
1067 2544 1186 2586 σου
1227 2533 1316 2597 εις
1388 2533 1583 2602 τέλος.
1624 2536 1700 2590 Τὸ

157 2615 226 2678 εις
252 2613 432 2682 τέλος,
454 2621 582 2671 ἀντὶ
608 2621 724 2687 τοῦ,
757 2621 924 2691 μέχρι
956 2624 1180 2686 παντός.

213 2706 434 2761 Ἕνεκεν
466 2711 634 2777 τίνος
664 2713 1047 2783 παρὼργισεν
1066 2720 1098 2771 ό
1125 2717 1356 2786 ἀσεϐὴς
1383 2717 1492 2775 τὸν
1514 2721 1697 2784 Θεόν;

158 2799 333 2870 Σέόδρα
363 2803 766 2876 δεινοπαθήσας
795 2809 886 2862 ἐπὶ
908 2811 1020 2873 τοῖς
1053 2811 1323 2875 τοιούτοις
1368 2812 1477 2867 τῶν
1525 2830 1697 2883 πονη-

157 2891 244 2959 ρῶν
272 2894 636 2966 τολμήμασιν,
666 2901 746 2963 είς
795 2899 1065 2972 ἐρώτησιν
1095 2901 1428 2973 χρηματίζει
1466 2903 1559 2959 τὸν
1612 2903 1700 2958 λό-

156 3000 230 3051 γον
261 3002 272 3014 ο
302 2982 414 3041 εἶτα
440 2989 565 3044 λύει
603 2992 703 3062 τὴν
727 2993 984 3064 ἀπορίαν,
1008 2993 1306 3063 ἐπαγαγών
1325 3010 1340 3026 ⁸

1809 605 1869 650 ιιι
1924 612 2152 664 prorsus
2204 611 2312 652 nou
2367 597 2550 654 videat
2601 614 2725 670 quae
2769 599 2924 655 ﬁant.
2966 599 3120 667 Quod
3157 616 3284 656 vero
3314 602 3392 656 ait

1806 688 1864 740 in
1901 687 2082 755 ﬁnem,
2111 687 2236 743 alibi
2263 703 2363 759 pro
2377 704 2750 762 usquequaque
2777 692 3074 762 accipitur;
3104 692 3232 748 alibi
3263 709 3390 754 vero

1808 791 1909 850 pro
1934 782 2169 834 omnino.
2203 781 2511 854 Utrumque
2540 793 2720 839 tamen
2748 785 2814 840 ad
2843 787 2984 839 idem
3013 787 3188 840 tendit
3241 795 3390 841 recte

1809 871 2185 928 consideranti
2221 891 2450 930 :verum
2482 878 2738 946 praedicta
2769 879 2954 933 omnia
2992 879 3218 950 intelligi
3258 896 3388 950 pos-

1807 973 1940 1018 sunt
1963 964 2032 1022 de
2058 967 2261 1038 p0pulo
2293 966 2608 1025 Judaeorum
2637 1011 2653 1038 ,
2705 979 2760 1026 et
2797 973 2865 1026 de
2900 971 3141 1028 Christo.
3174 972 3388 1044 Quippe

1809 1069 1933 1109 cum
1968 1058 2201 1127 populus
2241 1059 2407 1116 simul
2454 1076 2580 1117 cum
2640 1063 2983 1133 principibus
3035 1064 3384 1120 innocentem

1809 1144 2092 1202 Christum
2120 1187 2134 1212 ,
2175 1158 2230 1204 et
2259 1160 2486 1221 peccato
2516 1154 2663 1208 omni
2697 1168 2924 1223 prorsus
2977 1165 3254 1210 carentem
3283 1196 3298 1219 ,
3332 1165 3389 1210 et

1807 1249 2106 1307 pauperem
2141 1253 2365 1312 propter
2394 1257 2494 1298 nos
2542 1244 2791 1298 effectum
2825 1288 2838 1311 ,
2881 1246 3145 1303 insidiose
3197 1248 3386 1304 obser-

1808 1328 1992 1382 variut
2024 1339 2084 1386 ut
2115 1343 2415 1403 caperent,
2465 1339 2757 1406 omniaque
2795 1340 2900 1391 alia
2948 1338 3179 1393 fecerint
3205 1380 3221 1406 ,
3268 1355 3388 1410 quae

1808 1420 2064 1488 superius
2095 1420 2240 1476 dicta
2272 1433 2436 1479 sunt:
2467 1434 2518 1481 et
2557 1428 2774 1483 laudent
2816 1439 3102 1498 postquam
3131 1448 3255 1485 eum
3287 1448 3385 1487 oc-

1806 1508 2058 1564 ciderunt
2088 1552 2106 1580 ,
2140 1515 2419 1584 apostolos
2449 1519 2612 1572 etiam
2644 1521 2920 1588 persecuti
2946 1523 3060 1576 sint
3093 1540 3108 1577 :
3165 1524 3383 1596 ipsique

1806 1612 2086 1674 postremo
2117 1623 2146 1660 a
2174 1607 2438 1665 Romanis
2473 1611 2720 1667 funditus
2761 1613 2965 1667 iuerint
3023 1615 3207 1671 deleti.

1877 1694 2044 1752 Vens.
2079 1697 2166 1753 12.
2198 1697 2457 1772 Exsurge,
2479 1703 2701 1760 Domine
2744 1706 2880 1760 Deus
2905 1725 3070 1776 meus,
3121 1711 3376 1766 exaltetut

1808 1800 2000 1842 manus
2029 1797 2142 1844 tua.
2191 1789 2641 1861 Commovearis,
2697 1798 2876 1868 inquit
2903 1840 2918 1864 ,
2958 1801 3025 1856 ad
3063 1803 3380 1858 vindictam.

1800 1875 1955 1944 Quod
1995 1895 2124 1936 vero
2159 1883 2235 1939 ait
2264 1901 2278 1941 :
2313 1887 2599 1947 Exaltetur
2633 1906 2818 1944 manus
2850 1903 2963 1958 tua,
2989 1909 3081 1962 per
3099 1897 3383 1964 metapho-

1801 1985 1920 2025 ram
1949 1972 2156 2028 dictum
2181 1983 2288 2032 est.
2315 1978 2504 2033 Solent
2533 1981 2677 2036 enim
2701 1984 2792 2052 qui
2818 1985 3058 2054 aliquem
3083 1989 3380 2056 castigant,

1800 2077 2022 2118 manum
2057 2067 2290 2137 erigere.
2318 2081 2378 2124 ut
2423 2073 2609 2142 plagas
2643 2089 2708 2129 ac
2735 2077 2958 2130 verbera
2991 2077 3252 2134 inferant.
3291 2080 3383 2134 Vel

1803 2153 1963 2209 aliter
1994 2174 2009 2212 :
2036 2157 2172 2212 Cum
2215 2163 2457 2230 potentia
2489 2173 2579 2218 tua
2603 2166 2816 2221 excelsa
2848 2183 3064 2238 semper
3086 2171 3179 2234 sil,
3202 2179 3256 2225 et
3287 2186 3384 2225 su-

1801 2243 2008 2312 blimis,
2036 2264 2182 2304 nunc
2219 2253 2489 2321 praecipue
2530 2269 2738 2325 quaeso,
2767 2256 2946 2328 inquit
2975 2298 2989 2322 ,
3022 2260 3092 2312 ita
3125 2262 3382 2317 omnibus

1801 2349 2085 2406 appareat.
2118 2339 2223 2397 Per
2267 2357 2490 2398 manum
2521 2349 2667 2401 enim
2720 2349 2862 2416 Dei,
2909 2351 3031 2420 ejus
3081 2355 3380 2422 potentiam

1803 2428 2109 2500 intelligere
2134 2433 2424 2490 debemus.

1877 2521 1962 2577 Ne
1986 2523 2312 2581 obliviscaris
2341 2543 2632 2596 pauperum
2661 2541 2873 2585 tuorum
2907 2536 2960 2586 in
2994 2533 3175 2602 ﬁnem.
3211 2534 3274 2589 In
3314 2537 3385 2605 ﬁ-

1800 2629 1941 2680 nem,
1977 2615 2082 2671 hoc
2113 2624 2220 2680 est,
2249 2617 2302 2670 in
2335 2627 2680 2688 perpetuum.

1811 2749 1818 2756 .
1878 2705 2041 2761 Vsus.
2074 2707 2162 2766 15.
2207 2707 2432 2778 Propter
2457 2711 2585 2781 quid
2627 2712 2863 2767 irritavit
2920 2715 3114 2782 impius
3161 2716 3327 2771 Deum
3358 2719 3384 2772 1’

1803 2795 1967 2868 ἄζει-ε
2000 2798 2180 2855 ferens
2235 2798 2508 2871 Propheta
2532 2811 2642 2857 tam
2691 2805 2926 2872 grandes
2959 2821 3244 2874 pravorum
3283 2812 3383 2863 lo-

1802 2889 2014 2944 minum
2046 2905 2236 2960 ausus,
2265 2908 2360 2962 per
2395 2895 2616 2948 modum
2654 2896 3104 2968 interrogationis
3157 2916 3378 2956 sermo-

1801 2996 1923 3036 nem
1955 2981 2190 3037 format:
2223 2993 2278 3039 et
2294 2985 2553 3057 deinceps
2579 2987 2976 3044 dubitationem
2999 2994 3383 3062 respondendo

1803 3073 1986 3137 solvit,
2023 3073 2238 3130 dicens:

205 3161 330 3222 Εἴπε
375 3168 491 3238 γὰρ
530 3170 602 3224 ἐν
652 3172 865 3241 καρδίᾳ
914 3174 1138 3229 αὐτοῦ’
1197 3177 1320 3230 Οὐκ
1363 3175 1696 3248 ἐκζητήσει.

1879 3165 2018 3220 Dixit
2041 3169 2178 3223 enim
2200 3171 2254 3224 in
2284 3171 2439 3226 corde
2466 3187 2584 3234 suo,
2606 3171 2728 3226 Non
2755 3175 3012 3244 exquiret.
3045 3173 3160 3239 Est,
3184 3179 3383 3247 inquit,

156 3257 314 3323 Τοῦτο,
339 3262 499 3331 φησὶ,
540 3261 640 3333 τῆς
674 3266 1061 3336 ἀνοσιουργίας
1086 3267 1236 3321 ἐστὶν
1261 3267 1432 3322 αἴτιον
1458 3284 1472 3299 ⁸
1529 3270 1702 3325 οἴεται

155 3352 258 3422 γὰρ,
282 3352 352 3414 ὡς
377 3355 483 3408 οὐκ
519 3356 767 3422 ἐξετάσει
791 3357 924 3423 Θεὸς
958 3357 1030 3412 τὰ
1055 3357 1329 3430 δρώμενα.

205 3446 467 3514 Βλέπεις,
508 3449 602 3503 ὅτι
635 3450 718 3504 σὺ
754 3451 948 3506 πόνον
983 3451 1083 3506 καί
1114 3453 1312 3522 θυμὸν
1363 3455 1701 3522 κατανοεῖς,

151 3536 237 3590 τοῦ
264 3540 637 3610 παραδοῦναι
675 3543 866 3596 αὐτόν
896 3544 986 3609 είς
1029 3543 1234 3612 χεῖράς
1273 3559 1412 3600 σου.
1453 3545 1528 3600 Τὸ
1557 3545 1706 3602 Βλέ-

151 3633 683 3700 πεις,ἀναγνωᾰτέον
718 3634 842 3688 καθ’
896 3635 1080 3699 ἑαυτὸ,
1127 3637 1413 3700 στίξοντας
1463 3638 1701 3719 τελείαν,

153 3721 221 3772 in
245 3718 276 3795 ᾗ
299 3725 357 3776 τὸ
378 3725 566 3794 νόημα
592 3723 834 3779 τοιοῦτον
871 3742 884 3756 ’
909 3727 985 3789 ὡς
1028 3729 1076 3781 εί
1109 3727 1204 3781 καὶ
1237 3727 1396 3782 τοῦτο
1440 3718 1704 3801 μυριάκις

149 3809 172 3860 ὁ
198 3813 410 3883 πονηρὸς
437 3817 639 3881 οίεται,
673 3817 761 3870 διὰ
796 3816 897 3889 τὴν
923 3817 1021 3888 σὴν
1049 3818 1435 3890 μακροθυμίαν
1456 3823 1535 3884 είς
1566 3822 1705 3876 ἁπό-

150 3923 274 3960 vocas
314 3910 872 3982 ὲκτραχηλιζόμενος,
927 3912 1064 3966 ἀλλὰ
1113 3914 1178 3967 σὺ
1237 3913 1458 3984 βλέπεις
1499 3918 1701 3983 πάντα,

149 3997 322 4069 διήκων
354 4003 674 4073 ἁπανταχῆ,
699 4003 832 4056 διότι
865 4005 929 4058 σὺ
954 4006 1087 4076 ὁρᾷς
1124 4006 1366 4078 ἀκριϐῶς
1395 4008 1491 4062 τόν
1523 4027 1582 4062 τε
1603 4010 1706 4063 πό-

150 4109 224 4144 νον
247 4094 349 4147 τῶν
375 4082 781 4162 ἀδικουμένων,
807 4096 906 4151 καὶ
936 4097 1029 4152 τὸν
1073 4097 1247 4168 θυμὸν
1294 4101 1403 4154 τῶν
1449 4102 1702 4158 ἀδικούν-

149 4201 253 4240 των.
303 4190 651 4258 Κατανόησις
707 4189 840 4259 γὰρ,
895 4192 928 4262 ἠ
990 4191 1334 4266 λεπτομερὴς
1386 4194 1702 4264 διάγνωσις.

159 4270 404 4342 Ἀκριδῶς
433 4275 492 4328 δὲ
529 4277 685 4346 δρᾷς,
710 4276 797 4330 ἵνα
831 4279 1090 4349 παραδῷς
1121 4281 1286 4336 αὐτὸν
1331 4281 1559 4354 ὔστερον
1624 4287 1705 4350 εἰς

150 4362 232 4427 τὰς
264 4367 538 4437 τιμωρίας
569 4383 664 4420 σου
706 4385 720 4400 ο
749 4369 910 4422 τοῦτο
950 4370 1060 4441 γὰρ
1124 4373 1183 4426 αἱ
1241 4375 1422 4446 χεῖρες
1467 4377 1704 4432 ἐνταῦθα

149 4455 370 4512 mirum:
403 4473 418 4489 ο
468 4459 732 4529 φοϐερὸν
778 4461 847 4515 δὲ
869 4462 1162 4532 ἐμπεσεῖν
1193 4468 1281 4534 εις
1319 4467 1524 4538 χεῖρας
1551 4471 1702 4526 Θεοῦ

151 4544 361 4617 ζῶντος.

209 4827 300 4879 Σοὶ
328 4827 865 4897 ἐγκαταλέλειπται
909 4823 942 4886 δ
991 4835 1250 4902 πτωχός.
1300 4835 1520 4889 Πάντων
1568 4836 1708 4892 dno-

149 4922 494 4988 στραφέντων,
523 4923 673 4994 αὑτῷ
706 4943 789 4978 σοι
809 4926 955 4997 μόνῳ
973 4926 1272 4997 ἁπέμεινεν
1289 4929 1368 4992 είς
1399 4929 1703 5000 ἀντίληψιν.

214 5009 478 5080 ὀρφανῷ
504 5014 588 5069 σὺ
618 5013 780 5086 ἦσθα
804 5017 1058 5086 βοηθός.
1103 5018 1194 5084 Ὠς
1235 5019 1488 5091 Πλάστης
1541 5021 1707 5074 αὑτοῦ

148 5103 229 5154 καὶ
252 5108 552 5177 Δεσπότης.
618 5107 804 5163 Ταῦτα
859 5110 1108 5164 νοοῦνται
1149 5111 1249 5180 μιν
1293 5113 1389 5166 καὶ
1431 5113 1560 5184 περὶ
1600 5114 1709 5167 τῶν

146 5196 311 5261 ἁπλῶς
339 5202 590 5270 πενήτων
640 5202 734 5255 καὶ
777 5202 1061 5272 ὀρφανῶν
1102 5203 1202 5273 οὐχ
1263 5204 1468 5274 ἥκιστα
1511 5205 1569 5259 δὲ
1616 5205 1712 5258 καὶ

143 5289 256 5356 περὶ
279 5290 372 5343 τοῦ
394 5291 453 5356 ἐξ
481 5292 653 5347 ἐθνῶν
691 5293 842 5358 λαοῦ,
871 5292 1106 5364 πένητος
1138 5295 1237 5364 μὲν
1262 5295 1435 5360 ὄντος,
1479 5295 1569 5350 διὰ
1607 5297 1706 5360 τὰς

143 5385 536 5454 προειρημένας
564 5385 766 5451 αἰτίας,
802 5385 1043 5456 ὀρφανοῦ
1075 5387 1152 5451 δὲ,
1177 5386 1268 5441 διὰ
1289 5386 1351 5440 τὸ
1400 5387 1478 5458 μὴ
1505 5388 1706 5460 γνωρί-

145 5469 245 5532 ζειν
276 5475 368 5526 τὸν
394 5475 583 5528 ἑαυτοῦ
627 5476 851 5546 Πατέρα
883 5477 980 5531 καὶ
1013 5479 1253 5549 Ποιητὴν
1279 5477 1436 5532 Θεόν.

202 5566 540 5634 Σύντριψον
566 5569 675 5620 τὸν
697 5568 1004 5636 ,ϐραχίονα
1048 5570 1156 5624 τοῦ
1197 5570 1550 5639 ἀμαρτωλοῦ
1609 5570 1704 5623 καὶ

143 5658 426 5724 πονηροῦ.
456 5659 726 5730 Βραχίονα
756 5661 854 5734 τὴν
887 5663 1116 5734 δύναμιν
1149 5662 1298 5730 λέγει
1327 5678 1339 5690 ·
1379 5662 1472 5716 καὶ
1515 5661 1622 5734 γὰρ
1649 5662 1705 5713 ἐν

219 5836 234 5867 ⁸
265 5834 435 5892 llebr.
470 5853 520 5903 ι,
549 5838 641 5892 51.

1806 3268 2086 3315 tantorum
2118 3261 2387 3318 scelerum
2433 3279 2624 3328 causa,
2660 3266 2806 3335 quod
2836 3267 3152 3324 existimant
3206 3271 3376 3326 Deum

1805 3350 2010 3421 ﬂagitia
2032 3368 2222 3408 eorum
2255 3369 2362 3412 nou
2392 3354 2723 3425 disquirere.

1878 3444 2043 3501 Vens.
2079 3446 2166 3502 14.
2206 3444 2385 3515 Vides,
2433 3451 2685 3518 quoniam
2709 3459 2766 3503 tu
2790 3450 3044 3517 laborem,
3074 3463 3123 3506 ct
3146 3453 3383 3522 furorem

1805 3538 2139 3605 consideras,
2171 3550 2228 3593 ut
2267 3542 2449 3594 tradas
2468 3557 2588 3596 eum
2609 3541 2664 3596 in
2687 3558 2877 3597 manus
2923 3551 3064 3598 tuas.
3097 3543 3251 3611 Quod
3283 3549 3384 3610 ait,

1817 3629 1999 3698 Vides,
2023 3646 2120 3702 per
2149 3648 2208 3687 se
2233 3633 2523 3704 legendum
2548 3643 2650 3697 est,
2671 3649 2736 3690 ac
2765 3635 2948 3689 statim
2974 3645 3161 3706 postea
3181 3639 3386 3691 sisten-

1803 3725 1956 3790 dum,
2016 3732 2075 3778 ut
2135 3725 2210 3780 sit
2267 3739 2465 3782 sensus
2515 3741 2530 3779 :
2583 3724 2738 3782 Licet
2801 3726 3000 3783 millies
3051 3743 3251 3798 prthss
3307 3729 3386 3784 ita

1803 3817 2106 3884 existimet,
2149 3819 2221 3874 ob
2256 3827 2406 3874 tuam
2438 3819 2700 3874 nimirum
2726 3821 3044 3889 patientiam
3099 3823 3172 3876 ita
3205 3823 3258 3876 in
3291 3838 3388 3876 ar-

1803 3911 2115 3982 rogantiam
2151 3909 2339 3980 lapsus
2372 3929 2387 3967 :
2425 3919 2480 3967 tu
2512 3919 2719 3974 tamen,
2741 3927 2775 3966 ο
2803 3911 2970 3978 Deus,
2997 3913 3150 3969 vides
3178 3915 3383 3976 omnia,

1809 4018 2143 4074 quocunque
2197 4015 2511 4074 penetrans,
2539 4013 2594 4059 et
2637 4003 2694 4058 in
2734 4018 2930 4060 omnes
2975 4013 3161 4075 partes
3194 4019 3386 4076 perve-

1804 4099 1988 4154 niens.
2023 4096 2260 4169 Ideoque
2287 4107 2344 4153 tu
2386 4079 2601 4154 summa
2633 4097 2923 4168 diligentia
2951 4097 3233 4152 hominum
3265 4111 3386 4151 om-

1805 4193 1956 4247 nium
1980 4192 2182 4262 injuria
2209 4190 2531 4246 aﬂ‘ectorum
2555 4190 2798 4246 laborem
2823 4190 3115 4260 perspicis,
3135 4189 3386 4255 iramque

1806 4291 1863 4339 et
1898 4282 2142 4338 furorem
2176 4297 2368 4338 eorum
2394 4283 2488 4354 qui
2512 4282 2770 4350 iniuriam
2804 4280 3074 4336 inierunt.
3109 4281 3384 4336 Conside-

1805 4389 1929 4428 rare
1957 4383 2163 4437 autem,
2186 4381 2269 4428 est
2294 4372 2570 4428 subtiliter
2593 4371 2929 4428 discernere.
2948 4370 3166 4441 Magno,
3184 4369 3381 4440 inquit,

1805 4481 1930 4523 cum
1957 4465 2204 4522 exatniue
2235 4472 2290 4519 tu
2315 4463 2578 4534 perspicis
2607 4474 2668 4518 ut
2698 4463 2752 4517 in
2778 4461 3018 4518 futurum
3055 4461 3178 4516 illos
3207 4463 3384 4531 pinnis

1734 4556 1785 4617 D
1815 4557 2018 4613 tradas.
2075 4557 2151 4611 Ita
2219 4556 2366 4610 enim
2434 4556 2538 4610 hoc
2585 4555 2640 4609 in
2675 4554 2795 4610 loco
2828 4569 3024 4609 manus
3071 4556 3386 4621 slgn'iieaut

1804 4650 1963 4720 juxta
1993 4646 2125 4702 illud
2175 4647 2406 4718 apostoli
2443 4667 2457 4704 :
2497 4645 2772 4702 Horribile
2807 4663 2870 4701 uc
2904 4647 3058 4704 ualde
3094 4649 3385 4702 timendum

1806 4739 2132 4798 estiucidere
2152 4741 2204 4794 in
2236 4756 2424 4796 manus
2454 4738 2549 4794 Dei
2583 4740 2797 4796 viventis
2823 4741 2864 4796 ί.

1884 4832 1999 4887 Tibi
2022 4832 2231 4890 relictus
2279 4841 2357 4886 est
2392 4847 2611 4901 pauper.
2635 4831 2836 4888 Omnes
2865 4848 2895 4888 a
2929 4848 3169 4904 paupere
3203 4834 3382 4888 aversi

1812 4934 1961 4993 sunt,
1992 4925 2137 4982 unde
2173 4933 2268 4979 tuo
2304 4935 2512 4980 tantum
2540 4927 2748 4979 auxilio
2779 4925 3003 4980 relictus
3026 4935 3132 4982 est.

1885 5017 2142 5087 Orphano
2173 5027 2226 5069 tu
2267 5017 2372 5070 eris
2396 5017 2632 5084 adiutor.
2667 5017 2951 5085 Tanquam
2979 5019 3101 5086 ejus
3128 5016 3380 5081 Creator,

1812 5115 1866 5164 et
1891 5107 2172 5162 Dominus.
2212 5107 2334 5159 liam
2368 5114 2551 5159 tamen
2589 5120 2696 5158 non
2723 5113 2933 5159 tantum
2958 5105 3024 5158 de
3055 5104 3383 5172 pauperibus

1813 5210 1868 5256 et
1905 5199 2165 5268 orphanis
2217 5197 2618 5267 intelliguntur,
2669 5197 2766 5251 sed
2804 5197 2869 5249 de
2901 5195 3143 5265 gentium
3182 5197 3385 5263 populo

1811 5291 1904 5360 qui
1935 5291 2136 5343 dictant
2174 5290 2240 5341 oh
2269 5302 2490 5344 causam
2541 5301 2742 5356 pauper
2782 5293 2898 5341 erat
2927 5301 2942 5349 ;
2974 5296 3027 5339 et
3078 5282 3384 5351 orphanus,

1809 5384 1936 5453 quia
1965 5391 2173 5452 patrem
2208 5395 2269 5433 ac
2300 5380 2558 5435 factorem
2611 5395 2769 5434 suum
2813 5392 2920 5430 non
2949 5384 3198 5429 noverat.

1883 5561 2046 5618 Vnus.
2070 5561 2154 5616 15.
2193 5559 2412 5615 Comere
2447 5557 2714 5609 brachium
2744 5555 3033 5624 peccatoris
3065 5564 3112 5610 ct
3141 5552 3384 5620 ntaligni.

1808 5656 1910 5712 Per
1981 5629 2268 5710 brachium
2357 5651 2653 5722 potentiam
2734 5662 2796 5701 ac
2872 5648 3015 5704 vires
3108 5645 3382 5717 intelligit.
