3956 6562
205 408 291 476 165
1324 396 1420 453 C0
1432 394 1727 454 MMENT.
1773 390 1845 452 lN
1895 391 2265 453 PSALMOS.

3308 383 3411 446 166

202 525 319 587 κιτὰ
352 518 449 575 τῶν
495 512 914 583 ὑποδεεστέρων.
960 511 1034 565 Τὸ
1077 510 1158 572 δὲ.
1202 510 1300 566 ἐπὶ
1338 511 1449 579 τῆς
1498 510 1632 581 γῆς,
1668 511 1730 564 τὸ

1845 514 2008 570 riores
2040 526 2134 566 se:
2163 508 2307 576 quod
2336 522 2465 563 vero
2496 506 2570 561 ait
2606 521 2761 576 super
2790 514 3009 569 terram,
3035 505 3177 558 idem
3212 507 3423 575 signin—

202 618 395 675 καθόλου
452 609 538 664 καὶ
573 605 925 677 περιεκτικδν
985 603 1098 658 τῶν
1145 602 1453 676 ἀνθρώπων
1515 604 1725 674 imosq-

204 711 376 785 μαίνει.

424 796 521 860 Είς
542 792 605 848 τὸ
643 789 817 856 τέλος
845 788 1091 859 palude
1137 787 1218 857 τῷ
1264 789 1463 845 Δαϐίδ.

720 883 1060 939 ΨΣΑΛΜΟΣ
1106 884 1163 939 l'.

254 986 428 1040 Τοῦτον
453 977 547 1054 ᾖσε
585 978 676 1031 τὸν
731 975 950 1047 ψαλμὸν
996 974 1330 1045 διωκόμενος
1385 972 1491 1028 ὑπὸ
1535 974 1729 1031 Σαούλ.

196 1084 277 1146 Είς
293 1078 450 1142 τέλος
482 1074 558 1137 δὲ,
588 1072 685 1125 ἆτε
710 1068 1021 1141 πρόρρησιν
1053 1066 1194 1140 ἔχων
1224 1067 1323 1139 τῆς
1357 1069 1732 1139 γεγενημένης

197 1172 260 1243 τῷ
280 1168 423 1224 Δαόὶδ
452 1164 802 1234 ἐκδικήσεως.

264 1346 376 1403 Ἐπί
399 1342 472 1410 τῷ
498 1343 689 1412 Κυρίῳ
712 1343 971 1399 πέποιθα
1005 1359 1022 1373 θ
1049 1341 1179 1411 πῶς
1212 1341 1399 1413 ἐρεῖτε
1432 1339 1507 1409 τῇ
1559 1338 1733 1411 ψυχῇ

199 1458 308 1510 μου,
342 1436 792 1493 Μεταναστεύου
822 1434 922 1489 ἐπὶ
948 1435 1019 1490 τὰ
1075 1435 1207 1504 ὅρη,
1265 1434 1344 1502 ὡς
1367 1433 1734 1503 στρουθίον;

209 1533 333 1588 Ἐπεὶ
378 1529 507 1601 πρὸς
546 1528 653 1601 τὴν
708 1528 916 1599 ἔρημον
970 1529 1201 1598 φυγόντι
1267 1526 1657 1583 συνεϐούλευον
1682 1527 1733 1581 οι

200 1622 525 1691 εὖνοῖκὼτεροι
567 1620 977 1691 μεταναστῆναι
1016 1618 1217 1690 μᾶλλον
1253 1619 1347 1673 ἐπὶ
1366 1620 1435 1674 τὰ
1465 1620 1591 1692 όρη,
1643 1619 1733 1675 διὰ

200 1719 276 1789 τὴν
300 1714 528 1769 ἐντεῦθεν
548 1714 887 1783 ἀσφάλειαν,
909 1715 1156 1768 αἰτιᾶται
1186 1712 1436 1779 τούτους,
1500 1715 1578 1778 ὡς
1632 1716 1734 1768 οὐκ

200 1812 421 1879 ipsusne
449 1806 889 1877 παραινοῦντας·
925 1807 1052 1861 Ἐπί
1077 1804 1157 1872 τῷ
1181 1806 1376 1878 Κυρίῳ
1408 1806 1536 1878 γὰρ,
1574 1806 1728 1878 φησι,

1836 619 1924 664 cat
1957 608 2104 678 quod
2138 607 2281 660 inter
2310 603 2584 657 homines.

2184 784 2250 841 In
2278 785 2436 856 ﬁnem
2463 783 2716 839 Psalnms
2750 784 2848 851 ipsi
2879 782 3067 839 David.

2391 876 2718 932 PSALMUS
2791 875 2859 931 Χ.

1902 974 2185 1032 Psalmum
2212 974 2364 1028 hunc
2396 971 2597 1027 cecinit
2626 970 2822 1025 beatus
2851 969 3019 1025 David
3051 987 3174 1025 Clllll
3233 986 3421 1040 persc-

1834 1079 2099 1140 queretur
2133 1083 2257 1124 cum
2294 1066 2464 1123 Saul:
2505 1074 2560 1122 et
2598 1066 2649 1119 in
2673 1063 2834 1133 ﬁnem
2872 1064 3189 1118 inscribitur
3220 1105 3236 1133 ,
3288 1069 3417 1136 quia

1833 1163 2078 1220 continet
2139 1160 2480 1235 prophetiam
2518 1157 2771 1213 vindicta:
2792 1172 2955 1228 quam
2978 1155 3121 1211 Deus
3153 1157 3273 1227 ejus
3298 1175 3421 1228 ειη»

1836 1256 1909 1312 tia
1948 1256 2001 1310 in
2040 1252 2261 1309 Saulem
2291 1252 2548 1306 illaturus
2575 1259 2717 1306 erat.

1899 1346 2066 1403 Vens.
2082 1346 2137 1403 2.
2159 1345 2223 1400 In
2248 1344 2472 1400 Domino
2491 1341 2693 1413 conﬁdo
2712 1360 2730 1397 :
2753 1342 3012 1414 quomodo
3035 1342 3213 1396 dicitis
3228 1346 3427 1397 anima!

1835 1454 1985 1506 mete,
2022 1437 2367 1507 'I‘ransmigra
2406 1436 2461 1489 in
2483 1443 2684 1488 montes
2720 1435 3082 1501 sicutpasser?
3107 1434 3241 1487 Cum
3267 1432 3423 1503 fuge-

1832 1540 1916 1586 ret
1937 1530 2131 1585 beatus
2154 1527 2322 1582 David
2355 1527 2410 1581 in
2443 1526 2745 1592 desertum,
2773 1525 3138 1581 suadebantei
3170 1526 3416 1580 benevoli

1834 1621 2009 1691 ipsius
2050 1626 2109 1675 ut
2142 1620 2210 1674 ad
2249 1626 2465 1673 montes
2504 1617 2691 1687 potius
2722 1617 3081 1686 pertransiret
3113 1655 3128 1679 ,
3162 1620 3416 1671 tutiorem

1833 1714 1944 1769 illic
1971 1728 2096 1768 eum
2146 1711 2392 1767 futurum
2445 1724 2570 1766 esse
2623 1718 3027 1765 asseverantes.
3089 1706 3414 1777 llujusmotti

1835 1806 2001 1876 igitur
2029 1805 2240 1859 aruicos
2271 1810 2531 1873 tanquam
2558 1816 2669 1855 non
2706 1809 2852 1856 recte
2880 1800 3178 1856 suadentes
3212 1842 3226 1864 ,
3253 1817 3417 1855 accn-

200 1872 429 1962 z'éz'owa,
461 1872 644 1953 πάσαν
674 1898 844 1969 ἄλλην
877 1896 1137 1970 βοήθειαν
1169 1872 1598 1971 παραδραμὼν.-
1618 1872 1730 1953 Καὶ

1845 1872 1920 1956 sat
1946 1872 2459 1970 praesentiPsalmo.
2484 1893 2625 1966 Ego,
2645 1893 3068 1964 inquit,ronﬁdo
3092 1896 3145 1948 in
3172 1894 3417 1959 Domino,

198 1991 309 2043 διατι
330 1989 500 2055 λέγετε
528 1991 597 2059 τῇ
622 1987 770 2059 ψυχῇ
809 2006 935 2060 μου,
958 1989 1239 2043 τουτέστιν
1273 1988 1396 2057 ἐμοί
1416 2005 1431 2020 ·
1453 1988 1731 2044 Μετάϐαι-

198 2099 241 2137 νε
264 2080 519 2152 στρουθίου
547 2080 712 2151 δίκην
741 2083 836 2135 ἐπὶ
867 2081 936 2136 τὰ
962 2080 1089 2154 ὅρη.
1113 2082 1209 2136 καὶ
1232 2082 1491 2157 καθάπερ
1526 2084 1729 2153 ἐπτοη-

201 2174 331 2244 μένον
390 2173 525 2242 ἄγαν
587 2173 794 2245 πτηνὸν
830 2172 1132 2245 ὲνδιάτριόε
1194 2172 1437 2241 τούτοις;
1467 2175 1731 2246 Παρατη-

200 2264 354 2335 ρητέον
376 2263 449 2330 δὲ,
477 2265 559 2318 ὃτι
590 2264 859 2329 πολλάκις
883 2264 993 2319 ἀπὺ
1025 2264 1128 2336 τῆς
1160 2264 1339 2336 ψυχῆς
1366 2265 1559 2319 ἑαυτὸν
1615 2266 1731 2319 ὀνοσ

199 2353 326 2420 μάζα
352 2353 476 2408 κατὰ
496 2354 864 2425 περίφρασιν,
891 2355 969 2418 ὡς
998 2357 1056 2409 ὲν
1077 2354 1178 2426 τῷ,
1203 2356 1430 2410 Πολλοὶ
1476 2356 1732 2427 λέγουσι

196 2442 252 2513 τῇ
277 2443 431 2515 νυκῇ
447 2462 591 2516 μους
632 2449 1071 2519 προειρήκαμενι

249 2635 357 2689 ὀτι
377 2634 498 2689 ἰδοὺ
527 2638 583 2691 οι
606 2638 946 2706 ἁμαρτωλοὶ
978 2637 1217 2691 ἐτειγαν
1242 2638 1443 2705 τόξον,
1488 2638 1734 2708 ἡτοίμα-

198 2728 443 2797 σανβέλη
472 2730 559 2795 είς
581 2728 909 2798 φαρέτραν.
938 2731 1036 2785 Διὰ
1065 2730 1166 2804 τῆς
1189 2732 1461 2795 ὲντάσεως
1514 2730 1610 2783 τοῦ
1641 2731 1734 2783 τό·

198 2818 287 2884 ξου,
314 2822 398 2874 καὶ
427 2822 520 2891 τῆς
542 2822 870 2893 ἐτοιμασίας
892 2822 1000 2876 τῶν
1022 2824 1080 2877 ὲν
1107 2826 1175 2895 τῇ
1228 2824 1484 2894 φαρέτρα
1538 2822 1728 2893 βελῶν,

194 2914 269 2983 τὴν
304 2913 418 2983 ὃλην
458 2913 551 2967 τοῦ
626 2914 867 2983 πολέμου
925 2916 1289 2987 παρασκευὴν
1331 2915 1622 2986 ἐδήλωσεν.
1661 2917 1731 2968 Ἦ

194 3004 267 3055 καὶ
292 3007 363 3059 ὃτι
382 3006 549 3070 τόξοις
574 3006 675 3059 ἐπὶ
704 3007 826 3069 τοὺς
857 3006 1161 3076 φεύγοντας
1191 3006 1455 3075 ἐχρῶντο.
1482 3006 1657 3060 Ταυτὶ
1677 3006 1732 3059 δὲ

194 3102 247 3147 τὰ
273 3099 392 3167 ρητὰ
439 3098 662 3170 τίθησιν
703 3098 887 3152 αἰτίαν
919 3099 1023 3169 τῆς
1063 3098 1464 3169 πεποιθήσεως.
1521 3096 1734 3170 Τεθάῤ-

1831 1998 1887 2048 οι
1915 2004 2079 2047 omne
2112 1988 2259 2045 aliud
2293 1987 2558 2043 auxilium
2588 1988 2796 2059 respui.
2834 1987 3013 2053 Quare
3046 1987 3212 2055 igitur
3237 1987 3422 2041 dicitis

1831 2085 2027 2139 anima:
2054 2097 2187 2140 mea:
2215 2122 2230 2149 ,
2270 2081 2373 2137 hoc
2404 2088 2489 2136 est
2523 2080 2657 2135 mihi
2690 2081 2794 2151 ipsi
2823 2120 2837 2145 ,
2878 2087 2937 2134 ut
2967 2081 3208 2149 passeris
3248 2078 3423 2134 itntar

1835 2188 2215 2250 pertranseam
2250 2174 2318 2230 ad
2350 2174 2610 2229 montes?
2640 2180 2695 2229 et
2725 2173 2891 2228 veluti
2942 2172 3130 2226 timida
3166 2173 3283 2227 avis
3312 2172 3423 2226 illic

1834 2264 2236 2341 permaneam?
2266 2264 2405 2321 Illud
2440 2264 2843 2321 observandum
2873 2272 2960 2320 est
2986 2264 3131 2334 quod
3154 2262 3421 2335 Propheta

1834 2375 2217 2431 saepenumero
2263 2357 2754 2429 circumloquendo
2816 2372 2912 2430 per
2960 2360 3198 2412 animam
3264 2373 3418 2412 suam

1834 2453 2075 2523 seipsum
2123 2452 2397 2523 intelligit,
2426 2454 2564 2506 utin
2609 2452 2768 2507 tertio
2799 2452 2964 2506 etiam
3006 2450 3227 2506 Psalmo
3291 2450 3427 2505 dixi-

1833 2560 1979 2611 mus,
2017 2546 2128 2600 ibi:
2158 2544 2316 2600 Mulli
2344 2545 2527 2599 dicunt
2556 2545 2749 2599 anima:
2783 2560 2933 2598 meae.

1912 2636 2077 2693 Vens.
2105 2639 2158 2692 5.
2202 2636 2468 2703 Quoniam
2499 2652 2614 2690 ecce
2640 2647 2935 2706 peccatores
2960 2634 3301 2690 intenderunt
3335 2653 3423 2689 ar-

1834 2748 1975 2796 cum,
2011 2742 2330 2799 paraverunt
2364 2734 2587 2803 sagittas
2617 2749 2747 2787 suas
2794 2733 2849 2786 in
2877 2732 3149 2801 pharetra.
3190 2732 3297 2788 Per
3337 2734 3423 2787 in-

1836 2831 2046 2877 tentum
2074 2837 2288 2887 arcmn,
2320 2831 2373 2875 et
2399 2836 2494 2892 per
2522 2821 2752 2891 sagittas
2776 2830 3109 2892 praeparatas
3131 2836 3251 2891 qua:
3273 2834 3427 2877 erant

1836 2915 1891 2970 in
1926 2915 2180 2985 pharetra
2217 2956 2232 2978 ,
2288 2924 2461 2967 totum
2509 2914 2635 2969 belli
2690 2924 3020 2983 apparatum
3072 2915 3422 2985 signiﬁcavit.

1834 3005 1932 3062 Vel
1963 3006 2206 3077 quia'his
2237 3006 2358 3062 telis
2388 3014 2580 3061 contra
2603 3004 2875 3077 fugientes
2924 3008 3242 3062 utebantur.
3297 3006 3422 3061 Haec

1836 3105 2017 3152 autem
2047 3097 2211 3152 verba
2243 3097 2646 3167 ﬁduciieipsius
2666 3097 2833 3153 David
2861 3114 3080 3153 causam
3108 3100 3422 3155 ostenduu'.

193 3188 307 3257 ῥηκα
331 3190 448 3259 γὰρ,
496 3190 691 3260 φησὶν,
716 3191 800 3243 ὅτι
829 3189 1131 3258 πολεμοῦσί
1166 3206 1256 3259 μοι
1306 3189 1356 3241 οἱ
1389 3187 1727 3260 ἁμαρτωλοί.

1845 3190 1951 3246 Hac
1980 3191 2150 3255 enim,
2175 3193 2377 3261 inquit,
2418 3191 2485 3245 de
2516 3205 2686 3246 causa
2716 3206 2818 3261 ego
2857 3192 3098 3258 conlido,
3138 3193 3263 3262 quia
3296 3208 3423 3262 pec-

192 3282 278 3334 Καὶ
302 3282 399 3350 γὰρ
430 3283 839 3355 ἁμαρτάνουσι,
872 3281 1307 3343 καταδιώκοντες
1337 3282 1430 3336 τὸν
1464 3280 1728 3349 ἀναίτιον,

193 3375 265 3425 tu".
289 3376 630 3445 ἀμειϐόμενοι
667 3375 886 3446 θανάτῳ
912 3375 1005 3428 τὸν
1037 3376 1335 3444 γενόμενον
1380 3374 1568 3438 αὐτοῖς
1625 3389 1733 3429 σω·

192 3467 568 3537 τηρία,αῐτιον,
615 3468 678 3521 ἑν
711 3467 794 3538 τῷ
837 3467 1048 3521 ἀνελεῖν
1104 3484 1166 3519 τε
1230 3466 1448 3531 ratae,
1503 3468 1597 3520 καὶ
1653 3465 1736 3537 τῷ

194 3560 476 3626 εαταδιῶξαι
506 3562 572 3615 τὸ
599 3561 911 3629 ἀποπνίγον
943 3561 1037 3615 τὸν
1066 3561 1241 3616 Σαοὺλ
1266 3561 1564 3630 δαιμόνιον.

249 3747 344 3800 Τοῦ
379 3745 819 3811 κατατοξεῦσαι
847 3746 919 3800 ἐν
957 3746 1311 3816 σκοτομήνῃ
1340 3744 1484 3811 τοὺς
1542 3743 1739 3810 suasit;

192 3834 247 3904 τῇ
271 3837 487 3905 καρδία.
537 3836 1089 3909 Παρεσκευάσθησαν
1126 3835 1209 3901 δὲ,
1245 3834 1390 3887 ὥστε
1426 3831 1738 3889 θανατῶσαι

196 3928 331 3994 ἡμᾶς,
360 3929 480 3991 τοὺς
507 3929 848 4000 ἀπονήρους,
906 3929 1002 3982 καὶ
1048 3926 1215 3997 μηδὲν
1265 3926 1323 3979 tv
1380 3923 1577 3994 καρδίᾳ
1615 3938 1740 3975 σκο-

192 4015 283 4070 λιὸν
298 4017 528 4088 ἔχοντας.
549 4018 976 4083 Κατατοξεῦσαι
1002 4018 1082 4085 δὲ,
1109 4016 1383 4086 λαθραίως
1435 4014 1496 4079 ἐξ
1527 4012 1741 4069 ἐπιδουο

193 4104 269 4176 λῆς
293 4125 306 4138 ·
334 4110 486 4165 τοῦτο
512 4112 628 4182 γὰρ
652 4113 684 4180 ἡ
720 4111 1033 4181 exemptam
1062 4106 1157 4162 νῦν
1185 4107 1466 4178 σημαίνει.
1493 4105 1604 4159 Καὶ
1630 4103 1739 4176 γὰρ

190 4197 232 4249 oi
256 4201 306 4251 ὲν
341 4200 587 4273 ἀσελήνῳ
646 4200 804 4256 νυκτὶ
862 4200 1206 4271 βαλλόμενοι,
1258 4199 1390 4261 τοὺς
1446 4196 1741 4266 βάλλοντας

190 4290 269 4360 οὐχ
295 4293 503 4362 ὁρῶσιν.
548 4295 626 4363 Ἠ
656 4295 751 4348 καὶ
773 4293 850 4359 ὡς
881 4295 942 4349 ιν
972 4294 1313 4365 σκοτομήνῃ,
1346 4292 1469 4359 κατ’
1499 4289 1743 4361 ἔλλειψιν

195 4383 263 4437 τοῦ
288 4378 686 4459 ἑπιρῥήματός.
720 4388 809 4459 Τῷ
836 4389 1017 4460 φθόνῳ
1048 4389 1159 4460 γὰρ
1195 4385 1599 4450 σκοτισθέντες,
1641 4385 1742 4456 οὐχ

191 4476 331 4543 δρῶσι
355 4480 473 4534 τίνα
494 4481 745 4546 τοξεύειν
785 4482 1072 4551 ἐπείγουσι
1106 4498 1122 4514 ο
1157 4482 1252 4537 τὸν
1288 4481 1593 4554 εὐεργέτην
1628 4481 1741 4554 γὰρ

1836 3291 2057 3339 calores
2086 3291 2216 3338 sunt
2250 3283 2343 3352 qui
2374 3291 2620 3353 pugnant
2681 3283 2974 3338 adversum
3027 3300 3133 3341 me.
3192 3283 3428 3339 Peccant

1836 3376 2037 3431 etenim
2066 3374 2198 3430 dum
2228 3383 2437 3430 temere
2464 3390 2550 3429 me
2592 3375 2968 3445 insequuntur
2989 3416 3004 3441 ,
3048 3385 3101 3431 et
3136 3387 3310 3431 morte
3344 3396 3431 3430 nm

1837 3466 2051 3523 allicere
2077 3467 2287 3531 volunt,
2320 3468 2413 3537 qni
2438 3468 2485 3521 ci
2522 3466 2721 3522 salutis
2749 3481 2922 3521 causa
2966 3467 3065 3531 fui,
3096 3470 3315 3537 quando
3334 3486 3428 3521 uc-

1838 3562 1945 3617 cidi
1973 3560 2193 3617 Goliath
2222 3601 2238 3627 ,
2271 3571 2326 3615 et
2370 3561 2593 3632 quando
2623 3575 2653 3615 a
2696 3559 2863 3615 Saule
2896 3559 3257 3615 suﬂ'ocantem
3290 3560 3425 3630 ejcci

1839 3655 2167 3709 daemonem.

1919 3744 1987 3800 Ut
2027 3748 2276 3816 sagimut
2307 3746 2361 3799 in
2388 3744 2612 3800 obscuro
2668 3753 2838 3800 rectos
2901 3744 3077 3799 corde.
3127 3743 3424 3814 Prmparati

1841 3847 2010 3902 sunt,
2044 3847 2104 3893 ut
2131 3854 2233 3894 nos
2260 3839 2507 3894 insontes
2550 3838 2779 3910 perdant
2809 3878 2823 3902 ,
2859 3838 2951 3907 qui
3005 3838 3061 3892 in
3102 3836 3268 3892 corde
3294 3837 3427 3890 nihil

1842 3949 1951 3988 non
1980 3942 2194 3987 rectum
2230 3933 2495 4003 gerimus.
2538 3930 2609 3987 Ut
2641 3933 2901 4003 sagittent
2932 3947 3060 3987 vero
3083 3947 3149 3987 ex
3184 3932 3428 3994 insidiis,

1841 4024 1987 4096 quod
2020 4024 2210 4080 Graeca
2238 4024 2467 4091 ditione,
2498 4024 2817 4095 σκοτομήνη
2881 4024 3283 4095 signiﬁcantius
3320 4040 3431 4078 ex-

1842 4117 2104 4189 primitur
2131 4114 2293 4190 [qute
2321 4126 2539 4172 noctem
2574 4116 2847 4187 significat
2894 4116 3113 4187 quando
3147 4117 3278 4171 lnna
3330 4118 3430 4171 ob-

1844 4219 2064 4267 scurata
2094 4221 2199 4278 est,
2231 4220 2283 4266 et
2317 4225 2481 4281 quam
2511 4209 2705 4265 Latine
2737 4210 2901 4265 unico
2932 4210 3199 4266 vocabulo
3249 4211 3433 4265 dicere

1844 4314 2135 4373 possumus
2164 4299 2665 4373 obscurilunium].
2694 4299 2829 4357 Nam
2866 4302 2909 4356 si
2937 4300 3063 4371 quis
3098 4316 3164 4357 eo
3187 4310 3432 4370 tempore

1844 4408 2148 4465 percussus
2172 4390 2359 4458 fuerit,
2402 4390 2685 4449 inimicum
2722 4396 2907 4450 videre
2940 4411 3047 4450 non
3087 4396 3306 4465 poterit.
3336 4394 3433 4450 Vel

1845 4486 2028 4553 aliter,
2087 4486 2436 4557 subintellige
2474 4486 2562 4541 hic
2611 4486 2934 4542 adverbium
2993 4488 3173 4558 quasi,
3253 4496 3311 4540 ut
3360 4487 3434 4543 sit

191 4568 265 4620 αἱ
292 4570 435 4639 φίλον
459 4573 673 4631 αὐτῶν.

1851 4591 2077 4644 sensus,
2138 4577 2286 4648 quod
2310 4578 2520 4634 inimici
2541 4594 2755 4635 summa
2782 4579 3005 4643 invidia,
3034 4579 3194 4649 quasi
3230 4579 3437 4633 ohscn-

193 4662 361 4719 rilunio
382 4667 624 4736 quodam
657 4666 1021 4733 obtenebrati.
1072 4684 1183 4725 non
1219 4676 1584 4739 cognoscunt,
1624 4682 1727 4725 nec
1767 4667 1980 4734 vident,
2011 4670 2267 4741 quisnam
2297 4669 2346 4726 is
2401 4670 2476 4726 sit
2501 4685 2664 4742 quem
2729 4670 2989 4742 sagittare
3056 4673 3435 4738 contendunt,

192 4759 411 4829 quodque
447 4762 723 4821 adversus
768 4762 1006 4821 amicum
1052 4773 1104 4818 ct
1149 4764 1554 4820 benefacturum
1598 4762 1846 4835 dirigunt
1878 4763 2008 4818 tela.

248 4854 361 4907 Ὀτι
388 4854 425 4908 d
452 4855 535 4909 σὺ
559 4856 904 4925 κατηρτίσω
929 4853 1105 4910 αὐτοὶ
1129 4855 1431 4911 καθεῖλον.
1468 4856 1581 4911 Καὶ
1613 4854 1734 4910 τοῦ-

1924 4855 2153 4912 νωλ.
2186 4857 2455 4923 Quoniam
2480 4873 2597 4929 quw
2612 4856 2882 4926 ρει-[θείειὲ
2895 4855 3286 4912 destruxeram.
3311 4854 3439 4912 ﬂare

195 4958 238 4993 το
266 4943 352 5009 τῆς
384 4945 770 5017 πεποιθήσεως
803 4946 978 5000 αἰτία.
1015 4945 1351 5019 Τεθάρῤηκα
1386 4947 1495 5018 γὰρ
1523 4947 1628 5013 ἔτι,
1657 4949 1734 5002 ὅτι

1851 4959 1935 5006 est
1988 4951 2156 5006 etiam
2208 4951 2313 5005 alia
2370 4949 2584 5006 fiducia:
2614 4966 2803 5005 causa.
2845 4949 3097 5013 Conﬁdo,
3140 4946 3336 5017 inquit.
3374 4962 3436 4999 ea

194 5031 238 5082 ὃν
291 5037 349 5086 σὺ
388 5036 619 5108 ἔχρισας
656 5038 738 5100 ei;
782 5037 1033 5109 βασιλέα.
1084 5038 1337 5093 καθεῖλον
1374 5041 1424 5093 οἱ
1464 5039 1609 5110 ἀμφὶ
1653 5040 1734 5093 τὸν

1856 5042 2023 5098 etiam
2072 5042 2141 5098 de
2199 5057 2392 5107 causa,
2440 5043 2700 5112 quoniam
2752 5043 2828 5097 ἰλΙί
2873 5057 2998 5097 ettm
3046 5043 3439 5095 dcstruxerunt

194 5124 355 5181 Σαούλ.
396 5131 751 5198 Κατηρτισω,
803 5131 935 5201 γὰρ,
974 5130 1148 5199 λέγει,
1196 5131 1260 5185 τὸ
1309 5130 1425 5203 (50)
1477 5132 1716 5196 ποιήσω

1858 5152 2020 5207 quem
2055 5147 2110 5191 tu
2147 5138 2200 5192 in
2239 5135 2440 5209 Regem
2476 5139 2704 5193 unxisti.
2744 5135 3010 5207 Perﬁcere
3042 5151 3172 5191 vero
3212 5135 3299 5189 hic
3338 5150 3435 5203 po-

194 5221 440 5274 καθελεῐν
466 5223 546 5286 δὲ,
570 5221 632 5274 τὸ
654 5221 1036 5289 καταϐαλεῖν,
1064 5222 1127 5276 ἔκ
1154 5224 1469 5294 μεταφορᾶς
1488 5222 1598 5276 τῶν
1623 5223 1734 5279 ἀνα⁴

1860 5228 1973 5283 suit
2020 5244 2121 5297 pro
2166 5228 2363 5298 facere,
2420 5239 2475 5284 et
2519 5238 2790 5283 destruere
2829 5244 2928 5300 pro
2967 5229 3189 5297 dejicere
3216 5241 3235 5279 :
3292 5226 3438 5296 quod

194 5316 521 5386 τρεπομένων
556 5317 1039 5389 οἰκοδομημάτων.
1066 5314 1243 5372 Τοῦτο
1268 5317 1327 5371 δὲ
1356 5317 1732 5388 τολμήσαντες

1863 5319 2238 5387 metaphorice
2261 5327 2501 5373 tractum
2531 5327 2615 5375 est
2648 5319 2716 5373 ab
2743 5318 3014 5383 azdiiiciis,
3037 5332 3158 5386 quae
3179 5324 3439 5370 evertun-

193 5408 352 5475 ἔχουσί
382 5410 747 5481 σεπολέμιον,
807 5410 866 5463 ὃν
910 5411 1008 5481 οὐχ
1066 5410 1487 5481 ὑποστήσονται.
1536 5409 1608 5463 Ἢ
1657 5409 1734 5462 κα¹

1857 5419 1969 5466 tur.
2017 5411 2267 5483 Cumque
2310 5412 2444 5467 talia
2476 5410 2734 5473 audeant,
2772 5421 2825 5466 te
2864 5410 3146 5465 inimicum
3193 5409 3437 5469 habent;

191 5500 257 5553 ὅτι
278 5500 364 5567 οὓς
396 5504 523 5557 ἔθου
555 5503 774 5573 νόμους,
812 5505 1215 5574 ἀνατρέπουσιν
1247 5518 1263 5535 ·
1324 5502 1579 5556 emam
1640 5504 1734 5575 γὰε

1859 5521 2022 5575 quem
2086 5514 2270 5561 tamen
2338 5521 2445 5561 non
2501 5505 2883 5568 sustinebunt,
2950 5501 3080 5572 quia
3152 5502 3296 5572 leges
3345 5515 3440 5555 cas

197 5596 375 5662 μηδένα
402 5597 635 5662 ἀδικεῖν,
673 5597 881 5667 μηδένα
906 5597 1255 5650 ἀποκτείνειν
1278 5596 1462 5651 ἀθῶον

1861 5606 2179 5653 everterunt
2212 5614 2351 5669 quas
2387 5608 2444 5653 tu
2480 5598 2739 5669 posuisti.
2770 5595 3039 5652 Mandasti
3073 5597 3218 5651 enim
3270 5594 3443 5650 nemi-

198 5701 303 5740 nent
335 5690 537 5759 injuria
562 5705 686 5746 esse
725 5688 1071 5749 aﬂiciendum
1108 5706 1125 5744 :
1157 5688 1436 5746 mandasti
1469 5688 1636 5745 etiam
1667 5685 1993 5746 innocentes
2024 5691 2203 5747 occidi
2243 5706 2350 5748 non
2381 5692 2583 5747 debere
2615 5689 2634 5763 [
2700 5704 2822 5762 qua:
2865 5698 3139 5763 praecepta
3213 5688 3282 5745 ab
3362 5688 3443 5744 eis

198 5797 402 5850 prorsus
424 5784 820 5857 negliguntur].

1496 5881 1714 5947 'Varite
1741 5882 2047 5945 lectiones

259 5979 360 6051 (5(1)
396 5999 489 6051 γρ.
534 5982 797 6053 ἐποιήσω.
