3956 6566
479 385 589 456 167

551 498 745 554 Justus
765 500 942 549 autem
973 490 1096 562 quid
1133 487 1255 558 fecit
1287 486 1312 539 ?
1345 482 1490 551 Quid
1539 480 1689 548 fecit,
1731 480 1930 549 inquit,
1959 477 2045 546 ju-
2082 479 2123 533 A

478 599 628 653 stus,
663 598 724 642 ut
755 580 1074 655 huiusmodi
1116 577 1558 649 persecutionem
1591 571 1867 628 sustinere
1899 571 2060 625 debe-

483 691 568 739 ret
594 682 617 734 ?
642 679 785 749 quod
822 677 889 731 de
915 674 1100 743 seipso
1145 669 1425 739 PrOpheta
1464 666 1620 731 dicit,
1653 663 1820 719 veluti
1848 661 1939 734 qui
1970 662 2056 715 in-

479 775 626 846 juria
671 785 767 825 eos
805 768 1028 822 minime
1068 762 1334 826 aﬂeccrit,
1371 760 1463 831 qui
1498 759 1603 814 sibi
1660 758 1796 813 adeo
1839 754 2057 810 fuerant

481 863 714 922 inimici.
752 859 846 916 Vel
879 861 943 916 de
967 873 1206 928 superna
1230 856 1324 911 Dei
1352 854 1604 911 custodia
1628 860 1681 907 et
1713 851 2056 922 protectione

480 955 635 1025 loqui
674 953 930 1016 intendit,
971 950 1163 1005 dicens
1197 966 1210 1002 :
1256 949 1398 1002 Deus
1429 946 1522 1016 qui
1570 945 1791 1017 proprie
1835 957 1898 998 ac
1927 957 2056 998 vere

475 1045 662 1117 justus
686 1041 911 1105 dicitur,
939 1039 1034 1109 qui
1059 1052 1278 1092 omnem
1309 1050 1526 1105 semper
1565 1034 1681 1088 odit
1704 1031 2055 1103 injustitiam,

1713 356 2106 432 EUTIIY-Mll
2149 362 2512 428 ZIGABENI
2585 330 2588 333 ’

3645 356 3746 422 268

2233 475 2296 530 Ὀ
2327 473 2396 527 δὲ
2425 471 2662 538 δικαίας
2694 471 2752 524 τί
2771 470 3029 537 ἐποίησε
3061 486 3080 536 ;
3107 469 3173 525 Τί
3200 470 3258 526 δὲ
3290 469 3550 525 ἔπταισεν
3582 474 3611 524 ὀ
3664 471 3749 524 δίο

2158 585 2336 632 καιος,
2365 567 2454 642 ἵνα
2481 565 2656 630 οὕτως
2705 564 2971 634 διώκηται
2998 582 3014 632 ;
3043 564 3183 636 Περὶ
3237 566 3433 619 ἑαυτοῦ
3488 565 3547 619 δὲ
3591 565 3752 620 τοῦτό

2160 675 2348 730 φησιν,
2373 657 2450 722 ὡς
2483 657 2583 711 οὐκ
2601 655 2960 726 ἀδικήσαντος
2991 655 3118 720 τοὺς
3144 654 3490 719 ἀδικοῦντας.
3521 656 3597 710 Ἥ
3622 658 3749 724 περὶ

2158 752 2258 820 τῆς
2307 749 2515 806 ἀνωθεν
2564 749 2878 819 ἐπισκοπῆς
2935 747 3190 819 βούλεται
3243 747 3526 804 διδάσκειν
3554 763 3570 780 °
3617 749 3649 802 ὀ
3695 749 3749 801 δὲ

2164 844 2320 907 Θεὸς,
2346 845 2373 897 ὀ
2398 842 2603 912 κυρίως
2629 842 2858 905 δίκαιος,
2888 840 2917 892 ὀ
2961 841 3140 912 μισῶν
3171 842 3270 911 τὴν
3305 841 3547 906 ἀδικίαν,
3582 843 3613 895 ὀ
3651 840 3752 910 μό-

2165 956 2253 1002 νος
2287 937 2489 1006 κρίνων
2509 937 2706 1007 ὀρθῶς,
2728 936 2936 990 τούτων
2965 935 3108 989 οὕτω
3134 934 3457 1005 γινομένων,
3484 934 3539 988 τί
3557 934 3754 1005 ὲποίηο

2167 1047 2296 1096 σεν;
2330 1025 2442 1100 ἆρα
2481 1029 2777 1101 παρεῖδεν;
2811 1029 2889 1082 Οὐ
2922 1027 3022 1098 μὲν
3051 1023 3168 1081 οὖν.

479 1138 572 1210 qui
597 1137 748 1193 solus
779 1133 1171 1204 rectejudicat,
1203 1131 1335 1202 quid
1385 1130 1516 1185 fecit
1543 1131 1565 1184 ’ἰ
1594 1136 1718 1198 post
1764 1135 1916 1182 tanta
1956 1125 2216 1181 nimirum
2242 1125 2451 1183 seelera
2480 1139 2602 1196 quae
2661 1123 2732 1179 ab
2795 1121 2903 1178 illis
2955 1130 3170 1193 patrata
3229 1122 3418 1179 sunt?
3487 1121 3754 1193 numquid

480 1230 735 1286 fortassis
763 1229 1029 1299 despiciet
1069 1236 1163 1280 aut
1185 1240 1296 1280 non
1333 1224 1588 1280 videbit?
1624 1222 1867 1280 Minime.

551 1325 718 1380 Vens.
743 1325 798 1379 5.
830 1323 1086 1377 Dominus
1117 1322 1172 1374 in
1213 1320 1404 1388 templo
1441 1327 1627 1374 sancto
1683 1316 1804 1380 suo.
1860 1317 2048 1372 Domi-

478 1434 577 1472 nus
605 1418 660 1472 in
701 1415 828 1470 caelo
853 1415 999 1469 sedes
1039 1415 1180 1484 ejus.
1237 1412 1352 1475 Est,
1413 1409 1632 1480 inquit,
1675 1409 1942 1464 Dominus
1994 1409 2049 1462 in

479 1508 683 1577 templo
717 1503 1062 1570 Jerusalem;
1099 1511 1184 1558 est
1225 1503 1390 1557 etiam
1451 1499 1719 1556 Dominus
1765 1500 1964 1554 sedens
1996 1498 2052 1553 in

482 1599 646 1654 caelo.
681 1598 848 1664 Quasi
881 1597 1068 1653 dicat:
1107 1593 1321 1664 Ubique
1366 1592 1520 1650 adest
1556 1591 1722 1658 Deus,
1756 1598 1811 1645 et
1861 1605 2053 1646 omnes

484 1689 870 1760 prospicitqui
907 1686 1110 1758 injuria
1143 1684 1496 1740 adiciuntur:
1529 1682 1676 1753 quod
1707 1698 1775 1738 ex
1817 1697 2057 1753 sequen-

483 1783 633 1838 tibus
662 1782 835 1852 magis
867 1781 1031 1836 etiam
1064 1779 1310 1834 declarat
1341 1776 1554 1832 dicens:

556 1875 712 1930 Oculi
764 1874 875 1943 ejus
931 1874 985 1926 in
1041 1888 1321 1941 pauperem
1384 1873 1734 1940 prospiciunt,
1791 1873 2058 1944 palpebra:
2089 1909 2134 1969 Β

482 1967 597 2037 ejus
619 1967 898 2036 exquirunt
926 1964 1073 2034 [ilius
1105 1963 1397 2017 hominum.
1431 1963 1550 2018 Non
1592 1964 1733 2020 dixit
1761 1967 2058 2036 Aspiciunt,

485 2060 581 2116 sed
612 2059 977 2124 Prospiciunt,
1032 2059 1434 2128 protectioncm
1482 2059 1633 2113 illam
1695 2061 1953 2116 nimirum
1986 2062 2062 2116 si-

485 2151 771 2223 gniﬁcans,
823 2165 986 2220 quam
1040 2166 1104 2204 ex
1162 2151 1272 2204 alto
1324 2151 1508 2207 habet.
1544 2151 1704 2208 Oculi
1753 2160 1935 2208 autem
1963 2152 2060 2210 Dei

486 2243 820 2313 intelligendi
853 2250 1004 2307 sunt,
1029 2243 1304 2312 exquisita
1336 2243 1426 2297 illa
1461 2244 1698 2300 scientia
1726 2252 1781 2300 et
1815 2246 2061 2316 cognitio

484 2349 668 2390 rerum
694 2332 939 2388 omnium
985 2348 1106 2402 qua:
1139 2336 1276 2386 liunt
1312 2351 1325 2388 :
1382 2334 1654 2404 palpebra:
1702 2350 1832 2390 vero
1867 2336 2058 2406 hujus.

485 2425 606 2496 ejus
639 2427 973 2496 cognitionis
1003 2423 1274 2482 velamen.
1315 2426 1594 2496 Palpebrae
1620 2428 1890 2500 siquidem
1941 2438 2063 2500 teg-

487 2519 630 2574 mina
651 2520 936 2575 oculorum
994 2529 1146 2573 sunt.
1173 2521 1279 2575 Per
1313 2521 1608 2589 palpebras
1650 2523 1820 2592 igitur
1852 2522 2064 2593 signiﬁ-

485 2625 613 2666 care
668 2611 859 2675 voluit,
913 2613 1060 2680 quod
1112 2612 1156 2666 si
1212 2612 1433 2681 quando
1479 2613 1696 2670 videtur
1752 2613 1894 2669 Deus
1953 2628 2062 2669 non

489 2703 762 2772 aspicere,
792 2702 888 2757 sed
915 2704 968 2757 in
1021 2704 1366 2760 absconditis
1401 2707 1570 2759 animi
1613 2721 1675 2761 ac
1707 2707 1908 2762 mentis
1947 2721 2064 2761 mo-

485 2797 621 2862 rari,
667 2803 798 2850 tunc
861 2807 1040 2850 tamen
1098 2796 1272 2852 nihilo
1328 2799 1511 2853 minus
1563 2798 1709 2854 videt
1748 2815 1764 2853 :
1803 2800 1886 2852 vel
1916 2799 2066 2869 quod

489 2887 675 2944 omnia
731 2891 1018 2958 prospicit,
1078 2891 1245 2945 veluti
1299 2894 1528 2962 quinon
1587 2892 1765 2949 oculis
1823 2901 2063 2959 tantum,

488 2981 587 3036 sed
617 2981 754 3050 ipsis
805 2983 970 3036 etiam
1036 2983 1314 3052 palpebris
1362 2985 1664 3050 intueatur,
1704 2996 1759 3040 et
1806 3001 1870 3040 ex
1913 2987 2064 3040 omni

486 3081 642 3141 parte
671 3073 852 3126 omnia
885 3083 1202 3144 cognoscat.
1242 3073 1544 3148 Exquirere
1581 3078 1749 3132 etiam
1799 3077 1943 3132 idem
1971 3087 2058 3135 est

486 3163 632 3234 quod
659 3180 1010 3235 cognoscere.
1042 3165 1213 3220 Filios
1257 3178 1441 3224 autem
1493 3169 1782 3225 hominum
1842 3185 1942 3240 pro
1966 3172 2066 3226 ho-

2227 1310 2445 1378 Κύριος
2474 1307 2546 1361 ἐν
2583 1303 2708 1371 ναῷ
2734 1303 2880 1374 ἁγίῳ
2912 1301 3124 1366 αὐτοῦ,
3157 1303 3376 1371 Κύριος
3409 1301 3480 1355 ἐν
3515 1301 3756 1371 οὐρανῷ

2159 1407 2194 1460 ό
2222 1407 2436 1474 θρόνος
2465 1398 2676 1460 αὐτοῦ.
2718 1399 2807 1452 Ἐν
2838 1397 2914 1467 τῷ
2939 1397 3083 1451 κατά
3108 1396 3210 1468 τὴν
3245 1396 3613 1468 Ἰερουσαλὴμ
3641 1395 3756 1464 ναῷ

2163 1498 2302 1561 ἐστι,
2331 1497 2427 1550 καὶ
2452 1494 2529 1564 τῷ
2561 1490 2778 1562 οὐρανῷ
2807 1489 3066 1560 κάθηται,
3097 1487 3401 1554 τουτέστιν,
3430 1484 3754 1556 ἁπανταχοῦ

2164 1587 2419 1658 πάρεστι,
2453 1585 2690 1646 καὶτοὺς
2730 1581 3120 1652 ἀδικουμένους
3159 1581 3282 1651 ὁρᾷ.
3319 1580 3491 1634 Τοῦτο
3524 1580 3636 1650 γὰρ
3665 1578 3756 1634 διὰ

2163 1680 2276 1734 τῶν
2303 1675 2429 1748 ἑξῆς
2461 1676 2746 1746 ἐπήγαγεν
2774 1690 2791 1707 ο

2244 1860 2308 1912 Ol
2342 1855 2637 1928 ὀφθαλμοί
2689 1855 2876 1910 αὑτοῦ
2933 1855 3022 1922 είς
3066 1854 3173 1909 τὸν
3230 1852 3464 1923 πένητα
3512 1852 3756 1908 ἐπιϐλέ-

2162 1967 2350 2008 πουσι
2373 1969 2385 1981 ’
2437 1951 2512 2005 τὰ
2553 1948 2839 2020 βλέφαρα
2893 1949 3082 2004 αὑτοῦ
3113 1947 3368 2013 ἐξετάζει
3406 1947 3547 2014 τούς
3581 1948 3756 2013 υίοὺς

2162 2046 2281 2100 τῶν
2309 2042 2660 2110 ἀνθρώπων.
2695 2043 2810 2095 Οὐκ
2851 2037 2974 2095 εἷπε
3005 2041 3332 2102 Βλέπουσιν,
3366 2038 3483 2093 ἀλλ’
3512 2039 3754 2094 ἐπιϐλέ-

2162 2153 2376 2202 πουσι,
2407 2137 2507 2206 τὴν
2538 2135 2598 2200 ἐξ
2645 2133 2816 2205 ὕψους
2855 2132 3032 2203 δηλῶν
3079 2132 3407 2202 ὲπισκοπήν.
3450 2131 3756 2201 Ὀφθαλμοὶ

2162 2229 2219 2282 δὲ
2243 2228 2403 2292 Θεοῦ,
2432 2229 2464 2298 ή
2496 2227 2734 2298 ἀκριϐὴς
2762 2224 2965 2293 γνῶσις
2991 2223 3101 2277 τῶν
3131 2223 3436 2292 γινομένων
3459 2239 3472 2254 ο
3499 2222 3756 2292 βλέφαρα

2161 2322 2241 2388 δὲ,
2300 2324 2334 2392 ἠ
2383 2320 2557 2392 ὲποχὴ
2603 2321 2703 2391 τῆς
2754 2319 3011 2388 τοιαύτης
3057 2320 3350 2386 γνώσεως·
3379 2317 3453 2372 τὰ
3507 2316 3757 2388 βλέφαρα

2163 2417 2296 2486 γὰρ,
2324 2413 2642 2484 καλύπτραι
2664 2411 2772 2465 τῶν
2800 2411 3118 2482 ὀφθαλμῶν.
3150 2411 3249 2464 Διὰ
3277 2410 3462 2480 μέντοι
3489 2412 3599 2463 τῶν
3629 2410 3756 2480 βλε-

2165 2509 2357 2577 φάρων
2391 2505 2764 2577 παρέστησεν,
2801 2503 2877 2568 ὡς
2907 2503 3004 2557 καὶ
3031 2504 3120 2556 ὅτε
3143 2504 3293 2558 δοκεί
3342 2504 3417 2575 μὴ
3450 2505 3606 2575 ὀρᾷν,
3643 2497 3756 2557 οἷον

2164 2603 2223 2656 ὲν
2251 2605 2365 2666 τοῖς
2395 2598 2742 2672 ἀποκρύφοις
2768 2597 2869 2668 τῆς
2907 2596 3110 2668 ψυχῆς,
3150 2596 3250 2649 οὐκ
3282 2596 3505 2650 ἔλαττον
3534 2597 3662 2666 ὁρᾷ.
3687 2597 3756 2648 Ἦ

2165 2696 2259 2751 καὶ
2302 2695 2363 2748 τὸ
2413 2694 2754 2764 παντέφορον
2804 2689 2973 2745 αὑτοῦ
3033 2690 3311 2744 δείκνυσιν
3362 2689 3640 2754 ἐντεῦθεν,
3693 2690 3755 2742 οὐ

2171 2787 2331 2858 μόνον
2363 2785 2688 2857 ὀφθαλμοῖς,
2739 2784 2878 2838 ἀλλὰ
2910 2785 3001 2836 καὶ
3031 2781 3326 2852 βλεφάροις
3371 2781 3630 2852 ὁρῶντος,
3663 2781 3759 2834 καὶ⁵

2166 2882 2508 2952 πανταχόθεν
2563 2882 2744 2935 πάντα
2779 2876 3165 2948 γινώσκοντος.
3212 2876 3522 2943 Ἐξετάςειν
3569 2875 3653 2938 δὲ,
3698 2876 3760 2927 τὸ

2166 2973 2572 3043 διαγινώσκειν.
2610 2972 2772 3035 Υίοὺς
2802 2970 2857 3024 δὲ
2898 2968 3224 3040 ἀνθρώπων,
3253 2968 3463 3030 πάντας
3507 2966 3637 3029 τοὺς
3669 2966 3761 3017 ἀν-

2169 3066 2445 3138 θρώπους.
2481 3065 2696 3129 Ἀπλῶς
2726 3064 2903 3127 διττὸς
2944 3066 3041 3117 καὶ
3082 3065 3111 3118 ὀ
3157 3061 3349 3132 πένης,
3391 3059 3538 3114 κατά
3570 3075 3631 3112 τε
3661 3058 3760 3129 τὴν

2171 3161 2228 3213 έν
2246 3161 2497 3232 χρήμασι
2527 3158 2876 3231 περιουσίαν,
2894 3157 2989 3211 καὶ
3005 3157 3104 3226 τὴν
3125 3157 3186 3210 ὲν
3213 3157 3463 3226 ἀρεταῖς.
3499 3153 3681 3221 Σαφὲς
3703 3153 3759 3205 δὲ

488 3251 728 3314 minibus
762 3257 1088 3328 simpliciter
1115 3259 1320 3331 posuit.
1354 3259 1573 3332 Pauper
1613 3276 1744 3318 vero
1774 3261 2063 3331 dupliciter

2179 3254 2367 3318 οὕτως’
2405 3254 2510 3308 Τὸν
2539 3253 2639 3324 μὲν
2665 3247 2759 3306 οὖν
2789 3251 2935 3306 κατά
2971 3250 3068 3322 τὴν
3094 3251 3152 3303 ὲν
3174 3249 3420 3320 χρήμασι
3440 3246 3760 3319 περιουσίαν

489 3349 711 3416 dicitur,
761 3351 1078 3420 patrimonii
1123 3353 1337 3410 scilicet
1368 3355 1744 3424 possessione,
1792 3361 1849 3410 et
1897 3357 2069 3410 virtu-

489 3449 625 3494 tum.
657 3440 856 3494 Verum
907 3441 1040 3496 illud
1095 3443 1447 3500 mnifestum
1481 3453 1566 3500 ρει
1618 3444 1768 3518 quod
1817 3445 2068 3516 pecuniis

488 3547 806 3602 pauperem,
866 3534 959 3603 qui
993 3534 1196 3594 virtute
1217 3537 1375 3594 dives
1409 3539 1506 3609 sit.
1565 3538 1826 3606 respiciat
1877 3539 2063 3594 Domi-

492 3637 638 3678 nus:
681 3625 939 3696 quodque
986 3638 1204 3692 contra,
1232 3631 1532 3686 virtutibus
1585 3645 1881 3700 pauperem
1931 3631 2067 3688 abo-

479 3713 759 3780 tninatur,
793 3732 1126 3791 quamquam
1173 3720 1426 3790 pecuniis
1474 3721 1548 3778 sit
1589 3721 1766 3778 dives.
1819 3723 2069 3776 Primum

2175 3349 2385 3417 πένητα
2417 3346 2727 3410 ὲπιὸλέπει,
2758 3341 3097 3398 πλουτοῦντα
3128 3340 3228 3412 τὴν
3277 3341 3502 3411 ἀρετήν·
3553 3339 3649 3392 τὸν
3703 3339 3763 3392 ὀὶ

2177 3440 2323 3496 κατά
2351 3439 2450 3511 τὴν
2480 3441 2538 3492 ὲν
2569 3439 2794 3509 ἀρεταῖς
2820 3435 3252 3507 ἀποστρέφεται,
3305 3431 3645 3485 πλουτοῦντα
3703 3431 3760 3483 ὲν

2172 3537 2446 3608 χρήμασι·
2477 3532 2581 3586 Τδν
2610 3532 2711 3604 μὲν
2738 3531 2832 3586 οὖν
2866 3531 3086 3602 πρῶτον
3117 3528 3244 3600 ὁρᾷ,
3294 3525 3632 3582 πλουτοῦντα
3680 3517 3763 3587 οἷς

2192 3631 2221 3683 ὀ
2261 3627 2518 3699 δεύτερος
2549 3626 2774 3680 πένεται
2797 3639 2810 3653 ⁸
2833 3625 2923 3678 τὸν
2958 3624 3015 3678 δὲ
3049 3623 3302 3692 δεύτερον
3324 3619 3760 3690 ἀποστρέφεται,

2181 3721 2482 3792 πενόμενον
2504 3714 2587 3782 οἷς
2615 3718 2643 3772 ὀ
2665 3717 2884 3788 πρῶτος
2940 3715 3185 3780 πλουτεῖ,
3251 3711 3372 3766 κατ’
3430 3709 3759 3781 ἐναλλαγήν,

485 3806 655 3881 igitur
676 3825 976 3883 pauperem
1019 3811 1286 3870 Dominus
1339 3814 1588 3882 respicit,
1635 3815 1728 3886 qui
1771 3816 1938 3873 rebus
1961 3817 2031 3874 iis
2055 3815 2322 3883 abundat,
2356 3817 2561 3887 quibus
2592 3814 2875 3872 secundus
2897 3811 3148 3883 indiget:
3189 3823 3220 3864 a
3277 3807 3526 3864 secundo
3579 3815 3761 3860 autem

479 3907 777 3972 avertitur,
851 3907 945 3975 qui
974 3905 1042 3962 iis
1073 3915 1248 3971 caret,
1279 3905 1484 3977 quibus
1519 3908 1765 3964 abundat
1799 3911 2032 3980 primus.

559 3999 726 4055 Vsus.
759 3998 813 4054 6.
866 3998 1126 4054 Dominus
1182 4000 1413 4070 exquirit
1470 4002 1682 4072 justum
1731 4016 1781 4059 et
1816 4006 2063 4075 impium.

485 4093 589 4148 Per
611 4093 716 4146 hoc
748 4091 1064 4146 declaratur
1088 4092 1220 4162 quid
1251 4092 1566 4164 signiﬁcent
1595 4095 1688 4150 illa
1706 4097 1895 4161 verba,
1921 4099 2066 4168 ﬁlios

484 4184 793 4245 hominum;
819 4182 999 4252 iustos
1022 4182 1284 4238 nimirum
1319 4193 1374 4240 et
1393 4184 1657 4256 iniustos,
1691 4202 1832 4258 quos
1865 4188 2068 4260 impios

482 4276 649 4329 etiam
679 4275 938 4346 appellat,
981 4275 1111 4345 quia
1169 4275 1342 4332 Deum
1391 4278 1696 4350 negliguut,
1735 4283 1867 4336 dum
1923 4283 2070 4340 illius

483 4377 752 4437 praecepta
785 4367 1082 4424 observare
1106 4378 1494 4427 contemnunt.

556 4458 660 4527 Qui
694 4466 868 4512 autem
898 4459 1072 4530 diligit
1105 4459 1454 4530 injustitiam,
1487 4462 1600 4518 odit
1626 4465 1865 4522 animum
1888 4485 2064 4524 suam.

483 4549 608 4605 llaec
649 4561 733 4607 est
786 4561 969 4608 autem
1023 4567 1195 4610 causa
1241 4568 1414 4626 quare
1469 4558 1716 4614 conﬁdat
1767 4559 2063 4632 Propheta.

2253 4007 2471 4075 Κύριος
2520 4003 2782 4070 ἐξετάζει
2827 4001 2939 4056 τόν
2971 4001 3230 4066 δίκαιον,
3271 3999 3371 4054 καί
3409 3997 3519 4053 τόν
3545 3997 3762 4066 ἀσεϐῆ·

2175 4096 2352 4156 Τοῦτο
2417 4093 2762 4166 διακριτικὸν
2793 4095 2898 4164 τῆς
2954 4092 3066 4146 τῶν
3115 4089 3422 4162 ἀνθρώπων
3456 4089 3760 4160 σημασίας,

2175 4191 2257 4245 ὅτι
2292 4190 2537 4252 καὶτοὺς
2560 4187 2804 4251 δικαίους
2834 4185 3009 4254 λέγει,
3053 4186 3149 4239 καὶ
3183 4183 3310 4245 τοὺς
3353 4179 3601 4244 ἀδίκους,
3633 4182 3766 4235 ἀσε-

2175 4281 2405 4345 ϐοῦντας
2431 4282 2490 4334 ὲν
2517 4279 2596 4353 τῷ
2635 4279 2927 4351 ἀτιμάζειν
2949 4275 3106 4344 Θεδν,
3139 4275 3233 4330 διὰ
3255 4273 3358 4345 τῆς
3381 4274 3496 4330 τῶν
3530 4273 3766 4330 ἐντολῶν

2177 4374 2345 4430 αὑτοῦ
2387 4373 2876 4445 καταφρονήσεως.

2257 4467 2314 4520 '0
2336 4466 2405 4521 δὲ
2427 4465 2680 4537 ἀγαπῶν
2707 4463 2824 4534 τὴν
2869 4461 3138 4528 ἀδικίαν,
3180 4459 3354 4531 μισεῖ
3388 4460 3506 4529 τὴν
3546 4457 3767 4514 ἑαυτοῦ

2176 4554 2410 4627 ψυχήν.
2436 4555 2544 4610 Καὶ
2558 4554 2718 4609 τοῦτο
2747 4554 2983 4625 θάρσους
3006 4553 3203 4616 αἴτιον,
3239 4551 3334 4606 καὶ
3356 4549 3764 4613 διδασκαλικὸν,

481 4641 885 4699 Documentum
923 4655 1187 4715 praetcrea
1222 4651 1514 4706 continent
1557 4650 1674 4707 haec
1707 4654 1895 4722 verba,
1921 4655 2063 4726 quod

2179 4651 2255 4716 ὡς
2299 4650 2485 4714 ἄδικος
2513 4649 2614 4720 τῆς
2664 4647 2859 4702 ἑαυτοῦ
2911 4646 3061 4717 ζωῆς
3093 4646 3188 4700 τὸν
3226 4645 3460 4699 θάνατον
3492 4643 3768 4712 κατεργά-

484 4734 727 4803 injustus
781 4737 1020 4808 quisque
1054 4739 1180 4795 vitae
1239 4742 1477 4812 propria
1514 4751 1748 4800 mortem
1781 4756 2064 4817 operatur,

482 4827 681 4882 animae
763 4843 877 4883 suae
932 4829 1188 4887 inimicus
1236 4830 1492 4890 effectus.
1579 4834 1773 4892 Pravis
1861 4840 2065 4896 etenim

483 4933 550 4975 ac
603 4918 854 4976 scelestis
911 4923 1225 4980 actionibus
1259 4925 1398 4992 suis,
1434 4924 1605 4981 Deum
1644 4942 1861 4998 semper
1891 4932 2067 5002 magis

482 5011 662 5066 irritat
685 5027 748 5067 ac
779 5024 1045 5084 provocat
1069 5017 1340 5074 adversus
1360 5019 1600 5072 animam
1634 5034 1813 5075 suam.

554 5102 724 5159 Vens.
755 5103 809 5160 7.
847 5104 998 5160 Pluet
1042 5124 1204 5177 super
1243 5118 1546 5175 peccatores
1593 5109 1832 5180 laqueos.
1867 5111 2068 5166 Addu-

481 5205 594 5264 cet,
622 5197 824 5268 inquit,
857 5196 1127 5254 Dominus
1195 5199 1469 5270 supplicia
1515 5215 1684 5270 super
1727 5212 2065 5274 peccatores,

479 5291 682 5360 quibus
710 5291 920 5346 detenti
977 5307 1008 5346 a
1068 5291 1302 5362 pristino
1352 5293 1559 5364 impetu
1617 5308 2062 5366 compescentur.

481 5382 595 5438 llac
631 5393 812 5440 autem
834 5385 1033 5454 pluvias
1058 5383 1408 5453 metaphora,
1447 5400 1721 5441 summam
1751 5390 2062 5459 supplicio-

479 5493 604 5532 rum
641 5478 1035 5534 abundantiam
1066 5492 1131 5531 ac
1179 5478 1594 5546 perpetuitatem
1619 5479 1922 5538 denotavit.

552 5573 700 5644 Ignis
724 5583 772 5627 et
804 5572 1029 5641 sulphur
1059 5580 1109 5624 ct
1143 5572 1365 5641 spiritus
1421 5573 1668 5642 procella:
1701 5591 1829 5645 pars
1876 5577 2064 5632 salicis

473 5668 616 5740 ejus.
657 5669 804 5740 Ignis
830 5668 1050 5738 quidem
1082 5666 1500 5723 eiiicacissimus
1521 5678 1641 5736 est;
1675 5669 1908 5740 sulphur
1932 5686 2064 5727 vero

479 5761 699 5832 pinguis
734 5768 788 5814 et
825 5775 1013 5814 crassa
1070 5759 1218 5816 illius
1267 5773 1416 5816 esca.
1478 5759 1593 5814 Hoc
1653 5762 1801 5816 enim
1849 5762 2060 5819 fomitis

479 5866 711 5922 genere,
742 5851 884 5922 ignis
947 5850 1100 5909 valde
1135 5852 1398 5909 nutritur.
1446 5852 1683 5925 Spiritus
1748 5855 1914 5912 etiam
1959 5870 2059 5922 seu

2177 4745 2363 4815 ζηται,
2389 4741 2586 4813 ἐχθρὸς
2615 4740 2717 4812 τῆς
2747 4738 2956 4802 οἰκείας
2979 4737 3163 4809 ψυχῆς
3195 4737 3503 4807 γινόμενος.
3531 4736 3632 4789 Διὰ
3656 4737 3763 4804 γὰρ

2178 4837 2290 4892 τῶν
2341 4833 2578 4892 ἀνοσίων
2623 4832 2883 4906 πράξεων
2939 4829 3237 4902 παροξύνει
3280 4830 3405 4884 κατ’
3453 4827 3627 4899 αὐτῆς
3672 4830 3763 4880 τ“ν

2175 4930 2330 4986 Θεόν.

2253 5106 2585 5175 Ἐπιϐρέξει
2652 5105 2750 5160 ἐπὶ
2810 5102 3202 5174 ἁμαρτωλοὺς
3271 5101 3554 5172 παγίδας.
3610 5103 3755 5155 Ἐπιν-

2169 5202 2376 5274 6ρέξει,
2408 5200 2691 5255 τουτέστιν
2737 5199 2950 5254 ἄνωθεν
2987 5197 3205 5263 ἐπάξει,
3255 5199 3372 5260 τοῖς
3410 5197 3760 5268 ἁμαρτωλοῖς

2168 5294 2425 5362 παγίδας,
2473 5293 2594 5365 ἦτοι
2647 5292 2942 5364 τιμωρίας,
3004 5291 3075 5346 δι’
3117 5284 3194 5344 ὧν
3241 5289 3629 5361 θηρευόμενοι,
3661 5289 3762 5359 τῆς

2167 5387 2348 5457 ὁρμῆς
2375 5387 2682 5454 ἐφέξονται.
2738 5386 2816 5455 Τῇ
2868 5384 3055 5456 μέντοι
3098 5383 3269 5454 βροχῇ
3326 5381 3428 5453 τὴν
3474 5382 3759 5452 δαψίλειαν

2173 5481 2268 5532 καί
2295 5477 2580 5548 συνέχειαν
2606 5476 2717 5528 τῶν
2745 5475 3033 5546 τιμωριῶν
3068 5473 3313 5545 ᾐνίξατο.

2245 5572 2374 5640 Πῦρ
2411 5571 2509 5626 καὶ
2538 5569 2701 5625 θεῖον
2743 5570 2841 5624 καὶ
2871 5567 3111 5638 πνεῦμα
3149 5566 3496 5637 καταιγίδος
3522 5566 3561 5634 ἡ
3593 5565 3763 5637 μερίς

2170 5663 2278 5719 τοῦ
2306 5665 2596 5731 ποτηρίου
2650 5662 2860 5726 αὑτοῦ.
2924 5661 3269 5732 Δραστήριον
3328 5660 3431 5728 μὲν
3483 5661 3548 5712 τὸ
3604 5659 3757 5726 πῦρο

2170 5757 2380 5826 λιπαρὴ
2423 5755 2480 5807 δὲ
2519 5757 2698 5828 τροφὴ
2731 5757 2927 5827 πυρὸς,
2969 5755 3029 5810 τὸ
3067 5754 3244 5808 θεῖονο
3273 5751 3414 5816 εἶδος
3461 5752 3573 5822 γὰρ
3603 5751 3759 5805 τοῦτο

2169 5850 2292 5905 λίαν
2325 5847 2621 5920 θρεπτικὸν
2649 5849 2840 5917 πυρός’
2863 5849 3320 5921 ἀναρριπιστικὺν
3337 5848 3394 5904 δὲ
3412 5848 3511 5920 τῆς
3536 5844 3762 5918 φλογδῦ-
