3956 6542
481 342 579 411 171

1695 344 2018 407 EUTHYM
2040 346 2095 407 t1
2134 310 2503 408 ZtGAnENt

3654 355 3754 420 17?.

478 460 809 524 Sabhatum,
864 458 1023 513 redit.
1081 456 1190 512 Pro
1246 467 1434 511 octava
1490 457 1682 521 etiam,
1735 466 1789 513 et
1834 476 1943 514 non
1988 459 2060 513 De

2183 460 2353 531 Ξγδόη.
2382 461 2499 514 Οὐκ
2538 461 2947 533 ἐπιγέγραπται
2980 462 3057 528 δὲ,
3093 463 3230 534 Περὶ
3258 464 3356 534 τῆς
3396 464 3617 535 ὀγδόης,
3645 467 3758 521 ἀλλ’

479 568 673 609 octava
711 552 1040 620 inscriptum
1073 559 1179 607 est.
1208 549 1398 620 Neque
1418 549 1564 604 enim
1592 548 1752 603 docet
1787 548 2061 615 Psalmus,

478 648 612 717 quid
640 648 709 702 sit
739 653 956 708 octava,
988 644 1081 698 sed
1119 652 1275 713 rogat
1321 642 1465 696 diem
1516 642 1667 695 illum
1711 642 1825 696 cito
1860 641 2068 697 adven-

481 751 618 806 tare,
657 748 714 792 ut
766 737 1021 791 homines
1056 734 1338 798 nimirum,
1394 733 1487 804 qui
1537 735 1643 789 sub
1686 750 1825 788 swva
1862 734 2067 789 dtemo-

477 850 610 888 num
667 833 1060 903 Opprimuntur
1120 831 1450 902 tyrannide,
1515 840 1681 900 atque
1733 828 1899 883 idolis
1950 843 2064 883 ser-

477 926 656 991 viunt,
692 932 849 978 tanto
892 924 1059 977 citius
1104 922 1388 978 servitutis
1438 921 1571 991 jugo
1634 921 1978 975 liberentur:
2013 928 2067 974 et

478 1022 755 1072 daemones
786 1016 1216 1071 commissorum
1256 1012 1308 1068 i'n
1350 1012 1514 1068 Deum
1548 1013 1841 1067 criminum
1877 1029 2066 1087 pmnas

477 1109 632 1165 luant
669 1109 930 1181 majores.

552 1202 795 1273 “233.32.
830 1200 1045 1257 Salvum
1084 1218 1162 1254 me
1190 1201 1297 1269 fac,
1339 1199 1575 1266 Domine,
1602 1202 1851 1270 quoniam
1878 1201 2065 1271 defecit

477 1304 716 1349 sanctus.
746 1294 940 1350 Justus
974 1295 1020 1349 is
1052 1295 1253 1347 dicitur
1287 1293 1383 1363 qui
1429 1293 1690 1347 humanis
1714 1295 1767 1347 in
1807 1296 2064 1364 negotiis,

476 1387 547 1441 ab
575 1400 643 1441 eo
674 1386 819 1456 quod
869 1386 1168 1439 honestum
1205 1396 1314 1448 est,
1357 1399 1465 1439 non
1510 1385 1754 1441 declinat
1793 1405 1803 1438 :
1839 1400 2066 1442 sanctus

479 1493 611 1533 vero
643 1476 796 1549 [cum
849 1478 993 1548 apud
1049 1475 1272 1531 Graecos
1319 1475 1523 1547 duplici
1574 1478 1787 1532 dicatur
1821 1481 2063 1543 nomine,

475 1568 621 1631 ὅσιος
654 1568 912 1623 nimirum
944 1577 1000 1622 ut
1031 1570 1140 1629 hic,
1177 1577 1233 1622 et
1263 1568 1417 1637 ἅγιος
1444 1569 1705 1637 (utraque
1726 1569 1873 1623 enim
1899 1569 2068 1622 dictio

476 1669 734 1717 sanetum
766 1662 1066 1732 signiﬁcat)
1094 1671 1498 1731 consequenter
1521 1669 1577 1715 et
1602 1661 1655 1714 in
1686 1660 1891 1731 duplici
1922 1662 2064 1716 sumi

482 1765 665 1826 potest
696 1753 1165 1825 signiﬁcatione];
1196 1753 1289 1808 ille
1317 1764 1497 1807 autem
1523 1752 1740 1822 praprie
1764 1754 1911 1816 ὅσιος
1933 1755 2069 1809 dici-

2184 554 2354 620 Ύπὲρ
2405 554 2514 622 τῆς
2578 553 2796 622 ὀγδόης
2836 569 2848 584 ο
2889 555 2949 607 οὐ
3006 556 3113 627 γὰρ
3168 555 3445 620 διδάσκει,
3507 558 3561 611 τί
3613 560 3759 613 ἔστιν

2172 650 2205 719 ὴ
2236 647 2425 725 ὀγδόη,
2452 647 2591 702 ἀλλὰ
2614 646 2948 717 παρακαλεῖ,
2980 647 3178 705 θᾶττον
3206 649 3384 704 ἐλθεῖν
3410 649 3512 721 τὴν
3544 652 3758 723 ἡμέραν

2169 741 2410 812 ἐκείνην,
2440 741 2630 794 ἕνεκεν
2657 739 2759 809 τῆς
2789 740 3127 810 ἐκδικήσεως
3153 741 3264 796 τῶν
3303 746 3759 816 τυραννουμένων

2170 835 2278 889 ὑπὸ
2328 835 2421 889 τοῦ
2476 833 2747 898 διαϐόλου,
2809 834 2904 887 και
2949 834 3372 905 δεδουλωμένων
3422 818 3489 908 τῇ
3541 839 3759 894 ειδωλοο

2170 928 2419 1000 λατρεία.

2243 1205 2454 1260 Σῶσόν
2474 1222 2570 1275 με,
2608 1205 2805 1273 Κύριε,
2843 1204 2932 1258 ὅτι
2963 1204 3291 1281 suam”
3315 1205 3509 1272 ὅσιος.
3543 1207 3764 1271 Δίκαιος

2173 1297 2274 1367 μέν
2304 1299 2472 1363 ἐστιν,
2501 1297 2530 1348 ό
2548 1298 2617 1351 τὰ
2637 1296 2772 1368 πρὸς
2795 1297 3113 1368 ἀνθρώπους
3139 1297 3392 1368 ἁρῤεπὴς
3420 1298 3514 1351 τοῦ
3547 1299 3722 1352 καλοῦ
3746 1318 3758 1329 ο

2169 1389 2316 1449 ὅσιος
2344 1388 2424 1454 δὲ,
2451 1390 2480 1440 ὁ
2519 1387 2587 1440 τὰ
2627 1387 2763 1457 πρὸς
2797 1387 2930 1440 Θεὸν
2955 1386 3223 1458 εὐσεϐής’
3272 1389 3427 1455 ἅγιος
3468 1388 3550 1451 δὲ,
3608 1391 3639 1442 ὁ
3676 1390 3764 1443 διὰ

2168 1476 2265 1529 τοῦ
2316 1478 2504 1540 τέλους
2565 1477 2676 1529 τῶν
2725 1476 2937 1547 ἀρετῶν
2984 1477 3236 1542 θεὼσεως
3289 1478 3603 1549 μετασχών.
3655 1482 3762 1534 Καὶ

2171 1570 2384 1624 ἐοίκασι
2432 1569 2606 1625 ταῦτα
2653 1570 2911 1641 κλίμακι,
2961 1571 3100 1642 πρὸς
3146 1573 3241 1626 τὸν
3294 1572 3431 1626 Θεὸν
3478 1573 3760 1645 ἀναγούσῃ

2169 1663 2296 1726 τοὺς
2331 1662 2651 1734 βαδίζοντας
2680 1662 2748 1717 δι’
2778 1663 2983 1721 αὐτῶν.
3030 1663 3266 1735 Εἴρηται
3314 1664 3396 1726 δὲ.
3428 1665 3511 1717 ὅτι
3550 1665 3761 1718 δίκαιον

2172 1756 2277 1825 μὲν
2307 1755 2562 1824 λέγουσιν
2590 1756 2649 1810 αἱ
2685 1755 2903 1825 Γραφαὶ
2943 1754 3094 1809 ἔστιν
3142 1756 3234 1808 ὅτε
3284 1756 3383 1810 καὶ
3428 1757 3524 1810 τὸν
3556 1758 3762 1810 τέλειον

478 1859 593 1913 tur,
620 1847 712 1917 qui
742 1847 1001 1918 pietatem
1033 1856 1086 1900 et
1117 1846 1436 1918 religionem
1467 1844 1623 1909 colit,
1647 1861 1768 1915 quae
1796 1846 1861 1900 ad
1896 1845 2065 1902 Deum

2183 1846 2272 1919 τὴν
2310 1848 2514 1918 ἀρετήν
2542 1863 2555 1877 ·
2584 1846 2705 1901 ἀλλ’
2734 1847 2797 1899 οὐ
2825 1847 2958 1917 περὶ
2984 1846 3194 1922 ἐκείνου
3218 1847 3315 1901 νῦν
3337 1848 3368 1900 ὁ
3404 1848 3564 1916 λόγος
3605 1850 3760 1919 ἡμῖν.

478 1943 739 2012 pertinet,
773 1939 928 2010 ἅγιος
958 1955 1086 1995 vero
1116 1940 1208 1995 ille
1234 1939 1328 2010 qui
1358 1954 1453 2008 per
1492 1939 1745 1994 semitam
1775 1940 2063 2004 virtutum,

477 2035 788 2091 divinitatis
825 2032 1056 2088 cﬂicitnr
1090 2031 1387 2102 particeps.
1425 2029 1550 2084 ll.ec
1580 2040 1762 2087 autem
1800 2031 2065 2086 virtutum

477 2129 724 2194 nomina,
786 2128 948 2183 scalae
988 2126 1397 2196 quodammodo
1445 2126 1759 2196 comparari
1815 2136 2065 2196 possunt,

474 2237 573 2293 per
615 2236 779 2294 quam
811 2221 902 2292 qui
926 2219 1273 2292 gradiuntur,
1293 2219 1617 2289 perveniunt
1635 2218 1701 2272 ad
1723 2218 1913 2274 Deum.
1933 2220 2068 2275 Alibi

476 2316 643 2371 etiam
685 2315 926 2369 diximus
959 2314 1108 2383 quod
1161 2312 1305 2381 apud
1349 2311 1717 2382 Scripturam,
1750 2310 1938 2381 justus
1971 2329 2072 2367 sae-

475 2497 625 2553 omni
660 2498 928 2553 virtutum
967 2512 1171 2568 genere
1200 2504 1435 2553 ornatus
1466 2505 1554 2551 est
1590 2514 1602 2549 :
1639 2496 1736 2551 sed
1775 2496 1844 2551 de
1876 2496 2070 2564 hujus-

2176 1938 2267 2002 Ὠς
2311 1934 2407 1991 οὖν
2447 1938 2678 1991 δικαίων
2717 1938 2819 2007 μὲν
2860 1940 2959 2008 τὴν
3005 1938 3360 2008 ἀνθρωπίνην
3395 1941 3490 1992 καὶ
3524 1940 3761 2010 μερικὴν

2168 2026 2514 2102 δικαιοσύνην
2544 2032 2715 2086 ὄντων
2748 2034 2931 2096 τινῶν,
2976 2032 3085 2085 τῶν
3121 2033 3179 2086 δὲ
3234 2033 3402 2086 ὁσίων
3441 2034 3764 2088 ἐκλελοιπό-

2170 2143 2276 2178 των
2304 2142 2318 2157 ·
2352 2125 2462 2178 τῶν
2499 2126 2621 2195 μὲν,
2661 2125 2742 2196 τῷ
2775 2125 2956 2180 θανεῖν
2985 2142 2999 2157 °
3040 2125 3147 2178 τῶν
3192 2126 3250 2179 δὲ
3300 2125 3415 2198 (5'5)
3438 2167 3453 2191 ,
3484 2127 3562 2197 τῷ
3599 2127 3762 2181 ἐλαύ-

2172 2219 2362 2272 νεσθαι
2416 2219 2570 2291 παρὰ
2614 2220 2725 2272 τῶν
2774 2218 3008 2273 ἀνοσίων
3036 2234 3050 2248 ο
3101 2216 3323 2288 εὔχεται
3365 2218 3606 2289 σωθῆναι
3655 2220 3765 2272 ἀπὺ

2169 2312 2277 2366 τῶν
2317 2311 2769 2381 ἐπικρατούντων
2803 2311 3062 2383 πονηρῶν
3106 2309 3435 2381 ἀνθρώπων.
3473 2310 3763 2381 Προσὼπῳ

386 2475 395 2479 ,
475 2420 777 2478 penumero
808 2407 858 2461 is
890 2404 1118 2468 dicitur,
1170 2404 1264 2474 qui
1308 2419 1418 2459 non
1468 2404 1643 2458 solum
1694 2404 1934 2472 justitia,
1972 2404 2068 2460 sed

2183 2405 2225 2458 is
2277 2404 2386 2458 τῶν
2442 2404 2747 2474 μελλόντων
2802 2404 3170 2471 ὐποδέξασθαι
3222 2404 3283 2458 ἰδ
3341 2404 3611 2475 κήρυγμα
3667 2404 3762 2459 τοῦ

2171 2497 2533 2565 Εὐαγγελίου,
2603 2499 2841 2550 ποιεῖται
2904 2495 3005 2567 τὴν
3053 2495 3301 2561 ἔντευξιν
3361 2498 3391 2550 ό
3444 2499 3759 2567 προφήτης.

476 2592 625 2646 modi
683 2592 839 2662 justo
888 2606 1037 2647 nunc
1102 2606 1216 2646 non
1269 2596 1356 2644 est
1413 2603 1616 2643 sermo.
1664 2586 1842 2655 Rogat
1905 2588 2069 2658 igitur

2183 2589 2484 2660 Γηνικαῦτα
2524 2592 2634 2660 γὰρ
2666 2592 2716 2643 οἱ
2754 2592 2891 2644 ὅσιοι
2939 2590 3192 2657 ἐξέλιπον
3242 2588 3506 2659 μάλιστα,
3540 2590 3631 2642 ὅτε
3668 2592 3762 2642 καὶ

477 2681 754 2755 Propheta
818 2684 1020 2740 salvari
1073 2698 1133 2739 se
1194 2697 1224 2736 a
1282 2680 1539 2751 malignis
1602 2680 1917 2735 hominibus
1970 2681 2068 2751 qui

2183 2686 2255 2738 ςιά
2284 2685 2492 2755 σαρκὸς
2519 2687 2654 2753 ἡμῖν
2682 2684 2712 2735 ὁ
2742 2683 2947 2754 Κύριος
2977 2683 3344 2754 ἐπεδήμησεν.

479 2780 904 2851 ριάξναιυεταηι,
928 2791 1051 2847 cum
1079 2775 1257 2832 saneti
1290 2775 1540 2831 homines
1575 2774 1669 2844 qui
1699 2774 1828 2829 olim
1857 2773 2075 2832 fuerant
2114 2793 2242 2846 erga
2286 2778 2480 2844 Deum,
2527 2780 2727 2847 partim
2775 2789 2972 2839 morte,
3006 2779 3209 2847 partim
3267 2779 3433 2833 etiam
3504 2785 3767 2849 tyranno-

482 2891 600 2930 rum
638 2868 1124 2945 persecutionibus
1198 2881 1429 2937 prorsus
1471 2864 1845 2923 defecissent:
1921 2870 2139 2923 tametsi
2185 2870 2441 2928 fortassis
2491 2871 2663 2941 aliqui
2719 2872 2900 2926 adhuc
2951 2879 3164 2935 essent,
3216 2872 3310 2941 qui
3363 2872 3605 2924 humana
3663 2871 3765 2926 hac

473 2966 691 3036 justitia
728 2972 895 3033 atque
948 2962 1032 3029 (ut
1083 2960 1159 3013 ita
1201 2957 1408 3029 dicant)
1452 2971 1518 3013 ex
1566 2964 1722 3026 parte
1752 2956 1890 3025 justi
1935 2972 2060 3015 esse
2136 2960 2480 3017 viderentur.
2530 2961 2855 3021 Sermonem
2899 2972 3084 3018 autem
3155 2977 3318 3018 suum
3370 2961 3646 3032 Propheta
3701 2977 3763 3017 ex

479 3079 672 3121 eorum
700 3061 864 3116 habet
893 3070 1151 3128 persona,
1179 3054 1273 3125 qui
1303 3050 1659 3123 Evangelium
1689 3060 1849 3106 erant
1889 3058 2223 3125 suscepturi.
2250 3058 2405 3115 Tunc
2460 3062 2608 3115 enim
2637 3061 2875 3115 maxime
2912 3060 3090 3114 sancti
3149 3058 3487 3127 defecerant,
3542 3060 3765 3129 quando

478 3157 740 3216 Christus
770 3154 825 3208 in
854 3165 1026 3207 carne
1057 3150 1125 3204 ad
1160 3161 1261 3203 nos
1284 3145 1529 3203 advenit.

552 3269 821 3339 Quoniam
838 3262 1119 3319 diminuta
1144 3269 1269 3316 sunt
1296 3261 1544 3314 veritates
1563 3275 1596 3313 a
1616 3259 1743 3329 ﬁliis
1768 3259 2063 3315 hominum.
2096 3269 2137 3325 c

480 3361 675 3419 Sancti
704 3356 929 3429 quidem
976 3354 1200 3423 penitus
1249 3351 1598 3416 defecerunt,
1648 3354 1909 3408 veritates
1936 3368 2068 3407 vero

480 3465 669 3523 pauca!
740 3444 1036 3501 admodum
1093 3441 1302 3497 relicta:
1355 3451 1533 3495 sunt:
1590 3442 1867 3495 secundus
1918 3440 2064 3495 enim

478 3556 644 3600 casus
707 3539 795 3594 hic
846 3550 947 3607 pro
996 3534 1163 3589 tertio
1205 3531 1465 3587 sumitur.
1496 3528 1955 3601 Quandoquidem
2011 3532 2066 3585 in

479 3638 650 3692 rebus
706 3631 933 3700 majoris
984 3626 1276 3692 momenti,
1336 3625 1558 3681 mentiri
1615 3625 1817 3689 solent,
1863 3625 1960 3695 qui
2012 3625 2070 3681 ln

480 3729 668 3802 parvis
701 3725 929 3783 fuerant
943 3745 948 3749 -
964 3734 1216 3777 veraces.

550 3821 721 3877 Vens.
758 3820 813 3874 '5.
858 3815 1012 3871 Vana
1053 3814 1265 3867 locutus
1296 3820 1376 3866 est
1421 3812 1787 3883 unusquisque
1831 3812 1902 3866 ad
1937 3828 2069 3881 pro-

481 3917 688 3970 ximum
715 3926 892 3966 suum.
924 3907 1094 3972 Vana,
1121 3904 1225 3961 hoc
1245 3910 1329 3959 est
1358 3903 1692 3973 deceptoria.
1724 3900 1838 3960 Nec
1857 3904 2068 3961 alienos

480 4015 694 4063 tantum
719 4001 1092 4074 decipiebant,
1128 3997 1223 4053 sed
1257 3994 1560 4050 familiares
1583 3995 1746 4050 etiam
1778 4004 1835 4051 et
1875 3994 2068 4051 dome-

482 4102 672 4155 sticos.
709 4094 1028 4152 Proximum
1056 4091 1204 4148 enim
1232 4104 1341 4144 non
1364 4089 1506 4152 loco,
1542 4089 1637 4143 sed
1670 4088 2069 4153 iamillaritate,

481 4207 648 4262 atque
702 4188 968 4249 amicitia,
1029 4191 1123 4240 aut
1185 4182 1298 4238 alio
1353 4181 1766 4253 conjunctionis
1824 4181 2068 4243 vinculo.

474 4287 858 4360 propinquum
890 4288 1073 4334 vocat.

558 4398 725 4453 Labia
755 4394 947 4450 dolosa
973 4393 1031 4447 in
1059 4389 1233 4454 corde,
1268 4397 1319 4444 et
1354 4386 1512 4442 corde
1544 4386 1752 4441 locutus
1788 4396 1867 4442 est
1899 4387 2068 4442 maia.

478 4492 589 4547 'Per
622 4478 815 4546 dolosa
846 4484 1012 4551 labia,
1032 4483 1286 4539 dolosum
1314 4481 1493 4553 ipsum
1530 4478 1789 4550 intelligit
1816 4478 2007 4551 (veluti
2040 4493 2072 4532 a

2243 3261 2377 3314 "On
2427 3259 2826 3331 ἀλλιγώθησαν
2876 3264 2936 3316 ιιι
2988 3262 3265 3329 ἁλήθειαι
3306 3262 3426 3317 ἀπὸ
3466 3263 3589 3320 τῶν
3622 3267 3768 3321 rit?»-

2176 3350 2297 3405 τῶν
2335 3352 2687 3421 ἀνθρώπων.
2730 3355 2794 3408 Oi
2838 3356 2937 3425 μὲν
2969 3355 3131 3420 ὅσιοι,
3173 3358 3523 3410 παντάπασιν
3579 3358 3765 3413 ἐπιλι-

2177 3442 2427 3498 λοίπασιν
2459 3459 2475 3475 ⁸
2516 3445 2876 3517 ἁλήθειαιδὲ,
2927 3446 3109 3514 ὀλίγαι
3156 3448 3303 3511 τινὲς
3347 3449 3757 3521 ὑπελείφθησαν

2177 3538 2237 3590 ιν
2271 3538 2605 3609 ἀνθρώποις.
2648 3538 2847 3611 Γενικὴ
2897 3540 3029 3611 γὰρ,
3063 3540 3185 3592 ἀντὶ
3215 3539 3442 3610 δοτικῆς
3476 3540 3716 3594 ἐνταῦθα
3748 3554 3764 3571 ·

2178 3630 2308 3701 περὶ
2338 3630 2447 3702 γὰρ
2478 3632 2545 3685 τὰ
2573 3630 2766 3702 καίρια
2799 3634 2899 3703 μὲν
2931 3632 3221 3703 ἐψεύδοντο
3246 3649 3259 3663 ·
3296 3636 3354 3686 ὲν
3386 3633 3445 3686 δὲ
3490 3636 3606 3698 τοῖς
3643 3635 3768 3688 ἐλα-

2177 3721 2390 3793 χίστοις
2420 3723 2768 3793 πράγμασιν,
2816 3724 3106 3795 ἡλήθευον.

2248 3813 2482 3868 Μάταια
2525 3814 2838 3884 ἐλάλησεν
2866 3816 3129 3881 ἕκαστος
3171 3817 3321 3885 πρὸς
3352 3818 3461 3871 τὸν
3498 3820 3769 3887 πλησίον

2178 3904 2389 3959 αὐτοῦ.
2422 3904 2715 3959 Τουτέστιν
2754 3904 3015 3977 ἀπατηλὰ
3040 3921 3055 3936 ·
3088 3908 3148 3959 οὐ
3187 3907 3350 3977 μόνον
3390 3909 3501 3980 γὰρ
3537 3911 3766 3980 ἡπάτων

2177 3994 2305 4058 τοὺς
2362 3994 2704 4066 ἀλλοτρίους,
2758 3995 2897 4050 ἀλλὰ
2951 3997 3045 4051 καὶ
3097 3997 3222 4062 τοὺς
3269 4000 3507 4064 οἰκείους
3555 4001 3759 4063 αὐτοῖς.

2180 4087 2415 4157 Πλησίον
2449 4088 2559 4159 γὰρ
2593 4088 2751 4144 καλεῖ
2784 4089 2878 4145 τὸν
2916 4089 3120 4161 ἔγγιον,
3173 4091 3234 4144 οὐ
3298 4091 3472 4163 τόπῳ,
3525 4092 3644 4146 ἀλλ’
3694 4096 3772 4146 οξ-

2179 4178 2442 4249 κειότητι.

2250 4385 2432 4453 Χείλη
2459 4384 2637 4440 δόλια
2660 4385 2730 4440 ἐν
2755 4384 2992 4455 καρδίᾳ,
3025 4387 3125 4441 καὶ
3152 4389 3221 4441 ἐν
3250 4387 3464 4458 καρδίᾳ
3491 4388 3766 4456 excidam

2179 4476 2355 4531 κακά.
2389 4477 2558 4547 Χείλη
2583 4477 2734 4532 δόλια
2761 4478 2910 4547 λέγει
2941 4479 3033 4533 τὸν
3066 4478 3259 4540 δόλιον.
3291 4479 3367 4543 ὡς
3415 4481 3522 4534 ἀπὸ
3562 4481 3768 4552 μέρους

493 4593 650 4656 parte
705 4580 933 4651 totum),
986 4577 1080 4650 qui
1123 4576 1178 4631 in
1219 4574 1543 4644 duplicitate
1564 4571 1748 4627 cordis
1783 4579 1838 4625 et
1870 4572 2069 4625 mentis

2183 4568 2446 4624 τδοπᾶν·
2504 4572 2533 4624 ό
2580 4573 2691 4643 γὰρ
2738 4572 2912 4636 δόλιος
2950 4574 3008 4626 ὲν
3052 4572 3215 4644 διπλῇ
3268 4573 3365 4628 καὶ
3416 4573 3622 4646 καρδία
3673 4575 3767 4628 καὶ

489 4634 630 4738 sine,
668 4673 811 4727 mala
842 4685 907 4726 ac
955 4669 1117 4724 noxia
1165 4667 1384 4722 locutus
1429 4671 1534 4725 est,
1572 4663 1735 4716 aliam
1778 4661 1921 4715 intra
1957 4663 2069 4715 ani-

2183 4660 2375 4733 γνὼμῃ
2411 4634 2675 4736 ἐλάλησεν
2722 4664 2868 4719 κακὰ
2891 4634 3001 4719 -καὶ
3050 4634 3295 4738 βλαϐερά
3325 4680 3340 4695 °
3384 4634 3508 4720 ἔσω.
3533 4634 3637 4737 μέν
3668 4667 3767 4721 ἀλ·-

493 4783 641 4825 ιιιυιιι
673 4761 1003 4824 sententiam
1040 4773 1296 4825 servans,
1342 4764 1394 4812 et
1443 4755 1605 4809 aliam
1658 4752 1841 4808 verbis
1897 4752 2069 4822 expri-

2183 4754 2329 4809 λοίαν
2366 4756 2593 4827 γνώμην
2624 4756 2763 4828 ἔχων
2788 4774 2801 4789 ο
2830 4756 3029 4823 ἔξωθεν
3059 4759 3116 4813 δὲ
3148 4759 3369 4815 ἀλλοίαν
3394 4761 3638 4825 δεικνύς.

489 4877 647 4918 mens
662 4904 670 4912 .

561 4975 725 5031 Vsus.
753 4971 809 5027 4.
839 4967 1120 5038 Dispudet
1144 4964 1401 5020 Dominus
1426 4962 1675 5015 universa
1695 4958 1836 5014 labia
1860 4959 2069 5024 dolosa,

2260 4962 2707 5034 Ἐξολοθρεύσει
2734 4967 2948 5034 Κύριος
2962 4967 3160 5022 πάντα
3175 4970 3248 5021 τὰ
3269 4968 3444 5037 χείλη
3469 4967 3544 5021 τὰ
3564 4968 3766 5034 δόλια,

485 5080 535 5126 et
569 5068 809 5138 linguam
835 5060 1258 5134 magniloquam.
1290 5054 1447 5126 Apud
1485 5052 1825 5123 Scripturatn
1859 5066 2069 5107 sacram

2183 5054 2471 5125 γλῶσσαν
2516 5059 3038 5129 μεγαλορῤήμονα.
3093 5060 3426 5131 Πολλάκιςὴ
3483 5061 3679 5134 Γραφὴ
3706 5062 3770 5115 τὸ

486 5172 868 5234 smpcnumero
900 5152 1207 5227 optativum
1243 5148 1466 5204 modum
1503 5146 1730 5202 formari
1767 5146 2069 5218 reperimus

2186 5147 2437 5204 εὐκτικὸν
2467 5152 2545 5214 είς
2584 5151 2845 5222 μέλλοντα
2875 5153 3072 5223 χρόνον
3113 5153 3468 5226 σχηματίζει,
3504 5156 3767 5227 καθάπερ

490 5234 546 5312 in
594 5256 840 5310 futurum
891 5244 1198 5312 indicativi,
1261 5243 1430 5298 veluti
1492 5254 1659 5298 nunc.
1709 5235 1877 5311 Optat
1922 5240 2069 5295 enim

2183 5244 2269 5298 ιπὶ
2296 5241 2393 5297 τοῦ
2437 5244 2725 5315 παρόντος.
2761 5244 2993 5316 Εὖχεται
3037 5246 3147 5319 γὰρ
3191 5247 3524 5321 προρρίζους
3552 5251 3771 5319 ἀφανι-

486 5346 765 5417 Propheta
788 5350 846 5399 ut
869 5340 1050 5397 dolosi
1082 5337 1305 5409 penitus
1333 5333 1656 5406 perdantur,
1685 5338 1742 5388 et
1790 5330 1826 5386 ii
1866 5329 2069 5403 pariter

2183 5337 2370 5409 σθῆναι
2392 5338 2518 5403 τοὺς
2545 5338 2752 5407 δόλους,
2783 5338 2865 5394 ἔτι
2886 5340 2942 5395 δὲ
2975 5340 3073 5395 καὶ
3104 5341 3236 5406 τοὺς
3255 5341 3769 5414 ἀλαζονευομένους

488 5440 582 5511 qui
643 5438 916 5493 adversus
957 5430 1291 5487 inﬁrmiores
1328 5441 1581 5499 quosque
1612 5425 1840 5498 gloriari
1872 5440 1937 5482 ac
1989 5426 2069 5496 ja-

2183 5432 2317 5486 κατὰ
2349 5432 2459 5487 τῶν
2490 5433 2917 5505 ἀσθενεστέρων,
2975 5434 3072 5489 καὶ
3114 5434 3330 5505 μεγάλα
3370 5438 3504 5504 περὶ
3545 5436 3766 5491 ἑαυτῶν

486 5544 636 5587 ctare
672 5546 733 5586 sc
773 5527 980 5591 solent,
1024 5531 1079 5580 et
1114 5522 1182 5579 de
1235 5520 1436 5592 seipsis
1494 5535 1688 5592 magna
1746 5519 2067 5591 praedicare.

2183 5525 2586 5596 κομπάζοντας.
2628 5528 2699 5580 Ἢ
2730 5527 2824 5581 καὶ
2857 5525 3191 5601 προφητεύει
3223 5527 3323 5599 τὴν
3369 5528 3585 5584 τούτων
3624 5546 3770 5584 παν-

1852 5702 2053 5766 Varite
2084 5703 2416 5770 lectiones.

548 5841 677 5915 (55)
711 5855 806 5909 τρο
838 5836 936 5910 τῷ·
