3956 6548
265 414 370 478 173

1395 416 1791 479 COMMENT.
1833 417 1917 477 IN
1957 419 2317 478 PSALMOS.

3398 415 3498 478 174

256 487 555 595 eiXeOpiavr
589 524 858 579 διδάσκων
904 525 959 579 δὲ
1006 526 1158 591 τίνας
1202 525 1352 596 λέγει
1393 529 1813 601 μεγαλορῤἠμο-

1924 527 2012 582 Vel
2044 545 2233 584 eorum
2285 528 2522 582 futuram
2564 529 3076 585 exterminatimrcm
3122 527 3408 598 pra‘dicit:
3447 541 3499 582 ct

255 635 364 680 νας,
400 618 692 686 ἐπήγαγεν

326 799 464 864 Τοὺς
495 801 779 866 είπόντας
809 819 823 832 ·
864 802 982 869 Τὴν
1030 802 1324 872 γλῶσσαν
1357 807 1527 876 ἡμῶν
1550 815 1814 877 μεγαλυ-

255 889 488 956 rei-per.
517 890 661 954 Τοὺς
699 893 1074 964 σκεψαμένους
1109 897 1165 948 ἐν
1203 897 1408 963 αὐτοῖς,
1452 901 1533 952 ὅτι
1562 901 1817 969 Μεγαλυ-

254 979 460 1047 νοῦμεν,
527 982 643 1052 ἦτοι
709 986 922 1052 μεγαλα
981 989 1077 1040 καὶ
1132 988 1429 1052 ἀλαζονικὰ
1483 991 1816 1061 φθέγγεσθαι

254 1073 742 1144 παρασκευάσομεν
767 1075 869 1145 τὴν
900 1077 1154 1144 γλῶσσαν
1183 1081 1363 1151 ἡμῶν.

323 1257 394 1309 Τὰ
425 1257 603 1327 χείλη
635 1257 804 1327 ἡμῶν
832 1261 972 1328 παρ’
1005 1263 1152 1331 ἡμῖν
1175 1264 1336 1330 ἐστι,
1368 1267 1460 1332 τίς
1496 1268 1669 1336 ἡμῶν
1706 1272 1820 1325 Κύ-

244 1350 368 1417 ριός
395 1350 572 1404 ἐστιν
597 1368 615 1415 ;
643 1353 908 1416 Είπόντας
934 1355 1036 1421 ἔτι,
1084 1357 1160 1420 ὡς
1211 1359 1271 1409 Ἠ
1283 1361 1403 1427 μεῖς
1430 1359 1819 1433 ἐξουσιάζομεν

252 1441 349 1492 τῶν
383 1441 612 1510 χειλέων
654 1445 832 1515 ἡμῶν,
871 1447 966 1500 καὶ
1009 1447 1198 1501 λοιπὸν
1234 1451 1356 1504 τίνα
1386 1451 1707 1524 δεδοίκαμεν
1745 1457 1820 1528 μὴ

249 1531 461 1585 τοιαῦτα
484 1534 666 1602 λέγειν
692 1551 710 1602 ;
739 1537 850 1590 Καὶ
878 1539 959 1602 τίς
986 1539 1141 1610 ήμῶν
1161 1542 1404 1614 κωλυτὴς
1436 1546 1818 1602 τῶντοιούτων

251 1623 409 1689 λόγων
433 1641 449 1688 ;

316 1716 568 1770 Ἕνεκεν
585 1717 696 1785 τῆς
724 1722 1126 1790 ταλαιπωρίας
1154 1725 1273 1778 τῶν
1296 1728 1549 1797 πτωχῶν
1579 1732 1677 1785 καὶ
1712 1734 1818 1786 τοῦ

248 1810 584 1876 στεναγμοῦ
637 1811 756 1865 τῶν
816 1815 1096 1882 πενήτων
1119 1859 1134 1883 ,
1196 1819 1313 1872 νῦν
1373 1822 1818 1894 ἀναστήσομαι,

257 1902 394 1969 λέγει
414 1905 658 1971 Κύριος.
685 1906 758 1958 Τὸ
778 1907 915 1972 νῦν,
944 1911 1064 1963 ἀντὶ
1099 1911 1193 1963 τοῦ
1223 1915 1357 1966 τότε
1385 1913 1638 1984 ληπτέον,
1677 1919 1819 1972 κατὰ

246 1992 330 2044 τὸν
351 1995 632 2063 πρέποντα
659 1999 873 2069 καιρὸν,
912 2000 978 2053 ἶν’
1075 2003 1342 2068 τοιοῦτον,
1367 2005 1442 2068 ὡς
1475 2007 1813 2077 Τηνικαῦτα,

248 2085 399 2153 φησιν
446 2087 478 2138 ὁ
512 2089 766 2159 Χριστὸς,
811 2093 1190 2164 ἁναστήσομαι
1228 2099 1326 2150 τοῦ
1376 2099 1572 2167 τάφου,
1629 2103 1814 2155 ἕνεκεν

246 2177 335 2245 τῆς
356 2179 731 2253 ταλαιπωρίας
753 2184 862 2238 τῶν
879 2186 1178 2255 δεδεμένων
1197 2192 1261 2260 τῇ
1288 2191 1461 2263 πλάνῃ
1487 2193 1554 2245 δι’
1571 2193 1812 2263 ἄγνοιαν,

243 2270 354 2339 ητις
374 2272 725 2345 ταλαιπωρία
755 2276 978 2345 γέγονεν
1005 2281 1189 2344 αὐτοῖς
1223 2285 1343 2336 ἀντὶ
1369 2285 1462 2337 τοῦ
1484 2289 1812 2357 στεναγμοῦ,

247 2362 357 2416 καθ’
383 2365 450 2434 ῆν
517 2367 941 2440 ἀποδεδώκαμεν
980 2374 1262 2443 ἐξήγησιν,
1307 2377 1701 2448 ἑρμηνεύοντες
1732 2382 1811 2448 τὸ,

249 2455 358 2506 οὐκ
373 2455 706 2513 ἐπελάθετο
722 2461 832 2528 τῆς
845 2463 1112 2532 κραυγῆς
1132 2465 1251 2519 τῶν
1263 2468 1562 2536 πενήτων.
1582 2471 1714 2542 Ἀκή
1726 2490 1814 2525 κοε

245 2546 295 2598 δὲ
318 2547 472 2602 τοῦτο
507 2552 672 2606 Δαϐὶδ
712 2558 823 2618 τοῖς
859 2561 1216 2628 προφητικοῖς
1251 2561 1374 2615 ὠσί.
1414 2563 1552 2615 Φασὶ
1583 2563 1638 2616 δέ
1669 2583 1814 2631 τινες

248 2639 448 2708 πτωχὸν
493 2642 594 2711 μὲν
623 2645 904 2700 καλεῖσθαι
930 2649 1022 2701 τὸν
1055 2651 1164 2703 ἀπὸ
1196 2652 1426 2705 πλούτου
1461 2657 1812 2721 πεπτωκότα,

248 2732 375 2784 κατὰ
411 2735 478 2786 τό
507 2751 523 2765 °
567 2738 855 2794 Πλούσιοι
888 2741 1280 2811 ἐπτώχευσαν
1313 2761 1326 2774 ο
1367 2747 1577 2813 πένητα
1608 2749 1686 2813 δὲ,
1724 2752 1815 2804 τὸν

244 2821 325 2874 διὰ
379 2826 554 2880 πόνου
595 2829 704 2882 τῶν
739 2832 956 2886 οἰκείων
989 2835 1191 2905 χειρῶν
1237 2839 1446 2911 τροφὴν
1506 2843 1812 2910 ἀναγκαίαν

244 2919 622 2989 κομιζόμενον.
658 2923 902 2978 Τοιοῦτοι
923 2926 979 2979 δὲ
999 2931 1092 2982 καὶ
1113 2933 1160 2984 oi
1182 2932 1469 2987 πιστεῦσαι
1504 2935 1810 3004 μέλλοντεςο

246 3009 336 3070 τας
361 3026 417 3061 τε
445 3010 565 3081 γὰρ
602 3013 792 3080 οὐσίας
833 3020 1262 3090 περιῃρέθησαν,
1301 3024 1393 3076 καὶ
1423 3025 1478 3078 αί
1505 3029 1685 3098 χεῖρες
1716 3031 1815 3083 αὖ·

247 3102 349 3164 τοῖς
380 3101 673 3172 διηκόνουν
703 3108 784 3170 είς
806 3107 906 3179 τὴν
938 3112 1128 3181 χρείαν
1152 3113 1244 3167 τοῦ
1272 3114 1524 3184 σώματος
1559 3137 1574 3150 ·
1605 3120 1817 3191 λαμϐά-

1919 623 2125 675 docens
2160 622 2384 691 quinam
2429 623 2463 676 ii
2508 624 2637 687 sint,
2681 623 2776 692 qui
2811 638 2965 677 suam
3010 622 3363 690 magniﬁcam
3395 623 3498 675 lin-

1919 726 2079 780 guam
2118 713 2344 781 subjicit
2377 731 2389 766 :

1993 799 2160 855 Vens.
2185 801 2237 855 5.
2263 801 2627 867 Quidizcrunt
2651 818 2667 854 :
2688 802 2949 872 Linguam
2983 820 3219 857 nostram
3254 803 3501 870 magni/i-

1919 891 2181 945 cabimus.
2220 892 2350 954 Eos,
2385 894 2584 962 inquit,
2629 895 2719 964 qui
2776 900 2913 947 intra
2965 910 3023 948 se
3059 896 3369 964 cogitarunt
3415 895 3501 946 di-

1921 996 2154 1039 centes:
2207 986 2662 1057 Magttiftcabimus
2698 986 2931 1056 linguam
2958 999 3218 1050 nostram,
3257 987 3360 1041 hoc
3395 997 3498 1049 est,

1920 1075 2119 1146 Magna
2163 1087 2214 1131 et
2241 1079 2573 1147 jactabunda
2609 1079 2858 1149 quaedam
2889 1080 3347 1149 praeparabimus,
3379 1096 3501 1151 quae

1921 1173 2107 1218 nostra
2133 1167 2390 1238 loquatur
2422 1169 2628 1240 lingua.

1991 1256 2162 1312 Labia
2197 1268 2380 1314 nostra
2401 1264 2543 1332 apud
2571 1281 2671 1317 nos
2707 1273 2854 1326 sunt,
2881 1265 2997 1332 quis
3025 1272 3205 1317 noster
3234 1261 3496 1316 Dominus

1921 1351 2044 1403 est!
2080 1349 2186 1416 Qui
2225 1362 2279 1407 et
2311 1353 2442 1408 illud
2477 1353 2741 1410 dixerunt
2772 1371 2785 1410 :
2823 1356 2934 1410 Nos
2967 1357 3237 1410 labiorum
3273 1366 3496 1409 nostro-

1922 1457 2041 1495 rum
2087 1453 2410 1512 potcstatem
2449 1447 2733 1511 habemus,
2787 1459 2840 1502 et
2891 1463 3187 1517 quemnam
3235 1446 3498 1515 deinceps

1923 1539 2241 1595 timebimus
2269 1559 2280 1593 :
2321 1551 2373 1596 ut
2412 1542 2517 1597 ista
2551 1558 2658 1596 non
2689 1543 2988 1598 dicamus?
3018 1550 3072 1596 et
3113 1542 3237 1610 quis
3265 1542 3375 1597 erit
3403 1543 3496 1609 qui

1921 1647 2205 1688 sermones
2222 1644 2458 1696 nostros
2481 1647 2795 1706 compescat
2821 1638 2844 1690 ?

1993 1725 2160 1780 Vens.
2210 1725 2263 1783 6.
2324 1731 2549 1798 Propter
2583 1730 2851 1784 miseriam
2894 1729 3107 1797 inopum
3153 1738 3203 1782 et
3241 1728 3498 1798 gemitum

1920 1834 2210 1885 pauperum
2267 1839 2405 1876 nunc
2454 1838 2758 1894 exsurgam,
2812 1823 2944 1876 dicit
3001 1821 3282 1877 Dominus.
3319 1819 3500 1874 Dictio

1923 1929 2060 1964 nunc
2089 1929 2186 1983 pro
2216 1923 2337 1967 tunc
2359 1917 2677 1986 accipienda
2715 1927 2819 1982 est,
2877 1918 2981 1971 hoc
3013 1927 3118 1983 est,
3143 1933 3265 1970 cum
3296 1929 3501 1985 oppor--

1921 2013 2113 2056 tnnum
2149 2013 2365 2075 tempus
2411 2007 2596 2073 iuuerit,
2635 2019 2692 2063 ut
2726 2010 2797 2064 sit
2833 2025 3032 2064 sensus
3066 2025 3079 2063 :
3111 2008 3289 2074 Tunc,
3322 2009 3500 2078 inquit

1922 2097 2202 2165 Christus,
2259 2115 2539 2170 resurgam
2601 2119 2632 2157 e
2688 2104 2969 2172 sepultura
3025 2114 3250 2172 propter
3301 2118 3525 2170 eorunt

1931 2188 2230 2253 miseriam,
2252 2192 2343 2260 qui
2373 2191 2688 2261 ignoranter
2720 2196 2772 2247 in
2799 2210 3040 2249 errorem
3060 2197 3322 2266 captivati
3347 2211 3498 2255 sunt.

1930 2278 2146 2336 Miseria
2197 2292 2378 2337 autem
2418 2285 2507 2338 illa
2539 2286 2795 2340 clamoris
2839 2289 2958 2342 loco
2986 2287 3068 2343 eis
3105 2288 3211 2343 fuit
3237 2301 3288 2345 et
3326 2294 3500 2362 gemi-

1926 2382 2014 2428 tus
2049 2391 2062 2426 :
2091 2373 2245 2443 juxta
2269 2391 2330 2430 ea
2360 2393 2481 2447 qua!
2512 2379 2766 2450 superius
2807 2379 3050 2434 diximus
3082 2382 3133 2434 in
3167 2381 3386 2438 Psalmo
3419 2401 3497 2450 ιχ,

1919 2465 1991 2518 ibi
2027 2483 2041 2518 :
2073 2465 2194 2520 Non
2233 2476 2310 2521 est
2342 2469 2537 2522 oblitus
2567 2448 2849 2522 clamorem
2875 2486 3187 2538 pauperum.
3226 2472 3340 2528 Dici
3369 2490 3498 2530 vero

1919 2556 2036 2610 hmc
2084 2571 2114 2609 a
2152 2557 2383 2611 Domino
2417 2560 2679 2614 audiebat
2710 2560 2900 2615 beatus
2941 2561 3106 2616 David
3159 2566 3498 2633 propheticis

1918 2649 2148 2704 auribus
2181 2651 2320 2705 suis.
2354 2650 2715 2720 lnops,juxta
2753 2651 2925 2707 Grmci
2961 2653 3201 2710 nominis
3231 2658 3500 2727 etymolo-

1916 2741 2087 2811 giam,
2120 2741 2165 2796 is
2192 2742 2416 2806 dicitur,
2450 2745 2542 2814 qui
2576 2761 2604 2797 a
2639 2754 2782 2798 statu
2823 2760 2927 2798 suo
2961 2745 3190 2809 decidit,
3239 2764 3400 2818 quem
3443 2760 3499 2804 et

1918 2846 2020 2886 nos
2053 2832 2288 2888 dicimus
2318 2836 2476 2904 quasi
2507 2837 2618 2889 sine
2653 2839 2858 2904 opibus,
2905 2837 3059 2906 juxta
3090 2839 3222 2893 iliu-d
3254 2858 3267 2893 :
3308 2839 3498 2906 Inopes

1917 2921 2051 2990 [acti
2073 2933 2193 2976 sunt
2219 2923 2427 2979 divites.
2463 2925 2675 2995 Pauper
2701 2942 2828 2980 vero
2855 2927 3011 2997 juxta
3047 2930 3293 2984 eamdem
3321 2931 3494 2986 Graeci

1919 3018 2160 3071 nominis
2200 3017 2611 3088 etymologiam,
2653 3018 2699 3073 is
2743 3020 2849 3073 dici
2899 3029 3098 3090 potest,
3135 3022 3228 3092 qui
3273 3025 3495 3094 proprio

1922 3109 2109 3164 labore
2155 3111 2526 3165 necessarium
2574 3111 2676 3165 sibi
2716 3111 2920 3166 victum
2966 3125 3145 3184 parat,
3181 3116 3494 3186 eujusmodi

245 3208 381 3246 νεται
435 3196 506 3248 δὲ
547 3199 807 3264 πολλάκις
858 3204 954 3256 καὶ
1013 3205 1346 3278 ἀδιαφόρως,
1401 3212 1520 3264 ἀντὶ
1577 3213 1808 3286 θατέρου

1924 3200 2072 3255 [uere
2104 3217 2296 3257 onmes
2347 3203 2441 3270 qui
2503 3203 2663 3273 primi
2712 3205 2873 3260 lldcm
2922 3209 3237 3277 suscepturi
3289 3221 3492 3279 erant;

245 3280 491 3356 θάτερον.
523 3289 680 3344 Ἐστι
709 3293 767 3345 δὲ
798 3296 889 3348 καὶ
935 3295 1108 3361 ἄλλως
1143 3301 1352 3353 ειπεῖνο
1382 3303 1550 3370 Φησὶν
1578 3305 1605 3357 ὁ
1636 3280 1807 3369 Θεδςο

245 3374 334 3426 Διὰ
369 3378 476 3448 τὴν
505 3380 885 3454 ταλαιπωρίαν
919 3387 1008 3440 καὶ
1043 3387 1135 3441 τὸν
1161 3391 1464 3461 στεναγμὸν
1512 3394 1620 3448 τῶν
1644 3415 1812 3450 κατα·

245 3469 627 3536 πονουμένων,
669 3472 766 3525 νῦν
813 3479 1208 3548 κινηθήσομαι,
1238 3484 1552 3548 τουτέστιν,
1589 3487 1812 3554 αὐτίκα,

243 3552 414 3618 εὐθὺς,
445 3561 685 3627 ταχέως.
717 3562 1048 3637 Θεοπρεπῶς
1070 3567 1128 3622 δὲ
1157 3571 1266 3623 νόει
1292 3571 1351 3624 τὸ
1375 3552 1810 3646 Κινηθιὶσομαι,

243 3647 328 3698 καὶ
351 3649 410 3702 τὸ
445 3651 705 3719 Ἀμννῶ,
728 3657 776 3709 εί
800 3660 892 3712 καὶ
915 3659 1549 3737 ἀνθρωποπρεπέστερον
1573 3668 1809 3740 εἴρηται.

1911 3293 2114 3362 quippe
2136 3294 2227 3364 qui
2257 3294 2416 3349 bonis
2442 3295 2698 3351 omnibus
2723 3299 2946 3368 privati,
2974 3300 3210 3370 propriis
3237 3305 3494 3360 manibus

1915 3388 2228 3441 necessaria
2268 3388 2372 3442 sibi
2419 3389 2603 3442 omnia
2637 3402 3017 3459 paraverunt:
3067 3397 3283 3452 tametsi
3324 3413 3495 3468 smpe-

1911 3495 2143 3532 numero
2178 3480 2490 3549 promiscue
2536 3481 2768 3536 alterum
2814 3499 2912 3550 pro
2951 3485 3129 3541 altero
3162 3489 3486 3558 accipiatur.

1911 3572 2210 3627 Possumus
2231 3581 2286 3628 et
2316 3573 2478 3628 aliter
2502 3573 2709 3638 dicere.
2740 3574 2884 3631 Deus
2906 3588 3130 3650 propter
3163 3580 3489 3636 amictornm

1909 3664 2144 3735 gemitus
2189 3673 2244 3718 et
2287 3665 2588 3730 miseriam,
2631 3667 2767 3721 dixit
2804 3686 2816 3721 :
2869 3669 3026 3725 Nunc
3073 3673 3360 3739 movebor,
3392 3690 3489 3729 seu

243 3739 499 3809 ulciscar,
538 3745 641 3801 hoc
670 3756 774 3814 est,
808 3750 918 3805 cito
948 3767 1013 3806 ac
1043 3755 1227 3810 statim
1266 3757 1316 3810 id
1347 3755 1570 3815 faciam.
1613 3739 1876 3819 Decenter
1892 3772 2077 3818 tamen
2113 3773 2175 3811 ac
2206 3757 2371 3826 digne
2411 3756 2522 3814 Deo
2558 3758 2801 3831 intellige
2837 3761 3000 3817 verba
3047 3763 3135 3818 illa
3164 3783 3178 3820 :
3213 3764 3488 3840 Movebor,

239 3844 332 3887 et:
380 3831 658 3892 Vindicem
680 3853 909 3905 tantam,
967 3843 1181 3898 tametsi
1244 3845 1486 3902 humano
1536 3850 1772 3922 quodam
1815 3865 1966 3907 more
2003 3848 2150 3902 dicta
2181 3855 2332 3902 sunt.

306 3930 582 4000 ϐήσομαι
611 3933 681 3987 ἐν
700 3937 990 4004 σωτηρίῳ,
1014 3940 1503 4011 παρῤησιὰσομαι
1529 3943 1600 3996 ἐν
1629 3945 1813 4012 αὐτῷ.

241 4021 636 4093 Μνημονεύσας
673 4027 774 4097 τῆς
805 4029 1178 4094 ἀναστάσεως,
1214 4034 1549 4104 μνημονεύει
1580 4037 1674 4090 καὶ
1715 4039 1813 4110 τῆς

240 4117 431 4186 ταφῆς,
467 4119 820 4188 ἀναστρέψας
853 4121 943 4174 τὸν
983 4122 1142 4191 λόγον
1179 4124 1272 4176 ἐπὶ
1300 4128 1392 4178 τὸν
1436 4127 1527 4180 διὰ
1577 4131 1811 4202 σταυροῦ

239 4207 487 4261 θάνατον.
525 4212 643 4264 Ἔτι
680 4213 811 4284 γὰρ,
839 4216 992 4283 φησὶ,
1023 4217 1116 4268 καὶ
1149 4217 1308 4270 τοῦτο
1342 4219 1490 4286 λέγει
1523 4223 1550 4274 ὁ
1584 4222 1810 4292 Κύριος,

240 4301 316 4352 ὅτι
365 4303 720 4374 Τεθήσομαι,
771 4308 1041 4370 τουτέστι,
1109 4315 1575 4382 προσπαγήσομαι
1625 4319 1682 4369 ὲν
1736 4317 1814 4388 τῷ

242 4397 479 4466 σταυρῷ.
541 4395 744 4452 Τοῦτον
802 4402 912 4470 γὰρ
978 4402 1322 4472 ὑποληπτέον
1377 4409 1662 4479 σωτήριον.
1723 4411 1815 4481 Τῷ

240 4486 418 4556 δόρατι
459 4488 572 4560 γὰρ
604 4491 698 4543 τοῦ
747 4493 984 4564 σταυροῦ
1031 4497 1449 4568 κατακοντήσας
1491 4501 1581 4552 τὸν
1612 4501 1812 4573 τύραν-

241 4597 345 4646 νον,
384 4582 594 4635 ἔσωσεν
637 4585 807 4653 ἡμᾶς,
864 4585 958 4638 καὶ
1017 4585 1161 4640 σώαν
1209 4588 1308 4660 τὴν
1363 4591 1682 4662 ἐλευθερίαν
1716 4594 1814 4664 τῆς

243 4672 447 4744 πλάνης
491 4675 788 4745 ἐχαρίσατο
814 4691 829 4706 ⁶
861 4678 958 4731 καὶ
997 4679 1361 4745 ἀσθενοῦντας
1405 4684 1561 4753 πρὶν,
1602 4684 1810 4756 ἕρῤωσε

1990 3942 2282 3997 Ponam'in
2333 3943 2596 4007 salutari,
2653 3944 2816 4005 iibere
2874 3965 3033 4020 agam
3095 3953 3147 4006 iu
3198 3971 3282 4009 eo.
3349 3957 3488 4010 Cum

1911 4037 1979 4092 dc
2031 4034 2435 4090 resurrectione
2499 4038 2842 4104 meminerit,
2897 4044 3144 4098 meminit
3192 4056 3248 4100 et
3303 4055 3488 4119 sepul-

1915 4141 2052 4185 turae
2095 4143 2402 4185 sermonem
2450 4129 2658 4184 faciens
2687 4131 2754 4186 de
2799 4143 2973 4188 morte.
3011 4152 3174 4205 quam
3222 4139 3276 4196 in
3327 4158 3491 4199 cruce

1912 4223 2232 4279 sustinuit:
2288 4237 2356 4276 ex
2395 4221 2598 4277 Christi
2652 4224 2796 4276 enim
2872 4240 3105 4294 persona
3155 4229 3269 4286 lucc
3321 4235 3485 4288 etiam

1914 4315 2056 4370 dicta
2087 4323 2239 4368 sunt.
2267 4311 2687 4382 Ponar,inquit.
2723 4315 2823 4369 hoc
2853 4325 2939 4372 est
2974 4318 3190 4390 inﬁgar,
3216 4323 3267 4377 in
3301 4340 3488 4390 cruce,

1912 4423 2076 4476 quam
2128 4407 2370 4462 salutare
2425 4406 2557 4460 illud
2588 4423 2712 4463 esse
2749 4410 3044 4475 credimus,
3085 4414 3152 4468 de
3186 4431 3296 4484 quo
3345 4435 3491 4473 nunc

1915 4499 2184 4568 loquitur,
2223 4499 2427 4568 quippe
2476 4515 2599 4554 cum
2640 4501 2746 4554 hoc
2775 4503 2961 4557 crucis
2991 4503 3195 4573 jaculo,
3234 4509 3492 4568 Christus

1917 4600 2208 4662 tyrannum
2235 4588 2538 4644 daemonem
2573 4593 2912 4649 transﬁxerit
2948 4616 2959 4650 :
3009 4599 3152 4653 unde
3178 4611 3235 4655 et
3261 4604 3492 4658 salvavit

1918 4697 2044 4745 nos,
2076 4691 2129 4736 et
2159 4682 2464 4736 libertatem
2497 4684 2658 4740 nobis
2685 4687 2965 4743 erroribus
2992 4689 3218 4746 liberam
3249 4709 3312 4749 ac
3345 4698 3496 4750 salt.-

243 4765 378 4818 κατὰ
409 4766 524 4821 τῶν
548 4767 821 4838 δαιμόνων
843 4786 857 4800 ο
887 4772 1374 4842 παρῤησιὰσομαι
1405 4773 1462 4825 δὲ
1520 4775 1593 4828 ἐν
1627 4776 1807 4841 αὐτῷ,

1924 4785 2091 4828 larem
2126 4774 2346 4828 donavit
2371 4791 2386 4833 :
2413 4784 2467 4829 et
2504 4786 2816 4832 cum‘antca
2851 4781 3050 4836 infirmi
3081 4799 3352 4851 essemus,
3380 4789 3493 4844 for-

243 4859 538 4922 τουτέστιν,
576 4859 634 4910 ὲν
657 4858 806 4927 αὐτῷ
835 4858 1181 4929 δημοσιεύσω
1214 4862 1312 4931 τὴν
1334 4862 1815 4933 ὲπικρυπτομένην

242 4949 296 4999 ἐν
331 4951 456 5019 ἐμοὶ
503 4949 741 5019 δύναμιν
775 4967 792 4984 ⁶
827 4951 1095 5025 διερῤἀγη
1146 4953 1256 5023 γὰρ
1289 4957 1349 5007 τί,
1386 4956 1812 5026 καταπέτασμα,

240 5040 267 5092 6
316 5043 470 5111 ἣλιος
512 5044 826 5112 ἐσκοτίσθη,
878 5045 934 5096 αἱ
989 5049 1184 5117 πέτραι
1242 5045 1596 5117 ἐσχίσθησαν,
1653 5049 1686 5118 η
1739 5049 1812 5120 γῆ

241 5131 472 5203 ἐσείσθη,
501 5134 596 5187 καὶ
632 5136 734 5188 ὅσα
758 5135 878 5189 τότε
911 5139 1200 5206 γεγόνασιν
1225 5139 1462 5204 ἐξαίσια.
1494 5141 1564 5193 Ἦ
1611 5141 1774 5194 πάλιν
1795 5157 1809 5172 ’

240 5225 482 5294 θήσομαι
541 5227 740 5290 αὐτοὺς
799 5229 880 5292 είς
945 5231 1241 5302 σωτηρίαν,
1307 5232 1478 5302 ἤγουν
1533 5234 1808 5302 σωτηρίας

240 5315 475 5382 ἀξιώσω,
507 5319 602 5371 καὶ
631 5320 1082 5391 παρρησιάσομαι
1119 5323 1177 5375 ὲν
1200 5325 1268 5394 τῇ
1299 5323 1524 5396 τοιαύτῃ
1563 5326 1806 5396 σωτηρίᾳ.

240 5409 438 5476 αὐτῶν,
474 5411 641 5482 ἢγουν
673 5411 996 5482 φανερὼσω,
1024 5411 1184 5478 δείξω
1207 5413 1306 5485 τὴν
1342 5417 1516 5486 ἰσχύν.

1916 4875 1998 4920 tes
2049 4875 2240 4920 contra
2306 4868 2583 4923 daemones
2646 4870 2902 4928 reddidit.
2965 4873 3122 4941 Quod
3178 4895 3306 4934 vero
3363 4883 3490 4939 ait:

1914 4953 2100 5009 Libere
2134 4975 2290 5028 agam
2335 4960 2387 5013 in
2425 4977 2507 5026 eo,
2573 4962 2712 5018 idem
2756 4965 2860 5020 sibi
2915 4969 3032 5022 vult
3064 4986 3126 5024 ac
3172 4973 3220 5028 si
3266 4975 3492 5041 diceret,

1914 5049 2060 5117 quod
2093 5049 2146 5103 in
2182 5052 2297 5120 ipsa
2332 5067 2498 5108 cruce
2531 5055 2832 5124 publicabit
2864 5073 2926 5113 ac
2969 5060 3136 5117 libere
3187 5066 3494 5133 propalabit

1915 5142 2188 5196 occultam
2232 5153 2426 5209 antea,
2463 5155 2624 5215 atque
2675 5151 2918 5219 ignotam
2959 5155 3258 5222 potentiam
3310 5172 3490 5214 suam.

1915 5232 2049 5287 Nam
2079 5243 2134 5291 et
2164 5237 2343 5292 velum
2370 5240 2551 5309 templi
2583 5249 2712 5297 tunc
2745 5243 2978 5299 Scissum
3008 5258 3109 5312 est,
3142 5256 3194 5302 et
3225 5249 3306 5302 sol
3338 5251 3493 5307 obte-

1918 5327 2204 5392 nebratus,
2233 5338 2288 5384 et
2321 5337 2466 5386 terra
2499 5344 2794 5401 commota,
2821 5345 2876 5391 et
2919 5346 3083 5404 petra:
3125 5338 3390 5407 discissae,
3434 5358 3492 5398 et.

1913 5419 2237 5476 admiranda
2289 5422 2396 5476 alia
2451 5427 2816 5496 contigerunt.
2881 5425 2975 5483 Vel
3039 5431 3246 5486 aliter:
3309 5434 3490 5506 [quia

238 5503 484 5560 Gnaeum
506 5507 734 5560 verbum
767 5506 1040 5578 θήσομαι,
1069 5516 1126 5562 ut
1153 5509 1395 5562 futurum
1473 5511 1733 5573 medium,
1790 5521 1897 5563 tam
1937 5513 2170 5566 activam
2225 5530 2388 5584 quant
2445 5520 2716 5586 passivam
2785 5519 3239 5590 signiﬁcationem
3305 5529 3490 5591 habet,

236 5600 411 5670 legere
463 5613 614 5671 potes
665 5600 774 5655 alio
804 5603 967 5659 modo
999 5611 1013 5656 ‘:
1045 5602 1246 5659 Ponant
1292 5606 1348 5659 iu
1381 5605 1632 5662 salutari.
1671 5606 1776 5658 hoc
1810 5606 1940 5671 est],
1973 5605 2176 5662 Ponant
2204 5624 2299 5663 eos
2333 5610 2384 5663 in
2416 5611 2650 5665 salutem
2681 5630 2694 5666 :
2729 5611 2832 5667 hoc
2871 5622 2956 5669 est
2984 5617 3177 5670 faciam
3242 5635 3334 5675 cos
3403 5638 3493 5676 sa»

240 5699 348 5753 lute
416 5696 646 5766 dignos;
702 5697 758 5751 in
807 5697 1118 5766 hujnsmodi
1166 5701 1332 5754 etiam
1395 5701 1572 5756 salute
1625 5699 1794 5754 libere
1825 5714 2033 5766 agam:
2083 5702 2185 5757 hoc
2239 5712 2326 5758 est
2364 5703 2530 5759 libere
2577 5705 2794 5775 loquar,
2867 5717 2921 5764 et
2989 5711 3166 5780 palam
3233 5717 3490 5770 omnibus

239 5791 526 5846 declarabo
553 5792 700 5847 vires
734 5807 904 5848 meas.

311 5888 384 5939 Τὰ
409 5888 581 5956 λόγια
631 5889 874 5958 Kvplov,
925 5891 1102 5960 ,λόγια
1138 5891 1312 5959 ἁγνά.
1351 5891 1533 5946 Εἰπὼν
1565 5893 1644 5945 ὅτι
1676 5891 1802 5946 τάδε

1983 5892 2149 5944 Vens.
2175 5889 2230 5943 7.
2268 5888 2494 5959 Eloquia
2526 5890 2738 5977 Domini
2764 5894 2974 5965 eloquia
3006 5905 3178 5952 casta.
3214 5895 3347 5950 Cum
3381 5892 3486 5946 Dos
