3970 6536
208 459 300 515 185

1323 472 1720 539 COMMENT.
1749 470 2235 541 INZPSALMOS.

3323 485 3427 544 18b

203 573 253 626 ἐν
280 572 418 643 φόϐῳ
444 571 599 637 Θεοῦ,
633 566 694 628 οὗ
724 575 886 646 φόϐος
918 577 1018 633 ούκ
1044 575 1110 652 ἦν
1142 581 1269 652 παρ’
1289 582 1474 647 αὐτοῖς
1498 587 1604 656 πρὸ
1627 586 1732 640 πεί·

1850 585 2012 653 dixit,
2056 587 2184 655 quia
2226 585 2483 643 Israelitae
2534 603 2730 645 omnes
2782 605 2848 645 ex
2904 603 3014 644 una
3049 597 3179 646 sunt
3212 589 3423 647 radice.

206 680 306 734 ρας.
343 663 444 716 Καὶ
464 664 572 735 γὰρ
607 666 768 730 αὐτὸς
805 663 874 738 ἦν
902 670 930 722 6
956 669 1088 734 Θεὸς
1125 669 1183 723 ἐν
1211 671 1288 739 τῷ
1321 673 1470 742 γένει
1495 675 1603 727 τῶν
1643 693 1740 728 πο-

201 752 574 820 λιορκουμένων
598 754 887 823 Ἰουδαίων,
931 757 1069 827 ὑπὲρ
1100 759 1279 812 αὐτῶν
1313 763 1638 832 μαχόμενος.
1671 765 1740 816 Ἢ

203 843 280 895 καὶ
304 841 598 896 ἐδειλίασαν
642 846 698 897 ἐν
731 845 882 916 φόϐῳ
906 846 1001 900 τοῦ
1030 848 1297 913 Ἐζεκίου,
1324 844 1386 903 οὗ
1416 853 1516 904 ούκ
1549 848 1617 923 ἦν
1646 855 1741 922 φό-

202 935 299 997 ϐος,
335 935 527 1004 μᾶλλον
562 937 1027 1017 ύποπτήσσοντος,
1072 940 1166 992 καὶ
1209 941 1306 1011 τὴν
1336 940 1528 1010 αὔριον
1573 960 1742 1015 προσ-

200 1026 434 1092 δοκῶντος
461 1029 601 1098 μετά
627 1030 735 1081 τῶν
775 1031 872 1084 σὺν
917 1030 1065 1100 αύτῷ
1100 1031 1310 1097 πάντας
1343 1034 1700 1105 ἀναιρεθῆναι
1724 1053 1739 1068 ’

201 1121 674 1190 κατασψαττόμενοι
700 1125 807 1195 γὰρ
843 1125 890 1176 οἱ
921 1125 1220 1197 Ἀσσύριοι,
1266 1128 1487 1183 ἐδόκουν
1509 1133 1617 1185 ἀπὸ
1650 1132 1744 1187 τοῦ

201 1209 434 1278 βασιλέως
459 1211 732 1266 Ἰουδαίων
783 1214 1112 1286 ἀνῃρῆσθαι,
1146 1219 1240 1271 καὶ
1283 1218 1362 1271 ὅτι
1385 1219 1518 1284 Θεός
1545 1223 1694 1275 ἐστιν
1718 1224 1746 1277 6

199 1303 309 1366 Θεὸς
349 1304 628 1376 Ἐϐραίων,
673 1307 883 1378 βοηθῶν
924 1310 1148 1377 αὐτοῖς,
1193 1313 1448 1369 ἐντεῦθεν
1496 1315 1743 1384 ἐμάνθα-

199 1413 271 1446 νον
276 1435 289 1448 .

1850 677 1941 734 Vel
1988 680 2190 734 aliter:
2227 679 2350 733 Illic
2384 681 2801 750 trepidaturum,
2846 682 3224 738 Sennacherib
3253 683 3421 737 nimi.

1849 785 1992 835 rum,
2022 779 2076 824 et
2099 772 2194 840 qui
2223 786 2347 826 cum
2379 788 2445 828 eo
2477 785 2655 840 erant,
2693 775 2892 830 timore
2946 775 3066 839 Dei,
3102 776 3261 844 cujus
3304 774 3421 841 Dei,

1851 871 2146 931 antequam
2214 866 2653 933 experimentum
2713 867 2820 922 hoc
2865 877 3170 932 sumerent,
3234 869 3426 922 nullus

1848 954 1995 1021 apud
2014 967 2112 1007 eos
2143 953 2322 1009 fuerat
2347 957 2534 1014 timor.
2573 958 2636 1013 Et
2670 973 2834 1014 causa
2867 974 3035 1028 quare
3066 960 3418 1030 postmodum

1848 1044 2155 1106 timuerint.
2189 1047 2290 1102 hoc
2324 1051 2599 1104 versiculo
2637 1050 2884 1105 declarat
2934 1051 3201 1118 Propheta
3237 1069 3251 1105 :
3287 1053 3418 1119 auia

1845 1133 2057 1188 scilicet
2084 1134 2226 1191 Deus
2251 1137 2308 1191 in.
2328 1137 2642 1194 Judaeornm
2667 1141 3022 1196 obsessorum
3061 1141 3419 1211 generatione

1843 1224 2058 1292 aderat,
2089 1237 2144 1283 et
2178 1243 2278 1298 pro
2322 1233 2405 1286 eis
2436 1234 2736 1304 pugnabat.
2789 1232 2882 1286 Vel
2915 1232 3076 1288 aliter
3114 1247 3130 1287 :
3158 1230 3422 1302 Trepida-

1841 1327 2042 1371 veruut
2093 1320 2334 1390 Assyrii,
2383 1325 2582 1378 timore
2628 1323 2878 1379 Ezechiae
2907 1324 3074 1393 regis,
3109 1322 3271 1392 cujus
3309 1337 3424 1375 non

1843 1420 1961 1464 erat
1987 1413 2184 1478 timor;
2229 1416 2332 1470 hoc
2362 1426 2450 1472 est
2493 1418 2588 1486 qui
2619 1417 2798 1471 timeri
2830 1431 2938 1471 non
2987 1414 3242 1478 debebat,
3295 1427 3420 1466 cum

198 1493 293 1561 ipse
319 1493 488 1560 potius
521 1492 592 1546 ab
613 1493 696 1549 eis
723 1493 959 1550 maxime
991 1494 1332 1557 formidaret.
1354 1509 1808 1572 exspectat-etque
1839 1519 1898 1560 se
1928 1522 2034 1560 una
2069 1524 2196 1564 cum
2246 1512 2500 1567 universo
2561 1513 2784 1582 pepulo,
2837 1509 3092 1580 sequenti
3183 1508 3273 1562 die
3335 1509 3425 1560 in-

198 1586 520 1641 terimendum
563 1599 712 1643 esse:
739 1586 872 1642 Nam
910 1605 1034 1645 cum
1085 1593 1469 1648 occiderentur
1515 1595 1750 1667 Assyrii,
1793 1601 2180 1658 existimarunt
2241 1623 2301 1664 se
2329 1623 2358 1661 a
2389 1606 2704 1663 Judmorum
2776 1621 2902 1675 rege
2956 1605 3159 1662 occidi.
3209 1602 3286 1657 Ex
3338 1601 3423 1656 his

197 1679 348 1772 itaque
379 1690 774 1750 cognoverunt,
815 1684 1276 1753 quemadmodum
1328 1687 1470 1743 Deus
1511 1688 1854 1758 Jnd.eorum,
1881 1711 2041 1753 verus
2067 1699 2212 1756 Deus
2275 1713 2382 1770 cst,
2407 1719 2531 1758 cum
2569 1712 2777 1758 tantam
2843 1700 3042 1772 popqu
3109 1713 3268 1770 opem
3336 1707 3424 1750 tu-

195 1771 312 1826 Ieril.

248 1865 468 1930 Βουλὴν
498 1867 746 1937 πτωχοῦ
789 1870 1240 1938 κατῃσχύνατε,
1299 1874 1334 1926 ό
1394 1871 1464 1926 δὲ
1520 1875 1732 1941 Κύριος

1915 1877 2209 1932 Consilium
2229 1882 2400 1950 inapis
2425 1882 2768 1950 confudistis,
2798 1883 3056 1936 Dominus
3089 1891 3267 1935 autem
3305 1871 3424 1948 spe‘

193 1956 339 2021 ἐλπὶς
366 1958 548 2012 αὐτοῦ
577 1959 740 2013 ἐστι.
779 1959 949 2013 Τοῦτο
975 1962 1124 2030 λέγει
1154 1964 1289 2031 πρὸς
1345 1965 1471 2026 τοὺς
1540 1966 1730 2018 Ἀσσυ-

1842 1975 1954 2042 (ius
1990 1983 2092 2028 est.
2120 1973 2200 2026 Ad
2227 1975 2489 2045 Assyrios
2515 1990 2830 2029 sermonem
2881 1973 3092 2044 dirigit.
3156 1971 3288 2034 Vos,
3337 1971 3425 2024 in-

194 2049 332 2116 ρίους,
363 2051 440 2103 ὅτι
470 2049 860 2119 Ἐφαυλίσατε,
886 2055 982 2107 καὶ
1000 2054 1390 2126 ἐξουθενήσατε
1417 2055 1519 2126 τὴν
1546 2058 1738 2127 σκέψιν

191 2140 242 2210 ἦν
260 2140 507 2210 ἐσκέψατο
548 2142 806 2210 Ἐζεκίας
843 2146 871 2199 6
923 2150 1161 2220 πτωχὸς.
1212 2151 1336 2204 ὅσον
1371 2154 1463 2206 ἐπὶ
1515 2157 1580 2224 τῇ
1641 2155 1736 2208 τοῦ

193 2232 394 2302 πολέμου
426 2241 781 2309 παρασκευῇ,
850 2240 1244 2296 Ἐϐουλεύσατο
1272 2245 1348 2310 δὲ,
1397 2245 1506 2299 τῶν
1561 2247 1736 2302 ἄλλων

192 2326 408 2381 ἁπάντων
438 2329 735 2397 ἀπογνοὺς,
771 2334 828 2385 ἐν
859 2335 1048 2405 σάκκῳ
1103 2337 1196 2388 καὶ
1248 2336 1426 2407 σποδῷ
1491 2356 1737 2408 καταφυ-

191 2420 283 2482 γεῖν
306 2420 380 2482 είς
405 2421 562 2476 Θεόν.
599 2425 665 2477 Ὃ
699 2425 1092 2496 μεμαθηκότες
1123 2429 1170 2480 οἱ
1201 2428 1297 2481 τοῦ
1367 2431 1736 2501 Σεναχηρεὶμ,

190 2508 606 2583 ὃιεκωμῴδησαν,
635 2515 712 2579 ὡς
747 2517 1046 2586 ἀνωφελές.
1082 2519 1273 2590 Ὑμεῖς
1307 2521 1404 2589 μὲν
1431 2518 1544 2583 οὖν,
1577 2524 1734 2592 φησι,

191 2603 524 2672 κατῃσχύνατε
558 2605 660 2678 τὴν
695 2608 894 2679 βουλὴν
927 2610 1093 2663 αὐτοῦ
1123 2629 1137 2641 ·
1173 2612 1334 2676 αὐτὸς
1381 2613 1440 2667 δέ
1498 2615 1589 2668 τὸν
1619 2615 1734 2668 Κύ-

194 2708 285 2761 ριον
306 2693 484 2751 ἐλπίδα
515 2697 658 2768 ἔχει,
697 2699 1012 2770 προσδοκῶν
1039 2703 1204 2756 αὑτὸν
1229 2704 1390 2773 μόνον
1425 2704 1589 2775 ἔχειν.

247 2864 324 2928 Τίς
350 2865 522 2920 δώσει
548 2868 622 2922 ἐκ
655 2869 809 2922 Σιὼν
839 2872 904 2925 τὸ
943 2873 1243 2942 σωτήριον
1273 2875 1379 2930 τοῦ
1427 2878 1673 2946 Ἰσραήλ
1711 2895 1731 2944 ;

189 2953 264 3016 Τίς
294 2957 393 3009 τῶν
418 2961 826 3016 κατοικούντων
850 2967 907 3016 ἐν
947 2965 1106 3030 Σιὼν,
1132 2967 1294 3022 δώσει
1320 2970 1420 3040 τὴν
1454 2972 1729 3042 σωτηρίαν

193 3047 280 3098 τῶν
318 3051 693 3125 Ἰσραηλιτῶν,
735 3059 877 3127 ἄγαν
907 3061 1298 3131 ἠσθενηκότων
1333 3065 1473 3130 ςκαὶ
1498 3065 1588 3126 τίς
1629 3067 1729 3118 ac"

190 3142 291 3203 τοὺς
316 3145 530 3213 ῥύσεται
559 3149 672 3202 τῶν
716 3152 918 3220 χειρῶν
968 3153 1064 3206 τοῦ
1119 3155 1462 3227 Σεναχηρείμ
1495 3173 1510 3222 ;
1544 3158 1733 3221 Οὐδεὶς

191 3231 472 3302 ἀνθρώπων,
519 3240 571 3291 εί
607 3240 682 3310 μὴ
718 3242 746 3294 6
784 3242 936 3307 Θεὸς,
967 3245 1052 3310 ἐφ’
1072 3243 1130 3297 ὃν
1158 3245 1416 3314 ἤλπισαν.
1444 3247 1553 3301 Καὶ
1575 3240 1731 3310 οὗτος

190 3325 276 3396 γὰρ
294 3327 344 3380 ἐν
370 3329 442 3400 τῷ
472 3330 594 3400 ναῷ
626 3332 727 3400 τῆς
749 3332 887 3386 Σιὼν
914 3335 1089 3388 ἐδόκει
1111 3338 1304 3391 οἰκεῖν.

257 3512 340 3565 Ἑν
366 3515 440 3580 τῷ
470 3516 835 3586 ἐπιστρέψαι
867 3522 954 3586 είς
985 3523 1102 3586 τὴν
1147 3525 1572 3592 αἰχμαλωσίαν
1624 3527 1731 3581 τοῦ

189 3604 312 3658 λαοῦ
339 3608 544 3672 αὐτοῦ,
573 3611 1008 3679 ἀγαλλιάσεται
1051 3616 1263 3670 Ἰακὼό
1307 3620 1403 3671 καὶ
1471 3621 1730 3689 εὐφραν-

191 3695 399 3760 θήσεται
428 3703 703 3770 Ἰσραήλ.
747 3706 1140 3776 Αίχμαλωσίαν
1167 3710 1264 3778 μὲν
1293 3710 1464 3779 λέγει,
1493 3714 1553 3766 ού
1587 3731 1733 3782 γενο.

193 3787 351 3857 μένην,
387 3793 525 3846 ἀλλὰ
549 3794 817 3849 δοκοῦσαν
844 3797 1029 3860 αὐτοῖς
1081 3799 1186 3853 ὑπὸ
1222 3799 1318 3853 τοῦ
1343 3803 1730 3874 ἐπηρτημένου

191 3879 329 3945 ςόϐου
368 3885 466 3955 τῆς
491 3887 617 3940 ὅσον
648 3888 802 3943 οὔπω
832 3890 1086 3956 ἁλώσεως
1113 3910 1126 3925 ο
1156 3894 1567 3967 κεκυκλωμένοι
1598 3899 1732 3970 γὰρ,

191 3974 267 4025 καὶ
292 3981 747 4048 σεσαγηνευμένοι
795 3985 918 4043 ταῖς
949 3986 1197 4055 αἰχμαῖς,
1225 3988 1428 4055 τρόπον
1449 3989 1572 4044 τινὰ
1602 4007 1733 4044 κατ-

191 4064 381 4136 είχοντο.
408 4071 606 4125 Ἰακὼϐ
637 4073 692 4126 δέ
718 4075 812 4128 καὶ
849 4076 1085 4148 Ἰσραὴλ,
1151 4080 1360 4144 αὐτοὺς
1387 4081 1451 4152 δὴ
1483 4082 1728 4148 τούτους,

188 4159 247 4224 ὡς
290 4169 689 4238 καταγομένους
737 4171 802 4224 ἐκ
872 4174 973 4242 τῆς
1034 4174 1191 4245 ῥίζης
1223 4175 1441 4240 Ἰακὼϐ,
1501 4176 1594 4230 τοῦ
1639 4180 1734 4232 καὶ

200 4253 404 4328 Ἰσραήλ.
447 4262 513 4314 ‘0
553 4261 609 4314 δὲ
643 4262 815 4331 λέγει,
846 4264 1089 4320 τοιοῦτόν
1123 4268 1294 4334 ἐστιν,
1327 4270 1412 4323 ὅτι
1461 4269 1555 4324 τοῦ
1617 4273 1732 4325 Κυ-

191 4347 286 4414 ρίου
313 4352 776 4426 ἐλευθερώσαντος
794 4357 1014 4425 αὐτοὺς,
1039 4353 1156 4414 οἷον
1173 4363 1730 4432 αἰχμαλωτισθέντας,

189 4442 575 4508 ἀγαλλιάσονται
605 4451 655 4502 οἱ
678 4449 1166 4522 ἐλευθερωθέντες,
1184 4457 1278 4508 καὶ
1307 4456 1732 4528 εὐφρανθήσον-

189 4549 261 4622 ται
285 4550 298 4564 υ
329 4538 414 4590 καὶ
435 4540 862 4607 ἀγαλλιάσονται
889 4543 1010 4613 μὲν,
1048 4545 1381 4616 σωματικῶς
1419 4565 1433 4580 ·
1489 4549 1732 4622 εὐφραν-

1841 2068 1980 2133 quit,
2013 2082 2046 2121 ο
2081 2067 2316 2137 Assyrii,
2351 2067 2600 2122 Ezechias
2620 2067 2764 2136 regis
2805 2065 3066 2121 universo
3101 2065 3227 2120 belli
3252 2080 3426 2133 appa-

1840 2167 1960 2210 ratu
1994 2158 2172 2225 inopis
2210 2156 2506 2212 consilium
2558 2156 2886 2226 neglexistis
2918 2170 2983 2209 ac
3025 2153 3421 2223 vilipendistis,

1839 2249 2059 2319 quando
2090 2249 2240 2302 omni
2262 2249 2366 2303 alia
2387 2264 2610 2317 prorsus
2637 2249 2812 2302 salute
2841 2247 3151 2316 desperata.
3177 2246 3229 2299 in
3259 2259 3422 2300 sacco

1840 2351 1894 2395 et
1920 2341 2107 2394 cinere
2139 2339 2389 2410 con-fugit
2429 2340 2495 2393 ad
2551 2340 2868 2394 Dominum.
2918 2340 2974 2393 Id
3011 2339 3156 2392 enim
3216 2337 3422 2392 intelli-

1841 2447 1976 2501 gens
2007 2432 2392 2487 Senna‘clterib
2414 2435 2584 2500 coepit
2619 2431 2939 2500 hujnsmodi
2993 2430 3286 2484 consilium
3329 2443 3422 2483 vc-

1843 2525 1940 2578 luti
1980 2526 2144 2597 inane
2173 2533 2340 2594 atque
2375 2524 2570 2578 inuti‘e
2599 2524 2852 2578 deridere
2883 2539 2897 2576 :
2934 2538 3121 2577 verum
3152 2522 3421 2576 Ezechias

1840 2615 1896 2670 in
1928 2615 2037 2670 Deo
2069 2625 2220 2672 recte
2251 2631 2402 2684 spem
2427 2633 2582 2671 suam
2609 2617 3091 2679 collocaverat,ab
3111 2631 3178 2668 eo
3206 2624 3420 2668 tantum

1841 2710 2109 2762 auxilium
2171 2709 2486 2778 postulans,
2546 2709 2641 2778 qui
2708 2723 2834 2762 vcre
2871 2706 3002 2761 illud
3028 2713 3241 2775 poterat
3279 2720 3421 2775 pra:-

1840 2811 2006 2856 stare.

1913 2893 2084 2950 Vsus.
2127 2893 2181 2948 7.
2222 2893 2358 2959 Quis
2388 2892 2538 2946 dabit
2569 2909 2634 2946 ex
2701 2893 2833 2948 Sion
2891 2893 3130 2945 salutare
3195 2889 3420 2944 Isran

1839 2987 2102 3053 Quisnam
2133 3002 2350 3048 eorum,
2387 2986 2590 3055 inquit,
2626 2985 2720 3053 qui
2759 2984 3016 3038 habitant
3055 2985 3107 3036 in
3144 2982 3298 3043 Sion,
3337 2981 3421 3034 in-

1839 3078 1998 3134 lirnto
2031 3095 2094 3136 ac
2124 3079 2413 3134 debilitate
2448 3080 2654 3149 populo
2687 3078 2854 3133 Israel
2911 3078 3149 3132 salutem
3211 3076 3366 3128 dabit
3395 3075 3420 3127 ?

1836 3171 1964 3241 quis
1989 3186 2110 3225 eum
2163 3170 2359 3240 eripiet
2409 3185 2474 3225 ex
2539 3185 2704 3224 manu
2765 3169 2938 3226 hostis
2988 3166 3420 3223 Sennacbcrib?

1837 3263 2030 3317 Nullus
2073 3263 2352 3315 hominum
2395 3263 2666 3330 profecto,
2724 3263 2820 3315 sed
2846 3261 3001 3315 solus
3035 3259 3198 3323 Deus,
3233 3259 3418 3326 inquo

1835 3363 2226 3420 speraverunt,
2281 3363 2334 3407 et
2357 3355 2527 3422 quiin
2585 3352 2786 3420 templo
2839 3351 2994 3415 Sion,
3055 3353 3156 3404 hoc
3211 3358 3295 3404 est
3361 3350 3416 3401 in

1830 3446 2134 3503 Jerusalem
2175 3445 2422 3500 habitare
2445 3445 2751 3498 videbatur.

1903 3538 2037 3594 Cum
2055 3538 2369 3592 converterit
2405 3537 2662 3591 Dominus
2684 3536 3050 3604 captivitatem
3075 3533 3242 3598 plebis
3273 3546 3410 3594 sum,

1833 3630 2120 3686 exsultabit
2179 3628 2348 3684 Iacob
2379 3640 2428 3683 et
2459 3628 2735 3682 lwtabitur
2773 3625 2972 3681 Israel.
3023 3623 3409 3692 Captivitatem

1833 3723 2074 3792 aliquam
2126 3737 2234 3776 non
2285 3723 2420 3777 dicit
2465 3737 2583 3791 qua:
2623 3723 2734 3791 jam
2782 3719 3106 3782 exstitisset,
3153 3716 3247 3772 sed
3293 3729 3413 3770 eam

1835 3830 1998 3884 quam
2033 3825 2166 3890 tunc
2194 3815 2266 3869 ob
2294 3815 2621 3870 immensum
2655 3814 2907 3867 timorem
2943 3825 3137 3865 omnes
3198 3811 3417 3862 incum-

1835 3907 1970 3962 bere
2003 3906 2446 3971 arbitrabantur,
2479 3915 2532 3959 et
2558 3905 2742 3969 qualis
2772 3919 3050 3972 nunquam
3117 3910 3274 3954 antea
3317 3899 3420 3953 im-

1834 3997 2045 4053 minere
2076 3998 2194 4053 visa
2229 3998 2442 4062 fuerat;
2471 3995 2796 4051 circumdati
2833 3996 2978 4050 enim
3004 3992 3176 4048 Jndtci
3209 4007 3272 4045 ac
3304 3991 3414 4044 cir-

1834 4091 2150 4146 cumvallati
2179 4088 2531 4144 inimicorum
2563 4091 2757 4152 armis,
2783 4086 3020 4142 detineri
3081 4086 3152 4142 ab
3203 4083 3310 4147 eis,
3353 4097 3419 4136 ac

1837 4184 2042 4254 captivi
2075 4184 2484 4254 quodammodo
2517 4198 2643 4237 esse
2695 4181 3049 4235 videbantur.
3092 4178 3192 4232 Per
3245 4177 3418 4232 Jacob

1839 4292 1969 4330 vero
1995 4287 2048 4329 et
2083 4291 2179 4345 per
2213 4273 2383 4329 Israel
2413 4274 2591 4338 ipsum
2645 4271 2962 4327 Judmornm
3023 4270 3284 4340 populum
3329 4269 3418 4320 iu-

1837 4369 2036 4440 telligit
2074 4382 2140 4421 ex
2167 4366 2388 4420 illorum
2427 4364 2615 4418 radice
2643 4361 3098 4419 descendentem.
3130 4361 3196 4414 Et
3220 4373 3417 4414 sensus

1837 4469 1945 4522 est,
1993 4457 2139 4528 quod
2171 4471 2297 4511 cum
2329 4455 2594 4510 Dominus
2645 4469 2740 4509 eos
2766 4470 2834 4508 ex
2891 4453 3014 4514 hac,
3072 4466 3234 4521 quam
3278 4450 3418 4502 t'ixi-

1837 4566 1960 4606 mus
1989 4546 2399 4619 quodammodo
2463 4545 2782 4616 captivitate
2809 4545 3143 4609 liberaverit,
3173 4543 3407 4598 exsulta-

191 4621 495 4724 ῡῇσονταιδέ
549 4631 640 4684 καὶ
670 4632 957 4704 ψυχικῶςο
991 4637 1152 4691 τοῦτο
1203 4638 1329 4708 μὲν,
1379 4643 1446 4711 τῇ
1499 4642 1732 4717 εὐθυμία

1846 4644 1979 4698 bunt
2005 4653 2138 4696 tunc
2162 4648 2216 4695 et
2235 4638 2581 4719 lartabuntur
2613 4654 2627 4690 :
2661 4651 2892 4707 corpore
2917 4637 3138 4706 quidem
3167 4632 3416 4689 exsulta-

190 4717 490 4821 Eis-spatii);
524 4740 539 4754 ⁸
573 4723 733 4778 τοῦτο
761 4725 841 4790 δὲ,
877 4730 944 4798 τῇ
977 4731 1175 4802 μελέτῃ
1204 4730 1311 4785 τῶν
1345 4731 1506 4786 Θείων
1527 4734 1719 4803 λόγων,

191 4812 253 4860 ὡν
277 4812 329 4865 ἐν
357 4815 537 4886 ταυτῷ
570 4818 819 4888 εἴργοντο
845 4820 1323 4893 πολιορκούμενοι.
1368 4825 1530 4880 Ἀλλὰ
1581 4829 1726 4884 κατᾶ

1828 4739 1994 4796 bunt,
2027 4731 2213 4786 animo
2253 4744 2382 4786 vero
2403 4743 2469 4784 ac
2490 4729 2687 4799 spiritu
2713 4727 3073 4790 laetabuntur;
3106 4733 3160 4780 et
3186 4725 3414 4778 alterum

1829 4826 2055 4900 quidem
2093 4823 2165 4879 ob
2195 4823 2585 4878 alimentorum
2638 4820 2852 4890 copiam
2875 4859 2888 4885 ,
2913 4819 3145 4873 alterum
3181 4834 3308 4873 vero
3347 4817 3417 4869 ob

193 4899 274 4964 μὲν
306 4904 544 4968 Ἐζεκίαν
574 4912 666 4963 καὶ
696 4911 1061 4984 Σεναχηρεὶμ,
1121 4915 1295 4980 οὕτως
1343 4919 1725 4990 ἐποιησάμεθα

1842 4899 2010 4973 studia
2061 4928 2126 4968 ac
2184 4913 2571 4968 meditationes
2624 4912 2970 4983 eloquiorum
3017 4909 3160 4977 Dei;
3214 4911 3415 4980 quibus

190 4993 269 5061 τὴν
295 4995 564 5068 ἐξήγησιν.
609 5002 938 5075 Ἐξηγητέον
967 5005 1024 5058 δὲ
1081 5005 1267 5062 λοιπὸν
1313 5011 1411 5063 καὶ
1477 5013 1618 5065 κατὰ
1657 5013 1726 5066 τὰ

1842 5007 2086 5064 nnnibus
2149 5006 2412 5061 carebant
2475 5006 2697 5076 quando
2747 5005 2946 5060 civitas
2995 5004 3222 5060 obsessa
3271 5011 3410 5056 erat-

191 5083 264 5175 ἐπὶ
287 5089 386 5140 τῶν
410 5092 618 5162 χρόνων
662 5094 784 5146 καθ’
818 5094 912 5162 οὓς
939 5098 968 5148 6
1026 5099 1231 5170 Κύριος
1278 5102 1723 5175 ἐνηνθρὼπησεν.

191 5170 323 5243 Eine,
345 5185 528 5254 φησὶν,
559 5185 588 5237 6
618 5187 848 5258 ἀνόητος
889 5190 1165 5246 Ἰουδαίων
1221 5170 1415 5265 δῆμος,
1500 5196 1574 5267 μὴ
1591 5170 1729 5250 ψσυνο

189 5271 254 5331 εὶς
290 5274 382 5339 τὰς
421 5279 551 5349 περὶ
597 5279 839 5349 Χριστοῦ
917 5286 1274 5355 προφητείας,
1336 5287 1418 5340 ὅτι
1463 5288 1565 5342 οὐκ
1612 5289 1725 5344 ἔστι

192 5361 319 5428 θεὸς,
337 5369 363 5418 ὁ
385 5369 480 5432 τὰς
514 5369 847 5440 Θεοσημείας
874 5373 934 5425 ἐν
963 5375 1150 5437 αὐτοῖς
1184 5375 1566 5446 ἐργαζόμενος
1593 5380 1728 5451 Χρι-

192 5455 316 5517 στός.
346 5458 493 5514 (Jb-rw
523 5461 579 5514 δὲ
605 5465 738 5533 παρ’
759 5463 938 5534 ἐαυτῷ
969 5464 1187 5535 πρῶτον
1211 5466 1594 5539 λογισάμενος.
1633 5472 1729 5524 καὶ

192 5551 411 5614 φανερῶς
434 5553 584 5618 αὐτῷ
607 5554 707 5627 τὴν
744 5554 836 5610 τοῦ
864 5555 1001 5609 Θεοῦ
1035 5557 1224 5629 κλῆσιν
1253 5560 1521 5615 ἐνεκάλει.
1567 5562 1648 5616 Τὰ
1670 5563 1728 5617 δέ

193 5633 320 5723 ἑξῆς.
343 5643 478 5696 κατὰ
509 5643 610 5715 τὴν
638 5645 900 5717 ἀνωτέρω
924 5648 1118 5720 ῥητέον
1142 5650 1426 5723 ἐξήγησιν.
1481 5653 1604 5707 Οὐκ
1650 5649 1732 5714 ἦν

193 5721 449 5815 663045».
475 5736 858 5804 χρηστότητα
875 5739 946 5793 ἐν
979 5721 1233 5806 αὐτοῖς,
1263 5721 1466 5813 δηλαδὴ
1509 5745 1625 5806 τοῖς
1653 5746 1728 5815 μὴ

194 5811 477 5887 δεξαμένοις
522 5825 624 5892 τὴν
685 5825 1042 5883 διδασκαλίαν
1076 5830 1266 5886 αὐτοῦ.
1308 5811 1523 5900 Κύριος
1557 5833 1628 5886 δὲ

196 5905 284 5959 τοῦ
314 5913 558 5981 adparat?
583 5918 856 5990 διέκυψε,
879 5921 1177 5991 τουτέστιν,
1203 5923 1230 5976 6
1260 5922 1384 5989 Υἱὸς
1413 5924 1469 5992 ἐξ
1495 5925 1726 5996 οὐρανοῦ

1831 5101 1900 5157 Et
1960 5101 2078 5154 haec
2119 5099 2340 5169 quidem
2400 5096 2780 5166 interpretatio
2826 5107 2915 5152 est
2950 5096 3108 5165 juxta
3160 5108 3409 5157 sensum,

1833 5210 1942 5263 quo
1971 5192 2248 5248 Psalmum
2283 5191 2650 5262 intelligimus
2709 5192 2777 5246 de
2809 5189 3041 5246 Ezecltia
3075 5197 3131 5244 et
3171 5188 3238 5242 de
3276 5188 3415 5241 Seu-

1837 5283 2124 5340 nacberib.
2163 5282 2284 5337 Alia
2314 5285 2480 5338 etiam
2518 5285 2680 5338 datur
2711 5283 3004 5354 expositio,
3032 5289 3091 5334 ut
3127 5279 3414 5350 propin-tia

1837 5379 1890 5433 in
1921 5392 1986 5432 eo
2017 5379 2088 5433 sit
2112 5377 2334 5440 tradita,
2384 5393 2507 5448 quae
2540 5379 2821 5433 contineat
2856 5376 3070 5430 illorum
3102 5384 3411 5444 temporum

1833 5479 2012 5540 gesta,
2040 5467 2242 5539 quibus
2304 5468 2570 5524 Dominus
2626 5471 2944 5524 incarnatus
2999 5475 3105 5524 est.
3139 5467 3412 5537 [nsipiens

1833 5557 2150 5614 Iudaeorum
2177 5560 2436 5631 populus,
2469 5571 2524 5614 et
2555 5561 2873 5631 propltetias
2922 5560 2991 5616 de
3038 5559 3262 5616 Christo
3297 5576 3406 5616 non

1836 5651 2169 5722 intelligens,
2227 5653 2394 5716 dixit,
2439 5652 2726 5708 Dominum
2781 5651 2992 5721 Jesum,
3058 5654 3151 5724 qui
3211 5667 3406 5724 magna

1835 5731 2077 5814 alioquin
2115 5745 2256 5799 inter
2308 5758 2404 5800 cos
2446 5751 2500 5797 et
2557 5742 2748 5798 divina
2806 5745 3070 5800 miracula
3134 5760 3198 5800 ac
3245 5745 3403 5815 signa
3469 5743 3474 5753 '

1834 5848 2091 5908 operatus
2123 5841 2324 5906 fuerat,
2365 5839 2535 5896 Deum
2566 5854 2673 5896 non
2703 5857 2860 5897 esse:
2896 5857 3135 5911 cumque
3164 5841 3400 5911 primum

1834 5927 1938 5983 boc
1966 5928 2193 5986 dixisset
2235 5945 2298 5986 ac
2357 5930 2655 6002 cogitasset
2711 5931 2857 5988 intra
2912 5945 2994 5997 se,
3049 5929 3396 6000 postmodum
