3916 6540
112 377 218 450 193

1299 383 1690 447 COMMENT.
1721 383 1799 444 IN
1839 381 2207 444 PSALMOS.

3289 385 3394 452 194

111 503 258 559 κατὰ
310 503 423 558 τῶν
464 500 701 556 εἰδώλων
745 498 1063 571 ὀμνύοντες,
1118 497 1581 570 συλαγωγηθείεν.
1644 499 1699 549 'U

1811 497 2090 550 veritatem
2132 495 2533 564 proferebatur,
2586 512 2654 550 ne
2691 513 2786 567 per
2833 498 2976 553 idola
3016 499 3270 558 fortassis
3297 507 3392 570 ju-

111 595 164 647 δὲ
217 594 316 647 τοῦ
347 591 687 661 Εὑαγγελίου
716 591 902 662 νόμος,
952 590 1067 653 τοῖς
1107 589 1464 659 τελειοτέροις
1515 585 1580 641 τά
1616 606 1704 642 τεο

115 687 370 755 λειότερα
394 683 724 753 νομοθετῶν,
753 683 1106 736 παντάπασιν
1122 681 1214 734 τὸν
1232 681 1394 751 ὅρκον
1421 679 1699 748 ἐξέκοψεν.

115 774 240 827 Εἰσὶ
300 775 358 826 δέ
408 789 555 836 τινες
603 772 754 840 λόγοι
802 772 1062 843 σχήματα
1109 770 1208 839 μὲν
1241 772 1423 841 ὅρκων
1461 770 1702 840 ἔχοντες.

113 871 217 936 οὐχ
256 869 414 937 ὅρκοι
442 865 502 918 δὲ
539 863 713 929 ὄντες,
745 863 882 918 ἀλλὰ
909 862 1178 936 Θεραπεία
1205 863 1343 932 πρὸς
1379 861 1502 924 τοὺς
1534 860 1700 914 ἁκού-

113 975 300 1020 οντας.
352 957 444 1024 Νὴ
496 957 612 1023 τὴν
677 956 885 1024 ὑγείαν
926 954 1153 1023 Φαραώ,
1189 955 1354 1026 φησί·
1415 956 1510 1006 καὶ
1567 955 1704 1024 πρὸς

113 1049 442 1118 Κορινθίους
462 1048 829 1110 δ’Λπόστολος
851 1065 864 1079 ·
897 1047 988 1122 Νὴ
1018 1047 1133 1115 τὴν
1162 1046 1458 1115 ἡμετέραν
1482 1048 1706 1116 καύχη-

114 1159 220 1194 σιν
248 1160 261 1172 ·
300 1141 486 1194 Τόπον
510 1141 566 1194 δὲ
605 1142 951 1210 Χριστιανοῖς
981 1141 1161 1212 ὅρκων
1199 1140 1226 1191 6
1252 1139 1537 1202 Θεσπέσιος
1569 1157 1702 1192 κατ-

115 1234 270 1284 έλιπε
353 1230 564 1294 Παῦλος
588 1247 602 1261 ·
627 1229 871 1298 Μάρτυς
898 1230 1008 1298 μοῦ
1042 1231 1215 1284 ἐστιν
1257 1233 1290 1284 ό
1321 1232 1487 1297 Θεὸς,
1523 1225 1572 1298 ᾧ
1598 1235 1704 1284 νίας

115 1325 303 1388 τρεύω
334 1321 404 1374 ἐν
434 1320 516 1386 τῷ
565 1322 860 1389 πνεύματί
883 1339 1024 1390 μου.
1057 1323 1166 1374 Καὶ
1192 1322 1354 1374 πάλιν
1375 1339 1387 1352 ·
1423 1323 1704 1390 Μάρτυρα

116 1420 225 1467 τὸν
253 1417 406 1469 Θεὸν
435 1414 854 1485 ἐπικαλοῦμεν
878 1432 891 1446 ⁸
919 1416 1016 1469 καλ⁸
1048 1417 1116 1468 τὰ
1143 1414 1388 1471 τοιαῦτα.

188 1513 267 1566 Τὸ
289 1513 580 1582 ἀργύριον
616 1512 802 1566 αὐτοῦ
827 1514 940 1566 οὐκ
970 1511 1198 1566 ἔδωκεν
1225 1511 1324 1566 ἐπὶ
1354 1512 1528 1583 τόκῳ.
1576 1513 1704 1576 Τοῖς

114 1605 372 1676 ἀρχαίοις
421 1605 545 1658 λίαν
602 1605 976 1660 ἐπονείδιστον
1029 1599 1098 1676 ἦν
1127 1605 1161 1675 ἡ
1194 1604 1554 1675 τοκογλυφία,
1604 1605 1701 1658 καὶ

115 1697 365 1768 αἰσχρὸν,
392 1694 489 1752 καί
525 1697 908 1752 κατάπτυστον
933 1712 946 1726 ·
980 1699 1009 1750 ό
1039 1697 1149 1767 γὰρ
1181 1697 1456 1767 ἐλεήμων,
1490 1698 1549 1750 ὲν
1575 1715 1698 1750 και-

121 1791 194 1862 ρῷ
231 1787 520 1854 δανείζων,
571 1788 860 1859 ἀγαπητὸν
887 1790 1103 1860 ἡγεῖται
1154 1790 1314 1859 μόνον
1345 1789 1642 1843 ἀπολαϐεῖν
1670 1790 1699 1842 ὃ

1819 603 2004 644 taan
2066 590 2499 644 seilm-ercntur:
2562 608 2746 644 rerum
2809 593 3084 662 Evangelii
3135 595 3394 665 lex.qu:n

1812 681 2233 751 perfectioribus
2286 681 2604 750 perfectiora
2659 685 2960 748 mandavit,
3010 687 3387 756 jurauientum

1813 774 2031 841 penitus
2047 771 2276 827 ileCltlll
2297 790 2311 836 ;
2332 774 2546 827 tametsi
2569 773 2822 844 loquendi
2841 777 2983 830 modi
3000 778 3221 845 quidam
3241 793 3392 844 sunt,

1811 861 1906 930 qui
1932 861 2231 930 jurann-nti
2263 863 2492 916 formam
2533 864 2852 934 pi'aeseferre
2874 869 3181 934 videantur,
3213 882 3266 922 ct
3293 871 3390 939 ju-

1809 965 2052 1006 ramenla
2076 967 2202 1006 vere.
2219 969 2324 1007 non
2355 961 2518 1018 sunt,
2543 955 2636 1010 sed
2665 957 2716 1008 in
2740 958 3094 1020 rewrentiam
3119 970 3208 1012 aut
3230 961 3396 1016 obsc-

1811 1043 1999 1113 quium
2022 1042 2362 1097 audientiunt
2381 1044 2459 1097 sic
2483 1045 2700 1114 prolati,
2719 1057 2776 1100 ut
2795 1049 2925 1101 illud
2953 1068 2965 1102 :
2992 1049 3094 1103 Per
3112 1053 3394 1106 sanitatem

1813 1130 2134 1188 Pharaonis.
2170 1133 2300 1188 item
2331 1133 2459 1187 illud
2489 1135 2636 1188 Pauli
2667 1135 2733 1189 ad
2756 1138 3069 1191 Corinthios
3108 1157 3121 1192 :
3152 1141 3254 1194 Per
3281 1143 3399 1212 glo-

1809 1225 2085 1277 riationmn
2109 1225 2220 1295 (54)
2241 1237 2471 1278 vestram
2486 1228 2552 1281 ¹¹.
2573 1225 2826 1284 Formam
2848 1246 2976 1285 vero
2993 1232 3290 1302 juramenti
3312 1236 3397 1289 di—

1810 1332 1910 1371 vus
1933 1317 2134 1371 Paulus
2150 1317 2481 1372 Christianis
2505 1321 2721 1391 reliquit
2737 1324 2955 1379 dicens:
2982 1323 3150 1379 Testis
3167 1339 3244 1381 est
3267 1330 3394 1382 milii

1809 1408 1949 1462 Deus
1964 1425 2115 1478 quem
2137 1410 2252 1463 colo
2271 1410 2313 1441 ¹¹
2337 1430 2350 1477 ;
2370 1421 2425 1466 et
2443 1428 2635 1492 rursus
2661 1432 2673 1466 :
2703 1413 2900 1469 Testem
2919 1416 3085 1471 Deum
3105 1419 3305 1474 invoco.
3329 1419 3392 1475 ’³.

1873 1502 2163 1572 Argentum
2195 1521 2352 1557 suum
2386 1522 2489 1560 non
2529 1506 2673 1560 dedit
2698 1509 2766 1561 ad
2790 1526 3032 1565 usuram.
3072 1503 3230 1582 Apud
3256 1513 3398 1569 anti-

1804 1611 1943 1666 quos
1959 1613 2123 1651 usura
2143 1613 2363 1653 summo
2379 1601 2432 1653 in
2467 1600 2737 1656 dedecore
2760 1611 2878 1658 erat
2900 1613 3066 1674 atque
3094 1607 3395 1676 exprobra-

1805 1687 1971 1741 tione.
2010 1685 2142 1742 Nam
2185 1694 2278 1760 qui
2326 1694 2648 1748 misericors
2675 1703 2781 1757 est,
2825 1702 2878 1750 et
2919 1708 3226 1766 opportuno
3253 1709 3396 1753 tem-

1804 1793 1936 1846 pore
1998 1793 2246 1836 nuntium
2297 1794 2539 1852 praestat,
2576 1786 2802 1858 dignum
2854 1787 3026 1852 ducit,
3081 1790 3131 1844 id
3180 1798 3392 1846 tantum

115 1885 340 1938 δέδωκε.
380 1884 576 1938 Νοοῖτο
609 1884 654 1937 δ’
683 1884 752 1937 ἂν
786 1884 881 1937 καὶ
912 1882 1108 1947 οὕτως,
1161 1883 1243 1935 ὅτι
1270 1882 1364 1936 τὸν
1393 1883 1524 1952 περὶ
1553 1884 1699 1935 εὐσε-

1811 1871 2056 1937 recipere
2103 1871 2250 1940 quod
2295 1872 2469 1928 dedit.
2515 1872 2579 1927 Et
2613 1876 2776 1930 aliter
2816 1878 3043 1948 intelligi
3092 1889 3293 1950 potest,
3327 1882 3397 1936 de

117 1977 271 2040 ϐείας
332 1977 513 2045 λόγον,
567 1976 628 2040 ὃς
662 1977 813 2030 ἐστιν
859 1975 1124 2046 ἀργύριον
1155 1973 1380 2043 δόκιμον
1409 1976 1474 2044 τῇ
1511 1977 1605 2042 γῇ,
1644 1975 1705 2025 οὐ

120 2065 455 2120 κατεϐάλετο
475 2067 636 2137 χάριν
664 2064 757 2119 τοῦ
783 2064 1118 2136 κομίσασθαί
1141 2081 1194 2117 τι
1218 2066 1532 2134 σωματικὸν
1562 2066 1705 2132 ἁγα-

119 2160 227 2223 θδν,
255 2159 398 2214 ἀλλὰ
418 2162 622 2230 προῖκα
657 2159 754 2214 καὶ
779 2158 974 2230 ἀμισθὶ
1009 2158 1220 2222 πάντας
1243 2157 1471 2221 ἐδίδαξε.

184 2423 298 2476 Kal
353 2421 514 2490 δῶρα
562 2422 658 2476 ἐπ’
701 2421 912 2489 ἀθώοις
949 2423 1062 2476 οὐκ
1090 2421 1322 2476 ἔλαϐεν.
1372 2419 1600 2474 Ἕνεκεν
1642 2421 1704 2474 ἀ-

122 2514 274 2568 θώων
297 2532 314 2547 ο
346 2514 488 2569 ὥστε
526 2514 730 2586 βλάψαι
763 2517 892 2578 τοὺς
917 2513 1220 2577 ἀναιτίους.

197 2698 258 2750 Ὀ
282 2697 476 2751 ποιῶν
492 2697 700 2762 ταῦτα,
718 2699 789 2752 οὐ
810 2695 1255 2762 σαλευθήσεται
1273 2696 1351 2760 εἷς
1373 2693 1699 2749 τὸναὶῶνα.

120 2791 595 2860 Διαζωγραφήσας
653 2789 745 2842 τὸν
801 2790 883 2850 είς
933 2787 1136 2859 ἀρετὴν
1181 2786 1413 2849 τέλειον,
1458 2787 1699 2856 ἐπέθηκε

120 2884 189 2952 τῷ
217 2883 366 2952 λόγῳ
392 2882 544 2945 τέλος
577 2881 801 2946 ἐπάξιον
823 2924 837 2936 .
856 2881 915 2934 '0
940 2879 1110 2933 ποιῶν
1139 2879 1270 2950 γὰρ,
1297 2879 1451 2950 φησι,
1472 2878 1539 2932 τὰ
1569 2897 1701 2946 προ-

122 2977 407 3046 ειρημένα,
466 2977 677 3039 τέλειος
715 2976 812 3038 ὢν.
863 2974 924 3028 οὐ
968 2973 1479 3044 παρακινηθὴσεται
1507 2973 1604 3041 τῆς
1643 2976 1700 3025 έν

121 3066 233 3136 Θεῷ
263 3068 497 3136 βάσεως.
543 3068 616 3119 Τὸ
658 3066 734 3130 δὲ,
761 3067 866 3132 Εἷς
901 3067 1008 3119 τὸν
1037 3063 1246 3128 ιιὶῶνα,
1279 3064 1402 3118 ἀντὶ⁵
1451 3063 1567 3129 τοῦ,
1612 3063 1700 3116 διὰ

122 3161 412 3230 παντός⁶ἦ
469 3159 612 3214 κατὰ
659 3159 750 3213 τὸν
793 3159 1040 3230 παρόντα
1079 3157 1216 3228 βίον.
1255 3156 1318 3209 El
1345 3158 1399 3209 δὲ
1433 3157 1575 3210 κατὰ
1607 3156 1699 3210 τὸν

122 3251 382 3322 παρόντα.
417 3250 598 3320 πολλῷ
634 3249 835 3321 μᾶλλον
870 3249 1014 3303 κατὰ
1035 3249 1126 3302 τὸν
1156 3247 1443 3318 μέλλοντα.

120 3361 302 3412 quam.
337 3345 436 3400 Vel
474 3349 637 3400 etiam
680 3360 788 3400 non
833 3344 1268 3400 commovebitur
1317 3343 1374 3398 in
1424 3342 1676 3413 praesenti
1714 3341 1940 3403 saeculo,
1977 3341 2078 3394 hoc
2113 3353 2192 3396 est
2242 3343 2293 3394 in
2337 3347 2588 3412 praiseuti
2647 3348 2751 3400 vita
2800 3365 2813 3400 :

1811 1976 1877 2012 eo
1906 1962 1998 2030 qui
2035 1962 2224 2017 divina
2255 1965 2500 2035 eloquia,
2547 1983 2672 2035 qua:
2701 1977 2990 2037 argentum
3032 1972 3154 2041 igne
3183 1975 3394 2027 exarui-

1811 2063 2002 2107 natum
2069 2069 2134 2110 ac
2201 2065 2363 2112 terrae
2403 2059 2691 2126 probatum
2731 2063 3098 2131 appellantur,
3138 2080 3204 2118 co
3257 2081 3398 2135 prce-

1813 2155 1963 2200 textu
2006 2149 2148 2216 apud
2201 2151 2440 2219 aliquem
2468 2169 2573 2206 non
2604 2153 2884 2222 deposuit,
2924 2165 2982 2208 nt
3013 2157 3162 2210 illine
3191 2158 3398 2212 bonum

1810 2241 2034 2311 aliquod
2091 2253 2378 2299 externum
2426 2257 2733 2315 reportaret
2788 2251 3083 2320 :quinimo
3113 2252 3282 2320 gratis
3330 2269 3396 2307 ac

1810 2335 1932 2390 sine
1959 2335 2213 2390 mercede
2237 2353 2432 2393 omnes
2464 2339 2670 2393 docuit.

1883 2425 1950 2478 Et
2000 2443 2218 2480 munera
2289 2445 2448 2495 super
2501 2430 2832 2485 innocentem
2893 2449 2997 2487 non
3037 2435 3258 2502 accepit.
3291 2435 3396 2502 Qui

1809 2523 2033 2583 propter
2061 2517 2412 2572 innocentem
2441 2520 2652 2574 nullum
2691 2537 2894 2578 munus
2921 2525 3164 2594 recepit:
3205 2535 3263 2580 ut
3291 2541 3392 2581 eos

1808 2605 2064 2661 videlicet
2090 2607 2308 2664 laederet
2342 2611 2434 2679 qui
2463 2611 2709 2668 insontes
2740 2623 2890 2669 sunt.

1882 2698 1985 2764 Qui
2049 2701 2181 2768 facit
2211 2699 2341 2765 liazc,
2393 2721 2495 2758 non
2557 2708 2966 2762 commovebitur
3008 2711 3060 2762 in
3115 2711 3390 2766 saxulum.

1806 2788 1942 2843 Cum
2010 2791 2300 2862 descripsit
2356 2793 2627 2864 Propheta
2675 2798 2848 2851 virum
2906 2815 3123 2854 summa
3189 2803 3392 2858 virtute

1808 2881 2132 2948 praeditum,
2181 2886 2421 2938 sertnoni
2445 2900 2547 2939 suo
2570 2887 2906 2956 condignum
2932 2890 3388 2962 ﬁnemapposnit:

1806 2969 1908 3036 Qui
1939 2971 2088 3034 facit,
2117 2973 2316 3043 inquit,
2342 2990 2404 3029 ea
2428 2991 2550 3044 qua:
2580 2977 2726 3032 dicta
2759 2991 2910 3044 sunt,
2940 2983 3107 3036 veluti
3139 2999 3205 3038 ex
3235 2989 3388 3040 omni

1807 3071 1960 3130 parte
2007 3063 2303 3132 perfectus,
2366 3083 2646 3136 nunquam
2703 3085 2732 3123 a
2785 3072 3059 3128 soliditate
3101 3075 3189 3129 illa
3235 3092 3390 3131 com-

1806 3154 2134 3220 movebitur,
2182 3165 2275 3209 aut
2337 3160 2664 3226 stabilitate,
2721 3179 2883 3232 quam
2930 3166 2983 3219 in
3032 3165 3142 3221 Deo
3197 3168 3386 3227 habet.

1801 3245 1868 3298 Et
1903 3245 2047 3313 quod
2102 3248 2199 3310 ait,
2239 3246 2304 3300 In
2349 3251 2623 3319 εατιιίιιιιι,
2681 3253 2734 3307 id
2764 3255 3033 3325 significat
3061 3257 3207 3327 quod
3241 3275 3389 3316 nun-

2871 3351 3014 3418 quod
3059 3352 3105 3406 si
3149 3353 3202 3406 in
3257 3367 3395 3423 pne-

121 3440 249 3493 senti
273 3439 476 3494 seculo
510 3453 616 3492 non
641 3439 1094 3503 commovebitur,
1119 3435 1292 3493 multo
1323 3438 1504 3490 minus
1543 3435 1596 3489 in
1622 3437 1826 3487 futuro.

505 3534 930 3603 Στηλογραφία
958 3530 1039 3598 τῷ
1073 3533 1254 3586 Δαϐίδ

695 3624 977 3678 ΦΑΛΜΟΣ
1021 3621 1120 3678 1Ε’.

181 3716 407 3785 Σεῆλαι,
441 3716 537 3769 καὶ
562 3717 796 3781 εἰκόνες,
833 3716 928 3770 καὶ
954 3715 1270 3786 ἀνδριάντες
1302 3717 1414 3778 τοῖς
1443 3711 1700 3786 ἀριστεῦ-

125 3826 203 3860 σιν
235 3812 310 3872 εἰς
371 3808 761 3874 ἁνεξάλειπτον
789 3807 946 3872 κλέος
982 3808 1444 3879 άπονενέμηνται,
1489 3808 1698 3878 κηρύτ-

121 3920 303 3956 τουσαι
329 3903 430 3974 τὴν
462 3903 688 3956 ἐκείνων
706 3901 1098 3973 ἀνδραγαθίαν.
1128 3900 1294 3953 ’Ὀθεν
1317 3899 1442 3954 ἀντὶ⁸
1468 3900 1694 3964 τούτων,

122 3996 148 4045 6
183 3996 372 4064 παρὼν
412 3994 630 4066 ψαλμδς
658 3994 877 4064 ὲνετέθη
913 3994 992 4064 τῷ
1018 3995 1216 4064 νικητῇ
1246 3991 1489 4064 Χριστῷ,
1549 3991 1691 4044 καθ-

129 4087 296 4139 ελόντι
329 4085 406 4156 τῷ
443 4085 540 4138 τοῦ
573 4084 810 4156 σταυροῦ
839 4085 1026 4156 δόρατι
1055 4083 1150 4138 καὶ
1185 4082 1278 4137 τὸν
1320 4083 1570 4146 θάνατον,
1604 4080 1702 4134 καὶ

121 4177 206 4226 τὸν
244 4177 304 4228 τδ
347 4175 548 4246 κράτος
595 4174 788 4246 ἔχοντα
839 4175 934 4228 τοῦ
963 4173 1198 4228 θανάτου
1227 4172 1496 4226 διάϐολον.
1561 4171 1689 4224 Ἀν-

124 4269 563 4339 ομαρτήτουγὰρ
618 4267 927 4338 μείναντος,
979 4264 1103 4320 οὔτε
1157 4265 1370 4336 ἡψυχὴ
1409 4263 1575 4318 αὑτοῦ
1623 4262 1700 4335 τῷ

127 4358 225 4432 ain
255 4358 677 4429 ἐγκατελείφθη,
719 4357 955 4429 μάλιστα
981 4360 1079 4412 καὶ
1108 4358 1456 4412 σκυλεύσασα
1485 4357 1696 4424 τοῦτον,

122 4450 242 4503 οὒτε
271 4453 304 4519 ἠ
340 4451 474 4521 σὰρξ
511 4449 618 4505 εῐδε
664 4450 992 4522 διαφθορὰν,
1044 4449 1343 4521 τριήμερος
1388 4450 1695 4514 ἀναστᾶσα,

126 4545 249 4611 περὶ
265 4538 326 4598 οὗ
364 4545 458 4598 καὶ
490 4545 695 4618 Πέτρος
737 4547 765 4599 6
815 4544 1134 4607 Ἀπόστολος
1169 4545 1228 4596 ἐν
1257 4545 1324 4614 τῇ
1371 4542 1540 4613 βίϐλῳ
1589 4543 1697 4594 τῶν

127 4636 376 4704 Πράξεων
407 4638 677 4703 διέλαϐεν,
713 4637 1044 4709 ὲφαρμόζων
1071 4637 1162 4690 τὸν
1193 4636 1440 4707 παρόντα
1457 4634 1696 4705 ψαλμόν.

138 4729 259 4780 Ἐπὶ
286 4733 393 4794 τοῖς
424 4733 650 4794 οἰκείοις
679 4729 772 4784 οὖν
797 4727 1190 4801 κατορθώμασι
1213 4728 1314 4800 τὴν
1347 4727 1552 4798 στήλην
1565 4727 1696 4780 ταὺ-

125 4836 220 4889 την
250 4821 512 4894 ἀνέστησε
572 4823 662 4876 διὰ
691 4821 942 4893 γλώττης
966 4822 1062 4876 τοῦ
1102 4821 1268 4876 Δαϐὶδ
1295 4824 1322 4876 6
1355 4821 1569 4892 Σωτὴρ,
1595 4820 1692 4874 τοῦ

133 4914 392 4981 παναγίου
431 4915 748 4986 Πνεῦματος
789 4915 1198 4985 ἑμπνεύσαντος
1237 4914 1328 4968 καὶ
1371 4912 1695 4983 κινήσαντος

125 5003 215 5053 τὸν
249 5005 548 5076 προφήτην.
597 5005 931 5077 Ἀναγράφει
971 5004 1026 5057 δὲ
1077 5005 1138 5058 τὸ
1189 5000 1330 5068 εἶδος
1361 5003 1462 5073 τῆς
1516 5001 1694 5071 νίκης.

128 5093 222 5144 καὶ
253 5094 347 5146 ὅσα
376 5096 482 5165 πρὸ
509 5094 604 5149 τοῦ
639 5096 826 5160 τέλους
860 5095 1028 5149 αὐτοῦ
1059 5096 1298 5164 ἐγένετο.

2188 3529 2353 3585 Tituli
2381 3533 2661 3600 inscriptio
2691 3536 2795 3600 ipsi
2823 3533 3015 3590 David.

2338 3621 2417 3678 l’S
2433 3622 2660 3679 ιωιυδ
2712 3624 2828 3679 XV.

1871 3711 2068 3784 [Apud
2097 3713 2336 3782 Granios,
2381 3732 2477 3786 pro
2513 3718 2653 3772 tituli
2687 3720 3053 3788 inscriptione
3081 3723 3385 3796 στηλογρα-

1800 3805 1932 3873 φίαν
1991 3809 2221 3877 legimus
2262 3826 2429 3879 :quze
2481 3813 2652 3866 dictio
2711 3823 2906 3868 statua:
2956 3831 3052 3871 seu
3120 3817 3391 3872 columna:

1800 3895 1983 3966 potius
2049 3899 2474 3970 inscriptionem
2520 3903 2795 3973 significat
2829 3921 2990 3976 quam
3038 3907 3240 3981 tituli].
3273 3909 3390 3966 Mos

1799 3998 1982 4042 autent
2011 4000 2130 4043 erat
2177 3993 2443 4062 antiquis.
2479 4003 2538 4047 ut
2581 3999 2890 4061 columnas,
2945 4001 3236 4070 imagines,
3290 4011 3392 4056 aut

1798 4087 2038 4146 statuas,
2098 4093 2324 4138 strenue
2387 4087 2754 4143 militantibus
2801 4089 2932 4145 viris
2979 4091 3032 4144 in
3071 4100 3389 4161 perpetuam

1800 4183 2070 4241 ponerent
2130 4177 2470 4232 memoriam.
2514 4178 2658 4233 Loro
2709 4181 2879 4250 igitur
2926 4181 3247 4252 hujusntodi
3293 4200 3390 4239 c0-

1802 4262 2005 4318 lumnae
2021 4277 2116 4319 aut
2141 4277 2337 4322 statua:
2377 4286 2616 4339 praesens
2651 4272 2904 4328 Psalmus
2924 4275 3120 4330 vietori
3159 4275 3388 4331 Christo

1799 4360 2155 4426 conscriptus
2208 4369 2294 4413 est
2345 4377 2360 4414 :
2413 4362 2505 4431 qui
2577 4363 2654 4417 uti
2702 4373 2965 4420 strenuus
3005 4366 3164 4420 miles
3202 4368 3383 4422 cruris

1792 4443 1998 4513 jacuto,
2041 4455 2093 4498 et
2120 4459 2351 4502 mortem
2391 4451 2593 4520 ipsam,
2633 4461 2689 4506 et
2736 4455 2931 4507 mortis
2963 4454 3172 4524 pariter
3207 4455 3385 4525 impe-

1801 4536 1939 4588 rium
2004 4535 2347 4590 obtinentem
2380 4538 2659 4593 diabolum
2703 4540 3000 4608 destruxit,
3039 4541 3167 4595 dum
3216 4558 3281 4596 ex
3317 4559 3382 4598 eo

1796 4627 1940 4694 quod
1997 4637 2283 4695 peccatum
2342 4645 2450 4685 non
2501 4630 2650 4695 fecit,
2686 4632 2869 4685 anima
2901 4633 3024 4702 ejus
3073 4633 3128 4686 in
3167 4634 3383 4689 inferno

1800 4717 1989 4771 relicta
2027 4733 2132 4772 non
2181 4730 2301 4786 est;
2338 4722 2593 4792 quinimo
2643 4724 2920 4779 infernum
2953 4727 3141 4795 potius
3179 4729 3384 4796 Spolia-

1803 4812 1899 4871 vit,
1943 4827 2042 4866 nec
2079 4814 2245 4867 etiam
2272 4815 2392 4884 ejus
2425 4831 2556 4870 caro
2586 4817 2718 4871 vidit
2764 4821 3201 4889 corruptionem,
3258 4837 3384 4875 cum

1797 4907 1956 4961 tertia
1987 4911 2180 4966 mortis
2200 4912 2286 4966 die
2317 4916 2710 4970 resurrcxerit:
2735 4915 2800 4970 de
2833 4931 2938 4986 qua
2967 4916 3173 4972 Christi
3201 4933 3385 4973 resur-

1798 5003 2047 5056 rectione
2099 5002 2294 5060 Petrus
2329 5009 2634 5077 apostolus.
2678 5010 2732 5062 in
2763 5010 2906 5063 libro
2945 5011 3237 5064 Actionum
3269 5009 3386 5064 dis-

1798 5109 2014 5161 serens,
2051 5101 2307 5166 praesenti
2336 5100 2437 5154 boc
2461 5099 2681 5156 Psabuo
2707 5103 3094 5158 auctoritatem
3116 5116 3184 5155 ac
3210 5101 3385 5156 robur

130 5187 289 5242 dictis
326 5193 435 5246 suis
487 5191 687 5245 addere
740 5191 1038 5245 arbitratus
1066 5201 1166 5245 cst.
1211 5187 1267 5243 In
1304 5190 1469 5244 rebus
1509 5187 1693 5256 itaque
1732 5201 1760 5240 a
1793 5201 1852 5244 se
1880 5193 2143 5258 pneclare
2173 5196 2344 5263 gestis
2371 5193 2646 5260 Salvator,
2687 5207 2924 5250 statuam
2999 5212 3096 5249 seu
3168 5195 3384 5248 colum-

126 5294 250 5333 nam
294 5282 428 5337 hanc
471 5299 568 5355 per
616 5285 857 5356 linguam
926 5281 1070 5338 beati
1129 5280 1294 5335 David
1341 5280 1445 5335 sibi
1493 5279 1704 5334 erexit:

129 5474 287 5525 ﬁnem
319 5484 460 5544 gesta
491 5483 640 5530 sunt.

129 5621 168 5650 “
210 5617 252 5670 ll
277 5617 395 5672 Cor.
425 5637 460 5682 ι,
486 5619 575 5673 20.

664 5621 707 5650 ’⁸
736 5618 895 5675 Rom.
938 5634 977 5692 I,
1021 5615 1074 5672 9.
1160 5617 1204 5648 ³³
1238 5615 1282 5668 ll
1315 5614 1441 5669 Cor.
1494 5628 1534 5678 t,
1589 5613 1684 5667 9.5.

1783 5293 1976 5336 sancto
2027 5284 2285 5338 nimirum
2329 5285 2536 5354 Spiritu
2602 5289 2920 5357 prapbctam
2971 5287 3278 5358 inspirante
3325 5292 3381 5338 ct

133 5377 271 5429 labia
291 5379 404 5448 ejus
437 5383 732 5450 aperiente.
775 5379 1049 5435 Describit
1094 5390 1301 5441 autem,
1333 5392 1438 5430 non
1477 5385 1689 5430 tantum
1734 5377 1977 5434 victoria:
2007 5397 2198 5450 genus,

2299 5382 2394 5438 sed
2447 5392 2501 5439 et
2549 5396 2890 5452 qumconque
2932 5389 3056 5435 ante
3139 5379 3382 5436 victoria:

1449 5728 1652 5791 Variae
1677 5726 2008 5789 lectiones.

202 5863 314 5933 (54)
346 5865 524 5924 Gtzecc
558 5867 858 5938 ἡμετέραν,
885 5875 1144 5932 nostram,
1186 5875 1289 5934 pro
1327 5873 1438 5932 quo
1463 5856 1694 5914 Latinus

1815 5867 2004 5930 crprcs
2038 5850 2170 5922 legit
2196 5847 2491 5921 ὃμετέραν.
