3846 6526
490 372 596 457 iss

1649 388 2038 450 EUTHYMH
2080 388 2447 450 ZIBABENI

3656 381 3748 452 1'15

553 502 721 566 Vitas.
746 508 803 563 2.
827 508 1094 564 Conserva
1128 524 1228 571 me,
1258 505 1764 577 Domine,quoniam
1787 506 1995 572 speravi
2024 505 2078 559 in

2251 508 2536 571 Φύλαεόν
2592 524 2688 578 με,
2748 488 2948 576 Κύριέ,
2999 509 3091 563 ὅτι
3160 507 3261 562 ἐπὶ
3329 510 3426 562 σοὶ
3500 506 3750 575 ἤλπισα.

487 612 559 657 te.
598 601 772 670 Hujus
795 598 1000 655 Psalmi
1032 599 1196 654 verba
1230 602 1470 654 humano
1493 600 1717 654 omnino
1747 615 1900 654 more
1920 598 2068 653 dicta

486 705 620 750 sunt
655 693 734 765 [et
779 693 985 747 homini
1020 693 1193 763 magis
1224 708 1389 762 quam
1433 692 1545 746 Deo
1581 692 1841 746 videntur
1870 707 2073 745 conve-

488 785 664 857 nire].
701 784 886 852 Neque
945 784 1091 839 enim
1145 791 1205 838 ut
1242 783 1407 848 Deus,
1436 783 1530 839 sed
1560 775 1620 837 ut
1670 782 1835 836 homo
1868 782 2072 838 daemo-

488 893 609 932 nem
637 876 851 943 divicit,
877 876 1137 931 erudiens
1162 891 1264 932 uos
1294 875 1439 947 quod
1471 883 1527 930 et
1566 873 1824 929 facillime
1854 872 2071 929 daemon

486 972 518 1025 'a
550 969 913 1041 prudentibus
969 969 1226 1041 superari
1283 976 1514 1039 potest:
1554 976 1610 1022 et
1655 975 1826 1021 artem
1863 965 2074 1035 pariter

486 1063 711 1121 tradens
773 1053 881 1133 qua
924 1063 1043 1133 ipse
1071 1077 1195 1119 eum
1232 1060 1548 1124 debellavit,
1593 1072 1763 1129 seque
1794 1058 1980 1123 nobis,
2013 1065 2074 1112 ut

494 1156 876 1212 ﬁdelissimum
922 1155 1303 1226 archetypum,
1373 1151 1696 1209 imitandum
1767 1151 2074 1222 proposuit.

489 1247 696 1302 Fundit
726 1247 895 1316 igitur
944 1246 1097 1299 velut
1154 1248 1317 1299 homo
1358 1259 1549 1317 preces
1582 1242 1650 1298 ad
1684 1242 1854 1298 Deum
1889 1241 2076 1312 :quod

488 1338 654 1392 etiam
715 1334 859 1406 apud
902 1335 1266 1406 evangelistas
1312 1347 1692 1405 saepenumero
1719 1332 1916 1389 fecisse
1951 1345 2077 1386 eum

493 1429 725 1498 legimus
754 1444 773 1483 :
806 1435 1034 1496 oratque
1072 1425 1281 1482 servari
1315 1441 1374 1482 se
1426 1426 1496 1481 ab
1525 1424 1785 1480 omnibus
1823 1433 1931 1478 tam
1960 1438 2078 1476 ma-

493 1519 713 1575 nifestis
761 1534 926 1590 quam
981 1519 1216 1575 occultis
1267 1516 1504 1575 insidiis.
1552 1516 1655 1580 Tu,
1693 1516 1939 1581 Domine,
1991 1516 2077 1570 in-

494 1615 639 1682 quit,
674 1627 832 1668 serva
859 1604 973 1674 me,
996 1611 1260 1680 quoniam
1286 1610 1339 1665 in
1371 1617 1424 1665 te
1456 1609 1574 1665 solo
1603 1609 1842 1679 speravi.
1884 1606 2074 1678 Neque

496 1708 642 1759 cnim
672 1704 778 1759 alia
810 1704 864 1757 in
898 1720 955 1759 re
985 1702 1235 1759 confisus
1271 1717 1418 1766 sum,
1454 1702 1715 1771 quoniam
1770 1706 1823 1755 te
1867 1700 2081 1757 salvare

498 1811 691 1852 omnes
725 1799 878 1861 novi,
914 1795 1009 1866 qui
1044 1796 1100 1849 in
1135 1803 1188 1848 te
1222 1801 1470 1863 sperant.
1681 1797 1685 1800 ’

2182 601 2695 673 ’Ᾱνθρωποπρεπῶς
2718 601 2768 655 oi
2796 601 2892 655 τοῦ
2925 601 3146 683 ψαλμοῦ
3168 603 3343 671 λόγοι.
3379 603 3486 656 Καὶ
3517 604 3750 678 γὰρμούχ

2170 690 2245 756 ὡς
2264 692 2418 758 Θεὸς,
2437 692 2555 747 ἀλλ’
2573 691 2648 757 ὼς
2666 692 2766 748 ἀνθ
2776 710 2957 765 ρωπος
2982 694 3402 766 κατεπολέμησε
3425 694 3519 747 τὸν
3535 694 3634 766 ὲχϐ
3645 694 3749 764 ρδν,

2169 785 2461 852 διδάσκων,
2493 787 2567 851 ὥς
2603 788 2755 840 ἐστιν
2815 787 3291 856 εὐκαταγώνιστος
3321 790 3434 854 τοῖς
3468 789 3748 859 νήφουσιν-

2174 876 2293 947 ἆμα
2311 877 2368 931 δὲ
2402 879 2495 932 καὶ
2524 879 2652 941 τοὺς
2668 878 2931 949 τρόπους,
2955 876 3026 932 δι’
3044 874 3118 933 ὧν
3140 878 3304 933 αὐτὸν
3330 880 3749 944 κατεπάλαισεν,

2175 969 2580 1041 ἀπολιμπάνων
2613 972 2747 1041 ἡμῖν
2776 970 3025 1040 ἀκριϐῶς
3054 970 3366 1042 ἀρχέτυπον
3389 972 3469 1034 εἰς
3500 970 3748 1042 μίμησιν.

2175 1059 2413 1135 Εῦχεται
2443 1061 2731 1135 τοιγαροῦν
2791 1061 2868 1127 ὡς
2898 1063 3185 1132 ἄνθρωπος
3211 1065 3292 1127 εἰς
3322 1064 3480 1117 Θεόν·
3522 1065 3622 1117 καὶ
3658 1066 3751 1134 γὰρ
3844 1076 3846 1135 ξ

2176 1156 2280 1208 κάν
2332 1156 2447 1217 τοῖς
2502 1155 2862 1225 Εὐαγγελίοις
2906 1156 3181 1228 διαφόρως
3232 1155 3494 1221 εὔξασθαι
3550 1173 3753 1227 μνημο-
3844 1164 3846 1228 ξ

2178 1248 2395 1301 νεύεται
2423 1262 2439 1278 ο
2478 1249 2794 1321 παρακαλεῖ
2821 1248 2879 1301 δὲ
2912 1248 3255 1319 φυλαχθῆναι
3285 1249 3395 1302 ἀπὸ
3430 1250 3617 1319 πάσης
3650 1250 3753 1304 ἐπι·

2178 1340 2406 1412 ϐουλῆς,
2439 1345 2686 1415 φανερᾶς
2717 1343 2813 1396 καὶ
2839 1344 3106 1415 ἀφανοῦς,
3134 1344 3311 1414 λέγων
3335 1363 3349 1376 -
3376 1345 3750 1414 Συμφύλαξον,

2177 1430 2262 1484 ὅτι
2314 1433 2409 1484 ὲπὶ
2468 1431 2552 1485 σοὶ
2594 1432 2740 1504 μόνῳ
2770 1431 3002 1507 ἧλπισα,
3055 1433 3246 1505 μηδενὶ
3302 1435 3411 1489 τῶν
3448 1433 3630 1490 ἄλλων
3676 1452 3753 1488 τε-

2182 1521 2507 1594 Θαρρηκώς·
2547 1518 2668 1578 οῖδα
2723 1519 2854 1596 γὰρ,
2896 1526 2980 1580 ὃτι
3026 1524 3223 1591 σώζεις
3269 1527 3400 1592 τοὺς
3439 1525 3754 1593 ἐλπίζοντας

2183 1613 2279 1667 ἐπὶ
2309 1616 2393 1669 σέ.

569 1887 696 1942 Dixi
725 1856 952 1942 Domino
985 1900 1003 1941 :
1043 1884 1189 1940 Deus
1216 1856 1360 1938 nieus
1409 1899 1464 1938 es
1491 1892 1567 1938 tu.
1597 1882 1716 1937 Dixi
1763 1897 1897 1952 ergo
1932 1880 2081 1936 Patri

2255 1881 2410 1940 Εἷπα
2432 1883 2512 1950 τῷ
2534 1886 2752 1953 Κυρίῳ·
2779 1888 2997 1956 Κύριός
3009 1905 3131 1958 μου
3158 1888 3217 1943 ετ
3241 1890 3353 1944 σύ.’
3375 1886 3522 1946 Eii-ra
3550 1889 3633 1961 τῷ
3657 1893 3757 1945 Πα-
3844 1856 3846 1859 Ι

500 1987 554 2033 et
588 1982 833 2034 omnium
867 1977 1101 2032 Domino
1147 1994 1161 2032 :
1205 1976 1307 2039 Tu,
1348 1974 1529 2038 Pater,
1586 1989 1648 2029 es
1703 1973 1868 2028 etiam
1927 1987 2083 2027 meus

506 2072 795 2135 Dominus,
828 2080 992 2139 atque
1024 2068 1145 2123 ideo
1180 2065 1286 2121 mei
1327 2064 1636 2121 custodiam
1669 2064 1871 2120 habeto
1900 2062 1986 2136 [ut
2013 2064 2084 2119 ab

505 2166 728 2219 homine
776 2162 921 2217 enim
977 2159 1219 2214 diximus
1281 2158 1389 2214 dici
1450 2157 1567 2211 haec
1605 2158 1792 2222 verba,
1819 2169 1937 2211 non
1974 2164 2085 2211 uta

504 2254 673 2328 Duo}:
709 2271 834 2309 nam
855 2261 917 2307 ut
944 2252 1110 2307 homo
1142 2250 1329 2306 divina
1359 2258 1415 2305 et
1440 2247 1559 2319 ipse
1604 2248 1883 2318 indigebat
1903 2258 2089 2304 custo-

501 2346 615 2400 dia.
642 2344 919 2401 Snbiectus
949 2343 1117 2405 enim,
1151 2341 1356 2411 inquit,
1413 2339 1495 2409 fui
1547 2336 1775 2392 Domino
1824 2347 1875 2392 et
1931 2337 2080 2393 oravi

500 2455 622 2493 eum
634 2479 648 2492 .

576 2536 718 2601 Quia
758 2535 1012 2587 bonorum
1068 2546 1305 2585 meorum
1349 2545 1453 2584 non
1485 2543 1622 2599 eges.
1673 2527 1754 2582 Ad
1784 2527 1924 2591 haec.
1953 2526 2086 2582 illud

501 2629 669 2681 etiam
719 2626 956 2689 amplius
999 2623 1137 2688 dixi,
1179 2623 1324 2693 quod
1358 2631 1413 2676 tu
1453 2623 1616 2677 donis
1678 2621 1840 2687 meis,
1875 2635 1997 2690 qua:
2030 2620 2084 2674 in

508 2718 845 2774 sacrillelum
873 2716 1061 2770 ollerri‘
1096 2715 1296 2778 solt-ut,
1322 2728 1430 2768 non
1455 2713 1689 2784 indiges.
1715 2708 1902 2781 Neque
1938 2712 2084 2766 enim

503 2823 635 2880 eges
676 2816 736 2862 ut
788 2807 887 2862 tibi
921 2805 1247 2872 sacriﬁcem,
1283 2816 1450 2875 atque
1492 2806 1599 2860 hoc
1628 2810 1787 2875 pacto
1817 2811 1870 2858 te
1901 2804 2088 2874 placa-

506 2916 620 2960 tum
685 2905 818 2958 mihi
877 2902 1184 2971 adiutorem
1249 2887 1497 2958 reddata.
1548 2897 1700 2953 Licet
1734 2897 1881 2953 enim
1933 2903 2089 2967 grate

507 2997 740 3067 recipiat
794 2996 938 3051 Deus
982 3011 1105 3065 qua:
1148 2995 1196 3050 ei
1227 2993 1314 3064 pie
1369 3008 1433 3047 ac
1463 2991 1772 3060 religiosea
1807 2989 1964 3044 nobis
2009 2987 2092 3042 of-

508 3088 783 3152 feruntur,
833 3101 1020 3143 verum
1083 3101 1190 3140 non
1241 3092 1300 3139 ut
1333 3083 1381 3140 is
1432 3085 1525 3153 qui
1576 3081 1841 3151 indigeat,
1899 3081 1993 3136 sed
2026 3087 2087 3134 ut

2188 1980 2277 2046 τρὶ
2326 1977 2404 2047 τῷ
2461 1978 2650 2049 Κυρξῳ
2692 1979 2935 2043 πάντων,
2996 1982 3080 2036 ὅτι
3120 1982 3326 2056 Κύριος
3367 1979 3420 2038 εἴ
3445 1984 3655 2056 κάμοῦ,
3694 1987 3757 2053 ὡς
3844 1990 3846 2051 ᾗ

2189 2068 2481 2139 ἀνθρώπου
2512 2072 2608 2124 καὶ
2631 2073 2729 2142 οὐχ
2764 2072 2840 2138 ὡς
2868 2072 3027 2140 Θεοῦ,
3063 2076 3159 2131 καὶ
3188 2076 3278 2130 διὰ
3304 2074 3464 2131 τοῦτό
3513 2095 3583 2148 με
3618 2097 3759 2150 περι-

2190 2160 2524 2232 φρούρησον.
2582 2162 2675 2228 Ὦς
2710 2165 2819 2235 γάρ
2851 2164 3160 2237 ἄνθρωπος,
3201 2168 3373 2222 ἐδεῖτο
3399 2168 3500 2235 τῆς
3533 2170 3645 2223 ἀπὸ
3676 2171 3757 2225 τοῦ
3844 2200 3846 2215 ι

2189 2250 2327 2304 Θεοῦ
2354 2251 2601 2322 φυλακῆς
2635 2269 2651 2286 ο
2690 2253 3020 2325 ’Υπετὰγην
3047 2256 3179 2328 γὰρ.
3236 2259 3392 2329 φησὶ,
3439 2258 3522 2326 τῷ
3554 2263 3755 2331 Κυρίῳ,

2196 2341 2294 2398 καὶ
2331 2342 2616 2400 ἱκέτευσα
2647 2347 2859 2403 αὐτόν.

2263 2524 2395 2577 ’Ὁτι
2432 2523 2553 2578 τῶν
2595 2526 2836 2595 ἀγαθῶν
2885 2546 3005 2597 μου
3041 2532 3113 2584 οὐ
3152 2532 3366 2599 χρείαν
3391 2533 3577 2601 ἔχεις.
3608 2532 3760 2588 Εἶπον

2192 2615 2248 2668 δὲ
2278 2616 2526 2686 προσέτι,
2548 2594 2756 2673 ὅτιτῶν
2784 2594 2975 2690 δώρων
3004 2638 3108 2693 μου
3266 2594 3460 2678 Gustu;
3486 2594 3548 2679 ού
3582 2629 3761 2697 χρείαν

2193 2708 2361 2778 ἔχεις,
2418 2709 2506 2763 ἴνα
2559 2711 2656 2765 καὶ
2688 2710 2837 2767 θύσω
2876 2729 2980 2780 σοι,
3012 2715 3107 2768 καὶ
3142 2714 3286 2769 οὕτω
3317 2716 3513 2790 βοηθὸν
3553 2719 3682 2784 ἔξω.
3707 2722 3760 2774 El
3844 2728 3846 2735 '

2193 2804 2306 2875 γὶρ
2336 2803 2433 2856 καὶ
2482 2803 2771 2874 προσίεται
2803 2804 2938 2870 Θεὸς
2965 2809 3033 2862 τά
3075 2808 3316 2874 εὐσεϐῶς
3356 2812 3760 2880 προσαγόμενα,

2195 2893 2312 2948 ἀλλ’
2337 2895 2437 2967 οὐχ
2459 2896 2532 2959 ὡς
2571 2896 2756 2969 ἐνδεὴς
2783 2896 2985 2964 αὐτῶν,
3006 2899 3122 2952 ἀλλ’
3172 2898 3314 2954 ὥστε
3346 2901 3521 2955 ταῦτα
3566 2902 3763 2972 κρίνειν

2182 2987 2621 3059 εὐγνωμοσύνης
2680 2989 2978 3056 ἀπόδειξιν,
3035 2993 3132 3046 καὶ
3168 2994 3443 3048 ποιεῖσθαι
3496 2997 3760 3068 πρὸρασιν

2199 3080 2521 3146 ἀντιδόσεως
2532 3081 2641 3136 τῶν
2661 3081 2841 3153 πολλῷ
2856 3084 3208 3156 κρειττόνων.

506 3179 621 3246 illa,
642 3175 992 3250 gratitudinis
1022 3191 1085 3231 ac
1104 3173 1498 3231 benevolentia:
1534 3179 1739 3227 nostrae
1770 3186 1900 3242 erga
1933 3186 2084 3238 eum,
2111 3171 2375 3229 indicium
2430 3174 2630 3231 habeat
2662 3194 2676 3231 :
2710 3183 2873 3246 atque
2902 3177 2956 3231 in
3020 3187 3346 3247 prtetextum
3403 3190 3459 3239 et
3529 3188 3764 3244 occasio.

507 3286 630 3329 nem
670 3268 1053 3325 retributionis
1090 3266 1361 3336 majorum
1393 3263 1690 3319 donorum.

502 3376 505 3379 '
578 3364 748 3419 Vens.
774 3365 831 3418 5.
872 3361 1089 3418 Sanctis
1124 3362 1217 3433 qui
1244 3368 1369 3416 sunt
1395 3360 1447 3414 in
1485 3352 1782 3427 terra‘ejus
1820 3356 2085 3411 mirabilia

2224 3391 2235 3400 .
2270 3357 2406 3426 Τοῖς
2426 3357 2619 3430 ἁγίοις
2652 3358 2778 3426 τοῖς
2799 3358 2868 3414 ἐν
2891 3357 2966 3429 τῇ
2991 3356 3069 3430 γῇ
3097 3362 3286 3418 αὑτοῦ
3302 3364 3765 3436 ἐθαυμάστωσεν
3844 3338 3846 3347 Ι

512 3461 629 3515 fecit
655 3456 933 3512 Dominus.
968 3453 1154 3519 Bonae,
1187 3453 1389 3523 inquit,
1419 3467 1540 3508 sum
1570 3452 1709 3521 spei,
1734 3451 1918 3507 sciens
1943 3449 2088 3520 quod

507 3551 777 3605 Dominus
810 3545 1063 3618 quaedam
1121 3543 1253 3600 iecit
1284 3542 1586 3606 mirabilia,
1645 3557 1709 3596 ac
1746 3549 1945 3613 praeter
1969 3556 2093 3595 om-

506 3643 659 3697 nium
695 3640 1037 3710 opinionem,
1090 3626 1299 3692 sanctis
1349 3633 1667 3688 hominibus
1709 3632 1800 3701 qui
1852 3632 1906 3686 in
1946 3640 2092 3687 terra

510 3734 632 3801 ejus
658 3741 808 3787 sunt.
831 3729 1075 3785 Sanctus
1103 3738 1283 3783 autem
1315 3727 1406 3781 ille
1427 3734 1531 3791 cst,
1560 3725 1653 3796 qui
1688 3724 1857 3779 Deum
1882 3725 2095 3780 sincere

514 3832 686 3887 amat,
709 3831 764 3878 et
794 3824 848 3876 in
880 3836 947 3876 eo
987 3819 1217 3875 conlidit
1261 3837 1274 3873 :
1317 3818 1497 3887 qualis
1538 3827 1657 3872 erat
1686 3816 1778 3885 qui
1811 3815 2094 3884 praesentis

511 3918 709 3988 psalmi
735 3916 899 3972 verba
950 3916 1198 3985 protulit.
1235 3914 1298 3969 Et
1325 3921 1569 3976 s:mctos,
1602 3913 1669 3968 dc
1699 3914 1901 3984 quibus
1944 3926 2091 3966 nunc

512 4008 779 4079 loquitur,
836 4021 1030 4062 omnes
1062 4005 1325 4076 iutellige,
1362 4006 1681 4076 quicunque
1712 4012 1842 4059 ante
1886 4001 2093 4056 Christi

513 4102 806 4158 adventum
846 4101 955 4158 Deo
994 4102 1340 4172 placuerunt.
1390 4099 1493 4154 Per
1555 4108 1760 4169 terram
1813 4108 1945 4153 vero
2002 4105 2097 4152 aut

516 4196 662 4250 hanc
696 4195 965 4267 iutellige,
996 4197 1065 4250 de
1098 4209 1207 4264 qua
1236 4194 1364 4247 alibi
1392 4207 1635 4249 consmic
1671 4191 1941 4261 scriptum
1974 4198 2094 4245 est:

513 4288 731 4344 Domini
780 4296 856 4342 est
895 4292 1039 4342 terra
1074 4285 1117 4318 “
1147 4299 1241 4342 aut
1303 4300 1599 4355 supernam
1660 4282 1988 4349 Jerusalem,
2040 4281 2094 4336 iu

512 4397 619 4452 qua
657 4381 1158 4447 conversabantur,
1184 4380 1401 4435 tametsi
1430 4379 1608 4433 adhuc
1638 4379 1691 4432 iu
1712 4387 1856 4432 terra
1884 4384 2093 4437 essent,

511 4484 567 4530 et
613 4476 668 4529 in
706 4489 813 4546 qua
844 4482 969 4546 post
999 4486 1229 4529 mortem
1270 4470 1522 4527 habitare
1550 4472 1955 4527 existimantur.
1996 4465 2095 4521 Vol

514 4585 609 4638 per
638 4575 861 4623 sanctos
892 4567 1194 4637 intelligere
1220 4580 1513 4635 possumus
1544 4566 1820 4634 apostolos
1872 4572 1923 4617 et
1959 4548 2096 4621 ﬁdei

515 4654 595 4710 les
610 4658 700 4724 qui
730 4672 827 4726 per
851 4656 974 4710 illos
990 4653 1345 4710 crediderunt
1371 4669 1385 4706 :
1413 4653 1506 4724 qui
1533 4669 1561 4707 ιι
1588 4653 1871 4721 multiplici
1922 4657 2096 4704 morte

2193 3453 2227 3506 ὁ
2279 3449 2516 3518 Κύριος.
2577 3450 2812 3518 Εὖελπές
2838 3454 2977 3521 εἰμι,
3036 3456 3226 3524 φησὶν,
3278 3456 3460 3522 εἰδὼς,
3530 3460 3616 3514 ὅτι
3660 3464 3764 3526 τοῖς

2195 3542 2396 3611 ἁγίοις.
2418 3543 2531 3605 τοῖς
2559 3544 2617 3596 ἐν
2654 3544 2722 3613 τῇ
2749 3544 2817 3613 γῇ
2847 3543 3015 3599 αὑτοῦ
3052 3543 3343 3616 θαυμαστά
3371 3549 3468 3602 καὶ
3500 3551 3765 3620 παράδοξα
3844 3588 3846 3615 ;

2196 3633 2454 3704 ἐποίησεν
2482 3636 2511 3688 ὁ
2539 3633 2768 3706 Κύριος.
2792 3634 2984 3705 Ἄγιος
3012 3636 3089 3701 δὲ,
3120 3639 3149 3691 ό
3177 3637 3268 3692 τὸν
3303 3639 3441 3693 Θεὸν
3468 3640 3765 3713 εἰλικρινῶς
3844 3688 3846 3703 ,

2196 3725 2449 3794 ἀγαπῶν,
2490 3728 2587 3783 καὶ
2636 3728 2722 3784 ἐπ’
2763 3727 2911 3799 αὐτῷ
2956 3729 3256 3801 πεποιθὼς,
3288 3724 3403 3796 οἷος
3438 3727 3509 3805 ἦν
3545 3736 3574 3788 ό
3604 3736 3764 3789 ταῦτα
3844 3772 3846 3795 ι

2193 3816 2389 3886 λέγων.
2440 3814 2562 3873 Εἶεν
2599 3818 2659 3872 δ’
2709 3819 2775 3873 ἂν
2828 3819 2922 3883 οὓς
2968 3814 3399 3891 λέγει,’πάντες
3440 3826 3493 3878 oi
3532 3827 3637 3896 πρὸ
3673 3829 3763 3896 τῆς
3844 3870 3846 3899 λ

2196 3909 2437 3979 Χριστοῦ
2499 3909 2803 3978 παρουσίας
2856 3913 3326 3989 εὐαρεστὴσαντες
3383 3916 3465 3987 τῷ
3496 3917 3634 3989 Θεῷ.
3664 3920 3762 3987 Γῆν

2195 3998 2253 4056 δὲ
2283 3999 2470 4062 αὑτοῦ,
2500 4000 2533 4071 ἢ
2570 4002 2776 4064 ταύτην
2802 4005 2998 4068 εἴποις,
3048 4004 3160 4060 Τοῦ
3205 4006 3315 4077 γὰρ
3338 4005 3569 4076 Κυρίου
3595 4010 3630 4078 ἠ
3659 4010 3730 4080 γῆ
3750 4027 3763 4040 ⁸

2197 4091 2231 4161 ἢ
2262 4092 2361 4162 τὴν
2390 4094 2504 4148 ἄνω
2541 4091 2921 4167 Ἰερουσαλὴμ,
2958 4097 3014 4150 ὲν
3039 4088 3072 4172 ᾖ
3095 4099 3187 4173 καὶ
3220 4101 3372 4152 κάτω
3392 4099 3570 4164 ὄντες,
3597 4102 3766 4155 ἐπολι-

2197 4182 2440 4248 τεύοντο,
2502 4185 2599 4237 καὶ
2648 4179 2760 4260 ὲνῇ
2795 4189 2844 4238 oi
2872 4186 3232 4253 λανθάνοντες
3264 4191 3665 4249 πολιτεύονται.
3701 4196 3765 4248 Ἦ

2199 4277 2296 4329 καὶ
2350 4276 2542 4344 ἁγίους
2597 4276 3078 4349 μὲν-ὑποληπτέον
3108 4282 3237 4344 τοὺς
3278 4282 3639 4348 ἀποστόλους,
3678 4287 3767 4338 καὶ

2198 4367 2335 4431 τοὺς
2392 4368 2452 4433 ἐξ
2489 4369 2668 4422 αὐτῶν
2708 4371 3125 4436 πιστεύσαντας,
3151 4372 3448 4428 πολυειδῶν
3480 4376 3766 4447 ῥυσθέντας

2199 4459 2483 4524 κινδύνων,
2520 4461 2615 4512 καὶ
2651 4459 2921 4522 θανάτων,
2960 4462 3065 4532 γῆν
3104 4463 3290 4537 δὲτὴν
3343 4465 3687 4538 Ἐκκλησίαν,
3713 4468 3766 4518 ἐν

2199 4540 2705 4627 ᾖάναστρὲφοντάι.
2738 4549 2870 4606 Εἶτα
2908 4554 3092 4625 τίθησι
3116 4558 3211 4609 καὶ
3242 4557 3341 4628 τὴν
3374 4560 3578 4625 αἰτίαν,
3611 4560 3676 4612 δι’
3703 4561 3766 4629 ῆν

2201 4646 2383 4708 αὐτοῖς
2417 4644 2708 4716 θαυμαστὰ
2734 4648 2899 4701 ποιεῖ.

512 4761 568 4807 et
601 4766 631 4805 a
656 4751 917 4820 gravibus
950 4753 1211 4822 periculis
1241 4750 1456 4806 liberati
1494 4750 1716 4808 fuerunt
1749 4767 1777 4804 a
1817 4750 2070 4812 Domino,
2105 4754 2164 4801 et”
2212 4734 2306 4814 per
2331 4750 2559 4805 terram,
2596 4740 2897 4799 Ecclesium
2928 4740 2980 4793 in
3022 4756 3129 4811 qua
3193 4746 3511 4797 iersantur.
3550 4726 3765 4797 Deinde

515 4857 738 4898 causam
792 4843 965 4911 ponit,
1000 4854 1219 4913 propter
1255 4859 1419 4912 quam
1470 4843 1603 4897 fecit
1653 4843 1736 4899 eis
1788 4842 1933 4897 Deus
1980 4841 2094 4895 haec
2131 4830 2427 4892 mirabilia.
3198 4904 3201 4905 ν

586 4935 781 4994 Omnes
821 4936 1114 4992 voluntates
1159 4939 1274 5009 ejus
1320 4940 1375 4992 in
1424 4939 1519 4992 eis.
1560 4935 1662 4992 Ubi
1695 4939 1839 4991 enim
1884 4936 1945 4990 ﬁt
1995 4933 2085 4989 Dei

2267 4928 2468 4983 Πάντα
2517 4927 2588 4982 τὰ
2620 4927 2924 4999 θελήματα
2983 4925 3172 4981 αὐτοῦ
3218 4926 3289 4979 ἐν
3338 4923 3564 4989 αὐτοῖς.
3600 4922 3764 4974 Ὅπου

514 5029 793 5093 voluntas,
824 5029 938 5084 illic
956 5029 1096 5085 Deus
1128 5044 1348 5100 semper
1370 5037 1573 5094 manet,
1599 5028 1841 5100 dirigens
1870 5039 1925 5084 ct
1950 5043 2087 5084 con-

513 5138 767 5180 Versatus.

588 5297 757 5358 Vens.
809 5301 863 5357 4.
906 5299 1283 5370 Μκίιὶριὶεοιω
1324 5309 1446 5354 sunt
1497 5299 1839 5369 inﬁrmitates
1880 5314 2083 5362 eorum,

517 5403 701 5462 postea
728 5392 1176 5448 acceleraverunt.
1213 5392 1319 5447 Per
1353 5390 1728 5454 inﬁrmitates,
1770 5390 1985 5443 labores
2015 5396 2092 5442 at-

519 5502 629 5559 que
666 5486 992 5542 alllictiones
1029 5500 1219 5542 eorum
1251 5483 1527 5556 intelligit,
1579 5496 1700 5553 quia!
1745 5482 1826 5537 sic
1859 5480 2087 5551 dispen-

519 5585 676 5633 sante
700 5592 764 5632 ac
791 5579 1136 5647 permittente
1153 5576 1262 5632 Deo
1287 5585 1443 5632 erant
1469 5574 1876 5644 multiplicatae:
1902 5583 2093 5643 etquae

524 5666 870 5738 postmodum
907 5666 1098 5720 eodem
1139 5672 1418 5722 annuente
1466 5663 1577 5719 cito
1607 5663 2043 5733 pertransierunt
2073 5678 2089 5727 ;

675 5849 721 5883 “
752 5848 899 5907 Psal.
921 5866 1078 5920 mu,
1098 5877 1138 5916 ι,

2196 5022 2307 5090 γὰρ
2337 5021 2409 5073 τὰ
2442 5018 2537 5072 τοῦ
2590 5018 2727 5072 Θεοῦ
2786 5019 3031 5088 γίνονται
3085 5016 3392 5088 θελήματα,
3454 5016 3549 5068 καὶ
3580 5016 3606 5066 ὁ
3635 5014 3765 5072 Θεὸς

2198 5112 2415 5173 πάντως
2471 5111 2529 5162 ὲν
2584 5111 2770 5173 αὐτοῖς
2826 5110 2965 5174 ἐστι,
3029 5108 3318 5178 φυλάττων
3371 5106 3467 5159 καὶ
3500 5101 3765 5157 κατευϐύο

2198 5222 2324 5258 νων.

2283 5292 2790 5360 Ἐπληθύνθηο-αν
2840 5293 2901 5346 al
2966 5291 3269 5347 ἀσθένειαι
3320 5290 3523 5346 αὐτῶν
3552 5307 3565 5321 ’
3617 5288 3770 5360 μετὰ

2199 5381 2387 5436 ταῦτα
2416 5381 2743 5449 ἑτὰχυναν.
2780 5380 3091 5441 Ἀσθενεῖας
3114 5380 3261 5449 λέγει
3297 5380 3427 5444 τοὺς
3457 5379 3643 5442 πόνους
3679 5380 3769 5430 καὶ

2198 5474 2294 5537 τὰς
2327 5472 2534 5542 θλίψεις
2564 5471 2770 5527 αὐτῶν.
2805 5471 3255 5545 Ἐπληθύνθησαν
3282 5473 3409 5525 κατ’
3436 5470 3766 5539 οἰκονομίαν,

2200 5560 2319 5618 εἶτα
2362 5563 2499 5617 Θεοῦ
2535 5560 2851 5628 νεύσαντος,
2901 5564 3111 5634 ταχέως
3176 5564 3488 5635 παρῆλθον·
3542 5561 3770 5615 Πολλοὶ

2200 5658 2332 5729 γὰρ,
2364 5656 2551 5727 φησὶν,
2582 5658 2642 5710 al
2690 5656 2930 5725 θλίψεις
2967 5657 3089 5711 τῶν
3115 5657 3384 5724 δικαίων,
3427 5656 3524 5712 καί
3567 5655 3633 5708 ἐκ
3658 5670 3768 5707 πα-
