3916 6562
185 421 294 487 197

1351 421 1744 488 COMMENT.
1779 422 1862 481 ΙΝ
1904 420 2266 480 PSALMOS.

3353 417 3458 483 19S

179 535 308 586 σῶν
327 532 530 586 αὐτῶν
541 533 750 599 ῥύεται
782 533 858 586 αὐ
869 532 1007 598 τοὺς
1036 536 1068 587 ό
1096 534 1330 602 Κύριος.
1355 537 1427 588 Ἥ
1449 536 1542 590 καὶ
1563 537 1738 598 ἄλλως
1760 551 1772 565 ο

1890 534 2064 596 Multa?
2096 535 2266 598 enim,
2303 533 2502 601 inquit.
2549 531 2919 585 tribulatione:
2958 531 3252 600 juslorum,
3296 547 3344 587 et
3400 538 3466 589 de

194 625 656 698 Ἐπληθύνθησαν
700 625 967 694 πρότερον
1021 626 1078 678 αἱ
1145 627 1416 698 ἁμαρτίαι
1472 627 1581 680 τῶν
1613 643 1776 678 πεπι-

190 719 499 773 στευκότων
525 721 605 780 εἰς
632 718 896 787 Χριστόν·
931 717 1265 788 ἀσθενούσης
1296 720 1410 791 γὰρ
1445 720 1546 789 τῆς
1576 718 1778 788 ψυχῆς.

191 813 220 880 ἠ
263 812 516 881 ἁμαρτία
546 810 794 876 γίνεται·
855 803 978 862 εἷτα
1027 812 1126 863 τοῦ
1169 811 1509 878 Εὐαγγελίου
1568 828 1782 882 κηρυχ-

189 902 403 965 θέντος,
461 903 733 970 ὲτάχυναν
783 903 863 963 εἰς
917 901 1227 955 εὐσέϐειαν.
1285 903 1366 954 Τὰ
1419 902 1467 954 δ’
1507 903 1781 963 ἐντεῦθεν,

191 999 286 1062 δῠχ
336 994 412 1057 ὼς
441 994 748 1063 ἄνθρωπος,
780 994 895 1046 ἀλλ’
925 995 1000 1059 ὡς
1033 994 1164 1057 Θεὸς
1185 996 1566 1062 ἀποφαίνεται.

261 1267 348 1318 Οὐ
371 1263 458 1333 μὴ
493 1262 818 1332 συναγὰγω
837 1264 944 1327 τὰς
963 1265 1321 1333 συναγωγὰς
1349 1264 1546 1317 αὐτῶν
1593 1265 1660 1327 ἐξ
1691 1267 1784 1317 ai-

188 1359 413 1424 μάτων.
459 1356 650 1420 Τοῦτο,
690 1357 816 1426 περὶ
841 1356 950 1407 τῶν
979 1357 1278 1409 ἀνελόντων
1299 1356 1460 1408 αὑτὸν
1489 1358 1780 1417 Ἰουδαίων,

188 1445 269 1502 ὧν
300 1451 368 1502 τὰ
404 1449 587 1518 πλήθη
617 1452 944 1516 συναγαγὼν
971 1449 1077 1502 ἀπὸ
1097 1450 1312 1518 σφαγῆς
1363 1450 1640 1513 ἀνανεύει,
1666 1451 1780 1502 δια⁸

189 1543 591 1612 φθαρησόμενα
623 1545 744 1605 ταῖς
757 1543 867 1594 τῶν
897 1542 1190 1612 Ῥωμαίων
1218 1542 1428 1612 χερσίν.

265 1716 410 1771 Οὐδ’
445 1717 516 1770 οὺ
541 1716 628 1783 μὴ
653 1715 908 1784 μνησθῶ
952 1713 1072 1769 τῶν
1118 1717 1428 1784 ὀνομάτων
1451 1717 1653 1771 αὐτῶν
1685 1718 1783 1772 διὰ

193 1807 458 1878 χειλέων
472 1825 615 1876 μου.
657 1805 986 1876 Ὠνομὰζετο
1032 1807 1140 1877 γὰρ
1169 1809 1196 1859 ὁ
1227 1807 1357 1870 λαὸς
1405 1810 1633 1872 ἐκεῖνος,
1658 1808 1784 1871 λαὸς

1887 630 2129 680 nantibus
2173 627 2253 679 his
2279 627 2521 679 liberavit
2565 642 2653 678 eos
2699 624 2977 677 Dominus.
3014 623 3105 678 Vel
3141 626 3302 679 aliter
3333 644 3345 679 :
3385 627 3468 680 lu-

1889 721 2196 784 ﬁrmitates,
2247 718 2300 771 id
2357 726 2441 772 est
2492 727 2712 784 peccata
2766 731 2982 781 eorum,
3009 719 3218 772 scilicet
3265 718 3358 788 qui
3410 722 3465 773 in

1885 811 2175 866 Christum
2227 811 2606 874 crediderunt,
2665 810 2818 877 prius
2888 810 3266 879 multiplicatm
3314 824 3464 868 sunt.
3530 838 3532 840 τ

1886 901 2018 954 Nam
2057 902 2146 954 ubi
2185 901 2365 954 anima
2398 901 2614 969 inﬁrma
2643 908 2746 962 est,
2771 908 3053 968 peceatum
3077 902 3274 956 oritur.
3315 900 3465 956 Prae-

1887 993 2070 1046 dicata
2098 1008 2226 1047 vere
2273 993 2624 1062 postmodum
2671 992 2986 1061 Evangelia,
3021 995 3470 1048 acceleraverunt

1887 1085 1940 1137 in
1972 1085 2292 1154 religianetn
2323 1078 2388 1138 ac
2418 1085 2699 1154 pietatem.
2735 1083 2869 1149 Quae
2901 1093 3209 1154 seqttuntur
3243 1101 3353 1139 nan
3405 1094 3468 1139 ιιι

1889 1178 1957 1230 ab
1987 1177 2231 1242 homine,
2266 1178 2362 1232 sed
2395 1185 2656 1246 tanquam
2689 1191 2718 1230 a
2761 1178 2869 1232 Dea
2909 1178 3237 1248 proferenda
3277 1187 3428 1234 sunt.

1959 1268 2081 1322 Non
2123 1270 2449 1338 caugregabo
2480 1270 2910 1339 congregatione:
2936 1285 3118 1323 eorum
3147 1269 3213 1323 de
3241 1271 3469 1340 sangui-

1885 1362 2062 1416 nibus.
2103 1359 2216 1415 Hoc
2235 1362 2302 1415 de
2329 1359 2532 1416 Iudaeis
2565 1363 2772 1415 dictum
2801 1371 2904 1423 est.
2935 1364 3028 1433 qui
3055 1361 3344 1417 Dominum
3371 1379 3466 1416 ac-

1885 1451 2161 1515 ciderunt,
2183 1459 2237 1505 et
2262 1467 2496 1520 quorum
2532 1452 2824 1504 maximam
2859 1463 3064 1522 partem
3092 1450 3465 1507 Romanorum

1885 1545 2144 1599 manibus
2195 1543 2555 1613 perdendam,
2594 1551 2759 1614 negat
2812 1557 2870 1598 se
2914 1541 3058 1598 Deus
3084 1543 3150 1598 de
3178 1558 3242 1597 ea
3285 1553 3468 1613 strage

1885 1641 2372 1706 congregatarum.

1955 1726 2070 1782 Nec
2109 1743 2308 1782 memor
2343 1742 2434 1782 ero
2482 1727 2752 1780 nominum
2800 1742 2980 1780 eorum
3013 1743 3110 1794 per
3154 1725 3295 1779 labia
3327 1741 3466 1778 mea.

1887 1817 2278 1886 Appellabatur
2335 1827 2518 1872 autent
2563 1819 2803 1887 populus
2855 1818 2967 1883 ille,
3019 1818 3254 1886 populus
3295 1815 3387 1871 Dei
3416 1823 3472 1869 et

190 1901 361 1964 Θεοῦ,
390 1901 489 1953 καὶ
517 1899 859 1969 περιούσιος,
891 1899 988 1952 καὶ
1041 1899 1311 1969 ἄμπελος,
1338 1901 1434 1953 καὶ
1475 1901 1658 1972 μερὶς,
1689 1902 1780 1954 καὶ

1890 1910 2122 1976 populus
2157 1909 2474 1978 peculiaris,
2511 1917 2566 1962 et
2597 1909 2779 1972 vinea,
2805 1918 2860 1962 et
2885 1924 3033 1978 pars,
3069 1918 3124 1962 et
3153 1909 3468 1974 hat-reditas,

190 1993 561 2066 κληρονομία,
602 1992 702 2047 καὶ
735 1992 1046 2062 σχοίνισμα,
1077 1995 1172 2046 καὶ
1214 1993 1316 2046 ὅσα
1349 1992 1598 2057 τοιαῦτα,
1640 1995 1785 2071 Οὐκ·

191 2089 278 2141 ἐτι
323 2083 419 2141 οὖν
461 2085 754 2146 Ἰουδαίους
797 2085 1016 2139 καλέσω
1061 2089 1176 2149 τοῖς
1239 2086 1525 2156 ὀνόμασιν,
1558 2082 1642 2149 οἷς
1691 2088 1785 2140 καὶ

193 2180 501 2250 πρότερον·
541 2180 679 2232 ἀλλὰ
699 2177 867 2231 τέκνα
903 2179 1166 2248 μωμητὰ,
1196 2181 1292 2232 καὶ
1311 2178 1508 2247 γενεὰν
1537 2179 1780 2244 σκολιὰν,

194 2273 300 2325 καὶ
326 2275 652 2343 γεννήματα
683 2273 930 2341 ἐχιδνῶν,
973 2274 1068 2327 καὶ
1100 2273 1392 2343 σπέρματα
1417 2274 1651 2343 πονηρὰ,
1689 2275 1784 2327 καὶ

194 2367 251 2419 εἰ
279 2384 331 2418 τι
364 2365 626 2422 τοιοῦτον.
662 2367 731 2418 Ἦ
777 2367 871 2418 καὶ
916 2366 1047 2434 περὶ
1084 2367 1193 2418 τῶν
1229 2365 1287 2431 ἐξ
1319 2366 1488 2418 ἐθνῶν
1517 2367 1694 2436 ἄμφω
1716 2367 1787 2420 τὰ

196 2458 344 2525 ῥητά
374 2459 665 2529 νοήσομεν,
698 2460 779 2509 ὅτι
833 2457 908 2510 Οὐ
944 2457 1022 2530 μὴ
1060 2458 1419 2528 οίκειώσομαι
1454 2460 1552 2520 τὰς
1584 2459 1784 2529 ἐκκλη-

195 2551 325 2613 σίας
345 2549 550 2612 αὐτῶν,
578 2549 636 2616 ἐξ
658 2550 899 2618 ἐναίμων
927 2549 1128 2604 θυσιῶν
1151 2567 1165 2582 ·
1212 2550 1330 2603 ἀλλ’
1360 2548 1421 2613 ἐξ
1450 2550 1784 2622 εἰλικρινοῦς

196 2640 464 2702 πίστεως,
498 2639 589 2692 καὶ
619 2644 997 2710 πνευματικῆς
1019 2639 1207 2702 θυσίας
1226 2641 1377 2694 ὀὐδὲ
1399 2643 1783 2713 μνησθήσομαι

194 2732 314 2784 τῶν
349 2731 652 2800 ὀνομάτων,
687 2727 770 2795 οἷς
802 2733 999 2795 αὐτοὺς
1028 2732 1314 2803 ὠνόμαζον
1353 2735 1522 2788 πάλαι
1564 2733 1654 2787 διὰ
1675 2734 1784 2788 τῶν

196 2825 526 2894 προφητῶν,
573 2823 690 2878 ἀλλ’
725 2825 846 2877 ἀντὶ
897 2825 996 2895 μὲν
1043 2825 1280 2897 ἐχθρῶν,
1328 2827 1543 2880 καλέσω
1573 2827 1778 2895 φίλους,

195 2917 327 2970 ἀντὶ
377 2917 650 2983 ἀπίστων,
703 2918 950 2980 πιστοὺς,
983 2918 1078 2971 καὶ
1126 2919 1226 2973 ὅσα
1255 2919 1460 2973 τούτων
1487 2921 1778 2975 ἀκόλουθα.

192 3009 372 3077 Χείλη
430 3008 490 3060 δέ
540 3008 675 3061 Θεοῦ
744 3011 937 3062 νοοῖντ⁹
996 3010 1064 3062 ἂν
1122 3012 1172 3064 ol
1225 3011 1408 3079 λόγον
1467 3014 1561 3065 καὶ
1611 3013 1782 3066 ταῦτα

189 3101 336 3170 γὰρ,
371 3100 547 3167 λόγων
593 3100 823 3169 ὄργανα.
861 3101 1071 3164 ’Λλλως
1097 3119 1155 3154 τε
1191 3103 1308 3167 καὶ,
1338 3105 1367 3154 ὁ
1399 3103 1589 3173 Σωτὴρ
1623 3105 1778 3156 ἐναν-

1884 2014 1939 2054 et
1975 2001 2253 2056 funiculus
2302 2001 2540 2065 Domini,
2602 2010 2767 2070 atque
2819 2001 2922 2053 alia
2969 1999 3305 2069 hujusrnadi.
3347 2001 3469 2056 Non

1889 2095 2149 2162 amplius,
2199 2095 2403 2161 inquit,
2447 2093 2764 2161 huiusmodi
2821 2093 3163 2156 nominibus,
3191 2103 3247 2146 ut
3285 2102 3469 2155 antea,

1886 2199 1982 2237 cas
2021 2183 2308 2252 appellabo
2339 2200 2354 2235 :
2387 2184 2639 2252 quinima
2673 2182 2814 2236 tilias
2851 2181 3350 2250 reprehensibiles,
3374 2196 3470 2251 εει

1888 2277 2231 2329 neralianem
2279 2290 2500 2344 pravam
2558 2280 2644 2328 ac.’
2667 2288 3006 2342 perversam,
3051 2274 3466 2344 generationem

1887 2370 2226 2436 viperarum,
2264 2381 2449 2421 semen
2504 2366 2731 2424 malum.
2784 2352 3039 2434 ant'quid
3077 2365 3227 2419 aliud
3260 2366 3464 2420 simile.

1886 2460 1981 2512 Vel
2034 2469 2335 2528 utrumque
2378 2458 2584 2511 dictum
2638 2457 3008 2524 intelligamus
3061 2456 3129 2510 de
3172 2456 3240 2511 iis
3272 2457 3365 2526 qui
3400 2472 3470 2510 ex

1887 2551 2145 2616 gentibus
2185 2548 2559 2602 crediderunt.
2603 2548 2720 2600 Non
2754 2547 3079 2609 aediﬁcabo,"
3114 2547 3314 2612 inquit,
3372 2547 3470 2600 Ec-

1886 2641 2086 2695 clesias
2134 2654 2326 2694 eorum
2355 2655 2418 2693 ex
2453 2637 2896 2707 sanguinolentis
2932 2637 3242 2698 sacriﬁciis,
3276 2637 3369 2690 sed
3399 2652 3469 2691 ex

1888 2733 2264 2795 sittcerazlide,
2318 2745 2381 2784 ex
2419 2731 2695 2799 spirituali
2741 2731 2922 2784 hostia
2969 2745 2983 2782 :
3032 2745 3208 2798 neque
3262 2745 3472 2784 memor

1884 2839 1982 2878 ero
2008 2821 2322 2887 nominum,
2359 2820 2563 2891 quibus
2623 2821 2761 2874 alim
2795 2835 2888 2888 per
2926 2819 3225 2889 prophetas
3251 2834 3346 2872 eos
3373 2834 3471 2887 ap-

1887 2918 2180 2981 pellabant,
2209 2918 2302 2969 sed
2337 2930 2475 2984 quos
2507 2914 2635 2968 alim
2659 2913 3214 2974 initnicostdicebam,
3256 2913 3467 2967 amicas

1886 3010 2094 3063 vocabo
2129 3027 2144 3062 :
2194 3019 2248 3063 et.
2281 3023 2420 3076 quas
2465 3005 2738 3067 inﬁdeles,
2778 3005 2988 3069 ﬁdeles,
3034 3013 3086 3060 et
3127 3005 3471 3074 qumcunque

1888 3102 1993 3155 alia
2035 3102 2120 3156 his
2155 3101 2530 3170 congruentia
2554 3107 2703 3152 sunt.
2738 3095 2908 3150 Labia
2960 3105 3143 3150 autem
3178 3094 3472 3150 Deiintel-

188 3191 526 3260 θρωπήσαςς
585 3189 835 3259 ὠνόμαζε
891 3193 984 3244 καὶ
1046 3192 1355 3258 Ἰουδαίους,
1409 3193 1504 3247 καὶ
1555 3196 1681 3258 τοὺς
1721 3196 1778 3260 ἐξ

1890 3193 1981 3261 ligi
2011 3198 2243 3262 possunt
2275 3191 2396 3259 ejus
2442 3190 2632 3253 verba,
2668 3204 2793 3242 cum
2830 3188 2973 3241 labia
3017 3187 3310 3242 verborum
3359 3190 3471 3241 sint

189 3281 396 3344 ἐθνῶν,
428 3282 540 3344 τοῖς
583 3280 853 3346 ἐναντίοις
891 3281 1002 3335 τῶν
1059 3283 1343 3355 προτέρων
1392 3283 1676 3356 ὀνόμασιν,
1707 3287 1784 3348 ὡς

189 3372 524 3441 δεδήλωται.
1519 3389 1524 3392 '

267 3637 496 3705 Κύριος
545 3637 712 3708 μερὶς
761 3637 872 3707 τῆς
926 3643 1324 3710 κληρονομίας
1347 3661 1490 3712 μου,
1536 3645 1635 3698 καὶ
1677 3645 1782 3699 τοῦ

191 3732 494 3798 ποτηρίου
521 3748 660 3798 μου.
691 3733 764 3784 Οὐ
795 3734 946 3802 παρὰ
968 3736 1214 3805 γνώμην,
1244 3736 1402 3806 φησὶ,
1432 3737 1524 3790 τοῦ
1570 3739 1784 3808 Πατρὸς

191 3822 473 3892 ἐγενόμην
499 3821 814 3893 ἄνθρωπος·
842 3824 938 3876 καὶ
969 3824 1129 3888 αὐτὸς
1159 3827 1268 3894 γὰρ
1318 3828 1626 3899 τῇεύδοκίᾳ
1655 3831 1786 3896 μέτ-

191 3915 326 3982 οχος
390 3916 508 3966 ἐστι
542 3915 637 3966 τοῦ
692 3913 848 3981 λαοῦ,
893 3916 988 3970 τοῦ
1041 3921 1432 3982 πιστεύσαντος
1465 3922 1523 3984 ἐξ
1571 3922 1776 3978 ἐθνῶν·

191 4007 359 4059 τοῦτο
393 4006 503 4075 γὰρ
552 4007 708 4059 καλεῖ
757 4007 1145 4078 κληρονομίαν,
1190 4011 1266 4073 ὡς
1313 4012 1372 4064 ἐν
1419 4011 1509 4082 τῷ-
1543 4012 1783 4084 δευτέρῳ

194 4102 408 4171 ψαλμῷ
459 4100 820 4171 προείρηται·
856 4102 942 4153 ἔτι
965 4101 1145 4155 δέ-καῖ
1196 4102 1296 4156 τοῦ
1318 4105 1585 4158 θανατουο
1618 4108 1785 4176 ποτή-

197 4211 320 4262 ριον
347 4194 460 4262 γὰρ
485 4193 637 4262 παρὰ
665 4193 765 4262 τῆς
791 4194 1010 4264 Γραιρῆς
1050 4195 1078 4247 ὁ
1113 4194 1346 4258 θάνατος
1377 4197 1744 4267 ἑρμηνεύεται
1763 4215 1776 4229 ο

197 4286 304 4336 κάν
335 4286 454 4344 τοῖς
495 4282 850 4351 Εὑαγγελίοις
897 4284 1005 4353 γὰρ
1061 4284 1244 4352 λέγει’
1307 4287 1379 4340 Τὸ
1425 4289 1718 4357 ποτήριον
1748 4292 1778 4344 ὃ

193 4375 313 4444 ἐγὼ
346 4376 523 4437 πίνω,
565 4375 737 4445 ὑμεῖς
763 4377 836 4429 οὺ
869 4375 1137 4431 δύνασθε
1191 4378 1380 4432 πιεῖν
1431 4382 1526 4433 καὶ
1584 4381 1737 4444 αὖθις
1764 4399 1778 4414 ο

196 4459 396 4537 Πάτερ
434 4468 603 4536 ἐμοῦ,
655 4471 708 4522 ει
757 4469 1023 4523 δυνατόν
1075 4471 1229 4534 ἐστι,
1291 4473 1634 4538 παρελθέτω
1679 4475 1779 4527 ἀπ’

1892 3285 2283 3338 instrumenta.
2321 3282 2577 3336 Btaliter
2615 3299 2628 3335 :
2667 3281 2924 3334 Salvator
2949 3292 3137 3335 noster
3168 3278 3385 3335 Jmlaeas
3412 3294 3470 3335 et

1892 3375 2086 3429 ﬁdeles
2125 3390 2190 3430 ex
2237 3375 2512 3444 gentibus,
2555 3374 2857 3428 contrariis
2906 3374 3227 3427 nominibus
3281 3374 3470 3443 appel-

1889 3467 2041 3530 lavit,
2071 3482 2238 3534 quam
2275 3477 2433 3520 antea
2487 3465 2917 3534 appellarentur,
2961 3472 3020 3516 ut
3052 3466 3164 3532 jam
3223 3464 3466 3519 declara-

1890 3569 2000 3612 ΙῑΙΙΙ]
2035 3567 2137 3612 est.

1960 3650 2125 3703 Vens.
2165 3649 2217 3702 5.
2256 3647 2668 3715 Dominus-pars
2701 3645 3032 3699 Ita'reditatis
3064 3661 3193 3700 mea:
3208 3654 3256 3699 et
3283 3645 3467 3698 calit-is

1887 3743 2010 3796 mei.
2062 3741 2194 3795 Non
2217 3758 2339 3794 sum
2371 3741 2556 3794 lactus
2598 3743 2782 3801 hama,
2819 3738 3019 3806 inquit,
3055 3747 3258 3806 przeter
3289 3738 3468 3792 Patris

1889 3836 1996 3890 mei
2038 3836 2388 3890 sententiam.
2419 3833 2539 3903 lpse
2570 3833 2713 3887 enim
2733 3830 2896 3885 Pater
2928 3831 3217 3886 clementia
3243 3845 3307 3886 ac
3327 3832 3468 3886 bona

1886 3929 2172 3982 voluntate
2207 3943 2330 3989 sua,
2364 3926 2642 3997 particeps
2684 3925 2862 3979 lactus
2909 3926 2992 3978 est
3032 3923 3242 3994 populi,
3277 3925 3367 3992 qui
3403 3941 3465 3978 ex

1887 4019 2146 4088 gentibus
2167 4018 2419 4072 credidit.
2449 4016 2603 4070 Hunc
2624 4016 2770 4070 enim
2798 4015 3056 4082 populum
3096 4013 3465 4069 haereditatem

1885 4114 2142 4183 appellat,
2162 4112 2624 4181 quemadmodum
2651 4111 2702 4163 in
2747 4108 2993 4163 secunda
3021 4108 3233 4162 Psalmo
3259 4108 3466 4161 dictum

1885 4216 1972 4261 est
2002 4223 2017 4259 :
2057 4207 2306 4275 quinima
2339 4214 2391 4257 et
2427 4203 2702 4271 particeps
2731 4202 2910 4254 lactus
2953 4210 3038 4255 est
3072 4201 3284 4254 martis.
3321 4201 3470 4254 Cali-

1885 4315 2006 4353 cem
2037 4300 2182 4354 enim
2219 4307 2274 4352 et
2307 4298 2560 4366 poculum
2600 4298 2684 4363 (ut
2719 4293 2847 4347 alibi
2882 4291 3141 4362 diximus)
3183 4294 3371 4346 multis
3413 4295 3465 4346 in

1886 4389 2021 4444 locis
2046 4389 2187 4459 apud
2219 4388 2562 4453 Scripturam
2591 4399 2692 4454 pro
2726 4393 2903 4438 marte
2941 4383 3176 4454 positum
3211 4383 3464 4450 legimus.

1886 4480 2043 4536 Unde
2092 4482 2147 4534 in
2195 4479 2506 4548 Evangeliis
2542 4493 2558 4531 :
2595 4476 2825 4530 Calicem
2877 4491 3028 4544 quem
3073 4489 3164 4542 ego
3210 4472 3346 4537 bibo,
3381 4490 3466 4527 eos

191 4561 345 4628 ἐμοῦ
376 4561 445 4615 τὸ
481 4561 775 4630 ποτήριον
799 4561 996 4616 τοῦτο.
1030 4563 1342 4634 Εὐδόκησεν
1370 4568 1398 4618 ὁ
1444 4567 1631 4636 Πατὴρ
1663 4567 1773 4636 γὰρ

1890 4591 1986 4626 non
2017 4573 2234 4637 potestis
2265 4567 2538 4624 bibere".
2566 4567 2629 4621 Et
2653 4581 2872 4620 rursum
2904 4584 2917 4620 :
2959 4565 3121 4618 Pater
3149 4565 3240 4628 mi,
3278 4567 3324 4618 si
3342 4581 3467 4631 pos-

193 4657 296 4707 καὶ
348 4655 444 4706 ἐπὶ
481 4657 548 4724 τῇ
585 4654 886 4725 ἀνακλήσει
921 4655 1030 4708 τῶν
1082 4656 1273 4721 ἐθνῶν,
1333 4659 1426 4710 καὶ
1456 4660 1548 4711 ἐπὶ
1579 4662 1656 4729 τῷ
1685 4661 1778 4714 0a-

191 4747 345 4815 νάτῳ
375 4745 470 4798 τοῦ
503 4745 644 4799 uicit.
679 4747 747 4799 ’Ἡ
770 4747 864 4800 καὶ
901 4746 1118 4817 μερίδα,
1153 4749 1245 4802 τὸν
1274 4747 1506 4803 πλοῦτον
1541 4753 1778 4821 νοήσεις,

193 4838 270 4889 ἶν’
367 4837 633 4891 τοιοῦτον
695 4838 752 4891 ’0
783 4838 918 4902 Θεὸς
952 4838 1181 4904 πλοῦτός
1210 4842 1330 4894 ἐστι
1375 4844 1476 4912 τῆς
1521 4843 1581 4907 ἐξ
1609 4843 1779 4896 ἐθνῶν

193 4930 575 5000 κληρονομίας
607 4942 740 5000 μου⁶
801 4929 964 4984 ἔτιδὲ
1008 4932 1105 4985 καὶ
1139 4931 1242 5000 τῆς
1283 4932 1632 4996 διδασκαλίας
1676 4953 1777 5004 μου

191 5021 432 5085 πλοῦτος
480 5021 576 5074 καὶ
615 5021 940 5087 κεφάλαιον·
982 5020 1262 5092 πανταχοῦ
1319 5021 1428 5092 γὰρ
1468 5022 1563 5076 τοῦ
1603 5025 1778 5094 Εὐαγ-

190 5113 408 5182 γελίου,
441 5115 572 5184 περὶ
624 5112 722 5166 τοῦ
769 5114 981 5184 Πατρδς
1011 5113 1289 5180 δίεξεισιν.
1351 5115 1514 5168 Ἀλλὰ
1547 5117 1779 5181 πλοῦτος

195 5207 328 5277 μὲν,
357 5208 390 5275 ὴ
421 5209 599 5276 μερὶς,
635 5208 708 5269 ὡς
730 5207 792 5259 τό
811 5223 828 5238 ο
890 5206 1075 5275 Μερίς
1099 5224 1218 5276 μου
1241 5204 1299 5262 εἴ
1319 5207 1390 5260 ἐν
1415 5208 1491 5278 γῆ
1527 5207 1777 5268 ζώντων.

189 5301 317 5356 Καὶ
346 5301 452 5372 γὰρ
496 5300 589 5353 ἐπὶ
641 5301 751 5352 τῶν
784 5300 1120 5371 μεριζόντων
1171 5300 1272 5372 τὴν
1326 5301 1518 5356 οὐσίαν
1547 5302 1644 5355 τοῦ
1673 5319 1777 5355 πα-

187 5392 418 5463 τρὸς,ἠ
457 5395 616 5464 μερὶς
666 5395 900 5446 ἑκάστου
935 5393 1166 5457 πλοῦτός
1207 5395 1378 5449 ἐστιν.
1422 5396 1585 5448 Ὥστε
1632 5412 1775 5463 συμ-

195 5485 388 5538 ϐαίνει
424 5486 680 5554 λέγεσθαι
721 5486 781 5538 τὺ
820 5486 953 5540 αὐτὸ
980 5487 1074 5541 καὶ
1103 5485 1322 5557 μερίδα,
1368 5489 1464 5540 καὶ
1523 5485 1773 5550 πλοῦτον,

194 5574 308 5629 καὶ
335 5575 570 5648 κλῆρον·
617 5577 678 5630 τὸ
727 5577 848 5646 μὲν,
886 5577 962 5641 ὡς
1030 5576 1414 5648 μεριζόμενονο
1475 5579 1535 5632 τὸ
1587 5578 1645 5631 δέ
1703 5577 1779 5639 ὡς

194 5665 523 5730 πλουτίζονο
560 5667 623 5721 τὸ
657 5668 712 5721 δὲ
741 5668 924 5735 πάλιν,
955 5668 1030 5733 ὡς
1073 5668 1452 5738 καταγόμενον
1513 5669 1620 5739 ἀπὸ
1669 5685 1777 5720 πα·

1883 4663 2037 4717 sibile
2085 4671 2163 4715 est
2217 4668 2454 4713 transeat
2490 4677 2521 4712 a
2577 4674 2657 4712 me
2707 4658 2851 4709 calix
2904 4657 3005 4708 iste
3039 4655 3130 4720 ¹⁶;
3183 4656 3467 4709 consensit

1883 4757 2087 4824 quippe
2120 4753 2286 4807 Pater
2317 4761 2424 4805 tam
2458 4752 2512 4804 in
2541 4751 2783 4819 gentium
2819 4751 3156 4802 vocationem
3201 4762 3364 4816 quam
3412 4749 3468 4802 in

1885 4845 2006 4899 Filii
2043 4855 2295 4898 mortem.
2338 4842 2428 4897 Vel
2464 4841 2609 4912 quod
2657 4842 2730 4895 ait
2760 4841 2896 4896 Pars
2929 4840 3257 4894 btet-editam
3317 4856 3467 4904 meat,

1879 4937 2104 4992 divitias
2172 4945 2326 5006 potes
2386 4935 2716 5004 intelligere,
2783 4942 2839 4988 ut
2900 4935 2972 4987 sit
3015 4948 3262 4986 sensus:
3325 4933 3468 4986 Deus

1879 5028 2064 5093 Pater,
2119 5031 2422 5084 thesaurus
2469 5035 2554 5082 est
2587 5036 2642 5082 et
2685 5025 2914 5090 divitiae,
2962 5024 3302 5078 haereditatis
3332 5039 3469 5077 mea:

1881 5136 1944 5174 ex
1978 5120 2262 5192 gentibus,
2292 5120 2545 5188 insuper,
2576 5127 2631 5172 et
2662 5118 2956 5172 thesaurus
2982 5117 3245 5169 doctrina:
3284 5129 3416 5167 mea:
3451 5131 3464 5165 :

1886 5213 2032 5266 unde
2057 5213 2110 5265 in
2143 5210 2442 5280 Evangelia
2464 5208 2718 5264 Christus
2749 5207 2954 5278 ubique
2971 5206 3186 5259 Patrem
3221 5218 3468 5256 comme-

1885 5313 2087 5358 morat.
2125 5301 2237 5356 lloc
2267 5302 2452 5370 itaque
2487 5301 2661 5371 partis
2693 5316 2788 5355 seu
2820 5299 3093 5368 partionis
3123 5311 3344 5359 nomen,
3368 5310 3469 5364 pro

1883 5394 2089 5449 divitiis
2115 5394 2356 5448 sumitur
2390 5393 2546 5461 juxta
2590 5393 2724 5446 illud
2756 5410 2769 5445 :
2809 5390 3012 5451 Portia,
3051 5403 3148 5442 seu
3183 5402 3312 5456 pars
3349 5403 3464 5440 mea

1890 5486 2152 5539 Dominus
2180 5487 2233 5538 in
2267 5495 2410 5538 terra
2439 5486 2724 5538 viventium
2751 5485 2817 5538 ”.
2851 5480 3006 5535 Unde
3042 5479 3097 5534 in
3127 5479 3253 5537 ﬁliis
3283 5489 3467 5549 pater-

1887 5592 2014 5632 nam
2046 5577 2420 5633 dividentibus
2455 5577 2849 5639 substantiam,
2887 5573 3120 5644 singulae
3154 5572 3457 5642 portiones,

1892 5681 1950 5725 ut
1972 5671 2172 5742 cuique
2190 5672 2514 5735 obveniant,
2533 5671 2656 5726 loco
2675 5667 2986 5724 divitiarum
3021 5675 3170 5724 sunt.
3200 5664 3470 5731 Quocirca

263 5852 316 5883 ⁸⁵
342 5850 527 5908 Matth.
568 5866 658 5915 xx,
687 5849 778 5904 2‘3.
838 5852 880 5884 ¹⁶
911 5850 1104 5906 Matth.
1135 5866 1285 5919 nrt,
1327 5851 1417 5908 59.
1498 5849 1540 5882 ”
1570 5849 1716 5908 Psal.
1751 5863 1899 5917 CXLI,
1934 5850 1988 5904 6.
