3916 6534
444 369 554 435 199

1651 367 2054 431 EUTIIYMII.’
2079 371 2440 431 ZlGABENl

3576 363 3674 420 2th

445 493 593 546 recte
617 483 890 546 convenit,
927 491 980 536 ut
1008 483 1198 537 eadem
1233 497 1347 541 res.
1376 493 1431 537 et
1476 486 1652 552 portio
1679 485 1919 549 dicatur,
1950 497 2004 541 ct

2121 487 2253 556 πρός.
2299 483 2625 540 Διδασκαλία
2669 483 2750 542 δὲ,
2802 482 2864 534 τὸ
2925 481 3180 548 ποτήριον
3207 520 3222 544 ,
3272 479 3354 532 ὅτι
3412 479 3507 530 καὶ
3551 475 3682 540 οἶνος

449 575 690 639 divitize,
722 586 776 631 et
817 575 1104 630 ltarreditas
1138 592 1151 645 ς
1193 590 1256 629 ea
1303 576 1559 632 nimirum
1607 578 1838 640 ratione,
1884 581 2011 647 quia

2121 577 2284 645 αὕτη,
2314 577 2401 631 διὰ
2425 577 2484 629 τὸ
2512 575 2846 645 εὐφραίνειν,
2885 576 2977 627 καὶ
3005 573 3249 641 ἄμπελος
3282 573 3310 624 ό
3339 572 3597 640 Χριστός.

443 679 499 728 et
534 669 810 731 dividitur,
843 679 895 723 et
928 669 1053 737 quia
1086 668 1302 723 divitem
1332 671 1526 736 reddit,
1560 682 1614 725 et
1645 674 1775 740 quia
1818 676 2150 744 relinquitur
2175 691 2202 727 a
2228 674 2406 728 Patre.
2438 671 2591 726 Calix
2619 672 2780 725 etiam
2815 685 2911 739 pro
2968 669 3218 723 doctrina
3273 669 3447 736 accipi
3493 679 3681 737 potest,

449 778 571 832 quae
598 761 724 814 vino
757 761 948 814 merito
981 772 1355 829 comparatur,
1428 773 1483 817 et
1551 766 1676 834 quia
1723 765 1978 831 laetiﬁcat,
2005 777 2060 820 et
2089 766 2215 835 quia
2251 762 2506 818 Christus
2534 761 2686 813 vinea
2715 761 3016 829 appellatus
3070 767 3177 823 est.

517 852 595 905 Tu
647 868 700 905 es
758 851 849 920 qui
908 853 1151 906 restitues
1213 852 1575 906 Ita'reditatem
1617 872 1786 908 meam
1855 856 2008 911 mihi.

446 942 646 996 Gentes
680 957 800 1009 qua:
830 942 959 996 olim
990 957 1021 996 a
1065 941 1223 997 Patre
1269 933 1433 1012 atque
1462 959 1491 996 a
1519 943 1654 998 Filio
1678 957 1870 1002 creata:
1899 946 2015 1002 fue-

2180 852 2264 907 Σὺ
2308 848 2368 905 εί
2394 854 2427 906 ό
2458 847 2874 904 ἁποκαθιστῶν
2919 848 3034 916 τὴν
3089 851 3496 917 κληρονομίαν
3551 870 3664 921 μου

2111 942 2194 997 Τά
2215 943 2467 1012 γάρέθνη
2498 942 2726 1010 πλάσμα
2761 940 2856 994 τοῦ
2889 939 3014 994 Υίοῦ
3045 941 3138 994 καὶ
3171 942 3305 994 Θεοῦ
3331 947 3690 1014 τυγχάνοντα,

445 1043 588 1095 rant,
633 1043 684 1087 et
724 1033 814 1088 Dei
875 1033 1192 1101 ﬁgmentum
1245 1034 1588 1098 dicebantur,
1646 1038 2012 1094 discesserant

2121 1036 2435 1103 ἀπέστησαν
2466 1035 2545 1096 είς
2583 1032 3055 1101 εἰδωλολατρείαν,
3095 1029 3218 1086 εἶτα
3245 1033 3408 1086 πάλιν
3443 1037 3687 1091 άπεκατ·

445 1125 516 1178 ab
551 1140 638 1189 eo,
671 1133 724 1179 et
751 1141 1032 1180 conversas
1066 1126 1130 1179 ad
1168 1126 1530 1190 idololatrias,
1557 1140 1833 1198 postremo
1849 1131 1896 1184 ei
1927 1147 2020 1200 per

448 1219 606 1272 [idem
639 1218 839 1272 iterum
878 1220 1146 1280 restitutae
1177 1231 1306 1274 sunt
1340 1238 1354 1274 :
1390 1221 1535 1275 hanc
1585 1232 1766 1278 autem
1797 1226 2018 1278 restitu-

449 1311 617 1365 tionis
648 1313 879 1380 gratiam
918 1310 1114 1376 Filius,
1161 1313 1215 1366 iu
1247 1311 1462 1368 Patrem
1500 1325 1756 1382 tauquam
1791 1317 1844 1369 in
1874 1319 2022 1384 priu-

447 1404 650 1472 cipium
701 1403 892 1460 refert.
954 1405 1256 1474 Aptissima
1299 1422 1428 1461 vero
1461 1407 1548 1461 hic
1596 1408 1903 1464 versiculus
1954 1411 2018 1465 ad

446 1495 846 1564 praecedentem
901 1497 1414 1566 interpretationem
1462 1502 1842 1570 Consequitur.
1885 1501 2020 1564 Hac,

448 1585 649 1655 inquit,
693 1589 758 1641 de
791 1602 957 1641 causa
999 1596 1054 1641 tu
1103 1603 1162 1642 es
1201 1590 1479 1658 particeps
1514 1591 1847 1646 luereditatis
1892 1609 2024 1648 mea:

449 1687 504 1732 et
545 1678 732 1734 calicis
776 1681 901 1745 mei,
932 1682 1190 1749 quoniam
1224 1690 1280 1734 tu
1315 1683 1446 1736 mihi
1473 1698 1590 1737 eam
1622 1685 1930 1740 restituisti.
1956 1686 2019 1737 Et

449 1771 823 1825 luereditatem
858 1772 1040 1838 posuit
1081 1774 1404 1842 priusquam
1465 1776 1714 1841 calicem,
1758 1778 2016 1845 quoniam

448 1862 738 1918 haereditas
762 1864 954 1918 mortis
985 1865 1058 1918 illi
1082 1879 1247 1918 causa
1278 1865 1396 1920 fuit.
1422 1866 1834 1936 Propteripsam
1870 1869 2015 1922 enim

447 1960 699 2007 mortuus
734 1961 837 2007 est.
864 1953 975 2008 Nec
1019 1954 1249 2008 tacenda
1284 1955 1439 2010 nobis
1481 1967 1564 2012 est
1606 1958 1853 2026 quaedam
1907 1974 2014 2012 non

449 2043 734 2111 inelegans
785 2044 853 2098 de
913 2045 1187 2114 praedictis
1238 2048 1564 2113 speculatio.
1622 2048 1904 2104 Hominem
1951 2050 2018 2103 ad

448 2130 744 2201 imaginem
773 2140 827 2186 et
857 2134 1277 2189 similitudinem
1306 2135 1399 2190 Dei
1457 2137 1660 2192 factum
1690 2149 1746 2193 et
1783 2139 2022 2209 plasma-

447 2227 582 2282 tum,
602 2228 768 2290 atque
798 2222 924 2276 ideo
955 2224 1324 2280 luereditatem
1349 2227 1628 2284 Creatoris
1654 2231 1884 2294 dictum,
1911 2230 2015 2284 sub

448 2309 721 2378 propriam
756 2311 1038 2382 redegerat
1065 2313 1278 2370 daemon
1305 2318 1670 2388 tyrannidem,
1695 2329 1749 2375 et
1779 2321 2018 2375 alienum

448 2403 781 2474 mancipium
817 2406 921 2460 sibi
949 2419 1353 2478 usurpaverat:
1388 2409 1453 2463 ad
1499 2427 1684 2482 quem,
1717 2413 1811 2467 Dei
1848 2411 2022 2468 Filius

445 2499 502 2545 et
534 2492 731 2560 haeres,
764 2495 979 2552 litteras
1012 2498 1183 2562 misit,
1223 2500 1474 2556 scribens
1504 2502 1552 2555 ei
1580 2517 1677 2572 per
1706 2502 2024 2572 prepltetas,

452 2585 828 2639 haereditatem
857 2588 1005 2641 illam
1061 2599 1334 2656 repetens,
1369 2607 1477 2660 qua
1505 2591 1680 2648 luerat
1717 2594 2024 2649 fraudatus.

447 2673 515 2728 Et
553 2678 680 2744 quia
733 2677 947 2732 daemon
979 2679 1244 2735 continue
1282 2682 1453 2751 magis
1491 2685 1802 2750 resistebat,
1833 2693 1888 2740 et
1943 2701 2030 2738 ra-

447 2766 633 2835 pinam
675 2768 900 2824 reddere
938 2771 1196 2840 negabat,
1237 2771 1411 2830 lintres
1461 2784 1687 2846 accepto
1735 2776 1910 2831 Patris
1939 2777 2025 2832 sui

447 2863 801 2924 testamento,
825 2858 890 2912 ad
921 2867 1199 2930 raptorem
1229 2861 1536 2919 descendit.
1561 2864 1703 2919 Inter
1727 2880 1824 2920 eos
1842 2874 2024 2919 autem

2121 1129 2357 1197 έστησαν
2410 1125 2555 1194 αὑτῷ
2596 1125 2682 1178 διὰ
2714 1126 2810 1194 τῆς
2843 1125 3100 1186 πίστεως.
3157 1127 3471 1194 ’Δνατίθησι
3518 1130 3576 1182 δὲ
3615 1131 3688 1199 τῷ

2125 1218 2300 1289 [lat-:91
2325 1220 2424 1284 τὴν
2460 1219 2640 1287 χάριν,
2678 1217 2751 1280 ὡς
2789 1216 2958 1286 αἰτίᾳ.
2985 1219 3094 1270 Καὶ
3119 1217 3233 1269 ἐστι
3251 1219 3399 1270 τουτὶ
3421 1220 3482 1272 τὸ
3532 1224 3690 1290 ῥητὴν

2123 1308 2594 1380 ιιρερμηνευτικὸν
2650 1306 2745 1359 τοῦ
2801 1308 2909 1376 πρὸ
2964 1305 3156 1360 αὑτοῦ.
3225 1307 3322 1359 Διά
3345 1306 3504 1360 τοῦτο
3561 1308 3688 1376 γάρ,

2123 1402 2276 1470 φησὶ.
2319 1398 2575 1461 κοινωνὸς
2609 1392 2660 1450 εί
2719 1398 2818 1466 τῆς
2870 1396 3238 1467 κληρονομίας
3297 1414 3420 1466 μου.
3457 1399 3554 1450 καὶ
3601 1400 3690 1451 τοῦ

2124 1489 2390 1560 ποτηρίου
2431 1505 2555 1558 μου,
2589 1488 2723 1540 διότι
2759 1487 2822 1539 σύ
2860 1504 2951 1555 μοι
2981 1488 3188 1556 ταύτην
3217 1487 3690 1558 άποκατέττησας.

2126 1581 2241 1650 Πρὸ
2278 1580 2371 1632 τοῦ
2422 1580 2686 1647 ποτηρίου
2736 1577 2943 1647 δὲ,τὴν
3001 1577 3372 1648 κληρονομίαν
3423 1579 3690 1642 τέθεικεν,

2123 1673 2203 1725 ὅτι
2237 1672 2376 1740 αὐτὴ
2411 1671 2638 1738 γέγονεν
2675 1670 2824 1722 αἰτία
2853 1668 2946 1721 τοῦ
2976 1668 3207 1722 Θανάτου
3239 1671 3401 1723 αὑτοῦ
3423 1688 3439 1703 ο
3495 1671 3566 1724 δι’
3597 1674 3691 1725 αὖ·

2122 1764 2221 1832 τὴν
2247 1764 2356 1831 γάρ
2391 1762 2683 1817 ἀπέθανεν.
2722 1760 2942 1828 Ῥητέον
2961 1761 3017 1813 δέ
3039 1779 3091 1813 τι
3123 1763 3214 1814 καὶ
3245 1761 3522 1832 γλαφυρὸν
3559 1764 3694 1815 Ostii-

2125 1873 2279 1926 ρημα
2321 1854 2586 1924 περὶτῶν
2625 1853 3036 1922 προκειμένων·
3086 1853 3168 1905 ὅτι
3215 1853 3306 1905 τὸν
3336 1855 3458 1907 κατ’
3506 1856 3691 1907 εἰκόνα

2122 1946 2259 2000 Θεοῦ
2288 1946 2672 2015 πεπλασμένον
2702 1945 3012 2014 ἄνθρωπον,
3049 1945 3142 1996 καὶ
3189 1945 3276 1998 διὰ
3306 1947 3466 1998 τοῦτο
3489 1946 3692 2017 κλῆρον

2120 2039 2214 2092 τοῦ
2261 2038 2564 2100 πλάσαντος
2618 2037 2768 2100 ὄντα,
2793 2035 3052 2098 δελεάσας
3086 2037 3113 2088 6
3138 2037 3429 2106 δυσμενὴς,
3473 2039 3569 2090 καὶ
3598 2055 3692 2090 τυ-

2120 2131 2413 2201 ραννήσας,
2447 2129 2822 2191 ἐπεσπάσατο,
2853 2128 2947 2180 καὶ
2973 2127 3065 2180 τὸν
3090 2127 3372 2197 ἀλλότριον
3409 2130 3693 2200 ἐσφετερί-

2122 2240 2273 2287 σατο,
2315 2222 2570 2291 πέπομφε
2605 2221 2661 2272 δὲ
2705 2220 2843 2290 πρὸς
2887 2219 3050 2272 αὑτὸν
3087 2220 3114 2270 ό
3149 2220 3488 2290 κληρονόμος
3517 2222 3699 2291 γράμ-

2125 2332 2270 2384 ματα
2307 2313 2393 2366 διὰ
2431 2309 2749 2380 προφητῶν,
2799 2308 3137 2361 ἀπαιτοῦντα
3186 2308 3276 2359 τὸν
3326 2309 3696 2378 ἀφαιρεθέντα

2123 2407 2344 2477 κλῆρον.
2394 2405 2484 2467 Ὠς
2530 2402 2586 2456 δὲ
2626 2402 2827 2472 μᾶλλον
2879 2400 3179 2469 ἀντείχετο,
3236 2399 3417 2454 λαϐὼν
3463 2401 3626 2462 αὐτὸς
3667 2403 3696 2454 ὁ

2121 2496 2460 2567 κληρονόμος
2492 2493 2756 2564 διαθήκας
2784 2491 2879 2546 τοῦ
2914 2493 3147 2562 Πατρός,
3177 2492 3388 2544 κάτεισι
3435 2494 3572 2559 πρὸς
3604 2493 3694 2544 τὸν

2122 2592 2369 2660 ἅρπαγα,
2397 2587 2493 2641 καὶ
2525 2586 2783 2654 δικαστὴς
2830 2585 2994 2638 αὑτοῦ
3045 2585 3256 2652 γίνεται
3286 2586 3314 2636 ό
3341 2584 3552 2654 Πατήρ.
3581 2585 3693 2637 Καὶ

2125 2679 2498 2742 καταδικάσας
2534 2677 2624 2730 τδν
2668 2675 2916 2747 βιαστὴν,
2949 2673 3292 2743 άποκαθιστᾷ
3331 2673 3409 2744 τῷ
3441 2674 3556 2743 Υἱῷ
3594 2674 3696 2743 τὴν

2124 2770 2509 2842 κληρονομίαν.
2535 2767 2610 2823 OB
2634 2767 2816 2838 χάριν,
2842 2765 2938 2819 καὶ
2961 2765 3218 2818 κοινωνὸν
3246 2766 3407 2818 αὐτὸν
3430 2766 3525 2818 τοῦ
3554 2782 3694 2818 κατι

2123 2862 2446 2933 ορθώματος
2491 2863 2519 2914 ό
2549 2859 2676 2923 Υἱὸς
2713 2857 2995 2912 ἐκάλεσεν.

439 2950 605 3020 iudex
644 2952 748 3008 fuit
793 2951 1000 3010 Pater:
1054 2955 1148 3026 qni
1195 2957 1564 3014 condemnato
1613 2970 1850 3030 raptore,
1928 2959 2070 3015 Filio
2111 2959 2484 3014 lmreditatem
2546 2953 2805 3012 restituit.
2859 2951 3037 3024 Hujus
3131 2953 3206 3009 rei
3263 2953 3462 3024 gratia,
3518 2952 3696 3013 Filius

445 3061 591 3102 nunc
628 3051 949 3120 participem
991 3052 1145 3106 illum
1179 3061 1288 3108 tam
1321 3055 1568 3124 praeclari
1601 3056 1784 3126 operis
1819 3056 2136 3127 appellavit.

517 3136 685 3196 νεεδ.
736 3140 789 3196 6.
824 3141 995 3197 Funes
1039 3144 1340 3199 ceciderunt
1369 3147 1498 3201 mihi
1526 3149 1581 3202 in
1617 3149 1827 3216 optimis
1861 3151 2013 3204 meis.

446 3231 487 3285 li
517 3231 610 3300 qui
635 3240 836 3286 terram
866 3234 1142 3298 dividunt,
1166 3235 1390 3293 l‘unibus
1411 3253 1532 3292 eam
1561 3239 1836 3295 metiendo
1873 3239 2018 3295 desi-

2195 3145 2444 3215 Σχοινία
2477 3139 2742 3196 ἐπέπεσέ
2770 3156 2872 3208 μοι
2898 3137 2968 3190 ἐν
2997 3137 3121 3202 τοῖς
3164 3137 3505 3206 κρατίστοις
3544 3155 3688 3206 μου.

2125 3240 2189 3292 Οἱ
2235 3236 2688 3307 κληροδοτοῠντες
2716 3232 2816 3302 τὴν
2869 3231 2993 3300 γῆν,
3031 3229 3284 3300 σχοινίοις
3323 3229 3528 3296 ταύτην
3571 3230 3693 3282 6t:-

446 3333 678 3392 gnantes
732 3324 1122 3384 determinant.
1185 3328 1251 3383 Et
1307 3346 1508 3389 sensus
1549 3342 1681 3391 est:
1741 3332 2012 3391 Restitnta

2123 3330 2468 3402 μετροῦντες,
2501 3325 2897 3397 περιορίζουσι,
2937 3321 3196 3375 Βούλεται
3227 3320 3358 3388 γοῦν
3389 3320 3590 3387 λέγειν,
3614 3322 3692 3383 ὡς

447 3413 579 3465 mihi
611 3412 930 3468 luereditate
957 3429 1099 3479 mea,
1137 3415 1298 3470 l’unes
1330 3419 1482 3472 multi
1516 3420 1647 3474 mihi
1677 3420 2016 3484 ceciderunt,

445 3503 550 3558 hoc
581 3513 685 3566 est,
719 3504 1084 3570 obvenerunt,
1121 3515 1177 3561 et
1205 3518 1350 3564 sorte
1397 3511 1555 3579 quasi
1601 3512 1730 3566 mihi
1779 3513 2022 3582 contige-

445 3602 592 3650 runt.
646 3596 750 3650 Per
799 3596 959 3652 funes
999 3607 1180 3652 autem
1226 3599 1571 3655 credentium
1612 3601 2014 3658 multitudinem

444 3687 721 3757 intelligit.
755 3686 870 3743 Hoc
893 3689 1057 3743 etiam
1082 3689 1339 3758 loquendi
1365 3691 1551 3755 modo,
1579 3693 1839 3750 denotare
1865 3695 2017 3752 vide-

446 3789 536 3831 tur
578 3777 720 3846 quod
764 3779 1197 3834 luereditasluec
1235 3794 1356 3847 sua,
1421 3781 1709 3853 designata
1760 3795 1907 3842 esset
1951 3803 2015 3843 ac

444 3870 830 3935 determinata,
858 3879 911 3924 et
937 3871 1080 3938 quod
1112 3873 1368 3929 omnibus
1399 3875 1686 3932 netissima
1714 3893 1835 3934 esse
1854 3879 2018 3935 debe-

445 3962 558 4016 bat.
595 3961 726 4014 Bina
779 3963 925 4016 enim
969 3963 1082 4018 haec
1133 3978 1302 4034 Opera
1345 3965 1573 4022 funiculi
1599 3982 1748 4036 sunt,
1790 3980 1848 4025 ut
1874 3971 2016 4026 dixi-

444 4067 588 4107 mus.
621 4051 776 4117 Quod
821 4069 950 4108 vero
995 4069 1093 4124 per
1135 4057 1395 4125 optimos,
1441 4075 1596 4114 suam
1645 4063 2010 4119 hereditatem

443 4145 733 4214 signiticet,
772 4147 827 4199 in
851 4147 1207 4217 sequentibus
1243 4151 1414 4218 magis
1441 4152 1704 4219 declarat,
1727 4156 1920 4213 dicens
1951 4175 1966 4212 :

516 4235 725 4290 Etenim
770 4238 1053 4291 Itwreditas
1099 4255 1213 4292 mea
1256 4241 1455 4308 Optima
1501 4252 1577 4297 est
1623 4247 1772 4301 mihi.
1837 4249 2010 4318 Supra

442 4327 642 4396 plurali
691 4341 923 4381 numero
969 4327 1210 4397 optimos
1264 4329 1401 4386 dixit
1449 4344 1670 4405 propter
1704 4337 1889 4394 ﬁdeles
1919 4339 2009 4409 qui

440 4420 608 4474 variis
659 4428 788 4474 sunt
838 4420 892 4474 in
933 4421 1086 4484 locis,
1121 4438 1262 4479 nunc
1310 4441 1442 4480 vero
1487 4427 1839 4498 singulariter
1871 4431 2008 4500 opti-

441 4528 581 4564 mam
618 4513 910 4581 appellavit
947 4532 961 4567 :
1016 4516 1144 4579 quia
1205 4516 1446 4588 ﬁdelium
1492 4521 1761 4583 omnium,
1816 4522 1910 4590 qui
1955 4522 2007 4576 in

2131 3416 2596 3478 Ἀποκατάστασίς
2641 3432 2730 3484 μοι
2759 3413 2861 3482 τῆς
2887 3411 3256 3482 κληρονομίας
3291 3427 3415 3480 μου,
3451 3411 3691 3462 ἐπέπεσέ

2122 3529 2235 3582 μοι,
2281 3509 2561 3564 τουτέστιν
2619 3505 2908 3570 ὲπέὸαλον,
2947 3503 3040 3557 καὶ
3084 3503 3276 3572 ἔλαχον
3326 3501 3448 3571 ἐμοὶ
3479 3501 3692 3572 σχοινία

2119 3605 2311 3666 πολλὰ,
2359 3600 2656 3655 κάντεῦθεν
2701 3595 3040 3668 διεμετρήθη
3097 3611 3156 3647 τε
3189 3593 3326 3664 αὕτη
3359 3596 3452 3647 καὶ
3482 3611 3694 3663 περιωο

2119 3695 2300 3768 ρίσθη,
2335 3695 2428 3748 καὶ
2479 3693 2699 3760 ἐγένετο
2734 3689 3012 3757 γνώριμος
3037 3702 3051 3717 ο
3095 3685 3184 3740 διά
3207 3685 3316 3755 γὰρ
3343 3685 3453 3738 τῶν
3490 3701 3694 3753 σχοινι-

2119 3788 2341 3857 σμάτων
2373 3827 2388 3851 ,
2426 3783 2489 3837 τό
2517 3799 2576 3836 τι
2632 3779 2835 3852 πλῆθος
2874 3778 2981 3832 τῶν
3029 3777 3397 3830 πιστευόντων
3443 3777 3687 3846 ᾐνίξατο.

2115 3879 2211 3932 καὶ
2258 3877 2356 3949 τὴν
2407 3873 2815 3945 γνωριμότητα.
2866 3869 2970 3922 Δύο
3017 3869 3127 3938 γὰρ
3179 3867 3316 3936 ἔργα
3355 3867 3530 3919 ταῦτα
3589 3865 3687 3918 τοῦ

2117 3969 2519 4040 σχοινίσματος,
2555 3963 2630 4026 ὡς
2678 3963 2909 4033 ἔφημεν.
2943 3958 3282 4026 Κρατίστους
3306 3957 3362 4010 δὲ
3383 3957 3551 4022 λέγει,
3588 3957 3690 4025 τὴν

2115 4057 2693 4130 κ>.ηρονομίανιαύτοῦ,
2739 4056 2835 4108 καὶ
2872 4051 3030 4106 τοῦτο
3070 4051 3420 4122 παρέστησεν
3456 4051 3545 4104 διὰ
3575 4051 3689 4104 τῶν

2115 4152 2261 4218 ἑξῆς.

2343 4242 2454 4312 γὰρ
2504 4241 2539 4308 ἠ
2601 4238 2975 4307 κληρονομία
3029 4252 3170 4304 μου,
3227 4233 3518 4302 κρατίστη
3574 4235 3687 4301 μοί

2113 4336 2310 4390 ἐστιν.
2349 4336 2495 4386 Ἀνω
2545 4332 2643 4402 μὲν
2689 4327 3071 4400 πληθυντικῶς
3133 4325 3457 4394 κρατίστους
3506 4322 3686 4388 εἶπεν,

2112 4427 2201 4480 διὰ
2222 4424 2348 4488 τοὺς
2372 4422 2515 4478 κατὰ
2539 4421 2703 4492 μέρος
2730 4417 2957 4482 πιστούς
2976 4433 2990 4448 ο
3019 4415 3173 4470 κάτω
3203 4415 3261 4468 δὲ
3296 4415 3513 4476 ἑνικῶς,
3545 4432 3684 4484 κρα-

2111 4518 2295 4584 τίστη,
2327 4515 2414 4568 διὰ
2443 4513 2542 4583 τὴν
2564 4512 2675 4564 τῶν
2701 4509 2842 4565 κατά
2863 4509 3028 4579 μέρος
3057 4508 3187 4576 μίαν
3217 4506 3560 4576 συναγωγὴν,
3589 4509 3691 4560 καὶ

439 4606 672 4658 diversis
701 4615 825 4659 sunt
857 4605 1044 4659 mundi
1075 4609 1346 4675 partibus,
1390 4626 1492 4662 una
1534 4621 1617 4665 est
1649 4617 2004 4685 congregatio

2121 4607 2416 4679 ἱμοδοξίαν.
2472 4606 2787 4674 Κρατίστην
2816 4602 2871 4655 δὲ
2899 4601 3076 4668 λέγει,
3111 4600 3211 4670 τὴν
3259 4599 3558 4668 ἐξαίρετον,
3591 4601 3691 4652 καὶ

441 4695 570 4764 [una
607 4695 894 4759 Ecclesia}.
928 4712 1033 4750 una
1061 4699 1245 4766 opinio
1277 4715 1342 4754 ac
1378 4700 1530 4757 lides.
1566 4701 1838 4772 Optimam
1875 4723 2006 4762 vero

439 4784 695 4853 appellat,
731 4785 888 4850 quasi
931 4789 1262 4856 praecipuam
1291 4803 1352 4844 ac
1390 4790 1670 4846 dilectam.
1702 4794 1795 4849 Ve!
1831 4795 2004 4872 [juxta

437 4877 597 4928 aliam
633 4872 833 4929 Graeca:
888 4877 1145 4932 dictionis
1195 4881 1464 4949 κρατίστη
1523 4884 2003 4952 signiﬁcationem,

437 4983 546 5022 non
581 4968 842 5037 optimam
887 4977 1121 5038 tantum,
1155 4971 1275 5043 sed]
1318 4973 1671 5028 fortissimam
1706 4991 1770 5031 ac
1813 4989 2005 5046 poten-

434 5060 703 5114 tissimam
736 5059 990 5127 appellat.
1024 5060 1157 5114 Cum
1184 5065 1564 5118 adversarium
1617 5079 1682 5120 ac
1731 5075 2001 5136 potentem

2104 4698 2490 4770 ἠγαπημένην.
2522 4696 2592 4748 Ἦ
2630 4695 2725 4750 καὶ
2755 4693 2856 4763 τὴν
2886 4693 3162 4760 γενναίαν,
3185 4691 3260 4755 ὡς
3279 4688 3693 4744 καταπαλαίου-

2107 4809 2206 4844 σαν
2232 4791 2323 4843 τὸν
2357 4787 2671 4842 ἀντίπαλον.
2737 4785 3001 4839 Νοοῠνται
3035 4783 3092 4836 δὲ
3117 4784 3346 4853 σχοινία,
3377 4781 3444 4835 τὰ
3483 4782 3690 4851 δεσμά,

2106 4884 2140 4936 ἃ
2168 4883 2363 4937 ἔπεσον
2407 4880 2482 4951 τῷ
2505 4877 2754 4950 Χριστῷ,
2791 4876 2943 4946 παρὰ
2982 4875 3090 4928 τῶν
3129 4874 3392 4929 Ἰουδαίων
3426 4876 3692 4942 ἀγομένῳ

2110 4977 2251 5046 πρὸς
2275 4974 2528 5029 Πιλάτον.
2581 4970 2882 5024 Ἐπιπεσον
2929 4968 2985 5022 δὲ
3018 4968 3166 5036 αὐτῷ
3197 4968 3286 5020 διά
3320 4967 3449 5028 τοὺς
3491 4968 3691 5034 κρατί-

2111 5087 2286 5133 στους,
2322 5069 2441 5137 ἦτοι
2500 5066 2626 5126 τοὺς
2683 5062 2932 5124 πιστοὺς,
2967 5059 3105 5128 ὑπὲρ
3134 5052 3210 5112 ὧν
3235 5059 3462 5126 ἔπασχε.
3502 5056 3689 5110 Πάλαι

433 5151 731 5203 dammnem
754 5149 1116 5217 superaverit.
1139 5150 1316 5207 Fuues
1337 5153 1500 5207 etiam
1526 5152 1752 5224 intelligi
1776 5165 2006 5224 possunt

2121 5161 2203 5214 ιὲν
2226 5157 2318 5214 οὖν
2337 5161 2384 5212 oi
2416 5157 2660 5212 Ἰουδαίοι
2680 5150 2820 5225 ἦσαν
2851 5151 2987 5206 Θεοῦ
3014 5151 3366 5220 κληρονομίαο
3388 5148 3687 5217 Ἐγεννήθη
3749 5162 3764 5170 δ

433 5259 531 5310 pro
562 5243 797 5296 vinculis
831 5258 949 5310 qum
976 5242 1193 5297 Cltrisw
1227 5246 1563 5310 reciderunt,
1609 5247 1710 5301 hoc
1736 5257 1820 5302 est
1864 5249 2005 5302 obti-

433 5343 677 5404 gerunt:
717 5350 746 5388 a
792 5333 998 5389 Judusis
1044 5336 1324 5403 nimirum,
1377 5339 1597 5406 quando
1649 5341 1716 5394 ad
1765 5341 1998 5396 Pilatum

433 5429 632 5497 ductus
662 5438 770 5480 est.
810 5427 1135 5496 Obtigerunt
1167 5439 1345 5482 autem
1388 5434 1459 5497 ei,
1489 5441 1706 5502 propter
1741 5435 2000 5505 optimus,

435 5519 540 5569 IIOC
586 5524 692 5576 est,
758 5525 980 5584 propter
1029 5517 1240 5582 ﬁdeles,
1286 5535 1382 5586 pro
1417 5523 1612 5590 quibus
1647 5526 1754 5594 pati
1803 5525 1997 5579 voluit.

431 5607 570 5658 Ulitn
611 5603 924 5658 δυόωσι-ωτι
958 5608 1190 5675 pupttltts
1219 5607 1506 5666 hatreditas
1541 5611 1631 5668 Dei
1661 5615 1981 5670 dicebatur:

509 5808 556 5842 ⁸⁸
589 5807 750 5864 Deut.
784 5825 957 5880 χχχιι,
987 5813 1017 5872 9
1059 5827 1171 5871 sec.
1206 5828 1330 5868 txx.

2102 5254 2231 5322 γὰρ,
2273 5250 2428 5320 φησὶ,
2473 5247 2641 5317 μερὶς
2702 5246 2944 5314 Κυρίου.
3001 5243 3152 5308 λαὸς
3200 5239 3389 5296 αὑτοῦ
3449 5238 3687 5302 Ἰακὼϐ,

2103 5345 2431 5413 σχοίνισμα
2489 5338 2893 5406 κληρονομίας
2944 5334 3130 5388 αὺτοῦ
3182 5332 3450 5401 Ἰσραήλ.
3514 5334 3686 5385 Ἀπο-

2102 5436 2313 5503 6).ήτων
2336 5433 2393 5484 δὲ
2409 5431 2614 5483 τούτων
2645 5427 2976 5496 γενομένων,
3007 5424 3202 5492 ἑτέραν
3242 5422 3502 5476 άντέλαὸε
3538 5423 3686 5492 κλη-

2108 5524 2389 5599 ρονομίαν,
2407 5522 2506 5591 τὴν
2533 5519 2816 5591 βασιλείαν
2845 5517 2952 5570 τῶν
2973 5515 3034 5580 ἐξ
3063 5514 3256 5578 ἐθνῶν,
3283 5515 3350 5586 ἣν
3373 5516 3686 5586 κρατίστην

2096 5610 2273 5679 εἶπεν,
2301 5612 2377 5674 ὡς
2403 5610 2544 5679 ὑπὲρ
2581 5608 2680 5678 τὴν
2712 5604 3094 5672 παλαιοτέραν.

431 5696 600 5749 Facta
629 5705 704 5749 est
751 5695 908 5758 enim,
942 5697 1141 5766 inquit,
1189 5715 1314 5767 pars
1351 5702 1565 5760 Domini
1617 5708 1840 5777 populus
1880 5709 1995 5777 ejus

2121 5705 2216 5770 τοὺ,
2254 5702 2525 5774 funiculus
2566 5699 2890 5757 licereditatis
2921 5699 3035 5766 ejus
3099 5695 3273 5750 Israel
3322 5695 3383 5749 ι’.

3473 5695 3683 5752 Verum
