3916 6590
256 445 361 510 201
1438 435 1805 500 COMMENI‘.
1847 434 1929 495 lN
1962 414 2332 498 PSALMDS.
3406 427 3512 494 εον

255 566 461 637 populo
490 563 802 619 Iudaeorum
827 558 1039 631 abiecto
1066 560 1226 613 aliam
1264 556 1382 611 loco
1414 556 1560 609 illius
1581 550 1821 618 suscepit
1860 546 2236 602 [nereditatem
2265 567 2278 600 :
2312 547 2552 619 reginam
2583 546 2838 603 videlicet
2885 560 2953 601 ex
3029 544 3282 617 gentibus
3324 545 3515 605 Ecclov

252 665 423 725 siam,
481 677 644 732 quam
721 670 775 716 et
837 658 1099 729 Optimam
1145 653 1382 726 appellat
1426 660 1482 707 et
1531 647 1910 706 fortissimam,
1946 643 2110 698 veluti
2138 660 2258 715 qua?
2288 647 2507 717 antiqua
2542 646 2632 699 illa
2660 661 2723 701 ac
2743 645 3025 715 repudiata
3059 644 3374 701 haarcditate
3421 658 3519 699 ex-

251 756 545 812 cellentior
578 756 669 811 sit.

325 849 660 918 Εὐλογήοω
700 848 807 902 τὸν
834 849 1078 916 Κύριον,
1128 848 1238 901 τὸν
1280 837 1689 900 συγετίσαντὰ
1733 851 1830 905 με.

2007 826 2174 882 Vens.
2211 827 2267 881 ’1.
2295 827 2613 882 Benedicam
2660 827 2947 881 Dominum
2992 827 3081 897 qui
3140 825 3326 878 tribuit
3378 825 3516 882 mihi

258 945 345 997 Τὰ
379 943 631 996 ἐντεῦθέν
657 960 824 1011 φησιν
845 941 919 1003 ὡς
946 941 1233 1012 ἄνθρωπος
1265 956 1280 972 ο
1323 938 1471 1004 λέγει
1523 936 1630 1006 γὰρ
1677 936 1706 986 ὁ
1750 934 1839 986 εὑ-

1957 920 2289 973 :ntetlectum.
2328 919 2477 985 Haec,
2502 928 2557 974 et
2600 935 2722 989 quae
2762 928 3090 989 sequuntur,
3126 928 3185 971 nt
3218 921 3382 974 homo
3426 919 3507 974 lo-

256 1037 595 1105 αγγελιστὴς
631 1038 759 1107 περὶ
783 1034 981 1088 αὑτοῦ·
1018 1034 1089 1088 Τὸ
1130 1032 1199 1086 δὲ
1252 1031 1493 1085 παιδίον
1550 1029 1836 1094 ηὔξανεν,

1957 1016 2146 1083 luitur.
2186 1014 2262 1069 De
2317 1015 2662 1070 humanitate
2716 1015 2883 1069 etiam
2923 1014 3126 1069 Christi
3186 1012 3516 1082 loquebatur

260 1128 363 1180 καί
393 1126 787 1193 ἐκραταιοῦτο
819 1125 1134 1194 πνεύματι,
1155 1122 1579 1189 πληρούμενον
1597 1118 1837 1185 σοφίας.

1957 1108 2309 1178 Evangelista,
2377 1110 2600 1179 quando
2648 1121 2891 1163 consona
2920 1106 3007 1161 his
3043 1107 3206 1161 verha
3237 1108 3327 1160 illa
3359 1106 3513 1161 diee-

256 1216 614 1284 Εὐγνωςλονεί
646 1215 824 1270 τοίνυν
858 1214 985 1285 περὶ
1013 1214 1101 1266 τὸν
1134 1212 1518 1284 δωρησάμενον
1552 1208 1701 1278 αὐτῷ
1743 1206 1833 1278 θηι

1957 1211 2033 1255 iat
2070 1218 2085 1255 :
2126 1202 2266 1256 Puer
2293 1213 2471 1256 autem
2501 1203 2787 1269 crescebat,
2819 1212 2869 1257 et
2915 1204 3109 1272 spiritu
3137 1202 3511 1269 invalescebat,

258 1312 470 1378 σαυρὸν
502 1326 597 1379 σοτξ
609 1310 715 1373 ίας.

1957 1303 1987 1345 rt
2010 1293 2324 1360 implebatur
2345 1295 2611 1362 sapientia
2642 1293 2715 1367 [et
2739 1295 2917 1365 gratia
2972 1295 3112 1365 apud
3150 1294 3314 1347 Deum
3341 1303 3391 1347 et
3413 1294 3509 1348 Iw-

339 1579 461 1630 Ἔτι
488 1574 557 1629 δὲ
585 1576 681 1629 καὶ
712 1575 817 1641 ἕως
841 1574 1061 1641 νυκτὸς
1100 1572 1469 1628 ἐπαίδευσάν
1520 1589 1595 1643 με
1637 1574 1691 1625 οι
1742 1586 1838 1623 νε-

258 1673 408 1742 φροί
438 1690 581 1741 μου.
610 1672 863 1742 Νεφροὺς
908 1670 1131 1741 νοητέον
1159 1669 1219 1723 τὸ
1243 1668 1641 1738 ἐπιθυμητικὸν
1673 1665 1838 1737 μέρος

256 1764 364 1832 τῆς
396 1762 574 1831 ψυχῆς
606 1778 620 1792 ·
650 1761 780 1831 περὶ
805 1762 933 1823 τοὺς
969 1759 1200 1829 νεφροὺς
1230 1759 1338 1827 γὰρ
1390 1760 1589 1820 κεῖται,
1656 1754 1837 1816 καθὼς

261 1856 326 1905 ἐν
352 1855 462 1915 τοίς
489 1836 945 1922 προεξηγηοείσιν
976 1848 1220 1920 ἐφημενο
1253 1847 1423 1902 νύκτα
1463 1847 1539 1910 δὲ,
1589 1846 1681 1899 τὸν
1738 1848 1838 1898 Δε-

260 1946 526 1998 σποτικὸν
550 1944 803 1999 θάνατον.
858 1944 1020 2013 Ἀχρι
1046 1941 1177 2013 γὰρ,
1209 1944 1362 2015 φησὶ,
1400 1941 1655 2006 θανάτου,
1682 1941 1841 1995 ἐπαι-

260 2036 581 2107 δαγώγησε,
628 2036 725 2089 καὶ
775 2034 1037 2104 ἐρέθμισέ
1073 2051 1139 2104 με
1187 2036 1219 2103 ὴ
1261 2033 1524 2102 ἐπιθυμία
1576 2049 1703 2101 μου,
1731 2048 1838 2101 μη·

258 2129 416 2192 δενδς
440 2129 549 2182 τῶν
583 2130 787 2198 γηΐνων
825 2125 1141 2197 ἐρασθεῖσα,
1186 2128 1362 2197 μόνων
1421 2125 1477 2181 δὲ
1517 2125 1628 2177 τῶν
1680 2123 1840 2177 θείων

1936 1390 2102 1440 mines
2126 1384 2223 1456 ¹⁹].
2252 1386 2468 1441 Gratias
2494 1387 2606 1457 agit
2633 1387 2795 1457 igitur
2814 1386 2883 1441 de
2911 1386 3191 1457 sapientiae
3253 1386 3512 1441 thesauro

1941 1476 2045 1533 sibi
2097 1493 2126 1529 a
2158 1478 2266 1531 Deo
2294 1479 2559 1549 praestita.

2010 1567 2238 1638 Insuper
2271 1587 2433 1640 usque
2463 1570 2532 1625 ad
2552 1578 2756 1626 noctem
2780 1571 3084 1627 erudierunt
3108 1588 3187 1626 me
3218 1588 3364 1627 renes
3389 1574 3511 1631 mei.

1942 1657 2044 1714 Per
2071 1676 2227 1717 renes
2296 1670 2503 1731 partem
2558 1662 2709 1717 illam
2769 1665 2967 1719 animae
3024 1664 3286 1732 intelligo,
3348 1679 3511 1733 quam

1941 1754 2424 1823 eoricupiscibilem
2472 1754 2731 1811 dicimus.
2766 1755 3227 1825 Concupiscentia
3279 1759 3425 1812 enim
3456 1759 3508 1812 in

1944 1846 2164 1901 renibus
2195 1846 2344 1914 jacet
2374 1862 2390 1901 :
2425 1854 2480 1902 et
2507 1861 2603 1915 per
2634 1855 2875 1913 noctem,
2910 1849 3084 1917 ipsam
3116 1846 3329 1902 Domini
3365 1864 3510 1902 mor-

1943 1946 2075 1994 tem.
2107 1938 2569 2009 Concupiscentia
2614 1955 2755 2005 mea,
2801 1941 2998 2011 inquit,
3048 1942 3196 1995 nulla
3252 1942 3509 1999 nimirum

1942 2044 2203 2102 appetens
2258 2041 2499 2098 terrena,
2533 2034 2627 2090 sed
2663 2035 2867 2091 divinis
2898 2044 3106 2089 tantum
3154 2035 3410 2104 eloquiis,
3447 2050 3511 2090 ac

1943 2124 2051 2194 piis
2110 2124 2528 2195 operationibus
2588 2127 2815 2190 intenta,
2875 2127 3112 2182 erudivit
3166 2143 3272 2192 me,
3330 2138 3384 2183 et
3442 2130 3508 2183 al

266 2221 622 2291 ίμειρομένη.
666 2223 736 2273 Ἦ
778 2220 875 2272 καὶ
941 2220 1111 2273 νύκτα
1171 2220 1379 2289 οἰητέον
1428 2218 1497 2275 τὰ
1543 2217 1839 2290 ἁπόκρυφα

1966 2230 2116 2286 psam
2151 2232 2328 2284 usque
2388 2228 2620 2272 mortem
2674 2219 2837 2272 vitam
2895 2234 3071 2275 meam
3127 2220 3348 2275 direxit.
3386 2219 3507 2282 Vel.

268 2313 572 2386 μυστήρια,
609 2313 679 2366 ἶν’
780 2313 1042 2378 τοιοῦτον,
1067 2313 1150 2366 ὅτι
1173 2314 1349 2383 Μέχρι
1378 2314 1473 2365 καὶ
1512 2311 1692 2364 αὐτῶν
1726 2309 1835 2363 τῶν

265 2408 572 2479 ἀγνώστων
597 2410 713 2471 τοῖς
752 2407 935 2472 ἄλλοις
983 2405 1314 2477 ἀνθρώποις,
1375 2402 1837 2475 ἐπαιδαγώγησέν

268 2518 344 2573 με
376 2504 411 2573 ἡ
443 2500 703 2570 ἐπιθυμία
737 2516 862 2570 μου.

345 2672 718 2751 ἡροωρώμην
768 2682 877 2735 τὸν
944 2683 1160 2751 Κύριον
1212 2680 1465 2736 ἐνώπιον
1555 2697 1671 2750 μου
1742 2679 1841 2734 διὰ

271 2777 525 2842 tande.
559 2776 673 2845 Πρὸ
701 2774 903 2837 παντὸς
935 2775 1094 2828 ἄλλου
1152 2774 1376 2831 ἔϐλεπυν
1404 2773 1496 2829 τὸν
1546 2772 1679 2826 Θεὸν
1729 2776 1841 2836 τοῖς

273 2870 580 2939 ὀφθαλμοῖς
640 2870 739 2941 τῆς
798 2868 972 2939 ψυχῆς
1027 2885 1166 2938 μου,
1211 2868 1438 2921 ἐνώπιόν
1499 2882 1604 2937 μου
1655 2867 1841 2937 φαινό-

272 2978 464 3033 μενον.

352 3052 566 3106 Ὀτιέκ
594 3051 809 3120 δεξιῶν
852 3052 970 3120 μού
1013 3052 1209 3116 ἐστιν,
1254 3053 1353 3105 ἵνα
1398 3050 1485 3121 μὴ
1544 3051 1840 3109 σαλευθῶ.

282 3143 556 3209 Ἐϐὶεπον
580 3143 638 3197 δὲ
658 3142 822 3199 αὑτὸν
837 3142 1067 3195 ἐνώπιόν
1094 3159 1219 3211 μου,
1241 3142 1379 3194 διότι
1406 3143 1465 3196 ἐν
1491 3143 1610 3203 ταῖς
1643 3141 1843 3206 δεξιαῖς

278 3253 389 3306 μου
419 3236 683 3305 πράξεσίν
714 3237 885 3301 ἐστιν,
920 3235 1406 3304 ἐπαναπαυόμενος
1435 3233 1626 3296 αὐταῖς
1646 3248 1661 3262 ·
1694 3232 1845 3301 ἐγγίσ

276 3328 434 3393 ςεται
466 3328 572 3398 γὰρ
598 3331 625 3382 ὁ
653 3328 784 3390 θεὸς
816 3329 928 3390 τοῖς
955 3326 1292 3395 ἐγγίζουσιν.
1349 3327 1446 3381 Ἐκ
1486 3325 1675 3390 δεξιῶν
1742 3342 1844 3395 μου

276 3420 341 3477 δέ
371 3420 538 3481 ἐστιν,
581 3420 668 3472 ἵνα
700 3418 1063 3489 βοηθούμενος
1091 3418 1184 3473 ὑπ’
1214 3417 1401 3482 αὐτοῦ,
1432 3418 1507 3490 μὴ
1537 3435 1846 3487 παρακινη-

1943 2323 2037 2375 per
2063 2314 2313 2372 mortem,
2345 2309 2556 2363 occulta
2587 2310 2848 2380 mysteria
2884 2312 3147 2382 intellige.
3184 2310 3253 2367 Ut
3282 2314 3353 2366 sit
3382 2329 3512 2369 scn~

1940 2400 2574 2469 suszConeupiscentia
2647 2416 2766 2455 mea
2839 2404 3076 2458 erudivit
3140 2419 3204 2460 ac
3260 2407 3509 2474 pervexit

1940 2506 2028 2546 me
2063 2506 2237 2561 usque
2267 2492 2333 2547 ad
2377 2494 2593 2547 occulta
2645 2493 2760 2561 ipsa
2804 2495 3087 2567 mysteria,
3120 2507 3174 2551 et
3230 2496 3508 2567 plerisque

1942 2582 2223 2637 hominum
2267 2586 2473 2652 ignota.

2015 2673 2179 2731 Vsus.
2208 2675 2264 2731 8.
2302 2676 2662 2731 Praevidebam
2692 2678 2977 2732 Dominum
3000 2680 3055 2734 in
3089 2690 3369 2750 conspectu
3396 2700 3509 2739 meo

1942 2784 2163 2835 semper.
2214 2769 2351 2822 Ante
2410 2784 2601 2825 onmes
2658 2770 2797 2827 alios
2855 2786 2958 2842 ego
3011 2787 3226 2843 semper
3257 2773 3507 2833 videbam

1944 2858 2114 2913 Deum
2156 2875 2171 2914 :
2207 2861 2299 2931 qui
2334 2861 2464 2914 mihi
2520 2863 2575 2915 in
2605 2862 2781 2919 oculis
2831 2864 3030 2921 animae
3080 2883 3233 2931 meae,
3263 2869 3422 2938 quasi
3457 2870 3509 2924 iu

1943 2963 2239 3022 conspectu
2272 2953 2393 3023 ipso
2416 2955 2736 3025 apparebat.

2017 3045 2282 3114 Quoniam
2306 3062 2338 3099 a
2371 3046 2568 3102 dextris
2592 3056 2670 3103 est
2691 3049 2818 3103 milii
2868 3066 2929 3105 ne
2965 3066 3314 3108 commoveor.
3347 3053 3513 3109 Vide~

1946 3139 2068 3194 bam
2096 3147 2277 3194 autem
2332 3154 2455 3195 eum
2514 3140 2569 3194 in
2623 3153 2920 3213 conspectu
2985 3159 3130 3212 meo,
3166 3148 3421 3217 quoniam
3456 3149 3512 3208 in

1948 3232 2156 3288 dextris
2217 3233 2530 3289 actionibus
2594 3236 2730 3290 meis
2762 3250 2981 3306 semper
3019 3238 3197 3303 adest,
3229 3239 3282 3293 in
3314 3241 3395 3295 eis
3430 3257 3513 3296 re-

1949 3323 2259 3394 quiescens.
2314 3327 2732 3396 Appropinquat
2778 3330 2923 3383 enim
2984 3329 3129 3388 Deus
3151 3334 3409 3391 omnibus
3445 3335 3512 3393 iis

1951 3415 2047 3485 qui
2076 3430 2171 3485 per
2206 3416 2463 3472 virtutem
2500 3419 2548 3473 ei
2577 3421 3038 3489 appropinquant.
3079 3423 3123 3478 A
3146 3423 3352 3481 dextris
3384 3442 3514 3481 vero

277 3511 367 3565 θῶ
399 3511 500 3580 τῆς
536 3510 751 3575 εὐθείας
785 3510 907 3563 ὁδοῦ
932 3510 1067 3579 πρὸς
1091 3509 1190 3580 τὴν
1223 3510 1501 3563 ἐναντίαν⁶
1531 3508 1843 3565 Φυλάσσει

1957 3507 2087 3562 meis
2114 3507 2269 3563 adest
2302 3517 2361 3563 ut
2385 3509 2606 3580 adjuvet
2637 3526 2743 3576 me,
2781 3527 2848 3568 ne
2889 3529 2918 3567 a
2948 3522 3096 3569 recta
3129 3532 3371 3587 unquam
3423 3521 3510 3577 via

274 3605 393 3675 γὰρ
431 3606 643 3674 Κύριος
671 3605 814 3672 τοὺς
842 3603 1199 3674 ἀγαπῶντας
1224 3605 1431 3658 αὐτόν.

350 3780 458 3837 Διά
486 3779 667 3834 τοῦτο
692 3780 999 3851 εὐφράνθη
1032 3778 1298 3852 ήκηρδία
1337 3796 1476 3849 μου,
1514 3778 1615 3835 καὶ
1660 3780 1846 3848 ἠγαλ-

271 3876 538 3931 λιάσατο
585 3875 624 3942 ἠ
658 3872 910 3942 γλῶσσά
954 3890 1095 3942 μου.
1125 3872 1239 3943 Τῆς
1301 3872 1526 3945 καρδίας
1577 3888 1678 3942 μου
1737 3873 1847 3940 γὰρ

276 3967 670 4038 πληρωθείσης
697 3963 1062 4037 εὐφροσύνης,
1086 3965 1162 4029 ὡς
1182 3964 1550 4028 ἀπολαϐόντος
1577 3964 1675 4036 τὴν
1717 3964 1845 4033 κλη-

277 4058 562 4131 ρονομίαν,
624 4058 721 4111 καὶ
780 4056 1301 4125 καταγωνισαμένου
1342 4057 1430 4110 τὸν
1483 4055 1699 4131 ἐχθρὸν,
1753 4058 1847 4117 καὶ

274 4150 528 4205 τοιοῦτον
563 4150 780 4219 ἔχοντος
826 4148 1142 4219 ἐπίκουρον,
1188 4148 1622 4221 παραπήλαυσεν
1672 4149 1765 4200 καὶ
1812 4150 1845 4219 η

277 4240 505 4311 γλῶττα
537 4242 635 4310 τῆς
658 4240 799 4308 ἄγαν
825 4240 1021 4312 χαρᾶς,
1076 4235 1164 4293 οἶα
1210 4240 1301 4297 τὸν
1359 4238 1624 4297 ἐπινίκιον
1679 4239 1848 4309 ὕμνον

280 4333 514 4406 ᾄδουσα,
545 4332 641 4385 καὶ
666 4332 735 4384 τὰ
785 4331 884 4383 τοῦ
934 4331 1071 4384 Θεοῦ
1098 4332 1365 4402 μεγαλεῖα
1385 4330 1740 4401 διηγουμένη.

361 4426 489 4476 ‘Ert
514 4423 584 4476 δὲ
603 4424 703 4477 καὶ
726 4424 764 4491 ἡ
791 4423 948 4491 σάρξ
970 4440 1089 4492 μου
1146 4423 1601 4491 κατασκηνώσει
1626 4423 1717 4479 ἐπ’
1747 4424 1848 4477 ἐλ-

280 4516 441 4575 πίδι.
468 4516 640 4570 Τοῦτο
664 4518 793 4586 περὶ
823 4516 921 4585 τῆς
950 4517 1124 4586 ταφῆς
1162 4514 1256 4571 τοῦ
1279 4514 1611 4570 Δεσποτικοῦ
1656 4513 1848 4584 σώμα-

276 4627 381 4671 τος
414 4624 427 4637 ·
451 4609 768 4677 κατοικήσει
801 4606 907 4679 γὰρ
938 4607 1027 4659 τὸν
1050 4606 1223 4676 τάφον
1270 4607 1356 4659 ἐπ’
1403 4605 1577 4659 ἐλπίδι
1624 4605 1849 4678 ταχείας

278 4700 636 4761 ἀναστάσεως
676 4714 690 4727 ·
724 4696 878 4760 εἰδὼς
916 4701 1026 4768 γὰρ
1079 4701 1397 4769 προειρήκει
1448 4696 1703 4760 πολλάκις
1738 4699 1850 4759 τοῖς

284 4793 587 4866 μαθηταῖς,
615 4792 699 4844 ὁτι
730 4790 883 4843 Μετὰ
908 4793 1055 4859 τρεῖς
1085 4789 1300 4861 ἡμέρας
1331 4789 1643 4859 ἐγείρομαι.

1950 3615 2296 3657 commovear
2337 3603 2402 3657 ad
2452 3618 2563 3659 non
2608 3613 2839 3660 rectam.
2886 3605 3133 3663 Custodit
3181 3612 3325 3666 enim
3381 3612 3516 3672 Deus

1950 3710 2126 3748 omnes
2166 3696 2254 3765 qui
2281 3712 2397 3749 eum
2424 3698 2648 3768 diligunt
2673 3699 2742 3755 ’°.

2020 3785 2185 3841 Vsus.
2211 3787 2263 3842 9.
2301 3786 2520 3855 Propter
2559 3791 2653 3844 hoc
2711 3791 2949 3847 lwtatunt
2997 3806 3070 3849 est
3122 3813 3213 3850 cor
3245 3815 3434 3867 meum,
3469 3812 3518 3856 et

1954 3879 2244 3933 exsultavit
2268 3881 2450 3951 lingua
2475 3900 2610 3939 mea.
2650 3882 2757 3939 Cor
2785 3901 2962 3942 ιιιοιιιιι
3011 3888 3192 3945 laetitia
3229 3891 3514 3962 impletum

1949 3976 2053 4034 est,
2086 3970 2211 4039 quia
2239 3969 2604 4028 hmreditatem
2633 3973 2830 4044 recepi,
2859 3978 2984 4044 quia
3009 3978 3519 4051 inimicum'devici,

1950 4063 2077 4130 quia
2111 4061 2269 4117 talem
2318 4078 2530 4119 mecum
2573 4066 2878 4136 adjutorem
2900 4069 3065 4124 habui
3098 4089 3112 4125 :
3148 4072 3292 4128 unde
3326 4075 3514 4145 lingua

1952 4169 2069 4208 mea
2101 4154 2269 4224 potita
2299 4164 2463 4225 atque
2491 4158 2756 4213 oblectata
2791 4168 2947 4216 tanto
2981 4163 3209 4233 gaudio,
3250 4166 3511 4237 hymnum

1950 4257 2006 4299 et
2037 4244 2229 4300 laudes
2258 4246 2501 4302 victoriae
2534 4249 2705 4312 cauit,
2738 4258 2792 4305 et
2827 4252 3099 4321 magnalia
3128 4253 3222 4309 Dei
3265 4270 3511 4313 commc.

1953 4343 2150 4393 morat.

2025 4429 2251 4500 Insuper
2283 4442 2334 4485 et
2388 4448 2512 4487 caro
2569 4450 2684 4489 mea
2742 4436 3026 4503 requiescet
3060 4438 3111 4491 in
3139 4455 3248 4505 spe.
3310 4440 3421 4495 lloc
3451 4440 3517 4495 de

1952 4520 2233 4589 sepultura
2268 4520 2532 4575 Dominici
2595 4525 2844 4591 corporis
2906 4524 3112 4579 dictum
3145 4535 3249 4590 est,
3290 4528 3435 4598 quod
3460 4529 3513 4584 in

1952 4614 2228 4682 sepultura
2266 4612 2487 4681 iacebat
2526 4632 2539 4669 :
2578 4615 2630 4669 in
2666 4630 2763 4685 spe
2815 4624 2996 4672 tamen
3030 4619 3229 4674 celeris
3260 4636 3516 4678 resurre-

1952 4704 2171 4759 etionis.
2202 4704 2394 4761 Sciens
2424 4707 2568 4761 enim
2599 4708 2650 4761 id
2694 4707 2960 4764 Dominus
3007 4711 3335 4779 praedixerat
3370 4728 3515 4784 saepe

1956 4798 2239 4866 discipulis
2268 4814 2327 4853 se
2362 4808 2482 4868 post
2507 4800 2746 4854 triduum
2773 4811 3231 4859 resurrecturum.

359 4888 489 4939 Ὅτι
521 4888 634 4938 οὐκ
657 4882 1110 4953 ἐγκαταλείψεις
1168 4884 1285 4949 τὴν
1337 4883 1552 4951 ψυχήν
1595 4897 1715 4952 μου
1766 4882 1844 4945 εἷς

2029 4886 2195 4943 Vens.
2252 4889 2339 4944 10.
2378 4898 2382 4902 ’
2415 4888 2673 4955 Quoniam
2746 4905 2849 4945 non
2905 4891 3229 4963 derelinques
3285 4897 3517 4949 animam

280 4987 463 5059 ᾅδην.
496 4986 693 5056 Τίθησι
716 4984 812 5040 καὶ
844 4983 942 5054 τῆς
972 4980 1189 5042 ἐλπίδος
1217 4978 1315 5051 τὴν
1343 4978 1523 5034 αἰτίαν
1550 4993 1564 5009 ο
1604 4976 1715 5027 Καὶ
1744 4974 1852 5042 γὰρ

280 5083 392 5136 οὐκ
451 5076 878 5152 ἐγκαταλείψεις
918 5077 1017 5145 τὴν
1066 5074 1248 5145 ψυχήν
1282 5089 1386 5144 μου
1424 5072 1504 5133 είς
1532 5068 1685 5141 ᾅδην,
1716 5069 1852 5122 ὅπου

279 5174 402 5232 τῶν
430 5172 810 5226 τελευτώντων
834 5170 890 5224 αἱ
919 5169 1090 5239 ψυχαὶ
1120 5167 1464 5238 κατέχονται.
1516 5165 1691 5224 Τόπος
1746 5161 1855 5230 γὰρ

278 5273 310 5323 ὁ
343 5267 482 5338 ᾅδης
516 5266 621 5319 ὑπὸ
648 5268 752 5334 γῆν
781 5262 1311 5333 ἀποκεκληρωμένος
1339 5263 1460 5323 ταῖς
1493 5259 1601 5312 τῶν
1619 5257 1857 5325 tan-00:1-

278 5362 493 5414 νὸντων
517 5359 738 5428 ψυχαῖς.
774 5356 884 5411 Ποῦ
906 5357 1088 5411 τοίνυν
1117 5357 1145 5410 ὁ
1193 5355 1358 5433 λῆρος
1393 5351 1789 5422 Ἀπολινάριος,
1825 5351 1853 5402 ὁ

278 5453 391 5521 τὴν
413 5449 858 5520 προσληφθεῖσαν
912 5450 1087 5522 σάρκα
1138 5446 1480 5518 δογματίζων
1517 5445 1720 5515 ἄψυχον
1761 5443 1854 5499 καὶ

275 5545 473 5609 ἄνουν,
497 5542 571 5605 ὡς
606 5543 830 5608 ἀνόητος
852 5557 866 5606 ;

366 5910 413 5943 ι’
456 5907 590 5964 Luc.
627 5908 797 5968 ΠΛΟ.
868 5909 913 5940 ’⁸
946 5908 1089 5962 Psal.
1119 5904 1408 5967 cxuvﬂo.

630 6006 905 6065 PATEOL.
950 6004 1061 6063 (in.
1101 6000 1420 6063 CXXVIII.

1952 4996 2117 5033 meam
2153 4982 2205 5035 in
2253 4981 2478 5051 inferno.
2514 4979 2686 5048 llujus
2719 4981 2881 5035 etiam
2919 4982 3032 5050 spei
3089 4999 3311 5039 causam
3345 5000 3516 5054 appo-

1950 5074 2051 5128 nit.
2084 5071 2163 5127 Tn
2219 5076 2389 5136 enim,
2447 5073 2657 5143 inquit,
2704 5089 2811 5127 non
2865 5075 3212 5144 derelinquas
3271 5077 3509 5130 animam

1953 5183 2125 5222 meam
2156 5168 2210 5222 in
2247 5169 2482 5231 inferno,
2513 5168 2603 5220 ubi
2634 5160 2955 5221 caferorum
3018 5177 3358 5221 mortuorum
3396 5169 3515 5223 ani?

1954 5275 2055 5313 ma:
2113 5259 2447 5317 detinentur.
2514 5257 2770 5312 lnfcrnus
2814 5239 3024 5329 quippe
3064 5258 3222 5311 locus
3280 5267 3364 5312 est
3413 5260 3516 5313 sub

1952 5363 2097 5406 terra
2138 5352 2424 5405 animabus
2459 5359 2797 5405 mortuorum
2846 5350 3186 5419 designatus.
3216 5348 3317 5405 Ubi
3350 5350 3518 5422 igitur

1954 5455 2085 5501 sunt
2115 5444 2443 5513 Apollinaris
2472 5458 2650 5512 nugre,
2676 5440 2767 5510 qui
2805 5447 3141 5508 assumptam
3166 5440 3370 5495 Christi
3392 5458 3515 5497 ear-

1957 5552 2080 5591 nem
2115 5536 2235 5589 sine
2276 5535 2479 5596 anima,
2510 5532 2629 5586 sine
2662 5532 2937 5585 intellectu
2963 5539 3017 5585 et
3048 5532 3165 5587 sine
3195 5542 3377 5588 mente
3396 5550 3519 5595 esse

1956 5626 2217 5680 dicebat?
2249 5624 2353 5678 Sed
2375 5638 2407 5677 ο
2438 5638 2599 5693 quam
2642 5622 2759 5692 ipse
2786 5622 2968 5691 potius
3001 5623 3120 5677 sine
3150 5633 3330 5679 mente
3351 5627 3520 5686 fuisse

1957 5718 2300 5774 convincitur
2335 5718 2347 5771 !
