3916 6558
461 403 583 466 203

1708 411 2086 474 EUTIIYMII
2129 415 2488 476 ZIGABENI

3618 427 3724 490 204

538 515 643 570 Nec
703 514 855 568 dabis
919 525 1159 570 sanctum
1207 525 1355 572 tuum
1409 519 1581 574 videre
1620 523 2024 592 corruptionem.

2211 527 2367 582 Οὐδὲ
2394 527 2608 595 δώσεις
2645 528 2751 583 τὸν
2799 529 2975 585 ὅσιόν
3020 547 3137 588 σου
3187 533 3337 588 ἰδεῖν
3369 535 3724 608 διαφθοράν,

468 603 592 660 lloc
616 604 684 659 de
744 620 977 676 corpore
1005 605 1219 662 Domini
1252 609 1504 665 similiter
1536 612 1744 666 dictum
1792 622 1897 677 est,
1931 613 2036 680 'l‘u,

463 697 662 767 inquit,
687 696 775 752 cui
806 699 876 753 ob
909 709 1094 769 partas
1131 703 1393 770 virtutes,
1435 703 1673 772 oblatus,
1729 703 2035 772 dedicatus,

460 799 516 844 et
537 789 917 846 sanctiﬁcalus
948 807 1094 858 sum,
1119 810 1228 848 non
1272 811 1359 851 me
1403 797 1690 866 permittes
1722 799 2036 869 corruptio-

469 899 592 937 nem
627 885 876 953 corporis
911 887 1190 942 sustinere
1225 905 1240 942 :
1290 888 1542 958 quinimo
1589 889 1720 944 illud
1777 901 2034 961 tanquam

453 976 599 1044 quod
632 975 778 1030 omni
828 977 1008 1032 caruit
1053 988 1299 1049 peccato,
1334 979 1388 1034 in
1421 981 1539 1039 suis
1568 981 1816 1051 partibus
1849 984 2028 1038 indis-

455 1065 696 1119 solutum
757 1070 1136 1133 conservabis,
1196 1076 1256 1122 ut
1313 1071 1496 1124 anima
1546 1072 1600 1124 in
1653 1071 2030 1142 incorruptum

457 1173 659 1228 corpus
683 1168 982 1223 remeante,
1015 1161 1126 1215 cito
1154 1176 1464 1233 resurgam.
1498 1163 1634 1218 Illud
1660 1163 1828 1218 etiam
1858 1166 2036 1218 adno-

456 1253 677 1306 tandum
710 1262 813 1318 est,
853 1253 1000 1322 quod
1051 1253 1310 1310 interitus
1348 1255 1402 1308 in
1449 1256 1685 1311 mortuis
1736 1256 2036 1326 disjunctio

454 1349 539 1394 est
570 1355 634 1394 ac
664 1342 940 1409 separatio
963 1342 1164 1397 anitme
1209 1358 1238 1396 α
1291 1358 1521 1413 corpore
1551 1361 1566 1398 :
1598 1347 1880 1415 corruptio
1911 1362 2038 1404 vero

453 1441 536 1485 est
580 1436 952 1487 membrorum
995 1443 1161 1503 atque
1207 1436 1434 1490 aliarum
1469 1437 1709 1507 partium
1749 1439 1805 1492 in
1827 1446 2032 1495 terram

451 1531 507 1577 et
535 1524 588 1577 iu
617 1526 898 1594 pulverem
937 1526 1228 1582 resolutio.

523 1612 694 1670 Vens.
734 1616 820 1670 il.
859 1615 1032 1669 Notas
1073 1618 1204 1671 mihi
1251 1617 1423 1685 fecisti
1449 1620 1560 1674 vias
1605 1625 1746 1677 vita.
1783 1622 2032 1679 Docuisti

2145 620 2314 673 Τοῦτο
2343 622 2472 691 περὶ
2502 620 2592 675 τοῦ
2611 622 2946 678 Δεσποτικοῦ
2976 625 3246 695 σώματος.
3287 629 3423 683 Οὐδὲ
3465 633 3576 703 γὰρ
3600 636 3722 704 ἐμὲ,

2143 713 2233 765 τὸν
2265 713 2628 782 ἀνακείμενον
2661 732 2742 768 σοι
2773 715 2839 768 δι’
2871 716 3088 787 ἀρετῶν
3128 718 3481 786 οἱκειώσεως,
3545 739 3724 794 παρα-

2141 805 2416 875 χωρήσεις
2452 806 2753 877 ὑποστῆναι
2777 806 2876 879 τὴν
2908 809 3050 863 κατά
3077 809 3138 862 τὸ
3166 810 3328 879 σῶμα
3365 811 3671 883 διαφθοράν
3706 829 3722 844 ·

2139 897 2256 950 ἀλλ’
2285 897 2361 961 ὡς
2390 899 2781 969 ἀναμάρτητον
2808 899 3017 954 τούτων
3036 940 3052 965 ,
3093 903 3462 974 συντηρήσεις
3507 905 3726 959 άδιάλυυ

2139 1009 2230 1046 τον
2269 991 2327 1046 ὲν
2351 994 2461 1056 τοῖς
2487 993 2708 1058 οἰκείοις
2737 993 2982 1064 μέρεσιν,
3013 996 3100 1048 ἵνα
3130 997 3231 1067 τῆς
3262 998 3438 1068 ψυχῆς
3465 999 3716 1066 ἐγκατοι-

2141 1083 2424 1154 κισθείσης
2454 1083 2624 1155 αὐτῷ,
2653 1085 2932 1149 παντελῶς
2958 1086 3155 1157 ἀρτίῳ,
3230 1087 3424 1141 θᾶττον
3482 1089 3703 1141 ἀναστῶ

2138 1179 2318 1249 Φθορά
2349 1178 2447 1249 μὲν
2465 1177 2582 1244 οὖν,
2614 1179 2704 1231 ἐπὶ
2735 1179 2843 1232 τῶν
2892 1179 3182 1245 θανόντων,
3229 1181 3262 1250 ἡ
3301 1179 3578 1246 διάζευξις
3625 1182 3723 1252 τῆς

2137 1270 2318 1342 ψυχῆς
2339 1271 2448 1323 ἀπὸ
2474 1270 2569 1324 τοῦ
2599 1271 2853 1340 σώματος
2887 1286 2902 1302 ο
2933 1270 3204 1341 διαφθορά
3249 1272 3329 1335 δὲ,
3389 1273 3422 1342 ἡ
3479 1273 3722 1336 διάλυσις

2123 1361 2247 1416 τῶν
2285 1360 2379 1414 τοῦ
2408 1359 2660 1432 σώματος
2696 1363 2879 1432 μερῶν
2908 1361 3001 1414 καὶ
3038 1360 3220 1432 μελῶν
3251 1362 3330 1422 εἰς
3355 1361 3509 1430 χοῦν.

2219 1619 2578 1691 Ἐγνάφισάς
2610 1637 2714 1689 μοι
2735 1618 2914 1685 ὀδοὺς
2946 1617 3113 1685 ζωῆς.
3150 1619 3404 1685 Ἕδειξάς
3467 1637 3560 1691 μοι
3619 1621 3719 1684 τὰς

455 1721 558 1772 me,
588 1708 786 1778 inquit,
858 1708 1090 1764 virtutes
1129 1724 1250 1779 quae
1307 1709 1376 1763 ad
1431 1711 1800 1769 immortalem
1863 1715 2024 1770 vitam

2139 1713 2361 1784 ἀρετὰς,
2397 1713 2453 1766 αἳ
2484 1712 2784 1782 ποδηγοῦσι
2819 1713 2954 1784 πρὸς
2985 1713 3085 1781 τὴν
3124 1712 3396 1767 ἀθάνατον
3423 1713 3594 1784 ζωήν.
3647 1715 3718 1766 Ἦ

455 1801 730 1856 hominem
759 1802 1023 1873 dirigunt.
1064 1800 1186 1874 [per
1215 1818 1353 1872 quas
1384 1812 1439 1859 et
1462 1804 1768 1862 incederem
1817 1809 1936 1879 ipse
1977 1819 2024 1864 el

2139 1803 2498 1875 ἀπεκάλυψάς
2531 1822 2622 1874 μοι
2653 1805 2777 1867 τοὺς
2820 1804 3054 1873 τρόπους
3109 1807 3213 1874 τῆς
3271 1806 3413 1874 ἐμῆς
3469 1805 3715 1859 ἁναστά·

452 1891 738 1962 discipulis
781 1893 918 1947 meis
964 1892 1328 1948 incedendum
1374 1909 1495 1950 esse
1555 1895 1879 1968 traderem].
1931 1896 2024 1953 Vel

2140 1915 2280 1963 σεως
2315 1899 2410 1953 καὶ
2442 1896 2806 1962 παλινζωίας,
2833 1898 2946 1968 (54)
2979 1898 3044 1961 ἃς
3088 1898 3252 1961 αὐτὸς
3283 1899 3530 1969 βαδίσας,
3565 1899 3717 1969 τεμῶ

451 1983 660 2040 aliter:
724 1983 998 2040 Revelasti
1052 1993 1104 2039 tu
1157 1986 1314 2048 mihi,
1369 1987 1571 2057 inquit,
1597 1990 1713 2044 vias
1754 1989 1898 2054 vitae,
1926 1990 2031 2045 hoc

451 2082 559 2142 est,
632 2075 1059 2132 resurrectionis
1113 2091 1248 2133 mea:
1321 2085 1484 2149 atque
1541 2079 1752 2135 iteratte
1791 2081 1914 2136 vita:
1979 2079 2220 2149 modos;

451 2183 601 2224 sum.

519 2259 844 2331 Adimplebis
879 2279 960 2318 me
989 2263 1180 2318 lwtitia
1212 2281 1327 2319 cum
1365 2267 1508 2320 vultu
1543 2276 1651 2321 tuo.
1688 2267 1863 2324 Filius
1910 2269 2030 2323 vui-

447 2361 535 2407 tus
571 2360 656 2406 est
696 2360 751 2408 et
818 2351 989 2410 facies
1059 2355 1267 2411 Patris.
1323 2356 1427 2421 Qui
1462 2357 1631 2419 enim,
1666 2357 1865 2428 inquit,
1892 2357 2026 2412 vidit

449 2458 546 2508 nte,
582 2441 714 2496 vidit
765 2451 815 2497 et
865 2441 1085 2498 Patrem
1143 2443 1398 2496 meum“.
1452 2441 1588 2498 Nam
1629 2450 1683 2498 et
1742 2444 2030 2498 character

445 2533 611 2588 etiam
638 2533 759 2603 ejus
789 2532 996 2591 dicitur
1020 2543 1075 2590 et
1136 2534 1318 2604 imago
1335 2535 1403 2588 η.
1457 2534 1588 2589 Post
1653 2533 2024 2589 resurrectio-

447 2640 595 2690 nem,
622 2625 823 2695 inquit,
865 2624 1171 2682 laetiﬁcabis
1221 2641 1328 2690 me,
1386 2641 1492 2691 me,
1527 2625 1779 2695 inquam,
1808 2639 2026 2680 assum-

448 2729 600 2788 ptum
641 2717 941 2784 hominem,
979 2725 1035 2773 et
1073 2716 1385 2773 assumeuti
1436 2717 1791 2786 conjunctum
1821 2715 2026 2770 divini-

453 2809 574 2863 tati.
625 2809 767 2862 Ante
805 2807 1270 2864 resurrectionem
1316 2807 1462 2863 euim
1514 2814 1750 2863 maestus
1801 2814 1922 2863 erat
1961 2820 2026 2862 ac

447 2901 647 2967 tristis,
709 2901 1242 2972 lacrymabaturque,
1280 2909 1335 2956 et
1401 2899 1865 2956 sollicitudinibus
1907 2908 2030 2956 erat

449 2992 661 3058 ulenus,
697 2991 815 3063 lege
841 2991 1103 3046 nituirum
1136 2991 1389 3046 humanae
1420 3000 1654 3046 naturae.
1681 2989 1778 3047 Vel
1821 2991 1980 3047 aliter
2008 3010 2022 3048 :

404 3085 578 3169 .(Ium
619 3085 899 3150 vultumo,
954 3083 1445 3154 circumloquendo
1507 3084 1681 3150 dixit;
1717 3083 1771 3138 id
1802 3094 1911 3152 est,
1947 3093 2028 3141 te-

445 3191 594 3231 cum.
654 3177 837 3248 Ipsum
896 3176 1042 3232 enim
1103 3175 1308 3231 Christi
1356 3189 1559 3247 corpus
1613 3173 1756 3232 Filio
1805 3177 2021 3232 unitum

447 3275 567 3323 crat
621 3276 675 3323 et
696 3266 866 3324 Filius
905 3266 1055 3322 Patri
1099 3286 1113 3323 :
1163 3266 1308 3323 unde
1339 3267 1646 3322 communis
1675 3276 1796 3323 erat
1824 3282 2015 3322 eorum

447 3360 630 3415 laetitia
666 3365 886 3432 promer
919 3359 1213 3418 humanam
1255 3359 1512 3424 salutem,
1546 3373 1711 3430 quam
1743 3374 1893 3414 mors
1929 3374 2024 3429 per

445 3467 662 3506 crucem
700 3461 923 3520 operata
955 3459 1062 3507 est.

2131 1993 2246 2054 τοῖς
2274 1990 2570 2062 μαθηταῖς.

2301 2096 2399 2152 per
2444 2095 2584 2151 quas
2629 2081 2747 2137 vias
2790 2081 2997 2137 docens
3063 2082 3376 2154 discipulos
3429 2082 3714 2153 ingressus

2197 2265 2546 2334 Πληρώσεις
2562 2280 2640 2333 με
2662 2264 3054 2332 εὐφροσύνης
3073 2261 3226 2332 μετὰ
3255 2263 3363 2318 τοῦ
3387 2263 3711 2331 προσώπου

2126 2375 2264 2414 σου.
2304 2357 2605 2429 Πρὸσωπον
2651 2356 2864 2429 Πατρὸς
2923 2355 3071 2418 Υίός.
3140 2353 3204 2407 '0
3252 2354 3522 2423 ἑωρακὼς
3579 2354 3710 2423 γὰρ,

2126 2456 2314 2523 φησιν,
2354 2452 2481 2522 ἐμὲ,
2516 2451 2782 2520 ἑώρακεν
2799 2450 2910 2504 τὸν
2943 2448 3177 2518 Πατέρα
3221 2464 3341 2518 μου
3371 2465 3386 2478 ·
3441 2447 3564 2499 ἐπεὶ
3616 2446 3711 2498 καὶ

2126 2544 2414 2616 χαρακτὴρ
2449 2543 2615 2599 αὑτοῦ
2651 2543 2867 2612 λέγεται
2896 2543 2990 2597 καὶ
3045 2541 3233 2596 εἰκών.
3270 2541 3576 2611 Εὐφρσνεῖς
3617 2536 3711 2591 οὖν

2129 2653 2220 2708 με,
2268 2636 2425 2707 φησὶ,
2454 2636 2545 2690 τὸν
2593 2633 3011 2706 προσληφθέντα
3043 2631 3350 2703 ἄνθρωπον,
3414 2631 3553 2701 μετὰ
3611 2627 3707 2682 τοῦ

2127 2726 2530 2800 προσλαϐόντος
2563 2726 2726 2792 Θεοῦ,
2761 2725 2904 2797 μετὰ
2933 2723 3030 2795 τὴν
3056 2724 3360 2778 ἀνάστασιν
3396 2739 3410 2754 ο
3446 2721 3552 2795 πρὸ
3575 2722 3703 2774 ταύ-

2131 2839 2232 2893 της
2267 2821 2398 2892 γὰρ,
2437 2821 2532 2874 καὶ
2571 2812 2844 2885 ἐλυπεῖτο,
2878 2820 2974 2871 καὶ
3033 2816 3297 2887 ἐδάκρυε,
3354 2815 3448 2868 καὶ
3498 2814 3708 2884 ἠγωνία

2125 2914 2273 2986 νόμῳ
2303 2912 2542 2984 φύσεως.
2581 2912 2652 2965 ’Ἡ
2701 2911 2797 2964 καὶ
2833 2910 2982 2980 μετὰ
3037 2909 3144 2964 τοῦ
3199 2907 3526 2978 προσώπου
3565 2922 3702 2970 σου,

2124 3005 2245 3059 ἀντὶ
2271 3005 2410 3077 μετὰ
2439 3002 2559 3071 σοῦ,
2591 3001 3040 3073 περιφραστικῶς
3069 3017 3082 3031 ·
3109 3002 3138 3054 ό
3176 3000 3275 3069 μὲν
3335 2998 3445 3068 γὰρ
3491 2996 3706 3067 ήνωμέο

2125 3118 2214 3165 νος
2241 3095 2310 3171 ἦν
2343 3098 2422 3171 τῷ
2473 3097 2614 3170 Υἱῷ,
2651 3098 2680 3151 ό
2715 3097 2774 3150 δὲ
2836 3095 2985 3161 Υἱὸς,
3030 3092 3108 3165 τῷ
3155 3092 3355 3164 Πατρὶ,
3394 3092 3488 3144 καὶ
3520 3089 3704 3158 κοινὴν

2132 3193 2290 3264 ἔσχον
2317 3191 2414 3262 τὴν
2449 3189 2790 3262 εὐφροσύνην
2826 3189 2920 3242 ἐπὶ
2943 3189 3010 3259 τῇ
3049 3185 3296 3257 σωτηρίᾳ
3341 3185 3451 3240 τῶν
3495 3182 3702 3254 ἀνθρὼ-

2125 3302 2263 3349 πων,
2292 3284 2358 3354 ἥν
2385 3285 2413 3336 ὁ
2450 3281 2540 3336 διὰ
2575 3279 2816 3352 σταυροῦ
2841 3278 3074 3342 θάνατος
3101 3277 3423 3348 εἰργάσατο.

517 3541 804 3599 Delectatio
838 3543 891 3597 in
916 3541 1132 3596 dextera
1175 3551 1457 3614 tuamque
1481 3543 1534 3596 in
1564 3544 1742 3611 linem.
1778 3543 2013 3600 Dextera

2202 3549 2535 3618 Τερπνότης
2565 3547 2635 3600 ἐν
2673 3544 2748 3614 τῇ
2787 3545 2959 3613 δεξιᾷ
3004 3558 3122 3598 σου
3178 3543 3264 3607 εις
3283 3539 3482 3605 τέλος.
3544 3537 3698 3604 Δεξιά

452 3633 654 3698 Patris,
683 3630 860 3688 Filius
888 3632 1113 3699 dicitur,
1149 3634 1610 3703 quemadmodum
1641 3645 1698 3690 et
1735 3635 2018 3690 brachium

446 3727 592 3799 ejus,
621 3734 674 3780 et
709 3725 954 3796 potentia
985 3731 1043 3780 et
1063 3725 1378 3780 delectatio.
1405 3724 1494 3779 Ait
1523 3727 1689 3796 igitur
1713 3727 1860 3797 quod
1896 3741 2021 3798 per-

447 3827 610 3880 petua
657 3817 960 3874 exsultatio
1019 3819 1126 3871 erit
1177 3815 1315 3871 Filio
1379 3817 1496 3885 Dei,
1551 3818 1677 3888 quia
1709 3833 1895 3874 secum
1923 3833 2018 3875 eos

443 3924 734 3982 exsurgere
767 3907 917 3976 fecit,
941 3908 1036 3979 qui
1074 3908 1202 3965 olim
1240 3909 1310 3963 ob
1330 3920 1616 3979 peccatum
1648 3909 1968 3966 deciderant
1996 3928 2012 3966 :

442 4013 498 4059 et
526 4003 656 4076 quia
687 4000 1063 4057 hareditatem
1095 4013 1251 4055 suam
1288 4001 1514 4070 recepit.

949 4091 1139 4150 Oratio
1183 4093 1284 4159 ipsi
1335 4091 1524 4146 David.

973 4179 1299 4236 PSALMUS
1349 4179 1491 4235 XVI.

516 4275 962 4333 Persecutionem
1011 4275 1294 4330 sustinens
1326 4289 1358 4328 a
1389 4273 1552 4328 Saule
1585 4273 1777 4330 beatus
1823 4273 2015 4339 David,

443 4382 497 4427 et
533 4371 720 4426 multis
741 4367 1022 4441 impetitus
1051 4367 1577 4438 iujuriis,p3almum
1601 4366 1746 4420 hunc
1777 4367 2019 4422 conscri-

446 4466 576 4536 psit,
611 4481 723 4536 quo
752 4463 922 4518 Deum
974 4461 1028 4516 in
1082 4459 1346 4514 auxilium
1393 4459 1644 4514 advocat.
1690 4457 1793 4524 Qui
1835 4466 2015 4514 tamen

447 4557 742 4626 unicuique
787 4553 908 4608 viro
939 4553 1140 4607 virtute
1174 4549 1406 4622 praedito
1458 4560 1621 4620 atque
1651 4563 1916 4621 oppresso
1946 4550 2016 4605 ab

445 4645 685 4702 inimicis
706 4643 1111 4700 accounuoilari
1142 4649 1342 4711 potest.

515 4737 684 4792 Vsus.
709 4739 761 4791 i.
782 4733 1015 4799 Exaudi,
1040 4733 1276 4798 Domine,
1287 4733 1556 4802 justitiam
1575 4749 1763 4787 nteant.
1783 4733 2009 4802 Exaudi,

2125 3641 2220 3697 τοῦ
2249 3639 2484 3712 Πατρὸς,
2517 3640 2545 3692 ὁ
2581 3638 2732 3703 Υἱὸς,
2783 3636 2973 3707 ῶσπερ
3009 3635 3103 3689 καὶ
3132 3632 3396 3705 βραχίων,
3429 3629 3524 3684 καὶ
3552 3628 3695 3681 δύνα-

2131 3751 2242 3805 μις.
2274 3732 2501 3804 Τέρψις,
2539 3731 2698 3801 φησὶ,
2735 3729 2831 3784 καὶ
2871 3727 3194 3798 ἀγαλλίασις
3245 3725 3398 3778 ἔσται
3456 3722 3535 3794 τῷ
3585 3720 3696 3790 Υίῷ

2128 3844 2222 3881 σου
2252 3825 2342 3881 διὰ
2369 3826 2593 3890 παντὸς,
2630 3825 2759 3888 τοὺς
2789 3823 3155 3884 πεπτωκότας
3211 3821 3693 3890 συναναστήσαντι,

2125 3920 2220 3975 καὶ
2240 3918 2339 3990 τὴν
2361 3917 2526 3972 αὐτοῦ
2550 3917 2919 3989 κληρονομίαν
2945 3914 3294 3969 άπολαὸόντι.

2583 4098 2900 4169 Προσευχὴ
2935 4097 3012 4163 τῷ
3039 4094 3236 4150 Διιϐίὸ.

2688 4189 2982 4244 ΨΑΑΜΟΣ
3013 4185 3127 4256 Iq’.

2207 4283 2347 4338 ’Υπὸ
2391 4283 2484 4338 τοῦ
2520 4267 2694 4340 Σαοὺλ
2726 4282 3075 4352 διωκόμενος,
3129 4279 3223 4332 καὶ
3272 4275 3536 4339 ποικίλως
3577 4276 3695 4328 ἐπι-

2125 4372 2532 4443 ϐουλευόμενος,
2569 4373 2776 4443 ἔγραψε
2799 4373 2889 4426 τὸν
2929 4371 3142 4442 ψαλμὸν
3189 4369 3398 4432 τοῦτον,
3456 4367 3539 4430 είς
3576 4368 3697 4418 ἑπι-

2124 4465 2350 4534 κουρίαν
2397 4466 2488 4518 τὸν
2535 4465 2666 4519 Θεὸν
2711 4463 3135 4534 ἐγκαλούμενος.
3176 4459 3434 4530 Ἀρμόζει
3493 4458 3552 4512 δὲ
3606 4457 3699 4511 καὶ

2123 4558 2285 4612 παντὶ
2314 4557 2558 4628 ὲναρὲτω
2584 4555 3081 4626 ἐπιδουλευομένῳ.

2195 4740 2600 4804 Εισάκουσον,
2625 4740 2824 4807 Κύριε,
2851 4738 3247 4804 δικαιοσύνης
3266 4753 3408 4806 μου.
3435 4733 3548 4802 Τῆς
3572 4731 3699 4801 περὶ

444 4830 644 4902 inquit,
693 4826 962 4898 justitiam
1006 4840 1182 4879 meam
1239 4840 1253 4876 :
1291 4825 1392 4879 hoc
1436 4836 1519 4879 εει
1551 4822 1802 4879 aﬂ‘ectum
1850 4833 2015 4894 atque

2139 4831 2184 4884 τὸ
2203 4830 2410 4885 δίκαιον
2439 4831 2755 4895 διαθέσεως,
2792 4831 2915 4901 ἥτις
2945 4830 3033 4882 διὰ
3063 4828 3171 4882 τῶν
3214 4827 3468 4898 πράξεων
3503 4825 3580 4888 ὡς
3608 4824 3694 4877 διά

444 4930 890 4982 amoremmeum
920 4931 1048 4987 erga
1074 4913 1371 4984 justitiam,
1395 4913 1489 4982 qui
1520 4911 1832 4968 actionibus
1853 4923 2018 4985 atque

2139 4922 2386 4993 (Itin-mg,
2428 4923 2546 4994 βοᾷ·
2579 4921 2857 4992 διαφόρως
2889 4920 2997 4992 γὰρ
3027 4920 3324 4989 δυνάμενος
3353 4918 3566 4971 ἀνελεῖν
3605 4918 3692 4970 τὸν

443 5007 858 5082 operationibus
886 5007 1024 5071 suis,
1055 5005 1214 5077 quasi
1238 5003 1423 5074 lingua
1462 5003 1695 5074 quadam
1719 5003 1788 5058 ad
1818 5013 1869 5060 te
1900 5008 2018 5061 ela-

2139 5015 2558 5085 ιολεμικώτατόν
2599 5011 2690 5085 μοι
2721 5013 2913 5077 Σαοὺλ,
2958 5013 3286 5084 ἐφεισάμην,
3315 5011 3390 5074 ὡς
3421 5012 3515 5063 ἐπὶ
3557 5009 3686 5063 Θεοῦ

445 5113 578 5158 mat.
608 5099 747 5155 Nam
783 5114 906 5155 cum
956 5097 1230 5169 potuerim
1275 5110 1654 5167 saepenumero
1702 5098 2020 5154 inimicissi-

445 5209 596 5250 mum
631 5192 765 5248 mihi
807 5189 1029 5246 Saulem
1058 5187 1336 5254 occidere,
1365 5188 1610 5244 abstinui
1650 5191 2015 5261 tamenjusti-

442 5290 532 5340 tia:
561 5283 730 5354 hujus
762 5295 949 5337 amore
982 5296 996 5346 ;
1060 5277 1190 5350 quia
1225 5292 1257 5334 a
1305 5286 1359 5333 te
1414 5278 1744 5337 constitutus
1783 5290 1866 5337 est
1897 5297 2014 5338 rex.

2119 5213 2287 5265 μησα.
2321 5195 2550 5266 Κεφαλὴ
2589 5195 2696 5268 γάρ
2743 5197 2858 5250 ἐστι
2900 5195 3100 5259 παντὸς
3145 5192 3238 5247 τοῦ
3288 5192 3442 5247 λαοῦ’
3485 5193 3685 5246 δίκαιον

2111 5286 2170 5339 δὲ
2198 5285 2386 5339 τούτου
2418 5286 2508 5340 διὰ
2534 5287 2708 5340 ταῦτα
2752 5284 3034 5355 φείδεσθαι
3063 5285 3208 5338 κατὰ
3247 5283 3448 5337 πάντα.
3488 5284 3558 5338 Ἦ
3604 5283 3681 5334 δι-

2115 5104 2565 5174 βεὸασιλευκότα,
2590 5105 2685 5158 καὶ
2713 5104 2866 5157 οὐδὲν
2897 5102 3121 5171 ὑϐρίσαι
3149 5102 3338 5158 τοῦτον
3365 5101 3512 5170 λόγῳ
3542 5100 3688 5155 ἐτόλο
3795 5105 3800 5108 ’

442 5378 702 5448 Quinimo
733 5391 833 5434 nec
881 5375 1063 5432 verbis
1109 5373 1262 5428 illum
1300 5372 1594 5444 obiurgare
1641 5388 1808 5430 ausus
1868 5391 2012 5440 sum,

441 5483 567 5525 cum
600 5469 668 5523 sit
699 5465 887 5539 populi
913 5471 1096 5536 caput,
1147 5471 1203 5519 et
1233 5463 1301 5518 ab
1333 5462 1478 5522 iliius
1505 5463 1703 5535 injuria
1739 5465 2012 5523 abstinere

468 5661 511 5692 "
543 5657 704 5716 Joan.
725 5672 836 5726 xw,
863 5657 920 5712 9.
1067 5655 1113 5688 ”
1148 5653 1316 5710 llebr.
1355 5669 1394 5721 ι,
1423 5653 1479 5708 '5.

2121 5377 2416 5448 καιοσύνην
2465 5378 2700 5433 ἐνταῦθα
2746 5377 2894 5446 λέγει
2944 5377 3042 5448 τὴν
3092 5374 3458 5442 δικαιολογίαν
3499 5373 3682 5438 αὑτοῦ,

2123 5468 2244 5520 καθ’
2275 5468 2342 5538 ἢν
2379 5468 2709 5535 δικαιοῦται,
2753 5469 2820 5540 ἢν
2852 5471 2943 5522 καὶ
2974 5468 3185 5539 προῖὼν
3221 5468 3460 5537 τίθησιν.
3503 5467 3683 5530 Οὕτως

1803 5741 2002 5804 Variae
2043 5741 2375 5805 lectiones.

509 5859 619 5924 (5.4)
660 5857 776 5920 "Ac,
808 5852 1007 5924 δηλαδὴ
1033 5851 1126 5915 τὰς
1169 5850 1386 5921 ἀρετάς.
