3846 6572
454 402 556 468 5207

1648 416 2042 479 EUTIIYMII
2086 416 2451 481 ZIGABENI

3587 435 3691 499 208

452 561 513 610 ut
539 561 877 624 cognoscant
904 565 971 606 an
1004 551 1264 606 mundum
1300 549 1354 605 id
1388 550 1458 607 sit
1479 559 1531 607 et
1559 566 1777 623 purum.
1810 552 1876 607 Et
1904 568 2024 608 cum

2132 556 2227 609 καὶ
2253 554 2610 625 χωνευοέντος
2663 574 2766 628 μου
2812 576 3022 624 τουτοις
3094 562 3192 616 καὶ
3259 562 3693 634 βασανισθέντος.

455 635 577 702 auri
616 645 796 700 instar
828 642 988 699 fusus
1023 642 1125 697 sim
1154 651 1209 698 et
1246 643 1532 715 probatus,
1567 645 1716 702 nulla
1757 655 1937 702 tamen
1968 649 2024 704 in

449 751 539 793 me
562 738 780 792 inventa
807 743 891 790 est
929 733 1198 807 injustitia
1219 776 1235 801 ,
1268 749 1431 804 quam
1470 739 1804 807 patraverim
1836 740 2030 796 adver-

453 844 553 885 sus
588 825 744 882 Saul.
787 823 976 896 Neque
1024 824 1169 880 enim
1202 825 1344 881 inter
1375 828 1660 899 angustias
1688 829 1894 884 malum
1927 831 2029 885 ali-

446 917 590 988 quod
615 916 881 972 adversus
899 931 1048 981 eum,
1077 924 1139 971 ut
1174 916 1562 987 pusillaniinis,
1597 927 1690 973 aut
1721 920 2028 995 consultavi

457 1025 699 1080 unquam
730 1019 828 1065 aut
857 1009 1103 1066 decrevi.

516 1100 689 1159 Vens.
728 1102 784 1157 4.
821 1100 887 1156 Ut
930 1118 1034 1157 non
1086 1102 1336 1172 loquatur
1375 1119 1433 1158 os
1478 1119 1649 1158 meum
1678 1120 1837 1173 opera
1857 1107 2023 1161 homi-

445 1210 595 1248 num.
632 1192 733 1249 Hic
786 1194 1097 1250 versiculus
1148 1196 1545 1265 consequentia
1597 1210 1707 1251 non
1759 1207 1911 1252 caret
1957 1198 2025 1253 ad

446 1284 832 1356 praecedentia,
870 1294 931 1340 ut
964 1286 1137 1357 aliqui
1169 1286 1576 1353 existimarunt,
1600 1289 1849 1359 quinimo
1872 1304 2026 1345 com-

446 1376 764 1434 modissime
788 1378 872 1434 eis
901 1377 1236 1449 adjnngitur,
1259 1390 1314 1435 et
1341 1393 1562 1436 causam
1595 1381 1855 1449 continet,
1888 1397 2028 1453 qna-

447 1484 509 1526 re
536 1472 881 1527 examinatus
908 1469 1073 1527 fuerit
1104 1478 1160 1527 et
1187 1471 1419 1528 amictus
1441 1472 1632 1529 beatus
1672 1471 1861 1529 David.
1890 1474 2024 1542 Hac,

437 1562 644 1634 inquit,
678 1563 746 1619 de
790 1578 959 1620 causa
1028 1574 1085 1620 tu
1129 1579 1218 1619 me
1271 1564 1670 1622 tentationibus
1724 1566 2026 1622 examinati

446 1654 780 1724 permisisti,
812 1670 885 1711 ne
906 1654 952 1711 si
985 1656 1165 1724 major
1195 1654 1418 1711 fuissem
1459 1670 1626 1727 quam
1649 1658 1792 1726 quod
1825 1658 2024 1713 tentari

448 1753 552 1800 aut
580 1745 743 1816 atiligi
790 1761 1028 1818 possem,
1079 1747 1376 1807 cxtollerer
1410 1746 1667 1805 fortassis
1700 1765 1716 1803 :
1760 1762 1897 1804 neve
1935 1764 2030 1805 ae-

2126 646 2226 715 οὑχ
2262 645 2458 717 εὑρέθη
2516 649 2577 701 ἐν
2628 650 2754 719 ἐμοὶ
2797 650 2989 706 ἀδικία
3030 653 3174 706 κατὰ
3216 653 3421 718 Σαοὺλ,
3449 655 3573 709 οὐδὲ
3605 676 3695 727 μι·

2118 738 2481 809 «κροψυχήσας
2539 740 2644 794 ὑπο
2700 742 2799 812 τῆς
2863 743 3111 816 ἀνάγκης
3170 743 3592 821 ὲῧουλευσάμην
3646 767 3695 803 τι

2122 831 2386 904 πονηρόν.

2203 1116 2503 1182 “(intuear
2527 1117 2616 1187 μὴ
2648 1118 2900 1188 λαλήσῃ
2939 1119 3007 1174 τὸ
3042 1118 3239 1189 στόμα
3277 1136 3397 1190 μου
3443 1120 3520 1176 τὰ
3563 1123 3697 1193 ἔργα

2121 1206 2246 1264 ’τῶν
2275 1210 2623 1278 ἀνθρώπων.
2673 1212 2789 1264 οὐκ
2825 1211 2942 1265 ἐστι
2971 1211 3033 1265 τὸ
3075 1212 3256 1282 παρὸν
3299 1213 3463 1284 ῥητὸν
3507 1214 3701 1267 ἀνακό-

2127 1301 2337 1368 λουθον,
2396 1301 2471 1367 ῶς
2499 1317 2648 1365 τινες
2683 1302 2985 1374 ᾠήθησαν
3030 1302 3149 1357 ἀλλ’
3200 1304 3352 1357 αἰτία
3408 1304 3561 1357 δοκεί
3606 1306 3698 1373 τῆς

2128 1382 2462 1464 πυρώσεωςί
2485 1392 2571 1446 ate
2615 1393 2775 1446 τοῦτο
2814 1393 2924 1465 γὰρ
2956 1394 3362 1466 παρεχώρησας
3387 1397 3698 1466 πυρωοῆναῖ

2131 1500 2199 1554 με
2264 1485 2611 1556 πειρασμοῖς,
2668 1485 2754 1538 ἵνα
2815 1484 2889 1555 μὴ
2947 1485 3125 1556 μένων
3189 1485 3467 1558 ἀνώτερος
3522 1488 3699 1541 αὐτῶν

2128 1575 2542 1647 ὑπεραίρωμαι,
2579 1576 2676 1630 καὶ
2705 1576 2980 1630 διαδάλλω
3008 1577 3137 1641 τοὺς
3175 1578 3323 1647 ἀμφὶ
3366 1579 3462 1632 τὸν
3509 1579 3697 1643 Σαοὺλ,

2129 1666 2483 1737 θριαμὸεύων
2512 1665 2549 1721 ἃ
2572 1668 2901 1737 πράττουσιν
2924 1668 3107 1723 ἄδικα.
3136 1669 3208 1722 Ἥ
3240 1669 3337 1722 καὶ
3360 1669 3449 1722 ἵνα
3478 1669 3617 1740 πρὸς
3645 1670 3697 1722 σὲ

2130 1760 2415 1830 συντόμως
2460 1760 2923 1831 ἐπιστρεφόμενος
2964 1761 3047 1832 (ὲν
3077 1760 3258 1831 θλίψει
3291 1760 3401 1831 γὰρ
3428 1760 3702 1830 ἐμνήσθη-

438 1852 703 1895 cusarem
751 1838 904 1904 Sani,
940 1848 1035 1894 aut
1084 1839 1235 1895 illius
1274 1838 1576 1909 iniustitias
1611 1841 1848 1910 superbe
1879 1843 2024 1899 deri-

2134 1853 2232 1925 μέν
2263 1854 2405 1924 σου),
2442 1855 2512 1907 τὰ
2543 1853 2615 1907 σὰ
2656 1853 2797 1925 ἔργα
2851 1853 3022 1920 λαλῶ,
3046 1854 3170 1918 πῶς
3213 1855 3427 1907 ᾶπαντα
3465 1851 3605 1923 πρὸς
3646 1853 3703 1904 τὸ

443 1928 631 1985 derem
670 1937 837 2001 atque
864 1932 1274 2001 exprobrarem.
1306 1929 1401 1986 Vel
1433 1931 1591 1987 aliter
1619 1949 1634 1986 :
1672 1932 1753 1988 Tu
1795 1934 1914 1990 ideo
1941 1952 2024 1992 me

2137 1941 2417 2013 συμφέρον
2446 1924 2776 2014 οἰκονομεῖς.

445 2022 803 2089 cxaminasti,
843 2033 903 2078 ut
946 2038 1047 2093 ego
1090 2037 1398 2079 conversus
1429 2023 1505 2076 ad
1539 2031 1613 2089 te,
1643 2038 1752 2079 non
1783 2024 2024 2085 humana
2062 2044 2255 2102 opera,
2293 2033 2387 2089 sed
2423 2041 2517 2088 tua
2558 2046 3048 2090 commemorarem
3082 2034 3366 2098 beneficia.
3443 2042 3499 2089 et
3572 2049 3703 2104 quo-

433 2112 617 2183 .modo
658 2114 921 2169 Luomnia
960 2113 1014 2167 in
1047 2114 1243 2170 melius
1308 2128 1527 2185 semper
1561 2113 1781 2186 dirigis.
1823 2114 2080 2177 Solemus
2134 2124 2292 2179 enim
2339 2125 2394 2180 in
2442 2123 2834 2180 aliiictionibus
2902 2127 2981 2179 tui
3029 2140 3245 2195 semper
3275 2126 3459 2196 magis
3516 2131 3704 2183 memi-

441 2219 619 2261 niese.

512 2299 737 2377 Propter
775 2299 928 2354 verba
958 2299 1224 2353 [abierunt
1257 2308 1468 2355 tuorum
1495 2316 1590 2372 ego
1621 2304 1883 2360 αιτιοάὲυὲ
1916 2306 2026 2361 uias

442 2391 634 2447 duras.
675 2390 783 2446 Per
822 2390 988 2446 veria
1018 2391 1287 2446 labiorum
1323 2391 1442 2457 Dei,
1479 2394 1731 2450 mandata
1774 2397 1905 2468 legis
1938 2397 2027 2451 in-

436 2483 665 2554 telligit,
720 2498 840 2554 qure
897 2498 994 2554 per
1045 2482 1282 2554 Moysen:
1333 2484 1460 2563 data
1520 2496 1672 2543 sunt.
1729 2486 2023 2544 Labiorum

428 2574 630 2631 autem
656 2575 777 2642 Dei,
794 2576 1106 2648 improprie
1128 2576 1465 2648 dicit,quasi
1496 2593 1525 2632 a
1551 2578 1665 2672 Περ
1685 2582 1895 2650 prolata
1917 2582 2031 2636 sint

428 2684 509 2724 rea
563 2667 843 2725 mandata.
900 2668 1130 2738 Propter
1200 2669 1317 2724 bmc
1365 2671 1548 2742 itaque
1596 2667 1851 2727 mandata
1902 2688 2026 2742 ego,

453 2762 653 2832 inquit,
684 2761 957 2816 eustodivi
985 2800 1004 2828 ,
1037 2762 1142 2817 hoc
1174 2771 1279 2826 est,
1310 2778 1410 2833 ego
1440 2763 1716 2820 ambulavi
1763 2765 1880 2825 vias
1923 2767 2028 2821 du-

448 2868 538 2909 ras
576 2870 589 2907 :
624 2854 895 2909 virtutum
943 2855 1208 2911 nimirum
1243 2857 1365 2912 vias
1405 2872 1528 2927 qua
1574 2873 1785 2929 asperae
1812 2867 1941 2916 sunt
1977 2868 2032 2915 et

452 2946 737 3002 laboriosae
762 2986 779 3013 ,
826 2954 882 3003 et
917 2949 1065 3001 omni
1109 2943 1772 3018 corporis'delcctatione
1800 2966 2032 3023 prorsus

447 3047 728 3094 carentes.
764 3037 1057 3095 Custodire
1089 3040 1255 3095 etiam
1295 3040 1437 3110 apud
1471 3040 1812 3113 Scripturam
1837 3044 2031 3113 saepis-

453 3130 589 3182 sime
636 3128 875 3199 positum
918 3130 1246 3200 reperimus,
1281 3145 1379 3201 pro
1429 3134 1669 3203 operari,
1734 3141 1795 3190 ut
1843 3133 2024 3196 illud:

449 3216 723 3277 Custodivi
750 3221 1005 3277 mandata
1033 3232 1127 3277 tua
1154 3225 1221 3292 ”,
1248 3222 1350 3279 hoc
1375 3233 1460 3280 est
1487 3225 1804 3297 adimplevi.

2192 2308 2297 2363 Aui
2331 2307 2476 2374 τοὺς
2516 2308 2739 2378 λόγους
2799 2303 2919 2361 τῶν
2943 2306 3200 2376 χειλέων
3235 2322 3353 2362 σου
3394 2306 3510 2378 ἐγὼ
3564 2308 3704 2378 emi»

2121 2399 2284 2465 λαξα
2321 2398 2503 2465 ὀδοὺς
2550 2396 2847 2466 σκληράς.
2875 2398 3106 2466 ’Λόγους
3131 2396 3362 2467 ,χειλέων
3410 2399 3569 2451 καλεῖ
3606 2401 3701 2462 τὰς

2121 2490 2341 2553 ἐντολὰς
2367 2488 2463 2541 τοῦ
2491 2488 2579 2542 διὰ
2609 2487 2852 2549 Μωσέως
2876 2486 3122 2549 δοθέντος
3155 2485 3346 2557 νόμων
3376 2487 3605 2557 χειλέων
3644 2488 3700 2540 δὲ

2119 2580 2277 2646 Θεοῦ,
2313 2576 2796 2649 καταχρηστικῶς,
2823 2570 2911 2630 οἷα
2952 2576 3105 2648 παρὰ
3125 2575 3263 2629 Θεοῦ
3297 2577 3698 2647 ὑφηγηθείσας.

2120 2671 2219 2724 Διὰ
2247 2670 2446 2732 ταύτας
2471 2663 2587 2733 οὖν,
2619 2668 2809 2740 φησιν,
2841 2666 2951 2735 ἐγὼ
2975 2665 3239 2736 ἐφύλαξα,
3264 2670 3547 2721 τουτέστιν
3575 2668 3699 2723 ὲϐά·

2121 2765 2248 2819 δισα
2272 2763 2425 2826 ὀδοὺς
2456 2761 2726 2832 σκληρὰς,
2756 2760 2856 2824 τὰς
2901 2758 3009 2813 τῶν
3041 2760 3276 2830 ἀρετῶνο
3305 2760 3573 2833 τραχεῖαι’
3596 2761 3700 2830 γὰρ

2125 2848 2310 2920 αὗται,
2337 2853 2435 2909 καὶ
2460 2853 2733 2919 tuin-ovet,
2764 2852 2947 2922 πάσης
2979 2853 3301 2923 σωματικῆς
3334 2852 3533 2922 ἡδονῆς
3564 2854 3701 2907 ἀπεη

2123 2947 2477 3021 στερημέναι.
2530 2944 2828 3000 Φυλάττειν
2874 2943 2930 2998 δὲ
2980 2944 3133 3014 παρὰ
3184 2948 3249 3013 τῇ
3305 2943 3568 3016 συνηθείᾳ
3602 2944 3700 3014 τῆς

2124 3041 2376 3112 Γραφῆς,
2411 3037 2474 3092 τὸ
2509 3039 2777 3107 ἐνεργεῖν,
2820 3036 2898 3101 ῶς
2930 3036 3025 3090 ἐπὶ
3053 3038 3114 3088 τὸ
3144 3036 3418 3103 πλεῖστον,
3454 3036 3700 3106 λέγεται,

2122 3132 2199 3197 ὡς
2244 3131 2344 3185 τό·
2396 3129 2705 3199 Ἐφύλαξα
2754 3129 2863 3195 τὰς
2894 3126 3151 3193 ἐντολάς
3189 3144 3352 3191 σου,
3406 3127 3700 3189 τουτέστι,

2124 3226 2343 3297 πράξας
2371 3223 2508 3295 ὲπλή
2518 3239 2689 3294 ρωσα.

518 3314 690 3372 Vens.
724 3314 778 3372 ὅ.
808 3316 1021 3385 Perﬁce
1057 3332 1268 3388 gressus
1302 3333 1442 3372 meos
1474 3320 1533 3372 in
1567 3320 1769 3375 semitis
1800 3319 1926 3387 tuis,
1961 3329 2020 3374 ut

2193 3317 2556 3385 Κατάρτισαι
2586 3317 2660 3371 τὰ
2682 3314 3017 3384 διαδήματὰ
3043 3330 3165 3384 μου
3201 3313 3272 3367 ἐν
3300 3313 3432 3379 ταῖς
3478 3313 3702 3381 micare

449 3424 551 3463 non
581 3416 1011 3462 commoveantur
1045 3424 1260 3481 gressus
1301 3409 1425 3465 mei.
1461 3409 1553 3467 Bis
1588 3426 1877 3482 gressuum
1908 3427 2024 3467 mo-

450 3501 629 3565 tnittit,
661 3508 718 3556 et
746 3516 840 3570 per
864 3515 961 3556 eos
1026 3502 1197 3572 priori
1241 3501 1364 3557 loco
1392 3505 1592 3561 mentis
1621 3511 1801 3560 motus
1827 3503 2027 3560 intelli-

444 3593 544 3662 git,
600 3593 850 3649 secundo
895 3606 1026 3647 vero
1069 3600 1250 3648 motus
1291 3595 1557 3665 corporis.
1585 3594 1679 3651 Ait
1705 3595 1890 3664 igitur,
1916 3593 2019 3664 Tn,

448 3686 696 3752 Domine,
742 3684 1016 3756 perfectas
1078 3700 1142 3739 ac
1203 3694 1382 3742 rectas
1444 3687 1611 3743 facito
1662 3689 2021 3758 cogitationes

450 3792 631 3845 nicas,
661 3778 716 3832 in
746 3779 1021 3833 mandatis
1046 3777 1175 3845 tuis,
1201 3793 1323 3849 quas
1356 3780 1670 3851 gradientes
1690 3796 1791 3852 per
1822 3797 1884 3836 ea
1923 3783 2024 3838 bo~

450 3868 628 3932 mines
653 3869 837 3925 ferunt
864 3869 931 3926 ad
964 3877 1037 3925 te.
1066 3868 1201 3925 Nam
1238 3872 1284 3927 si
1320 3872 1401 3926 liae
1427 3872 1628 3927 mentis
1665 3872 2025 3943 cogitationes

450 3958 822 4027 perfectiores
867 3960 1189 4027 reddantur,
1220 3969 1435 4016 caetera:
1463 3961 1627 4016 etiam
1670 3962 2022 4031 operationes

445 4050 694 4122 corporis
736 4066 844 4106 non
892 4050 1232 4129 titubabunt,
1288 4053 1539 4123 quinimo
1573 4052 1802 4108 tutiores
1839 4061 2020 4109 erunt.

447 4141 547 4198 Vel
578 4144 777 4215 perfice
803 4160 1028 4216 gressus
1053 4160 1228 4210 meos,
1259 4147 1362 4201 hoc
1391 4152 1496 4211 est,
1549 4160 1740 4201 omnes
1770 4148 2016 4202 actiones

444 4251 618 4303 meas,
653 4236 782 4293 dum
823 4237 1045 4294 ambulo
1085 4252 1181 4309 per
1205 4237 1323 4293 vias
1357 4247 1506 4302 tuas,
1544 4251 1680 4308 quas
1714 4237 1766 4292 in
1795 4237 2017 4293 manda-

443 4329 514 4384 tis
537 4329 648 4386 tuis
674 4345 797 4386 esse
814 4330 1058 4387 statuisti
1112 4330 1181 4386 iis
1209 4330 1303 4401 qui
1329 4329 1593 4386 festinant
1621 4330 1806 4387 venire
1828 4332 1895 4385 ad
1920 4340 2011 4386 te:

446 4435 515 4478 ne
548 4419 596 4478 si
639 4414 783 4477 forte
809 4422 1228 4478 commemorati
1260 4437 1484 4493 gressus
1518 4425 1626 4480 mei
1651 4424 1855 4479 nullam
1894 4438 1925 4478 a
1967 4431 2021 4480 te

2121 3427 2260 3477 σου,
2291 3411 2392 3465 ἵνα
2424 3407 2512 3480 μὴ
2528 3407 2879 3463 quaenam
2909 3408 2981 3462 τὰ
3011 3405 3345 3476 διαϐήμιιτὰ
3369 3422 3508 3475 μου.
3554 3407 3702 3459 Ἀνω

2125 3502 2225 3572 μὲν
2254 3501 2503 3573 ὠνόμασε
2533 3499 2850 3571 διαδήματα
2871 3498 2938 3552 τὰ
2962 3497 3057 3551 τοῦ
3083 3497 3176 3551 νοῦ
3202 3498 3509 3567 κινήματιν
3550 3495 3703 3550 κάτω

2118 3595 2200 3658 δὲ,
2236 3594 2303 3647 τὰ
2324 3592 2414 3645 τοῦ
2444 3593 2715 3662 σώματος.
2780 3584 2906 3644 υἷον
2956 3590 3140 3643 τέλεια
3181 3590 3272 3643 καὶ
3303 3588 3443 3660 ὀρτὶὰ
3467 3588 3700 3658 ποίησον

2123 3688 2190 3742 τὰ
2228 3685 2480 3757 νοήματά
2513 3701 2615 3754 μου
2659 3685 2717 3737 ἑν
2745 3684 2856 3747 τοῖς
2888 3681 3277 3752 προστάγμασι
3316 3698 3435 3746 σου,
3466 3683 3583 3744 τοῖς
3610 3680 3709 3751 φέ-

2120 3795 2310 3850 ρουσιν
2341 3776 2421 3841 εἰς
2450 3776 2513 3829 σὲ
2539 3775 2668 3837 τοὺς
2695 3773 2765 3829 δι’
2794 3773 2978 3827 αὐτῶν
3009 3772 3316 3835 ὁδεύοντας*
3352 3771 3563 3825 τυύτων
3594 3774 3697 3842 γὰρ

2119 3868 2544 3933 τελειωθέντων,
2575 3866 2696 3922 οὐδὲ
2721 3866 2781 3924 αἱ
2799 3866 2887 3920 διὰ
2919 3865 3171 3937 σώματος
3198 3863 3431 3935 πράξεις
3457 3865 3712 3933 duos-‘3:-

2118 3965 2262 4018 λεῖεν
2281 3962 2366 4018 ἄν.
2387 3962 2459 4015 Ἢ
2475 3961 2802 4032 κατάρτισαι
2823 3957 2892 4013 τὰ
2912 3959 3071 4028 διαὸή
3080 3959 3226 4028 ματά
3249 3974 3373 4028 μου,
3397 3957 3705 4021 τουτέστιν,

2118 4057 2403 4129 ἐνέργειαν
2433 4072 2539 4126 μου
2570 4055 2751 4108 πᾶσαν
2780 4053 2839 4106 ἐν
2866 4050 2944 4122 τῷ
2965 4050 3177 4105 ὁδεύειν
3199 4050 3298 4112 τὰς
3324 4049 3553 4119 τρίϐους
3584 4065 3712 4112 σου,

2121 4149 2190 4214 ἃς
2217 4149 2310 4204 διὰ
2333 4147 2444 4203 τῶν
2476 4146 2706 4203 ἐντολῶν
2753 4146 2953 4215 ἔτεμες
3000 4145 3113 4206 τοῖς
3155 4141 3482 4196 σπεύδουσιν
3526 4141 3711 4194 ὲλϐεἶν

2124 4245 2217 4298 ἐπὶ
2257 4243 2340 4305 σὲ,
2375 4242 2460 4295 ἴνα
2500 4240 2578 4311 μὴ
2608 4237 3030 4308 παρακινηοῶσι
3059 4236 3153 4289 τοῦ
3198 4236 3595 4306 προσήκοντοο,
3629 4232 3712 4301 μὴ

2126 4335 2279 4405 παρὰ
2310 4332 2406 4387 σοῦ
2433 4333 2895 4404 καταρτιζόμενα·
2938 4331 3003 4382 σὺ
3033 4330 3142 4398 γὰρ
3172 4322 3225 4380 εἴ
3254 4329 3282 4381 ὀ
3308 4326 3576 4380 διδάσκων
3613 4325 3711 4378 ἄνα

2128 4425 2351 4497 Θρωπον
2381 4422 2607 4493 γνῶσιν.

444 4512 838 4586 perfectionem
874 4513 1213 4583 acceperint,
1247 4514 1466 4576 devient
1496 4513 1790 4587 aliquando
1814 4515 1884 4571 ab
1917 4516 2170 4586 honesto,
2203 4523 2258 4573 et
2289 4523 2592 4576 sequantur
2639 4530 2760 4587 qua:
2827 4510 3099 4568 deteriora
3173 4515 3322 4563 sunt.
3389 4504 3471 4560 Tu
3555 4506 3710 4559 enim

440 4620 502 4661 es
534 4605 628 4675 qui
655 4606 823 4665 doces
850 4607 1130 4664 hominem
1170 4609 1484 4666 scientiam.

514 4699 678 4757 Vens.
703 4701 756 4758 6.
774 4702 886 4772 Ego
912 4704 1137 4758 clamavi
1147 4705 1400 4773 quoniam
1429 4703 1697 4757 exaudiui
1727 4718 1830 4767 me.
1855 4701 2017 4759 Deus.
2052 4710 2095 4767 ι)

442 4792 562 4851 Non
619 4792 844 4861 frustra,
899 4797 1101 4867 inquit,
1159 4795 1331 4851 fundo
1365 4809 1556 4866 preces
1585 4796 1653 4849 ad
1678 4802 1754 4859 te,
1802 4810 1929 4851 nam
1959 4803 2017 4852 et

442 4885 577 4940 alias
609 4898 731 4940 cum
764 4886 831 4940 ad
864 4895 917 4940 te
945 4900 1161 4941 orarem
1191 4886 1485 4940 exauditus
1507 4898 1650 4939 sum.

510 4975 725 5032 Inclina
764 4994 948 5032 aurem
990 4988 1136 5032 tuam
1198 4978 1329 5032 mihi
1356 4987 1404 5032 et
1437 4977 1637 5031 exaudi
1684 4977 1836 5032 verba
1871 4993 2009 5033 mea.

2203 4700 2355 4772 Ἐγὼ
2402 4699 2715 4770 ἐκέκραξα,
2759 4698 2848 4752 ὅτι
2897 4693 3253 4763 ἐπήκουσὰς
3282 4708 3424 4761 μου,
3463 4691 3498 4742 ό
3533 4689 3708 4751 Θεός.

2122 4796 2198 4848 Οὐ
2238 4794 2417 4863 μάτην
2450 4791 2715 4864 ποιοῦμαι
2744 4790 2842 4861 τὴν
2869 4787 3241 4858 παράκλησιν,
3277 4783 3361 4836 ὅτι
3404 4779 3503 4833 καὶ
3528 4778 3713 4832 πάλαι

2120 4886 2604 4960 παρακαλέσαντός
2632 4902 2738 4954 μου
2771 4886 3042 4956 ἤκουσας.

2186 4980 2412 5037 Κλῒνον
2436 4978 2503 5034 τὸ
2529 4973 2642 5044 οὖς
2665 4994 2784 5032 σου
2814 4975 2966 5047 ἐμοὶ,
3016 4972 3117 5028 καὶ
3165 4970 3538 5026 εῑσάκουσον
3582 4963 3716 5019 τῶν

440 5070 604 5141 Atqui
632 5083 794 5127 aures
827 5072 878 5124 in
914 5070 1072 5125 nobis
1097 5069 1348 5147 inclinari
1405 5084 1515 5125 non
1577 5079 1856 5140 possunt:
1908 5069 2008 5125 sed

2131 5072 2394 5145 δημάτων
2420 5090 2562 5143 μου.
2605 5072 2714 5126 Καὶ
2751 5071 2858 5142 μὴν
2894 5067 3114 5122 ἇκλιτόν
3144 5066 3295 5118 ἐστιν
3329 5065 3387 5116 ὲν
3411 5060 3535 5132 ἐμοὶ
3584 5059 3711 5122 (57)

442 5179 566 5218 cum
624 5164 888 5219 inclinato
947 5166 1127 5230 capite
1171 5178 1300 5234 erga
1365 5162 1520 5217 illum
1554 5178 1717 5234 quem
1762 5162 2006 5218 audituri

2131 5160 2172 5215 εδ
2207 5161 2319 5225 οὓς·
2373 5161 2594 5215 ἀλλ’ὅτι
2642 5159 2971 5228 κλινομένης
3006 5155 3106 5226 τῆς
3153 5150 3407 5222 κεφαλῆς
3456 5148 3550 5201 ἐπὶ
3611 5147 3713 5200 τὸν

442 5267 655 5321 sumus,
691 5252 1224 5316 condesccndimus,
1275 5252 1536 5307 videntur
1564 5254 1727 5308 etiam
1764 5266 1927 5307 aures
1952 5251 2009 5307 in

2132 5254 2361 5322 .ἐγοντα,
2388 5253 2537 5308 δοκεῖ
2566 5250 2726 5307 τοῦτο
2753 5247 3058 5305 κλίνεσθαι.
3112 5244 3454 5316 Προεξρηται
3486 5240 3565 5303 δὲ,
3619 5241 3714 5294 ὅτι

441 5345 600 5402 nobis
639 5345 914 5401 inclinari.
937 5346 994 5398 in
1021 5343 1403 5413 superioribus
1427 5343 1536 5411 jam
1563 5343 1799 5399 diximus
1827 5358 2014 5412 quem-

446 5438 738 5494 admodum
771 5436 1043 5506 Pr0pheta
1079 5450 1456 5507 saepenumero
1478 5436 1546 5491 ab
1578 5435 1836 5490 humanis
1880 5449 2013 5507 ope-

449 5526 754 5584 rationibus
786 5525 1003 5581 divinas
1049 5527 1330 5597 exprimit,
1368 5526 1728 5582 imbecillitati
1761 5541 1826 5581 ac
1853 5540 2010 5581 cras-

591 5710 638 5742 "
667 5705 814 5761 Psal.
850 5719 1043 5769 cxvm,
1070 5703 1202 5759 166.

2112 5345 2220 5397 ἀπὸ
2251 5342 2357 5396 τῶν
2380 5343 2732 5413 ἀνθρωπίνων
2764 5337 3057 5410 ἐνεργειῶν
3088 5336 3158 5389 τὰ
3199 5334 3317 5386 θεῖα
3350 5329 3713 5404 χαρακτηρί-

2112 5432 2217 5498 (et,
2255 5430 2893 5501 συγκαταδατικὼτερον,
2927 5426 3018 5481 δ.ὰ
3046 5424 3145 5497 τὴν
3173 5424 3283 5478 τῶν
3319 5421 3716 5495 ἀκροωμένων

2112 5525 2418 5580 ἀσθένειαν.
2474 5526 2536 5577 Oi
2583 5538 2691 5594 γαρ
2732 5515 3050 5591 βουλόμενοί
3098 5532 3244 5581 τινος
3292 5512 3712 5586 ἀκριϐέστερον

1786 5791 1984 5853 Varim
2008 5791 2343 5853 lectiones.

515 5901 628 5973 (Ἦ)
667 5901 750 5955 ia'.
798 5901 957 5971 ἡμῖν,-
985 5911 1040 5957 ιιι
1072 5901 1267 5974 lrgissc
1302 5900 1516 5956 videtur
1559 5896 1783 5951 Latinus
1832 5897 2122 5963 interpres.
