  <div class='ocr_page' id='page_1' title='image "/cluster/home/n/w/nwhite01/storage/ocr_20150623/128/hvd.32044019208230/113.png"; bbox 0 0 3846 6574; ppageno 0'>
   <div class='ocr_carea' id='block_1_1' title="bbox 505 432 3767 510">
    <p class='ocr_par' dir='ltr' id='par_1_1' title="bbox 505 432 3767 510">
     <span class='ocr_line' id='line_1_1' title="bbox 505 432 3767 510; baseline -0.002 -7"><span class='ocrx_word' id='word_1_1' title='bbox 505 432 611 503; x_wconf 73' lang='lat'><strong>211</strong></span> <span class='ocrx_word' id='word_1_2' title='bbox 1729 439 2115 501; x_wconf 71' lang='lat' dir='ltr'><strong>summu</strong></span> <span class='ocrx_word' id='word_1_3' title='bbox 2156 442 2525 503; x_wconf 75' lang='lat' dir='ltr'><strong>ZIGABEXI</strong></span> <span class='ocrx_word' id='word_1_4' title='bbox 3671 447 3767 510; x_wconf 55' lang='grc' dir='ltr'><strong>ετξ</strong></span> 
     </span>
    </p>
   </div>
   <div class='ocr_carea' id='block_1_2' title="bbox 506 552 2064 637">
    <p class='ocr_par' dir='ltr' id='par_1_2' title="bbox 506 552 2064 627">
     <span class='ocr_line' id='line_1_2' title="bbox 506 552 2064 627; baseline -0.004 -13"><span class='ocrx_word' id='word_1_5' title='bbox 506 557 731 614; x_wconf 82' lang='lat' dir='ltr'><strong>Saulem</strong></span> <span class='ocrx_word' id='word_1_6' title='bbox 761 567 818 615; x_wconf 86' lang='lat' dir='ltr'><strong>et</strong></span> <span class='ocrx_word' id='word_1_7' title='bbox 841 557 1045 622; x_wconf 86' lang='lat' dir='ltr'><strong>socios,</strong></span> <span class='ocrx_word' id='word_1_8' title='bbox 1078 555 1277 626; x_wconf 88' lang='lat' dir='ltr'><strong>impios</strong></span> <span class='ocrx_word' id='word_1_9' title='bbox 1307 552 1430 627; x_wconf 81' lang='lat' dir='ltr'><strong>[seu</strong></span> <span class='ocrx_word' id='word_1_10' title='bbox 1459 553 1660 625; x_wconf 72' lang='lat' dir='ltr'><strong>potius,</strong></span> <span class='ocrx_word' id='word_1_11' title='bbox 1691 563 1750 608; x_wconf 90' lang='lat' dir='ltr'><strong>ut</strong></span> <span class='ocrx_word' id='word_1_12' title='bbox 1770 570 1916 623; x_wconf 61' lang='lat' dir='ltr'><strong>saepe</strong></span> <span class='ocrx_word' id='word_1_13' title='bbox 1943 556 2064 609; x_wconf 78' lang='lat' dir='ltr'><strong>alibi</strong></span> 
     </span>
    </p>
   </div>
   <div class='ocr_carea' id='block_1_3' title="bbox 2176 552 3763 637">
    <p class='ocr_par' dir='ltr' id='par_1_3' title="bbox 2179 558 3763 637">
     <span class='ocr_line' id='line_1_3' title="bbox 2179 558 3763 637; baseline 0.011 -29"><span class='ocrx_word' id='word_1_14' title='bbox 2179 559 2306 619; x_wconf 63' lang='lat' dir='ltr'><strong>tab;</strong></span> <span class='ocrx_word' id='word_1_15' title='bbox 2329 558 2563 623; x_wconf 72' lang='grc' dir='ltr'>ἀθώους,</span> <span class='ocrx_word' id='word_1_16' title='bbox 2590 559 2683 614; x_wconf 63' lang='grc' dir='ltr'><strong>καὶ</strong></span> <span class='ocrx_word' id='word_1_17' title='bbox 2710 559 2787 624; x_wconf 86' lang='grc' dir='ltr'>ὡς</span> <span class='ocrx_word' id='word_1_18' title='bbox 2821 560 2896 632; x_wconf 75' lang='grc' dir='ltr'>μὴ</span> <span class='ocrx_word' id='word_1_19' title='bbox 2932 560 3263 633; x_wconf 74' lang='grc' dir='ltr'>σεϐομένους</span> <span class='ocrx_word' id='word_1_20' title='bbox 3292 564 3394 637; x_wconf 72' lang='grc' dir='ltr'>τὴν</span> <span class='ocrx_word' id='word_1_21' title='bbox 3430 565 3763 637; x_wconf 55' lang='lat' dir='ltr'><strong>animum.</strong></span> 
     </span>
    </p>
   </div>
   <div class='ocr_carea' id='block_1_4' title="bbox 503 647 2064 723">
    <p class='ocr_par' dir='ltr' id='par_1_4' title="bbox 503 647 2064 720">
     <span class='ocr_line' id='line_1_4' title="bbox 503 647 2064 720; baseline -0.003 -13"><span class='ocrx_word' id='word_1_22' title='bbox 503 650 770 714; x_wconf 78' lang='lat' dir='ltr'><strong>diximus.</strong></span> <span class='ocrx_word' id='word_1_23' title='bbox 804 650 965 720; x_wconf 79' lang='lat' dir='ltr'><strong>juxta</strong></span> <span class='ocrx_word' id='word_1_24' title='bbox 1001 647 1208 705; x_wconf 57' lang='lat' dir='ltr'><strong>Graecas</strong></span> <span class='ocrx_word' id='word_1_25' title='bbox 1228 648 1495 704; x_wconf 72' lang='lat' dir='ltr'><strong>dictionis</strong></span> <span class='ocrx_word' id='word_1_26' title='bbox 1527 648 1767 719; x_wconf 83' lang='grc' dir='ltr'>ἀνόμους</span> <span class='ocrx_word' id='word_1_27' title='bbox 1797 653 2064 705; x_wconf 74' lang='lat' dir='ltr'><strong>veriorem</strong></span> 
     </span>
    </p>
   </div>
   <div class='ocr_carea' id='block_1_5' title="bbox 2176 647 3763 723">
    <p class='ocr_par' dir='ltr' id='par_1_5' title="bbox 2188 649 3763 723">
     <span class='ocr_line' id='line_1_5' title="bbox 2188 649 3763 723; baseline 0.008 -20"><span class='ocrx_word' id='word_1_28' title='bbox 2188 650 2273 703; x_wconf 54' lang='grc' dir='ltr'><strong>ἰᾶτ’</strong></span> <span class='ocrx_word' id='word_1_29' title='bbox 2309 650 2457 721; x_wconf 76' lang='grc' dir='ltr'>αὐτῷ</span> <span class='ocrx_word' id='word_1_30' title='bbox 2484 649 2580 705; x_wconf 75' lang='grc' dir='ltr'>τοῦ</span> <span class='ocrx_word' id='word_1_31' title='bbox 2623 651 2761 705; x_wconf 81' lang='grc' dir='ltr'>Θεοῦ</span> <span class='ocrx_word' id='word_1_32' title='bbox 2800 654 3141 723; x_wconf 74' lang='grc' dir='ltr'><strong>χειροτονίαν</strong></span> <span class='ocrx_word' id='word_1_33' title='bbox 3163 670 3182 689; x_wconf 74' lang='grc'><em>’</em></span> <span class='ocrx_word' id='word_1_34' title='bbox 3210 650 3262 710; x_wconf 80' lang='grc' dir='ltr'><strong>οῖ</strong></span> <span class='ocrx_word' id='word_1_35' title='bbox 3314 658 3409 712; x_wconf 82' lang='grc' dir='ltr'>καὶ</span> <span class='ocrx_word' id='word_1_36' title='bbox 3465 657 3763 716; x_wconf 78' lang='grc' dir='ltr'>ἐταλαιπώ-</span> 
     </span>
    </p>
   </div>
   <div class='ocr_carea' id='block_1_6' title="bbox 503 739 2064 820">
    <p class='ocr_par' dir='ltr' id='par_1_6' title="bbox 503 739 2064 816">
     <span class='ocr_line' id='line_1_6' title="bbox 503 739 2064 816; baseline -0.003 -17"><span class='ocrx_word' id='word_1_37' title='bbox 503 744 985 816; x_wconf 74' lang='lat' dir='ltr'><strong>significationem.</strong></span> <span class='ocrx_word' id='word_1_38' title='bbox 1019 739 1264 814; x_wconf 79' lang='lat' dir='ltr'><strong>exleges]</strong></span> <span class='ocrx_word' id='word_1_39' title='bbox 1306 740 1605 814; x_wconf 71' lang='lat' dir='ltr'><strong>appellavit</strong></span> <span class='ocrx_word' id='word_1_40' title='bbox 1633 758 1648 796; x_wconf 90' lang='lat'><strong>:</strong></span> <span class='ocrx_word' id='word_1_41' title='bbox 1678 755 1743 796; x_wconf 90' lang='lat' dir='ltr'><strong>eo</strong></span> <span class='ocrx_word' id='word_1_42' title='bbox 1772 741 1918 811; x_wconf 90' lang='lat' dir='ltr'><strong>quod</strong></span> <span class='ocrx_word' id='word_1_43' title='bbox 1947 756 2064 809; x_wconf 76' lang='lat' dir='ltr'><strong>gen-</strong></span> 
     </span>
    </p>
   </div>
   <div class='ocr_carea' id='block_1_7' title="bbox 2176 739 3762 820">
    <p class='ocr_par' dir='ltr' id='par_1_7' title="bbox 2191 743 3762 820">
     <span class='ocr_line' id='line_1_7' title="bbox 2191 743 3762 820; baseline 0.01 -25"><span class='ocrx_word' id='word_1_44' title='bbox 2191 757 2368 814; x_wconf 78' lang='grc' dir='ltr'>ρησαν</span> <span class='ocrx_word' id='word_1_45' title='bbox 2414 743 2597 808; x_wconf 79' lang='grc' dir='ltr'>αὐτὸν,</span> <span class='ocrx_word' id='word_1_46' title='bbox 2633 745 2764 817; x_wconf 82' lang='grc' dir='ltr'>περὶ</span> <span class='ocrx_word' id='word_1_47' title='bbox 2808 748 2909 819; x_wconf 82' lang='grc' dir='ltr'>τὴν</span> <span class='ocrx_word' id='word_1_48' title='bbox 2951 746 3134 820; x_wconf 77' lang='grc' dir='ltr'>φυγὴν</span> <span class='ocrx_word' id='word_1_49' title='bbox 3164 752 3350 806; x_wconf 79' lang='grc' dir='ltr'>πᾶσαν</span> <span class='ocrx_word' id='word_1_50' title='bbox 3388 755 3762 811; x_wconf 76' lang='grc' dir='ltr'><strong>κακοπάθειαν</strong></span> 
     </span>
    </p>
   </div>
   <div class='ocr_carea' id='block_1_8' title="bbox 506 832 2064 907">
    <p class='ocr_par' dir='ltr' id='par_1_8' title="bbox 506 832 2064 907">
     <span class='ocr_line' id='line_1_8' title="bbox 506 832 2064 907; baseline -0.001 -18"><span class='ocrx_word' id='word_1_51' title='bbox 506 839 645 891; x_wconf 88' lang='lat' dir='ltr'><strong>tium</strong></span> <span class='ocrx_word' id='word_1_52' title='bbox 683 850 858 901; x_wconf 87' lang='lat' dir='ltr'><strong>more,</strong></span> <span class='ocrx_word' id='word_1_53' title='bbox 895 835 1117 907; x_wconf 74' lang='lat' dir='ltr'><strong>exleges</strong></span> <span class='ocrx_word' id='word_1_54' title='bbox 1147 834 1396 890; x_wconf 73' lang='lat' dir='ltr'><strong>viverent</strong></span> <span class='ocrx_word' id='word_1_55' title='bbox 1446 834 1501 889; x_wconf 91' lang='lat' dir='ltr'><strong>in</strong></span> <span class='ocrx_word' id='word_1_56' title='bbox 1556 832 1819 906; x_wconf 86' lang='lat' dir='ltr'><strong>peccatis,</strong></span> <span class='ocrx_word' id='word_1_57' title='bbox 1864 844 1916 888; x_wconf 89' lang='lat' dir='ltr'><strong>et</strong></span> <span class='ocrx_word' id='word_1_58' title='bbox 1953 833 2064 904; x_wconf 79' lang='lat' dir='ltr'><strong>qui:</strong></span> 
     </span>
    </p>
   </div>
   <div class='ocr_carea' id='block_1_9' title="bbox 2176 832 2579 907">
    <p class='ocr_par' dir='ltr' id='par_1_9' title="bbox 2188 836 2579 907">
     <span class='ocr_line' id='line_1_9' title="bbox 2188 836 2579 907; baseline 0.013 -18"><span class='ocrx_word' id='word_1_59' title='bbox 2188 836 2579 907; x_wconf 79' lang='grc' dir='ltr'>ὑφιστάμενον.</span> 
     </span>
    </p>
   </div>
   <div class='ocr_carea' id='block_1_10' title="bbox 501 928 3759 1013">
    <p class='ocr_par' dir='ltr' id='par_1_10' title="bbox 501 928 3759 1013">
     <span class='ocr_line' id='line_1_10' title="bbox 501 928 3759 1013; baseline 0.004 -26"><span class='ocrx_word' id='word_1_60' title='bbox 501 933 856 989; x_wconf 75' lang='lat' dir='ltr'><strong>innocentem</strong></span> <span class='ocrx_word' id='word_1_61' title='bbox 912 931 1169 987; x_wconf 89' lang='lat' dir='ltr'><strong>occidere</strong></span> <span class='ocrx_word' id='word_1_62' title='bbox 1213 930 1554 997; x_wconf 81' lang='lat' dir='ltr'><strong>studebant;</strong></span> <span class='ocrx_word' id='word_1_63' title='bbox 1592 943 1696 983; x_wconf 90' lang='lat' dir='ltr'><strong>nec</strong></span> <span class='ocrx_word' id='word_1_64' title='bbox 1745 928 2070 984; x_wconf 81' lang='lat' dir='ltr'><strong>electionem</strong></span> <span class='ocrx_word' id='word_1_65' title='bbox 2114 929 2262 985; x_wconf 84' lang='lat' dir='ltr'><strong>illam</strong></span> <span class='ocrx_word' id='word_1_66' title='bbox 2328 934 2683 1002; x_wconf 83' lang='lat' dir='ltr'><strong>verebantur,</strong></span> <span class='ocrx_word' id='word_1_67' title='bbox 2710 950 2874 1009; x_wconf 83' lang='lat' dir='ltr'><strong>quam</strong></span> <span class='ocrx_word' id='word_1_68' title='bbox 2901 940 2983 998; x_wconf 90' lang='lat' dir='ltr'><strong>eis</strong></span> <span class='ocrx_word' id='word_1_69' title='bbox 3028 943 3171 998; x_wconf 83' lang='lat' dir='ltr'><strong>Deus</strong></span> <span class='ocrx_word' id='word_1_70' title='bbox 3236 942 3650 1013; x_wconf 74' lang='lat' dir='ltr'><strong>signiﬁcaverat</strong></span> <span class='ocrx_word' id='word_1_71' title='bbox 3710 962 3759 1004; x_wconf 82' lang='lat' dir='ltr'><strong>se</strong></span> 
     </span>
    </p>
   </div>
   <div class='ocr_carea' id='block_1_11' title="bbox 502 1020 3757 1108">
    <p class='ocr_par' dir='ltr' id='par_1_11' title="bbox 502 1020 3757 1108">
     <span class='ocr_line' id='line_1_11' title="bbox 502 1020 3757 1108; baseline 0.003 -29"><span class='ocrx_word' id='word_1_72' title='bbox 502 1023 703 1080; x_wconf 71' lang='lat' dir='ltr'><strong>fecisse</strong></span> <span class='ocrx_word' id='word_1_73' title='bbox 732 1024 799 1079; x_wconf 91' lang='lat' dir='ltr'><strong>de</strong></span> <span class='ocrx_word' id='word_1_74' title='bbox 828 1021 1019 1089; x_wconf 84' lang='lat' dir='ltr'><strong>David,</strong></span> <span class='ocrx_word' id='word_1_75' title='bbox 1050 1022 1181 1078; x_wconf 91' lang='lat' dir='ltr'><strong>dum</strong></span> <span class='ocrx_word' id='word_1_76' title='bbox 1210 1022 1498 1078; x_wconf 88' lang='lat' dir='ltr'><strong>immodice</strong></span> <span class='ocrx_word' id='word_1_77' title='bbox 1525 1036 1651 1077; x_wconf 89' lang='lat' dir='ltr'><strong>cum</strong></span> <span class='ocrx_word' id='word_1_78' title='bbox 1710 1020 2034 1091; x_wconf 65' lang='lat' dir='ltr'><strong>amiserant,</strong></span> <span class='ocrx_word' id='word_1_79' title='bbox 2095 1029 2150 1078; x_wconf 91' lang='lat' dir='ltr'><strong>et</strong></span> <span class='ocrx_word' id='word_1_80' title='bbox 2189 1023 2242 1079; x_wconf 90' lang='lat' dir='ltr'><strong>in</strong></span> <span class='ocrx_word' id='word_1_81' title='bbox 2278 1039 2441 1082; x_wconf 87' lang='lat' dir='ltr'><strong>causa</strong></span> <span class='ocrx_word' id='word_1_82' title='bbox 2471 1038 2654 1085; x_wconf 82' lang='lat' dir='ltr'><strong>essent</strong></span> <span class='ocrx_word' id='word_1_83' title='bbox 2681 1040 2739 1086; x_wconf 92' lang='lat' dir='ltr'><strong>ut</strong></span> <span class='ocrx_word' id='word_1_84' title='bbox 2767 1034 2924 1089; x_wconf 77' lang='lat' dir='ltr'><strong>exsul</strong></span> <span class='ocrx_word' id='word_1_85' title='bbox 2952 1048 3018 1091; x_wconf 85' lang='lat' dir='ltr'><strong>ac</strong></span> <span class='ocrx_word' id='word_1_86' title='bbox 3044 1036 3321 1108; x_wconf 76' lang='lat' dir='ltr'><strong>profugus</strong></span> <span class='ocrx_word' id='word_1_87' title='bbox 3350 1044 3518 1092; x_wconf 87' lang='lat' dir='ltr'><strong>omne</strong></span> <span class='ocrx_word' id='word_1_88' title='bbox 3544 1038 3757 1094; x_wconf 78' lang='lat' dir='ltr'><strong>calami.</strong></span> 
     </span>
    </p>
   </div>
   <div class='ocr_carea' id='block_1_12' title="bbox 502 1118 1234 1188">
    <p class='ocr_par' dir='ltr' id='par_1_12' title="bbox 502 1118 1234 1188">
     <span class='ocr_line' id='line_1_12' title="bbox 502 1118 1234 1188; baseline 0.004 -18"><span class='ocrx_word' id='word_1_89' title='bbox 502 1124 677 1171; x_wconf 86' lang='lat' dir='ltr'><strong>tatum</strong></span> <span class='ocrx_word' id='word_1_90' title='bbox 711 1133 888 1188; x_wconf 73' lang='lat' dir='ltr'><strong>genus</strong></span> <span class='ocrx_word' id='word_1_91' title='bbox 912 1118 1234 1176; x_wconf 81' lang='lat' dir='ltr'><strong>sustineret.</strong></span> 
     </span>
    </p>
   </div>
   <div class='ocr_carea' id='block_1_13' title="bbox 572 1207 2064 1294">
    <p class='ocr_par' dir='ltr' id='par_1_13' title="bbox 572 1207 2064 1267">
     <span class='ocr_line' id='line_1_13' title="bbox 572 1207 2064 1267; baseline 0.002 -4"><span class='ocrx_word' id='word_1_92' title='bbox 572 1207 739 1266; x_wconf 69' lang='lat' dir='ltr'><strong>Vens.</strong></span> <span class='ocrx_word' id='word_1_93' title='bbox 776 1210 870 1267; x_wconf 80' lang='grc'>10.</span> <span class='ocrx_word' id='word_1_94' title='bbox 914 1208 1131 1266; x_wconf 79' lang='lat' dir='ltr'><strong>Inimici</strong></span> <span class='ocrx_word' id='word_1_95' title='bbox 1168 1210 1271 1266; x_wconf 80' lang='lat' dir='ltr'><strong>mei</strong></span> <span class='ocrx_word' id='word_1_96' title='bbox 1297 1212 1536 1266; x_wconf 78' lang='lat' dir='ltr'><strong>animam</strong></span> <span class='ocrx_word' id='word_1_97' title='bbox 1576 1224 1745 1266; x_wconf 86' lang='lat' dir='ltr'><strong>meam</strong></span> <span class='ocrx_word' id='word_1_98' title='bbox 1779 1211 2064 1266; x_wconf 79' lang='lat' dir='ltr'><strong>circumde-</strong></span> 
     </span>
    </p>
   </div>
   <div class='ocr_carea' id='block_1_14' title="bbox 2176 1207 3755 1294">
    <p class='ocr_par' dir='ltr' id='par_1_14' title="bbox 2252 1212 3755 1294">
     <span class='ocr_line' id='line_1_14' title="bbox 2252 1212 3755 1294; baseline 0.009 -26"><span class='ocrx_word' id='word_1_99' title='bbox 2252 1212 2320 1268; x_wconf 85' lang='lat' dir='ltr'><strong>Ol</strong></span> <span class='ocrx_word' id='word_1_100' title='bbox 2372 1216 2578 1286; x_wconf 76' lang='grc' dir='ltr'>ἐχθροί</span> <span class='ocrx_word' id='word_1_101' title='bbox 2626 1236 2747 1289; x_wconf 83' lang='grc' dir='ltr'>μου</span> <span class='ocrx_word' id='word_1_102' title='bbox 2806 1218 2922 1289; x_wconf 74' lang='grc' dir='ltr'><strong>τὴν</strong></span> <span class='ocrx_word' id='word_1_103' title='bbox 2979 1220 3195 1292; x_wconf 70' lang='grc' dir='ltr'><strong>ψυχήν</strong></span> <span class='ocrx_word' id='word_1_104' title='bbox 3238 1241 3361 1294; x_wconf 83' lang='grc' dir='ltr'>μου</span> <span class='ocrx_word' id='word_1_105' title='bbox 3413 1226 3755 1293; x_wconf 76' lang='grc' dir='ltr'><strong>περιέσχον.</strong></span> 
     </span>
    </p>
   </div>
   <div class='ocr_carea' id='block_1_15' title="bbox 497 1301 2064 1389">
    <p class='ocr_par' dir='ltr' id='par_1_15' title="bbox 497 1301 2064 1381">
     <span class='ocr_line' id='line_1_15' title="bbox 497 1301 2064 1381; baseline 0.002 -25"><span class='ocrx_word' id='word_1_106' title='bbox 497 1301 712 1360; x_wconf 73' lang='lat' dir='ltr'><strong>derunt.</strong></span> <span class='ocrx_word' id='word_1_107' title='bbox 744 1303 851 1361; x_wconf 86' lang='lat' dir='ltr'><strong>Per</strong></span> <span class='ocrx_word' id='word_1_108' title='bbox 878 1306 1117 1360; x_wconf 85' lang='lat' dir='ltr'><strong>animam</strong></span> <span class='ocrx_word' id='word_1_109' title='bbox 1141 1318 1297 1362; x_wconf 84' lang='lat' dir='ltr'><strong>suam</strong></span> <span class='ocrx_word' id='word_1_110' title='bbox 1320 1305 1564 1376; x_wconf 82' lang='lat' dir='ltr'><strong>seipsum</strong></span> <span class='ocrx_word' id='word_1_111' title='bbox 1600 1304 1878 1381; x_wconf 70' lang='lat' dir='ltr'><strong>intelligit,</strong></span> <span class='ocrx_word' id='word_1_112' title='bbox 1902 1312 2064 1360; x_wconf 77' lang='lat' dir='ltr'><strong>totum</strong></span> 
     </span>
    </p>
   </div>
   <div class='ocr_carea' id='block_1_16' title="bbox 2176 1301 3757 1389">
    <p class='ocr_par' dir='ltr' id='par_1_16' title="bbox 2190 1307 3757 1389">
     <span class='ocr_line' id='line_1_16' title="bbox 2190 1307 3757 1389; baseline 0.007 -29"><span class='ocrx_word' id='word_1_113' title='bbox 2190 1307 2323 1361; x_wconf 73' lang='grc' dir='ltr'><strong>Ἀπὸ</strong></span> <span class='ocrx_word' id='word_1_114' title='bbox 2346 1309 2448 1380; x_wconf 85' lang='grc' dir='ltr'>τῆς</span> <span class='ocrx_word' id='word_1_115' title='bbox 2478 1310 2660 1381; x_wconf 83' lang='grc' dir='ltr'>ψυχῆς</span> <span class='ocrx_word' id='word_1_116' title='bbox 2691 1314 2890 1367; x_wconf 65' lang='grc' dir='ltr'>ἑαυτὸν</span> <span class='ocrx_word' id='word_1_117' title='bbox 2929 1315 3213 1387; x_wconf 73' lang='grc' dir='ltr'><strong>ἐνέφηνεν,</strong></span> <span class='ocrx_word' id='word_1_118' title='bbox 3268 1316 3346 1381; x_wconf 85' lang='grc' dir='ltr'><strong>ὡς</strong></span> <span class='ocrx_word' id='word_1_119' title='bbox 3399 1317 3512 1371; x_wconf 76' lang='grc' dir='ltr'>άπὸ</span> <span class='ocrx_word' id='word_1_120' title='bbox 3566 1319 3757 1389; x_wconf 78' lang='grc' dir='ltr'><strong>μέρους</strong></span> 
     </span>
    </p>
   </div>
   <div class='ocr_carea' id='block_1_17' title="bbox 497 1396 2064 1482">
    <p class='ocr_par' dir='ltr' id='par_1_17' title="bbox 497 1396 2064 1468">
     <span class='ocr_line' id='line_1_17' title="bbox 497 1396 2064 1468; baseline 0 -15"><span class='ocrx_word' id='word_1_121' title='bbox 497 1396 816 1468; x_wconf 75' lang='lat' dir='ltr'><strong>exprimens</strong></span> <span class='ocrx_word' id='word_1_122' title='bbox 843 1414 872 1453; x_wconf 91' lang='lat' dir='ltr'><strong>a</strong></span> <span class='ocrx_word' id='word_1_123' title='bbox 911 1405 1085 1468; x_wconf 84' lang='lat' dir='ltr'><strong>parte.</strong></span> <span class='ocrx_word' id='word_1_124' title='bbox 1111 1397 1827 1467; x_wconf 83' lang='lat' dir='ltr'><strong>Circnmdederuntautem,</strong></span> <span class='ocrx_word' id='word_1_125' title='bbox 1861 1397 2064 1454; x_wconf 71' lang='lat' dir='ltr'><strong>insidii:</strong></span> 
     </span>
    </p>
   </div>
   <div class='ocr_carea' id='block_1_18' title="bbox 2176 1396 3755 1482">
    <p class='ocr_par' dir='ltr' id='par_1_18' title="bbox 2178 1401 3755 1482">
     <span class='ocr_line' id='line_1_18' title="bbox 2178 1401 3755 1482; baseline 0.008 -27"><span class='ocrx_word' id='word_1_126' title='bbox 2178 1401 2241 1455; x_wconf 79' lang='grc' dir='ltr'>τὸ</span> <span class='ocrx_word' id='word_1_127' title='bbox 2273 1402 2408 1458; x_wconf 72' lang='grc' dir='ltr'>πᾶν.</span> <span class='ocrx_word' id='word_1_128' title='bbox 2478 1403 2815 1475; x_wconf 75' lang='grc' dir='ltr'>Περιέσχον</span> <span class='ocrx_word' id='word_1_129' title='bbox 2848 1407 2928 1473; x_wconf 81' lang='grc' dir='ltr'>δὲ,</span> <span class='ocrx_word' id='word_1_130' title='bbox 2969 1408 3093 1463; x_wconf 80' lang='grc' dir='ltr'>ἀντὶ</span> <span class='ocrx_word' id='word_1_131' title='bbox 3139 1407 3261 1475; x_wconf 81' lang='grc' dir='ltr'>τοῦ,</span> <span class='ocrx_word' id='word_1_132' title='bbox 3310 1411 3755 1482; x_wconf 78' lang='grc' dir='ltr'>περιεκύκλωσαν</span> 
     </span>
    </p>
   </div>
   <div class='ocr_carea' id='block_1_19' title="bbox 501 1490 2064 1571">
    <p class='ocr_par' dir='ltr' id='par_1_19' title="bbox 501 1490 1356 1563">
     <span class='ocr_line' id='line_1_19' title="bbox 501 1490 1356 1563; baseline 0.002 -18"><span class='ocrx_word' id='word_1_133' title='bbox 501 1490 765 1546; x_wconf 88' lang='lat' dir='ltr'><strong>nimirum</strong></span> <span class='ocrx_word' id='word_1_134' title='bbox 800 1492 1043 1561; x_wconf 79' lang='lat' dir='ltr'><strong>undique</strong></span> <span class='ocrx_word' id='word_1_135' title='bbox 1067 1490 1356 1563; x_wconf 81' lang='lat' dir='ltr'><strong>depositis.</strong></span> 
     </span>
    </p>
   </div>
   <div class='ocr_carea' id='block_1_20' title="bbox 2176 1490 3261 1571">
    <p class='ocr_par' dir='ltr' id='par_1_20' title="bbox 2179 1495 3261 1571">
     <span class='ocr_line' id='line_1_20' title="bbox 2179 1495 3261 1571; baseline 0.01 -22"><span class='ocrx_word' id='word_1_136' title='bbox 2179 1495 2451 1551; x_wconf 77' lang='grc' dir='ltr'><strong>πάντοθεν</strong></span> <span class='ocrx_word' id='word_1_137' title='bbox 2487 1497 2812 1565; x_wconf 75' lang='grc' dir='ltr'><strong>καθίζοντες</strong></span> <span class='ocrx_word' id='word_1_138' title='bbox 2840 1500 3057 1571; x_wconf 83' lang='grc' dir='ltr'>λόχους.</span> <span class='ocrx_word' id='word_1_139' title='bbox 3148 1510 3159 1515; x_wconf 83' lang='grc'><em>”</em></span> <span class='ocrx_word' id='word_1_140' title='bbox 3233 1537 3261 1560; x_wconf 72' lang='grc' dir='ltr'>ι.</span> 
     </span>
    </p>
   </div>
   <div class='ocr_carea' id='block_1_21' title="bbox 569 1586 2064 1665">
    <p class='ocr_par' dir='ltr' id='par_1_21' title="bbox 569 1586 2064 1659">
     <span class='ocr_line' id='line_1_21' title="bbox 569 1586 2064 1659; baseline -0.002 -15"><span class='ocrx_word' id='word_1_141' title='bbox 569 1590 794 1659; x_wconf 80' lang='lat' dir='ltr'><strong>Adipem</strong></span> <span class='ocrx_word' id='word_1_142' title='bbox 832 1606 988 1646; x_wconf 78' lang='lat' dir='ltr'><strong>suum</strong></span> <span class='ocrx_word' id='word_1_143' title='bbox 1019 1589 1407 1645; x_wconf 71' lang='lat' dir='ltr'><strong>conduxerunt.</strong></span> <span class='ocrx_word' id='word_1_144' title='bbox 1445 1586 1547 1644; x_wconf 88' lang='lat' dir='ltr'><strong>Per</strong></span> <span class='ocrx_word' id='word_1_145' title='bbox 1581 1587 1797 1657; x_wconf 85' lang='lat' dir='ltr'><strong>adipem</strong></span> <span class='ocrx_word' id='word_1_146' title='bbox 1865 1601 1963 1642; x_wconf 91' lang='lat' dir='ltr'><strong>cor</strong></span> <span class='ocrx_word' id='word_1_147' title='bbox 1994 1587 2064 1643; x_wconf 88' lang='lat' dir='ltr'><strong>in-</strong></span> 
     </span>
    </p>
   </div>
   <div class='ocr_carea' id='block_1_22' title="bbox 2176 1586 3753 1665">
    <p class='ocr_par' dir='ltr' id='par_1_22' title="bbox 2252 1587 3753 1665">
     <span class='ocr_line' id='line_1_22' title="bbox 2252 1587 3753 1665; baseline 0.006 -22"><span class='ocrx_word' id='word_1_148' title='bbox 2252 1587 2327 1643; x_wconf 85' lang='grc' dir='ltr'><em>Τὸ</em></span> <span class='ocrx_word' id='word_1_149' title='bbox 2360 1589 2545 1658; x_wconf 81' lang='grc' dir='ltr'><strong>στέαρ</strong></span> <span class='ocrx_word' id='word_1_150' title='bbox 2572 1590 2774 1646; x_wconf 75' lang='grc' dir='ltr'>αὐτῶν</span> <span class='ocrx_word' id='word_1_151' title='bbox 2803 1595 3236 1652; x_wconf 72' lang='grc' dir='ltr'>συνέκλεισαν.</span> <span class='ocrx_word' id='word_1_152' title='bbox 3268 1597 3367 1651; x_wconf 84' lang='grc' dir='ltr'>Διά</span> <span class='ocrx_word' id='word_1_153' title='bbox 3393 1597 3489 1651; x_wconf 83' lang='grc' dir='ltr'><strong>τοῦ</strong></span> <span class='ocrx_word' id='word_1_154' title='bbox 3542 1600 3753 1665; x_wconf 76' lang='grc' dir='ltr'><strong>στέατος</strong></span> 
     </span>
    </p>
   </div>
   <div class='ocr_carea' id='block_1_23' title="bbox 502 1681 2064 1762">
    <p class='ocr_par' dir='ltr' id='par_1_23' title="bbox 502 1681 2064 1756">
     <span class='ocr_line' id='line_1_23' title="bbox 502 1681 2064 1756; baseline -0.003 -19"><span class='ocrx_word' id='word_1_155' title='bbox 502 1682 699 1755; x_wconf 78' lang='lat' dir='ltr'><strong>telligit</strong></span> <span class='ocrx_word' id='word_1_156' title='bbox 728 1692 783 1739; x_wconf 88' lang='lat' dir='ltr'><strong>ct</strong></span> <span class='ocrx_word' id='word_1_157' title='bbox 813 1684 1025 1741; x_wconf 86' lang='lat' dir='ltr'><strong>viscera</strong></span> <span class='ocrx_word' id='word_1_158' title='bbox 1056 1701 1071 1739; x_wconf 89' lang='lat'><strong>:</strong></span> <span class='ocrx_word' id='word_1_159' title='bbox 1101 1683 1364 1756; x_wconf 88' lang='lat' dir='ltr'><strong>quoniam</strong></span> <span class='ocrx_word' id='word_1_160' title='bbox 1393 1682 1605 1738; x_wconf 85' lang='lat' dir='ltr'><strong>circum</strong></span> <span class='ocrx_word' id='word_1_161' title='bbox 1640 1681 1755 1737; x_wconf 65' lang='lat' dir='ltr'><strong>haec</strong></span> <span class='ocrx_word' id='word_1_162' title='bbox 1786 1681 1959 1735; x_wconf 84' lang='lat' dir='ltr'><strong>multa</strong></span> <span class='ocrx_word' id='word_1_163' title='bbox 1987 1695 2064 1736; x_wconf 44' lang='lat' dir='ltr'><strong>so.</strong></span> 
     </span>
    </p>
   </div>
   <div class='ocr_carea' id='block_1_24' title="bbox 2176 1681 3749 1762">
    <p class='ocr_par' dir='ltr' id='par_1_24' title="bbox 2176 1681 3749 1762">
     <span class='ocr_line' id='line_1_24' title="bbox 2176 1681 3749 1762; baseline 0.005 -26"><span class='ocrx_word' id='word_1_164' title='bbox 2176 1681 2275 1751; x_wconf 77' lang='grc' dir='ltr'>τὴν</span> <span class='ocrx_word' id='word_1_165' title='bbox 2300 1683 2530 1757; x_wconf 80' lang='grc' dir='ltr'><strong>καρδίαν</strong></span> <span class='ocrx_word' id='word_1_166' title='bbox 2559 1687 2655 1740; x_wconf 75' lang='grc' dir='ltr'>καὶ</span> <span class='ocrx_word' id='word_1_167' title='bbox 2676 1686 2746 1740; x_wconf 73' lang='grc' dir='ltr'>τὰ</span> <span class='ocrx_word' id='word_1_168' title='bbox 2774 1688 3062 1760; x_wconf 82' lang='grc' dir='ltr'>σπλάγχνα</span> <span class='ocrx_word' id='word_1_169' title='bbox 3084 1690 3258 1761; x_wconf 79' lang='grc' dir='ltr'>δηλοῖ’</span> <span class='ocrx_word' id='word_1_170' title='bbox 3294 1692 3425 1761; x_wconf 79' lang='grc' dir='ltr'>περὶ</span> <span class='ocrx_word' id='word_1_171' title='bbox 3454 1690 3634 1746; x_wconf 73' lang='grc' dir='ltr'>ταῦτα</span> <span class='ocrx_word' id='word_1_172' title='bbox 3655 1693 3749 1762; x_wconf 77' lang='grc' dir='ltr'><strong>γὰρ</strong></span> 
     </span>
    </p>
   </div>
   <div class='ocr_carea' id='block_1_25' title="bbox 504 1774 2064 1853">
    <p class='ocr_par' dir='ltr' id='par_1_25' title="bbox 504 1774 2064 1850">
     <span class='ocr_line' id='line_1_25' title="bbox 504 1774 2064 1850; baseline 0.001 -20"><span class='ocrx_word' id='word_1_173' title='bbox 504 1777 577 1832; x_wconf 91' lang='lat' dir='ltr'><strong>let</strong></span> <span class='ocrx_word' id='word_1_174' title='bbox 607 1777 791 1833; x_wconf 86' lang='lat' dir='ltr'><strong>inesse</strong></span> <span class='ocrx_word' id='word_1_175' title='bbox 823 1776 1119 1848; x_wconf 78' lang='lat' dir='ltr'><strong>pinguedo.</strong></span> <span class='ocrx_word' id='word_1_176' title='bbox 1152 1777 1243 1832; x_wconf 83' lang='lat' dir='ltr'><strong>Ait</strong></span> <span class='ocrx_word' id='word_1_177' title='bbox 1265 1776 1455 1850; x_wconf 75' lang='lat' dir='ltr'><strong>igitur,</strong></span> <span class='ocrx_word' id='word_1_178' title='bbox 1481 1790 1701 1831; x_wconf 89' lang='lat' dir='ltr'><strong>omnem</strong></span> <span class='ocrx_word' id='word_1_179' title='bbox 1730 1790 1826 1831; x_wconf 86' lang='lat' dir='ltr'><strong>eos</strong></span> <span class='ocrx_word' id='word_1_180' title='bbox 1855 1790 1883 1829; x_wconf 85' lang='lat' dir='ltr'><strong>a</strong></span> <span class='ocrx_word' id='word_1_181' title='bbox 1912 1774 2064 1831; x_wconf 68' lang='lat' dir='ltr'><strong>cordi</strong></span> 
     </span>
    </p>
   </div>
   <div class='ocr_carea' id='block_1_26' title="bbox 2176 1774 3751 1853">
    <p class='ocr_par' dir='ltr' id='par_1_26' title="bbox 2177 1775 3751 1853">
     <span class='ocr_line' id='line_1_26' title="bbox 2177 1775 3751 1853; baseline 0.006 -23"><span class='ocrx_word' id='word_1_182' title='bbox 2177 1775 2347 1849; x_wconf 78' lang='grc' dir='ltr'>πολλὴ</span> <span class='ocrx_word' id='word_1_183' title='bbox 2376 1778 2605 1850; x_wconf 79' lang='grc' dir='ltr'>πιμελή.</span> <span class='ocrx_word' id='word_1_184' title='bbox 2641 1780 2754 1833; x_wconf 84' lang='grc' dir='ltr'>Καί</span> <span class='ocrx_word' id='word_1_185' title='bbox 2797 1798 2965 1851; x_wconf 81' lang='grc' dir='ltr'>φησιν</span> <span class='ocrx_word' id='word_1_186' title='bbox 3008 1783 3093 1836; x_wconf 80' lang='grc' dir='ltr'>ὅτι</span> <span class='ocrx_word' id='word_1_187' title='bbox 3142 1781 3505 1839; x_wconf 79' lang='grc' dir='ltr'>Ἀπέκλεισάν</span> <span class='ocrx_word' id='word_1_188' title='bbox 3551 1802 3647 1853; x_wconf 89' lang='grc' dir='ltr'><strong>μοι</strong></span> <span class='ocrx_word' id='word_1_189' title='bbox 3674 1789 3751 1839; x_wconf 63' lang='grc' dir='ltr'>τῖον</span> 
     </span>
    </p>
   </div>
   <div class='ocr_carea' id='block_1_27' title="bbox 505 1863 2064 1946">
    <p class='ocr_par' dir='ltr' id='par_1_27' title="bbox 505 1867 2064 1940">
     <span class='ocr_line' id='line_1_27' title="bbox 505 1867 2064 1940; baseline 0.001 -18"><span class='ocrx_word' id='word_1_190' title='bbox 505 1878 673 1940; x_wconf 81' lang='lat' dir='ltr'><strong>atque</strong></span> <span class='ocrx_word' id='word_1_191' title='bbox 712 1883 742 1924; x_wconf 86' lang='lat' dir='ltr'><strong>a</strong></span> <span class='ocrx_word' id='word_1_192' title='bbox 788 1869 1099 1927; x_wconf 79' lang='lat' dir='ltr'><strong>visceribus</strong></span> <span class='ocrx_word' id='word_1_193' title='bbox 1158 1867 1598 1926; x_wconf 83' lang='lat' dir='ltr'><strong>misericordiam</strong></span> <span class='ocrx_word' id='word_1_194' title='bbox 1657 1869 1803 1923; x_wconf 90' lang='lat' dir='ltr'><strong>intra</strong></span> <span class='ocrx_word' id='word_1_195' title='bbox 1860 1868 2064 1937; x_wconf 77' lang='lat' dir='ltr'><strong>seipsot</strong></span> 
     </span>
    </p>
   </div>
   <div class='ocr_carea' id='block_1_28' title="bbox 2176 1863 3750 1946">
    <p class='ocr_par' dir='ltr' id='par_1_28' title="bbox 2176 1863 3750 1946">
     <span class='ocr_line' id='line_1_28' title="bbox 2176 1863 3750 1946; baseline 0.006 -23"><span class='ocrx_word' id='word_1_196' title='bbox 2176 1869 2240 1923; x_wconf 81' lang='grc' dir='ltr'>ὲκ</span> <span class='ocrx_word' id='word_1_197' title='bbox 2274 1870 2507 1942; x_wconf 81' lang='grc' dir='ltr'>καρδίας</span> <span class='ocrx_word' id='word_1_198' title='bbox 2538 1874 2633 1926; x_wconf 76' lang='grc' dir='ltr'>καὶ</span> <span class='ocrx_word' id='word_1_199' title='bbox 2668 1874 2997 1946; x_wconf 74' lang='grc' dir='ltr'>σπλάγχνων</span> <span class='ocrx_word' id='word_1_200' title='bbox 3031 1872 3215 1931; x_wconf 68' lang='grc' dir='ltr'>αὑτῶν</span> <span class='ocrx_word' id='word_1_201' title='bbox 3267 1873 3438 1941; x_wconf 74' lang='grc' dir='ltr'>ἔλεον,</span> <span class='ocrx_word' id='word_1_202' title='bbox 3485 1876 3547 1943; x_wconf 71' lang='grc' dir='ltr'>ἐξ</span> <span class='ocrx_word' id='word_1_203' title='bbox 3575 1863 3652 1933; x_wconf 74' lang='grc' dir='ltr'>ὧν</span> <span class='ocrx_word' id='word_1_204' title='bbox 3673 1874 3750 1933; x_wconf 63' lang='grc' dir='ltr'>οὗ·</span> 
     </span>
    </p>
   </div>
   <div class='ocr_carea' id='block_1_29' title="bbox 502 1961 2064 2043">
    <p class='ocr_par' dir='ltr' id='par_1_29' title="bbox 502 1961 2064 2031">
     <span class='ocr_line' id='line_1_29' title="bbox 502 1961 2064 2031; baseline -0.001 -14"><span class='ocrx_word' id='word_1_205' title='bbox 502 1964 796 2020; x_wconf 80' lang='lat' dir='ltr'><strong>clausisse.</strong></span> <span class='ocrx_word' id='word_1_206' title='bbox 829 1962 1205 2021; x_wconf 76' lang='lat' dir='ltr'><strong>Misericordia</strong></span> <span class='ocrx_word' id='word_1_207' title='bbox 1235 1961 1383 2018; x_wconf 90' lang='lat' dir='ltr'><strong>enim</strong></span> <span class='ocrx_word' id='word_1_208' title='bbox 1416 1976 1447 2016; x_wconf 89' lang='lat' dir='ltr'><strong>a</strong></span> <span class='ocrx_word' id='word_1_209' title='bbox 1472 1963 1640 2017; x_wconf 87' lang='lat' dir='ltr'><strong>corde</strong></span> <span class='ocrx_word' id='word_1_210' title='bbox 1662 1969 1827 2031; x_wconf 87' lang='lat' dir='ltr'><strong>atque</strong></span> <span class='ocrx_word' id='word_1_211' title='bbox 1851 1975 1880 2015; x_wconf 86' lang='lat' dir='ltr'><strong>a</strong></span> <span class='ocrx_word' id='word_1_212' title='bbox 1912 1961 2064 2016; x_wconf 87' lang='lat' dir='ltr'><strong>visce</strong></span> 
     </span>
    </p>
   </div>
   <div class='ocr_carea' id='block_1_30' title="bbox 2176 1961 3749 2043">
    <p class='ocr_par' dir='ltr' id='par_1_30' title="bbox 2180 1965 3749 2043">
     <span class='ocr_line' id='line_1_30' title="bbox 2180 1965 3749 2043; baseline 0.006 -26"><span class='ocrx_word' id='word_1_213' title='bbox 2180 1979 2273 2027; x_wconf 82' lang='grc' dir='ltr'><strong>τος</strong></span> <span class='ocrx_word' id='word_1_214' title='bbox 2301 1965 2570 2036; x_wconf 80' lang='grc' dir='ltr'>πρόεισιν.</span> <span class='ocrx_word' id='word_1_215' title='bbox 2605 1966 2793 2023; x_wconf 79' lang='grc' dir='ltr'>Ἀλλοι</span> <span class='ocrx_word' id='word_1_216' title='bbox 2824 1966 2883 2023; x_wconf 81' lang='grc' dir='ltr'><strong>δέ</strong></span> <span class='ocrx_word' id='word_1_217' title='bbox 2926 1988 3092 2039; x_wconf 86' lang='grc' dir='ltr'>φασιν</span> <span class='ocrx_word' id='word_1_218' title='bbox 3160 1968 3565 2043; x_wconf 78' lang='grc' dir='ltr'>ἑρμηνεύοντες</span> <span class='ocrx_word' id='word_1_219' title='bbox 3598 1973 3749 2043; x_wconf 78' lang='grc' dir='ltr'>στέαρ</span> 
     </span>
    </p>
   </div>
   <div class='ocr_carea' id='block_1_31' title="bbox 500 2054 2064 2139">
    <p class='ocr_par' dir='ltr' id='par_1_31' title="bbox 500 2054 2064 2123">
     <span class='ocr_line' id='line_1_31' title="bbox 500 2054 2064 2123; baseline -0.001 -14"><span class='ocrx_word' id='word_1_220' title='bbox 500 2055 657 2112; x_wconf 87' lang='lat' dir='ltr'><strong>ribus</strong></span> <span class='ocrx_word' id='word_1_221' title='bbox 711 2057 917 2112; x_wconf 88' lang='lat' dir='ltr'><strong>dicitur</strong></span> <span class='ocrx_word' id='word_1_222' title='bbox 955 2054 1315 2112; x_wconf 87' lang='lat' dir='ltr'><strong>descendere.</strong></span> <span class='ocrx_word' id='word_1_223' title='bbox 1367 2054 1474 2109; x_wconf 82' lang='lat' dir='ltr'><strong>Alii</strong></span> <span class='ocrx_word' id='word_1_224' title='bbox 1532 2054 1746 2123; x_wconf 81' lang='lat' dir='ltr'><strong>adipem</strong></span> <span class='ocrx_word' id='word_1_225' title='bbox 1788 2064 2064 2123; x_wconf 76' lang='lat' dir='ltr'><strong>exponunt</strong></span> 
     </span>
    </p>
   </div>
   <div class='ocr_carea' id='block_1_32' title="bbox 2176 2054 3749 2139">
    <p class='ocr_par' dir='ltr' id='par_1_32' title="bbox 2182 2060 3749 2139">
     <span class='ocr_line' id='line_1_32' title="bbox 2182 2060 3749 2139; baseline 0.004 -21"><span class='ocrx_word' id='word_1_226' title='bbox 2182 2064 2281 2136; x_wconf 78' lang='grc' dir='ltr'>τὴν</span> <span class='ocrx_word' id='word_1_227' title='bbox 2314 2063 2560 2133; x_wconf 77' lang='grc' dir='ltr'>εὐδοξίαν</span> <span class='ocrx_word' id='word_1_228' title='bbox 2591 2060 2730 2121; x_wconf 79' lang='grc' dir='ltr'>εἷναι</span> <span class='ocrx_word' id='word_1_229' title='bbox 2786 2066 2883 2122; x_wconf 80' lang='grc' dir='ltr'>καὶ</span> <span class='ocrx_word' id='word_1_230' title='bbox 2922 2068 3246 2139; x_wconf 78' lang='grc' dir='ltr'>εὐημερίαν,</span> <span class='ocrx_word' id='word_1_231' title='bbox 3296 2070 3365 2139; x_wconf 72' lang='grc' dir='ltr'>ἢν</span> <span class='ocrx_word' id='word_1_232' title='bbox 3426 2068 3749 2124; x_wconf 71' lang='grc' dir='ltr'><strong>ἀπέκλεισαν</strong></span> 
     </span>
    </p>
   </div>
   <div class='ocr_carea' id='block_1_33' title="bbox 501 2145 2064 2232">
    <p class='ocr_par' dir='ltr' id='par_1_33' title="bbox 501 2145 2064 2218">
     <span class='ocr_line' id='line_1_33' title="bbox 501 2145 2064 2218; baseline -0.001 -16"><span class='ocrx_word' id='word_1_233' title='bbox 501 2158 602 2218; x_wconf 82' lang='lat' dir='ltr'><strong>pro</strong></span> <span class='ocrx_word' id='word_1_234' title='bbox 633 2150 777 2203; x_wconf 86' lang='lat' dir='ltr'><strong>lmna</strong></span> <span class='ocrx_word' id='word_1_235' title='bbox 806 2148 1131 2204; x_wconf 86' lang='lat' dir='ltr'><strong>habitudine</strong></span> <span class='ocrx_word' id='word_1_236' title='bbox 1159 2160 1225 2202; x_wconf 89' lang='lat' dir='ltr'><strong>ac</strong></span> <span class='ocrx_word' id='word_1_237' title='bbox 1259 2146 1543 2209; x_wconf 79' lang='lat' dir='ltr'><strong>felicitate,</strong></span> <span class='ocrx_word' id='word_1_238' title='bbox 1578 2160 1742 2215; x_wconf 88' lang='lat' dir='ltr'><strong>quam</strong></span> <span class='ocrx_word' id='word_1_239' title='bbox 1775 2145 1900 2202; x_wconf 91' lang='lat' dir='ltr'><strong>illos</strong></span> <span class='ocrx_word' id='word_1_240' title='bbox 1925 2147 2064 2201; x_wconf 86' lang='lat' dir='ltr'><strong>clau-</strong></span> 
     </span>
    </p>
   </div>
   <div class='ocr_carea' id='block_1_34' title="bbox 2176 2145 3746 2232">
    <p class='ocr_par' dir='ltr' id='par_1_34' title="bbox 2180 2149 3746 2232">
     <span class='ocr_line' id='line_1_34' title="bbox 2180 2149 3746 2232; baseline 0.004 -24"><span class='ocrx_word' id='word_1_241' title='bbox 2180 2156 2276 2208; x_wconf 76' lang='grc' dir='ltr'>καὶ</span> <span class='ocrx_word' id='word_1_242' title='bbox 2328 2149 2444 2209; x_wconf 72' lang='grc' dir='ltr'>οἷον</span> <span class='ocrx_word' id='word_1_243' title='bbox 2492 2157 2760 2228; x_wconf 78' lang='grc' dir='ltr'>συνεῖχον,</span> <span class='ocrx_word' id='word_1_244' title='bbox 2812 2153 2890 2223; x_wconf 82' lang='grc' dir='ltr'><strong>ὡς</strong></span> <span class='ocrx_word' id='word_1_245' title='bbox 2942 2155 3143 2232; x_wconf 82' lang='grc' dir='ltr'>μηκέτι</span> <span class='ocrx_word' id='word_1_246' title='bbox 3188 2156 3556 2231; x_wconf 78' lang='grc' dir='ltr'>φευξομένην,</span> <span class='ocrx_word' id='word_1_247' title='bbox 3625 2152 3746 2215; x_wconf 70' lang='grc' dir='ltr'>ἀλλὰ</span> 
     </span>
    </p>
   </div>
   <div class='ocr_carea' id='block_1_35' title="bbox 499 2238 2073 2312">
    <p class='ocr_par' dir='ltr' id='par_1_35' title="bbox 499 2238 2073 2312">
     <span class='ocr_line' id='line_1_35' title="bbox 499 2238 2073 2312; baseline -0.002 -16"><span class='ocrx_word' id='word_1_248' title='bbox 499 2241 643 2296; x_wconf 84' lang='lat' dir='ltr'><strong>sisse</strong></span> <span class='ocrx_word' id='word_1_249' title='bbox 672 2241 806 2297; x_wconf 85' lang='lat' dir='ltr'><strong>dicit</strong></span> <span class='ocrx_word' id='word_1_250' title='bbox 840 2238 1142 2312; x_wconf 75' lang='lat' dir='ltr'><strong>PrOplteta,</strong></span> <span class='ocrx_word' id='word_1_251' title='bbox 1177 2247 1345 2310; x_wconf 88' lang='lat' dir='ltr'><strong>atque</strong></span> <span class='ocrx_word' id='word_1_252' title='bbox 1373 2239 1428 2295; x_wconf 92' lang='lat' dir='ltr'><strong>in</strong></span> <span class='ocrx_word' id='word_1_253' title='bbox 1471 2238 1672 2309; x_wconf 86' lang='lat' dir='ltr'><strong>seipsis</strong></span> <span class='ocrx_word' id='word_1_254' title='bbox 1703 2238 2073 2304; x_wconf 82' lang='lat' dir='ltr'><strong>continuisse,</strong></span> 
     </span>
    </p>
   </div>
   <div class='ocr_carea' id='block_1_36' title="bbox 496 2329 2076 2412">
    <p class='ocr_par' dir='ltr' id='par_1_36' title="bbox 496 2329 2076 2412">
     <span class='ocr_line' id='line_1_36' title="bbox 496 2329 2076 2412; baseline -0.001 -27"><span class='ocrx_word' id='word_1_255' title='bbox 496 2332 667 2387; x_wconf 67' lang='lat' dir='ltr'><strong>Veluti</strong></span> <span class='ocrx_word' id='word_1_256' title='bbox 694 2340 975 2412; x_wconf 77' lang='lat' dir='ltr'><strong>nunquam</strong></span> <span class='ocrx_word' id='word_1_257' title='bbox 1018 2329 1256 2403; x_wconf 82' lang='lat' dir='ltr'><strong>amplius</strong></span> <span class='ocrx_word' id='word_1_258' title='bbox 1302 2345 1671 2397; x_wconf 78' lang='lat' dir='ltr'><strong>recessuram,</strong></span> <span class='ocrx_word' id='word_1_259' title='bbox 1713 2330 1810 2386; x_wconf 89' lang='lat' dir='ltr'><strong>sed</strong></span> <span class='ocrx_word' id='word_1_260' title='bbox 1841 2346 1969 2386; x_wconf 90' lang='lat' dir='ltr'><strong>cum</strong></span> <span class='ocrx_word' id='word_1_261' title='bbox 1993 2330 2076 2385; x_wconf 89' lang='lat' dir='ltr'><strong>eis</strong></span> 
     </span>
    </p>
   </div>
   <div class='ocr_carea' id='block_1_37' title="bbox 494 2422 1058 2494">
    <p class='ocr_par' dir='ltr' id='par_1_37' title="bbox 494 2422 1058 2494">
     <span class='ocr_line' id='line_1_37' title="bbox 494 2422 1058 2494; baseline 0.002 -16"><span class='ocrx_word' id='word_1_262' title='bbox 494 2433 759 2494; x_wconf 62' lang='lat' dir='ltr'><strong>perpetuo</strong></span> <span class='ocrx_word' id='word_1_263' title='bbox 794 2422 1058 2479; x_wconf 77' lang='lat' dir='ltr'><strong>futuram.</strong></span> 
     </span>
    </p>
   </div>
   <div class='ocr_carea' id='block_1_38' title="bbox 566 2512 2072 2584">
    <p class='ocr_par' dir='ltr' id='par_1_38' title="bbox 566 2512 2072 2584">
     <span class='ocr_line' id='line_1_38' title="bbox 566 2512 2072 2584; baseline -0.001 -15"><span class='ocrx_word' id='word_1_264' title='bbox 566 2512 639 2569; x_wconf 76' lang='lat' dir='ltr'><strong>Os</strong></span> <span class='ocrx_word' id='word_1_265' title='bbox 668 2531 848 2569; x_wconf 83' lang='lat' dir='ltr'><strong>eorum</strong></span> <span class='ocrx_word' id='word_1_266' title='bbox 879 2515 1112 2571; x_wconf 79' lang='lat' dir='ltr'><strong>locutum</strong></span> <span class='ocrx_word' id='word_1_267' title='bbox 1147 2525 1225 2572; x_wconf 75' lang='lat' dir='ltr'><strong>est</strong></span> <span class='ocrx_word' id='word_1_268' title='bbox 1264 2514 1582 2584; x_wconf 82' lang='lat' dir='ltr'><strong>superbiam.</strong></span> <span class='ocrx_word' id='word_1_269' title='bbox 1610 2514 1897 2570; x_wconf 83' lang='lat' dir='ltr'><strong>Jactabant</strong></span> <span class='ocrx_word' id='word_1_270' title='bbox 1928 2513 2072 2569; x_wconf 90' lang='lat' dir='ltr'><strong>enim</strong></span> 
     </span>
    </p>
   </div>
   <div class='ocr_carea' id='block_1_39' title="bbox 494 2602 2073 2678">
    <p class='ocr_par' dir='ltr' id='par_1_39' title="bbox 494 2602 2073 2678">
     <span class='ocr_line' id='line_1_39' title="bbox 494 2602 2073 2678; baseline 0 -17"><span class='ocrx_word' id='word_1_271' title='bbox 494 2602 573 2661; x_wconf 83' lang='lat' dir='ltr'><strong>illi</strong></span> <span class='ocrx_word' id='word_1_272' title='bbox 628 2606 739 2662; x_wconf 91' lang='lat' dir='ltr'><strong>cito</strong></span> <span class='ocrx_word' id='word_1_273' title='bbox 788 2622 849 2663; x_wconf 90' lang='lat' dir='ltr'><strong>se</strong></span> <span class='ocrx_word' id='word_1_274' title='bbox 905 2609 1409 2678; x_wconf 83' lang='lat' dir='ltr'><strong>comprcltensnros</strong></span> <span class='ocrx_word' id='word_1_275' title='bbox 1460 2609 1684 2665; x_wconf 84' lang='lat' dir='ltr'><strong>beatum</strong></span> <span class='ocrx_word' id='word_1_276' title='bbox 1736 2607 1927 2672; x_wconf 89' lang='lat' dir='ltr'><strong>David,</strong></span> <span class='ocrx_word' id='word_1_277' title='bbox 1972 2621 2073 2662; x_wconf 89' lang='lat' dir='ltr'><strong>nec</strong></span> 
     </span>
    </p>
   </div>
   <div class='ocr_carea' id='block_1_40' title="bbox 495 2696 2071 2770">
    <p class='ocr_par' dir='ltr' id='par_1_40' title="bbox 495 2696 2071 2770">
     <span class='ocr_line' id='line_1_40' title="bbox 495 2696 2071 2770; baseline 0.002 -18"><span class='ocrx_word' id='word_1_278' title='bbox 495 2711 660 2767; x_wconf 86' lang='lat' dir='ltr'><strong>posse</strong></span> <span class='ocrx_word' id='word_1_279' title='bbox 684 2696 835 2753; x_wconf 90' lang='lat' dir='ltr'><strong>illum</strong></span> <span class='ocrx_word' id='word_1_280' title='bbox 876 2700 946 2753; x_wconf 90' lang='lat' dir='ltr'><strong>ab</strong></span> <span class='ocrx_word' id='word_1_281' title='bbox 978 2713 1167 2754; x_wconf 88' lang='lat' dir='ltr'><strong>eorum</strong></span> <span class='ocrx_word' id='word_1_282' title='bbox 1210 2702 1466 2756; x_wconf 88' lang='lat' dir='ltr'><strong>manilms</strong></span> <span class='ocrx_word' id='word_1_283' title='bbox 1501 2700 1736 2756; x_wconf 76' lang='lat' dir='ltr'><strong>evadere</strong></span> <span class='ocrx_word' id='word_1_284' title='bbox 1767 2715 1783 2755; x_wconf 89' lang='lat'><strong>:</strong></span> <span class='ocrx_word' id='word_1_285' title='bbox 1811 2698 1966 2770; x_wconf 87' lang='lat' dir='ltr'><strong>quasi</strong></span> <span class='ocrx_word' id='word_1_286' title='bbox 2003 2715 2071 2755; x_wconf 77' lang='lat' dir='ltr'><strong>ex</strong></span> 
     </span>
    </p>
   </div>
   <div class='ocr_carea' id='block_1_41' title="bbox 494 2774 2070 2862">
    <p class='ocr_par' dir='ltr' id='par_1_41' title="bbox 494 2774 2070 2862">
     <span class='ocr_line' id='line_1_41' title="bbox 494 2774 2070 2862; baseline 0.002 -20"><span class='ocrx_word' id='word_1_287' title='bbox 494 2787 645 2844; x_wconf 84' lang='lat' dir='ltr'><strong>nullo</strong></span> <span class='ocrx_word' id='word_1_288' title='bbox 670 2789 838 2845; x_wconf 77' lang='lat' dir='ltr'><strong>latere</strong></span> <span class='ocrx_word' id='word_1_289' title='bbox 869 2790 1304 2861; x_wconf 81' lang='lat' dir='ltr'><strong>exspectandum</strong></span> <span class='ocrx_word' id='word_1_290' title='bbox 1343 2790 1421 2846; x_wconf 91' lang='lat' dir='ltr'><strong>illi</strong></span> <span class='ocrx_word' id='word_1_291' title='bbox 1465 2774 1700 2862; x_wconf 76' lang='lat' dir='ltr'><strong>amplius</strong></span> <span class='ocrx_word' id='word_1_292' title='bbox 1728 2799 1873 2846; x_wconf 80' lang='lat' dir='ltr'><strong>esset</strong></span> <span class='ocrx_word' id='word_1_293' title='bbox 1912 2790 2070 2845; x_wconf 73' lang='lat' dir='ltr'><strong>anxi-</strong></span> 
     </span>
    </p>
   </div>
   <div class='ocr_carea' id='block_1_42' title="bbox 495 2880 653 2937">
    <p class='ocr_par' dir='ltr' id='par_1_42' title="bbox 495 2880 653 2937">
     <span class='ocr_line' id='line_1_42' title="bbox 495 2880 653 2937; baseline 0.013 -2"><span class='ocrx_word' id='word_1_294' title='bbox 495 2880 653 2937; x_wconf 88' lang='lat' dir='ltr'><strong>lium.</strong></span> 
     </span>
    </p>
   </div>
   <div class='ocr_carea' id='block_1_43' title="bbox 566 2971 2066 3045">
    <p class='ocr_par' dir='ltr' id='par_1_43' title="bbox 566 2971 2066 3045">
     <span class='ocr_line' id='line_1_43' title="bbox 566 2971 2066 3045; baseline 0.003 -18"><span class='ocrx_word' id='word_1_295' title='bbox 566 2971 735 3031; x_wconf 71' lang='lat' dir='ltr'><strong>Vnus.</strong></span> <span class='ocrx_word' id='word_1_296' title='bbox 768 2973 855 3031; x_wconf 80' lang='lat' dir='ltr'><strong>ll.</strong></span> <span class='ocrx_word' id='word_1_297' title='bbox 887 2974 1173 3045; x_wconf 72' lang='lat' dir='ltr'><strong>Ejicientes</strong></span> <span class='ocrx_word' id='word_1_298' title='bbox 1202 2988 1282 3033; x_wconf 73' lang='lat' dir='ltr'><strong>me</strong></span> <span class='ocrx_word' id='word_1_299' title='bbox 1312 2988 1450 3032; x_wconf 83' lang='lat' dir='ltr'><strong>nunc</strong></span> <span class='ocrx_word' id='word_1_300' title='bbox 1479 2975 1939 3032; x_wconf 82' lang='lat' dir='ltr'><strong>circumdederunt</strong></span> <span class='ocrx_word' id='word_1_301' title='bbox 1966 2992 2066 3035; x_wconf 81' lang='lat' dir='ltr'><strong>me.</strong></span> 
     </span>
    </p>
   </div>
   <div class='ocr_carea' id='block_1_44' title="bbox 493 3058 2065 3138">
    <p class='ocr_par' dir='ltr' id='par_1_44' title="bbox 493 3058 2065 3138">
     <span class='ocr_line' id='line_1_44' title="bbox 493 3058 2065 3138; baseline 0.004 -19"><span class='ocrx_word' id='word_1_302' title='bbox 493 3058 839 3135; x_wconf 79' lang='lat' dir='ltr'><strong>Expulerunt</strong></span> <span class='ocrx_word' id='word_1_303' title='bbox 891 3084 997 3131; x_wconf 85' lang='lat' dir='ltr'><strong>tne,</strong></span> <span class='ocrx_word' id='word_1_304' title='bbox 1046 3067 1245 3138; x_wconf 85' lang='lat' dir='ltr'><strong>inquit,</strong></span> <span class='ocrx_word' id='word_1_305' title='bbox 1276 3083 1342 3125; x_wconf 77' lang='lat' dir='ltr'><strong>ex</strong></span> <span class='ocrx_word' id='word_1_306' title='bbox 1377 3068 1634 3125; x_wconf 86' lang='lat' dir='ltr'><strong>omnibus</strong></span> <span class='ocrx_word' id='word_1_307' title='bbox 1677 3066 1837 3123; x_wconf 88' lang='lat' dir='ltr'><strong>bonis</strong></span> <span class='ocrx_word' id='word_1_308' title='bbox 1870 3070 2009 3125; x_wconf 74' lang='lat' dir='ltr'><strong>meis</strong></span> <span class='ocrx_word' id='word_1_309' title='bbox 2050 3086 2065 3124; x_wconf 91' lang='lat'><strong>:</strong></span> 
     </span>
    </p>
   </div>
   <div class='ocr_carea' id='block_1_45' title="bbox 495 3153 2072 3227">
    <p class='ocr_par' dir='ltr' id='par_1_45' title="bbox 495 3153 2072 3227">
     <span class='ocr_line' id='line_1_45' title="bbox 495 3153 2072 3227; baseline 0.003 -17"><span class='ocrx_word' id='word_1_310' title='bbox 495 3167 595 3212; x_wconf 89' lang='lat' dir='ltr'><strong>nec</strong></span> <span class='ocrx_word' id='word_1_311' title='bbox 617 3158 754 3213; x_wconf 86' lang='lat' dir='ltr'><strong>satis</strong></span> <span class='ocrx_word' id='word_1_312' title='bbox 785 3159 887 3215; x_wconf 76' lang='lat' dir='ltr'><strong>lioc</strong></span> <span class='ocrx_word' id='word_1_313' title='bbox 912 3160 994 3216; x_wconf 85' lang='lat' dir='ltr'><strong>eis</strong></span> <span class='ocrx_word' id='word_1_314' title='bbox 1027 3153 1148 3227; x_wconf 77' lang='lat' dir='ltr'><strong>fuit,</strong></span> <span class='ocrx_word' id='word_1_315' title='bbox 1184 3161 1280 3218; x_wconf 89' lang='lat' dir='ltr'><strong>sed</strong></span> <span class='ocrx_word' id='word_1_316' title='bbox 1322 3172 1519 3218; x_wconf 89' lang='lat' dir='ltr'><strong>rurstts</strong></span> <span class='ocrx_word' id='word_1_317' title='bbox 1550 3162 1719 3217; x_wconf 86' lang='lat' dir='ltr'><strong>etiam</strong></span> <span class='ocrx_word' id='word_1_318' title='bbox 1760 3160 2072 3218; x_wconf 85' lang='lat' dir='ltr'><strong>circumde-</strong></span> 
     </span>
    </p>
   </div>
   <div class='ocr_carea' id='block_1_46' title="bbox 491 3247 1672 3316">
    <p class='ocr_par' dir='ltr' id='par_1_46' title="bbox 491 3247 1672 3316">
     <span class='ocr_line' id='line_1_46' title="bbox 491 3247 1672 3316; baseline 0.007 -12"><span class='ocrx_word' id='word_1_319' title='bbox 491 3247 714 3316; x_wconf 89' lang='lat' dir='ltr'><strong>derunt,</strong></span> <span class='ocrx_word' id='word_1_320' title='bbox 749 3254 911 3309; x_wconf 90' lang='lat' dir='ltr'><strong>morti</strong></span> <span class='ocrx_word' id='word_1_321' title='bbox 942 3270 1028 3310; x_wconf 87' lang='lat' dir='ltr'><strong>tne</strong></span> <span class='ocrx_word' id='word_1_322' title='bbox 1060 3255 1282 3312; x_wconf 86' lang='lat' dir='ltr'><strong>tradere</strong></span> <span class='ocrx_word' id='word_1_323' title='bbox 1316 3255 1672 3312; x_wconf 79' lang='lat' dir='ltr'><strong>festinantes.</strong></span> 
     </span>
    </p>
   </div>
   <div class='ocr_carea' id='block_1_47' title="bbox 2179 2246 2932 2322">
    <p class='ocr_par' dir='ltr' id='par_1_47' title="bbox 2179 2246 2932 2322">
     <span class='ocr_line' id='line_1_47' title="bbox 2179 2246 2932 2322; baseline 0.005 -20"><span class='ocrx_word' id='word_1_324' title='bbox 2179 2246 2248 2302; x_wconf 85' lang='grc' dir='ltr'>δι’</span> <span class='ocrx_word' id='word_1_325' title='bbox 2279 2248 2401 2304; x_wconf 82' lang='grc' dir='ltr'>ὅλου</span> <span class='ocrx_word' id='word_1_326' title='bbox 2428 2250 2698 2322; x_wconf 79' lang='grc' dir='ltr'>ἐσομένην</span> <span class='ocrx_word' id='word_1_327' title='bbox 2725 2249 2932 2317; x_wconf 74' lang='grc' dir='ltr'>αὐτοῖς.</span> 
     </span>
    </p>
   </div>
   <div class='ocr_carea' id='block_1_48' title="bbox 2251 2510 3747 2585">
    <p class='ocr_par' dir='ltr' id='par_1_48' title="bbox 2251 2510 3747 2585">
     <span class='ocr_line' id='line_1_48' title="bbox 2251 2510 3747 2585; baseline -0.002 -17"><span class='ocrx_word' id='word_1_328' title='bbox 2251 2512 2324 2568; x_wconf 85' lang='grc' dir='ltr'><strong>Τὸ</strong></span> <span class='ocrx_word' id='word_1_329' title='bbox 2343 2515 2539 2584; x_wconf 81' lang='grc' dir='ltr'>στόμα</span> <span class='ocrx_word' id='word_1_330' title='bbox 2562 2514 2764 2570; x_wconf 80' lang='grc' dir='ltr'>αὐτῶν</span> <span class='ocrx_word' id='word_1_331' title='bbox 2777 2514 3088 2584; x_wconf 74' lang='grc' dir='ltr'>ἐλάλησεν</span> <span class='ocrx_word' id='word_1_332' title='bbox 3108 2513 3554 2585; x_wconf 72' lang='grc' dir='ltr'>ὑπερηφανίαν.</span> <span class='ocrx_word' id='word_1_333' title='bbox 3571 2510 3747 2585; x_wconf 68' lang='grc' dir='ltr'><strong>Ἐκὸμι</strong></span> 
     </span>
    </p>
   </div>
   <div class='ocr_carea' id='block_1_49' title="bbox 2177 2606 3740 2681">
    <p class='ocr_par' dir='ltr' id='par_1_49' title="bbox 2177 2606 3740 2681">
     <span class='ocr_line' id='line_1_49' title="bbox 2177 2606 3740 2681; baseline 0.003 -22"><span class='ocrx_word' id='word_1_334' title='bbox 2177 2607 2350 2671; x_wconf 82' lang='grc' dir='ltr'>παζον</span> <span class='ocrx_word' id='word_1_335' title='bbox 2377 2608 2486 2677; x_wconf 83' lang='grc' dir='ltr'><strong>γάρ</strong></span> <span class='ocrx_word' id='word_1_336' title='bbox 2512 2606 2708 2663; x_wconf 83' lang='grc' dir='ltr'>θᾶττον</span> <span class='ocrx_word' id='word_1_337' title='bbox 2747 2610 2913 2664; x_wconf 81' lang='grc' dir='ltr'>αὐτὸν</span> <span class='ocrx_word' id='word_1_338' title='bbox 2942 2611 3162 2681; x_wconf 82' lang='grc' dir='ltr'>συσχεῖν</span> <span class='ocrx_word' id='word_1_339' title='bbox 3198 2611 3271 2673; x_wconf 86' lang='grc' dir='ltr'><strong>ῶς</strong></span> <span class='ocrx_word' id='word_1_340' title='bbox 3303 2610 3406 2681; x_wconf 62' lang='lat' dir='ltr'><strong>aer,</strong></span> <span class='ocrx_word' id='word_1_341' title='bbox 3419 2626 3628 2679; x_wconf 86' lang='grc' dir='ltr'>ρευτον,</span> <span class='ocrx_word' id='word_1_342' title='bbox 3663 2626 3740 2679; x_wconf 76' lang='grc' dir='ltr'>μη·</span> 
     </span>
    </p>
   </div>
   <div class='ocr_carea' id='block_1_50' title="bbox 2173 2698 2938 2773">
    <p class='ocr_par' dir='ltr' id='par_1_50' title="bbox 2173 2698 2938 2773">
     <span class='ocr_line' id='line_1_50' title="bbox 2173 2698 2938 2773; baseline 0.001 -19"><span class='ocrx_word' id='word_1_343' title='bbox 2173 2698 2411 2771; x_wconf 78' lang='grc' dir='ltr'>δαμόθεν</span> <span class='ocrx_word' id='word_1_344' title='bbox 2436 2700 2630 2773; x_wconf 83' lang='grc' dir='ltr'>ἔχοντα</span> <span class='ocrx_word' id='word_1_345' title='bbox 2659 2699 2938 2773; x_wconf 82' lang='grc' dir='ltr'>βοήθειαν.</span> 
     </span>
    </p>
   </div>
   <div class='ocr_carea' id='block_1_51' title="bbox 2255 2968 3738 3041">
    <p class='ocr_par' dir='ltr' id='par_1_51' title="bbox 2255 2968 3738 3041">
     <span class='ocr_line' id='line_1_51' title="bbox 2255 2968 3738 3041; baseline -0.005 -14"><span class='ocrx_word' id='word_1_346' title='bbox 2255 2968 2694 3038; x_wconf 61' lang='grc' dir='ltr'>Ἐκσὰλαῖοντές</span> <span class='ocrx_word' id='word_1_347' title='bbox 2710 2989 2786 3041; x_wconf 72' lang='grc' dir='ltr'><strong>με</strong></span> <span class='ocrx_word' id='word_1_348' title='bbox 2808 2969 2945 3025; x_wconf 75' lang='grc' dir='ltr'><strong>νυνί</strong></span> <span class='ocrx_word' id='word_1_349' title='bbox 2964 2968 3469 3038; x_wconf 64' lang='grc' dir='ltr'>περιεκύκλωσάν</span> <span class='ocrx_word' id='word_1_350' title='bbox 3480 2986 3577 3039; x_wconf 77' lang='grc' dir='ltr'><strong>με.</strong></span> <span class='ocrx_word' id='word_1_351' title='bbox 3596 2969 3738 3033; x_wconf 74' lang='grc' dir='ltr'><strong>Ἰῗξώο</strong></span> 
     </span>
    </p>
   </div>
   <div class='ocr_carea' id='block_1_52' title="bbox 2175 3060 3733 3137">
    <p class='ocr_par' dir='ltr' id='par_1_52' title="bbox 2175 3060 3733 3137">
     <span class='ocr_line' id='line_1_52' title="bbox 2175 3060 3733 3137; baseline -0.004 -17"><span class='ocrx_word' id='word_1_352' title='bbox 2175 3066 2370 3131; x_wconf 81' lang='grc' dir='ltr'>σαντές</span> <span class='ocrx_word' id='word_1_353' title='bbox 2414 3083 2482 3137; x_wconf 79' lang='grc' dir='ltr'><strong>με</strong></span> <span class='ocrx_word' id='word_1_354' title='bbox 2515 3064 2627 3119; x_wconf 86' lang='grc' dir='ltr'><strong>τῶν</strong></span> <span class='ocrx_word' id='word_1_355' title='bbox 2683 3066 2833 3136; x_wconf 78' lang='grc' dir='ltr'>ἐμῶν</span> <span class='ocrx_word' id='word_1_356' title='bbox 2885 3064 3161 3124; x_wconf 78' lang='grc' dir='ltr'>ἀπάντων,</span> <span class='ocrx_word' id='word_1_357' title='bbox 3198 3065 3301 3116; x_wconf 78' lang='grc' dir='ltr'>οὐκ</span> <span class='ocrx_word' id='word_1_358' title='bbox 3356 3060 3733 3131; x_wconf 68' lang='grc' dir='ltr'>ἠρκέσθησαν·</span> 
     </span>
    </p>
   </div>
   <div class='ocr_carea' id='block_1_53' title="bbox 2173 3151 3735 3224">
    <p class='ocr_par' dir='ltr' id='par_1_53' title="bbox 2173 3151 3735 3224">
     <span class='ocr_line' id='line_1_53' title="bbox 2173 3151 3735 3224; baseline -0.005 -13"><span class='ocrx_word' id='word_1_359' title='bbox 2173 3155 2311 3211; x_wconf 77' lang='grc' dir='ltr'>ἀλλὰ</span> <span class='ocrx_word' id='word_1_360' title='bbox 2341 3153 2438 3210; x_wconf 83' lang='grc' dir='ltr'><strong>καί</strong></span> <span class='ocrx_word' id='word_1_361' title='bbox 2468 3151 2564 3209; x_wconf 83' lang='grc' dir='ltr'><strong>νῦν</strong></span> <span class='ocrx_word' id='word_1_362' title='bbox 2597 3151 3052 3224; x_wconf 72' lang='grc' dir='ltr'>περιεκύκλωσάν</span> <span class='ocrx_word' id='word_1_363' title='bbox 3091 3170 3182 3222; x_wconf 83' lang='grc' dir='ltr'><strong>με,</strong></span> <span class='ocrx_word' id='word_1_364' title='bbox 3221 3152 3537 3206; x_wconf 84' lang='grc' dir='ltr'>θανατῶσαι</span> <span class='ocrx_word' id='word_1_365' title='bbox 3588 3168 3735 3204; x_wconf 72' lang='grc' dir='ltr'>σπουο</span> 
     </span>
    </p>
   </div>
   <div class='ocr_carea' id='block_1_54' title="bbox 2173 3244 2452 3313">
    <p class='ocr_par' dir='ltr' id='par_1_54' title="bbox 2173 3244 2452 3313">
     <span class='ocr_line' id='line_1_54' title="bbox 2173 3244 2452 3313; baseline -0.011 -8"><span class='ocrx_word' id='word_1_366' title='bbox 2173 3244 2452 3313; x_wconf 70' lang='grc' dir='ltr'>ϐάζοντες.</span> 
     </span>
    </p>
   </div>
   <div class='ocr_carea' id='block_1_55' title="bbox 564 3336 2064 3421">
    <p class='ocr_par' dir='ltr' id='par_1_55' title="bbox 564 3341 2064 3405">
     <span class='ocr_line' id='line_1_55' title="bbox 564 3341 2064 3405; baseline 0.005 -8"><span class='ocrx_word' id='word_1_367' title='bbox 564 3341 762 3398; x_wconf 78' lang='lat' dir='ltr'><strong>Oculos</strong></span> <span class='ocrx_word' id='word_1_368' title='bbox 792 3355 916 3399; x_wconf 77' lang='lat' dir='ltr'><strong>sum</strong></span> <span class='ocrx_word' id='word_1_369' title='bbox 961 3354 1265 3402; x_wconf 78' lang='lat' dir='ltr'><strong>statuerunt</strong></span> <span class='ocrx_word' id='word_1_370' title='bbox 1294 3348 1562 3403; x_wconf 81' lang='lat' dir='ltr'><strong>declinare</strong></span> <span class='ocrx_word' id='word_1_371' title='bbox 1596 3344 1649 3402; x_wconf 76' lang='lat' dir='ltr'><strong>in</strong></span> <span class='ocrx_word' id='word_1_372' title='bbox 1703 3358 1924 3403; x_wconf 78' lang='lat' dir='ltr'><strong>terram.</strong></span> <span class='ocrx_word' id='word_1_373' title='bbox 1966 3341 2064 3405; x_wconf 85' lang='lat' dir='ltr'><strong>De-</strong></span> 
     </span>
    </p>
   </div>
   <div class='ocr_carea' id='block_1_56' title="bbox 2176 3336 3734 3421">
    <p class='ocr_par' dir='ltr' id='par_1_56' title="bbox 2250 3336 3734 3411">
     <span class='ocr_line' id='line_1_56' title="bbox 2250 3336 3734 3411; baseline -0.004 -13"><span class='ocrx_word' id='word_1_374' title='bbox 2250 3337 2399 3408; x_wconf 77' lang='grc' dir='ltr'>Τοὺς</span> <span class='ocrx_word' id='word_1_375' title='bbox 2423 3339 2776 3411; x_wconf 63' lang='grc' dir='ltr'>ὀφθαλμοὺς</span> <span class='ocrx_word' id='word_1_376' title='bbox 2799 3339 3002 3395; x_wconf 83' lang='grc' dir='ltr'>αὐτῶν</span> <span class='ocrx_word' id='word_1_377' title='bbox 3034 3341 3241 3395; x_wconf 74' lang='grc' dir='ltr'>ἔθεντο</span> <span class='ocrx_word' id='word_1_378' title='bbox 3271 3340 3549 3394; x_wconf 70' lang='grc' dir='ltr'>ἐκκλῖναι</span> <span class='ocrx_word' id='word_1_379' title='bbox 3578 3339 3647 3394; x_wconf 73' lang='grc' dir='ltr'><strong>ἐν</strong></span> <span class='ocrx_word' id='word_1_380' title='bbox 3672 3336 3734 3407; x_wconf 70' lang='grc' dir='ltr'>τῇ</span> 
     </span>
    </p>
   </div>
   <div class='ocr_carea' id='block_1_57' title="bbox 490 3434 2073 3507">
    <p class='ocr_par' dir='ltr' id='par_1_57' title="bbox 490 3434 2073 3507">
     <span class='ocr_line' id='line_1_57' title="bbox 490 3434 2073 3507; baseline 0.006 -21"><span class='ocrx_word' id='word_1_381' title='bbox 490 3443 802 3500; x_wconf 89' lang='lat' dir='ltr'><strong>creverunt,</strong></span> <span class='ocrx_word' id='word_1_382' title='bbox 821 3434 1022 3507; x_wconf 87' lang='lat' dir='ltr'><strong>inquit,</strong></span> <span class='ocrx_word' id='word_1_383' title='bbox 1054 3437 1338 3495; x_wconf 86' lang='lat' dir='ltr'><strong>declinare</strong></span> <span class='ocrx_word' id='word_1_384' title='bbox 1362 3441 1553 3495; x_wconf 88' lang='lat' dir='ltr'><strong>oculos</strong></span> <span class='ocrx_word' id='word_1_385' title='bbox 1584 3454 1740 3505; x_wconf 90' lang='lat' dir='ltr'><strong>suos,</strong></span> <span class='ocrx_word' id='word_1_386' title='bbox 1766 3456 1795 3494; x_wconf 90' lang='lat' dir='ltr'><strong>a</strong></span> <span class='ocrx_word' id='word_1_387' title='bbox 1827 3449 1878 3496; x_wconf 90' lang='lat' dir='ltr'><strong>te</strong></span> <span class='ocrx_word' id='word_1_388' title='bbox 1905 3441 2073 3495; x_wconf 86' lang='lat' dir='ltr'><strong>nimi-</strong></span> 
     </span>
    </p>
   </div>
   <div class='ocr_carea' id='block_1_58' title="bbox 491 3526 2071 3601">
    <p class='ocr_par' dir='ltr' id='par_1_58' title="bbox 491 3526 2071 3601">
     <span class='ocr_line' id='line_1_58' title="bbox 491 3526 2071 3601; baseline 0.008 -24"><span class='ocrx_word' id='word_1_389' title='bbox 491 3534 633 3589; x_wconf 85' lang='lat' dir='ltr'><strong>rum,</strong></span> <span class='ocrx_word' id='word_1_390' title='bbox 656 3526 752 3597; x_wconf 90' lang='lat' dir='ltr'><strong>qul</strong></span> <span class='ocrx_word' id='word_1_391' title='bbox 791 3528 845 3583; x_wconf 89' lang='lat' dir='ltr'><strong>in</strong></span> <span class='ocrx_word' id='word_1_392' title='bbox 881 3529 1036 3586; x_wconf 73' lang='lat' dir='ltr'><strong>caelis</strong></span> <span class='ocrx_word' id='word_1_393' title='bbox 1070 3527 1283 3588; x_wconf 78' lang='lat' dir='ltr'><strong>habitas</strong></span> <span class='ocrx_word' id='word_1_394' title='bbox 1316 3550 1330 3587; x_wconf 92' lang='lat'>:</span> <span class='ocrx_word' id='word_1_395' title='bbox 1366 3541 1526 3601; x_wconf 83' lang='lat' dir='ltr'><strong>atque</strong></span> <span class='ocrx_word' id='word_1_396' title='bbox 1569 3547 1599 3586; x_wconf 88' lang='lat' dir='ltr'><strong>a</strong></span> <span class='ocrx_word' id='word_1_397' title='bbox 1636 3532 1905 3587; x_wconf 83' lang='lat' dir='ltr'><strong>mandatis</strong></span> <span class='ocrx_word' id='word_1_398' title='bbox 1938 3531 2071 3597; x_wconf 81' lang='lat' dir='ltr'><strong>tuis,</strong></span> 
     </span>
    </p>
   </div>
   <div class='ocr_carea' id='block_1_59' title="bbox 489 3613 2074 3696">
    <p class='ocr_par' dir='ltr' id='par_1_59' title="bbox 489 3613 2074 3696">
     <span class='ocr_line' id='line_1_59' title="bbox 489 3613 2074 3696; baseline 0.008 -27"><span class='ocrx_word' id='word_1_399' title='bbox 489 3613 690 3685; x_wconf 83' lang='lat' dir='ltr'><strong>quibus</strong></span> <span class='ocrx_word' id='word_1_400' title='bbox 721 3617 997 3675; x_wconf 85' lang='lat' dir='ltr'><strong>mandasti</strong></span> <span class='ocrx_word' id='word_1_401' title='bbox 1044 3636 1112 3676; x_wconf 88' lang='lat' dir='ltr'><strong>ne</strong></span> <span class='ocrx_word' id='word_1_402' title='bbox 1146 3622 1423 3679; x_wconf 90' lang='lat' dir='ltr'><strong>insontem</strong></span> <span class='ocrx_word' id='word_1_403' title='bbox 1474 3625 1599 3694; x_wconf 87' lang='lat' dir='ltr'><strong>quis</strong></span> <span class='ocrx_word' id='word_1_404' title='bbox 1653 3624 1855 3691; x_wconf 67' lang='lat' dir='ltr'><strong>lmdat;</strong></span> <span class='ocrx_word' id='word_1_405' title='bbox 1910 3633 2074 3696; x_wconf 80' lang='lat' dir='ltr'><strong>atque</strong></span> 
     </span>
    </p>
   </div>
   <div class='ocr_carea' id='block_1_60' title="bbox 491 3704 2068 3783">
    <p class='ocr_par' dir='ltr' id='par_1_60' title="bbox 491 3704 2068 3783">
     <span class='ocr_line' id='line_1_60' title="bbox 491 3704 2068 3783; baseline 0.008 -22"><span class='ocrx_word' id='word_1_406' title='bbox 491 3704 597 3763; x_wconf 83' lang='lat' dir='ltr'><strong>hoc</strong></span> <span class='ocrx_word' id='word_1_407' title='bbox 649 3716 708 3763; x_wconf 91' lang='lat' dir='ltr'><strong>ut</strong></span> <span class='ocrx_word' id='word_1_408' title='bbox 756 3709 881 3766; x_wconf 87' lang='lat' dir='ltr'><strong>illos</strong></span> <span class='ocrx_word' id='word_1_409' title='bbox 914 3712 969 3766; x_wconf 93' lang='lat' dir='ltr'><strong>in</strong></span> <span class='ocrx_word' id='word_1_410' title='bbox 1010 3722 1209 3768; x_wconf 83' lang='lat' dir='ltr'><strong>terram</strong></span> <span class='ocrx_word' id='word_1_411' title='bbox 1268 3724 1670 3783; x_wconf 75' lang='lat' dir='ltr'><strong>converterent,</strong></span> <span class='ocrx_word' id='word_1_412' title='bbox 1716 3718 1821 3772; x_wconf 80' lang='lat' dir='ltr'><strong>hoc</strong></span> <span class='ocrx_word' id='word_1_413' title='bbox 1867 3726 1953 3773; x_wconf 89' lang='lat' dir='ltr'><strong>est</strong></span> <span class='ocrx_word' id='word_1_414' title='bbox 1999 3718 2068 3773; x_wconf 83' lang='lat' dir='ltr'><strong>ad</strong></span> 
     </span>
    </p>
   </div>
   <div class='ocr_carea' id='block_1_61' title="bbox 490 3806 2064 3878">
    <p class='ocr_par' dir='ltr' id='par_1_61' title="bbox 490 3806 2064 3878">
     <span class='ocr_line' id='line_1_61' title="bbox 490 3806 2064 3878; baseline 0.008 -26"><span class='ocrx_word' id='word_1_415' title='bbox 490 3807 742 3858; x_wconf 83' lang='lat' dir='ltr'><strong>terrenas</strong></span> <span class='ocrx_word' id='word_1_416' title='bbox 806 3806 1319 3875; x_wconf 83' lang='lat' dir='ltr'><strong>concupiscentias.</strong></span> <span class='ocrx_word' id='word_1_417' title='bbox 1377 3809 1533 3875; x_wconf 82' lang='lat' dir='ltr'><strong>Quod</strong></span> <span class='ocrx_word' id='word_1_418' title='bbox 1570 3811 1704 3865; x_wconf 85' lang='lat' dir='ltr'><strong>nihil</strong></span> <span class='ocrx_word' id='word_1_419' title='bbox 1752 3811 1901 3866; x_wconf 88' lang='lat' dir='ltr'><strong>aliud</strong></span> <span class='ocrx_word' id='word_1_420' title='bbox 1957 3818 2064 3878; x_wconf 88' lang='lat' dir='ltr'><strong>cst,</strong></span> 
     </span>
    </p>
   </div>
   <div class='ocr_carea' id='block_1_62' title="bbox 487 3895 2068 3976">
    <p class='ocr_par' dir='ltr' id='par_1_62' title="bbox 487 3895 2068 3976">
     <span class='ocr_line' id='line_1_62' title="bbox 487 3895 2068 3976; baseline 0.009 -30"><span class='ocrx_word' id='word_1_421' title='bbox 487 3907 652 3964; x_wconf 82' lang='lat' dir='ltr'><strong>quam</strong></span> <span class='ocrx_word' id='word_1_422' title='bbox 680 3895 888 3968; x_wconf 87' lang='lat' dir='ltr'><strong>absque</strong></span> <span class='ocrx_word' id='word_1_423' title='bbox 917 3900 1025 3955; x_wconf 82' lang='lat' dir='ltr'><strong>ulla</strong></span> <span class='ocrx_word' id='word_1_424' title='bbox 1064 3902 1279 3958; x_wconf 87' lang='lat' dir='ltr'><strong>ratione</strong></span> <span class='ocrx_word' id='word_1_425' title='bbox 1310 3904 1572 3975; x_wconf 89' lang='lat' dir='ltr'><strong>quidquid</strong></span> <span class='ocrx_word' id='word_1_426' title='bbox 1625 3904 1794 3959; x_wconf 86' lang='lat' dir='ltr'><strong>libido</strong></span> <span class='ocrx_word' id='word_1_427' title='bbox 1824 3903 2068 3976; x_wconf 89' lang='lat' dir='ltr'><strong>postulat</strong></span> 
     </span>
    </p>
   </div>
   <div class='ocr_carea' id='block_1_63' title="bbox 487 3984 2067 4068">
    <p class='ocr_par' dir='ltr' id='par_1_63' title="bbox 487 3984 2067 4068">
     <span class='ocr_line' id='line_1_63' title="bbox 487 3984 2067 4068; baseline 0.008 -29"><span class='ocrx_word' id='word_1_428' title='bbox 487 3985 729 4056; x_wconf 69' lang='lat' dir='ltr'><strong>esplere.</strong></span> <span class='ocrx_word' id='word_1_429' title='bbox 801 3984 898 4047; x_wconf 84' lang='lat' dir='ltr'><strong>Vel</strong></span> <span class='ocrx_word' id='word_1_430' title='bbox 950 3993 1113 4048; x_wconf 81' lang='lat' dir='ltr'><strong>aliter</strong></span> <span class='ocrx_word' id='word_1_431' title='bbox 1161 3994 1397 4051; x_wconf 87' lang='lat' dir='ltr'><strong>litteram</strong></span> <span class='ocrx_word' id='word_1_432' title='bbox 1447 3996 1563 4068; x_wconf 82' lang='lat' dir='ltr'><strong>lege</strong></span> <span class='ocrx_word' id='word_1_433' title='bbox 1618 4014 1633 4051; x_wconf 90' lang='lat'><strong>:</strong></span> <span class='ocrx_word' id='word_1_434' title='bbox 1676 3994 1878 4053; x_wconf 88' lang='lat' dir='ltr'><strong>Oculos</strong></span> <span class='ocrx_word' id='word_1_435' title='bbox 1930 4011 2067 4051; x_wconf 84' lang='lat' dir='ltr'><strong>suos</strong></span> 
     </span>
    </p>
   </div>
   <div class='ocr_carea' id='block_1_64' title="bbox 486 4085 2068 4159">
    <p class='ocr_par' dir='ltr' id='par_1_64' title="bbox 486 4085 2068 4159">
     <span class='ocr_line' id='line_1_64' title="bbox 486 4085 2068 4159; baseline 0.01 -29"><span class='ocrx_word' id='word_1_436' title='bbox 486 4085 800 4138; x_wconf 86' lang='lat' dir='ltr'><strong>statuerunt</strong></span> <span class='ocrx_word' id='word_1_437' title='bbox 833 4090 892 4139; x_wconf 90' lang='lat' dir='ltr'><strong>ut</strong></span> <span class='ocrx_word' id='word_1_438' title='bbox 920 4086 1197 4143; x_wconf 89' lang='lat' dir='ltr'><strong>declinent</strong></span> <span class='ocrx_word' id='word_1_439' title='bbox 1225 4090 1278 4143; x_wconf 91' lang='lat' dir='ltr'><strong>in</strong></span> <span class='ocrx_word' id='word_1_440' title='bbox 1309 4098 1511 4144; x_wconf 87' lang='lat' dir='ltr'><strong>terram</strong></span> <span class='ocrx_word' id='word_1_441' title='bbox 1543 4100 1557 4155; x_wconf 70' lang='grc' dir='ltr'><strong>ς</strong></span> <span class='ocrx_word' id='word_1_442' title='bbox 1591 4098 1642 4144; x_wconf 88' lang='lat' dir='ltr'><strong>et</strong></span> <span class='ocrx_word' id='word_1_443' title='bbox 1680 4096 1811 4144; x_wconf 91' lang='lat' dir='ltr'><strong>tunc</strong></span> <span class='ocrx_word' id='word_1_444' title='bbox 1853 4104 2068 4159; x_wconf 74' lang='lat' dir='ltr'><strong>expone</strong></span> 
     </span>
    </p>
   </div>
   <div class='ocr_carea' id='block_1_65' title="bbox 2169 3432 3733 3509">
    <p class='ocr_par' dir='ltr' id='par_1_65' title="bbox 2169 3432 3733 3509">
     <span class='ocr_line' id='line_1_65' title="bbox 2169 3432 3733 3509; baseline -0.003 -16"><span class='ocrx_word' id='word_1_445' title='bbox 2169 3432 2270 3509; x_wconf 69' lang='grc' dir='ltr'><strong>τῇ.</strong></span> <span class='ocrx_word' id='word_1_446' title='bbox 2308 3438 2553 3501; x_wconf 82' lang='grc' dir='ltr'>Ἔθεντο,</span> <span class='ocrx_word' id='word_1_447' title='bbox 2609 3437 2913 3507; x_wconf 68' lang='grc' dir='ltr'>ὲσκέψαντο</span> <span class='ocrx_word' id='word_1_448' title='bbox 2968 3434 3215 3492; x_wconf 75' lang='grc' dir='ltr'>ἐκκλῖναι</span> <span class='ocrx_word' id='word_1_449' title='bbox 3252 3437 3382 3498; x_wconf 74' lang='grc' dir='ltr'>τοὺς</span> <span class='ocrx_word' id='word_1_450' title='bbox 3439 3435 3733 3505; x_wconf 63' lang='grc' dir='ltr'>ὀφθαλμοὺς</span> 
     </span>
    </p>
   </div>
   <div class='ocr_carea' id='block_1_66' title="bbox 2170 3519 3734 3601">
    <p class='ocr_par' dir='ltr' id='par_1_66' title="bbox 2170 3519 3734 3601">
     <span class='ocr_line' id='line_1_66' title="bbox 2170 3519 3734 3601; baseline -0.004 -16"><span class='ocrx_word' id='word_1_451' title='bbox 2170 3530 2351 3585; x_wconf 80' lang='grc' dir='ltr'>αὐτῶν</span> <span class='ocrx_word' id='word_1_452' title='bbox 2386 3528 2495 3584; x_wconf 69' lang='grc' dir='ltr'><strong>ἀπὸ</strong></span> <span class='ocrx_word' id='word_1_453' title='bbox 2524 3531 2643 3595; x_wconf 86' lang='grc' dir='ltr'>σοῦ,</span> <span class='ocrx_word' id='word_1_454' title='bbox 2669 3529 2765 3583; x_wconf 82' lang='grc' dir='ltr'>τοῦ</span> <span class='ocrx_word' id='word_1_455' title='bbox 2816 3531 2875 3583; x_wconf 76' lang='grc' dir='ltr'>ἐν</span> <span class='ocrx_word' id='word_1_456' title='bbox 2903 3531 3156 3601; x_wconf 78' lang='grc' dir='ltr'>οὐρανοῖς</span> <span class='ocrx_word' id='word_1_457' title='bbox 3184 3519 3489 3592; x_wconf 73' lang='grc' dir='ltr'>οἰκοῦντος,</span> <span class='ocrx_word' id='word_1_458' title='bbox 3521 3531 3616 3582; x_wconf 72' lang='grc' dir='ltr'><strong>καὶ</strong></span> <span class='ocrx_word' id='word_1_459' title='bbox 3641 3530 3734 3580; x_wconf 72' lang='grc' dir='ltr'><strong>τῶν</strong></span> 
     </span>
    </p>
   </div>
   <div class='ocr_carea' id='block_1_67' title="bbox 2172 3616 3732 3692">
    <p class='ocr_par' dir='ltr' id='par_1_67' title="bbox 2172 3616 3732 3692">
     <span class='ocr_line' id='line_1_67' title="bbox 2172 3616 3732 3692; baseline -0.003 -15"><span class='ocrx_word' id='word_1_460' title='bbox 2172 3621 2284 3678; x_wconf 88' lang='grc' dir='ltr'><strong>σῶν</strong></span> <span class='ocrx_word' id='word_1_461' title='bbox 2340 3620 2809 3692; x_wconf 83' lang='grc' dir='ltr'>προσταγμάτων,</span> <span class='ocrx_word' id='word_1_462' title='bbox 2843 3619 2879 3675; x_wconf 79' lang='grc' dir='ltr'><strong>ἀ</strong></span> <span class='ocrx_word' id='word_1_463' title='bbox 2919 3620 3206 3675; x_wconf 80' lang='grc' dir='ltr'>κελεύουσι</span> <span class='ocrx_word' id='word_1_464' title='bbox 3262 3618 3336 3691; x_wconf 83' lang='grc' dir='ltr'>μὴ</span> <span class='ocrx_word' id='word_1_465' title='bbox 3393 3616 3601 3673; x_wconf 80' lang='grc' dir='ltr'>ἀδικεῖν</span> <span class='ocrx_word' id='word_1_466' title='bbox 3655 3622 3732 3673; x_wconf 70' lang='grc' dir='ltr'><strong>τίν</strong></span> 
     </span>
    </p>
   </div>
   <div class='ocr_carea' id='block_1_68' title="bbox 2167 3711 3727 3783">
    <p class='ocr_par' dir='ltr' id='par_1_68' title="bbox 2167 3711 3727 3783">
     <span class='ocr_line' id='line_1_68' title="bbox 2167 3711 3727 3783; baseline -0.005 -12"><span class='ocrx_word' id='word_1_467' title='bbox 2167 3718 2434 3781; x_wconf 86' lang='grc' dir='ltr'>ἀναίτιον,</span> <span class='ocrx_word' id='word_1_468' title='bbox 2468 3717 2547 3778; x_wconf 85' lang='grc' dir='ltr'><strong>εἰς</strong></span> <span class='ocrx_word' id='word_1_469' title='bbox 2569 3712 2696 3783; x_wconf 85' lang='grc' dir='ltr'>γῆν,</span> <span class='ocrx_word' id='word_1_470' title='bbox 2741 3713 3021 3767; x_wconf 79' lang='grc' dir='ltr'>τουτέστιν</span> <span class='ocrx_word' id='word_1_471' title='bbox 3065 3715 3144 3776; x_wconf 86' lang='grc' dir='ltr'><strong>είς</strong></span> <span class='ocrx_word' id='word_1_472' title='bbox 3185 3712 3391 3783; x_wconf 77' lang='grc' dir='ltr'>γεηράς</span> <span class='ocrx_word' id='word_1_473' title='bbox 3430 3711 3727 3781; x_wconf 72' lang='grc' dir='ltr'>ὲπιθυμίαςσ</span> 
     </span>
    </p>
   </div>
   <div class='ocr_carea' id='block_1_69' title="bbox 2176 3798 3726 3874">
    <p class='ocr_par' dir='ltr' id='par_1_69' title="bbox 2176 3798 3726 3874">
     <span class='ocr_line' id='line_1_69' title="bbox 2176 3798 3726 3874; baseline -0.003 -13"><span class='ocrx_word' id='word_1_474' title='bbox 2176 3806 2381 3869; x_wconf 79' lang='grc' dir='ltr'>αἵτινές</span> <span class='ocrx_word' id='word_1_475' title='bbox 2416 3809 2553 3860; x_wconf 74' lang='grc' dir='ltr'>εἰσιν</span> <span class='ocrx_word' id='word_1_476' title='bbox 2580 3803 2791 3874; x_wconf 81' lang='grc' dir='ltr'>ἀλόγως</span> <span class='ocrx_word' id='word_1_477' title='bbox 2812 3798 3130 3874; x_wconf 80' lang='grc' dir='ltr'>ἀποπλῆσαι</span> <span class='ocrx_word' id='word_1_478' title='bbox 3155 3800 3264 3859; x_wconf 75' lang='grc' dir='ltr'><strong>πᾶν</strong></span> <span class='ocrx_word' id='word_1_479' title='bbox 3295 3805 3357 3858; x_wconf 78' lang='grc' dir='ltr'>τὸ</span> <span class='ocrx_word' id='word_1_480' title='bbox 3370 3799 3509 3858; x_wconf 58' lang='grc' dir='ltr'>καθ’</span> <span class='ocrx_word' id='word_1_481' title='bbox 3530 3804 3726 3874; x_wconf 78' lang='grc' dir='ltr'>ἡδονήν,</span> 
     </span>
    </p>
   </div>
   <div class='ocr_carea' id='block_1_70' title="bbox 2177 3893 3728 3969">
    <p class='ocr_par' dir='ltr' id='par_1_70' title="bbox 2177 3893 3728 3969">
     <span class='ocr_line' id='line_1_70' title="bbox 2177 3893 3728 3969; baseline -0.005 -15"><span class='ocrx_word' id='word_1_482' title='bbox 2177 3900 2287 3954; x_wconf 71' lang='grc' dir='ltr'><strong>Καὶ</strong></span> <span class='ocrx_word' id='word_1_483' title='bbox 2316 3899 2441 3960; x_wconf 78' lang='grc' dir='ltr'>τοὺς</span> <span class='ocrx_word' id='word_1_484' title='bbox 2464 3898 2774 3968; x_wconf 76' lang='grc' dir='ltr'>ὀφθαλμοὺς</span> <span class='ocrx_word' id='word_1_485' title='bbox 2802 3898 2981 3951; x_wconf 81' lang='grc' dir='ltr'>αὐτῶν</span> <span class='ocrx_word' id='word_1_486' title='bbox 3018 3893 3332 3969; x_wconf 78' lang='grc' dir='ltr'>ἐστήριξαν,</span> <span class='ocrx_word' id='word_1_487' title='bbox 3360 3896 3728 3968; x_wconf 71' lang='grc' dir='ltr'>ἐπιτηροῦντες</span> 
     </span>
    </p>
   </div>
   <div class='ocr_carea' id='block_1_71' title="bbox 2176 3989 3729 4063">
    <p class='ocr_par' dir='ltr' id='par_1_71' title="bbox 2176 3989 3729 4063">
     <span class='ocr_line' id='line_1_71' title="bbox 2176 3989 3729 4063; baseline -0.005 -16"><span class='ocrx_word' id='word_1_488' title='bbox 2176 3992 2425 4047; x_wconf 64' lang='grc' dir='ltr'>ἐκκλῖναι</span> <span class='ocrx_word' id='word_1_489' title='bbox 2480 3991 2576 4045; x_wconf 77' lang='grc' dir='ltr'>καὶ</span> <span class='ocrx_word' id='word_1_490' title='bbox 2628 3989 2957 4045; x_wconf 79' lang='grc' dir='ltr'>καταϐαλεῖν</span> <span class='ocrx_word' id='word_1_491' title='bbox 3009 4006 3074 4061; x_wconf 87' lang='grc' dir='ltr'><strong>με</strong></span> <span class='ocrx_word' id='word_1_492' title='bbox 3115 3992 3197 4055; x_wconf 86' lang='grc' dir='ltr'><strong>είς</strong></span> <span class='ocrx_word' id='word_1_493' title='bbox 3251 3991 3378 4063; x_wconf 82' lang='grc' dir='ltr'>γῆν,</span> <span class='ocrx_word' id='word_1_494' title='bbox 3426 3990 3519 4043; x_wconf 80' lang='grc' dir='ltr'>ὑπ’</span> <span class='ocrx_word' id='word_1_495' title='bbox 3570 3990 3729 4043; x_wconf 75' lang='grc' dir='ltr'>αὐτῶν</span> 
     </span>
    </p>
   </div>
   <div class='ocr_carea' id='block_1_72' title="bbox 2175 4083 2678 4154">
    <p class='ocr_par' dir='ltr' id='par_1_72' title="bbox 2175 4083 2678 4154">
     <span class='ocr_line' id='line_1_72' title="bbox 2175 4083 2678 4154; baseline -0.01 -14"><span class='ocrx_word' id='word_1_496' title='bbox 2175 4087 2429 4154; x_wconf 83' lang='grc' dir='ltr'>άποσφατ</span> <span class='ocrx_word' id='word_1_497' title='bbox 2439 4083 2678 4153; x_wconf 86' lang='grc' dir='ltr'>τόμενον.</span> 
     </span>
    </p>
   </div>
   <div class='ocr_carea' id='block_1_73' title="bbox 486 4172 3724 4246">
    <p class='ocr_par' dir='ltr' id='par_1_73' title="bbox 486 4172 3724 4246">
     <span class='ocr_line' id='line_1_73' title="bbox 486 4172 3724 4246; baseline -0.001 -18"><span class='ocrx_word' id='word_1_498' title='bbox 486 4180 816 4243; x_wconf 84' lang='lat' dir='ltr'><strong>statuerunt,</strong></span> <span class='ocrx_word' id='word_1_499' title='bbox 858 4178 962 4236; x_wconf 84' lang='lat' dir='ltr'><strong>hoc</strong></span> <span class='ocrx_word' id='word_1_500' title='bbox 1009 4191 1091 4238; x_wconf 83' lang='lat' dir='ltr'><strong>cst</strong></span> <span class='ocrx_word' id='word_1_501' title='bbox 1146 4184 1527 4241; x_wconf 87' lang='lat' dir='ltr'><strong>stabilivcrunt</strong></span> <span class='ocrx_word' id='word_1_502' title='bbox 1560 4193 1615 4241; x_wconf 87' lang='lat' dir='ltr'><strong>et</strong></span> <span class='ocrx_word' id='word_1_503' title='bbox 1653 4181 2029 4246; x_wconf 74' lang='lat' dir='ltr'><strong>firmaverunt,</strong></span> <span class='ocrx_word' id='word_1_504' title='bbox 2062 4183 2415 4237; x_wconf 76' lang='lat' dir='ltr'><strong>observantes</strong></span> <span class='ocrx_word' id='word_1_505' title='bbox 2448 4178 2702 4233; x_wconf 87' lang='lat' dir='ltr'><strong>nimirum</strong></span> <span class='ocrx_word' id='word_1_506' title='bbox 2738 4184 2796 4231; x_wconf 88' lang='lat' dir='ltr'><strong>ttt</strong></span> <span class='ocrx_word' id='word_1_507' title='bbox 2823 4178 2971 4231; x_wconf 88' lang='lat' dir='ltr'><strong>illum</strong></span> <span class='ocrx_word' id='word_1_508' title='bbox 3009 4175 3271 4230; x_wconf 84' lang='lat' dir='ltr'><strong>inclinent</strong></span> <span class='ocrx_word' id='word_1_509' title='bbox 3296 4184 3349 4230; x_wconf 90' lang='lat' dir='ltr'><strong>et</strong></span> <span class='ocrx_word' id='word_1_510' title='bbox 3379 4175 3651 4229; x_wconf 80' lang='lat' dir='ltr'><strong>dctnitlam</strong></span> <span class='ocrx_word' id='word_1_511' title='bbox 3681 4172 3724 4226; x_wconf 87' lang='lat' dir='ltr'><strong>in</strong></span> 
     </span>
    </p>
   </div>
   <div class='ocr_carea' id='block_1_74' title="bbox 484 4264 3359 4343">
    <p class='ocr_par' dir='ltr' id='par_1_74' title="bbox 484 4264 3359 4343">
     <span class='ocr_line' id='line_1_74' title="bbox 484 4264 3359 4343; baseline 0 -19"><span class='ocrx_word' id='word_1_512' title='bbox 484 4264 711 4336; x_wconf 76' lang='lat' dir='ltr'><strong>&#39;erram,</strong></span> <span class='ocrx_word' id='word_1_513' title='bbox 743 4288 902 4343; x_wconf 87' lang='lat' dir='ltr'><strong>quem</strong></span> <span class='ocrx_word' id='word_1_514' title='bbox 952 4274 1080 4331; x_wconf 90' lang='lat' dir='ltr'><strong>olim</strong></span> <span class='ocrx_word' id='word_1_515' title='bbox 1115 4279 1278 4333; x_wconf 88' lang='lat' dir='ltr'><strong>morti</strong></span> <span class='ocrx_word' id='word_1_516' title='bbox 1327 4280 1544 4343; x_wconf 81' lang='lat' dir='ltr'><strong>tradere</strong></span> <span class='ocrx_word' id='word_1_517' title='bbox 1583 4279 1938 4335; x_wconf 80' lang='lat' dir='ltr'><strong>contendunt.</strong></span> <span class='ocrx_word' id='word_1_518' title='bbox 1974 4277 2163 4334; x_wconf 85' lang='lat' dir='ltr'><strong>Oratio</strong></span> <span class='ocrx_word' id='word_1_519' title='bbox 2187 4275 2330 4331; x_wconf 81' lang='lat' dir='ltr'><strong>enim</strong></span> <span class='ocrx_word' id='word_1_520' title='bbox 2370 4272 2554 4328; x_wconf 76' lang='lat' dir='ltr'><strong>Grzeca</strong></span> <span class='ocrx_word' id='word_1_521' title='bbox 2584 4280 2872 4341; x_wconf 85' lang='lat' dir='ltr'><strong>utrumque</strong></span> <span class='ocrx_word' id='word_1_522' title='bbox 2895 4282 3114 4327; x_wconf 82' lang='lat' dir='ltr'><strong>sensum</strong></span> <span class='ocrx_word' id='word_1_523' title='bbox 3147 4272 3359 4341; x_wconf 85' lang='lat' dir='ltr'><strong>recipit.</strong></span> 
     </span>
    </p>
   </div>
   <div class='ocr_carea' id='block_1_75' title="bbox 558 4360 2060 4443">
    <p class='ocr_par' dir='ltr' id='par_1_75' title="bbox 558 4360 2060 4443">
     <span class='ocr_line' id='line_1_75' title="bbox 558 4360 2060 4443; baseline 0.005 -26"><span class='ocrx_word' id='word_1_524' title='bbox 558 4360 725 4419; x_wconf 79' lang='lat' dir='ltr'><strong>Vens.</strong></span> <span class='ocrx_word' id='word_1_525' title='bbox 757 4365 846 4422; x_wconf 70' lang='grc'><strong>12.</strong></span> <span class='ocrx_word' id='word_1_526' title='bbox 883 4365 1239 4438; x_wconf 75' lang='lat' dir='ltr'><strong>Susceperunt</strong></span> <span class='ocrx_word' id='word_1_527' title='bbox 1280 4387 1361 4426; x_wconf 78' lang='lat' dir='ltr'><strong>me</strong></span> <span class='ocrx_word' id='word_1_528' title='bbox 1400 4373 1557 4443; x_wconf 78' lang='lat' dir='ltr'><strong>quasi</strong></span> <span class='ocrx_word' id='word_1_529' title='bbox 1600 4371 1679 4428; x_wconf 85' lang='lat' dir='ltr'><strong>leo</strong></span> <span class='ocrx_word' id='word_1_530' title='bbox 1728 4382 1950 4441; x_wconf 78' lang='lat' dir='ltr'><strong>paratus</strong></span> <span class='ocrx_word' id='word_1_531' title='bbox 1990 4373 2060 4427; x_wconf 85' lang='lat' dir='ltr'><strong>ad</strong></span> 
     </span>
    </p>
   </div>
   <div class='ocr_carea' id='block_1_76' title="bbox 480 4457 2056 4529">
    <p class='ocr_par' dir='ltr' id='par_1_76' title="bbox 480 4457 2056 4529">
     <span class='ocr_line' id='line_1_76' title="bbox 480 4457 2056 4529; baseline 0.005 -20"><span class='ocrx_word' id='word_1_532' title='bbox 480 4457 739 4523; x_wconf 74' lang='lat' dir='ltr'><strong>prwdam.</strong></span> <span class='ocrx_word' id='word_1_533' title='bbox 768 4467 819 4512; x_wconf 80' lang='lat' dir='ltr'><strong>et</strong></span> <span class='ocrx_word' id='word_1_534' title='bbox 845 4462 1000 4529; x_wconf 79' lang='lat' dir='ltr'><strong>quasi</strong></span> <span class='ocrx_word' id='word_1_535' title='bbox 1026 4462 1237 4516; x_wconf 79' lang='lat' dir='ltr'><strong>catulus</strong></span> <span class='ocrx_word' id='word_1_536' title='bbox 1274 4459 1440 4517; x_wconf 77' lang='lat' dir='ltr'><strong>leonis</strong></span> <span class='ocrx_word' id='word_1_537' title='bbox 1471 4462 1720 4516; x_wconf 75' lang='lat' dir='ltr'><strong>habitans</strong></span> <span class='ocrx_word' id='word_1_538' title='bbox 1754 4465 1808 4517; x_wconf 86' lang='lat' dir='ltr'><strong>in</strong></span> <span class='ocrx_word' id='word_1_539' title='bbox 1836 4463 2056 4517; x_wconf 80' lang='lat' dir='ltr'><strong>abditis.</strong></span> 
     </span>
    </p>
   </div>
   <div class='ocr_carea' id='block_1_77' title="bbox 482 4545 2061 4624">
    <p class='ocr_par' dir='ltr' id='par_1_77' title="bbox 482 4545 2061 4624">
     <span class='ocr_line' id='line_1_77' title="bbox 482 4545 2061 4624; baseline 0.006 -26"><span class='ocrx_word' id='word_1_540' title='bbox 482 4545 761 4610; x_wconf 75' lang='lat' dir='ltr'><strong>Qvantum</strong></span> <span class='ocrx_word' id='word_1_541' title='bbox 796 4550 863 4604; x_wconf 86' lang='lat' dir='ltr'><strong>ad</strong></span> <span class='ocrx_word' id='word_1_542' title='bbox 897 4561 1083 4604; x_wconf 82' lang='lat' dir='ltr'><strong>corum</strong></span> <span class='ocrx_word' id='word_1_543' title='bbox 1114 4568 1265 4621; x_wconf 85' lang='lat' dir='ltr'><strong>spcnt</strong></span> <span class='ocrx_word' id='word_1_544' title='bbox 1322 4552 1541 4615; x_wconf 84' lang='lat' dir='ltr'><strong>attinet,</strong></span> <span class='ocrx_word' id='word_1_545' title='bbox 1570 4553 1671 4624; x_wconf 88' lang='lat' dir='ltr'><strong>ipsi</strong></span> <span class='ocrx_word' id='word_1_546' title='bbox 1705 4569 1791 4609; x_wconf 90' lang='lat' dir='ltr'><strong>me</strong></span> <span class='ocrx_word' id='word_1_547' title='bbox 1827 4554 1901 4607; x_wconf 84' lang='lat' dir='ltr'><strong>ita</strong></span> <span class='ocrx_word' id='word_1_548' title='bbox 1932 4568 2061 4608; x_wconf 51' lang='lat' dir='ltr'><strong>sus.</strong></span> 
     </span>
    </p>
   </div>
   <div class='ocr_carea' id='block_1_78' title="bbox 483 4638 2059 4714">
    <p class='ocr_par' dir='ltr' id='par_1_78' title="bbox 483 4638 2059 4714">
     <span class='ocr_line' id='line_1_78' title="bbox 483 4638 2059 4714; baseline 0.005 -23"><span class='ocrx_word' id='word_1_549' title='bbox 483 4647 781 4709; x_wconf 78' lang='lat' dir='ltr'><strong>ceperunt;</strong></span> <span class='ocrx_word' id='word_1_550' title='bbox 834 4642 991 4712; x_wconf 86' lang='lat' dir='ltr'><strong>quasi</strong></span> <span class='ocrx_word' id='word_1_551' title='bbox 1024 4640 1176 4699; x_wconf 88' lang='lat' dir='ltr'><strong>dicat</strong></span> <span class='ocrx_word' id='word_1_552' title='bbox 1207 4662 1220 4699; x_wconf 75' lang='grc' dir='ltr'>ε</span> <span class='ocrx_word' id='word_1_553' title='bbox 1251 4638 1336 4699; x_wconf 86' lang='grc' dir='ltr'><strong>11ιί</strong></span> <span class='ocrx_word' id='word_1_554' title='bbox 1366 4642 1668 4714; x_wconf 86' lang='lat' dir='ltr'><strong>sperabant</strong></span> <span class='ocrx_word' id='word_1_555' title='bbox 1697 4645 1960 4702; x_wconf 84' lang='lat' dir='ltr'><strong>accedere</strong></span> <span class='ocrx_word' id='word_1_556' title='bbox 1990 4642 2059 4699; x_wconf 91' lang='lat' dir='ltr'><strong>ad</strong></span> 
     </span>
    </p>
   </div>
   <div class='ocr_carea' id='block_1_79' title="bbox 2237 4361 3722 4435">
    <p class='ocr_par' dir='ltr' id='par_1_79' title="bbox 2237 4361 3722 4435">
     <span class='ocr_line' id='line_1_79' title="bbox 2237 4361 3722 4435; baseline -0.005 -14"><span class='ocrx_word' id='word_1_557' title='bbox 2237 4365 2649 4435; x_wconf 75' lang='grc' dir='ltr'><strong>’Υπέλαὸόνμε</strong></span> <span class='ocrx_word' id='word_1_558' title='bbox 2670 4363 2813 4419; x_wconf 83' lang='grc' dir='ltr'>ὡσεί</span> <span class='ocrx_word' id='word_1_559' title='bbox 2843 4366 3004 4419; x_wconf 80' lang='grc' dir='ltr'>λέων</span> <span class='ocrx_word' id='word_1_560' title='bbox 3027 4365 3263 4434; x_wconf 77' lang='grc' dir='ltr'>ἕτοιμος</span> <span class='ocrx_word' id='word_1_561' title='bbox 3292 4366 3382 4431; x_wconf 85' lang='grc' dir='ltr'>εις</span> <span class='ocrx_word' id='word_1_562' title='bbox 3407 4362 3618 4431; x_wconf 79' lang='grc' dir='ltr'>θήραν,</span> <span class='ocrx_word' id='word_1_563' title='bbox 3639 4361 3722 4415; x_wconf 76' lang='grc' dir='ltr'><strong>καί</strong></span> 
     </span>
    </p>
   </div>
   <div class='ocr_carea' id='block_1_80' title="bbox 2160 4456 3721 4527">
    <p class='ocr_par' dir='ltr' id='par_1_80' title="bbox 2160 4456 3721 4527">
     <span class='ocr_line' id='line_1_80' title="bbox 2160 4456 3721 4527; baseline -0.008 -12"><span class='ocrx_word' id='word_1_564' title='bbox 2160 4460 2305 4515; x_wconf 79' lang='grc' dir='ltr'>ὡσεί</span> <span class='ocrx_word' id='word_1_565' title='bbox 2351 4460 2627 4527; x_wconf 80' lang='grc' dir='ltr'>σκύμνος</span> <span class='ocrx_word' id='word_1_566' title='bbox 2665 4457 2846 4512; x_wconf 72' lang='grc' dir='ltr'>οἰκῶν</span> <span class='ocrx_word' id='word_1_567' title='bbox 2894 4456 2964 4510; x_wconf 80' lang='grc' dir='ltr'><strong>ἐν</strong></span> <span class='ocrx_word' id='word_1_568' title='bbox 3004 4456 3408 4526; x_wconf 72' lang='grc' dir='ltr'>άποκρύςροις.</span> <span class='ocrx_word' id='word_1_569' title='bbox 3447 4456 3608 4510; x_wconf 82' lang='grc' dir='ltr'>Ὅσον</span> <span class='ocrx_word' id='word_1_570' title='bbox 3645 4456 3721 4505; x_wconf 75' lang='grc' dir='ltr'><strong>ἐπὶ</strong></span> 
     </span>
    </p>
   </div>
   <div class='ocr_carea' id='block_1_81' title="bbox 2160 4548 3721 4619">
    <p class='ocr_par' dir='ltr' id='par_1_81' title="bbox 2160 4548 3721 4619">
     <span class='ocr_line' id='line_1_81' title="bbox 2160 4548 3721 4619; baseline -0.009 -11"><span class='ocrx_word' id='word_1_571' title='bbox 2160 4556 2279 4617; x_wconf 79' lang='grc' dir='ltr'>ταῖς</span> <span class='ocrx_word' id='word_1_572' title='bbox 2304 4551 2515 4607; x_wconf 78' lang='grc' dir='ltr'>ἑαυτῶν</span> <span class='ocrx_word' id='word_1_573' title='bbox 2546 4552 2785 4615; x_wconf 67' lang='grc' dir='ltr'>ἐλπίσιν,</span> <span class='ocrx_word' id='word_1_574' title='bbox 2844 4550 3118 4604; x_wconf 75' lang='grc' dir='ltr'>ὑπέλαὸόν</span> <span class='ocrx_word' id='word_1_575' title='bbox 3182 4567 3272 4619; x_wconf 88' lang='grc' dir='ltr'><strong>με,</strong></span> <span class='ocrx_word' id='word_1_576' title='bbox 3322 4548 3602 4602; x_wconf 84' lang='grc' dir='ltr'>τουτέστιν</span> <span class='ocrx_word' id='word_1_577' title='bbox 3634 4548 3721 4599; x_wconf 73' lang='grc' dir='ltr'><strong>ὑπο</strong></span> 
     </span>
    </p>
   </div>
   <div class='ocr_carea' id='block_1_82' title="bbox 2161 4641 3719 4714">
    <p class='ocr_par' dir='ltr' id='par_1_82' title="bbox 2161 4641 3719 4714">
     <span class='ocr_line' id='line_1_82' title="bbox 2161 4641 3719 4714; baseline -0.006 -15"><span class='ocrx_word' id='word_1_578' title='bbox 2161 4641 2432 4709; x_wconf 82' lang='grc' dir='ltr'>ελθόντες,</span> <span class='ocrx_word' id='word_1_579' title='bbox 2459 4642 2804 4714; x_wconf 76' lang='grc' dir='ltr'>μετειῦρισαν</span> <span class='ocrx_word' id='word_1_580' title='bbox 2832 4643 2932 4713; x_wconf 79' lang='grc' dir='ltr'>τῆς</span> <span class='ocrx_word' id='word_1_581' title='bbox 2955 4642 3060 4712; x_wconf 82' lang='grc' dir='ltr'>γῆς</span> <span class='ocrx_word' id='word_1_582' title='bbox 3084 4642 3439 4712; x_wconf 86' lang='grc' dir='ltr'>ἀνάρπαστον</span> <span class='ocrx_word' id='word_1_583' title='bbox 3460 4645 3719 4710; x_wconf 79' lang='grc' dir='ltr'>φέροντες.</span> 
     </span>
    </p>
   </div>
   <div class='ocr_carea' id='block_1_83' title="bbox 485 4730 2064 4823">
    <p class='ocr_par' dir='ltr' id='par_1_83' title="bbox 485 4734 2055 4805">
     <span class='ocr_line' id='line_1_83' title="bbox 485 4734 2055 4805; baseline 0.003 -20"><span class='ocrx_word' id='word_1_584' title='bbox 485 4746 594 4797; x_wconf 88' lang='lat' dir='ltr'><strong>me,</strong></span> <span class='ocrx_word' id='word_1_585' title='bbox 652 4741 708 4787; x_wconf 86' lang='lat' dir='ltr'><strong>et</strong></span> <span class='ocrx_word' id='word_1_586' title='bbox 762 4734 1049 4802; x_wconf 86' lang='lat' dir='ltr'><strong>suscipere</strong></span> <span class='ocrx_word' id='word_1_587' title='bbox 1084 4750 1213 4790; x_wconf 89' lang='lat' dir='ltr'><strong>me:</strong></span> <span class='ocrx_word' id='word_1_588' title='bbox 1245 4734 1350 4790; x_wconf 86' lang='lat' dir='ltr'><strong>hoc</strong></span> <span class='ocrx_word' id='word_1_589' title='bbox 1385 4744 1470 4791; x_wconf 89' lang='lat' dir='ltr'><strong>cst</strong></span> <span class='ocrx_word' id='word_1_590' title='bbox 1502 4752 1720 4791; x_wconf 88' lang='lat' dir='ltr'><strong>sursum</strong></span> <span class='ocrx_word' id='word_1_591' title='bbox 1779 4736 2055 4805; x_wconf 82' lang='lat' dir='ltr'><strong>accipere,</strong></span> 
     </span>
    </p>
   </div>
   <div class='ocr_carea' id='block_1_84' title="bbox 2176 4730 3718 4823">
    <p class='ocr_par' dir='ltr' id='par_1_84' title="bbox 2176 4730 3718 4809">
     <span class='ocr_line' id='line_1_84' title="bbox 2176 4730 3718 4809; baseline -0.008 -17"><span class='ocrx_word' id='word_1_592' title='bbox 2176 4738 2445 4809; x_wconf 73' lang='grc' dir='ltr'>Διαφοράν</span> <span class='ocrx_word' id='word_1_593' title='bbox 2469 4737 2526 4790; x_wconf 78' lang='grc' dir='ltr'><strong>δὲ</strong></span> <span class='ocrx_word' id='word_1_594' title='bbox 2556 4736 2649 4789; x_wconf 82' lang='grc' dir='ltr'>τοῦ</span> <span class='ocrx_word' id='word_1_595' title='bbox 2684 4737 2897 4800; x_wconf 85' lang='grc' dir='ltr'>λέοντος</span> <span class='ocrx_word' id='word_1_596' title='bbox 2929 4734 3027 4789; x_wconf 70' lang='grc' dir='ltr'>καὶ</span> <span class='ocrx_word' id='word_1_597' title='bbox 3057 4734 3154 4789; x_wconf 75' lang='grc' dir='ltr'><strong>τοῦ</strong></span> <span class='ocrx_word' id='word_1_598' title='bbox 3181 4735 3426 4805; x_wconf 84' lang='grc' dir='ltr'>σκύμνου</span> <span class='ocrx_word' id='word_1_599' title='bbox 3483 4730 3718 4797; x_wconf 73' lang='grc' dir='ltr'>τοιαύτην</span> 
     </span>
    </p>
   </div>
   <div class='ocr_carea' id='block_1_85' title="bbox 480 4820 2058 4897">
    <p class='ocr_par' dir='ltr' id='par_1_85' title="bbox 480 4820 2058 4897">
     <span class='ocr_line' id='line_1_85' title="bbox 480 4820 2058 4897; baseline 0.006 -24"><span class='ocrx_word' id='word_1_600' title='bbox 480 4829 646 4888; x_wconf 84' lang='lat' dir='ltr'><strong>atque</strong></span> <span class='ocrx_word' id='word_1_601' title='bbox 706 4820 975 4879; x_wconf 77' lang='lat' dir='ltr'><strong>extollere</strong></span> <span class='ocrx_word' id='word_1_602' title='bbox 1038 4838 1066 4878; x_wconf 86' lang='lat' dir='ltr'><strong>a</strong></span> <span class='ocrx_word' id='word_1_603' title='bbox 1127 4833 1299 4890; x_wconf 91' lang='lat' dir='ltr'><strong>terra,</strong></span> <span class='ocrx_word' id='word_1_604' title='bbox 1355 4833 1409 4881; x_wconf 88' lang='lat' dir='ltr'><strong>et</strong></span> <span class='ocrx_word' id='word_1_605' title='bbox 1464 4826 1804 4897; x_wconf 58' lang='lat' dir='ltr'><strong>discerptum</strong></span> <span class='ocrx_word' id='word_1_606' title='bbox 1842 4823 2058 4882; x_wconf 76' lang='lat' dir='ltr'><strong>cllerre.</strong></span> 
     </span>
    </p>
   </div>
   <div class='ocr_carea' id='block_1_86' title="bbox 483 4911 2060 4989">
    <p class='ocr_par' dir='ltr' id='par_1_86' title="bbox 483 4911 2060 4989">
     <span class='ocr_line' id='line_1_86' title="bbox 483 4911 2060 4989; baseline 0.004 -22"><span class='ocrx_word' id='word_1_607' title='bbox 483 4911 865 4969; x_wconf 66' lang='lat' dir='ltr'><strong>ltitrrrentiam</strong></span> <span class='ocrx_word' id='word_1_608' title='bbox 898 4917 1046 4972; x_wconf 92' lang='lat' dir='ltr'><strong>inter</strong></span> <span class='ocrx_word' id='word_1_609' title='bbox 1070 4915 1287 4973; x_wconf 81' lang='lat' dir='ltr'><strong>leonem</strong></span> <span class='ocrx_word' id='word_1_610' title='bbox 1317 4926 1372 4974; x_wconf 89' lang='lat' dir='ltr'><strong>et</strong></span> <span class='ocrx_word' id='word_1_611' title='bbox 1407 4918 1585 4973; x_wconf 91' lang='lat' dir='ltr'><strong>leonis</strong></span> <span class='ocrx_word' id='word_1_612' title='bbox 1637 4918 1906 4984; x_wconf 86' lang='lat' dir='ltr'><strong>catulum,</strong></span> <span class='ocrx_word' id='word_1_613' title='bbox 1932 4919 2060 4989; x_wconf 87' lang='lat' dir='ltr'><strong>qni-</strong></span> 
     </span>
    </p>
   </div>
   <div class='ocr_carea' id='block_1_87' title="bbox 478 5005 2062 5080">
    <p class='ocr_par' dir='ltr' id='par_1_87' title="bbox 478 5005 2062 5080">
     <span class='ocr_line' id='line_1_87' title="bbox 478 5005 2062 5080; baseline 0.004 -19"><span class='ocrx_word' id='word_1_614' title='bbox 478 5007 605 5061; x_wconf 87' lang='lat' dir='ltr'><strong>dam</strong></span> <span class='ocrx_word' id='word_1_615' title='bbox 662 5005 983 5077; x_wconf 68' lang='lat' dir='ltr'><strong>huiusmodi</strong></span> <span class='ocrx_word' id='word_1_616' title='bbox 1037 5006 1391 5065; x_wconf 87' lang='lat' dir='ltr'><strong>tradiderunt</strong></span> <span class='ocrx_word' id='word_1_617' title='bbox 1445 5010 1910 5080; x_wconf 90' lang='lat' dir='ltr'><strong>dicentes:quod</strong></span> <span class='ocrx_word' id='word_1_618' title='bbox 1975 5012 2062 5069; x_wconf 90' lang='lat' dir='ltr'><strong>leo</strong></span> 
     </span>
    </p>
   </div>
   <div class='ocr_carea' id='block_1_88' title="bbox 480 5100 2062 5177">
    <p class='ocr_par' dir='ltr' id='par_1_88' title="bbox 480 5100 2062 5177">
     <span class='ocr_line' id='line_1_88' title="bbox 480 5100 2062 5177; baseline 0.005 -24"><span class='ocrx_word' id='word_1_619' title='bbox 480 5100 713 5171; x_wconf 86' lang='lat' dir='ltr'><strong>proprio</strong></span> <span class='ocrx_word' id='word_1_620' title='bbox 747 5102 921 5158; x_wconf 80' lang='lat' dir='ltr'><strong>fretus</strong></span> <span class='ocrx_word' id='word_1_621' title='bbox 950 5103 1151 5159; x_wconf 86' lang='lat' dir='ltr'><strong>robore</strong></span> <span class='ocrx_word' id='word_1_622' title='bbox 1178 5102 1469 5159; x_wconf 78' lang='lat' dir='ltr'><strong>manifeste</strong></span> <span class='ocrx_word' id='word_1_623' title='bbox 1500 5120 1567 5158; x_wconf 90' lang='lat' dir='ltr'><strong>ac</strong></span> <span class='ocrx_word' id='word_1_624' title='bbox 1602 5106 1785 5175; x_wconf 89' lang='lat' dir='ltr'><strong>palam</strong></span> <span class='ocrx_word' id='word_1_625' title='bbox 1820 5104 1983 5177; x_wconf 87' lang='lat' dir='ltr'><strong>rapit,</strong></span> <span class='ocrx_word' id='word_1_626' title='bbox 2008 5116 2062 5161; x_wconf 91' lang='lat' dir='ltr'><strong>et</strong></span> 
     </span>
    </p>
   </div>
   <div class='ocr_carea' id='block_1_89' title="bbox 476 5193 2060 5268">
    <p class='ocr_par' dir='ltr' id='par_1_89' title="bbox 476 5193 2060 5268">
     <span class='ocr_line' id='line_1_89' title="bbox 476 5193 2060 5268; baseline 0.004 -21"><span class='ocrx_word' id='word_1_627' title='bbox 476 5194 626 5264; x_wconf 84' lang='lat' dir='ltr'><strong>quod</strong></span> <span class='ocrx_word' id='word_1_628' title='bbox 654 5193 871 5251; x_wconf 88' lang='lat' dir='ltr'><strong>catulus</strong></span> <span class='ocrx_word' id='word_1_629' title='bbox 896 5202 1275 5252; x_wconf 55' lang='lat' dir='ltr'><strong>tanta‘carens</strong></span> <span class='ocrx_word' id='word_1_630' title='bbox 1306 5197 1637 5253; x_wconf 78' lang='lat' dir='ltr'><strong>conﬁdentia</strong></span> <span class='ocrx_word' id='word_1_631' title='bbox 1659 5239 1674 5261; x_wconf 90' lang='lat'><strong>,</strong></span> <span class='ocrx_word' id='word_1_632' title='bbox 1708 5197 1847 5251; x_wconf 91' lang='lat' dir='ltr'><strong>clam</strong></span> <span class='ocrx_word' id='word_1_633' title='bbox 1894 5207 2060 5268; x_wconf 84' lang='lat' dir='ltr'><strong>atque</strong></span> 
     </span>
    </p>
   </div>
   <div class='ocr_carea' id='block_1_90' title="bbox 474 5285 2057 5356">
    <p class='ocr_par' dir='ltr' id='par_1_90' title="bbox 474 5285 2057 5356">
     <span class='ocr_line' id='line_1_90' title="bbox 474 5285 2057 5356; baseline 0.003 -17"><span class='ocrx_word' id='word_1_634' title='bbox 474 5285 699 5342; x_wconf 88' lang='lat' dir='ltr'><strong>occulte</strong></span> <span class='ocrx_word' id='word_1_635' title='bbox 731 5301 791 5341; x_wconf 90' lang='lat' dir='ltr'><strong>se</strong></span> <span class='ocrx_word' id='word_1_636' title='bbox 830 5288 1073 5356; x_wconf 83' lang='lat' dir='ltr'><strong>accingit</strong></span> <span class='ocrx_word' id='word_1_637' title='bbox 1104 5287 1171 5343; x_wconf 90' lang='lat' dir='ltr'><strong>ad</strong></span> <span class='ocrx_word' id='word_1_638' title='bbox 1207 5288 1470 5356; x_wconf 70' lang='lat' dir='ltr'><strong>praedam.</strong></span> <span class='ocrx_word' id='word_1_639' title='bbox 1505 5288 1646 5344; x_wconf 88' lang='lat' dir='ltr'><strong>unde</strong></span> <span class='ocrx_word' id='word_1_640' title='bbox 1674 5288 1895 5345; x_wconf 86' lang='lat' dir='ltr'><strong>abditus</strong></span> <span class='ocrx_word' id='word_1_641' title='bbox 1919 5303 2057 5345; x_wconf 89' lang='lat' dir='ltr'><strong>con-</strong></span> 
     </span>
    </p>
   </div>
   <div class='ocr_carea' id='block_1_91' title="bbox 484 5377 2057 5451">
    <p class='ocr_par' dir='ltr' id='par_1_91' title="bbox 484 5377 2057 5451">
     <span class='ocr_line' id='line_1_91' title="bbox 484 5377 2057 5451; baseline 0.003 -18"><span class='ocrx_word' id='word_1_642' title='bbox 484 5379 669 5435; x_wconf 89' lang='lat' dir='ltr'><strong>sidere</strong></span> <span class='ocrx_word' id='word_1_643' title='bbox 702 5378 928 5435; x_wconf 86' lang='lat' dir='ltr'><strong>dicitur.</strong></span> <span class='ocrx_word' id='word_1_644' title='bbox 972 5377 1085 5437; x_wconf 87' lang='lat' dir='ltr'><strong>Hoc</strong></span> <span class='ocrx_word' id='word_1_645' title='bbox 1118 5387 1278 5451; x_wconf 85' lang='lat' dir='ltr'><strong>pacto</strong></span> <span class='ocrx_word' id='word_1_646' title='bbox 1307 5382 1471 5437; x_wconf 85' lang='lat' dir='ltr'><strong>etiam</strong></span> <span class='ocrx_word' id='word_1_647' title='bbox 1503 5382 1854 5437; x_wconf 83' lang='lat' dir='ltr'><strong>inimicorum</strong></span> <span class='ocrx_word' id='word_1_648' title='bbox 1913 5382 2057 5438; x_wconf 86' lang='lat' dir='ltr'><strong>beati</strong></span> 
     </span>
    </p>
   </div>
   <div class='ocr_carea' id='block_1_92' title="bbox 480 5466 2056 5544">
    <p class='ocr_par' dir='ltr' id='par_1_92' title="bbox 480 5466 2056 5544">
     <span class='ocr_line' id='line_1_92' title="bbox 480 5466 2056 5544; baseline 0.003 -19"><span class='ocrx_word' id='word_1_649' title='bbox 480 5466 674 5541; x_wconf 81' lang='lat' dir='ltr'><strong>David,</strong></span> <span class='ocrx_word' id='word_1_650' title='bbox 714 5472 805 5530; x_wconf 86' lang='lat' dir='ltr'><strong>alii</strong></span> <span class='ocrx_word' id='word_1_651' title='bbox 842 5487 1036 5544; x_wconf 87' lang='lat' dir='ltr'><strong>aperto</strong></span> <span class='ocrx_word' id='word_1_652' title='bbox 1070 5472 1246 5532; x_wconf 83' lang='lat' dir='ltr'><strong>Marte</strong></span> <span class='ocrx_word' id='word_1_653' title='bbox 1277 5477 1392 5533; x_wconf 86' lang='lat' dir='ltr'><strong>suis</strong></span> <span class='ocrx_word' id='word_1_654' title='bbox 1433 5476 1556 5532; x_wconf 79' lang='lat' dir='ltr'><strong>freti</strong></span> <span class='ocrx_word' id='word_1_655' title='bbox 1610 5475 1823 5531; x_wconf 83' lang='lat' dir='ltr'><strong>viribus</strong></span> <span class='ocrx_word' id='word_1_656' title='bbox 1853 5476 1905 5530; x_wconf 90' lang='lat' dir='ltr'><strong>in</strong></span> <span class='ocrx_word' id='word_1_657' title='bbox 1933 5491 2056 5530; x_wconf 81' lang='lat' dir='ltr'><strong>cum</strong></span> 
     </span>
    </p>
   </div>
   <div class='ocr_carea' id='block_1_93' title="bbox 482 5564 2057 5637">
    <p class='ocr_par' dir='ltr' id='par_1_93' title="bbox 482 5564 2057 5637">
     <span class='ocr_line' id='line_1_93' title="bbox 482 5564 2057 5637; baseline 0.003 -19"><span class='ocrx_word' id='word_1_658' title='bbox 482 5564 793 5630; x_wconf 86' lang='lat' dir='ltr'><strong>irruebant,</strong></span> <span class='ocrx_word' id='word_1_659' title='bbox 851 5564 943 5623; x_wconf 87' lang='lat' dir='ltr'><strong>alii</strong></span> <span class='ocrx_word' id='word_1_660' title='bbox 978 5580 1163 5626; x_wconf 86' lang='lat' dir='ltr'><strong>autem</strong></span> <span class='ocrx_word' id='word_1_661' title='bbox 1195 5569 1361 5624; x_wconf 89' lang='lat' dir='ltr'><strong>veluti</strong></span> <span class='ocrx_word' id='word_1_662' title='bbox 1414 5566 1723 5624; x_wconf 86' lang='lat' dir='ltr'><strong>timidiores</strong></span> <span class='ocrx_word' id='word_1_663' title='bbox 1758 5566 1863 5623; x_wconf 90' lang='lat' dir='ltr'><strong>sibi</strong></span> <span class='ocrx_word' id='word_1_664' title='bbox 1924 5569 2057 5637; x_wconf 70' lang='lat' dir='ltr'><strong>ipsis</strong></span> 
     </span>
    </p>
   </div>
   <div class='ocr_carea' id='block_1_94' title="bbox 482 5654 2053 5724">
    <p class='ocr_par' dir='ltr' id='par_1_94' title="bbox 482 5654 2053 5724">
     <span class='ocr_line' id='line_1_94' title="bbox 482 5654 2053 5724; baseline 0.001 -17"><span class='ocrx_word' id='word_1_665' title='bbox 482 5664 593 5707; x_wconf 86' lang='lat' dir='ltr'><strong>tton</strong></span> <span class='ocrx_word' id='word_1_666' title='bbox 615 5656 749 5710; x_wconf 79' lang='lat' dir='ltr'><strong>adeo</strong></span> <span class='ocrx_word' id='word_1_667' title='bbox 774 5654 1026 5722; x_wconf 74' lang='lat' dir='ltr'><strong>litlcntcs,</strong></span> <span class='ocrx_word' id='word_1_668' title='bbox 1047 5660 1185 5713; x_wconf 87' lang='lat' dir='ltr'><strong>clam</strong></span> <span class='ocrx_word' id='word_1_669' title='bbox 1213 5657 1442 5712; x_wconf 73' lang='lat' dir='ltr'><strong>insidias</strong></span> <span class='ocrx_word' id='word_1_670' title='bbox 1472 5659 1795 5724; x_wconf 79' lang='lat' dir='ltr'><strong>struebant;</strong></span> <span class='ocrx_word' id='word_1_671' title='bbox 1832 5658 2053 5711; x_wconf 83' lang='lat' dir='ltr'><strong>tametsi</strong></span> 
     </span>
    </p>
   </div>
   <div class='ocr_carea' id='block_1_95' title="bbox 2165 4824 3717 4899">
    <p class='ocr_par' dir='ltr' id='par_1_95' title="bbox 2165 4824 3717 4899">
     <span class='ocr_line' id='line_1_95' title="bbox 2165 4824 3717 4899; baseline -0.006 -13"><span class='ocrx_word' id='word_1_672' title='bbox 2165 4830 2310 4895; x_wconf 76' lang='grc' dir='ltr'>τινὲς</span> <span class='ocrx_word' id='word_1_673' title='bbox 2338 4828 2769 4893; x_wconf 82' lang='grc' dir='ltr'>ἀποδεδώκασιν,</span> <span class='ocrx_word' id='word_1_674' title='bbox 2827 4827 2905 4893; x_wconf 80' lang='grc' dir='ltr'>ὡς</span> <span class='ocrx_word' id='word_1_675' title='bbox 2940 4828 2968 4881; x_wconf 76' lang='grc' dir='ltr'><strong><em>ὁ</em></strong></span> <span class='ocrx_word' id='word_1_676' title='bbox 2998 4829 3098 4899; x_wconf 77' lang='grc' dir='ltr'>μὲν</span> <span class='ocrx_word' id='word_1_677' title='bbox 3119 4828 3259 4899; x_wconf 81' lang='grc' dir='ltr'>ἀλκῇ</span> <span class='ocrx_word' id='word_1_678' title='bbox 3291 4824 3587 4889; x_wconf 85' lang='grc' dir='ltr'>πεποιθὼς,</span> <span class='ocrx_word' id='word_1_679' title='bbox 3628 4841 3717 4892; x_wconf 62' lang='lat' dir='ltr'><strong>qta-</strong></span> 
     </span>
    </p>
   </div>
   <div class='ocr_carea' id='block_1_96' title="bbox 2164 4918 3720 4996">
    <p class='ocr_par' dir='ltr' id='par_1_96' title="bbox 2164 4918 3720 4996">
     <span class='ocr_line' id='line_1_96' title="bbox 2164 4918 3720 4996; baseline -0.008 -17"><span class='ocrx_word' id='word_1_680' title='bbox 2164 4925 2322 4996; x_wconf 88' lang='grc' dir='ltr'>νερός</span> <span class='ocrx_word' id='word_1_681' title='bbox 2349 4926 2499 4978; x_wconf 72' lang='grc' dir='ltr'>ἐστιν</span> <span class='ocrx_word' id='word_1_682' title='bbox 2533 4923 2625 4976; x_wconf 69' lang='grc' dir='ltr'><strong>ἐπὶ</strong></span> <span class='ocrx_word' id='word_1_683' title='bbox 2655 4923 2735 4993; x_wconf 84' lang='grc' dir='ltr'>τῷ</span> <span class='ocrx_word' id='word_1_684' title='bbox 2781 4920 3068 4994; x_wconf 60' lang='grc' dir='ltr'>θηρεύειν</span> <span class='ocrx_word' id='word_1_685' title='bbox 3120 4922 3149 4973; x_wconf 81' lang='grc' dir='ltr'><strong>ό</strong></span> <span class='ocrx_word' id='word_1_686' title='bbox 3186 4921 3244 4974; x_wconf 69' lang='grc' dir='ltr'><strong>δὲ</strong></span> <span class='ocrx_word' id='word_1_687' title='bbox 3284 4920 3546 4989; x_wconf 83' lang='grc' dir='ltr'>σκύμνος.</span> <span class='ocrx_word' id='word_1_688' title='bbox 3570 4918 3720 4987; x_wconf 74' lang='grc' dir='ltr'>μήπω</span> 
     </span>
    </p>
   </div>
   <div class='ocr_carea' id='block_1_97' title="bbox 2162 5010 3721 5088">
    <p class='ocr_par' dir='ltr' id='par_1_97' title="bbox 2162 5010 3721 5088">
     <span class='ocr_line' id='line_1_97' title="bbox 2162 5010 3721 5088; baseline -0.007 -20"><span class='ocrx_word' id='word_1_689' title='bbox 2162 5014 2386 5088; x_wconf 78' lang='grc' dir='ltr'>θαρρῶν</span> <span class='ocrx_word' id='word_1_690' title='bbox 2422 5016 2493 5070; x_wconf 73' lang='grc' dir='ltr'>ἐκ</span> <span class='ocrx_word' id='word_1_691' title='bbox 2518 5015 2613 5069; x_wconf 83' lang='grc' dir='ltr'>τοῦ</span> <span class='ocrx_word' id='word_1_692' title='bbox 2646 5013 2964 5085; x_wconf 81' lang='grc' dir='ltr'>προφανοῦς</span> <span class='ocrx_word' id='word_1_693' title='bbox 2998 5010 3291 5084; x_wconf 75' lang='grc' dir='ltr'>ἁρπάζειν,</span> <span class='ocrx_word' id='word_1_694' title='bbox 3337 5011 3571 5079; x_wconf 85' lang='grc' dir='ltr'>κάθηται</span> <span class='ocrx_word' id='word_1_695' title='bbox 3602 5024 3721 5074; x_wconf 72' lang='grc' dir='ltr'>κρυο</span> 
     </span>
    </p>
   </div>
   <div class='ocr_carea' id='block_1_98' title="bbox 2161 5100 3717 5179">
    <p class='ocr_par' dir='ltr' id='par_1_98' title="bbox 2161 5100 3717 5179">
     <span class='ocr_line' id='line_1_98' title="bbox 2161 5100 3717 5179; baseline -0.01 -18"><span class='ocrx_word' id='word_1_696' title='bbox 2161 5108 2453 5179; x_wconf 85' lang='grc' dir='ltr'>πτὸμενος.</span> <span class='ocrx_word' id='word_1_697' title='bbox 2507 5108 2619 5162; x_wconf 76' lang='grc' dir='ltr'>Καὶ</span> <span class='ocrx_word' id='word_1_698' title='bbox 2671 5106 2779 5160; x_wconf 82' lang='grc' dir='ltr'><strong>τῶν</strong></span> <span class='ocrx_word' id='word_1_699' title='bbox 2839 5105 3055 5175; x_wconf 79' lang='grc' dir='ltr'>ἐχθρῶν</span> <span class='ocrx_word' id='word_1_700' title='bbox 3103 5103 3270 5157; x_wconf 78' lang='grc' dir='ltr'>αὑτοῦ</span> <span class='ocrx_word' id='word_1_701' title='bbox 3327 5103 3511 5157; x_wconf 88' lang='grc' dir='ltr'>τοίνυν</span> <span class='ocrx_word' id='word_1_702' title='bbox 3552 5102 3595 5151; x_wconf 83' lang='grc' dir='ltr'>οἱ</span> <span class='ocrx_word' id='word_1_703' title='bbox 3633 5100 3717 5168; x_wconf 75' lang='grc' dir='ltr'>μὲν</span> 
     </span>
    </p>
   </div>
   <div class='ocr_carea' id='block_1_99' title="bbox 2160 5191 3715 5274">
    <p class='ocr_par' dir='ltr' id='par_1_99' title="bbox 2160 5191 3715 5274">
     <span class='ocr_line' id='line_1_99' title="bbox 2160 5191 3715 5274; baseline -0.009 -21"><span class='ocrx_word' id='word_1_704' title='bbox 2160 5199 2430 5274; x_wconf 71' lang='grc' dir='ltr'>ἐθάρρουν</span> <span class='ocrx_word' id='word_1_705' title='bbox 2487 5199 2784 5269; x_wconf 79' lang='grc' dir='ltr'>προφανῶς</span> <span class='ocrx_word' id='word_1_706' title='bbox 2817 5198 2980 5251; x_wconf 81' lang='grc' dir='ltr'>αὑτὸν</span> <span class='ocrx_word' id='word_1_707' title='bbox 3008 5197 3290 5266; x_wconf 64' lang='grc' dir='ltr'>ἁρπάσαν</span> <span class='ocrx_word' id='word_1_708' title='bbox 3331 5194 3479 5257; x_wconf 84' lang='grc' dir='ltr'>τινὲς</span> <span class='ocrx_word' id='word_1_709' title='bbox 3525 5193 3576 5245; x_wconf 77' lang='grc' dir='ltr'><strong>δὲ</strong></span> <span class='ocrx_word' id='word_1_710' title='bbox 3632 5191 3715 5240; x_wconf 81' lang='grc' dir='ltr'>λα·</span> 
     </span>
    </p>
   </div>
   <div class='ocr_carea' id='block_1_100' title="bbox 2162 5282 3712 5362">
    <p class='ocr_par' dir='ltr' id='par_1_100' title="bbox 2162 5282 3712 5362">
     <span class='ocr_line' id='line_1_100' title="bbox 2162 5282 3712 5362; baseline -0.012 -14"><span class='ocrx_word' id='word_1_711' title='bbox 2162 5292 2369 5362; x_wconf 83' lang='grc' dir='ltr'>θραίως</span> <span class='ocrx_word' id='word_1_712' title='bbox 2394 5331 2409 5356; x_wconf 86' lang='grc'><strong>,</strong></span> <span class='ocrx_word' id='word_1_713' title='bbox 2439 5291 2653 5355; x_wconf 80' lang='grc' dir='ltr'>ἑαυτοῖς</span> <span class='ocrx_word' id='word_1_714' title='bbox 2701 5291 2760 5344; x_wconf 80' lang='grc' dir='ltr'>οὐ</span> <span class='ocrx_word' id='word_1_715' title='bbox 2786 5288 3212 5361; x_wconf 73' lang='grc' dir='ltr'>τεθαρρηκότες.</span> <span class='ocrx_word' id='word_1_716' title='bbox 3249 5285 3419 5341; x_wconf 78' lang='grc' dir='ltr'>Οὐδὲν</span> <span class='ocrx_word' id='word_1_717' title='bbox 3447 5286 3501 5339; x_wconf 86' lang='grc' dir='ltr'><strong>δὲ</strong></span> <span class='ocrx_word' id='word_1_718' title='bbox 3530 5282 3712 5337; x_wconf 78' lang='grc' dir='ltr'>κωλύει</span> 
     </span>
    </p>
   </div>
   <div class='ocr_carea' id='block_1_101' title="bbox 2158 5376 3713 5455">
    <p class='ocr_par' dir='ltr' id='par_1_101' title="bbox 2158 5376 3713 5455">
     <span class='ocr_line' id='line_1_101' title="bbox 2158 5376 3713 5455; baseline -0.009 -16"><span class='ocrx_word' id='word_1_719' title='bbox 2158 5383 2327 5439; x_wconf 81' lang='grc' dir='ltr'><strong>ταύτὸ</strong></span> <span class='ocrx_word' id='word_1_720' title='bbox 2352 5385 2445 5438; x_wconf 53' lang='grc' dir='ltr'><strong>καὶ⁸</strong></span> <span class='ocrx_word' id='word_1_721' title='bbox 2471 5383 2640 5455; x_wconf 80' lang='grc' dir='ltr'>ἄμφω</span> <span class='ocrx_word' id='word_1_722' title='bbox 2670 5382 2886 5453; x_wconf 80' lang='grc' dir='ltr'>δηλοῦν·</span> <span class='ocrx_word' id='word_1_723' title='bbox 2927 5381 3089 5436; x_wconf 70' lang='grc' dir='ltr'>εἴωθε</span> <span class='ocrx_word' id='word_1_724' title='bbox 3116 5380 3226 5451; x_wconf 84' lang='grc' dir='ltr'><strong>γάρ</strong></span> <span class='ocrx_word' id='word_1_725' title='bbox 3258 5379 3519 5441; x_wconf 74' lang='grc' dir='ltr'>πολλάκις</span> <span class='ocrx_word' id='word_1_726' title='bbox 3539 5379 3593 5428; x_wconf 78' lang='grc' dir='ltr'>ἔν</span> <span class='ocrx_word' id='word_1_727' title='bbox 3617 5376 3713 5434; x_wconf 79' lang='grc' dir='ltr'>τοῖς</span> 
     </span>
    </p>
   </div>
   <div class='ocr_carea' id='block_1_102' title="bbox 2159 5465 3711 5547">
    <p class='ocr_par' dir='ltr' id='par_1_102' title="bbox 2159 5465 3711 5547">
     <span class='ocr_line' id='line_1_102' title="bbox 2159 5465 3711 5547; baseline -0.011 -16"><span class='ocrx_word' id='word_1_728' title='bbox 2159 5478 2486 5547; x_wconf 82' lang='grc' dir='ltr'>παθητικοῖς</span> <span class='ocrx_word' id='word_1_729' title='bbox 2520 5474 2704 5545; x_wconf 81' lang='grc' dir='ltr'>λόγοις</span> <span class='ocrx_word' id='word_1_730' title='bbox 2739 5477 2766 5528; x_wconf 83' lang='grc' dir='ltr'><strong>ό</strong></span> <span class='ocrx_word' id='word_1_731' title='bbox 2794 5474 3097 5546; x_wconf 83' lang='grc' dir='ltr'>Προφήτης</span> <span class='ocrx_word' id='word_1_732' title='bbox 3122 5470 3496 5539; x_wconf 85' lang='grc' dir='ltr'>ταυτολογεῖν.</span> <span class='ocrx_word' id='word_1_733' title='bbox 3522 5471 3575 5520; x_wconf 82' lang='grc' dir='ltr'><strong>έν</strong></span> <span class='ocrx_word' id='word_1_734' title='bbox 3625 5465 3711 5516; x_wconf 79' lang='grc' dir='ltr'><strong>ὐπ-</strong></span> 
     </span>
    </p>
   </div>
   <div class='ocr_carea' id='block_1_103' title="bbox 2158 5556 3712 5639">
    <p class='ocr_par' dir='ltr' id='par_1_103' title="bbox 2158 5556 3712 5639">
     <span class='ocr_line' id='line_1_103' title="bbox 2158 5556 3712 5639; baseline -0.005 -17"><span class='ocrx_word' id='word_1_735' title='bbox 2158 5566 2426 5638; x_wconf 81' lang='grc' dir='ltr'>αλλαγαῖς</span> <span class='ocrx_word' id='word_1_736' title='bbox 2481 5566 2707 5635; x_wconf 75' lang='grc' dir='ltr'>λέξεων.</span> <span class='ocrx_word' id='word_1_737' title='bbox 2751 5567 2840 5621; x_wconf 86' lang='grc' dir='ltr'><strong>ἴνα</strong></span> <span class='ocrx_word' id='word_1_738' title='bbox 2872 5567 2988 5639; x_wconf 76' lang='lat'><strong>(58)</strong></span> <span class='ocrx_word' id='word_1_739' title='bbox 3037 5565 3252 5637; x_wconf 77' lang='grc' dir='ltr'><strong>αὐξήσῃ</strong></span> <span class='ocrx_word' id='word_1_740' title='bbox 3305 5564 3367 5617; x_wconf 67' lang='grc' dir='ltr'><strong>τὸ</strong></span> <span class='ocrx_word' id='word_1_741' title='bbox 3404 5563 3604 5625; x_wconf 84' lang='grc' dir='ltr'>πάθος,</span> <span class='ocrx_word' id='word_1_742' title='bbox 3642 5556 3712 5615; x_wconf 69' lang='grc' dir='ltr'>εἷς</span> 
     </span>
    </p>
   </div>
   <div class='ocr_carea' id='block_1_104' title="bbox 2157 5654 2712 5730">
    <p class='ocr_par' dir='ltr' id='par_1_104' title="bbox 2157 5654 2712 5730">
     <span class='ocr_line' id='line_1_104' title="bbox 2157 5654 2712 5730; baseline 0.004 -19"><span class='ocrx_word' id='word_1_743' title='bbox 2157 5654 2306 5713; x_wconf 80' lang='grc' dir='ltr'>ἔλεον</span> <span class='ocrx_word' id='word_1_744' title='bbox 2336 5662 2712 5730; x_wconf 81' lang='grc' dir='ltr'>ἐπισπάσηται</span> 
     </span>
    </p>
   </div>
   <div class='ocr_carea' id='block_1_105' title="bbox 481 5734 3708 5829">
    <p class='ocr_par' dir='ltr' id='par_1_105' title="bbox 481 5734 3708 5829">
     <span class='ocr_line' id='line_1_105' title="bbox 481 5734 3708 5829; baseline 0 -27"><span class='ocrx_word' id='word_1_745' title='bbox 481 5748 619 5804; x_wconf 75' lang='lat' dir='ltr'><strong>nihil</strong></span> <span class='ocrx_word' id='word_1_746' title='bbox 654 5748 881 5820; x_wconf 85' lang='lat' dir='ltr'><strong>impedit</strong></span> <span class='ocrx_word' id='word_1_747' title='bbox 917 5750 1052 5821; x_wconf 88' lang='lat' dir='ltr'><strong>quin</strong></span> <span class='ocrx_word' id='word_1_748' title='bbox 1088 5759 1381 5819; x_wconf 82' lang='lat' dir='ltr'><strong>utrumque</strong></span> <span class='ocrx_word' id='word_1_749' title='bbox 1414 5746 1558 5802; x_wconf 78' lang='lat' dir='ltr'><strong>idem</strong></span> <span class='ocrx_word' id='word_1_750' title='bbox 1589 5748 1691 5802; x_wconf 86' lang='lat' dir='ltr'><strong>sibi</strong></span> <span class='ocrx_word' id='word_1_751' title='bbox 1725 5748 1850 5802; x_wconf 84' lang='lat' dir='ltr'><strong>velit</strong></span> <span class='ocrx_word' id='word_1_752' title='bbox 1878 5757 2040 5815; x_wconf 67' lang='lat' dir='ltr'><strong>atque</strong></span> <span class='ocrx_word' id='word_1_753' title='bbox 2086 5734 2554 5829; x_wconf 58' lang='grc' dir='ltr'>ἰιῐυιιίςίξςιιὶίὶοᾳι.</span> <span class='ocrx_word' id='word_1_754' title='bbox 2592 5750 2745 5806; x_wconf 86' lang='lat' dir='ltr'><strong>Solet</strong></span> <span class='ocrx_word' id='word_1_755' title='bbox 2809 5750 2956 5807; x_wconf 86' lang='lat' dir='ltr'><strong>enim</strong></span> <span class='ocrx_word' id='word_1_756' title='bbox 3021 5750 3298 5821; x_wconf 77' lang='lat' dir='ltr'><strong>Propheta</strong></span> <span class='ocrx_word' id='word_1_757' title='bbox 3349 5760 3708 5821; x_wconf 61' lang='lat' dir='ltr'><strong>saepenumeto</strong></span> 
     </span>
    </p>
   </div>
   <div class='ocr_carea' id='block_1_106' title="bbox 1825 5838 2380 5904">
    <p class='ocr_par' dir='ltr' id='par_1_106' title="bbox 1825 5838 2380 5904">
     <span class='ocr_line' id='line_1_106' title="bbox 1825 5838 2380 5904; baseline 0.009 -5"><span class='ocrx_word' id='word_1_758' title='bbox 1825 5838 2023 5900; x_wconf 72' lang='lat' dir='ltr'><strong>Varia)</strong></span> <span class='ocrx_word' id='word_1_759' title='bbox 2050 5840 2380 5904; x_wconf 62' lang='lat' dir='ltr'><strong>lentiores.</strong></span> 
     </span>
    </p>
   </div>
   <div class='ocr_carea' id='block_1_107' title="bbox 551 5940 1774 6029">
    <p class='ocr_par' dir='ltr' id='par_1_107' title="bbox 551 5940 1774 6029">
     <span class='ocr_line' id='line_1_107' title="bbox 551 5940 1774 6029; baseline -0.002 -32"><span class='ocrx_word' id='word_1_760' title='bbox 551 5942 669 6009; x_wconf 69' lang='lat'><strong>(&#39;38)</strong></span> <span class='ocrx_word' id='word_1_761' title='bbox 704 5959 794 6011; x_wconf 76' lang='grc' dir='ltr'><strong>γρ.</strong></span> <span class='ocrx_word' id='word_1_762' title='bbox 817 5942 1059 6014; x_wconf 50' lang='lat' dir='ltr'><strong>asiam,-</strong></span> <span class='ocrx_word' id='word_1_763' title='bbox 1090 5940 1171 6029; x_wconf 57' lang='grc' dir='ltr'><strong>νει</strong></span> <span class='ocrx_word' id='word_1_764' title='bbox 1200 5941 1349 5996; x_wconf 77' lang='lat' dir='ltr'><strong>valde</strong></span> <span class='ocrx_word' id='word_1_765' title='bbox 1383 5940 1475 5995; x_wconf 72' lang='lat' dir='ltr'><strong>xui.</strong></span> <span class='ocrx_word' id='word_1_766' title='bbox 1511 5947 1634 5996; x_wconf 76' lang='lat' dir='ltr'><strong>ante</strong></span> <span class='ocrx_word' id='word_1_767' title='bbox 1676 5943 1774 6005; x_wconf 82' lang='lat' dir='ltr'><strong>:i;.</strong></span> 
     </span>
    </p>
   </div>
  </div>
