3846 6538
420 361 528 428 lib

1649 374 2036 437 EU'l‘IlYMll
2074 379 2440 442 ZlGABENl

3568 389 3666 451 216

418 455 566 554 “diu
598 500 758 556 pauet
789 486 865 540 illi
903 489 994 557 qui
1025 487 1151 543 boni
1184 497 1336 553 sunt,
1371 489 1438 543 de
1466 499 1611 544 terra
1646 501 1794 552 sunt,
1822 493 1999 562 quod-

2106 499 2182 559 είς
2211 501 2434 568 ἀρετήν.
2482 499 2545 552 Ἡ
2573 500 2629 554 δὲ
2661 500 2933 566 σύνταξις,
2974 498 3112 572 αὕτη
3134 520 3148 534 ⁸
3179 503 3536 573 Διαμέρισον
3565 508 3666 562 αὑ-

418 591 526 644 qne
558 575 665 631 hoc
695 578 776 631 eis
811 577 950 631 nihil
999 578 1396 646 impedimento
1443 580 1540 634 fuit
1583 582 1649 635 ad
1709 583 1992 637 virtutem.

421 663 487 722 Et
513 669 852 724 constructio
911 669 994 725 sic
1045 684 1105 726 se
1164 670 1370 727 habet:
1408 671 1594 726 Divide
1621 689 1708 727 eos
1743 692 1773 727 α
1808 677 1994 744 paucis

419 760 511 828 qui
539 770 662 813 sunt
687 762 752 814 de
781 769 950 815 terra.

496 851 559 904 Et
588 852 660 906 de
684 852 1007 910 absconditis
1038 857 1141 911 tuis
1183 857 1430 928 impletus
1460 869 1538 914 est
1571 871 1746 917 uenter
1793 877 1998 920 eorum.

423 940 526 996 Per
553 944 878 999 abscondita
911 947 1135 1017 quidam
1169 964 1365 1005 aurum
1397 961 1563 1020 atque
1601 965 1888 1024 argentum
1914 957 2001 1010 in-

421 1033 692 1103 telligunl,
719 1045 774 1092 et
802 1036 907 1092 alia
937 1039 1255 1109 huiusmodi
1311 1043 1555 1109 metalla,
1589 1061 1712 1115 quae
1762 1047 2000 1105 occultis

424 1136 588 1181 terrae
624 1129 892 1187 lateribus
941 1133 1294 1198 abscondita,
1340 1134 1629 1192 fodiuntur
1677 1141 1746 1195 ab
1799 1139 1869 1196 iis
1901 1141 1998 1212 qui

423 1222 534 1278 illic
557 1238 619 1276 ea
655 1225 988 1294 perquirunt
1019 1241 1032 1278 ε
1071 1228 1272 1297 quibus
1299 1229 1459 1286 bonis
1503 1231 1722 1287 illorum
1754 1244 2000 1291 ventrem

419 1314 707 1384 impletum
742 1333 864 1370 esse
895 1318 994 1380 ait,
1052 1332 1080 1370 a
1114 1330 1268 1386 parte
1301 1328 1477 1376 totum
1511 1323 1855 1394 signiﬁcans,
1893 1328 1997 1383 hoc

417 1415 524 1471 est,
557 1406 758 1476 quibus
810 1409 1003 1479 repleti
1043 1415 1208 1476 sunt;
1245 1412 1450 1482 quippe
1477 1428 1603 1469 cum
1635 1432 1824 1470 eorum
1852 1417 2001 1472 cellae

421 1508 586 1568 atque
629 1500 974 1570 liypothecae,
1005 1500 1323 1572 liujusmodi
1351 1505 1530 1572 bonis,
1563 1506 1738 1560 instar
1769 1509 1999 1572 ventris,

425 1592 600 1663 plenae
628 1610 690 1650 ac
717 1595 933 1651 refertm
965 1597 1095 1652 sint.
1136 1595 1232 1652 Vel
1265 1613 1454 1653 eorum
1493 1608 1712 1654 ventres
1746 1601 2000 1669 impletos

425 1695 548 1744 eSSe
592 1689 841 1745 obsoniis
893 1689 1159 1760 lntellige,
1197 1691 1401 1758 quibus
1461 1693 1679 1748 abunde
1713 1701 2000 1750 vescentes

424 1779 724 1833 exsaturati
750 1785 900 1833 sunt.
926 1775 1081 1832 Multi
1111 1778 1276 1832 etiam
1311 1780 1523 1843 dicunt,
1551 1795 1647 1850 per
1677 1781 1996 1836 abscondita

425 1881 618 1938 pinnas
649 1869 1036 1940 intelligendas
1059 1885 1217 1933 esse,
1269 1886 1391 1940 quae
1437 1872 1578 1941 apud
1615 1872 1782 1926 Deum
1828 1873 1994 1928 veluti
2033 1856 2069 1910 Β

425 1961 478 2014 in
516 1961 762 2016 thesauri
789 1962 911 2016 loco
945 1963 1243 2017 recondin
1266 1973 1427 2044 sunt,
1461 1979 1583 2017 cum
1613 1974 1665 2018 et
1700 1958 1914 2035 Moyses
1942 1967 1996 2020 in

425 2047 856 2110 lieuteronomio
891 2056 959 2109 de
1003 2055 1156 2110 vario
1188 2057 1587 2126 suppliciorum
1639 2059 1868 2127 loquens
1899 2073 1998 2129 ge-

421 2163 576 2211 nere,
615 2164 680 2204 ex
709 2164 948 2218 persona
988 2147 1080 2204 Del
1120 2149 1363 2203 dixerit:
1390 2145 1584 2204 Nonne
1625 2153 1739 2204 ha'c
1781 2157 2000 2220 congre-

417 2247 544 2309 gata
577 2247 698 2294 sunt
728 2239 870 2308 apud
903 2256 1002 2306 me,
1027 2247 1077 2294 et
1104 2240 1344 2310 sigillata
1371 2241 1426 2295 in
1453 2241 1712 2296 thesauris
1741 2241 1867 2296 meis
1889 2243 1932 2274 ’⁷
1959 2243 1984 2295 ?

424 2332 546 2388 llzec
578 2332 746 2404 igitur
781 2333 944 2387 verba
989 2334 1336 2404 prophetiam
1387 2335 1677 2389 continent
1711 2342 1768 2389 et
1795 2332 1994 2403 prtedi.

418 2433 590 2480 cunt:
631 2425 981 2480 inimicorum
1020 2427 1242 2480 illorum
1292 2435 1561 2491 ventrem,
1597 2425 1703 2481 hoc
1756 2433 1841 2481 est
1892 2425 1997 2479 ini-

2104 588 2244 654 τοὺς
2271 590 2392 649 ἀπὸ
2423 588 2540 644 τῶν
2565 591 2807 660 ὀλίγων,
2839 591 2958 646 τῶν
2984 591 3102 646 ἀπὸ
3139 594 3273 662 γῆς.

2173 856 2277 909 Kal
2305 851 2424 910 τῶν
2453 857 2877 928 κεκρυμμένων
2909 873 3028 915 σου
3061 860 3340 930 ἐπλήσθη
3376 864 3410 930 ὴ
3440 865 3667 933 γαστὴρ

2103 945 2326 1000 αὐτῶν.
2357 948 2735 1018 Κεκρυμμένα
2763 950 2907 1013 τινὲς
2954 950 3164 1018 ἔφασαν
3210 955 3410 1023 χρυσὸν
3446 954 3542 1006 καὶ
3570 955 3665 1023 ἄρ⁴

2104 1053 2291 1106 γυρον,
2320 1035 2357 1090 ἀ
2393 1038 2507 1100 τοῖς
2531 1037 2760 1106 λαγόσιν
2786 1039 3220 1110 ἐγκεκρυμμὲνα
3269 1045 3369 1112 τῆς
3420 1041 3548 1111 γῆς,
3580 1045 3669 1097 ἀν·

2103 1129 2444 1199 ορύττονται,
2494 1147 2632 1200 μετα
2647 1129 2945 1201 λευόμενα.
2980 1133 3200 1186 Τούτων
3231 1131 3326 1186 οὖν
3357 1134 3602 1204 ἐπλήσθη
3641 1139 3668 1206 ἡ

2104 1225 2320 1295 γαστὴρ
2349 1224 2554 1290 αὐτῶν,
2590 1221 2874 1279 τουτέστιν
2906 1222 3083 1292 αὐτοὶ,
3109 1229 3215 1281 ἀπὸ
3249 1228 3358 1297 γὰρ
3389 1228 3588 1297 μέρους
3615 1228 3669 1281 τὺ

2104 1319 2236 1382 πᾶν,
2297 1315 2467 1389 ἦγουν
2509 1319 2577 1372 τὰ
2608 1321 2830 1389 ταμεῖα,
2877 1319 3036 1389 δίκην
3063 1321 3349 1388 γαστέρων
3400 1321 3669 1390 ἐμφορού-

2107 1426 2278 1480 μεναο
2315 1409 2347 1480 ἢ
2377 1410 2473 1463 καὶ
2503 1411 2560 1462 αἱ
2590 1410 2790 1463 κοιλίαι
2826 1409 3029 1476 αὐτῶν,
3069 1410 3422 1481 ὀψωνούντων
3451 1411 3553 1463 ὅσα
3585 1409 3672 1463 καὶ

2104 1501 2342 1556 λάϐοιεν.
2373 1501 2567 1555 Πολλοὶ
2594 1501 2652 1554 δὲ
2683 1501 2901 1570 λέγουσι
2926 1500 3024 1566 τὰς
3055 1501 3208 1573 παρά
3237 1501 3371 1555 Θεοῦ
3404 1501 3672 1568 τεθησαυ-

2106 1594 2369 1665 ρισμένας
2392 1593 2666 1665 τιμωρίας
2689 1609 2704 1625 ο
2731 1595 2853 1648 ἐπεὶ
2897 1595 2991 1647 καὶ
3015 1593 3255 1664 Μωῦσῆς
3283 1596 3340 1647 ἐν
3373 1594 3451 1663 τῷ
3481 1597 3673 1646 Aeeta-

2109 1687 2345 1757 ρονομίῳ
2378 1688 2506 1757 περὶ
2535 1686 2795 1740 ποικίλων
2838 1687 3121 1758 τιμωριῶν
3150 1688 3214 1739 ἐκ
3247 1685 3544 1758 προσώπου
3585 1680 3672 1738 τοῦ

2107 1780 2244 1834 Θεοῦ
2275 1780 2509 1848 διεξιὼν,
2546 1781 2827 1852 ἐπήγαγεν
2855 1798 2867 1813 ·
2925 1784 3048 1836 Οὐκ
3097 1779 3227 1835 ίὸοὺ
3259 1780 3448 1834 ταῦτα
3483 1779 3599 1833 πᾶν
3617 1795 3674 1833 ιο

2099 1875 2403 1944 συνῆκται
2454 1874 2590 1942 παρ’
2643 1875 2809 1943 ἐμοὶ,
2882 1875 2977 1927 καὶ
3019 1871 3519 1943 ἐσφράγισταιέν
3558 1869 3675 1934 τοῖς
3769 1863 3776 1872 ’

2099 1967 2433 2037 θησαυροῖς
2455 1981 2612 2037 μου;
2645 1965 2988 2038 Προφητεύει
3043 1959 3200 2034 γοῦν,
3226 1965 3392 2035 φασὶν
3413 2005 3427 2029 ,
3459 1964 3542 2016 ὅτι
3573 1962 3674 2013 τῶν

2101 2059 2325 2128 ἀφανῶν
2372 2059 2654 2129 τιμωριῶν
2704 2058 3081 2128 πλησθήσεται
3136 2057 3170 2125 ἡ
3217 2055 3434 2124 γαστὴρ
3472 2053 3670 2114 αὐτῶν,

2100 2152 2382 2205 τουτέστιν
2417 2151 2592 2214 αὐτοὶ,
2623 2151 2731 2204 ἀπὸ
2772 2151 2882 2220 γὰρ
2913 2150 3111 2220 μέρους
3140 2148 3200 2202 τὸ
3224 2149 3357 2202 πᾶν.
3390 2147 3535 2216 Πρὸς
3571 2145 3674 2214 γὰρ

2100 2239 2198 2312 τὴν
2243 2241 2568 2314 πλησμονὴν
2616 2241 2972 2313 καταλλήλως
3006 2239 3206 2310 ἔθηκεν
3257 2239 3356 2309 τὴν
3406 2236 3672 2308 γαστέρα.

2103 2333 2231 2397 Τοῖς
2263 2333 2517 2403 μέλλουσι
2569 2333 2648 2398 δὲ,
2705 2333 2777 2395 ὡς
2807 2330 3103 2385 ἐνεστῶσιν
3132 2331 3429 2402 ἐχρήσατο,
3475 2329 3675 2400 τρόπον

2101 2425 2225 2478 τινὰ
2257 2425 2594 2495 θεασάμενος
2627 2425 2766 2479 αὐτὰ
2801 2427 2912 2488 τοῖς
2940 2427 3326 2496 προορατικοίς
3349 2423 3670 2494 όορθαλμοίς.

419 2519 592 2574 mices
627 2520 807 2588 ipsos,
860 2518 1062 2573 abditis
1107 2525 1273 2588 atque
1322 2515 1561 2573 occultis
1611 2517 1758 2588 apud
1819 2518 1989 2573 Deum
2031 2519 2320 2589 suppliciis
2375 2518 2682 2589 implendas
2715 2532 2884 2574 esse:
2916 2518 3060 2574 unde
3090 2526 3146 2574 et
3210 2517 3480 2572 adversus
3564 2525 3675 2570 lan'

419 2615 528 2665 tam
559 2625 747 2666 eorum
794 2610 1264 2666 insatiabilitatem
1290 2619 1452 2681 atque
1481 2611 1775 2680 ingluviem
1859 2612 2307 2668 commodissime
2389 2612 2602 2667 ventris
2660 2626 2856 2666 nomen
2923 2610 3193 2682 apposuit.
3243 2607 3450 2664 Futuro
3510 2609 3670 2664 etiam

418 2711 665 2776 tempore
698 2721 795 2776 pro
826 2706 1080 2775 prtesenti
1121 2722 1254 2763 usus
1301 2716 1412 2770 est,
1471 2707 1604 2774 quia
1651 2707 1988 2777 propheticis
2029 2709 2211 2764 oculis
2249 2707 2622 2779 prospiciens,
2651 2714 2711 2761 ut
2735 2706 3025 2777 praesentia
3049 2720 3170 2760 esse
3194 2704 3477 2759 indicavit.

492 2800 737 2856 Saturati
773 2811 898 2856 sunt
931 2803 1128 2872 porcis.
1173 2801 1338 2858 Suem
1386 2802 1600 2859 Hebrazi
1655 2811 1715 2857 ut
1745 2805 1990 2859 immun-

421 2892 552 2948 dum
587 2893 884 2957 habebant,
912 2909 977 2950 eo
1012 2893 1159 2964 quod
1188 2895 1334 2950 inter
1357 2905 1550 2950 caetera
1585 2898 1846 2951 animalia
1871 2912 1992 2968 qua:

2152 2802 2641 2874 Ἐχορτὰσθησαν
2670 2803 2816 2860 ὑῶν.
2841 2805 2945 2856 Τὸν
2973 2802 3066 2856 οὖν
3100 2797 3412 2873 ἀκάθαρτον
3447 2797 3594 2871 εἶχον
3621 2801 3667 2852 oi

2100 2895 2371 2970 Ἑϐραῖοι,
2420 2898 2511 2953 διά
2543 2915 2603 2952 τε
2632 2897 2694 2950 τὸ
2727 2897 2802 2968 μὴ
2829 2897 3057 2964 ἀνάγειν
3090 2894 3442 2966 μηρυκισμδν
3471 2898 3528 2948 ἐν
3564 2897 3674 2958 τοῖς

424 2984 680 3055 ungulam
739 2985 999 3040 scindunt
1049 3001 1156 3040 non
1189 2987 1451 3042 ruminat.
1510 2987 1784 3044 Praeterea
1825 2989 1992 3045 etiam

2106 2991 2356 3062 Βιχηλοτς,
2394 2993 2490 3045 καὶ
2521 2989 2608 3046 διὰ
2633 2990 2694 3044 τὸ
2725 2990 2906 3060 φιλεῖν
2938 2989 3030 3044 τὸν
3069 2988 3352 3060 βόρϐορον.
3405 2988 3505 3040 Διά
3546 2987 3673 3054 γοῦν

423 3075 550 3144 quia
597 3074 653 3128 in
685 3074 808 3128 luto
841 3085 1008 3145 atque
1063 3075 1116 3130 in
1174 3077 1538 3132 immunditiis
1567 3087 1846 3134 versatur.
1890 3078 1998 3134 Per

427 3182 581 3221 suem
617 3167 784 3237 igitur
807 3169 910 3223 hoc
932 3169 988 3223 in
1015 3169 1137 3225 loco
1168 3179 1360 3224 eorum
1389 3169 1561 3224 voluit
1589 3171 1997 3226 immunditiam

427 3260 754 3314 subnotare.
797 3259 1035 3316 Saturati
1081 3262 1226 3317 enim
1262 3273 1414 3325 sunt,
1450 3262 1651 3331 inquit,
1703 3262 1999 3318 immundi-

429 3352 548 3417 tiis,
610 3365 936 3423 consumpto
989 3354 1250 3408 nimirum
1321 3356 1676 3425 patrimonio,
1726 3371 1789 3410 ac
1837 3355 1998 3411 bonis

427 3443 703 3506 omnibus,
743 3444 798 3498 in
825 3443 1005 3500 varias
1034 3447 1368 3514 voluptates.
1403 3444 1556 3499 Multi
1585 3447 1749 3500 etiam
1807 3453 1860 3500 et
1904 3445 2003 3498 do-

426 3534 658 3593 ctissimi
712 3534 1043 3610 interpretes
1079 3537 1241 3594 aliter
1269 3545 1608 3610 exponentes
1643 3536 1866 3607 legunt:
1899 3533 2004 3590 Sa-

430 3631 596 3684 lurati
623 3639 744 3684 sunt
770 3629 922 3700 ﬁliis,
946 3647 1056 3686 non
1087 3640 1268 3686 autem
1295 3631 1504 3701 porcis,
1537 3631 1784 3686 dicentes
1818 3629 1871 3685 in
1899 3625 2006 3685 lle-

427 3719 574 3775 bram
601 3722 789 3776 haberi
821 3722 1118 3778 dictionem
1138 3723 1354 3788 baniou,
1383 3737 1505 3792 quae
1541 3723 1706 3788 lilios,
1741 3736 1850 3776 non
1876 3735 2006 3777 sues

353 3837 356 3840 η
427 3811 737 3882 signiﬁcat;
769 3822 823 3868 et
851 3828 1096 3869 errorem
1132 3814 1297 3885 hujus
1324 3813 1487 3869 varia:
1532 3814 1785 3868 lectionis
1815 3824 1996 3868 ortum

423 3917 551 3959 esse
619 3905 953 3974 scriptorum
1011 3905 1198 3960 vitio:
1264 3921 1386 3959 cum
1447 3905 1649 3960 Graecia
1702 3905 1998 3964 dictiones.

429 3995 612 4062 porcis
641 4005 694 4050 et
727 3995 875 4060 liliis,
911 3997 1200 4051 maximam
1240 3997 1476 4052 habeant
1505 3998 1812 4051 litterarum
1853 3995 2002 4052 simi-

2095 3083 2190 3137 τοῦ
2224 3083 2316 3146 ὑὸς
2349 3079 2583 3136 ἐνταῦθα
2613 3082 2714 3152 τὴν
2744 3080 3090 3151 ἀκαθαρσίαν
3123 3079 3368 3150 ᾐνίξατο.
3413 3079 3666 3148 Ἐχορτά·

2101 3172 2310 3242 σθησαν
2359 3173 2497 3244 γὰρ,
2543 3174 2731 3243 φησὶν,
2763 3170 3141 3244 ἀκαθαρσιῶν,
3179 3173 3272 3224 τὸν
3323 3170 3558 3223 πλοῦτον
3598 3166 3673 3230 εἰς

2095 3263 2424 3334 ίφιληδονίαν
2462 3263 2870 3325 ἀναλίσκοντες.
2926 3264 2990 3316 Οἱ
3045 3261 3102 3315 δέ
3148 3261 3532 3332 ἀκριϐέστεροι
3570 3259 3676 3312 τῶν

2101 3354 2406 3426 ἐξηγητῶν,
2452 3350 2600 3410 υἱῶν
2644 3355 2754 3410 τῶν
2807 3355 3015 3408 τέκνων
3043 3354 3197 3424 φασί.
3237 3352 3445 3406 Βανιῶν
3475 3351 3584 3420 γὰρ
3620 3351 3675 3402 ἐν

2101 3445 2472 3518 τῷἚϐραῖκῷ
2501 3450 2698 3512 κεῖται,
2729 3445 2977 3500 τουτέστι
2997 3445 3225 3509 τέκνων,
3245 3445 3311 3497 ἶν’
3410 3441 3672 3505 τοιοῦτεν,

2102 3539 2186 3592 ὅτι
2215 3538 2470 3610 καθάπερ
2517 3538 2844 3609 χρημάτων,
2895 3537 3039 3592 οὕτω
3067 3537 3163 3591 καὶ
3192 3537 3400 3590 τέκνων
3456 3536 3677 3605 ἐχορτάο

2105 3629 2333 3702 «θησαν,
2370 3629 2705 3694 πολύπαιδες
2749 3628 3060 3698 γεγονότες.
3089 3625 3158 3684 'lI
3181 3629 3278 3683 καὶ
3313 3630 3452 3681 κατά
3477 3627 3676 3696 διπλῆν

2105 3723 2392 3794 ἐξήγησιν,
2439 3722 2856 3794 ἐχορτάσθησαν
2884 3721 2993 3778 τῶν
3027 3721 3140 3777 εἴτε
3185 3722 3510 3795 χρημάτων,
3570 3719 3676 3773 εἴτε

2104 3816 2407 3887 τιμωριῶν,
2442 3816 2582 3886 μετὰ
2609 3816 2717 3870 τῶν
2745 3816 2900 3884 υἱῶν,
2947 3815 3303 3886 ἐλλειπούσης
3338 3816 3436 3884 τῆς
3476 3815 3678 3886 προθέ·

2109 3923 2246 3970 σεως
2266 3923 2281 3939 ο
2309 3907 2408 3960 οὐκ
2437 3907 2593 3960 αὐτοὶ
2620 3911 2729 3980 γὰρ
2765 3909 2948 3980 μόνον,
2987 3907 3126 3961 ἀλλὰ
3155 3910 3252 3960 καὶ
3276 3908 3326 3960 al.
3363 3908 3555 3970 παῖδες
3581 3905 3678 3958 αῦ-

2106 3997 2216 4051 τῶν
2251 3996 2698 4072 ἐτιμωρήθησιιν.

429 4089 736 4144 litudinem.
791 4089 1021 4145 Sensum
1083 4087 1251 4159 igitur
1301 4105 1425 4148 esse
1481 4091 1696 4154 dicunt,
1734 4091 1880 4161 quod
1914 4089 1991 4144 illi
2035 4089 2245 4147 inimici
2280 4093 2354 4146 ita
2409 4093 2645 4148 saturati
2716 4102 2847 4151 sunt
2901 4094 3053 4160 liliis,
3105 4095 3248 4149 sicut
3337 4100 3392 4147 et
3441 4091 3676 4148 divitiis.

431 4180 725 4236 multorum
790 4182 1046 4237 videlicet
1098 4181 1333 4242 llliorum
1389 4184 1564 4238 ell‘ecti
1624 4191 1830 4255 patres.
1885 4183 1982 4239 Vel
2044 4183 2200 4252 juxta
2269 4187 2544 4256 duplicem
2619 4189 2866 4259 proxime
2905 4189 3261 4259 prmcetlentis
3295 4187 3549 4242 versiculi
3591 4186 3677 4238 in.

427 4275 901 4343 terpretationem,
936 4278 1164 4332 saturati
1191 4286 1319 4332 sunt
1355 4278 1628 4346 pecuniis,
1662 4294 1757 4332 seu
1786 4277 1987 4346 pinnis,
2018 4277 2182 4331 simul
2232 4294 2352 4333 cum
2396 4282 2635 4350 propriis
2669 4281 2817 4344 liliis,
2849 4282 2920 4335 ita
2956 4289 3015 4334 ut
3091 4279 3460 4334 subaudiatur
3540 4293 3678 4346 [mu-

427 4367 629 4436 positio
659 4383 799 4430 cum,
834 4377 890 4422 et
919 4369 989 4423 sit
1018 4384 1216 4422 sensus
1248 4385 1262 4421 :
1295 4368 1452 4434 Quod
1510 4384 1616 4423 non
1665 4371 1844 4423 solum
1889 4367 1991 4438 ipsi
2025 4375 2228 4436 patres,
2261 4371 2356 4426 sed
2387 4372 2536 4442 quod
2566 4372 2673 4442 ipsi
2702 4373 2866 4426 etiam
2915 4388 3105 4430 eorum
3139 4372 3237 4426 ﬁlii.
3301 4372 3512 4426 divitiis
3583 4385 3680 4424 sa.

429 4461 546 4514 tiati
583 4469 731 4521 sunt,
767 4473 862 4514 seu
899 4459 1205 4529 suppliciis.
2004 4529 2016 4538 _
2575 4473 2582 4478 ’

501 4553 572 4606 Et
599 4553 911 4608 dimiserunt
943 4553 1194 4622 reliquias
1227 4555 1460 4623 parvulis
1489 4568 1688 4611 eorum.
1727 4548 1805 4609 Eo
1844 4559 1987 4622 quod

2164 4551 2270 4607 Καὶ
2304 4548 2548 4624 ἀφῆκαν
2581 4553 2650 4608 τὰ
2677 4551 3013 4607 κατάλοιπα
3044 4547 3169 4618 τοῖς
3197 4550 3438 4620 νηπίοις
3457 4549 3678 4604 αὐτῶν.

431 4653 596 4699 tantm.
627 4644 848 4699 luerunt
878 4627 1140 4714 reliquiae,
1166 4652 1225 4700 ut
1256 4646 1490 4714 posteris
1522 4647 1752 4700 ﬁliorum
1788 4651 2004 4705 sutlice-

432 4743 577 4798 rent,
603 4735 732 4788 Nam
775 4736 917 4805 quod
953 4737 1026 4790 ait
1057 4737 1286 4805 parvulis
1315 4752 1497 4793 eorum
1521 4781 1536 4804 ,
1584 4755 1794 4809 expone
1817 4778 1832 4806 ,
1873 4755 2004 4810 par-

433 4828 575 4884 vulis
607 4827 842 4881 ﬁliorum
876 4845 890 4879 :
928 4828 1062 4883 adeo
1097 4837 1154 4882 ut
1196 4830 1300 4884 illae
1323 4831 1524 4884 divitize
1549 4871 1563 4893 ,
1613 4846 1709 4886 seu
1747 4847 1919 4900 ptenze
1949 4834 2000 4887 in

433 4931 650 4972 omnem
686 4917 1092 4985 generationem
1126 4933 1186 4973 se
1213 4918 1582 4974 extenderint.
1635 4919 1700 4973 Et
1729 4921 1774 4974 si
1813 4935 2002 4989 pinnas

432 5007 731 5077 intelligis,
773 5009 1058 5078 prophetia
1105 5010 1210 5064 erit
1255 5011 1521 5064 malorum
1557 5051 1573 5074 ,
1607 5027 1728 5082 qua:
1763 5011 2002 5066 inimicis

436 5101 578 5156 beati
616 5099 782 5155 David
814 5111 1076 5157 eventura
1114 5110 1293 5157 erant.
1330 5102 1386 5156 Si
1419 5118 1547 5157 vero
1593 5103 1814 5158 divitias
1839 5145 1853 5169 ,
1917 5120 2005 5159 ex-

433 5193 712 5264 aggeratio
731 5193 844 5249 haec
863 5197 1110 5264 quaedam
1129 5195 1235 5251 erit
1257 5195 1309 5250 in
1337 5195 1546 5250 illorum
1571 5198 2001 5263 accusationem,

433 5283 578 5353 quod
630 5285 798 5340 tantis
827 5287 1019 5356 repleti
1055 5286 1217 5342 bonis
1241 5325 1256 5352 ,
1287 5301 1452 5358 prave
1478 5295 1658 5342 tamen
1691 5298 1856 5358 atque
1895 5288 2002 5343 ini-

430 5391 538 5444 que
563 5376 842 5445 vixerint,
889 5379 1359 5451 louganimitatem
1407 5381 1497 5436 Dei
1542 5396 1813 5437 summam
1869 5397 2004 5437 cou-

436 5477 767 5527 tetnncntes.

489 5628 533 5661 ’⁷
571 5629 908 5698 Deut.xxxtt,
939 5633 1031 5688 54.

2104 4647 2476 4716 Διαρκέσαντα
2531 4647 2625 4698 καὶ
2667 4647 2749 4709 εἰς
2777 4648 2905 4708 τοὺς
2935 4645 3192 4713 ὲγκόνους
3224 4643 3332 4695 τῶν
3363 4641 3498 4694 υίῶν
3520 4658 3535 4672 ·
3581 4658 3680 4709 νηί

2104 4739 2248 4804 πίοις
2292 4739 2401 4811 γὰρ
2431 4739 2633 4804 αὒτῶν,
2669 4739 2918 4792 τουτέστι
2954 4737 3065 4790 τῶν
3093 4736 3246 4799 υἱῶν,
3289 4733 3568 4788 τουτέστιν
3601 4735 3681 4789 εἰς

2103 4831 2231 4898 ὃλην
2281 4831 2380 4900 τὴν
2418 4833 2614 4899 γενεὰν
2662 4830 3020 4898 παρέτεινεν,
3067 4828 3177 4881 εἴτε
3211 4829 3239 4880 ὁ
3270 4825 3524 4888 πλοῦτος,
3562 4826 3677 4876 εἴτε

2103 4922 2362 4992 τιμωρία.
2414 4923 2524 4975 Καὶ
2559 4923 2606 4974 εί
2651 4921 2748 4990 μὲν
2793 4921 2923 4991 περὶ
2946 4918 3140 4988 ποινῆς
3169 4917 3343 4970 ταῦτα
3379 4918 3675 4985 νοήσομεν,

2106 5011 2411 5081 προφητεία
2439 5010 2557 5064 ἐστὶ
2585 5011 2694 5064 τῶν
2721 5008 3111 5079 ἀπηντηκότων
3139 5009 3249 5069 τοῖς
3272 5005 3487 5076 ἐχθροῖς
3510 5003 3679 5056 αὑτοῦ

2104 5101 2311 5156 κακῶν.
2363 5104 2424 5156 ΕΞ
2467 5102 2524 5155 δὲ
2578 5105 2705 5172 περὶ
2756 5099 3120 5169 εὐδαιμονίας,
3162 5097 3387 5167 αὔξησις
3437 5111 3682 5162 κατηγο-

2109 5195 2247 5267 ρίας,
2296 5196 2376 5250 ὅτι
2413 5196 2682 5250 τοσούτων
2747 5195 2968 5262 ἀγαθῶν
3014 5193 3444 5252 ἀπολαύσαντες,
3501 5207 3686 5258 παρα-

2103 5289 2286 5358 νόμως
2323 5289 2481 5354 ἕξων,
2523 5290 2620 5360 τῆς
2657 5287 2752 5342 τοῦ
2792 5288 2924 5342 Θεοῦ
2966 5285 3430 5357 καταφρονοῦντες
3493 5283 3685 5336 εὐδαι-

2106 5383 2309 5455 θυμίας
2341 5384 2476 5452 (60).

1774 5727 1972 5789 Varia)
2030 5723 2355 5788 lectiones.
2439 5779 2442 5786 .

503 5827 617 5898 (60)
643 5828 728 5883 ἷσ.
757 5831 1120 5903 εὐδαιμονίας.
1155 5831 1380 5890 Latinus
1414 5833 1684 5905 interpres
1716 5834 1908 5904 legisse
1934 5834 1999 5887 Vit

2106 5849 2145 5887 ιι
2181 5825 2580 5900 μακροθυμίας.
