3846 6566
428 387 540 452 219
1289 434 1298 451 .
1655 359 2070 446 'EU'ruvuu
2115 366 2478 444 zmannm
3602 384 3704 448 εει

431 501 664 558 sortitus
687 508 790 567 est,
822 498 1130 569 appellatus
1155 498 1416 553 nimirum
1470 506 1522 551 et
1570 511 1767 552 servus
1818 495 1911 548 Dei
1960 503 2015 547 et

2144 498 2313 560 τονεας
2345 496 2569 565 κτηθέν.
2606 498 2673 551 Ἃ
2719 496 2774 550 δὲ
2825 496 3098 564 ἐλάλησα
3138 494 3217 561 τῷ
3249 494 3464 565 Κυρίῳ,
3492 494 3706 549 λείπον-

435 595 625 649 illius:
658 608 889 663 qumque
918 592 1096 662 major
1149 591 1225 645 illi
1278 589 1380 645 fuit
1414 591 1687 662 'gloriatio
1715 630 1733 655 ,
1795 589 2019 659 proprio

2144 607 2215 656 τος
2253 589 2371 654 τοῦ,
2407 587 2596 643 ταῦτὰ
2638 591 2779 655 εἱσι,
2809 586 3013 659 δηλαδὴ
3063 589 3193 651 τοὺς
3225 587 3422 655 λόγους
3450 587 3547 656 τῆς
3570 587 3704 659 ᾠδῆς

434 687 620 742 studio
646 700 711 741 ac
735 686 923 740 labore
971 685 1077 741 sibi
1101 685 1325 740 nomina
1348 685 1713 754 comparavit.
1737 680 1895 740 Unde
1918 683 2023 737 boc

2144 684 2331 755 ταύτης
2355 683 2637 753 ἐλάλησεν.
2680 682 2838 753 ᾨδῆς
2861 681 2920 734 δὲ
2945 679 3256 750 ἐπέγραψε,
3277 680 3373 735 καὶ
3388 680 3450 733 οὐ
3470 679 3703 749 ψαλμοῦ,

433 779 592 849 pueri
630 778 856 832 nomine
909 777 1085 847 magis
1132 777 1239 834 sibi
1286 777 1463 847 placet
1514 790 1678 845 quam
1731 775 1876 843 regis
1925 781 2022 828 aut

2144 782 2210 832 iti-
2238 779 2299 831 οὐ
2327 776 2416 831 διὰ
2454 775 2736 846 μουσικῶν
2758 774 3033 845 ὀργάνων,
3078 772 3194 827 ἀλλ’
3224 773 3335 826 ἀπὸ
3384 773 3549 841 μόνον
3592 775 3707 827 στό-

434 870 735 940 Propheta.
806 868 1068 939 Sequitur
1115 887 1128 924 :
1187 870 1320 935 Qua:
1363 871 1573 924 locutus
1642 876 1722 922 est
1768 864 2022 922 Domino.

432 959 796 1029 Subintellige
828 973 1132 1028 pronomen
1163 959 1299 1023 hac,
1329 967 1388 1014 ut
1415 959 1487 1014 sit
1515 959 1630 1013 haec
1659 973 1783 1027 quae
1803 958 2022 1013 locutus

424 1063 516 1108 est
541 1051 773 1107 Domino
798 1052 969 1107 verba
1003 1051 1207 1106 cantici
1240 1050 1429 1120 hujus.
1461 1049 1673 1105 Cantici
1711 1064 1838 1104 vero
1887 1049 2026 1104 dixit

429 1155 488 1200 et
518 1160 627 1200 non
661 1144 862 1201 Psalmi
895 1164 908 1200 :
944 1147 1075 1212 quia
1105 1159 1213 1198 non
1261 1144 1471 1200 musico
1521 1142 1709 1213 aliquo
1757 1157 1884 1197 cum
1939 1141 2026 1197 iu-

434 1245 763 1299 slrumento.
797 1237 891 1291 sed
930 1237 1050 1307 ipso
1088 1243 1300 1290 tantum
1342 1249 1440 1291 ore
1469 1236 1636 1291 verba
1661 1236 1779 1290 hac
1802 1234 2024 1299 cecinit,

435 1326 689 1395 cumjam
722 1326 1134 1389 consenuisset,
1167 1333 1228 1380 ιιι
1259 1329 1312 1380 in
1337 1323 1545 1396 Regum
1581 1324 1741 1381 libris
1767 1323 2027 1379 traditur.

435 1416 549 1474 Nos
579 1427 769 1473 autem
795 1419 1097 1489 impmprie
1121 1417 1351 1473 Cantica
1380 1418 1638 1474 Psalmos
1662 1417 2025 1488 appellamus.

435 1509 505 1564 lu
536 1511 620 1565 die
645 1527 754 1581 qua
789 1511 982 1580 eripuit
999 1527 1118 1573 cum
1140 1511 1403 1565 Dominus
1428 1511 1493 1565 de
1515 1526 1674 1565 manu
1693 1510 2028 1564 inimicorum

435 1619 655 1658 suorum
683 1622 702 1659 :
725 1604 828 1658 hoe
861 1615 945 1659 est
982 1604 1035 1659 in
1065 1603 1154 1659 die
1175 1602 1396 1673 quando
1416 1603 1483 1656 ab
1507 1603 1764 1658 omnibus
1791 1601 2031 1657 inimicis

438 1711 579 1764 quos
613 1704 842 1751 eatenus
875 1696 1143 1751 habuerat
1169 1734 1185 1760 ,
1240 1704 1350 1750 tam
1393 1694 1717 1765 alienigenis
1781 1694 2031 1749 videlicet

433 1804 605 1857 quam
641 1790 914 1859 cognatis,
951 1798 1199 1857 ereptmn
1232 1802 1292 1842 se
1325 1802 1388 1842 ac
1444 1789 1736 1841 liberatum
1791 1788 2024 1856 putavit.

2131 887 2299 942 ματος
2329 865 2430 942 ᾖσε
2467 870 2567 935 τὴν
2599 867 2744 939 ᾠδὴν
2781 866 3008 938 ταύτην,
3070 865 3173 936 ήδη
3210 866 3489 937 γηράσας,
3538 866 3613 930 ὡς
3654 868 3706 919 ἐν

2127 965 2193 1034 τῇ
2228 961 2397 1032 βίϐλῳ
2432 961 2545 1015 τῶν
2591 959 2894 1014 Βασιλειῶν
2942 960 3384 1029 ἀναγέγραπται.
3433 958 3627 1027 Ἡμεῖς
3658 960 3704 1013 δὲ

2130 1049 2577 1122 καταχρώμενοι,
2621 1049 2841 1120 ψαλμὸν
2887 1050 2983 1103 καὶ
3009 1047 3151 1120 ᾠδὴν
3198 1047 3409 1119 ταύτην
3454 1048 3706 1118 ὀνομάζο-

2134 1159 2257 1213 μεν.
2306 1143 2412 1196 Ἔν
2449 1140 2640 1212 ᾑμέρᾳ
2671 1140 2759 1205 δὲ,
2793 1135 2833 1213 ᾖ
2863 1144 2898 1195 ὁ
2940 1141 3158 1209 Κύριος
3187 1141 3490 1209 ἐρρύσατο
3535 1141 3710 1197 αὐτὸν

2129 1237 2199 1291 ἐκ
2230 1238 2428 1304 χειρὸς
2465 1236 2709 1291 πάντων
2737 1235 2857 1290 τῶν
2886 1233 3118 1305 ἐχθρῶν
3158 1233 3370 1297 αὐτοῦ,
3413 1236 3704 1303 τουτέστιν,

2130 1326 2191 1378 ὲν
2221 1324 2429 1397 ἡμέρᾳ,
2461 1324 2552 1378 ὅτε
2601 1323 2781 1389 ἔδοξεν
2836 1324 3274 1396 ὲλευθερωθῆναι
3321 1327 3544 1380 πάντων
3591 1326 3707 1398 ἄχρι

2131 1414 2254 1468 τότε
2288 1414 2586 1484 πολεμίων,
2640 1418 2738 1469 καὶ
2777 1414 3106 1485 ἀλλογενῶν,
3147 1417 3243 1471 κα)⁸
3263 1416 3567 1486 ὁμογενῶν.
3597 1423 3710 1475 Διε-

2086 1532 2091 1537 ·
2132 1508 2242 1562 λὼν
2266 1509 2325 1563 δὲ
2352 1508 2466 1563 τῶν
2486 1509 2662 1565 ἀλλων
2684 1509 2899 1580 ἐχθρῶν
2924 1510 3017 1564 τὸν
3049 1511 3245 1572 Σαοὺλ.
3272 1511 3380 1581 ἰδία
3415 1512 3511 1565 καὶ
3533 1514 3709 1567 τελευ-

2133 1602 2284 1653 ταῖον
2314 1600 2568 1670 τέθηκεν,
2591 1600 2624 1671 ἢ
2659 1601 2734 1664 ὡς
2759 1600 3175 1671 πολεμιώτατον
3204 1602 3374 1656 αὐτοῦ
3400 1604 3706 1672 γενόμενον,

2131 1692 2166 1762 ἢ
2196 1693 2516 1763 φειδόμενος
2539 1694 2653 1757 τοῖς
2676 1693 2859 1758 ἄλλοις
2887 1693 2981 1764 ὲχθ
2991 1696 3103 1764 ροϊς
3128 1694 3390 1760 συντάξαι
3411 1695 3623 1761 τοῦτον,
3642 1697 3707 1762 ὡς

2137 1785 2367 1855 βασιλέα
2408 1786 2507 1840 καὶ
2545 1786 2848 1857 εὐεργέτην
2904 1786 3070 1841 αὑτοῦ
3109 1804 3243 1841 ποτε
3298 1790 3589 1857 γεγονότα,
3629 1792 3711 1844 καὶ

439 1879 702 1936 Privatim
741 1890 919 1935 tamen
958 1879 1175 1935 Saulem
1206 1895 1234 1932 a
1267 1878 1492 1933 emeris
1537 1877 1887 1948 distinguens
1916 1879 2025 1932 ini-

2144 1878 2415 1947 πενθερόν.
2885 1940 2888 1945 ,

434 1971 621 2038 micis,
663 1972 858 2026 ultimo
913 1987 1039 2025 eum
1091 1970 1235 2031 Iero,
1262 1984 1325 2023 ac
1391 1970 1716 2022 nominatim
1772 1969 2244 2034 cunmcnzoravit,
2319 1969 2400 2022 vel
2478 1977 2737 2041 tanquam
2815 1973 3058 2029 omnium
3116 1974 3598 2043 inimicissimum,
3640 1965 3714 2033 vel

441 2067 583 2123 forte
603 2068 730 2139 quia
758 2078 809 2123 et
838 2082 1020 2137 regem
1065 2075 1120 2121 et
1163 2079 1442 2129 socerum,
1473 2074 1531 2118 et
1564 2064 1635 2120 de
1666 2079 1726 2119 se
1755 2063 2053 2135 aliquando
2090 2065 2495 2121 bent-meritum
2522 2067 2693 2123 simul
2720 2082 2846 2124 cum
2922 2070 3045 2126 aliis
3099 2072 3547 2143 coniungendum
3617 2091 3713 2131 nun

436 2164 622 2218 duxit.

509 2255 679 2310 Vens.
720 2253 773 2309 2.
813 2253 1045 2325 Diligam
1078 2262 1147 2319 te,
1184 2252 1423 2314 Dentine,
1446 2252 1704 2321 fortitudo
1731 2270 1868 2308 mea.
1901 2252 2052 2307 Cum.

447 2350 641 2413 multa,
676 2347 879 2416 inquit,
914 2355 972 2400 et
1013 2361 1208 2417 magna
1251 2345 1513 2401 beneficia
1543 2363 1572 2398 ιι
1607 2357 1660 2401 te
1712 2347 2037 2417 receperim,

442 2451 499 2496 et
550 2438 885 2510 respondere
919 2439 1027 2494 illis
1058 2454 1357 2509 nequeam,
1399 2438 1548 2507 (quid
1575 2439 1721 2494 enim
1750 2440 2039 2493 retribuam

444 2533 671 2588 Domino
720 2547 815 2599 pro
852 2531 1094 2586 erunibus
1147 2547 1266 2602 qua:
1303 2531 1544 2585 retribuit
1584 2531 1713 2585 mihi
1741 2531 1845 2600 ενι)
1896 2530 2042 2601 quod

440 2627 621 2682 solum
658 2625 812 2679 valeo
840 2622 891 2677 id
939 2621 1134 2676 faciam
1171 2639 1186 2675 :
1222 2622 1443 2692 diligam
1473 2630 1542 2688 te,
1566 2636 1674 2675 non
1700 2619 1850 2690 quod
1881 2629 2041 2675 antea

439 2728 552 2768 non
584 2725 850 2776 amarem,
880 2709 977 2765 sed
1031 2710 1192 2779 quasi
1226 2710 1399 2781 magis
1439 2709 1796 2780 imposterum
1837 2720 2042 2766 amatu-

441 2819 564 2861 rus.
597 2803 713 2860 Hoc
749 2802 897 2858 enim
931 2802 1077 2857 inter
1128 2800 1387 2857 mandata
1450 2802 1637 2857 omnia
1689 2803 1926 2874 primum
1974 2816 2040 2856 ac

439 2896 778 2966 prmeipuum
810 2900 914 2949 est.
974 2892 1170 2963 Diliges
1218 2894 1365 2948 enim
1393 2934 1407 2959 ,
1462 2893 1639 2965 inquit
1672 2935 1687 2959 ,
1745 2892 2032 2950 Dominum

447 2986 611 3041 Deum
648 2995 796 3038 tuum
822 2999 887 3039 ea:
922 2986 1049 3038 totis
1082 2984 1282 3039 ritibus
1330 2985 1437 3038 tuis
1462 3025 1477 3049 ,
1518 2993 1568 3039 et
1612 3000 1678 3038 ex
1723 2994 1832 3040 toto
1878 2984 2036 3039 corde

446 3088 541 3135 tuo
578 3079 645 3135 ⁸⁸.
682 3076 1085 3133 Fortitudinem
1122 3091 1253 3132 vero
1295 3076 1463 3133 Deum
1498 3078 1815 3149 appellavit,
1867 3077 2034 3133 veluti

442 3186 572 3227 eum
605 3171 697 3241 qui
730 3170 903 3240 ipsius
933 3170 1079 3225 beati
1118 3169 1285 3226 David
1320 3169 1699 3225 infirmitatem
1769 3171 2036 3228 adversus

442 3273 525 3320 tot
553 3281 620 3320 ac
644 3267 779 3321 tales
815 3265 1068 3322 inimicos
1103 3264 1298 3323 fortem
1329 3281 1395 3322 ac
1415 3266 1650 3322 validam
1687 3266 1973 3323 reddebat.

2226 2253 2532 2324 Αγαπήσω
2591 2268 2689 2321 σε,
2744 2257 2939 2325 Κύριε.
2980 2258 3021 2327 ἡ
3076 2260 3259 2328 ἰσχύς
3282 2278 3426 2330 μου.
3483 2262 3711 2323 Πολλῶν,

2139 2348 2296 2419 φησι,
2333 2347 2428 2401 καὶ
2458 2348 2713 2417 μεγάλων
2732 2350 2955 2418 ἀγαθῶν
2987 2351 3307 2424 τετυχηκὼς
3350 2353 3459 2407 ἀπὸ
3488 2354 3602 2416 σοῦ,
3631 2359 3714 2407 καὶ

2143 2441 2216 2510 μὴ
2243 2440 2538 2510 δυνάμενος
2566 2441 2930 2511 ἀμείψασοσιο
2968 2445 3031 2498 Τί
3060 2444 3170 2514 γὰρ
3206 2445 3619 2501 ἀνταποδώσω
3646 2447 3715 2512 τῷ

2141 2533 2338 2601 Κυρίῳ
2371 2532 2508 2601 περὶ
2538 2532 2782 2587 πάντων
2804 2528 2894 2588 ὧν
2920 2535 3475 2606 ἀνταπέὃωκέ·μοι;
3502 2538 3531 2590 ὃ
3568 2539 3716 2607 μόνον

2140 2624 2398 2697 δύναμαι,
2431 2626 2597 2681 τοῦτο
2626 2629 2721 2682 καὶ
2761 2629 3006 2697 ποιήσω’
3057 2630 3337 2701 ἀγαπήσω
3373 2631 3483 2700 γὰρ
3516 2631 3596 2697 σὲ,
3627 2633 3716 2700 οὐχ

2138 2719 2213 2784 ὡς
2246 2718 2438 2792 πρώην
2493 2720 2567 2791 μὴ
2596 2720 2851 2788 ἀγαπῶν,
2901 2720 3017 2775 ἀλλ’
3067 2722 3144 2786 ὠς
3174 2723 3267 2776 ἐπὶ
3314 2722 3519 2793 μᾶλλον
3570 2724 3717 2776 τοῦτο

2140 2812 2416 2882 ποιήσωνο
2447 2810 2607 2864 τοῦτο
2633 2812 2743 2883 γὰρ
2776 2813 2871 2865 καὶ
2895 2811 3090 2885 πρώτη
3132 2812 3241 2867 τῶν
3273 2814 3529 2868 ἐντολῶν.
3554 2814 3714 2882 Ἀγα-

2138 2903 2359 2973 πήσεις
2388 2902 2517 2973 γὰρ,
2550 2904 2707 2974 φησι,
2750 2904 2971 2972 Κύριον
2998 2903 3107 2958 τὸν
3138 2906 3292 2959 Θεόν
3318 2920 3439 2959 σου
3468 2905 3541 2968 ἐξ
3579 2904 3718 2969 ὅλης

2137 2995 2249 3065 τῆς
2276 2995 2587 3066 δυνάμεώς
2609 3011 2746 3060 σου,
2768 2996 2867 3051 καὶ
2900 2996 2972 3060 ἐξ
3004 2996 3154 3064 ὅλης
3174 2995 3287 3066 τῆς
3313 2997 3566 3065 καρδίας
3591 3013 3715 3051 σου.

2146 3091 2324 3160 ’ἰσχὺν
2354 3090 2415 3145 δὲ
2438 3089 2530 3144 τὸν
2563 3090 2698 3146 Θεὸν
2729 3091 3014 3159 ἐκάλεσεν,
3044 3090 3123 3155 ὡς
3155 3089 3256 3163 τὴν
3300 3090 3598 3145 ἀσθένειαν
3624 3091 3716 3143 αὺ-

2131 3181 2229 3235 τοῦ
2257 3181 2624 3253 ὲνισχύσαντα
2666 3182 2811 3237 κατά
2864 3183 2975 3238 τῶν
3015 3182 3277 3237 τοιούτων
3318 3182 3413 3237 καὶ
3459 3181 3719 3236 τοσούτων

2135 3272 2371 3345 ἐχθρῶν.

521 3354 688 3413 Vens.
720 3357 775 3412 3.
805 3356 1070 3413 Dominus
1104 3358 1501 3427 ﬁrmamentum
1543 3375 1715 3413 meum
1742 3398 1759 3424 ,
1784 3368 1839 3414 et
1887 3358 2035 3428 refu-

2209 3366 2427 3435 Κύριος
2447 3364 2754 3436 στερέωμὰ
2780 3382 2921 3435 μου,
2958 3365 3060 3422 καὶ
3097 3365 3416 3437 καταφυγή
3451 3382 3598 3436 μου,
3632 3364 3719 3418 καὶ

447 3447 593 3516 gium
618 3464 809 3513 meum,
824 3457 880 3503 ct
900 3448 1159 3507 liberator
1182 3467 1343 3505 metu.
1369 3449 1798 3506 Firmamentum
1815 3451 2037 3522 quidem

449 3541 688 3611 appellat
718 3539 909 3605 Deum,
949 3543 1109 3612 quasi
1138 3543 1230 3613 qui
1259 3558 1390 3598 eum
1429 3543 1697 3609 stabiliat,
1723 3544 2035 3611 conﬁrmet,

444 3640 501 3688 et
539 3633 829 3689 adversum
857 3636 1227 3690 tentatiouum
1262 3636 1525 3706 impetum
1550 3634 1887 3691 immobilem
1913 3636 2042 3692 red-

448 3725 562 3781 dat.
616 3724 913 3796 Refugium
966 3742 1120 3794 vero,
1162 3738 1423 3797 tanquam
1475 3727 1569 3799 qui
1619 3744 1744 3783 eum
1797 3729 2039 3798 pericula

447 3815 749 3886 fugistitem
803 3819 858 3873 in
900 3834 1055 3873 suam
1086 3820 1486 3889 protectionem
1516 3831 1572 3876 et
1610 3823 1920 3877 custodiam
1947 3837 2037 3878 re-

450 3910 657 3979 ceperit
697 3926 712 3963 :
751 3919 804 3966 et
845 3912 939 3983 qui
980 3927 1139 3966 muro
1176 3927 1239 3967 ac
1269 3919 1425 3988 septo
1453 3912 1625 3968 divini
1678 3913 1867 3968 auxilii
1899 3929 2025 3969 eum

449 4012 763 4059 conservet.
800 4003 1174 4058 Liberatorcm
1203 4004 1364 4060 etiam
1393 4042 1408 4068 ,
1462 4005 1610 4074 quod
1645 4021 1770 4061 eum
1816 4007 2040 4078 eripue-

455 4095 528 4148 rit
589 4094 758 4151 abiis
788 4096 883 4167 qui
949 4096 1207 4153 obsidere
1248 4108 1301 4153 et
1347 4097 1623 4168 captivum
1677 4098 2038 4157 facere-eum

454 4187 770 4256 sperabant.

526 4277 668 4331 Deus
701 4294 845 4333 meus
896 4278 1115 4350 adjutor
1141 4296 1307 4347 meus,
1326 4291 1374 4335 et
1398 4285 1621 4352 sperabo
1645 4285 1699 4339 in
1727 4301 1867 4341 euut.
1892 4282 2041 4343 Deus

453 4385 614 4427 meus
650 4372 798 4427 solus
828 4382 935 4439 est,
969 4374 1063 4444 qui
1101 4389 1322 4444 semper
1357 4377 1493 4431 mihi
1533 4392 1692 4449 opem
1726 4378 1904 4436 ferat:
1955 4388 2041 4434 at-

451 4479 564 4533 que
597 4465 718 4518 ideo
756 4468 810 4519 in
841 4480 907 4520 eo
940 4467 1058 4521 solo
1089 4481 1241 4535 spem
1277 4482 1473 4535 ponam
1502 4507 1517 4532 ,
1569 4484 1678 4523 non
1733 4469 2040 4526 formidans

452 4572 575 4625 qua:
604 4558 732 4611 mibi
772 4561 1089 4628 contingere
1122 4569 1375 4629 possunt,
1421 4579 1598 4633 neque
1631 4563 1798 4619 etiam
1833 4564 1902 4620 de
1937 4579 2034 4620 sa-

454 4649 571 4705 lute
606 4652 932 4720 desperans.

2130 3458 2369 3527 ρὐτης
2382 3474 2523 3528 μου.
2540 3457 2836 3529 Στερέωμα
2868 3458 3081 3530 nimi);
3108 3458 3415 3531 ἑδραιώσας
3445 3458 3613 3513 αὐτὸν
3638 3457 3721 3512 καὶ

2139 3549 2376 3621 ποιήσας
2402 3548 2701 3620 ἀκλόνητον
2731 3548 2868 3621 πρὸς
2912 3548 3014 3612 τὰς
3042 3548 3280 3620 ἐμϐολὰς
3309 3549 3422 3602 τῶν
3466 3548 3721 3602 ἑκάστοτε

2140 3639 2503 3709 πειρασμῶν
2534 3639 2830 3711 καταφυγὴ
2877 3639 2958 3707 δὲ,
3008 3640 3086 3701 ὡς
3117 3639 3391 3709 φεύγοντα
3438 3638 3731 3708 δεχόμενος

2138 3731 2271 3797 εἵσω
2294 3730 2394 3803 τῆς
2423 3731 2620 3786 ἑαυτοῦ
2672 3731 2905 3802 σκέπης,
2936 3731 3033 3786 καὶ
3078 3732 3157 3803 τῷ
3203 3730 3373 3802 τειχει
3429 3730 3533 3801 τῆς
3582 3730 3724 3792 Gaia;

2140 3822 2396 3896 βοηθείας
2429 3824 2882 3898 περιφυλάττωνο
2938 3825 3144 3894 ῥύστης
3173 3824 3252 3891 δὲ,
3298 3824 3375 3889 ὡς
3405 3821 3724 3893 ἐξαιρούμε-

2139 3935 2231 3982 νος
2272 3918 2385 3973 τῶν
2440 3918 2755 3990 πολιορκεῖν
2806 3918 2903 3973 καὶ
2947 3916 3389 3989 αἰχμαλωτιζειν
3433 3914 3726 3986 ἐλπιζομέ-

2140 4029 2270 4068 νων.

2214 4286 2432 4354 Κύριος
2474 4286 2704 4352 ,βοηθός
2735 4304 2879 4355 μου,
2928 4286 3029 4339 καὶ
3059 4280 3248 4339 ἐλπιῶ
3286 4283 3381 4338 ἐπ’
3420 4284 3632 4339 αὐτόν.
3675 4282 3728 4335 '0

2142 4379 2276 4442 Θεός
2312 4397 2413 4450 μου
2462 4380 2623 4450 μόνον
2655 4380 2805 4432 ἐστὶν
2835 4380 2923 4433 dei.
2955 4379 3150 4450 βοηθός
3203 4395 3307 4447 μου
3328 4394 3344 4411 ·
3395 4377 3476 4432 διὸ
3505 4378 3607 4430 καὶ
3646 4375 3727 4427 ἐπ’

2143 4471 2308 4526 αὐτὸν
2335 4473 2495 4542 μόνον
2522 4471 2713 4537 ἐλπιῶ,
2746 4472 2819 4541 μὴ
2868 4471 3230 4542 ἀπολιγωρῶν
3259 4469 3396 4539 πρὸς
3433 4470 3504 4523 τὰ
3526 4466 3728 4538 συμπί-

2145 4576 2371 4626 πτοντα,
2405 4559 2529 4632 μηδ’
2564 4560 2959 4631 ἀπογινώσκων
2989 4560 3090 4632 τὴν
3138 4561 3441 4633 σωτηρίαν.

531 4742 809 4799 Protector
835 4761 979 4799 meus
1006 4785 1020 4810 ,
1054 4754 1103 4800 et
1131 4763 1296 4801 cornu
1317 4746 1511 4803 salutis
1543 4766 1670 4804 mete
1697 4789 1711 4813 ,
1738 4760 1787 4804 et
1818 4750 2039 4820 adjutnr

2226 4740 2711 4812 ’Υπερασπιστής
2733 4759 2876 4812 μου.
2911 4739 3011 4794 καὶ
3039 4739 3219 4810 κέρας
3245 4739 3549 4809 σωτηρίας
3592 4757 3728 4809 μου,

461 4850 632 4888 meus.
658 4835 763 4901 Qui
801 4836 854 4890 in
882 4836 1025 4891 bello
1056 4840 1449 4909 protectionem
1479 4857 1631 4896 suam
1660 4842 1727 4897 ad
1761 4841 2047 4915 defensio-

461 4943 589 4983 nem
621 4943 793 4982 meam
828 4930 1009 4999 posuit
1041 4945 1110 4986 ne
1142 4931 1483 4987 vulneraret.
1523 4931 1713 4988 Solent
1746 4935 1894 4989 enim
1950 4936 2046 5006 qui

466 5021 523 5075 in
553 5018 695 5074 bello
729 5019 891 5074 alieni
925 5020 1261 5091 periclitanti
1294 5036 1454 5092 Opem
1486 5021 1631 5078 ferre
1662 5024 1855 5077 volunt
1882 5063 1897 5087 ,
1934 5025 2049 5096 cly-

467 5128 626 5183 peum
661 5114 911 5170 attollere
940 5124 1070 5170 ante
1109 5131 1235 5171 eum
1268 5154 1284 5180 ,
1321 5131 1483 5186 quem
1538 5115 1840 5171 defendunt
1870 5158 1885 5181 ,
1939 5133 2051 5187 quo

463 5205 609 5261 ictus
637 5216 692 5261 et
718 5207 899 5276 jacula
926 5208 995 5263 ab
1027 5223 1094 5263 eo
1127 5208 1372 5277 undique
1405 5216 1657 5264 avertant
1686 5250 1700 5264 .
1732 5221 1786 5264 et
1811 5210 1915 5265 hoc
1950 5225 2050 5281 pa-

462 5306 560 5354 cto
609 5308 892 5369 protegere
952 5301 1080 5372 quis
1124 5299 1292 5353 alium
1355 5300 1579 5356 dicitur.
1634 5300 1817 5355 Cornu
1867 5313 2050 5358 autem

469 5392 663 5447 saluti:
692 5434 708 5460 ,
761 5394 812 5448 id
847 5401 933 5451 est
965 5394 1208 5449 salutare
1252 5394 1748 5463 propugnaculum.
1808 5395 2052 5453 Cornuta

468 5485 619 5539 enim
658 5485 914 5541 animalia
945 5486 998 5540 in
1035 5502 1216 5558 pugna
1256 5484 1594 5540 validissime
1643 5487 1906 5543 cornibus
1936 5503 2057 5543 cer-

475 5584 613 5631 tant.
651 5577 713 5630 Et
754 5579 1012 5648 quoniam
1075 5592 1350 5629 armorum
1400 5576 1503 5629 alia
1558 5577 1622 5630 ad
1681 5577 2052 5633 defensionem

474 5678 631 5731 sunt,
674 5668 779 5719 alia
810 5665 877 5720 ad
910 5666 1287 5730 ullensiouem,
1324 5673 1638 5737 utrumque,
1674 5667 1867 5737 inquit,
1903 5668 2047 5725 Deus

2145 4836 2249 4893 καὶ
2276 4833 2659 4903 armaer
2678 4850 2819 4903 μου.
2844 4833 2934 4886 Ἐν
2962 4832 3224 4903 πολέμοις
3268 4834 3369 4904 τὴν
3399 4833 3613 4902 σκέπην
3640 4834 3730 4885 αὖ.

2146 4931 2243 4985 τοῦ
2276 4930 2382 5002 πρὸ
2431 4927 2567 4998 ἐμοῦ
2597 4927 2790 4991 τιθεὶς.
2825 4927 2912 4980 ῐνα
2975 4926 3049 4997 μὴ
3085 4925 3289 4998 βληθῶ.
3331 4927 3445 4989 Τὰς
3501 4926 3730 4988 ἀσπίδας

2150 5024 2260 5095 γὰρ
2288 5023 2339 5076 οι
2367 5019 2839 5091 ὑπεραπίζοντές
2881 5037 3075 5082 τινων,
3127 5019 3353 5073 εἰώθασι
3405 5018 3517 5089 πρὸ
3557 5019 3731 5073 αὐτῶν

2150 5115 2386 5187 ἀνέχειν,
2417 5114 2497 5177 εἰς
2524 5114 2844 5183 ἀποτροπὴν
2867 5113 2993 5166 ὅθεν
3016 5112 3217 5181 δήποτε
3249 5110 3436 5180 βολῆς.
3468 5111 3661 5179 Κέρας
3682 5112 3731 5163 δὲ

2154 5205 2474 5273 σωτηρίας,
2502 5204 2626 5257 ἀντὶ
2656 5202 2776 5265 τοῦ,
2814 5204 3174 5273 ἀμυντήριον,
3210 5203 3479 5256 σωστικὸν
3498 5220 3513 5235 ·
3533 5203 3604 5257 τὰ
3632 5204 3732 5272 γὰρ

2156 5297 2477 5370 κερασφόρα
2522 5296 2637 5360 ζῶα
2667 5299 2782 5359 τοῖς
2826 5296 3056 5367 κέρασιν
3094 5296 3397 5363 ἀμύνονται
3448 5296 3732 5366 καρτερῶς

2156 5392 2215 5443 ὲν
2260 5393 2383 5447 ταῖς
2414 5390 2638 5461 μάχαις.
2687 5389 2844 5442 Ἐπεὶ
2869 5390 2980 5459 γὲρ
3010 5388 3073 5442 τὺ
3127 5388 3314 5456 μέντοι
3363 5387 3733 5458 φυλακτήριόν

2157 5484 2307 5537 ἐστιν
2336 5484 2522 5547 ὅπλον,
2555 5483 2613 5536 τὸ
2636 5482 2695 5535 δέ
2723 5499 2777 5534 τι
2826 5483 3284 5553 πολεμιστήριον
3321 5482 3417 5536 καὶ
3446 5480 3610 5535 τοῦτο
3636 5483 3733 5535 κά-

2158 5578 2327 5642 κεῖνο,
2357 5579 2541 5645 φησιν,
2576 5579 2604 5630 ὁ
2636 5576 2768 5640 Θεὸς
2808 5578 3045 5644 ἐγένετο,
3095 5581 3190 5629 καὶ
3221 5577 3442 5630 σκέπων
3470 5578 3529 5631 ἐν
3571 5574 3733 5627 πολέ-

2162 5689 2277 5741 μῳ,
2311 5671 2403 5725 καὶ
2434 5669 2764 5740 διαφθείρων
2790 5671 2915 5736 τοὺς
2946 5669 3199 5741 ἐχθρούς.
3244 5670 3626 5743 ’Λντιλὴπτωρ
3659 5667 3733 5731 δὲ,

555 5850 602 5880 ⁸-⁵
639 5844 784 5904 Ps.-l.
819 5862 948 5911 ων,
986 5845 1072 5899 12.
1147 5841 1191 5873 ³ο
1222 5842 1384 5898 Deut.
1422 5859 1497 5907 γι,
1533 5841 1602 5904 ὃς
1651 5841 1842 5898 Matth.
1882 5860 2018 5910 un,
2052 5845 2141 5900 57.
