3846 6542
207 389 303 452 221

1354 396 1562 458 COMM
1578 395 1742 460 ENT.
1785 398 1863 462 IN
1910 402 2270 467 PSALMOS.
3323 416 3355 476 εξ
3371 419 3429 479 7?

204 508 274 570 ὠς
301 502 828 574 ἀντιλαμϐανόμενος
884 505 964 568 εἰς
1009 503 1248 574 ἀθυμίαν
1299 509 1753 574 καταπίπτοντος,

1867 511 2038 565 factus
2072 523 2156 568 est
2188 515 2337 568 mihi.
2372 513 2505 568 Nam
2533 522 2586 570 et
2627 515 2693 570 ab
2737 515 2973 573 inimicis
3023 533 3106 573 me
3157 526 3390 590 protegit
3419 565 3436 588 ,

204 602 292 655 καὶ
312 600 416 653 τῶν
443 597 705 669 θλισερῶν
737 599 912 660 ἄλλως
937 600 1344 670 ἀνακτώμενος.

262 889 450 945 Atr-tor
486 890 916 959 ἐπικαλέσομαι
949 891 1058 946 τόν
1101 893 1341 960 Κύριον,
1392 892 1490 946 ναί
1537 891 1605 946 ἐκ
1643 891 1762 945 τῶν

199 983 414 1052 ἐχθρῶν
448 1000 568 1052 μου
609 985 980 1053 σωθήσομαι.
1023 984 1180 1038 Οὕτω
1226 985 1495 1045 ποικίλοις
1527 985 1760 1054 ὀνόμασι

200 1075 439 1147 βοηθείας
491 1076 805 1146 ἐξυμνήσας
857 1076 947 1130 τὸν
982 1077 1138 1140 Θεὸν,
1191 1073 1266 1140 ὠς
1313 1078 1576 1140 ποικίλως
1608 1078 1759 1148 αὐτῷ

201 1168 504 1238 βοηθοῦντα,
537 1169 630 1220 καὶ
659 1168 801 1221 κατὰ
834 1168 1127 1238 διαφόρους
1167 1169 1428 1239 τρόπους,
1458 1170 1643 1238 φησὶν,
1675 1171 1758 1222 ὅτι.

198 1263 263 1316 Οὐ
290 1261 592 1330 πεποίημαι
611 1261 703 1313 τοῦ
725 1262 928 1333 Κυρίου
954 1261 1048 1315 τὸν
1064 1262 1364 1331 κατάλογον
1375 1262 1483 1315 τῶν
1501 1261 1758 1316 τοιούτων

196 1354 279 1405 καὶ
295 1351 561 1405 τοσούτων
593 1353 893 1422 ὀνομάτων,
929 1353 1006 1417 ὡς
1025 1354 1223 1425 μηκέτι
1253 1353 1444 1409 τούτου
1477 1354 1752 1423 δεόμενος,

196 1447 316 1499 ἀλλὰ
339 1445 424 1498 διὰ
441 1447 655 1498 τούτων
681 1446 848 1498 αίνῶν
882 1447 976 1500 καὶ
1010 1446 1334 1516 μεγαλύνων
1359 1447 1545 1509 αὐτὸν,
1562 1447 1649 1515 ἐφ’
1672 1443 1756 1510 οἷς

193 1537 579 1606 εὗηργετήθην,
607 1537 701 1591 καὶ
725 1538 989 1590 δεικνύων
1017 1537 1117 1609 τὴν
1149 1538 1572 1608 εὐγνωμοσύνην
1593 1557 1607 1571 ⁸
1659 1539 1756 1592 καὶ

192 1632 264 1683 ἔτι
293 1630 378 1681 τὸν
410 1630 624 1700 Κύριον
652 1631 1076 1699 ὲπικαλέσομαι,
1115 1631 1249 1700 παρ’
1268 1632 1397 1702 ὃλην
1430 1633 1531 1701 τὴν
1583 1633 1751 1701 ζωήν.

192 1723 277 1776 Διά
293 1721 451 1775 τοῦτο
479 1723 588 1793 γὰρ
621 1718 796 1787 εἶπεν,
823 1723 1044 1777 Ἐλπιῶ
1070 1723 1164 1776 ἐπ’
1189 1725 1398 1789 αὐτὸν,
1421 1725 1514 1777 καὶ
1536 1725 1756 1787 πάντως

201 1816 290 1870 Ἐκ
319 1814 443 1867 τῶν
487 1815 718 1883 ἐχθρῶν
745 1833 866 1883 μου
890 1815 1238 1884 σωθήσομαι
1259 1833 1273 1848 ο
1306 1817 1355 1868 εί
1384 1816 1492 1886 γὰρ
1525 1817 1620 1870 καὶ
1645 1816 1754 1870 ἀπὸ

189 1908 283 1961 τῶν
320 1907 489 1978 μέχρι
535 1906 628 1960 τοῦ
658 1907 750 1960 νῦν
789 1906 1066 1976 πολεμίων
1114 1907 1407 1978 ὲρῤύσθην,
1458 1908 1574 1962 ἀλλ’
1607 1908 1754 1972 είκδς

190 2002 272 2055 καὶ
301 1999 499 2064 ἅλλους
530 2000 1050 2071 ὲπαναστήσεσθαι,’
1068 1999 1170 2069 τῆς
1212 2001 1360 2069 ζωῆς
1397 2001 1519 2070 ιμοὶ
1578 2017 1755 2071 παρα-

188 2091 518 2162 τεινομένης.
569 2092 820 2146 Τοσαῦτα
865 2091 1058 2156 είπὼν,
1107 2091 1407 2146 ἀνακυκλοῖ
1434 2091 1526 2146 τὸν
1571 2091 1750 2160 λόγον,

188 2186 270 2237 καὶ
296 2184 596 2253 καταλέγει
627 2184 755 2247 τοὺς
809 2183 1089 2247 ποικίλους
1122 2183 1288 2237 αὑτοῦ
1322 2183 1624 2247 κινδύνους,
1657 2184 1751 2237 καὶ

185 2276 274 2337 τὰς
309 2275 614 2336 πολυειδεῖς
648 2274 967 2344 ἐπικουρίας
995 2273 1092 2326 τοῦ
1125 2272 1282 2327 Θεοῦ.
1329 2272 1372 2324 Τ
1378 2270 1750 2341 ροπικώτερον

185 2366 235 2421 δὲ
259 2371 320 2437 τῇ
345 2367 601 2438 διηγήσει
627 2369 914 2438 κέχρηται,
950 2367 1086 2438 πρὸς
1103 2366 1326 2420 πλείονα
1351 2366 1460 2418 τῶν
1483 2365 1748 2436 πραγμά-

186 2476 280 2512 των
308 2458 572 2534 ἔμφασιν.

189 2551 316 2604 varia
347 2558 713 2605 connumerat
766 2549 952 2620 pericu
979 2563 1032 2612 a,

1864 613 1917 657 et
1950 605 2150 671 pariter
2171 621 2266 658 eos
2298 606 2492 674 perdit.
2527 607 2758 674 Adjutor
2797 619 3002 676 autem,
3041 613 3170 680 quia
3208 614 3259 664 in
3296 630 3433 666 nios.

1865 695 2070 749 stitiam
2105 695 2396 753 deductum
2431 715 2515 755 me
2559 701 2824 770 adjuvat,
2857 711 2911 756 et
2938 703 3081 757 inter
3109 703 3436 760 afﬂictiont-s

1866 785 2097 841 refovet.

1932 899 2096 957 Vens.
2126 903 2179 958 ι.
2213 901 2464 958 Laudans
2503 905 2754 961 invocabo
2799 907 3084 964 Dominum
3122 921 3171 965 et
3219 912 3282 965 ab
3332 914 3438 966 ini-

1864 993 2018 1047 micis
2051 996 2181 1049 meis
2221 995 2400 1050 salvus
2425 1012 2537 1053 ero.
2564 996 2699 1051 Cum
2738 1008 2847 1053 tam
2881 1001 3048 1058 variis
3072 1015 3134 1057 ac
3178 1002 3438 1073 multipli-

1875 1084 2032 1140 cibus
2078 1085 2245 1140 divini
2299 1088 2483 1142 auxilii
2517 1088 2832 1144 nominibus
2883 1091 3049 1146 Deum
3086 1092 3432 1157 laudaverit,

1861 1176 2026 1232 veluti
2052 1191 2178 1230 eum
2200 1179 2292 1247 qui
2327 1179 2577 1248 plurimis
2601 1195 2664 1235 ac
2690 1181 2926 1238 diversis
2953 1183 3128 1237 modis
3149 1185 3251 1238 sibi
3274 1199 3430 1254 opem

1859 1267 2063 1333 tulerit,
2083 1279 2268 1338 postea
2289 1273 2577 1327 subintulit
2597 1272 2785 1329 dicens
2820 1293 2834 1329 :
2862 1273 2980 1329 Non
3010 1290 3111 1345 ego
3150 1285 3432 1330 tantorum

1859 1375 1924 1416 ac
1954 1362 2137 1416 talium
2173 1363 2457 1417 nominum
2512 1365 2838 1419 auxiliorum
2872 1365 2966 1420 Dei
3018 1369 3326 1437 catalogum
3369 1385 3430 1421 ea

1860 1464 2070 1510 tantum
2121 1457 2373 1512 recensui
2437 1458 2691 1524 ratione,
2747 1468 2806 1513 ut
2865 1460 2933 1514 de
2990 1460 3227 1528 receptis
3261 1461 3330 1515 ab
3360 1476 3431 1516 eo

1859 1545 2136 1602 beneﬂciis
2163 1548 2368 1617 gratias
2403 1559 2646 1617 agerem,
2677 1555 2939 1616 tanquam
2971 1547 3064 1616 qui
3092 1548 3243 1603 illius
3273 1549 3432 1602 auxi-

1856 1636 1928 1690 lio
1957 1637 2198 1708 indigere
2226 1638 2462 1706 amplius
2491 1653 2605 1694 non
2638 1638 2892 1695 deberem
2923 1677 2940 1701 ,
2989 1640 3083 1694 sed
3120 1655 3215 1708 per
3243 1655 3308 1694 ea
3333 1655 3434 1709 pro

1854 1729 2070 1786 collatis
2102 1731 2156 1785 in
2187 1746 2273 1786 me
2303 1730 2462 1786 donis
2499 1731 2573 1784 ita
2609 1729 2822 1786 laudavi
2857 1731 3048 1794 Deum,
3085 1739 3140 1784 et
3183 1730 3434 1798 magnifi-

1782 1846 1828 1906 Β
1856 1824 1975 1878 cavi
2005 1861 2020 1885 ,
2058 1832 2113 1876 et
2160 1823 2546 1892 gratitudinem
2599 1823 2764 1878 animi
2796 1824 2902 1878 mei
2933 1822 3145 1878 ostendi
3177 1863 3192 1884 ,
3228 1829 3290 1875 ut
3319 1831 3434 1876 toto

1853 1921 2098 1983 tempore
2147 1914 2270 1968 vita:
2320 1929 2453 1970 metu
2502 1913 2653 1968 illum
2707 1913 3070 1969 invocandum
3124 1912 3254 1966 mihi
3307 1927 3432 1967 esse

1849 2019 2176 2073 cognoscam
2206 2044 2222 2068 ,
2262 2013 2318 2060 et
2351 2005 2406 2059 in
2439 2019 2504 2059 eo
2535 2021 2660 2076 spes
2695 2021 2830 2060 mea;
2861 2020 3053 2060 omnes
3103 2004 3433 2060 collocandae

1848 2093 1976 2148 sint.
2011 2092 2326 2164 Propterea,
2360 2093 2612 2160 Sperabo,
2643 2095 2844 2165 inquit,
2865 2095 2916 2148 in
2942 2110 3084 2156 eum,
3119 2102 3196 2158 et,
3230 2092 3294 2144 ab
3325 2092 3433 2145 ini-

1849 2187 1997 2242 micis
2027 2188 2157 2241 meis
2186 2187 2363 2241 salvus
2410 2203 2521 2242 ero.
2567 2185 2702 2240 Nam
2749 2187 2852 2242 etsi
2899 2186 2968 2240 ab
3001 2185 3239 2239 inimicis
3291 2199 3431 2252 quos

1857 2277 2122 2332 hactenus
2159 2277 2318 2332 habui
2352 2277 2618 2332 liberatus
2648 2291 2769 2330 sum
2803 2315 2819 2341 ,
2857 2285 3095 2330 attamen
3135 2273 3431 2328 verisimile

1855 2376 1964 2432 est,
1995 2368 2042 2423 si
2067 2369 2274 2424 diutius
2300 2369 2486 2424 vixero
2511 2407 2526 2431 ,
2563 2377 2618 2423 et
2651 2368 2786 2422 alios
2827 2368 2880 2422 in
2934 2383 3020 2422 me
3058 2381 3276 2419 rursum
3306 2379 3430 2418 esse

1856 2457 2285 2516 insurrecturos.
2321 2459 2414 2514 llis
2448 2461 2608 2516 dictis
2638 2473 2948 2515 sermonem
3006 2459 3279 2514 convertit
3309 2497 3324 2519 .
3375 2467 3432 2508 et

1107 2555 1161 2602 et
1233 2547 1558 2615 multiplices
1619 2546 1714 2601 Dei
1788 2547 2154 2604 defensiones.
2224 2551 2528 2620 Allegorica
2589 2565 2716 2605 vero
2763 2547 3076 2604 narratione
3129 2550 3300 2604 utitur
3360 2547 3432 2602 ad

190 2643 435 2712 majorem
468 2659 647 2696 rerum
685 2641 1008 2711 emphasim,
1040 2649 1094 2696 et
1122 2639 1188 2694 ad
1231 2639 1493 2708 majorem
1527 2639 1800 2696 sermonis
1829 2641 1915 2696 sui
1949 2641 2274 2697 ellicaciam.

246 2761 577 2828 Περιέσχον
610 2775 685 2828 με
702 2756 912 2822 ὠδῖνες
937 2758 1220 2810 θανάτου.
1265 2755 1389 2808 Ἐπὶ
1410 2753 1518 2806 τῶν
1544 2752 1754 2823 ἀνδρῶν

129 2866 134 2870 ’
187 2854 366 2916 ὠδῖνας
393 2852 629 2920 νοοῦμεν
658 2849 786 2912 τοὺς
814 2851 879 2902 ὲκ
904 2847 1138 2917 θλίψεων
1154 2847 1372 2911 πόνους,
1390 2845 1753 2916 καθάπερκαὶ

187 2947 268 3000 ἐπὶ
305 2945 414 2998 τῶν
443 2941 718 3012 γυναικῶν
762 2942 816 2994 αἱ
853 2940 1041 3004 ὠδῖνές
1091 2940 1256 3002 εἰσιν,
1298 2937 1746 3008 ἀποθλισομένων

187 3039 280 3093 τῶν
309 3038 514 3107 πόρων,
550 3035 638 3089 διὰ
681 3035 782 3103 τὴν
817 3033 1212 3103 στενοχωρίανο
1244 3031 1362 3086 ἀλλ’
1410 3032 1497 3084 ἐπ’
1524 3031 1748 3084 ἑκείνων

1924 2753 2085 2810 Vsus.
2119 2756 2172 2808 5.
2199 2755 2666 2810 Circumdederunt
2693 2772 2772 2809 me
2801 2756 3010 2810 dolores
3044 2755 3247 2808 mortis.
3275 2753 3427 2820 Quo-I

1854 2847 2048 2902 Latine
2080 2848 2288 2901 dolores
2324 2849 2575 2916 legimus,
2612 2848 2666 2902 in
2693 2846 2884 2902 Graeco
2927 2848 3116 2909 ὠδῖνες
3145 2847 3378 2899 habetur
3413 2862 3428 2898 :

1854 2955 1974 3006 qua:
2004 2939 2168 2992 dictio
2202 2941 2421 3010 proprie
2461 2941 2816 3009 parturientis
2848 2939 3073 2993 dolores
3129 2939 3426 3005 signiﬁcat.

1854 3029 2173 3102 Hujusmodi
2201 3032 2384 3101 itaque
2444 3034 2659 3088 dolores
2717 3032 2770 3085 in
2824 3031 3148 3086 hominibus
3198 3029 3428 3094 intelligi

191 3131 295 3200 μὲν,
321 3129 512 3188 ὠδῖνες
543 3128 608 3182 ἂν
640 3122 856 3197 ρηθεῖεν
889 3125 1056 3194 ζωῆς,
1085 3126 1162 3187 εἰς
1194 3124 1309 3192 φῶς
1342 3123 1488 3191 ζωῆς
1517 3123 1752 3191 ἄγουσαι

1862 3129 2078 3185 possunt
2112 3121 2328 3174 labores
2363 3130 2418 3174 et
2453 3122 2746 3183 molestite,
2771 3136 2894 3190 qua:
2947 3121 3014 3174 de
3043 3117 3433 3173 afﬂictionibus

188 3220 240 3272 τὸ
259 3220 546 3290 ἐχόμενον·
587 3218 681 3270 ἐπὶ
707 3215 912 3269 τούτων
951 3217 1031 3281 δὲ,
1077 3213 1406 3275 τούναντίον,
1439 3213 1626 3276 ὠδῖνες
1657 3211 1750 3264 θαο

1862 3220 2015 3280 ιιίιιιθ
2060 3213 2333 3282 angustiis
2385 3216 2753 3282 proveniunt,
2802 3212 2868 3266 ad
2922 3210 3174 3265 dolorum
3210 3209 3428 3262 illorum

187 3314 353 3374 νάτου,
372 3313 448 3376 ὠς
470 3313 549 3376 είς
574 3312 764 3376 σκότος
785 3311 1014 3364 θανάτου
1047 3310 1310 3379 φέρουσαι
1337 3307 1428 3360 τὸν
1459 3305 1753 3376 συνεχόμε-

1862 3304 2262 3358 similitudinem
2296 3306 2387 3372 qui
2422 3306 2474 3358 in
2511 3305 2797 3358 mulierum
2836 3301 3318 3372 parturitionibus,
3354 3300 3426 3354 oh

186 3422 282 3460 vov.
311 3405 572 3460 Βούλεται
597 3404 779 3458 τοίνυν
810 3405 1005 3465 εἰπεῖν,
1056 3403 1137 3454 ὅτι
1165 3399 1502 3470 Ξυνεσχέθην
1545 3397 1753 3467 ἀφορή-

1862 3397 2162 3466 angustiam
2202 3406 2256 3450 et
2293 3397 2757 3465 compressionem
2817 3403 3092 3449 meatuum
3118 3431 3134 3456 ,
3162 3393 3432 3446 molestis-

186 3513 288 3562 τοις
339 3499 572 3561 ὀδύναις.
609 3497 704 3549 Διὰ
739 3496 846 3562 γὰρ
888 3495 997 3546 τῶν
1049 3488 1253 3546 ὠδίνων
1302 3491 1399 3562 τὴν
1445 3489 1752 3560 δριμύτητα

1862 3489 1977 3544 simi
2031 3489 2305 3543 oriuntur.
2363 3486 2563 3541 Verum
2617 3488 2669 3540 in
2732 3486 2998 3550 muliere,
3048 3483 3270 3537 dolores
3305 3483 3431 3536 vitae

187 3589 380 3646 τούτων
414 3591 791 3659 παρέστησεν.

1873 3582 2052 3652 potius
2099 3597 2261 3650 quam
2295 3581 2488 3636 mortis
2539 3578 2753 3633 dicendi
2808 3587 2970 3641 sunt,
3005 3591 3127 3631 cum
3163 3575 3228 3628 ad
3265 3573 3430 3643 hujus

188 3687 300 3739 vita:
327 3685 499 3740 lucem
527 3686 799 3740 hominem
827 3685 1152 3755 producant.
1179 3682 1275 3738 llic
1302 3697 1427 3736 vero
1457 3680 1735 3733 diversum
1777 3678 2000 3733 omnino
2032 3678 2230 3732 accidit
2255 3695 2270 3742 ;
2321 3677 2540 3732 dolores
2567 3678 2712 3731 enim
2745 3675 2940 3728 mortis
3004 3674 3262 3726 dicuntur
3287 3710 3302 3734 ,
3364 3681 3432 3724 e0

191 3781 323 3849 quod
353 3781 413 3834 ad
447 3785 640 3837 mortis
691 3782 946 3835 tenebras
1010 3779 1303 3842 deducant,
1375 3790 1534 3848 quem
1608 3761 2145 3842 comprehenderint.
2216 3773 2355 3825 Dicit
2398 3771 2582 3840 itaque
2631 3766 2989 3822 intolerandis
3041 3779 3101 3819 se
3152 3762 3428 3816 detentum

191 3873 350 3928 fuisse
369 3874 655 3928 doloribus
701 3891 716 3929 :
747 3873 837 3928 illa
865 3874 1008 3928 enim
1037 3871 1296 3935 dictione,
1334 3883 1494 3941 quam
1523 3867 1576 3921 in
1599 3866 1791 3922 Grmco
1829 3863 2020 3921 haberi
2089 3865 2378 3921 retulimus
2401 3905 2416 3930 ,
2473 3861 2763 3917 maximam
2811 3859 3059 3914 dolorum
3111 3856 3428 3926 gravitatem

191 3966 469 4037 expressit.

256 4087 358 4142 Kal
379 4086 685 4155 χείμαρῤοι
714 4083 964 4152 ἀνομῖας
983 4079 1352 4150 ἐξετάραξὰν
1373 4095 1470 4150 με.
1507 4076 1753 4147 Χειμάρ-

197 4178 313 4248 ρους
349 4178 580 4249 ἀνομίας
607 4178 766 4230 καλεῖ
792 4177 891 4240 τὰς
919 4175 1028 4230 τῶν
1052 4175 1267 4246 ἀνόμων
1287 4173 1456 4227 ἐθνῶν
1487 4170 1753 4242 προσκαί-

199 4286 314 4338 ρους
349 4271 440 4324 καί⁵
467 4269 768 4338 αίφνιδίους
796 4269 890 4323 καὶ
920 4268 1182 4339 ραγδαίας
1211 4265 1534 4336 προσϐολάς.
1559 4262 1748 4317 Τοιοῦ-

195 4358 394 4427 τοιγὰρ
428 4357 477 4412 οἱ
512 4357 827 4428 χείμαρροι,
882 4357 1150 4428 χειμῶνος
1208 4355 1424 4427 ρέονται
1486 4354 1751 4423 αἰφνίδιον

196 4450 283 4501 καὶ
317 4447 581 4518 ραγδαίως
605 4465 620 4479 ’
653 4448 1048 4517 ὲπονηρεύοντο
1099 4446 1207 4516 γὰρ
1266 4445 1619 4513 φθονοῦντες,
1656 4443 1751 4496 καὶ

197 4539 390 4594 ἀνελεῖν
412 4536 702 4610 ζητοῦντες
739 4537 926 4593 αὐτόν.
983 4539 1270 4609 Προσφυὲς
1305 4536 1362 4590 δὲ
1396 4536 1475 4601 τὸ,
1521 4534 1753 4599 Ἔξετά-

194 4631 402 4698 ραξανο
443 4631 694 4684 κλονοῦσι
724 4631 833 4702 γὰρ
876 4628 970 4683 καὶ
1019 4630 1325 4683 ὲλίσσουσιν
1365 4628 1413 4681 oi
1460 4627 1751 4698 χείμαρροι

200 4723 263 4775 τὰ
282 4725 694 4792 περιπίπτοντα.
731 4724 840 4777 Καὶ
870 4723 1030 4785 αὐτὸς
1063 4719 1154 4776 οὖν
1188 4721 1374 4774 κλόνον
1414 4721 1506 4772 καὶ
1539 4720 1750 4785 ἴλιγγον

201 4817 303 4876 τοῖς
328 4815 602 4886 λογισμοῖς
629 4815 866 4885 ἔπασχεν
893 4813 996 4867 ὑπὸ
1039 4813 1132 4867 τοῦ
1167 4812 1436 4880 αἰφνιδίου
1474 4811 1581 4864 τῶν
1629 4811 1752 4863 ἀδο-

203 4907 388 4978 κήτων.

277 5170 488 5237 Ὠδῖνος
519 5170 671 5239 ᾅδου
709 5168 1204 5240 περιεκύκλωσάν
1226 5185 1322 5239 με.
1355 5166 1520 5221 Τουτὶ
1550 5167 1610 5220 τὸ
1651 5169 1752 5238 ρη-

207 5261 283 5314 τδν
313 5263 497 5317 ταύτὸν
519 5263 740 5317 δύναται
767 5264 863 5334 τῷ,
896 5262 1226 5332 Περιέσχον
1243 5279 1318 5331 με
1342 5260 1552 5325 ὠδῖνες
1575 5259 1755 5313 θανά-

207 5367 329 5410 του·
363 5358 420 5410 τό
449 5374 507 5409 τε
532 5358 640 5427 γὰρ
670 5357 1294 5424 περιεκύιιλωσαν,καί
1317 5354 1379 5406 τὸ
1407 5353 1752 5420 περιέσχον,

207 5453 658 5522 ταυτοσήμαντονο
689 5454 782 5504 καὶ
813 5451 967 5522 ᾅδης,
995 5454 1088 5504 καὶ
1126 5451 1373 5511 θάνατος,
1420 5446 1754 5516 ἀλληλούμε-

209 5561 294 5597 ναο
320 5545 444 5615 ᾅδην
467 5546 576 5616 γὰρ
603 5544 806 5611 ἔλεγον,
831 5543 968 5612 ἀηδῆ
1015 5543 1203 5604 τόπον,
1231 5542 1335 5596 ὑπὸ
1379 5543 1482 5608 γῆν
1517 5541 1625 5593 τῶν
1657 5539 1756 5590 θα-

208 5638 405 5692 νόντων.
441 5637 599 5689 Ἐπεὶ
627 5635 802 5688 τοίνυν
834 5634 1021 5696 ὠδῖνες
1063 5631 1371 5704 γεννήσεώς
1407 5635 1538 5697 εἰσι,
1570 5649 1756 5700 περιεο

211 5726 472 5781 κύκλωσάν
520 5745 608 5795 με,
656 5728 844 5796 φησὶν,
899 5725 1121 5790 ὠδῖνες,
1175 5724 1441 5792 γεννῶσαι
1499 5725 1752 5786 θάνατον,

209 5817 466 5890 ὑπηρετην
493 5819 646 5890 ᾅδου.
695 5819 752 5872 Ὀ
785 5817 882 5889 μὲν
930 5818 1036 5888 γὰρ
1093 5817 1313 5887 χωρίζει
1351 5817 1449 5888 τὴν
1484 5817 1690 5887 ψυχήν·
1727 5816 1756 5868 ὁ

1926 4069 1992 4124 Et
2021 4078 2276 4124 torrentes
2328 4066 2626 4135 iniquitatis
2680 4062 3127 4119 conturbarernnt
3171 4075 3272 4114 me.
3323 4055 3429 4111 Per

1849 4172 2120 4220 torrentes
2159 4160 2506 4232 iniquitatis,
2553 4159 2794 4223 subitas,
2858 4152 3218 4224 temporarias
3268 4158 3435 4220 atquo

1849 4255 2192 4326 itnpetuosas
2215 4252 2507 4322 impiarmn
2525 4249 2764 4318 gentium
2785 4245 3126 4302 incursiones
3146 4241 3430 4309 intelligit:

1849 4347 2223 4420 hujuscemodi
2264 4347 2404 4399 enim
2439 4352 2647 4397 natura:
2697 4347 2969 4394 torrentes
3027 4343 3156 4387 sunt
3183 4374 3196 4393 ,
3241 4331 3334 4400 qui
3370 4330 3425 4383 in

1852 4443 2026 4497 hieme
2057 4439 2251 4500 ﬂuunt,
2289 4437 2580 4504 statimque
2615 4446 2679 4485 ac
2739 4445 2862 4483 cum
2926 4427 3149 4494 impetu.
3198 4422 3431 4491 Maligna

1851 4535 1993 4587 enim
2047 4529 2121 4584 illi
2162 4535 2217 4583 e‘.
2251 4528 2438 4595 iniquo
2473 4524 2656 4578 animo
2691 4520 2921 4588 agebant
2947 4525 3254 4586 qumrrntes
3304 4529 3426 4565 eum

1850 4623 2189 4679 interimere.
2217 4614 2678 4673 Commodissime
2708 4609 2872 4666 etiam
2907 4605 3160 4677 apposuit
3204 4605 3428 4656 verbum

1855 4715 2313 4770 conturbauerunt.
2376 4707 2678 4763 Devolvunt
2725 4703 2870 4757 enim
2905 4707 3176 4752 torrentes
3215 4712 3276 4749 ac
3311 4710 3434 4762 ροτ-

1863 4809 2084 4862 turbant
2115 4803 2296 4860 omnia
2327 4803 2378 4855 in
2412 4811 2752 4869 quaecunque
2783 4792 3101 4847 inciderint.
3150 4789 3240 4842 Ait
3271 4788 3434 4855 igitur

1857 4897 2127 4966 Propheta
2156 4911 2214 4948 se
2245 4893 2410 4950 etiam
2443 4891 2879 4957 circumquaque
2905 4885 3206 4938 volutatum
3239 4879 3430 4938 fuisse,

1853 5002 1908 5046 et
1933 4988 2247 5059 vertiginem
2279 4983 2435 5053 quasi
2468 4995 2687 5052 passum
2729 4980 2798 5032 ob
2828 4987 2934 5030 tam
2960 4973 3302 5043 repentinum
3331 4986 3431 5021 no-

1853 5096 2041 5136 varum
2066 5091 2225 5145 atque
2253 5078 2650 5143 insperatarum
2689 5086 2870 5125 rerum
2903 5079 3134 5121 motum.

1922 5169 2089 5227 Vsus.
2129 5170 2184 5224 6.
2223 5169 2439 5221 Dolores
2471 5165 2668 5227 inferni
2706 5159 3165 5216 circumdederunt
3197 5170 3297 5207 me.
3331 5151 3428 5204 llic

1855 5263 2156 5317 versiculus
2184 5261 2322 5313 idem
2350 5256 2642 5325 significat,
2677 5254 2820 5322 quod
2847 5248 3099 5319 superior
3132 5245 3222 5298 ille
3251 5261 3264 5298 :
3299 5242 3421 5296 Cir-

1852 5354 2226 5411 cnmdederunt
2252 5368 2330 5405 me
2357 5349 2564 5403 dolores
2595 5347 2800 5410 mortis,
2831 5359 2926 5396 seu
2960 5341 3044 5409 (ut
3096 5337 3282 5392 verius
3318 5336 3428 5388 illic

1856 5449 2018 5505 habet
2051 5448 2235 5500 Grzeca
2270 5442 2463 5511 lectio)
2495 5439 2866 5494 continuerunt
2920 5449 3022 5487 me.
3072 5427 3428 5486 Circumdare

1852 5539 1994 5594 enim
2026 5548 2079 5591 et
2111 5536 2391 5591 continere
2418 5546 2481 5586 ac
2545 5527 2831 5597 complecti
2882 5527 3026 5581 idem
3077 5523 3415 5595 signiﬁcant.

1860 5634 2123 5687 Similiter
2191 5636 2244 5682 et
2302 5640 2449 5680 mors
2501 5631 2554 5677 et
2603 5621 2872 5676 infernus.
2935 5619 3191 5674 lni‘ernus
3242 5625 3426 5669 autem

1862 5725 2052 5794 [juxta
2106 5721 2276 5774 (ὲκ-α)ρὶ
2327 5714 2562 5771 nominis
2606 5713 3032 5786 ctymologiaml
3070 5714 3347 5767 insuavem
3375 5713 3432 5758 (ιι

1865 5815 2218 5886 iniucundum
2253 5807 2524 5881 signiﬁcat
2555 5818 2892 5865 mortuorum
2924 5807 3100 5862 locum
3135 5843 3151 5872 ,
3194 5800 3285 5873 qui
3326 5797 3428 5852 sub
