3916 6566
176 433 288 495 225

1340 436 1741 500 ’COMMENT.
1783 435 1868 497 ΙΝ
1900 434 2261 497 PSALMOS.

3234 439 3443 504 ⁸226

182 547 375 617 μένοις
402 545 531 609 τοὺς
558 544 776 609 ἀθλίους
807 543 1150 617 ἀνθρώπους.
1187 545 1422 601 Δύναται
1447 548 1507 601 δὲ
1531 547 1689 599 ταυτὶ
1703 546 1771 600 τὰ

1881 544 2091 607 accidit,
2140 543 2269 613 quia
2323 543 2495 599 iratus
2546 551 2631 598 est
2682 542 2790 598 illis
2834 543 3001 608 Deus.
3036 545 3180 616 quod
3229 555 3436 604 tantam

181 641 329 713 ῥητὰ
354 639 598 694 νοεῖσθαι
623 640 719 693 καὶ
744 640 872 710 περὶ
895 639 1005 692 τῶν
1031 641 1091 692 ὲν
1127 638 1203 708 τῷ
1230 640 1408 711 καιρῷ
1434 641 1526 694 τοῦ
1559 644 1760 694 Δεσπο-

179 734 341 789 τικοῦ
373 734 587 797 πάθους
615 733 1021 804 γεγενημένων,
1058 731 1169 803 (62)
1194 734 1277 788 ὃτι
1301 735 1374 804 γῆ
1404 735 1761 804 insistimus).

184 830 391 899 πέτραι
424 824 768 899 ἑῤῥάγησαν,
798 827 883 879 ὅτι
911 828 940 880 ὁ
979 825 1111 890 Θεὸς
1137 825 1384 897 ὠργίσθη
1418 827 1624 890 αὐτοῖς,
1660 829 1761 897 δη-

182 922 364 977 λονότι
396 924 511 986 τοῖς
550 920 851 985 Ἰουδαίοις.

250 1101 469 1172 Ἀνέϐη
491 1101 725 1167 καπνὸς
751 1100 822 1155 ἐν
842 1099 990 1171 ὀργῆ
1019 1098 1619 1169 αὐτοῦ.¹οργισθέντος
1649 1103 1761 1172 γὰρ

182 1194 283 1248 τοῦ
314 1192 665 1265 Δημιουργοῦ
696 1191 784 1247 διὰ
814 1193 913 1264 τὴν
963 1191 1060 1246 τοῦ
1100 1191 1758 1269 πλάσματκιάπώλειαν,

1863 644 2191 690 exercerent
2223 636 2276 689 in
2309 635 2560 690 homines
2602 636 2971 707 tyrannidem.
2999 635 3238 694 Possunt
3272 643 3437 695 etiam

1864 726 1981 780 hanc
2015 727 2245 796 intelligi
2304 726 2371 779 ile
2406 727 2491 780 his
2539 742 2659 795 quae
2688 727 3007 783 acciderunt
3037 737 3282 799 tempore
3306 732 3443 787 Pas-

1865 816 2041 885 sionis
2073 818 2307 883 Domini,
2336 819 2556 887 quando
2588 828 2730 872 terra
2758 829 3029 875 commota
3059 832 3163 884 est,
3192 834 3442 895 etpeme

1862 907 2048 971 scissae
2080 918 2205 963 sont
2241 925 2254 960 :
2297 925 2421 979 qua:
2456 909 2638 964 omnia
2695 910 2881 966 divina
2912 915 3271 981 permissioue
3310 933 3450 974 σου·-

1861 998 2130 1070 tigerunt,
2163 1001 2290 1069 quia
2319 1001 2493 1056 iratus
2519 1010 2638 1073 erat
2672 1002 2940 1057 Dominus
2973 1000 3203 1061 Judaeis.

1933 1089 2171 1147 Vsus.9.
2200 1091 2442 1146 Ascendit
2469 1094 2643 1163 fumus
2672 1095 2727 1147 in
2748 1094 2831 1148 ira
2861 1095 2996 1165 ejus.
3014 1094 3274 1153 Creatore
3301 1099 3447 1155 irato

1860 1181 1935 1236 ob
1975 1192 2247 1261 creaturae
2304 1198 2418 1251 suae
2477 1184 2787 1252 interitum,
2852 1189 3133 1258 praecessit
3190 1191 3442 1248 vindictae

183 1286 550 1355 προηγήσατο
578 1283 679 1353 τῆς
708 1283 1040 1354 ἐκδικήσεως
1086 1282 1316 1347 καπνὸς,
1350 1282 1410 1346 ὃς
1457 1277 1527 1354 ἦν
1559 1282 1760 1353 μερική

1881 1273 2072 1340 'umus,
2102 1275 2194 1343 qui
2231 1282 2521 1345 tyrannum
2562 1276 2864 1332 daemonem
2898 1293 2964 1333 ex
2991 1289 3146 1349 parte
3170 1283 3436 1338 coercuit.

179 1376 280 1430 τοῦ
306 1375 744 1449 τυραννήσαντος
770 1376 961 1446 ἐποχή.
991 1374 1131 1438 Τούς
1161 1392 1220 1428 τε
1252 1374 1362 1447 γὰρ
1406 1376 1760 1441 πιστεύοντας

1881 1364 1997 1419 iam
2030 1376 2082 1421 et
2116 1365 2303 1422 lideles
2331 1366 2399 1422 ab
2431 1367 2581 1424 illius
2608 1369 2892 1427 erroribus
2931 1370 3243 1436 abstraxit,
3277 1381 3333 1428 et
3370 1374 3443 1427 ab

182 1469 389 1539 ἀφῄρει
412 1468 515 1537 τῆς
545 1467 758 1520 ἐκείνου
798 1466 1141 1536 πλόινης,καὶ
1167 1467 1275 1521 ἀπὸ
1306 1468 1418 1522 τῶν
1447 1468 1760 1538 δαιμονιζο-

1888 1460 1936 1513 is
1986 1459 2078 1530 qui
2111 1458 2441 1515 daemoniaci
2478 1469 2658 1528 erant,
2684 1462 2914 1532 spiritus
2939 1464 3148 1533 expulit
3197 1464 3441 1520 immun-

188 1559 372 1627 μένων
412 1557 696 1626 ἀπήλαυνε
748 1557 818 1609 τὰ
862 1557 1075 1627 πονηρὰ
1128 1557 1436 1629 πνεύματα.
1476 1557 1648 1612 Τοῦτο
1702 1557 1760 1613 δὲ

1881 1548 1984 1605 los.
2006 1550 2117 1604 lloc
2151 1558 2333 1605 autem
2376 1551 2602 1606 initium
2649 1552 2754 1607 fuit
2783 1562 3076 1624 postrema:
3116 1569 3181 1609 ac
3212 1556 3443 1626 majoris

187 1647 481 1719 προοίμιον
518 1643 588 1718 ἦν
622 1648 725 1717 τῆς
773 1646 1025 1714 ἐντελοῦς
1065 1648 1438 1714 ἐκδικήσεως*
1484 1649 1609 1703 ἐπεὶ
1665 1650 1761 1704 καὶ

1881 1642 2122 1697 vindicta:
2140 1658 2160 1698 :
2186 1644 2627 1714 quandoquidem
2654 1646 2765 1715 igni
2793 1646 2976 1701 fumus
2993 1649 3130 1702 solet
3157 1662 3279 1703 esse
3301 1663 3446 1718 prae-

185 1743 213 1792 ὀ
246 1742 480 1805 καπνὸς,
513 1742 800 1812 προοίμιον
827 1740 921 1795 τοῦ
976 1742 1169 1813 πυρός.
1214 1742 1374 1797 Ἐὁόα
1405 1743 1513 1815 γὰρ
1541 1743 1761 1797 ὲλαυν6ο

1881 1736 2011 1792 rius.
2072 1736 2398 1791 Clamabant
2441 1739 2588 1791 enim
2633 1740 2886 1794 exeuntia
2936 1739 3250 1795 daemonia:
3301 1739 3441 1806 Quid

187 1850 329 1901 μενα
368 1830 439 1885 τὰ
487 1823 783 1902 δαιμόνιαο
852 1833 915 1887 Τί
946 1832 1092 1902 ἡμῖν
1142 1834 1238 1888 καί
1282 1837 1415 1898 σοὶ,
1485 1835 1582 1891 Υἱὲ
1652 1836 1760 1891 τοῦ

1881 1828 2016 1882 tabis
2044 1839 2094 1883 et
2140 1830 2262 1895 tibi,
2293 1826 2406 1882 Fili
2440 1828 2537 1884 Dei
2562 1831 2603 1862 ⁸¹
2642 1831 2667 1886 Ρ
2696 1832 2885 1887 venisti
2931 1841 3053 1887 ante
3100 1842 3300 1902 tempus
3330 1843 3442 1888 tor-

184 1921 335 1975 Θεοῦ
369 1937 389 1984 ;
419 1917 602 1991 ἦλθες
633 1923 750 1991 πρὸ
778 1922 991 1991 καιροῦ
1014 1924 1358 1988 βασανίσαι
1388 1924 1565 1996 ἡμᾶς.
1789 1904 1836 1949 ³⁵
1864 1935 2020 1990 quer;
2039 1937 2155 1975 ηοε-
2378 1904 2399 1927 ’

249 2010 364 2066 Καὶ
396 2010 517 2077 πῦρ
538 2011 657 2065 ἀπὸ
688 2011 1015 2080 προσώπου
1065 2011 1254 2067 αὐτοῦ
1307 2014 1760 2084 καταφλεγήσε-

1936 2008 2003 2064 Ει
2035 2011 2170 2080 ignis
2200 2028 2231 2064 a
2265 2011 2403 2080 [acie
2433 2011 2548 2082 ejus
2574 2015 2904 2068 exardescet.
2933 2014 2990 2069 Si
3026 2015 3307 2085 precessit
3348 2014 3439 2070 iu-

182 2119 305 2156 ται.
342 2101 409 2154 El
446 2099 650 2164 καπνὸς
693 2102 1070 2173 προηγήσατο,
1115 2103 1353 2172 καὶπῦρ
1396 2102 1608 2171 ἕψεται,
1674 2103 1759 2156 ὅτι

1881 2118 2008 2165 nus,
2073 2111 2333 2173 sequetur
2387 2106 2553 2159 etiam
2613 2108 2777 2175 ignis,
2832 2106 2938 2162 hoc
2978 2113 3088 2172 est,
3139 2107 3438 2177 perlectior

185 2196 433 2265 ήτελεία
492 2193 794 2264 ἐκδίκησις,
838 2193 939 2246 καὶ
973 2193 1242 2265 παντελὴς
1273 2195 1636 2266 ἀνενεργησία
1664 2195 1759 2249 τοῦ

1881 2196 2129 2259 riudicta,
2188 2204 2243 2250 et
2302 2198 2619 2253 omnimoda
2674 2199 2944 2253 (Insomnis
2994 2198 3342 2269 impotentia.
3396 2198 3437 2253 Λ

182 2286 465 2340 διαϐόλου.
521 2284 666 2339 Ἀπὸ
707 2283 1034 2352 προσώπου
1086 2284 1142 2338 δὲ
1196 2284 1404 2349 αὑτοῦ,
1460 2286 1583 2338 ἀντὶ
1642 2286 1758 2353 τοῦ,

1881 2285 1997 2338 'acie
2048 2301 2174 2340 vero
2204 2288 2340 2356 ejus,
2374 2286 2425 2340 id
2458 2296 2563 2353 est,
2592 2287 2661 2340 ab
2691 2288 2811 2357 ipso
2842 2286 2975 2349 Deo,
3005 2289 3097 2357 qui
3157 2287 3211 2341 in
3263 2286 3442 2342 tribus

180 2378 275 2432 ἀπ’
307 2376 481 2432 αὑτοῦ
508 2392 523 2406 ·
574 2376 633 2442 ὃς
665 2372 734 2448 ἦν
762 2377 820 2430 ἓν
842 2377 1133 2447 πρόσωπον
1167 2376 1276 2432 τῶν
1330 2379 1497 2448 τριὼν
1526 2379 1763 2432 ὑποστά-

1881 2375 2116 2428 Jersonis
2143 2390 2308 2429 unam
2338 2375 2502 2430 habet
2531 2376 2846 2431 Divinitatis
2875 2376 3093 2431 faciem.
3122 2375 3441 2446 Vel,a[acie

184 2489 326 2524 σεων
360 2471 463 2540 τῆς
504 2473 632 2541 μιᾶς
655 2470 941 2541 Θεότητος.
1000 2472 1068 2525 Ἥ
1114 2472 1211 2526 καὶ
1270 2472 1389 2528 ἀπὸ
1437 2473 1762 2542 προσώπου

1881 2466 2000 2536 rjus,
2028 2465 2078 2519 id
2106 2474 2210 2531 est,
2240 2480 2424 2520 coram
2454 2482 2539 2521 eo.
2571 2466 2719 2537 Ignis
2762 2468 2934 2530 enim,
2971 2468 3173 2538 inquit,
3221 2469 3276 2521 in
3311 2484 3439 2521 con-

1789 1889 1836 1949 B

182 2557 401 2624 αὑτοῦ,
430 2559 733 2617 τουτέστιν.
790 2559 1026 2614 ἐνώπιον
1067 2561 1258 2618 αὐτοῦ.
1278 2562 1402 2631 Πῦρ
1423 2564 1550 2635 γὰρ,
1574 2567 1762 2635 φησὶν,

183 2651 453 2707 ἐνώπιον
479 2651 669 2708 αὑτοῦ
732 2653 1239 2724 προπορεύσεται,
1271 2655 1371 2711 καί
1399 2656 1637 2729 φλογιεῖ
1661 2659 1766 2712 κύ-

186 2748 311 2809 κλῳ
333 2744 478 2810 τοὺς
500 2745 757 2814 ἐχθροὺς
782 2747 991 2803 αὐτοῦ.
1032 2777 1102 2787 -
1118 2750 1652 2822 Καταωλεγήσεται
1682 2752 1763 2817 δὲ,

183 2838 313 2892 ἀντὶ
342 2838 459 2904 τοῦ,
492 2838 921 2910 ἐκκαυθήσεται.

260 2931 589 2999 Ἀνθρακες
616 2931 1107 3002 ιὶνήςεθησσνάέιτ⁹
1140 2936 1349 2991 σὺεοῦ.
1397 2936 1617 3009 Ἐπειδὴ
1658 2939 1767 3010 γὰρ

184 3020 302 3093 πῦρ
333 3022 487 3076 ἐστιν
515 3025 543 3077 ὁ
571 3022 702 3088 Θεὸς
736 3024 1136 3082 καταναλίσκον
1197 3030 1299 3100 τὴν
1332 3033 1576 3102 πονηρὰν
1604 3032 1768 3088 δύνα-

190 3133 310 3185 μιν,
346 3114 647 3185 μετέλαϐον
676 3116 727 3169 οί
765 3120 1006 3188 μαθηταὶ
1028 3119 1129 3190 τῆς
1163 3121 1431 3193 τοσαύτης
1462 3125 1767 3195 ἐνεργείας,

1865 2566 2043 2626 spectu
2065 2558 2180 2625 ejus
2200 2557 2480 2625 praecedet,
2523 2567 2572 2614 et
2617 2559 2970 2628 inﬂummabit
3000 2559 3053 2612 in
3085 2559 3311 2612 circuitu
3335 2559 3442 2613 iui-

1867 2650 2031 2703 miros
2065 2649 2180 2715 ejus
2215 2650 2282 2705 ³³.
2335 2680 2410 2700 .ι--
2448 2649 2773 2706 Exardescet
2810 2666 2960 2717 vero,
3002 2650 3057 2705 id
3107 2660 3193 2706 est
3245 2664 3443 2706 accen-

1866 2742 2044 2798 detur.

1942 2921 2205 2977 Carbones
2252 2924 2488 2977 succensi
2544 2933 2667 2978 sunt
2714 2923 2779 2977 ab
2810 2940 2892 2981 eo.
2918 2922 3056 2991 Quia
3106 2922 3248 2980 Dens
3301 2924 3445 2997 ignis

1871 3030 2202 3070 coasumcns
2228 3025 2335 3080 est,
2367 3030 2584 3071 omnem
2638 3017 2899 3070 nimirum
2928 3017 3223 3087 malignam
3254 3026 3446 3088 poten-

1877 3108 2031 3174 tiam,
2069 3108 2243 3177 ipsius
2282 3124 2499 3179 quoque
2536 3109 2787 3180 discipuli
2850 3109 3164 3180 bujusmodi
3191 3110 3447 3166 ellicaciae

189 3207 291 3260 καὶ
318 3207 431 3262 ἀπ’)
456 3207 648 3261 τούτου
681 3209 777 3263 τοῦ
803 3209 977 3281 πυρὸς
1009 3212 1327 3286 ἀνήφθησαν
1362 3216 1516 3269 αὐτοὶ
1560 3217 1762 3289 ἄνθρα-

1881 3218 1937 3257 ac
1978 3203 2201 3257 virtutis
2246 3203 2544 3274 participes
2580 3201 2760 3258 effecti
2792 3210 2945 3267 sunt,
2992 3210 3045 3258 et
3080 3204 3154 3273 ab~
3187 3205 3289 3259 hoc
3325 3204 3446 3273 ipso

189 3315 288 3362 κες
323 3300 719 3369 ἐμπιπρῶντες
748 3301 847 3372 τὴν
875 3301 970 3355 τοῦ
1015 3303 1211 3374 ἐχθροῦ
1271 3306 1448 3375 ἰσχὺν,
1497 3307 1577 3376 τῷ
1630 3310 1764 3379 πυρὶ

184 3389 287 3459 τῆς
316 3389 529 3453 οἰκείας
578 3390 839 3456 πίστεως.
923 3392 1079 3449 Ἰδοὺ
1137 3394 1269 3468 γὰρ,
1323 3405 1478 3470 φησὶ,
1535 3401 1765 3457 δέδωκα

188 3479 338 3549 ὑμῖν
418 3482 714 3547 ἐξουσίαν
786 3485 896 3540 τοῦ
993 3489 1207 3543 πατεῖν
1285 3490 1487 3546 ἐπάνω
1569 3495 1767 3564 ὄφεων

188 3573 291 3626 καί
343 3576 675 3645 σκορπίων,
740 3576 841 3632 καὶ
895 3577 995 3633 ἐπὶ
1066 3580 1275 3636 πᾶσαν
1352 3584 1466 3652 τὴν
1510 3586 1768 3656 δύναμιν

190 3663 302 3719 τοῦ
329 3664 575 3735 ἐχθροῦ.

260 3777 374 3832 Kal
395 3778 639 3833 ἔκλινεν
673 3780 995 3850 οὐρανοὺς,
1026 3785 1125 3847 καὶ
1162 3788 1402 3852 κατέϐη.
1435 3789 1511 3844 Τὸ
1544 3791 1769 3864 λεληθὸς

191 3870 295 3941 τῆς
321 3868 476 3933 θείας
509 3869 840 3941 σαρκώσεως
869 3873 1112 3946 ἐμφῆναι
1138 3877 1465 3949 βουλόμενος
1486 3886 1515 3935 ὸ
1545 3884 1768 3955 Προφή-

190 3978 317 4030 της,
351 3956 529 4029 εἶπεν,
560 3962 644 4017 ὅτι
674 3962 884 4019 ἔκλινεν
912 3967 1176 4037 οὐρανοὺς
1208 3970 1334 4043 ἄχρι
1386 3974 1485 4042 τῆς
1518 3975 1643 4044 γῆς,
1673 3975 1771 4029 καὶ

191 4053 437 4125 ἀψοφητὶ
468 4054 698 4127 κατέϐη.
730 4055 930 4111 Λαθὼν
961 4058 1070 4130 γὰρ
1100 4060 1199 4123 τὰς
1218 4061 1479 4133 δυνάμεις
1529 4065 1769 4133 ἁπάσας,

192 4144 444 4217 ὲνῴκησι
462 4149 530 4218 τῇ
557 4144 864 4219 παρθενικῇ
899 4151 1119 4222 γαστρί.
1177 4153 1643 4227 Σωματικώτερον
1676 4153 1772 4212 οὖν

192 4237 734 4310 ἐσχηματογράφησε
763 4242 1002 4313 τῷλόγῳ
1051 4244 1114 4297 τὸ
1165 4247 1422 4318 πρᾶγμα,
1473 4247 1568 4302 καὶ
1611 4248 1772 4321 δῆλον

193 4329 302 4381 ἀπὸ
326 4327 425 4382 τοῦ
450 4331 819 4404 ἐπαγομένου.
868 4334 1009 4405 Φησὶ
1034 4335 1142 4406 γάρ
1167 4352 1182 4368 ⁸

779 4523 803 4555 1

261 4620 381 4675 Kal
413 4620 637 4689 γνόφος
666 4621 821 4689 ὑπὲρ
878 4620 1025 4687 τοὺς
1070 4623 1263 4691 πόδας
1309 4626 1515 4681 αὐτοῦ.
1560 4600 1772 4697 νΓνόφος
1804 4590 1848 4645 D

203 4712 299 4779 μέν
326 4714 450 4765 ὲστι
475 4711 669 4776 σκότος
698 4726 714 4742 ⁸
752 4713 915 4777 πόδες
933 4713 1013 4780 δὲ,
1054 4714 1087 4785 ἡ
1119 4715 1317 4786 πορεία
1348 4733 1363 4749 ·
1408 4720 1772 4789 κεκρυμμένη

199 4802 305 4871 γὰρ
339 4803 374 4872 ἡ
398 4802 550 4863 αἰτία
568 4801 669 4871 τῆς
696 4800 1189 4873 ὲνανθρωπήσεώς,
1252 4802 1350 4857 καὶ
1400 4805 1774 4877 ἀκατανόητος

201 4896 227 4945 ὀ
249 4893 447 4965 τρόπος
476 4892 670 4963 αὐτῆς.
702 4893 772 4947 Ἤ
804 4893 902 4947 καὶ
936 4893 1149 4958 ἄλλως·
1174 4893 1444 4967 Καθάπερ
1481 4894 1553 4966 γῆ
1584 4896 1775 4965 λέγον-

202 5001 289 5037 ται
310 4984 363 5037 οί
391 4984 572 5055 γήῖνοι
596 4984 875 5055 ἄνθρωποι
905 4983 1192 5052 πολλάκις,
1238 4984 1274 5056 ἦ
1307 4987 1359 5039 oi.
1381 4986 1482 5058 τὴν
1535 4985 1642 5056 γῆν
1691 4988 1774 5040 0i-

210 5074 449 5141 κοῦντες,
479 5074 624 5130 οὕτω
652 5077 747 5129 καὶ⁵
778 5077 1001 5149 οὐρανοὶ
1035 5077 1275 5143 πάντως,
1313 5078 1364 5131 οἱ
1388 5077 1630 5150 οὐράνιοι
1678 5079 1779 5147 ἆγ-

209 5166 371 5234 γελοι,
418 5167 455 5238 ἢ
512 5168 563 5221 οἱ
617 5168 712 5221 τὸν
773 5166 1004 5239 οὐρανὸν
1060 5167 1471 5236 κατοικοῦντες,
1525 5168 1780 5233 οὕστινας

211 5260 382 5313 ἔκλινε
411 5258 620 5314 κατιὼν
641 5261 720 5324 είς
741 5261 847 5330 γῆν
873 5276 889 5292 ο
917 5260 1228 5330 γέγραπται
1261 5260 1370 5330 γὰρ
1412 5262 1471 5313 ὲν
1505 5261 1619 5323 τοῖς
1672 5262 1776 5316 Ei»

211 5350 514 5420 αγγελίοις·
549 5354 614 5405 Ol
637 5351 879 5421 ἄγγελοι
926 5351 1258 5418 διηκόνουν
1319 5350 1481 5418 αὐτῷ
1502 5367 1518 5383 ο
1551 5352 1777 5408 κάθοδον

212 5442 268 5495 δὲ
306 5441 441 5497 Θεοῦ
493 5442 824 5514 σωματικῶς
869 5444 1085 5512 νοήσεις
1125 5458 1143 5475 ο
1200 5442 1615 5513 ἁπερίγραπτος
1666 5445 1777 5516 γὰρ

1873 3296 2012 3364 igne.
2062 3293 2194 3359 Deo,
2235 3296 2455 3349 accensi
2493 3304 2622 3349 sunt
2648 3295 2962 3350 carbones:
3019 3296 3109 3365 qui
3141 3295 3294 3366 ignes
3325 3310 3448 3363 pro-

1871 3386 2001 3452 prim
2045 3386 2165 3438 lidei
2214 3401 2431 3439 omnem
2483 3385 2691 3438 inimici
2730 3385 3030 3447 potentiam
3075 3384 3442 3439 combureret.

1874 3475 2011 3530 Ecce
2038 3478 2205 3539 enim,
2258 3477 2459 3547 inquit,
2495 3475 2616 3531 dedi
2661 3477 2807 3530 vobis
2860 3487 3174 3544 potestatem
3224 3481 3443 3531 concul-

1874 3567 2030 3620 candi
2064 3574 2328 3636 serpentes
2359 3577 2408 3622 et
2430 3568 2733 3638 scorpiones
2762 3576 2810 3621 et
2849 3583 3055 3621 onmem
3102 3568 3306 3621 inimici
3346 3583 3446 3637 p0-

1874 3660 2090 3713 tentiam
2123 3660 2215 3715 ⁸¹”.

1947 3776 2111 3832 Vens.
2142 3778 2231 3833 10.
2256 3778 2327 3833 Et
2349 3778 2623 3834 inclinavit
2653 3779 2808 3834 caelos
2834 3787 2884 3834 et
2907 3777 3201 3833 descendit.
3234 3777 3444 3835 Volens

1877 3868 2039 3925 nobis
2078 3867 2352 3940 PrOpItcta
2394 3871 2643 3927 abditum
2673 3871 2874 3927 divinae
2905 3872 3305 3928 incarnationis
3328 3888 3449 3944 my-

1877 3961 2105 4016 sterium
2130 3961 2466 4032 signiﬁcare,
2490 3964 2567 4019 ait
2586 3963 2734 4034 quod
2754 3963 3044 4019 inclinavit
3068 3962 3242 4018 cmlos
3269 3977 3448 4033 usque

1878 4053 1944 4107 ad
1976 4060 2200 4119 terram,
2232 4062 2289 4110 et
2340 4057 2483 4126 quod
2539 4057 2663 4113 sine
2701 4057 2933 4124 strepitu
2989 4055 3299 4111 descendit.
3339 4054 3444 4110 0c-

1878 4144 2025 4200 culte
2055 4145 2202 4201 enim
2234 4161 2300 4202 ac
2333 4147 2595 4213 latenter,
2645 4151 2837 4206 insciis
2876 4151 3138 4206 nimirum
3195 4151 3452 4206 omnibus

1878 4237 2272 4306 potestatibus,
2313 4238 2592 4293 habitavit
2620 4240 2674 4294 in
2698 4240 2936 4312 Virginis
2969 4250 3148 4296 utero.
3182 4241 3451 4309 Propheta

1879 4342 2013 4383 vero
2050 4330 2394 4400 corporalins
2422 4346 2484 4385 ac
2512 4333 2834 4388 sensibilius
2864 4332 3067 4387 factum
3095 4334 3199 4387 hoc
3235 4332 3452 4387 descri-

1880 4421 2009 4488 psit,
2046 4429 2107 4474 ut
2133 4436 2199 4476 es
2228 4423 2593 4492 sequentibus
2645 4426 2813 4480 etiam
2869 4424 3044 4496 magis
3082 4424 3308 4494 patebit.
3358 4424 3449 4481 Ait

1883 4524 2028 4564 enim
2075 4527 2090 4564 2

1957 4625 2023 4680 Et
2052 4626 2224 4696 caligo
2254 4627 2350 4681 sub
2395 4626 2616 4694 pedibus
2651 4630 2790 4699 ejus.
2841 4629 2944 4685 l‘er
2977 4630 3267 4703 caliginem
3304 4641 3451 4689 tene-

1872 4716 2003 4772 bras
2032 4716 2302 4785 intellige,
2333 4726 2389 4773 et
2442 4733 2539 4789 per
2572 4721 2739 4789 pedes
2791 4720 2960 4775 viam.
3004 4720 3252 4778 Obscura
3304 4725 3453 4780 enim

1872 4807 1975 4862 fuit
2006 4807 2092 4862 via
2127 4810 2541 4865 humanationis
2581 4821 2748 4882 atque
2778 4813 3174 4870 incarnationis
3212 4813 3454 4882 Domini,

1871 4907 1929 4954 et
1990 4899 2141 4956 illius
2190 4901 2394 4959 modus
2448 4902 3046 4974 incomprehensibilis.
3106 4904 3203 4962 Vel
3243 4908 3451 4963 aliter:

1874 4990 2348 5057 Quemadmodum
2383 4996 2585 5052 terreni
2618 4997 2893 5064 homines,
2955 4999 3042 5054 vel
3100 5001 3194 5070 qui
3244 5010 3450 5055 terram

1882 5080 2152 5149 habitant,
2187 5083 2331 5153 apud
2360 5084 2700 5155 Scripturam
2734 5100 3114 5157 saepenumero
3159 5096 3304 5142 terra
3346 5102 3449 5157 ap-

1877 5173 2179 5244 pellantur,
2210 5174 2294 5229 sic
2321 5182 2376 5230 et
2407 5178 2665 5234 emlestes
2690 5178 2869 5249 angeli
2896 5178 2991 5250 qui
3039 5179 3093 5232 in
3129 5178 3270 5232 ccelo
3297 5191 3441 5232 com-

1877 5274 2189 5334 morantur,
2226 5268 2426 5324 caelum
2455 5269 2620 5324 etiam
2663 5271 2773 5325 dici
2823 5278 3054 5341 possunt
3094 5268 3257 5342 [quos
3290 5283 3454 5339 ange-

1877 5359 1960 5415 los
1991 5360 2279 5416 inclinavit
2319 5361 2585 5418 Dominus
2618 5364 2672 5418 in
2730 5372 2953 5425 terram,
3014 5364 3145 5417 illuc
3180 5362 3442 5417 nimirum

1872 5449 2273 5509 descendentes
2301 5453 2370 5508 ad
2422 5456 2540 5526 ejus
2593 5453 2983 5509 ministerium.
3046 5452 3322 5522 Scriptum
3370 5461 3453 5507 est

278 5625 321 5660 ³⁸
350 5624 544 5683 Matth.
569 5640 692 5690 vnt,
715 5625 804 5682 29.
885 5626 930 5659 "
957 5627 1100 5685 Psal.
1129 5640 1274 5692 xcvs,
1303 5627 1359 5682 3.
1434 5626 1501 5660 “‘
1543 5626 1676 5685 Luc.
1711 5644 1768 5695 ι,
1801 5630 1888 5689 19.

1558 5745 1759 5807 Varia:
1786 5746 2110 5832 lectiones,

287 5867 393 5940 (62)
422 5868 651 5926 Latinus
687 5869 954 5942 interpres
989 5871 1184 5943 lvgissc
1216 5872 1427 5929 videtur
1454 5871 1567 5928 ὅτε.
