3846 6526
403 412 513 476 2‘27

1636 399 2004 467 ΕΙΠἹΙΥΜΠ
2028 402 2396 465 ZlGABENI

3542 398 3641 462 ἓῗὸ

398 543 547 593 ριμιη
601 525 658 580 in
722 522 1039 594 Evangelio,
1108 517 1280 591 qnntl]
1342 516 1520 586 angeli
1578 517 2000 577 ministrabant,

2110 520 2161 571 αἱ
2182 519 2359 571 πάντα
2383 515 2639 588 πληρῶν·
2683 514 2798 569 ἀλλ’
2834 514 2976 588 ὑπὲρ
3029 513 3336 587 κατάληψίν
3374 532 3521 581 τινα,
3556 522 3648 571 καὶ

400 623 449 673 ei
488 619 555 673 ³³.
589 618 917 673 Descensutu
947 625 1126 667 autem
1159 613 1249 666 Dei
1295 625 1402 664 non
1438 610 1774 680 torporalem
1814 610 1968 665 intel-

2077 610 2342 681 ἄρρητον.

402 719 530 785 ligo.
566 710 1092 779 lncircumseriptus
1133 718 1216 764 est
1250 710 1395 762 enim
1443 706 1610 772 Deus,
1664 714 1720 760 et
1760 705 1945 761 omnia
1987 705 2000 759 i

2110 708 2197 772 tot,
2259 702 2477 761 tametsi
2541 718 2707 773 supra
2761 718 2924 773 quam
2967 717 2997 758 a
3046 703 3205 761 nobis
3265 703 3651 776 comprehendi

402 807 577 880 possit
608 816 662 861 et
689 804 1061 859 ineli'abiliter.

478 902 639 955 Vnus.
679 900 768 953 ll.
803 898 873 953 Et
898 898 1137 952 ascendit
1179 913 1326 966 super
1365 896 1644 952 Cherubin:
1677 905 1727 949 et
1769 895 1980 963 volarit,

402 994 595 1047 volavit
635 1007 792 1060 super
843 992 966 1045 alas
1001 999 1295 1046 ventorum.
1330 988 1455 1043 Ha-c
1492 997 1574 1044 est
1602 988 1885 1058 prophetia
1918 988 1984 1039 de

404 1084 605 1140 Christi
643 1086 1041 1154 assumptione.
1095 1081 1252 1148 Quod
1312 1087 1492 1134 autem
1539 1078 1841 1135 ascendens
1878 1078 1985 1131 Do-

408 1179 587 1230 minus
611 1185 900 1245 susceptus
928 1174 1089 1229 fuerit
1112 1188 1141 1227 a
1158 1171 1477 1236 Cherubin),
1505 1172 1754 1226 Ezechiel
1779 1172 1986 1226 visione

407 1287 505 1325 sua
538 1270 836 1325 declaravit
873 1268 1062 1323 dicens
1089 1283 1106 1322 :
1137 1266 1206 1321 Et
1233 1269 1530 1321 extulerunt
1556 1263 1837 1321 Cherubim
1867 1265 1982 1319 alas

409 1379 560 1425 suas,
591 1371 641 1416 et
683 1369 815 1415 rota:
848 1360 958 1414 illis
991 1361 1282 1429 adjuncta,
1308 1368 1359 1413 et
1393 1358 1647 1413 Dominus
1702 1354 1877 1411 Israel
1928 1357 1982 1410 in

410 1455 568 1524 ipsis,
604 1463 651 1507 et
676 1453 898 1522 desuper
928 1453 1047 1518 ipsa
1073 1467 1093 1506 :
1124 1461 1172 1506 et
1205 1451 1442 1506 ascendit
1472 1450 1645 1521 gloria
1680 1448 1893 1504 Domini
1924 1453 1987 1503 de

413 1544 588 1598 media
619 1544 829 1596 civitate
863 1542 927 1598 “.
956 1541 1087 1608 Quae
1120 1542 1284 1595 verba
1309 1543 1428 1595 sine
1451 1540 1891 1596 contradictione
1920 1539 1986 1594 de

413 1637 750 1691 Ascensioue
812 1633 1028 1690 Domini
1087 1634 1233 1689 dicta
1290 1641 1441 1689 sunt.
1495 1631 1631 1687 Nam
1678 1640 1731 1687 et
1783 1632 1988 1687 Paulus

416 1732 599 1799 ipsum
636 1729 927 1785 Dominum
990 1727 1336 1798 splendorem
1380 1727 1568 1798 gloria:
1598 1727 1891 1798 appellavit
1918 1726 1984 1779 ³⁸.

2163 889 2380 957 Ἐπέὸη
2404 887 2503 942 ἐπὶ
2532 889 2845 957 Χερουϐὶμ.
2870 886 2971 940 καὶ
2996 885 3320 955 ἐπετάσθη,
3352 886 3655 957 ἐππάσθη

2082 984 2178 1037 ἐπὶ
2210 981 2523 1050 πτερύγων
2550 981 2812 1049 ἀνέμων.
2845 979 3054 1043 Ταῦτα,
3080 979 3387 1051 προφητεία
3404 981 3537 1052 περὶ
3564 981 3659 1051 τῆς

2081 1074 2409 1144 ἀναλήψεως
2457 1072 2552 1126 τοῦ
2592 1072 2848 1144 Χριστοῦ.
2887 1072 3011 1126 Ὅτι
3044 1071 3101 1124 δὲ
3128 1071 3195 1126 τά
3223 1072 3509 1143 Χερουϐὶμ
3544 1072 3659 1125 τότε

2084 1168 2176 1221 τὸν
2222 1166 2433 1238 Ἰησοῦν
2463 1165 2755 1230 ιπέλαὸον,
2794 1162 3062 1231 Ἰεζεκιὴλ
3108 1162 3267 1217 τοῦτο
3328 1163 3662 1234 θεασάμενος

2088 1262 2201 1322 τοῖς
2235 1259 2599 1329 προφητικοῖς
2626 1254 2953 1326 ὀφθαλμοῖς,
3001 1254 3246 1308 διδάσκει
3301 1253 3484 1323 λέγων
3512 1269 3526 1283 ⁸
3559 1252 3661 1306 Kal

2090 1349 2271 1419 ἐξῆρε
2301 1351 2377 1403 τὰ
2395 1348 2686 1418 Χερουϐὶμ
2712 1348 2821 1414 τὰς
2846 1351 3151 1418 πτέρυγας
3186 1344 3408 1408 αὐτῶν,
3467 1347 3565 1400 καὶ
3616 1349 3666 1401 oi

2090 1442 2294 1512 τροχοὶ
2321 1442 2599 1512 ἐχόμενοι
2619 1440 2841 1505 αὐτῶν,
2859 1441 2957 1495 καὶ
2988 1441 3028 1508 ἠ
3057 1438 3208 1505 δόξα
3234 1439 3383 1494 Θεοῦ
3420 1440 3668 1507 Ἰσραὴλ

2091 1537 2184 1591 ἐπ’
2213 1538 2386 1603 αὐτὰ,
2428 1535 2707 1604 ὑπεράνω
2734 1531 2955 1599 αὐτῶν,
2978 1532 3167 1602 ἀνέϐη
3200 1534 3239 1602 ἠ
3271 1533 3429 1597 δόξα
3451 1534 3667 1600 Κυρίου

2088 1630 2158 1684 ἐκ
2179 1631 2375 1700 μέσης
2403 1627 2514 1697 τῆς
2535 1628 2768 1695 πόλεως
2800 1642 2816 1658 ⁶
2852 1627 3264 1699 ἀναντίρρητως
3288 1628 3398 1698 γάρ
3431 1625 3668 1698 περὶτῆς

2090 1726 2184 1778 τού
2211 1725 2462 1795 Σωτῆρος
2483 1722 2803 1794 ἀναλήψεως
2839 1721 3012 1775 ταῦτά
3027 1739 3214 1792 φησιν.
3231 1721 3383 1774 Ἐπεὶ
3405 1720 3503 1774 καὶ
3533 1719 3671 1774 Παῦ-

422 1824 632 1877 \’olavit
658 1829 838 1876 autem
868 1836 1035 1892 super
1070 1820 1185 1877 alas
1210 1819 1528 1883 Cherubim,
1559 1834 1681 1890 quae
1703 1830 1754 1873 et
1796 1826 1989 1875 ventos

2110 1832 2183 1879 ιος
2207 1815 2549 1885 ἀπαύγασμα
2567 1817 2667 1885 τῆς
2691 1813 2848 1878 δόξης
2865 1814 3031 1868 αύτδν
3063 1815 3344 1869 ἐκάλεσεν.
3364 1811 3670 1883 Ἐπετάσθη

355 1966 364 1976 ,
418 1917 582 1967 etiam
619 1913 914 1984 appellavit
964 1913 1037 1967 ob
1081 1920 1266 1967 motus
1303 1912 1663 1983 celeritatem.
1698 1911 1767 1965 Et
1799 1927 1986 1967 revera

2110 1910 2144 1961 ἱὲ
2174 1910 2265 1962 ἐπὶ
2292 1909 2579 1980 πτερύγων
2610 1908 2720 1961 τῶν
2755 1907 3058 1977 Χερουϐὶμ,
3106 1907 3250 1978 ἅπερ
3282 1906 3523 1976 ἀνέμους
3545 1906 3672 1960 ὲκάο

419 2003 639 2072 qoidem
678 2013 871 2059 vectus
900 2012 986 2059 est
1014 2003 1070 2057 in
1120 2003 1323 2058 cmlum
1366 2003 1628 2057 Dominus
1663 2019 1830 2074 super
1855 2003 1992 2058 Che-

2110 2018 2269 2067 .εσεν,
2297 2001 2385 2055 διὰ
2414 2002 2512 2072 τὴν
2537 2000 2815 2073 ταχύτητα
2844 2001 2945 2070 τῆς
3004 2001 3296 2071 κινήσεως.
3341 1998 3455 2052 Καὶ
3479 2001 3546 2071 τῇ
3578 1998 3673 2070 μὲν

421 2098 625 2160 rubim,
671 2111 794 2166 qua:
827 2096 1105 2151 Divinitati
1142 2096 1478 2166 proximiora
1515 2105 1663 2158 sunt.
1704 2096 1829 2151 licet
1862 2111 1992 2163 apo-

2110 2094 2338 2166 ιληίὶείᾳ,
2363 2094 2457 2145 ἐπὶ
2485 2093 2593 2145 τῶν
2625 2092 2914 2163 Χερουϐὶμ
2942 2094 3237 2162 ἐπωχεῖτο,
3269 2090 3675 2161 πλησιαζόντων

422 2189 581 2243 stolis
615 2188 736 2243 vehi
773 2195 1067 2242 ventorum
1099 2188 1200 2241 alis
1223 2189 1376 2243 visus
1404 2187 1499 2252 sit,
1540 2186 1643 2241 hoc
1670 2198 1753 2241 est
1773 2186 1840 2241 ab
1862 2188 1996 2257 ipsis

2110 2193 2158 2261 ;ῇ
2189 2190 2428 2260 θεότητι,
2454 2191 2567 2252 τοῖς
2589 2188 2644 2242 δὲ
2664 2187 2985 2252 ἀποστόλοις
3016 2189 3193 2255 ἔδοξεν
3213 2188 3505 2260 ἀνέχεσθαι
3553 2188 3677 2240 πτέ-

423 2280 623 2341 ventis,
656 2294 795 2350 quos
826 2280 1002 2334 alatos
1047 2294 1173 2333 esse
1198 2277 1466 2349 Propheta
1510 2278 1833 2346 introduxit,
1868 2296 1999 2349 pro-

2110 2282 2250 2348 ουξιν
2268 2281 2489 2352 ἀνέμων
2531 2282 2842 2352 πτερωτοὺς
2870 2283 2979 2353 γάρ
3000 2282 3258 2337 ἐκάλεσεν
3283 2283 3377 2337 τοὺ
3392 2302 3407 2344 ;
3423 2281 3677 2352 ἀνέμους,

426 2380 547 2440 pter
578 2369 987 2425 velocissimmn
1033 2385 1223 2425 eorum
1276 2372 1329 2425 in
1384 2386 1510 2425 aere
1568 2380 1797 2427 motum.
1840 2372 1996 2427 Alata

2110 2374 2186 2426 5ιά
2204 2372 2301 2443 τὴν
2331 2372 2508 2440 όξεξαν
2531 2373 2588 2426 ὲν
2627 2372 2750 2444 ἀέρι
2773 2372 3010 2442 κίνησιν.
3038 2370 3297 2443 Πτερωτά
3339 2372 3448 2445 γάρ
3477 2371 3547 2424 τὰ
3568 2372 3681 2427 διαο

426 2463 572 2514 ιῚιίΙη
604 2471 734 2518 sunt
762 2463 941 2516 omnia
966 2478 1087 2532 quae
1113 2478 1209 2533 per
1236 2478 1414 2518 aerem
1452 2466 1571 2517 inre
1593 2465 1708 2517 ’unt
1764 2464 1876 2536 (63)
1905 2465 1995 2543 [Et

2110 2470 2355 2539 περῶντα
2393 2468 2485 2521 τὸν
2509 2468 2647 2539 ἀέρα
2667 2486 2679 2500 ·
2705 2468 2831 2521 ἐπεὶ
2860 2468 2956 2522 καὶ
2981 2466 3177 2538 νεφέλη
3216 2467 3401 2539 ἀνέμῳ
3432 2466 3675 2538 φέρεται.

432 2555 562 2619 quia
586 2556 653 2609 de
679 2554 881 2608 Christi
907 2556 1231 2611 ascensione
1262 2557 1527 2628 scriptum
1563 2558 1812 2625 legimus,
1846 2560 1991 2628 quod
2035 2561 2195 2616 nubes
2224 2563 2457 2635 suscepit
2482 2580 2599 2617 eum
2623 2563 2686 2616 ab
2718 2563 2884 2618 oculis
2945 2579 3123 2618 eorum
3151 2562 3220 2629 ",
3262 2561 3501 2632 intellige
3537 2560 3679 2631 quod

428 2646 603 2701 nubes
630 2645 718 2699 illa
750 2661 777 2698 a
812 2648 984 2701 ventis
1012 2647 1308 2715 ferebatur,
1331 2650 1789 2720 quemadmodum
1822 2655 1941 2707 alia:
1977 2670 2169 2712 omnes
2204 2672 2422 2732 semper
2454 2656 2581 2714 ferri
2608 2655 2837 2734 so‘eut.]

499 2738 669 2794 Vsus.
704 2740 788 2794 ‘12.
836 2740 906 2793 Et
948 2746 1128 2807 posuit
1191 2742 1432 2797 tenebras
1488 2743 1770 2799 latibulum
1827 2762 2000 2802 suum.

2179 2752 2288 2807 Kal.
2335 2752 2503 2806 ἔθετο
2548 2755 2772 2820 σκότος
2820 2750 3186 2822 ἀποκρυφὴν
3230 2751 3442 2807 αὐτοῦ.
3488 2751 3683 2814 Σκότος

430 2833 534 2887 l‘er
587 2835 841 2888 tenebras
903 2832 1175 2905 signiﬁcat
1225 2835 1374 2904 quod
1431 2836 1605 2890 videri
1657 2853 1763 2891 non
1804 2848 2000 2910 pos~et

2110 2843 2321 2915 οἰητέον
2352 2846 2412 2899 τὸ
2438 2845 2636 2915 μηκέτι
2661 2842 3015 2915 βλεπόμενον.
3053 2842 3361 2909 Τοιγαροῦν
3395 2841 3429 2909 ἡ
3454 2838 3682 2909 ἀορασῖα

435 2924 791 2979 lnvisihilitas
824 2927 966 2979 enim
1004 2937 1122 2981 erat
1168 2942 1293 2995 qua:
1338 2927 1491 2983 illum
1555 2930 1790 3000 tegebat.
1858 2934 2000 2987 [lant

2110 2935 2428 3009 ἀπέκρυψεν
2468 2935 2669 2989 αὐτόν·
2711 2934 2919 3004 ταύτην
2966 2931 3076 3002 γὰρ
3123 2932 3276 2985 ἔθετο
3330 2932 3461 3002 περὶ
3496 2930 3686 2985 έαυτῖιν

434 3016 1053 3086 igiturinvisibilitatmu
1101 3018 1205 3072 sibi
1262 3021 1664 3091 circumposuit
1718 3024 1772 3077 in
1818 3024 2000 3079 latibu-

2110 3024 2446 3095 ἀπόκρυψιν.
2489 3023 2848 3095 Ἀναληφθεὶς
2899 3023 3027 3095 γὰρ,
3076 3023 3286 3094 ἐκρύϐη
3323 3023 3434 3077 ἀπὸ
3495 3022 3602 3077 τῶν
3636 3022 3687 3074 ό-

438 3111 573 3173 Ιιιιιι,
602 3109 730 3178 quia
758 3110 811 3162 in
842 3111 1042 3164 cmlutu
1077 3121 1396 3182 assumptus
1424 3128 1618 3168 eorum
1665 3116 1853 3172 oculos
1881 3116 2000 3171 late-

2114 3117 2377 3186 φθαλμὼν
2405 3116 2603 3170 αὐτῶν.
2638 3117 2705 3169 Ἢ
2737 3115 2926 3178 σκότος
2948 3115 3161 3185 οἰητέον
3188 3115 3287 3185 τὴν
3317 3116 3520 3186 σάρκα,
3555 3134 3674 3185 xpu-

439 3205 556 3258 lat.
592 3202 687 3256 Vel
748 3217 844 3273 per
900 3204 1159 3259 tenebras
1218 3219 1439 3259 carnem
1484 3205 1696 3260 Domini
1737 3207 2000 3278 intellige,

2115 3210 2391 3278 πτομένης
2429 3208 2643 3277 ἐναὺτῇ
2687 3207 2787 3277 τῆς
2820 3206 3096 3276 θεότητος.
3140 3207 3207 3261 Ἢ
3258 3206 3410 3263 ἔθετο
3476 3210 3687 3268 σκότος.

438 3311 564 3364 qua:
599 3293 946 3350 divinitatem
1002 3296 1147 3350 intra
1182 3312 1240 3351 se
1272 3300 1618 3366 occultabat;
1658 3316 1754 3355 seu
1808 3303 2010 3355 incom-

439 3386 965 3455 preheusibilitatem
1000 3404 1122 3458 quae
1172 3389 1318 3445 illius
1369 3390 1716 3446 divinitatem
1775 3393 2011 3448 celabat.

439 3479 886 3535 Obtenebrantur
942 3481 1090 3535 enim
1137 3491 1199 3537 et
1254 3486 1552 3538 carentium
1598 3485 1632 3537 ii
1678 3486 1768 3554 qui
1819 3486 2015 3540 uirium

440 3571 782 3641 profundum
826 3573 1072 3628 scientiae
1124 3583 1316 3630 exacte
1349 3575 1518 3631 nimis
1568 3577 1797 3647 cupiunt
1852 3593 2017 3648 pene-

443 3676 609 3720 Irare.

516 3755 583 3811 In
617 3758 845 3812 circuitu
885 3758 1004 3828 ejus
1052 3758 1457 3813 tabernaculum
1490 3759 1628 3829 ejus.
1666 3759 2019 3817 Tabernacu-

444 3848 557 3901 lum
613 3849 701 3903 hic
780 3861 1116 3920 assumptam
1174 3865 1397 3906 carnem
1451 3852 1706 3923 appellat,
1755 3869 1916 3923 quam
1966 3864 2018 3908 et

444 3939 564 4006 ipse
608 3938 871 3995 Dominus
899 3941 1165 4010 templum
1200 3956 1361 3997 suum
1398 3945 1695 3999 nominavit
1757 3944 1968 4017 [dicens
2001 3963 2016 3999 :

448 4027 649 4083 Solvite
682 4031 933 4100 templum
962 4032 1081 4098 hoc,
1127 4040 1180 4086 et
1221 4035 1277 4087 in
1324 4035 1491 4088 tribus
1527 4035 1708 4090 diebus
1748 4036 2022 4106 wdiﬁcaba

448 4120 584 4174 illud
618 4122 685 4175 ³⁷.
744 4121 798 4176 In
837 4123 1068 4178 circuitu
1124 4140 1253 4179 vero
1299 4126 1421 4195 ejus
1464 4126 1649 4199 dixit],
1702 4128 1828 4198 quia
1879 4130 2019 4182 intra

452 4216 629 4282 ipsam
698 4229 918 4271 carnem
988 4218 1274 4273 habitabat
1332 4220 1497 4287 Deus,
1554 4236 1662 4274 non
1720 4229 1902 4277 tamen
1965 4229 2024 4276 ιιι

452 4307 928 4377 circumscriptus,
965 4308 1061 4364 sed
1104 4321 1165 4364 ut
1205 4312 1574 4381 omnipotens,
1608 4312 1862 4367 inellabili
1892 4328 2028 4382 quo-

2113 3301 2391 3356 τουτέστιν
2422 3299 2825 3369 ἀκαταληψίαν,
2860 3298 3328 3368 ἀποκρύπτουσαν
3363 3299 3528 3357 αὐτὸν
3551 3300 3689 3355 κατὰ

2113 3394 2215 3461 τὴν
2265 3391 2516 3463 θεότητα.
2583 3391 2936 3459 Σκοτίςονται
2992 3392 3103 3463 γὰρ
3154 3394 3203 3444 oi
3244 3392 3576 3459 ἐνατενίζειν
3619 3390 3692 3461 τῷ

2117 3487 2272 3558 βάθει
2301 3487 2400 3557 τῆς
2429 3484 2687 3556 γνώσεως
2721 3482 2886 3538 αὑτοῦ
2913 3484 3271 3557 πειρώμενοι.

2194 3757 2407 3820 Koma)
2443 3755 2630 3810 αὐτοῦ
2665 3755 2703 3822 ἡ
2752 3754 2954 3824 σκηνὴ
3008 3753 3218 3809 αὐτοῦ.
3275 3754 3491 3826 Σκηνην
3547 3752 3695 3821 λέγει

2120 3849 2218 3916 τὴν
2262 3847 2712 3917 προσληφθεῖσαν
2757 3848 2960 3918 σάρκα.
3000 3848 3067 3919 ἢν
3098 3846 3195 3901 καὶ
3222 3847 3349 3900 ναὸν
3379 3849 3544 3909 αὐτὸς
3569 3848 3696 3900 ἑκά-

2121 3938 2276 3992 λεσεν
2327 3939 2545 4000 ἑαυτοῦ,
2593 3939 2676 3993 δτι
2723 3941 2781 3992 ὲν
2827 3940 2964 4010 αὐτῇ
2996 3924 3327 4006 ἐσκήνωσεν,
3373 3938 3472 4009 οὔχ
3529 3939 3606 4002 ὡς
3644 3940 3697 3991 ὲν

2123 4032 2261 4103 αὐτῇ
2301 4033 2805 4104 περιγραφόμενος,
2850 4033 2966 4085 ἀλλ’
3017 4033 3348 4105 ἀπορρήτως
3388 4033 3697 4102 ένοικήσας,

2125 4125 2200 4188 ὡς
2222 4124 2650 4196 παντοδύναμος.
2677 4125 2849 4180 Τοῦτο
2872 4126 2929 4180 δὲ
2954 4120 3109 4180 εἶπεν
3138 4126 3423 4190 δεικνύων,
3455 4126 3538 4178 ὅτι
3563 4125 3699 4196 μετὰ

2123 4216 2226 4286 τῆς
2259 4218 2463 4288 σαρκὸς
2488 4215 2653 4270 αὐτοῦ
2703 4218 3001 4289 ἀνελήφθη,
3052 4218 3145 4271 καὶ
3181 4217 3281 4272 οὐκ
3310 4218 3547 4271 ἀπέθετο
3572 4216 3701 4270 ταύ-

2125 4327 2248 4378 την,
2300 4309 2376 4374 ὣς
2420 4328 2566 4375 τινες
2608 4311 2883 4381 ὲλήρησαν
2924 4308 3173 4380 ὕστερον.
3232 4311 3303 4364 Ἦ
3349 4312 3443 4364 καὶ
3498 4311 3701 4381 σκηνὴν

454 4398 576 4451 dant
615 4399 779 4453 modo
809 4401 921 4456 illic
948 4416 1298 4471 permanens.
1355 4404 1472 4459 Hoc
1531 4415 1710 4458 autem
1776 4405 1913 4460 dixit
1968 4421 1999 4458 u

2127 4402 2279 4472 λέγει
2336 4403 2434 4473 τὴν
2491 4403 2943 4475 ἀπροσπέλαστον
3002 4404 3245 4475 αἴγληνο
3298 4404 3380 4457 ὅτι
3438 4404 3537 4457 καὶ
3589 4404 3702 4473 φῶς

452 4489 765 4543 ostenderet
798 4491 1083 4547 Christum
1134 4494 1299 4547 simul
1339 4509 1463 4549 cum
1513 4510 1679 4550 carne
1724 4496 1776 4550 in
1827 4497 2000 4550 coaluit

2131 4495 2296 4548 οἰκῶν
2339 4494 2635 4567 ἀπρόσιτον
2678 4495 3173 4567 προσαγορεύεται,
3208 4497 3345 4566 ὅπερ
3385 4497 3573 4566 κύκλῳ
3604 4496 3702 4565 τῆς

455 4595 794 4649 assumptum
839 4599 984 4650 esse,
1033 4586 1292 4655 quodque
1349 4586 1476 4641 illuc
1526 4601 1860 4643 ascensurus
1906 4603 2000 4641 ean

2134 4585 2386 4657 θεότητος
2431 4585 2513 4652 ὃν,
2569 4587 2918 4657 ἀποκρύπτει
2956 4587 3055 4658 μὲν
3086 4586 3316 4657 ταύτην,
3366 4587 3701 4659 ἀποστρέφει

456 4687 564 4726 non
622 4673 898 4742 deposuit,
960 4677 1426 4747 quemadmodum
1477 4678 1647 4750 aliqui
1704 4679 1996 4750 insipiente

2135 4680 2194 4734 δὲ
2225 4679 2326 4742 τὰς
2363 4678 2515 4747 ὄψεις
2546 4678 2655 4731 τῶν
2680 4678 2947 4733 θελόντων
2991 4679 3139 4737 ἰδεῖν.

459 4775 646 4834 postea
676 4767 951 4825 dixerunt.
1011 4768 1105 4826 Vel
1160 4787 1256 4842 per
1314 4772 1730 4828 tabernaculum
1779 4771 2026 4828 divinum
2068 4773 2220 4828 illum
2270 4771 2617 4843 splendorem
2653 4772 2926 4842 intelligit,
2963 4771 3031 4825 ad
3105 4787 3267 4843 quem
3317 4785 3480 4827 nemo
3528 4780 3707 4842 potest

458 4861 921 4932 appropinquare,
971 4866 1229 4935 quoniam
1304 4866 1484 4922 lucem
1549 4866 1860 4923 inhabitare
1909 4867 2345 4925 inaccessibilcm
2383 4867 2603 4933 dicitur,
2644 4882 2765 4941 qua
2806 4872 2861 4922 in
2900 4866 3136 4926 circuitu
3187 4868 3503 4925 Diviuitatis
3556 4870 3700 4926 exsi-

459 4962 630 5013 steus.
679 4952 828 5007 illam
884 4956 1113 5026 obtegit,
1148 4968 1203 5012 et
1264 4959 1456 5013 oculos
1509 4957 1812 5013 volentium
1869 4959 2016 5014 illam
2058 4958 2261 5014 intueri
2293 4968 2544 5029 potenter
2568 4959 2789 5012 avertit.

537 5044 833 5103 Tenebrosa
863 5065 1003 5118 aqua
1036 5050 1094 5103 iu
1128 5049 1351 5104 nubibus
1383 5050 1546 5104 aeris.
1580 5049 1682 5106 Per
1716 5066 1912 5123 aquam
1946 5054 1996 5107 hi

2203 5051 2529 5105 Σκοτεινόν
2582 5050 2740 5117 ὕδωρ
2774 5051 2847 5104 ἐν
2908 5049 3194 5120 νεφέλαις
3253 5050 3464 5119 ἀέρων.
3524 5050 3709 5123 ’Υδωρ

460 5141 739 5193 occultum
764 5138 832 5192 de
861 5139 1085 5197 Christo
1120 5156 1528 5197 sacramentum
1556 5143 1830 5215 intelligit,
1862 5154 1917 5198 et
1943 5160 2000 5214 pe

2133 5142 2369 5196 ἐνταῦθα
2385 5142 2535 5210 λέγει
2556 5141 2619 5194 τὸ
2643 5142 2770 5213 περὶ
2799 5142 3035 5212 Χριστοῦ
3080 5143 3279 5213 μύημα
3320 5159 3333 5173 ⁸
3366 5142 3598 5210 νεφέλας
3631 5143 3704 5206 δὲ,

464 5245 668 5294 acrem,
699 5246 796 5285 seu
826 5232 908 5299 (ut
943 5232 1131 5287 verius
1157 5233 1321 5288 habet.
1348 5231 1536 5289 Graeca
1567 5234 1729 5289 lectio
1761 5235 1813 5288 in
1840 5235 1992 5305 plura

2132 5235 2231 5297 τὰς
2277 5233 2638 5304 προφητείας,
2675 5235 2772 5287 καὶ
2817 5234 3001 5288 δίδωσι
3043 5236 3303 5304 τοιαύτην
3338 5234 3550 5287 ἔννοιαν
3575 5252 3591 5265 ·
3629 5235 3708 5291 ὅτι

464 5338 715 5386 numero,
748 5338 843 5392 per
869 5323 1049 5393 acres)
1082 5324 1399 5393 prophetas,
1443 5336 1496 5379 et
1526 5308 1726 5382 scnsus
1756 5336 1862 5393 est,
1892 5342 2000 5397 quo

2138 5326 2386 5394 σκοτεινὴ
2437 5327 2587 5377 ἐστιν
2640 5327 2674 5395 ἡ
2737 5325 2869 5397 περὶ
2923 5326 3166 5399 Χριστοῦ
3235 5325 3603 5398 προκήρυξις,
3654 5327 3709 5382 ἐν

466 5412 749 5483 prophetia
808 5428 1002 5473 eorum
1069 5428 1191 5482 quae
1248 5414 1315 5468 ad
1374 5415 1655 5473 Christum
1726 5417 2000 5486 pertinent

2136 5416 2254 5478 ταῖς
2286 5415 2647 5489 προφητείαις
2674 5415 2783 5469 τῶν
2827 5415 3145 5487 προφητῶν,
3198 5417 3293 5469 καὶ
3330 5415 3709 5488 δυσθεώρητος

538 5593 583 5627 ³³
607 5596 802 5651 Matth.
830 5612 904 5660 ιν,
934 5595 1023 5659 ιι,
1054 5608 1107 5650 et
1133 5595 1259 5652 alibi
1290 5579 1517 5665 passim.
1596 5597 1645 5630 ιδ
1677 5597 1878 5653 Ezech.
1911 5614 1991 5657 χι.
2030 5596 2120 5664 22,
2145 5596 2236 5653 ιε.

2336 5597 2381 5631 ³⁸
2415 5596 2580 5653 llcbr.
2612 5613 2652 5659 ι,
2681 5596 2735 5652 5.
2793 5595 2840 5630 ³⁸
2879 5597 3000 5651 Act.
3025 5616 3063 5661 ι,
3103 5601 3157 5664 6.
3267 5601 3310 5634 ³’
3335 5598 3497 5655 Joan.
3531 5615 3596 5664 tt,
3624 5596 3708 5654 i9.

1778 5774 1974 5835 Variae
2003 5772 2338 5835 lectiones.

539 5877 651 5948 (ϋῦ)
687 5874 874 5930 Graeca
911 5876 1070 5931 verba
1104 5875 1176 5930 ita
1218 5886 1416 5930 sonant
1451 5895 1463 5932 :
1519 5876 1951 5944 Quandoquidem
1988 5884 2036 5929 et
2077 5874 2233 5930 nubes
2269 5883 2411 5931 vncla
2444 5875 2634 5938 fertur.
