3916 6536
460 368 570 429 239
1666 357 2048 417 EUTHYMII
2094 359 2459 445 ZIGABENI
3616 357 3708 425 240

455 493 595 549 quas
628 475 682 529 in
730 488 826 529 eos
853 471 1135 527 immittes.
1186 468 1278 523 Vel
1313 484 1409 538 per
1442 467 1706 540 populum
1754 469 2037 535 humilem,

2160 473 2407 543 mugitum
2437 472 2588 527 κάτω
2638 472 2814 528 νεύειν
2873 473 3343 542 ἀναγκαζόμενον.
3409 472 3712 547 Ὑπερηφά-

456 571 713 641 gentilem
740 566 998 638 populum
1026 563 1289 633 intelligo,
1313 563 1406 633 qui
1429 572 1776 633 peccatorum
1798 562 2041 633 pondere

2160 579 2271 623 vou;
2300 562 2382 625 δὲ,
2422 563 2514 617 τὸν
2561 563 2830 618 Ἰουδαίων
2862 565 3005 634 (δῦ),
3035 564 3496 637 ἁλαζονευόμενον
3543 570 3633 624 ἐπί
3659 588 3711 625 τε

457 665 779 739 depressus,
838 672 1040 714 terram
1091 659 1363 726 aspicere-
1411 670 1619 727 pronus
1672 656 1980 726 cogebatur
2025 672 2039 708 :

2160 655 2225 725 τῷ
2260 657 2440 729 νόμῳ,
2473 658 2707 721 καὶτοῖς
2745 659 3059 727 προγόνοις.

456 769 555 824 per
586 751 850 823 superbos
888 744 1039 811 mo,
1070 744 1290 800 Iudaeos
1325 746 1647 817 gloriantes,
1674 758 1722 801 et
1757 744 2034 816 iactantes
2073 746 2310 816 seipsos,
2345 759 2455 802 tam
2488 747 2558 803 de
2590 747 2707 819 lege
2743 747 2862 814 Dei,
2888 764 3052 819 quam
3121 750 3190 808 de
3253 752 3495 824 propriis
3530 768 3708 824 proge-

456 845 747 903 nitoribus.

532 941 697 995 Vens.
766 936 858 991 £9.
923 936 1195 1001 Quoniam
1260 947 1315 988 tu
1379 932 1708 988 illuminabis
1765 934 2038 987 lucernam

457 1051 624 1090 meam
652 1031 893 1093 Domine,
917 1028 1057 1082 Deus
1083 1025 1596 1090 meus,illuminabis
1621 1026 1862 1080 tenebras
1876 1042 2040 1080 meat.

2160 1027 2387 1092 ρωτιεῖς
2418 1025 2485 1077 τὸ
2518 1028 2742 1092 σκότος
2766 1044 2906 1096 μου.
2963 1026 3075 1097 Τῆς
3123 1026 3304 1103 ψυχῆς
3360 1027 3656 1101 ὀφθαλμὸς,
3690 1035 3713 1084 ὁ

458 1128 775 1183 Intellectus
827 1123 881 1177 iu
952 1122 1113 1176 nobis
1156 1130 1242 1175 cst
1288 1119 1510 1191 quidam
1560 1119 1758 1174 anima:
1812 1120 2037 1184 oculus;

2160 1118 2273 1182 νοῦς
2314 1136 2328 1148 ·
2357 1123 2386 1173 6
2417 1118 2473 1173 δὲ
2503 1118 2806 1191 ὀφθαλμὸς,
2830 1122 2925 1174 καὶ
2954 1119 3173 1191 λύχνος,
3203 1120 3279 1184 ὡς
3309 1120 3523 1191 ὁδηγῶν
3551 1137 3568 1153 ο
3602 1124 3715 1176 σκό-

456 1220 652 1276 ocu‘lus
701 1225 885 1271 autem
923 1231 1030 1268 non
1079 1213 1354 1267 iunnerito
1398 1214 1622 1267 lucerna
1663 1211 1774 1268 dici
1834 1220 2037 1283 potest,

2160 1230 2233 1277 τος
2263 1214 2320 1266 δὲ
2345 1213 2538 1285 αὐτῆς,
2565 1215 2592 1267 6
2616 1212 2813 1284 ουμδς,
2846 1214 2942 1268 καὶ
2968 1215 3001 1286 ἡ
3026 1213 3317 1284 ἐπιθυμία..
3366 1215 3533 1284 Λέγει
3576 1216 3713 1283 γοῦν,

457 1331 583 1370 eum
619 1312 785 1367 veluti
809 1310 919 1365 dux
972 1310 1026 1361 iu
1058 1307 1309 1362 tenebris
1359 1309 1503 1360 viam
1540 1307 1904 1385 demonstret.
1939 1304 2041 1360 Per

2160 1307 2225 1359 itt
2260 1305 2523 1368 Φωτίσεις
2554 1306 2647 1359 τὸν
2704 1305 2831 1359 νοῦν
2865 1324 2970 1377 μου
3010 1308 3131 1371 τατς
3186 1306 3366 1371 Θείαις
3410 1307 3713 1379 ὲλλάμψεσι.

458 1412 657 1462 anima:
681 1417 811 1457 vero
837 1401 1119 1462 tenebras,
1155 1399 1291 1452 iram
1328 1407 1384 1452 et
1408 1398 1923 1468 concupiscentiam
1957 1398 2039 1452 in-

2160 1396 2349 1451 Γοῦτον
2395 1395 2452 1450 δὲ
2506 1394 2783 1466 φωτίζων,
2828 1395 3088 1465 φωτίσεις
3137 1398 3234 1451 καὶ
3282 1398 3345 1452 τὸ
3375 1397 3569 1461 σκότος
3601 1415 3713 1469 μου.

459 1495 775 1563 telligiinus.
797 1488 902 1554 Tn,
928 1487 1178 1552 Domine,
1203 1487 1404 1555 inquit,
1433 1486 1763 1540 intellectum
1794 1501 1856 1540 ac
1884 1502 2040 1542 men-

2160 1492 2212 1545 Ei
2243 1489 2417 1545 οὖντὸ
2440 1490 2497 1543 ἐν
2530 1490 2611 1543 σοὶ
2634 1488 2692 1542 τὺ
2721 1489 2838 1556 φῶς
2874 1490 3065 1554 σκότος
3105 1491 3246 1553 ἐστὶ,
3279 1491 3341 1545 τὸ
3399 1491 3594 1559 σκότος
3632 1492 3715 1544 πό-

458 1598 569 1643 tem
613 1598 790 1639 meatu
824 1580 1006 1636 divina
1039 1580 1158 1633 luce
1191 1593 1256 1633 ac
1301 1578 1596 1648 splendore
1644 1578 1981 1633 illuminabis
2022 1596 2035 1632 :

2160 1599 2282 1648 Iov;
2316 1583 2622 1649 τουτέστιν,
2657 1582 2705 1634 εἰ
2735 1582 2764 1634 6
2792 1580 2915 1644 νοῦς
2946 1583 3339 1654 ὲσκοτισμένος
3368 1586 3512 1647 ἐστὶ,
3554 1584 3715 1654 πολλῷ

459 1679 607 1751 quod
642 1676 852 1732 faciens
885 1672 1224 1728 illuiuin-tbis
1253 1671 1459 1740 pariter
1501 1679 1555 1725 et
1592 1672 1850 1727 tenebras
1891 1685 2041 1726 meas

2160 1673 2313 1726 πλέον
2340 1675 2398 1727 αἱ
2443 1673 2627 1742 ἄλογοι
2664 1673 2761 1743 τῆς
2792 1673 2968 1744 ψυχῆς
2998 1674 3283 1745 δυνάμεις.
3352 1676 3512 1729 Ἐστι
3560 1677 3603 1730 6'
3647 1677 3716 1730 el-

463 1771 613 1845 [uam
642 1767 806 1825 simul
839 1780 964 1821 cum
999 1763 1300 1823 intellectu,
1346 1768 1556 1816 caztcrze
1606 1761 1803 1815 animae
1859 1770 2042 1831 partes

2160 1768 2275 1819 πεῖν
2303 1767 2396 1819 τὸν
2434 1766 2583 1831 νοῦν,
2614 1767 2709 1820 καὶ
2740 1766 2878 1836 φῶς,
2918 1767 3012 1820 καὶ
3053 1766 3281 1830 σκότος’
3318 1768 3457 1838 πρὸς
3513 1768 3609 1838 μὲν
3629 1769 3716 1837 τὴν

460 1877 526 1915 ac
565 1858 823 1931 potentia
857 1851 1195 1926 proﬁcient].
1231 1849 1296 1903 Et
1334 1850 1438 1903 hoc
1478 1860 1559 1904 est
1600 1848 1749 1918 quod
1784 1847 2041 1901 Salvator

2160 1857 2307 1928 ρύσιν
2355 1858 2465 1911 τῶν
2500 1858 2867 1930 πραγμάτιον,
2916 1860 3033 1926 φῶς
3065 1876 3081 1891 ο
3140 1860 3278 1931 πρὸς
3321 1860 3378 1914 δὲ
3435 1861 3528 1915 τὸν
3580 1862 3714 1926 Θεὸν,

2221 932 2349 983 Ὅτι
2382 929 2464 985 σὺ
2490 928 2726 1001 φωτιεῖς
2780 931 3017 1001 λύχνον
3057 950 3201 1003 μου,
3248 933 3427 1004 Κύριε
3476 936 3511 988 ό
3563 937 3711 1002 Θεὸς,

459 1960 515 2011 in
550 1950 851 2021 Evangelio
883 1946 1100 2001 dicebat
1137 1961 1151 1998 :
1185 1944 1243 1998 Si
1295 1944 1494 2005 lunten,
1549 1943 1687 2012 quod
1734 1941 1788 1994 in
1841 1950 1889 1993 te
1939 1949 2040 2002 est,

462 2047 688 2103 tenebrat
721 2044 875 2113 ﬁant,
914 2039 1136 2095 tenebrw
1166 2047 1376 2107 quanta!
1405 2047 1559 2089 erunt
1580 2034 1671 2087 lt"I
1704 2033 1817 2089 lloc
1846 2042 1953 2096 est,
1983 2031 2042 2086 Si

463 2142 775 2197 intellectus
813 2133 1207 2191 obteuebratus
1258 2130 1351 2192 sit,
1390 2128 1560 2182 multo
1592 2128 1765 2198 magis
1810 2135 1864 2182 et
1917 2127 2045 2181 reli.

462 2253 585 2306 quae
628 2232 827 2288 animae
881 2214 1070 2299 partes
1130 2223 1375 2278 tenebris
1426 2221 1798 2274 involventur.
1855 2219 2045 2273 Dicere

462 2328 631 2381 etiam
680 2332 997 2392 possumus,
1049 2316 1231 2385 ipsum
1280 2312 1647 2375 intellectum,
1693 2312 1869 2365 lucent
1920 2326 2045 2366 esse

461 2420 669 2489 pariter
714 2426 765 2468 et
802 2410 1082 2467 tenebras.
1135 2405 1270 2460 Nam
1303 2404 1350 2459 si
1382 2404 1449 2459 ad
1482 2412 1734 2457 naturam
1785 2404 2044 2458 materia-

464 2518 594 2570 lium
619 2526 801 2567 rerum
828 2517 1202 2578 οοιιιρηιόιιιν,
1231 2504 1323 2556 lux
1349 2502 1479 2567 erit,
1504 2503 1549 2556 si
1583 2516 1716 2555 vero
1745 2501 1813 2555 ad
1849 2499 2045 2567 Deum,

463 2608 705 2664 tenebrae
741 2623 755 2659 :
787 2619 851 2657 eo
880 2600 1050 2671 quod,
1077 2600 1144 2650 ub
1168 2613 1234 2651 eo
1266 2595 1413 2650 Deus
1437 2595 1685 2666 conspici
1722 2610 1833 2648 non
1870 2594 2047 2665 possit

465 2701 666 2773 [neque
700 2696 848 2750 illius
882 2692 1034 2763 lex];
1070 2692 1151 2744 vel
1184 2706 1280 2760 per
1318 2689 1600 2743 lucernam
1631 2688 1720 2741 hic
1754 2687 2045 2744 Mosaicam

466 2797 641 2862 legem
695 2787 964 2855 iutellige.
1017 2798 1139 2854 quae
1189 2782 1449 2836 lectorem
1504 2779 1573 2834 ad
1611 2790 1815 2834 rectam
1861 2778 2050 2849 dirigit

464 2887 695 2947 callem;
735 2895 831 2951 per
863 2878 1118 2933 tenebras
1154 2888 1308 2938 vero,
1336 2871 1521 2927 velum
1570 2871 1673 2941 ipsi
1712 2872 1816 2941 legi
1856 2886 2051 2941 super—

466 2977 809 3049 impositum,
836 2970 987 3042 quod
1024 2967 1419 3023 obscuritatem
1459 2972 1686 3037 generat
1716 2980 1731 3020 :
1763 2964 1926 3035 cujus
1952 2980 2048 3020 oc-

464 3074 636 3133 culta,
669 3069 863 3121 beatus
898 3062 1068 3117 David
1109 3076 1254 3114 nttnc
1290 3057 1652 3145 illuminanda
1684 3072 1809 3114 esse
1849 3057 2050 3130 praedi-

2149 1951 2360 2016 σκότος,
2392 1950 2627 2023 ἀόρατον
2654 1951 2805 2021 αὐτῷ
2825 1952 3190 2022 τυγχάνοντα.
3212 1953 3284 2006 Ἦ
3312 1951 3511 2023 λύχνος
3544 1954 3665 2023 μὲν,
3693 1955 3718 2004 6

2146 2043 2447 2108 Μωσαῗκὸς
2477 2044 2663 2114 νόμος,
2695 2043 2911 2117 ὁδηγῶν
2942 2043 3037 2097 ἐπὶ
3061 2044 3131 2098 τὰ
3165 2045 3310 2099 καλὰ
3352 2047 3485 2110 τοὺς
3536 2049 3715 2115 ἀναγιο

2146 2137 2500 2202 νώσκονταςο
2554 2139 2747 2203 σκότος
2803 2138 2885 2201 δὲ.
2937 2138 2999 2192 τὸ
3032 2139 3387 2211 ἐπικείμενον
3429 2139 3583 2211 αὐτῷ
3634 2142 3717 2194 κὰο

2146 2227 2338 2298 λυμμα
2375 2226 2476 2299 τῆς
2497 2227 2788 2296 ἀσαφείας,
2820 2221 2882 2281 οὗ
2909 2230 2979 2281 τὰ
3010 2231 3370 2301 κεκρυμμένα
3395 2231 3716 2302 προφητεύει

2146 2320 2315 2374 Δαϐὶδ
2369 2319 2746 2389 φωτισθῆναι.
2792 2320 2890 2374 καὶ
2948 2320 3439 2392 ἀνακαλυφθῆναι,
3495 2322 3718 2392 δηλονὶτι

2150 2411 2531 2484 σαρκωοέντος
2559 2412 2696 2466 Θεοῦ
2729 2431 2742 2443 ·
2781 2413 2818 2485 ἢ
2841 2411 3041 2485 λύχνος
3069 2414 3192 2485 μὲν,
3235 2413 3299 2468 τὸ
3337 2416 3605 2487 κήρυγμα
3634 2414 3717 2467 τοῦ

2151 2504 2511 2574 Εὐαγγελίου,
2564 2504 2834 2575 φωτισοὲν
2885 2506 2979 2560 καὶ
3032 2506 3336 2575 γνωρισθὲν
3402 2508 3540 2578 ἡμῖν
3582 2509 3718 2575 παρὰ

2150 2596 2247 2651 τοῦ
2291 2598 2545 2669 Σωτῆρος
2605 2596 2806 2651 αὐτοῦ·
2873 2602 3063 2662 σκότος
3119 2600 3199 2666 δὲ,
3257 2603 3290 2671 ἡ
3335 2600 3447 2654 τῶν
3502 2601 3717 2655 εἰδώλων

2152 2690 2354 2763 πλάνη,
2398 2691 2494 2745 καὶ
2525 2693 2558 2761 ή
2603 2690 2798 2759 ἄλογος
2849 2693 3043 2761 ἄγνοια
3099 2693 3200 2765 τῆς
3246 2695 3416 2767 ὀρθῆς
3479 2697 3716 2755 πίστεως.

2155 2784 2228 2838 Ἦ
2258 2784 2451 2855 λύχνος
2478 2784 2598 2854 μὲν,
2623 2787 2651 2838 ὁ
2672 2785 2818 2849 νοῦς,
2842 2785 3055 2858 ὁδηγῶν
3075 2786 3166 2840 τὸν
3191 2788 3485 2858 ἄνθρωπον
3502 2806 3516 2820 ·
3548 2788 3719 2848 σκότος

2150 2874 2229 2940 δὲ,
2259 2877 2321 2931 τὸ
2349 2876 2531 2947 σῶμα,
2553 2876 2644 2931 διὰ
2676 2876 2775 2950 τὴν
2805 2878 3233 2951 ὲπιπρόσθησιν,
3272 2882 3368 2936 καὶ
3423 2882 3716 2953 παχύτητα.

2152 2970 2595 3040 Φωτισθήσονται
2633 2971 2690 3024 δὲ
2728 2971 2934 3040 ἄμφωσ
2985 2974 3014 3026 6
3069 2975 3193 3043 μὲν,
3224 2976 3357 3038 ,ταῖς
3416 2975 3593 3038 Ozias;
3646 2973 3720 3026 ὲλ-

2153 3063 2397 3133 λάμψεσι
2423 3080 2436 3093 ο
2461 3061 2622 3129 τὸδὲ,
2665 3065 2732 3133 τῇ
2757 3064 3051 3136 καθάρσει.
3084 3064 3244 3130 Τινὲς
3283 3066 3340 3120 δὲ
3375 3066 3600 3135 λέγουσι
3638 3064 3719 3116 λύο

470 3165 546 3218 cit
599 3171 651 3216 et
715 3156 1028 3219 revelauda,
1094 3154 1382 3206 incarnato
1450 3149 1710 3203 nimirum
1767 3147 1899 3205 Deo.
1955 3148 2048 3206 Vel

470 3261 480 3265 _
757 3252 793 3265 η
981 3250 1032 3265 1·-
1083 3254 1150 3265 --ι
1198 3243 1508 3265 μ-ΔΙΞ--ι2Α
1575 3243 1713 3265 ,ΙΑ-..-
1770 3258 1829 3265 ,Α
1865 3244 2040 3265 I-_-!j-

2160 3172 2282 3226 χνον
2326 3154 2564 3209 ἐνταῦθα
2607 3154 2879 3226 κληθῆναι
2930 3158 3025 3212 τὸν
3064 3159 3132 3212 ἐκ
3191 3158 3514 3231 σπέρματος
3576 3157 3721 3210 Δαϐὶδ

468 3261 718 3318 lucerna,
756 3250 1034 3320 Evangelii
1071 3254 1156 3302 est
1197 3243 1534 3315 praedicatio,
1571 3243 1718 3298 clare
1767 3258 1832 3299 ac
1865 3244 2045 3300 lucide

468 3349 728 3405 omnibus
762 3344 985 3410 tradita,
1033 3352 1088 3396 et
1117 3354 1148 3394 a
1181 3337 1418 3394 Domino
1446 3336 1724 3392 declarata
1758 3353 1774 3392 :
1805 3339 2046 3393 tenebrae

467 3456 601 3499 vero
644 3438 918 3495 idolorum
953 3448 1132 3499 error,
1173 3446 1236 3486 ac
1262 3437 1425 3484 rectae
1451 3428 1576 3484 lidei
1610 3429 1907 3499 ignoratio.
1948 3428 2045 3485 Vel

468 3537 693 3591 lucerna
731 3530 978 3603 quidem,
1022 3525 1340 3581 intellectus
1370 3530 1475 3587 est,
1514 3522 1609 3593 qui
1644 3521 1925 3577 hominem
1956 3522 2043 3579 di-

2170 3244 2408 3317 Ἰησοῦν,
2469 3245 2531 3298 6v
2577 3245 2847 3316 ἐφώτισεν
2899 3248 2929 3300 6
2964 3248 3139 3314 Λόγος
3180 3249 3404 3312 Evt-ilict;
3422 3248 3599 3318 αὐτῷ,
3638 3247 3721 3299 καὶ

2156 3338 2437 3409 παρέσχεν
2455 3339 2795 3406 ἁφιὲναιτὰς
2817 3339 3045 3405 ἀκτινας
3069 3340 3412 3410 ἁπανταχοῦ,
3437 3342 3573 3413 φησὶ
3590 3338 3686 3408 γάρ
3703 3354 3716 3368 ·

2168 3431 2316 3503 Ἐγώ
2337 3432 2453 3501 ειμι
2478 3434 2545 3485 τὸ
2570 3431 2698 3501 φῶς
2714 3432 2821 3489 τοῦ
2853 3434 3087 3502 κόσμου
3111 3449 3127 3467 ο
3149 3434 3342 3500 σκότος
3359 3434 3440 3499 δὲ,
3488 3435 3590 3507 τὴν
3608 3433 3723 3504 σάρ-

2155 3542 2228 3578 κα
2253 3525 2389 3596 (66).
2420 3563 2435 3578 .
2463 3563 2478 3580 .
2506 3524 2862 3596 προσλαϐὼν,
2890 3527 3096 3583 ἐθέωσε
3123 3530 3220 3583 καὶ
3256 3528 3628 3600 ὲλάμπρυνεν.

466 3631 641 3701 rigit:
689 3625 929 3682 tenebras
959 3623 1138 3691 ipsum
1173 3631 1394 3685 corpus,
1453 3615 1601 3684 quod
1631 3614 2042 3687 quodammodo
2083 3627 2214 3673 ante
2271 3619 2470 3674 oculos
2520 3619 2843 3679 intellectus
2924 3621 3202 3687 consistit,
3269 3632 3326 3677 et
3371 3621 3723 3678 crassitudine

467 3720 850 3779 suaumbram
886 3713 1047 3785 quasi
1078 3719 1303 3782 generat
1328 3724 1391 3764 ac
1425 3709 1679 3764 tenebras
1709 3725 1723 3761 :
1756 3717 2052 3780 utrumque
2090 3721 2273 3768 autem
2319 3711 2745 3780 illuminabitur,
2808 3713 3124 3770 intellectus
3168 3714 3455 3775 nimirum.
3538 3713 3724 3770 divinis

467 3814 878 3889 splendoribus,
916 3823 1117 3879 corpus
1146 3821 1277 3861 vero
1323 3803 1705 3875 puriﬁcatione
1735 3814 1791 3858 et
1823 3804 2119 3862 munditia.
2190 3805 2428 3872 Quidam
2496 3822 2627 3865 vero
2717 3823 2818 3879 per
2881 3808 3168 3863 lucernam
3198 3808 3508 3871 Dominum
3555 3808 3725 3864 Jcsutn

470 3912 805 3980 intelligunt.
837 3916 1028 3962 natum
1065 3904 1133 3959 de
1161 3904 1373 3957 semine
1427 3900 1620 3967 David,
1672 3900 1829 3972 quia
1862 3898 2042 3957 Verbo
2082 3902 2175 3959 Dei
2202 3904 2547 3960 illuminatus
2574 3912 2696 3969 est;
2755 3903 2846 3957 illa
2923 3902 3187 3958 nimirum
3263 3903 3451 3958 divina
3522 3903 3723 3961 unione.

479 4020 606 4076 quae
642 4002 720 4056 illi
746 3998 981 4071 praebuit
1034 4004 1094 4051 ut
1128 3995 1442 4067 splendoris
1502 3993 1685 4049 radios
1739 4008 2068 4065 quocunque
2106 3996 2427 4066 emitteret;
2464 3998 2612 4055 unde
2663 3998 2731 4053 de
2776 3998 2963 4068 seipso
3012 3997 3230 4052 dicebat
3262 4013 3277 4051 :
3310 3998 3420 4067 Ego
3451 4013 3571 4051 sum
3640 3996 3722 4047 lux

476 4096 661 4152 mundi
692 4093 778 4158 ";
829 4105 926 4161 per
972 4090 1233 4146 tenebras
1266 4101 1397 4143 vero
1430 4101 1654 4142 carnem
1715 4093 1930 4140 tantum
1969 4098 2334 4160 assumptum,
2364 4105 2531 4161 quam
2620 4091 2876 4148 Christus
2941 4090 3296 4155 illuminavit,
3365 4104 3430 4144 ae
3505 4090 3724 4145 divinam

473 4188 735 4249 reddid.t.
1753 4202 1762 4207 -
2644 4170 2649 4175 ’

546 4287 710 4347 Vsus.
748 4282 838 4339 50.
881 4283 1149 4350 Quoniam
1183 4283 1238 4336 in
1266 4291 1316 4336 te
1344 4280 1547 4351 eripior
1571 4295 1603 4333 α
1634 4280 1945 4337 tentatiane.
1982 4307 2053 4320 -

471 4381 539 4439 In
571 4392 640 4445 te,
675 4381 779 4434 huc.
812 4386 918 4439 est,
957 4392 1052 4446 per
1088 4384 1162 4431 te.
1197 4375 1237 4427 Α
1268 4374 1560 4429 nutatione
1584 4380 1767 4428 autem
1804 4380 1916 4427 tam
1948 4370 2050 4426 hoc

468 4474 680 4530 minum
705 4484 868 4540 quam
898 4466 1235 4523 daemonum.

2230 4277 2363 4339 έὈτι
2386 4290 2459 4330 εν
2488 4276 2587 4331 σοὶ
2604 4274 2998 4345 ρυσθήσομαι
3054 4273 3177 4328 ἀπὸ
3243 4275 3645 4343 πειρατηρίου.
3667 4301 3726 4311 -

2174 4371 2279 4423 Ἐν
2302 4369 2405 4423 σοι
2444 4369 2567 4439 μὲν,
2591 4370 2714 4438 ἢτοι
2760 4369 2851 4423 διὰ
2888 4368 2984 4422 σοῦ
3008 4385 3023 4399 ο
3066 4368 3452 4437 πειρατηρίου
3480 4368 3555 4430 δὲ,
3586 4381 3720 4420 τουτ-

2163 4462 2280 4514 έστι
2318 4460 2654 4532 πειρασμοῦ,
2691 4460 2844 4531 παρὰ
2869 4459 3200 4531 ἀνθρώπιον,
3241 4459 3274 4528 ἢ
3331 4460 3603 4529 δαιμόνων
3644 4458 3726 4509 ιπ-

482 4618 485 4623 ,
2083 4604 2121 4623 η
2163 4552 2461 4621 αγομένςυ.

540 4649 606 4703 Et
636 4651 689 4703 iu
726 4647 835 4702 Deo
868 4663 980 4700 meo
1049 4643 1691 4714 tramgrediar'murum.
1751 4642 1862 4699 Deo
1906 4656 2050 4706 meo.

2214 4604 2338 4698 ’κὶιι
2364 4645 2433 4698 ἐν
2466 4644 2559 4711 τῷ
2588 4644 2711 4710 Θεῷ
2763 4661 2885 4714 μου
2932 4646 3352 4714 ὑπερϐήσομαι
3400 4643 3614 4713 τεῖχος.
3649 4638 3725 4708 Τῷ

472 4742 675 4812 inquit,
691 4739 823 4793 mihi
846 4737 1123 4813 adiutore,
1144 4749 1248 4804 ego
1267 4742 1491 4805 peccata
1513 4734 1725 4797 omnia,
1749 4735 1895 4788 viam
1917 4734 2050 4789 milii

2160 4734 2286 4806 Θεῷ
2321 4752 2425 4805 μου
2493 4734 2883 4806 βοηθούμενος,
2951 4736 3331 4805 {impar-.64;ch
3361 4735 3427 4788 τὰ
3461 4731 3726 4801 ἀποφράτ-

473 4836 539 4888 atl
574 4834 763 4893 Deum,
798 4827 966 4881 veluti
995 4841 1126 4895 sepe
1152 4823 1394 4894 quadam
1434 4822 1814 4886 obstruentia,
1846 4825 2054 4879 transi-

473 4928 630 4983 liam.
700 4921 757 4975 In
813 4919 922 4973 illis
973 4916 1176 4987 quippe
1235 4915 1380 4970 vires
1435 4928 1570 4970 suas
1622 4922 1786 4973 antea
1818 4912 2055 4969 Satanas

474 5017 737 5075 habebat,
772 5025 837 5065 ac
875 5023 968 5079 per
1002 5021 1067 5061 ea
1100 5006 1312 5060 aditum
1349 5003 1481 5058 milii
1524 5004 1590 5058 ad
1630 5004 1833 5061 coelum
1868 5002 2054 5076 {quasi

473 5122 632 5163 muro
662 5092 1459 5177 quodam}praeluserat.Vel
1519 5096 1750 5155 tentatio
1794 5110 1893 5164 pro
1948 5096 2056 5153 vita

471 5182 712 5253 hominis
739 5195 897 5265 juxta
963 5188 1166 5244 Jobum
1200 5186 1243 5219 *7
1274 5186 1629 5257 intelligenda
1694 5196 1799 5249 est,
1839 5186 1892 5240 in
1948 5202 2057 5257 qua

473 5294 646 5345 mul'a
671 5304 826 5352 esca,
853 5295 915 5342 et
941 5284 1129 5338 multa:
1168 5288 1301 5336 sunt
1344 5280 1693 5349 voluptatum
1756 5279 2055 5353 illeCebrae.

471 5383 631 5439 multi
658 5380 855 5436 mortis
891 5376 1098 5447 laquei,
1138 5382 1194 5430 et
1225 5374 1412 5429 mult-.e
1444 5372 1612 5429 etiam
1644 5372 1949 5431 x'isibilium
2000 5385 2056 5429 et

550 5566 595 5601 ⁵⁵
627 5562 819 5625 Matth.
856 5577 931 5629 v1,
963 5559 1055 5616 25.
1113 5555 1349 5613 “Joan.
1379 5570 1499 5617 vm,
1536 5552 1619 5607 l2.
1680 5554 1723 5586 ⁵⁷
1764 5553 1875 5613 Job
1897 5575 1995 5623 vn,
2042 5559 2096 5613 Ι.

2163 4826 2330 4889 τοντά
2355 4843 2448 4896 μοι
2484 4828 2587 4897 τὴν
2608 4828 2748 4897 προς
2780 4827 2948 4880 αὐτὸν
3009 4827 3128 4880 ὁδὸν
3179 4828 3564 4898 ἁμαρτήματα
3587 4841 3601 4854 '
3652 4826 3722 4883 οἱς

2106 4964 2111 4971 .
2165 4916 2280 4986 ἔχει
2310 4918 2409 4988 τὴν
2445 4919 2603 4988 ἰσχὺν
2632 4920 2659 4971 6
2685 4918 2954 4989 Σατανέκ,
3013 4919 3109 4970 καὶ
3161 4917 3228 4969 δι’
3271 4914 3346 4971 ὦν
3396 4916 3595 4970 κωλύει
3638 4912 3725 4977 τὴν

2162 5007 2249 5067 εἰς
2279 5005 2547 5075 οὐρανοὺς
2572 5005 2782 5059 ἄνοδον.
2814 5006 2881 5060 Ἥ
2920 5009 3302 5078 πειρατήριον
3363 5007 3481 5076 μὲν,
3531 5005 3561 5056 6
3602 5001 3723 5073 βίος.

2169 5099 2311 5151 κατὰ
2339 5098 2430 5152 τὸν
2445 5097 2589 5163 Ἰὼϐ,
2610 5100 2667 5151 ὲν
2682 5092 2724 5167 ᾧ
2747 5099 2972 5155 δελέατα
2991 5098 3207 5169 ἡδονῆς,
3223 5102 3317 5152 καὶ
3340 5097 3561 5167 παγιδες
3581 5094 3726 5147 θανά·

2168 5205 2287 5254 του,
2340 5192 2435 5242 καὶ
2476 5192 2649 5262 λόχοι,
2691 5191 2787 5245 καὶ
2815 5190 3091 5263 πολέμιοι,
3119 5193 3300 5260 νοητοὶ
3336 5193 3431 5245 καὶ
3464 5185 3723 5257 αὶσθητοί·

2171 5284 2352 5350 τεῖχος
2380 5282 2462 5344 δὲ,
2498 5283 2558 5336 τὺ
2582 5283 2767 5355 σῶμα,
2795 5283 3243 5355 προϐεϐλημένον
3272 5284 3373 5352 τῆς
3419 5283 3615 5354 ψυχῆς,
3650 5279 3730 5332 καὶ

2168 5376 2525 5447 ἀποφράττειν
2558 5376 2732 5449 αὐτὴν
2762 5376 2861 5443 τὰς
2887 5376 3044 5442 θείας
3076 5376 3254 5447 αὐγάς
3279 5392 3293 5409 ·
3338 5376 3372 5448 ἢ
3404 5376 3498 5431 καὶ
3546 5374 3728 5443 τεῖχος,

1831 5670 2039 5732 Variae
2074 5669 2412 5736 lectiones.

547 5776 837 5853 (65)ᾼι1ι1ο
864 5775 1060 5853 δῆμον,
1092 5771 1175 5828 vel
1203 5770 1383 5853 scribe
1422 5770 1697 5853 Ἰουδαῖον.

532 5840 656 5916 166$
692 5840 1027 5921 Repone'ﬁv,
1058 5859 1238 5916 quam,
1270 5850 1327 5897 ut
1359 5843 1557 5922 legisse
1586 5843 1801 5899 videtur
1820 5840 2051 5899 Latinus
2086 5842 2382 5913 interpres.
