3916 6538
290 509 404 574 2ἱὶ

1442 512 1831 576 commxr.
1885 514 1965 574 lN
2005 490 2373 575 PSALMOS.

3448 508 3515 572 2".
3532 512 3566 572 2

281 627 338 679 οἱ
387 626 629 700 ὲναέριοι
656 624 935 694 δαίμονες,
964 623 1377 686 διαὸαινούσαις
1399 624 1518 685 ταῖς
1544 621 1747 695 ψυχαῖς
1779 623 1801 675 ὲ
1813 641 1850 694 μ

1988 622 2353 679 invisibilium
2386 608 2741 679 inimicorum
2778 621 3032 687 insidiae;
3069 636 3262 675 murus
3292 635 3423 673 vero
3471 637 3569 689 ptO

290 714 636 781 ποδίζοντες.

281 812 532 881 quodam
565 825 686 865 eam
710 808 1040 874 circumdat,
1074 819 1242 881 atque
1273 810 1537 878 obstruit,
1574 818 1630 865 et
1678 810 1942 882 prohibet
1972 826 2002 866 a
2032 812 2222 868 divina
2252 814 2398 870 luce.
2461 812 2562 868 Vel
2624 829 2721 883 per
2784 828 2997 876 muros,

1990 729 2251 786 corpore,
2299 716 2447 786 quod
2483 717 2720 788 positum
2758 724 2887 771 ante
2927 714 3170 771 animam
3206 715 3377 770 veluti
3408 730 3570 768 nitiro

3086 813 3241 884 ipsos
3289 813 3567 871 daamones

282 900 538 970 intellige
567 908 858 956 versantes
890 900 946 954 in
995 914 1160 956 aere:
1195 902 1289 971 qui
1313 901 1557 983 animam
1606 900 1673 956 ad
1704 899 1877 956 Deum
1913 904 2261 969 pertransire
2289 903 2631 974 cupientem,
2674 905 2818 958 muri
2854 904 3030 958 instar
3056 903 3383 973 impediunt.

367 994 432 1048 '0
463 994 612 1060 Θεός
632 1009 777 1061 μου,
799 993 1041 1062 ἄμωμος
1074 996 1111 1062 ἠ
1140 992 1285 1059 ὁδὸς
1311 994 1529 1049 αὑτοῦ.
1556 994 1753 1065 Σχῆμα
1783 995 1879 1049 καὶ

280 1084 449 1138 τοῦτο
476 1083 578 1154 τῆς
611 1083 857 1148 Halani;
885 1086 1139 1157 Γριφῆς·
1185 1087 1311 1140 ἀντὶ
1362 1086 1474 1157 γὰρ
1547 1086 1645 1140 τοῦ
1677 1087 1878 1152 εἰπεῖν,

285 1177 378 1229 ὅτι
411 1174 521 1228 Τοῦ
553 1175 687 1230 Θεοῦ
726 1193 829 1246 μου
854 1176 1082 1248 ἄμωμος
1103 1180 1136 1248 ἡ
1165 1179 1306 1243 ὁδὸς,
1344 1174 1520 1241 εἶπεν,
1546 1179 1629 1233 ὅτι
1653 1179 1708 1232 Ὁ
1733 1180 1881 1246 Θεός

276 1285 428 1336 μου,
455 1266 698 1337 ἄμωμος
724 1269 763 1336 ἡ
795 1266 937 1335 ὁδὸς
964 1270 1155 1324 αὐτοῦ
1180 1286 1192 1300 ’
1228 1270 1345 1333 ὁδὸς
1375 1271 1433 1324 δὲ
1480 1270 1642 1337 Θεοῦ,
1677 1272 1875 1345 ἁρετὴ,

283 1359 429 1428 πρὸς
451 1358 621 1413 αὐτὸν
640 1361 946 1428 ἁνάγουσα.
983 1363 1104 1433 Χρὴ
1139 1362 1272 1432 γοῦν
1293 1364 1528 1435 ἄμωμον
1589 1365 1733 1421 εἶναι
1780 1368 1877 1421 καὶ

280 1454 381 1505 τὸν
433 1453 505 1506 δι’
539 1454 712 1525 αὐτῆς
756 1454 1033 1513 “adcura.
1086 1457 1158 1509 ’Ἠ
1183 1458 1279 1510 καὶ
1307 1460 1436 1529 περὶ
1480 1459 1576 1512 τοῦ
1624 1460 1878 1532 Σωτῆρος

281 1548 310 1597 ὁ
339 1546 502 1614 λόγος
522 1563 537 1575 ·
562 1546 787 1612 ὁδεύσας
810 1548 920 1621 γὰρ
949 1548 1040 1602 τὸν
1099 1549 1213 1620 βίον
1241 1550 1520 1622 ἁμαρτίαν
1555 1553 1658 1607 οὐκ
1684 1553 1877 1624 ἐποίη-

282 1658 402 1695 σεν.

365 1822 444 1875 Τὰ
464 1825 645 1893 λόγια
692 1826 920 1893 Κυρίου
977 1828 1401 1897 πεπυρωμένα.
1458 1830 1724 1900 ’Δληθινὰ
1778 1833 1875 1886 καὶ

279 1916 506 1985 καθαρὰ
534 1916 707 1985 ψόγου
726 1920 952 1981 παντὸς,
979 1920 1055 1982 ὡς
1075 1920 1136 1971 τὸ
1161 1925 1579 1991 κεχωνευμένον
1609 1925 1834 1995 χρυσίον
1851 1942 1866 1955 ·

2043 994 2210 1051 Vens.
2244 996 2334 1051 51.
2375 995 2515 1051 Deus
2545 1013 2714 1062 meus,
2749 998 3033 1065 impolluta
3057 998 3137 1051 ria
3163 996 3302 1066 ejus.
3350 998 3449 1051 llic
3478 1007 3565 1055 est

1976 1089 2145 1143 etiam
2179 1089 2430 1159 quasdam
2468 1090 2642 1159 ﬁgura
2672 1088 2935 1159 loquendi
2968 1088 3112 1158 apud
3140 1103 3357 1144 sacram
3418 1090 3568 1146 Scri.

1974 1187 2199 1248 pturam
2239 1181 2515 1237 usitatior.
2538 1182 2644 1237 Pro
2702 1181 2850 1237 enim
2890 1181 3035 1251 quod
3099 1181 3391 1236 dicendum
3424 1193 3564 1249 erat,

1976 1271 2071 1328 Dei
2109 1274 2217 1328 mei
2273 1274 2567 1344 impolluta
2620 1276 2708 1330 via
2740 1274 3048 1340 est,dixit:
3080 1270 3218 1328 Deus
3260 1290 3429 1340 meus,
3458 1275 3565 1329 int-

1974 1362 2180 1433 polluta
2216 1364 2301 1416 via
2334 1363 2471 1433 ejus.
2507 1362 2606 1417 Via
2634 1371 2820 1419 autem
2860 1362 2954 1418 Dei
2986 1363 3167 1417 virtus
3200 1370 3308 1428 est,
3346 1378 3467 1433 qua:
3494 1364 3561 1417 ad

1980 1455 2150 1510 Deum
2181 1456 2360 1510 ducit.
2395 1455 2628 1525 Oportet
2661 1455 2833 1526 igitur
2860 1454 3387 1526 irrcprcbensibiles
3437 1454 3563 1509 illos

1975 1560 2121 1610 esse,
2146 1546 2241 1617 qui
2280 1563 2378 1618 per
2411 1547 2555 1602 viam
2593 1548 2758 1602 istam
2803 1546 3076 1603 incessuri
3137 1557 3296 1602 sunt.
3336 1546 3433 1601 Vel
3492 1547 3561 1600 de

1970 1630 2254 1695 Salvatore
2311 1648 2507 1695 nostro
2567 1651 2650 1695 est
2713 1655 2923 1703 sermo,
2976 1637 3069 1708 qui
3101 1653 3198 1709 per
3230 1640 3376 1692 viam
3411 1640 3556 1693 lianc

1974 1731 2267 1786 ambulans
2293 1741 2579 1801 peccatum
2621 1746 2728 1787 non
2766 1731 2917 1788 fecit.

2048 1823 2276 1893 Eloquia
2296 1824 2509 1878 Domini
2529 1826 2643 1895 igne
2664 1825 2999 1879 examinata.
3024 1824 3164 1881 Vera
3186 1823 3397 1879 scilicet
3420 1838 3556 1892 pura

1970 1934 2033 1974 ac
2057 1920 2259 1973 munda
2288 1917 2358 1974 ab
2382 1920 2534 1974 omni
2569 1919 2804 1984 macula,
2825 1921 2947 1973 auri
2980 1921 3156 1973 instar
3179 1916 3332 1987 quod
3367 1916 3551 1973 l‘nsum

277 2008 527 2077 ἀλλαχοῦ
557 2009 672 2079 γὰρ
726 2011 977 2080 εἴρηται·
1033 2011 1114 2065 Τὰ
1163 2016 1341 2082 λόγια
1385 2016 1633 2084 Κυρίου,
1692 2017 1857 2087 λόγια

1982 2010 2069 2063 sit.
2099 2009 2241 2064 Alibi
2274 2013 2439 2065 etiam
2474 2012 2616 2067 dixit
2641 2028 2655 2065 :
2683 2010 2913 2081 Eloquia
2938 2021 3109 2075 casta,
3139 2018 3415 2080 argentum
3437 2010 3558 2078 igne

273 2100 456 2170 ἁγνὰ,
488 2101 781 2171 ἀργύριον
801 2105 1259 2172 πεπυρωμένον.

362 2193 867 2262 Ύπερασπιστής
896 2197 1026 2250 ἐστι
1056 2197 1299 2252 πάντων
1349 2199 1467 2253 τῶν
1500 2201 1870 2263 ἐλπιζόντων

272 2285 371 2337 ἐπ’
400 2287 617 2341 αὐτόν.
655 2287 1161 2360 Ἐπαγγελλόμενος
1205 2292 1316 2363 γὰρ
1359 2292 1601 2363 βοηθεῖν,
1640 2297 1704 2350 οὐ
1730 2297 1868 2366 ψεύ-

270 2377 454 2432 δεταί.

347 2464 485 2523 Ὅτι
539 2473 630 2538 τίς
686 2473 830 2539 Θεὸς
892 2475 1082 2543 παρὲκ
1138 2475 1245 2531 τοῦ
1296 2476 1579 2545 Kvpl'ov;
1630 2479 1703 2532 Τὸ
1751 2480 1864 2543 ὅτι,

272 2561 560 2631 παρέλκον
582 2565 844 2621 ἐνταῦθα.
880 2569 950 2620 Ἣ
990 2570 1113 2623 ἀντὶ
1136 2570 1253 2636 τοῦ,
1280 2571 1502 2643 Ἐπειδὴ
1556 2574 1642 2637 τίς
1704 2575 1865 2639 ἄλλος

274 2652 439 2722 φύσει
470 2657 603 2721 Θεὸς
636 2660 815 2731 παρὲκ
851 2661 945 2715 τοῦ
980 2662 1188 2732 Κυρίου
1218 2680 1233 2729 ;
1281 2665 1553 2730 τουτέστι,
1598 2667 1695 2720 τοῦ
1748 2668 1863 2721 Πα-

272 2746 435 2815 τρός.

354 2838 450 2904 Τίς
482 2840 627 2907 Θεὸς
666 2843 837 2911 πλὴν
862 2845 970 2899 τοῦ
1003 2847 1154 2902 Θεοῦ
1182 2847 1354 2917 ἡμῶν
1376 2849 1562 2914 ;’Θεὸν
1626 2852 1864 2907 ἐνταῦθα

268 2928 371 2980 τὸν
405 2929 535 2983 Υῐὸν
558 2932 813 2987 ἐκάλεσεο
855 2935 1058 3005 Ἠμῶν
1096 2938 1154 2991 δὲ
1182 2939 1376 3006 εἰπὼν,
1398 2944 1696 3011 συνέταξεν
1728 2947 1861 3014 ἡμῖν

272 3025 478 3079 tatath
503 3029 617 3090 τοῖς
673 3032 907 3094 πιστοῖς,
943 3026 1034 3083 οἷα
1078 3037 1351 3105 προγνοὺς
1379 3036 1442 3089 τὺ
1475 3038 1696 3101 εὐτελὲς
1759 3041 1861 3109 τῆς

274 3116 340 3167 πε
351 3134 542 3181 πτεως.

350 3211 499 3297 Sed;
543 3215 577 3265 ό
614 3213 889 3282 περιζωνι
907 3217 1028 3270 titur
1073 3219 1451 3291 μεδύναμιν.
1506 3222 1680 3277 Τοῦτο
1732 3228 1861 3297 περὶ

1972 2103 2342 2157 examinatum
2366 2103 2435 2160 ⁸⁸.

2041 2198 2323 2250 Proteclor
2356 2205 2436 2249 est
2466 2197 2701 2250 omnium
2723 2197 3053 2266 sperantium
3083 2197 3135 2250 in
3163 2212 3236 2249 se.
3265 2194 3403 2247 Cum
3431 2192 3553 2262 pol-

1971 2288 2160 2342 licitns
2192 2289 2268 2342 sit
2301 2304 2361 2342 se
2393 2287 2666 2342 auxilium
2698 2296 3115 2359 praestaturum,
3150 2286 3375 2340 minime
3399 2299 3553 2337 men-

1968 2383 2156 2435 lielur.
2264 2375 2323 2387 “”
2350 2373 2363 2380 ⁸

2039 2471 2209 2527 Vens.
2244 2470 2334 2526 52.
2383 2464 2644 2536 Quoniam
2682 2469 2977 2541 quis'Deus
3000 2479 3191 2539 pra'ter
3224 2464 3552 2522 Dominum?

1970 2564 2172 2629 Dictin,
2208 2564 2314 2629 ὅτι,
2359 2565 2601 2618 abundat
2625 2564 2727 2618 hnc
2761 2563 2815 2617 in
2851 2563 2989 2617 loco.
3042 2563 3137 2618 Vel
3182 2577 3381 2618 sensus
3421 2568 3542 2614 est:

1966 2658 2240 2723 Quoniam
2274 2658 2398 2727 quis
2441 2657 2583 2711 alius
2621 2664 2817 2711 natura
2863 2656 2981 2727 ipsa
3016 2656 3159 2710 Deus
3193 2663 3300 2721 est,
3347 2661 3547 2723 prater

1964 2748 2295 2803 Dominum?
2323 2748 2429 2803 hoc
2469 2759 2578 2814 est,
2616 2755 2768 2803 extra
2808 2747 2975 2803 Deum
3005 2745 3250 2802 Patrem.

2039 2840 2140 2892 Aul
2171 2839 2288 2909 quis
2318 2839 2461 2893 Deus
2492 2849 2690 2909 prater
2724 2838 2892 2893 Deum
2926 2847 3166 2892 nostrum
3187 2836 3404 2892 ?Deum
3445 2837 3551 2890 hoc

1967 2931 2172 2985 inloco
2226 2928 2427 2985 Filium
2480 2930 2797 3000 appellavit.
2836 2928 3003 2982 Deum
3071 2939 3252 2984 autem
3311 2938 3561 2982 nostrum

1966 3024 2157 3079 dicens
2191 3024 2490 3094 Pmpbeta,
2523 3024 2773 3094 seipsum
2809 3024 2975 3080 nobis
3002 3023 3260 3078 ﬁdelibus
3312 3020 3551 3091 conjun-

1967 3115 2065 3179 xit,
2085 3115 2275 3170 animo
2303 3115 2653 3185 prospiciens
2677 3114 2804 3170 lidei
2832 3116 3271 3186 simplicitatem.

2040 3208 2205 3264 Vens.
2248 3209 2341 3262 55.
2382 3207 2523 3262 Deus
2546 3209 2638 3279 qui
2671 3209 2954 3277 praecinxit
2985 3225 3066 3264 me
3114 3208 3372 3279 potentia.
3432 3206 3554 3261 Hoc

2264 2375 2323 2387 .-

267 3302 372 3354 τοῦ
412 3294 569 3371 ἁγίου
593 3305 931 3377 Πνεῦματος.
980 3310 1040 3363 Ei
1075 3310 1131 3363 δὲ
1166 3314 1261 3366 καὶ
1287 3314 1418 3377 τοὺς
1457 3317 1607 3384 τρεῖς
1641 3294 1857 3387 στίχονς

1982 3300 2033 3353 le
2064 3301 2275 3370 Spiritu
2309 3311 2504 3355 sancto
2541 3301 2749 3355 dictum
2782 3310 2892 3357 est.
2925 3300 3084 3367 Quod
3116 3300 3162 3356 si
3222 3301 3349 3369 quis
3377 3300 3555 3352 etiam

272 3397 344 3449 ἐκ
396 3399 746 3470 παραλλήλου
791 3402 855 3455 τδ
885 3403 1019 3456 αὐτὸ
1046 3405 1214 3476 φήσει
1252 3423 1336 3470 τις
1383 3409 1735 3479 ἑρμηνεύειν,
1772 3413 1863 3464 οὐ·

263 3490 371 3543 δὲν
423 3492 653 3556 ἀπεικός
674 3511 689 3526 ⁸
726 3496 1113 3567 περιζωννύων
1161 3497 1219 3551 δέ
1251 3517 1320 3570 με
1348 3501 1585 3573 δύναμιν
1614 3505 1673 3555 ὲν
1701 3505 1861 3557 πολέσι

270 3601 429 3653 μοις.

342 3695 453 3749 Kal
477 3697 642 3752 ἔθετο
666 3698 911 3768 ἄμωμον
937 3702 1049 3770 τὴν
1073 3703 1220 3758 ὁδον
1243 3722 1383 3773 μου.
1418 3706 1519 3757 Διά
1551 3705 1662 3758 τῶν
1693 3706 1846 3758 ιντο-

265 3785 387 3835 λῶν
413 3787 710 3858 ἑρύϐμισεν
739 3792 840 3861 τὴν
871 3794 1016 3847 κατὰ
1050 3794 1140 3847 τὸν
1172 3795 1289 3863 βίον
1341 3797 1693 3868 ἀναστροφὴν
1730 3816 1854 3868 μου.

269 3874 347 3930 Ἦ
386 3881 637 3949 καὶπερὶ
670 3883 765 3936 τοῦ
796 3885 1052 3955 Σωτῆρος
1102 3890 1132 3940 ὁ
1178 3888 1360 3959 λόγος,
1414 3890 1697 3962 προσώπῳ
1756 3888 1857 3962 τῆς

275 3970 643 4041 Ἐκκλησίαᾳ
687 3977 801 4028 τῶν
844 3980 1078 4043 πιστῶν,
1125 3981 1212 4035 ὅτι
1258 3980 1567 4053 ὶξωμάλισέ
1617 4001 1711 4055 μοι
1756 3985 1856 4057 τὴν

258 4061 391 4121 ὁδιὸν
415 4064 504 4118 διὰ
528 4067 629 4138 τῆς
662 4069 868 4125 ἑαυτοῦ
896 4073 1146 4144 πορείας,
1182 4075 1280 4129 καὶ
1300 4074 1537 4148 ἄμωμον
1576 4077 1853 4151 ἀπειργά-

260 4171 423 4209 σατο.

338 4272 839 4344 Καταρτιζόμενος
861 4279 1004 4344 τοὺς
1038 4281 1231 4350 πόδας
1249 4302 1392 4355 μου,
1417 4260 1562 4343 ὡὰεὶ
1589 4289 1850 4360 ἐλάφου.

270 4356 667 4431 Ἐντρεπξζων,
692 4365 914 4424 τελειῶν
947 4372 1028 4435 εἰς
1059 4374 1260 4447 δρόμον
1281 4377 1340 4430 ἐν
1369 4376 1548 4448 καιρῷ
1581 4356 1781 4454 φυγῆς.

341 4562 453 4658 (fa!
480 4565 578 4619 ἐπὶ
610 4569 682 4622 τὰ
706 4572 922 4638 ὑψηλὰ
970 4575 1166 4629 ἱστῶν
1179 4594 1278 4646 με.
1342 4581 1454 4637 Καὶ
1485 4585 1570 4647 εις
1609 4586 1679 4639 τὰ
1748 4586 1851 4658 δρη

1964 3394 2066 3447 bos
2102 3402 2214 3447 tres
2239 3394 2547 3448 versiculos
2574 3392 2719 3446 idem
2747 3389 3067 3460 signiﬁcare
3096 3391 3322 3454 dixerit,
3377 3389 3555 3445 οἰκος

1962 3502 2092 3540 num
2124 3500 2234 3540 non
2264 3484 2392 3540 erit.
2440 3484 2739 3540 Praecinxit
2786 3493 2970 3537 autem
3036 3497 3121 3537 me
3166 3481 3434 3551 potentia,
3487 3483 3559 3533 in»

1962 3579 2106 3633 bello
2125 3576 2358 3633 scilicet.

2036 3693 2103 3747 Et
2154 3694 2330 3764 posuit
2382 3676 2893 3765 irreprehensibilem
2956 3689 3097 3745 viam
3151 3706 3343 3744 meam.
3400 3685 3543 3741 Vitae

1962 3800 2095 3840 meae
2134 3786 2621 3841 conversationem
2658 3784 2978 3854 composuit
3007 3797 3069 3836 ac
3097 3781 3301 3836 direxit
3352 3777 3541 3831 Domi-

1961 3893 2064 3933 nus
2119 3879 2394 3933 mandatis
2447 3878 2587 3934 suis.
2608 3877 2707 3932 Vel
2765 3876 2834 3932 de
2875 3876 3169 3930 Salvatore
3217 3881 3304 3927 est
3355 3885 3540 3927 sermo

1958 3986 2024 4026 ex
2065 3986 2299 4042 persona
2330 3970 2592 4027 Ecclesiae
2622 3969 2864 4024 ﬁdelium
2894 3968 3157 4023 dicentis:
3198 3963 3542 4019 Salvatorcm

1960 4062 2246 4132 gressibus
2280 4062 2399 4118 suis
2434 4063 2579 4116 viam
2603 4062 2653 4116 ci
2681 4060 3014 4131 explanasse
3068 4068 3236 4128 atque
3293 4054 3540 4124 irreprc-

1957 4152 2286 4209 hensibilem
2322 4152 2648 4210 reddidisse.

2029 4267 2196 4324 Vens.
2244 4269 2333 4324 54.
2364 4268 2470 4335 Qui
2502 4267 2722 4339 perfecit
2775 4267 2930 4338 pedes
2988 4283 3128 4321 nteos
3184 4263 3340 4331 quasi
3381 4264 3538 4317 cervi.

1957 4358 2207 4429 Perﬁcit,
2248 4361 2353 4416 hoc
2381 4369 2467 4418 est
2503 4370 2779 4432 praparat
2820 4360 2903 4414 vel
2965 4357 3240 4430 perfectos
3299 4356 3430 4410 facit
3471 4352 3538 4408 ad

1958 4470 2209 4522 Cursum,
2252 4455 2309 4510 in
2339 4465 2590 4526 tempore
2637 4453 2853 4508 scilicet
2880 4451 3044 4524 fugat.

2034 4571 2102 4627 Et
2132 4588 2288 4641 super
2316 4571 2526 4627 excelsa
2550 4571 2741 4627 statuit
2766 4586 2870 4624 me.
2900 4567 3005 4635 Qui
3034 4568 3089 4623 in
3117 4566 3402 4623 montibus
3419 4579 3541 4619 ser-

255 4654 460 4747 σίξιζων
482 4674 572 4725 με,
608 4662 704 4713 καὶ
727 4664 917 4731 ἱστῶν,
951 4665 1047 4720 καὶ⁵
1081 4668 1272 4724 παύων
1301 4674 1393 4727 τὸν
1424 4674 1651 4747 δρόμον,
1678 4654 1850 4747 δίκην

1982 4675 2048 4721 ποι
2078 4680 2187 4728 me,
2219 4673 2389 4733 atque
2427 4664 2541 4719 illic
2565 4663 2776 4719 "sistere
2794 4662 2947 4726 lacit,
2965 4670 3021 4715 et
3047 4676 3267 4716 cessare
3291 4676 3323 4713 a
3350 4673 3540 4722 cursu,

252 4744 380 4797 τῶν
426 4749 750 4815 φευγουσῶν
772 4752 1010 4822 ἐλάφων,
1052 4758 1159 4812 καὶ·
1183 4744 1596 4816 ἀναϐαινονσῶν
1647 4767 1730 4827 εἰς
1774 4744 1844 4820 τὰ

251 4837 393 4905 ὅρη,
451 4841 545 4893 καὶ
580 4844 648 4913 τῇ
696 4844 993 4920 ἀπαλλαγῇ
1035 4848 1131 4902 τοῦ
1189 4851 1346 4917 δέους
1405 4855 1718 4925 ἱσταμένων
1750 4857 1846 4910 καὶ

253 4930 676 4991 ἀναπνεουσῶν.
714 4937 786 4990 Ἦ
816 4938 911 4992 καὶ
941 4941 1356 5010 δρομικώτατὼ
1391 4963 1459 5016 με
1487 4948 1684 5012 ποιῶν,
1702 4947 1847 5003 ὥστε

257 5023 467 5087 φυγεῖν
489 5025 614 5088 τοὺς
648 5028 797 5081 ἑλεῖν
849 5029 1151 5103 ζητοῦντας
1198 5035 1491 5105 δαίμονας,
1526 5040 1624 5094 καὶ
1663 5041 1757 5095 ἐπὶ
1788 5042 1852 5096 τὸ

258 5111 404 5181 ὕψος
436 5114 546 5169 τῶν
573 5117 791 5188 ἀρετῶν
826 5122 1072 5192 ἀνάγων.
1672 5136 1675 5141 ‘

334 5226 650 5317 Διδάσκων
674 5232 888 5305 χεῖράς
911 5254 1032 5306 μου
1057 5241 1145 5305 εἰς
1172 5241 1465 5310 πόλεμον.
1522 5244 1697 5308 Αὐτός
1760 5263 1851 5317 μοι

250 5316 366 5372 καὶ
394 5319 495 5390 τὴν
505 5320 720 5377 σύνεσιν
732 5325 833 5397 τῆς
855 5327 1157 5400 πολεμικῆς
1178 5332 1474 5402 ἐμπειρίας
1498 5316 1767 5401 δέδωκεν,
1788 5338 1849 5390 οὐ

251 5412 434 5495 privati
459 5414 559 5485 τῆς
617 5418 763 5472 κατὰ
790 5419 903 5473 τῶν
929 5420 1230 5492 ὁρωμένων
1275 5425 1517 5495 ἐχθρῶν,
1576 5428 1715 5482 ἀλλὰ
1754 5432 1851 5484 καὶ

245 5506 367 5574 τῆς
400 5509 544 5561 κατὰ
570 5508 680 5562 τῶν
708 5511 980 5583 δαιμόνων
1001 5528 1016 5542 °
1043 5516 1121 5579 ὡς
1154 5514 1214 5569 εὖ
1245 5518 1364 5586 μὲν,
1401 5518 1493 5571 τὸν
1521 5519 1717 5587 θυρεὸν
1750 5524 1849 5588 τῆς

246 5598 505 5666 πίστεως
522 5618 537 5633 ’
565 5603 626 5657 εὖ
648 5604 728 5669 δὲ,
746 5607 847 5677 τὴν
883 5607 1165 5679 μάχαιραν
1182 5609 1278 5662 τοῦ
1330 5611 1649 5683 Πνεῦματος
1674 5632 1847 5686 μετα-

239 5692 630 5765 χειρίζεσθαι,
663 5699 760 5752 καὶ
788 5700 878 5755 διὰ
902 5700 1015 5755 τῶν
1036 5703 1360 5771 πρακτικῶν
1391 5705 1625 5776 ἀρετῶν,
1659 5708 1717 5762 αἳ
1745 5709 1844 5779 δην

239 5783 591 5842 mamma:
608 5789 717 5844 τῶν
747 5793 974 5865 χειρῶν,
1011 5793 1419 5864 καταπολεμεῖν
1459 5798 1677 5864 αὐτούς.
1743 5802 1845 5874 Εἴη

363 5960 413 5995 ⁸⁸
460 5961 599 6024 Padi.
661 5985 731 6031 SI,
772 5970 823 6024 7.

1954 4773 2107 4813 more
2139 4757 2469 4828 fugientium
2492 4770 2788 4813 cervorum
2813 4773 2827 4809 :
2861 4754 2958 4825 qui
2982 4754 3321 4811 ubi-montes
3344 4765 3543 4807 ascen-

1954 4853 2156 4907 derunt
2178 4860 2233 4907 et
2253 4850 2470 4909 liberati
2495 4859 2625 4906 sunt
2648 4865 2680 4905 a
2698 4849 2921 4914 timore,
2940 4848 3251 4911 consistere
3272 4844 3545 4913 incipiunt

1954 4956 2011 5000 et
2068 4944 2380 5016 respirare;
2417 4943 2503 5000 vel
2541 4942 2647 5010 Qui
2699 4958 2787 4999 me
2831 4957 3003 4998 cursu
3065 4939 3540 5012 promptissimum

1956 5036 2109 5104 fecit,
2132 5036 2209 5092 ita
2235 5046 2298 5092 ut
2327 5036 2717 5106 perquirentes
2764 5050 2853 5091 me
2888 5035 3175 5090 daemones
3201 5031 3541 5102 effugerent;

1960 5131 2105 5186 unde
2127 5138 2181 5186 et
2200 5129 2267 5185 ad
2300 5129 2570 5185 virtutum
2594 5128 2815 5184 culmen
2852 5143 2941 5183 me
2972 5125 3238 5197 pervexit.

2026 5244 2190 5300 Vens.
2221 5244 2312 5300 55.
2341 5243 2448 5310 Qui
2478 5243 2629 5299 docet
2694 5259 2884 5297 manus
2947 5256 3089 5294 meas
3143 5238 3213 5291 ad
3268 5234 3545 5304 praelium.

1951 5336 2351 5408 Hic'prxterea.
2380 5335 2584 5391 bellicae
2609 5335 2744 5389 artis
2775 5333 3025 5403 peritiam
3072 5344 3160 5383 me
3199 5327 3408 5388 docuit,
3435 5323 3533 5380 sed

1954 5431 2032 5486 ita
2072 5439 2132 5484 ut
2157 5443 2266 5484 non
2299 5437 2514 5485 tantum
2546 5428 2815 5483 adversus
2836 5424 3082 5479 visibiles
3119 5420 3533 5483 hostes,‘etiam

1953 5520 2218 5575 adversus
2251 5517 2557 5574 invisibiles
2580 5516 2929 5572 contendere
2974 5514 3208 5578 valeam,
3244 5521 3409 5568 scuto
3444 5511 3534 5565 ni-

1960 5614 2161 5667 mirum
2206 5610 2328 5666 lidei
2373 5618 2623 5664 armatus
2668 5618 2724 5664 et
2757 5607 2939 5677 gladio
2985 5601 3536 5676 spiritus:quinimo

1955 5721 2061 5762 non
2099 5713 2313 5760 tantum
2339 5702 2600 5759 cumillis
2626 5701 2987 5767 contendere,
3038 5700 3137 5756 sed
3191 5698 3327 5769 ipsis
3360 5698 3537 5752 mani-

1955 5799 2082 5865 bus,
2117 5798 2221 5853 hoc
2246 5803 2330 5854 est
2364 5795 2664 5852 virtutibus
2704 5794 2815 5852 illis
2846 5810 2968 5867 quae
2992 5793 3066 5851 ad
3094 5793 3342 5851 actiones
3374 5789 3539 5863 perti-
