3916 6608
400 458 513 526 247

1619 467 2009 531 ΕΙΓΙἮΥΜΙΙ
2046 468 2416 536 ZIGABENI

3556 469 3670 535 248

390 576 641 647 quioimo
668 593 791 635 cum
818 576 1141 636 inobediens
1164 596 1215 639 et
1244 582 1411 639 etiam
1431 581 1620 647 fuerit,
1651 592 1705 637 et
1748 588 1971 638 contra-

2112 584 2177 640 γὲν
2222 586 2428 654 αὐτῶν,
2473 588 2814 660 περιστρέψας
2865 588 3053 653 αὐτοῖς
3107 587 3201 642 τὸν
3249 586 3511 651 θάνατον,
3566 588 3670 642 καὶ

393 667 618 736 dixerit,
660 683 726 725 ac
759 669 978 726 tandem
1007 686 1134 727 eum
1174 660 1463 739 occiderit,
1492 672 1760 728 liberatus
1787 673 1856 727 ab
1888 674 1972 729 eis

2112 680 2346 749 ιναστὰς,
2377 682 2471 735 καὶ⁸
2497 680 2674 747 οὕτως
2688 680 2912 755 διαδρὰς
2932 682 3136 745 αὐτοὺς
3167 679 3671 754 κατασφαλισαμί-

391 758 566 818 l'uisse
589 762 811 832 dicitur,
844 771 900 819 et
928 774 1153 835 ereptus
1176 782 1239 822 ea
1290 768 1504 822 ratione
1535 781 1549 821 :
1583 767 1708 837 quia
1741 783 1769 822 a
1790 778 1966 824 morte

2112 788 2202 837 ους
2229 777 2323 828 τδν
2350 774 2522 845 τάφον
2549 792 2564 807 ’
2589 777 2671 841 είς
2690 777 2761 831 τὰ
2788 776 2918 847 ἔθνη
2940 775 2997 830 δὲ
3016 774 3361 839 ἐϐασίλευσε,
3380 773 3483 843 τὴν
3508 772 3671 829 ἑκοῦι

391 867 514 920 qum
572 852 679 908 illis
708 854 977 925 permissa
1008 855 1208 925 fuerat,
1244 859 1569 925 resurrexit,
1610 868 1773 929 atque
1806 875 1834 913 a
1866 874 1963 916 cu-

2070 880 2185 918 σιον
2220 867 2498 942 ὑποταγὴν
2518 870 2722 925 τούτων
2742 869 3052 940 δεξάμενος.

392 945 612 1001 ειοὼιιη
668 947 925 1004 manibus
981 951 1238 1021 sepulcro
1268 952 1650 1008 assistentium
1677 954 1894 1009 evasit:
1926 962 1981 1009 et
2020 970 2423 1030 consequenter
2456 979 2625 1035 super
2674 975 2865 1035 gentes
2932 962 3221 1034 regnavit:
3264 961 3672 1019 voluntariam-

392 1055 498 1111 que
520 1056 711 1097 eorum
745 1044 1147 1115 subiectionem
1183 1052 1452 1118 suscepit.

463 1131 639 1190 Vens.
672 1137 761 1192 45.
829 1135 1064 1207 Populus
1120 1157 1271 1210 quem
1315 1157 1420 1195 non
1473 1143 1714 1213 cognovi,
1768 1145 1978 1199 servivit

2148 1149 2308 1216 Λαὸς
2350 1150 2422 1204 δν
2450 1151 2563 1205 οὐκ
2621 1150 2837 1221 ἔγνων,
2889 1148 3229 1205 ἐδούλευσέ
3271 1166 3399 1221 μοι.
3446 1148 3597 1211 Aab;
3642 1148 3675 1203 6

391 1226 543 1280 mihi.
570 1227 819 1297 Populus
855 1233 1114 1287 nimirum
1149 1249 1212 1287 ex
1232 1234 1491 1305 gentibus
1522 1236 1617 1305 qui
1650 1235 1781 1290 mihi
1818 1244 1979 1291 antea

2112 1242 2138 1307 ξ
2184 1241 2354 1297 ἐθνῶν
2416 1242 2782 1314 ἁγνοούμενὸς
2831 1260 2923 1315 μοι
2980 1244 3132 1313 πρὶν,
3169 1242 3247 1304 ὡς
3302 1238 3522 1310 ἀγνοῶν
3561 1254 3674 1310 με’

392 1319 615 1389 ignotus
649 1328 771 1376 erat
814 1339 827 1378 ε
862 1323 1029 1378 veluti
1080 1325 1177 1395 qui
1228 1342 1314 1380 me
1342 1334 1501 1380 antea
1530 1327 1840 1397 ignorabat.
1873 1328 1980 1383 Co-

389 1427 655 1481 gnoscere
687 1416 829 1469 enim
862 1416 986 1472 illos
1030 1425 1246 1472 tantum
1306 1418 1511 1475 dieitur
1539 1420 1704 1487 Deus,
1735 1422 1827 1492 qui
1855 1439 1979 1477 eum

390 1517 753 1575 cognoscunt.

465 1600 533 1653 In
566 1600 814 1656 auditum
861 1604 1010 1657 auris
1045 1601 1272 1659 obedivit
1318 1605 1470 1659 mihi.
1508 1608 1624 1661 Hoc
1662 1615 1748 1663 est
1790 1609 1846 1663 in
1883 1624 1981 1663 au-

267 1756 278 1767 .
394 1692 511 1747 ditu
539 1695 694 1750 auris
720 1710 835 1751 suae
863 1711 1044 1752 meum
1083 1699 1328 1769 suscepit
1359 1698 1730 1770 Evangelium.
1806 1725 1812 1733 ι

471 1782 639 1842 Vnus.
702 1787 791 1843 46.
832 1786 965 1843 Filii
1022 1790 1188 1844 alieni
1220 1792 1431 1846 mentiti
1467 1803 1592 1847 sunt
1640 1793 1791 1848 mihi.
1828 1793 1984 1848 llunc

2080 1335 2340 1404 γινώσκει
2376 1335 2487 1407 γὰρ
2520 1337 2728 1408 Κύριος
2754 1336 2882 1401 τοὺς
2913 1335 3078 1391 αὑτὸν
3106 1334 3515 1405 γινώσκοντας.

2163 1600 2265 1665 είς
2315 1598 2516 1667 ἀκοὴν
2571 1598 2750 1653 ὠτίου
2800 1594 3119 1662 ὑπήκουσέ
3180 1614 3319 1665 μου.
3382 1595 3474 1648 Ἑν
3537 1595 3674 1666 ἀκοῇ

2091 1691 2256 1744 ὠτίου
2303 1690 2643 1763 παρεδέξατό
2672 1708 2774 1763 μου
2805 1691 2865 1745 τὸ
2899 1689 3253 1759 Εὐαγγέλιον.

2168 1786 2291 1841 Υιοί
2340 1787 2649 1855 ἀλλότριοι
2693 1786 3045 1855 ἐψεύσαντο
3075 1800 3197 1853 μοι.
3231 1780 3399 1835 Τουτὶ
3423 1780 3485 1834 τὸ
3508 1780 3681 1852 ῥητὸν

396 1877 736 1934 versiculum
770 1882 1046 1950 prolatum
1076 1897 1197 1937 esse
1215 1883 1577 1954 intelligimus
1598 1900 1663 1939 ex
1692 1885 1981 1956 Propheta!

2112 1881 2199 1935 ιπδ
2244 1878 2339 1934 τοῦ
2423 1881 2710 1952 Προφήτου
2761 1879 3053 1948 νοὴσομεν,
3113 1875 3539 1945 καθαπτομένου
3571 1872 3683 1927 τῶν

399 1983 636 2037 persona
697 1974 977 2042 carpentis
1032 1971 1255 2030 Iudaeos
1286 1991 1299 2028 :
1332 1977 1478 2046 quod
1525 1977 1758 2047 patrium
1811 1990 1987 2048 genus

396 2064 610 2118 mentiti
645 2065 757 2120 sint
787 2084 800 2119 :
834 2067 1039 2137 quippe
1085 2068 1179 2137 qui
1212 2069 1584 2125 inscriberent
1639 2070 1899 2126 habuisse
1930 2086 1989 2125 se

396 2167 654 2227 parentes
683 2159 959 2215 Abraham
985 2172 1039 2216 et
1064 2160 1256 2227 David,
1286 2169 1340 2217 et
1381 2170 1565 2217 tamen
1592 2162 1875 2218 contraria
1908 2161 1983 2216 illi

397 2251 584 2305 studia
642 2252 755 2306 siut
809 2252 1023 2309 sectati.
1070 2252 1137 2308 Et
1181 2253 1323 2309 ﬁlios
1355 2255 1575 2324 Quidcm
1603 2268 1701 2309 eos
1731 2254 1985 2324 appellat.

400 2360 525 2400 cum
570 2344 640 2401 ab
665 2344 785 2415 ipso
817 2344 1263 2402 descenderent:
1301 2345 1512 2402 alienos
1567 2361 1719 2410 vero,
1769 2354 1990 2417 propter

396 2452 610 2493 morum
646 2453 710 2493 ac
745 2438 1056 2494 studiorum
1085 2438 1631 2495 dissimilitudinem.

464 2527 603 2585 Filii
654 2531 819 2585 alieni
864 2532 1143 2587 inueterati
1196 2541 1340 2597 sunt,
1373 2541 1425 2588 et
1475 2534 1910 2588 claudicaverunt
1956 2551 1989 2586 ιι

393 2621 598 2675 semitis
651 2622 787 2676 suis.
820 2621 985 2678 Pauci
1028 2639 1091 2678 ac
1127 2624 1335 2680 nullius
1361 2625 1519 2694 pretii
1548 2625 1806 2679 a‘stitnali
1835 2635 1986 2686 sunt.

395 2722 561 2782 atque
596 2714 823 2768 inutiles
850 2713 1050 2780 eﬂecti,
1084 2731 1342 2770 vasorum
1372 2726 1615 2771 veterum
1648 2718 1842 2773 instar.
1878 2716 1991 2772 Hoc

398 2813 579 2860 autem
610 2805 829 2861 illorum
867 2808 1079 2863 scelere
1118 2808 1370 2863 eﬂ‘ectum
1400 2817 1505 2864 est.
1543 2810 1991 2865 Claudicaverunt

398 2894 570 2960 enim,
599 2895 705 2950 hoc
735 2903 847 2965 est,
902 2912 1159 2965 perverse
1210 2900 1393 2954 aversi
1426 2912 1553 2955 sunt
1581 2916 1612 2955 a
1647 2902 1731 2955 via
1767 2901 1992 2955 manda-

395 2996 577 3042 torum
601 2986 717 3053 Dei.
761 3004 868 3059 qua
898 2989 1260 3061 gradiendum
1292 2992 1373 3047 eis
1413 3008 1539 3048 esse
1568 2992 1827 3050 Dominus
1850 3010 1990 3067 pra:-

398 3091 642 3149 ceperat.
701 3079 1036 3137 Claudorum
1090 3082 1237 3137 enim
1304 3099 1530 3155 gressus
1581 3085 1789 3158 obliqui
1862 3099 1991 3143 sunt

398 3169 471 3226 ob
509 3172 893 3244 campaginum
926 3174 1328 3244 obliquitatem.

2103 1973 2379 2028 Ἰουδαίων
2412 1974 2474 2026 τὸ
2515 1973 2694 2041 γένος.
2737 1971 3168 2041 Ἑπιγράιροντες
3201 1970 3311 2038 γὰρ
3340 1967 3563 2029 ἑαυτοῖς
3588 1965 3681 2019 τὸν

2092 2068 2306 2139 πατέρα
2332 2068 2423 2122 τὸν
2461 2067 2733 2138 ’Δὸραὰμ,
2763 2064 2859 2120 καὶ
2880 2065 2971 2118 τὸν
2996 2061 3182 2124 Δασὶδ,
3202 2060 3425 2115 ἐναντία
3452 2056 3673 2120 τούτοις

2091 2164 2441 2234 ἐπετήδευον.
2472 2163 2583 2218 Καὶ
2630 2161 2782 2224 υἱοὺς
2812 2159 2913 2230 μὲν
2961 2155 3159 2220 αὐτοὺς
3190 2154 3361 2224 λέγει,
3394 2153 3484 2207 διὰ
3526 2152 3595 2205 τὸ
3622 2150 3681 2215 ἐξ

2090 2257 2258 2312 αὑτοῦ
2286 2255 2626 2323 κατάγεσθαι
2652 2269 2666 2282 ⁸
2695 2250 3013 2319 ἀλλοτρίους
3043 2248 3123 2314 δὲ,
3154 2246 3242 2302 διὰ
3272 2246 3373 2316 τὴν
3416 2244 3527 2298 τῶν
3562 2243 3681 2312 τρόο

2091 2370 2211 2406 πων
2241 2352 2622 2422 ἀνομοιότητα.

2170 2534 2290 2589 Υιοί
2341 2533 2646 2600 ἀλλότριοι
2675 2526 3166 2592 ἐπαλαιώθησαν,
3206 2520 3307 2576 καί
3359 2518 3679 2589 exsistam

2091 2627 2210 2683 ἀπὸ
2260 2624 2381 2680 τῶν
2433 2623 2649 2693 τρίϐων
2694 2619 2916 2677 αὐτῶν.
2964 2614 3370 2686 Ἦτιμώθησσν,
3412 2610 3677 2679 ἄχρηστοι

2092 2721 2376 2791 γεγόνασι,
2445 2718 2602 2791 δίκην
2645 2714 2856 2769 σκευῶν
2910 2708 3408 2779 πεπαλαιωμένων,
3450 2704 3545 2758 διὰ
3579 2701 3676 2764 τὰς

2093 2816 2360 2885 πονηρίας
2417 2810 2617 2865 αὐτῶν.
2697 2807 3041 2878 ἐχὼλιιναν
3085 2803 3161 2866 δὲ,
3208 2798 3515 2859 mussans,
3566 2794 3677 2861 ἡτι-

2094 2907 2359 2979 μὼθησαν
2400 2907 2492 2957 καὶ
2540 2901 2978 2974 παρετράπησαν
3038 2896 3145 2950 ἀπὸ
3178 2893 3276 2965 τῆς
3317 2891 3406 2946 διὰ
3446 2889 3563 2942 τῶν
3600 2886 3677 2979 iu-

2091 2978 2264 3055 τολῶν
2304 2997 2619 3069 ὁρισθείσης
2684 2993 2867 3058 αὐτοῖς
2916 2988 3059 3044 ὁδοῦ.
3109 2987 3216 3041 Τοῦ
3270 2980 3451 3056 χωλοῦ
3483 2982 3595 3049 γὰρ
3642 2978 3676 3044 ἡ

2093 3094 2313 3167 πορεία,
2355 3084 2888 3161 παρατετραμμένη,
2916 3082 3007 3141 διὰ
3037 3081 3139 3154 τὴν
3168 3074 3542 3149 παρατροπὴν
3570 3070 3675 3125 τῶν

2094 3189 2163 3258 ἀρ
2172 3185 2397 3256 μονιῶν.

471 3266 640 3321 Vsus.
672 3268 761 3325 £7.
813 3267 946 3325 Vivit
984 3268 1265 3328 Dominus.
1303 3272 1429 3328 llaec
1465 3284 1550 3330 est
1587 3276 1869 3345 prophetia
1920 3276 1985 3332 de

2163 3278 2251 3347 Ζῇ
2297 3278 2535 3344 Κύριος.
2591 3270 2766 3326 Τοῦτο
2793 3268 3049 3340 περὶτῆς
3094 3262 3450 3322 ἀναστάσεως
3487 3261 3517 3311 ὁ
3570 3258 3672 3309 Δα-

398 3360 806 3416 resurrectionc
834 3360 1070 3428 Domini,
1097 3379 1261 3434 quam
1293 3365 1549 3435 praedixit
1580 3369 1775 3424 beatus
1814 3368 1983 3425 David

402 3450 472 3507 ad
506 3451 821 3510 Judteorum
854 3455 1071 3510 illorum
1105 3457 1554 3525 instructionem,
1582 3461 1674 3531 qui
1700 3461 1984 3517 Christum

403 3556 683 3603 mortuum
704 3548 885 3604 adhuc
907 3565 1030 3606 esse
1065 3550 1390 3617 credebant,
1415 3552 1663 3609 clamans
1697 3555 1990 3611 Dominum

398 3640 613 3709 vivere,
644 3656 712 3697 eo
739 3641 887 3711 quod
915 3644 1246 3698 resurrexit.

481 3732 548 3787 Et
574 3734 877 3789 benedictus
909 3733 1069 3790 Deus.
1100 3734 1307 3807 Dignus
1332 3744 1419 3793 est
1445 3735 1715 3808 siquidem
1746 3739 1995 3798 benedici

400 3836 456 3881 et
487 3824 725 3881 laudari.

476 3916 545 3973 Et
574 3919 839 3974 exaltetur
866 3920 1007 3975 Deus
1037 3920 1231 3975 salutis
1262 3938 1411 3978 metu.
1442 3921 1707 3980 Oratione
1735 3940 1801 3980 ac
1848 3926 1993 3982 votis

405 4013 524 4068 suis
553 4011 826 4083 Propheta
888 4013 1172 4070 Christum
1228 4013 1297 4070 ad
1327 4016 1724 4073 Ascensionem
1785 4021 1997 4075 accele-

406 4105 1112 4170 rat,utParacletumad
1168 4108 1452 4178 apostolos
1503 4112 1740 4175 mittat,
1792 4114 1882 4183 qui
1938 4112 1993 4166 in

404 4197 684 4268 Evangelii
716 4196 1167 4267 praedicationem
1204 4200 1335 4255 ituri
1373 4210 1554 4259 erant.
1601 4203 1802 4259 Verum
1858 4204 1993 4259 olim

403 4288 602 4355 Filius,
635 4287 935 4346 creationis
974 4287 1138 4356 Deus,
1165 4306 1310 4347 nunc
1339 4301 1523 4348 autem
1557 4303 1609 4351 et
1635 4294 1993 4352 reformatio-

405 4381 494 4438 nis
529 4381 683 4439 Deus'
703 4392 807 4448 est,
837 4382 889 4438 id
914 4391 1019 4447 est,
1053 4383 1267 4441 salutis.
1307 4384 1580 4457 Apposuit
1638 4388 1805 4443 etiam
1854 4387 1993 4443 Pro-

405 4473 569 4543 pheta
598 4486 901 4543 pronomen
931 4488 1061 4528 metu
1090 4514 1106 4540 ,
1135 4482 1195 4528 ut
1255 4474 1359 4531 sibi
1417 4475 1734 4530 communia
1791 4473 1996 4532 laceret

406 4582 526 4635 qua:
560 4574 749 4621 nostra
777 4573 929 4622 sunt.
961 4564 1262 4623 Possumus
1298 4577 1353 4623 et
1408 4567 1566 4623 aliter
1623 4583 1690 4623 es
1753 4582 1992 4639 persona

408 4656 696 4726 Propheta:
730 4655 1039 4727 intelligere
1094 4675 1108 4710 :
1182 4655 1324 4713 Viuit
1359 4657 1617 4715 Dominus
1646 4699 1662 4723 ,
1719 4661 1824 4715 hoc
1869 4668 1996 4723 est,

409 4752 780 4820 sempiternus
803 4758 909 4811 est.
930 4763 1032 4803 nec
1058 4748 1393 4821 principium
1421 4750 1650 4818 habens,
1686 4768 1785 4807 nec
1811 4754 1998 4819 tinem,

412 4842 511 4898 sed
540 4856 756 4912 semper
781 4840 1077 4898 essistens.
1107 4841 1392 4898 Admiscet
1463 4857 1703 4913 namque
1723 4843 1997 4912 Propheta

411 4947 794 5003 saepenumero
813 4932 1064 5002 dogmata
1086 4933 1434 4989 sermonibus
1460 4935 1577 4990 suis
1602 4935 1668 4988 ad
1693 4933 1990 5006 legentium

411 5024 728 5079 utilitatem.
754 5023 1068 5079 Benedictus
1091 5035 1273 5080 autem
1313 5035 1535 5096 propter
1563 5025 1652 5079 illa
1676 5025 1997 5081 admiranda

409 5133 531 5187 quae
561 5118 706 5171 fecit.
747 5115 1033 5171 Exattetur
1061 5130 1217 5183 vero,
1264 5114 1322 5171 id
1344 5124 1429 5173 est
1469 5131 1702 5189 magnus
1753 5130 1783 5170 a
1837 5116 1998 5172 nobis

410 5209 777 5264 existimetur.

487 5300 656 5356 Vens.
689 5302 779 5358 48.
820 5301 960 5358 Deus
986 5302 1079 5372 qui
1106 5302 1204 5356 dat
1228 5301 1490 5355 vindictas
1519 5299 1667 5367 mihi,
1691 5309 1741 5355 et
1770 5299 1996 5370 subjecit

414 5395 637 5464 populos
675 5396 770 5447 sub
826 5411 927 5450 me.
978 5393 1255 5447 Vindictas
1307 5389 1376 5445 de
1423 5390 1665 5447 inimicis
1716 5392 1995 5448 nimirum.

418 5487 657 5555 Populos
683 5493 865 5539 autem
894 5499 1034 5554 quos
1072 5480 1330 5551 subjecit,
1359 5480 1599 5551 intellige
1629 5479 1871 5548 Iudaeos,
1904 5484 1996 5554 qui

419 5580 584 5636 simul
608 5595 734 5635 cum
768 5579 934 5633 Saule
965 5577 1262 5633 adversum
1293 5574 1473 5644 ipsum
1505 5577 1824 5645 pugnabant
1850 5598 1861 5631 :
1904 5580 1997 5648 qui

424 5672 640 5729 tandem
672 5672 757 5728 vel
784 5669 941 5726 inviti
978 5669 1029 5725 ei
1073 5665 1487 5724 succubuerunt
1514 5673 1572 5721 ut
1603 5667 1742 5739 regi.
1771 5666 1925 5735 Quod
1952 5669 1997 5725 si

2093 3374 2178 3426 6“ιδ
2227 3368 2616 3442 προαναφωνεϊ
2692 3366 2807 3427 τοῖς
2883 3358 3338 3429 ὕπολαμσὰνουσι
3415 3349 3676 3405 τεθνάναι

2093 3467 2185 3531 τὸν
2243 3461 2483 3536 Χριστόν
2554 3456 2858 3521 Ἰουδαίοις,
2928 3452 3091 3526 βοῶν,
3146 3451 3229 3504 ὅτι
3297 3447 3366 3518 ζῇ
3396 3462 3412 3478 ο
3475 3443 3674 3511 ἀνέστη

2094 3559 2224 3630 γάρ.

2165 3732 2513 3802 Εὐλογητὸς
2575 3731 2609 3784 d
2648 3725 2812 3794 Θεὸς.
2858 3721 3044 3790 Ἄξιος
3088 3738 3113 3774 ε
3182 3716 3529 3795 εὐλογεῖσθαι
3588 3711 3678 3768 καὶ

2097 3824 2497 3896 εὐφημείσθαι.

2175 3915 2501 3986 ’Υψωθήτω
2526 3917 2560 3969 ό
2581 3912 2726 3979 Θεὸς
2752 3910 2864 3979 τῆς
2884 3908 3185 3977 σωτηρίας
3199 3923 3343 3975 μου.
3377 3899 3677 3958 Ἐπισπεῦ-

2095 4012 2174 4066 δει
2206 4008 2369 4064 αὑτὸν
2399 4008 2479 4070 είς
2531 4005 2633 4077 τὴν
2674 4003 2967 4073 ἀνάληψιν,
2992 4002 3141 4064 ὅπως
3171 3997 3452 4061 ἀπελθὼν,
3488 3991 3676 4064 πέμψῃ

2094 4107 2188 4158 τὸν
2212 4099 2574 4172 Παράκλητον
2601 4096 2712 4159 τοῖς
2744 4094 3090 4157 ἀποστόλοις,
3160 4091 3446 4159 μέλλουσιν
3475 4086 3679 4141 ὁδεύειν

2098 4195 2192 4247 ἐπὶ
2208 4193 2270 4245 τὸ
2304 4191 2573 4262 κήρυγμα
2603 4205 2617 4220 ο
2643 4188 2780 4242 ἀλλὰ
2812 4186 2983 4241 πάλαι
3035 4184 3133 4255 μὲν
3167 4181 3236 4255 ἦν
3285 4182 3314 4237 ὁ
3376 4180 3507 4240 Υἱὸς
3552 4175 3679 4238 Θεὸς

2098 4286 2356 4347 πλάσεως
2378 4303 2393 4318 ·
2419 4283 2515 4337 νῦν
2535 4283 2615 4349 δὲ,
2651 4282 2784 4345 Θεὸς
2808 4279 3192 4344 ἀναπλάσεως,
3227 4277 3347 4349 ἢτοι
3383 4270 3675 4344 σωτηρίας.

2099 4381 2211 4451 Τὴν
2222 4379 2277 4432 δὲ
2287 4376 2409 4449 μοῦ
2418 4354 2634 4430 ὶντωνυ
2643 4374 2772 4445 μίαν
2784 4371 3091 4442 προσέθηκε
3100 4364 3379 4432 ,κοινωνοῦ
3387 4381 3549 4435 μενος
3562 4363 3679 4415 ἐαυ-

2099 4472 2178 4543 τῷ
2194 4471 2263 4525 τὰ
2293 4468 2562 4541 ἡμέτερα.
2584 4467 2743 4521 Ἐστι
2768 4464 2824 4518 δὲ
2848 4465 2943 4519 καῖ⁵
2965 4460 3141 4525 ἄλλως
3159 4459 3301 4515 κατὰ
3335 4459 3438 4527 τὴν
3461 4455 3555 4510 τοῦ
3581 4457 3676 4508 Δα-

2101 4564 2190 4619 δὶδ
2222 4561 2483 4617 ὓπόθεσιν
2512 4560 2713 4622 εἰπεῖν,
2736 4558 2819 4611 ὅτι
2854 4553 2941 4623 Ζῆ
2977 4553 3216 4621 Κύριος,
3248 4549 3551 4611 τουτέστιν,
3594 4544 3677 4597 ἁτ-

2099 4655 2213 4720 διός
2251 4655 2424 4714 ἔστιν,
2454 4652 2591 4722 μήτε
2623 4648 2800 4720 ἀρχὴν
2851 4646 2988 4718 μήτε
3045 4642 3220 4716 πέρας
3255 4640 3420 4711 ἔχων,
3469 4637 3585 4691 ἀλλ’
3606 4633 3677 4688 ὣν

2098 4747 2189 4802 ἀεί
2209 4764 2226 4780 ο
2259 4743 2641 4816 παραμίγνυσι
2667 4741 2779 4811 γὰρ
2809 4738 2958 4793 ἔστιν
2987 4730 3048 4792 οὗ
3080 4736 3174 4790 καὶ
3213 4735 3394 4804 δόγμα
3430 4732 3549 4794 τοῖς
3602 4726 3678 4780 λό-

2096 4858 2216 4912 γοις
2250 4838 2279 4892 ὁ
2304 4835 2624 4908 Προφήτης,
2654 4830 2747 4887 διὰ
2772 4831 2871 4902 τὴν
2909 4830 3018 4884 τῶν
3065 4824 3508 4896 ἐντυγχανόντων
3542 4816 3677 4885 ὠφέ-

2103 4933 2275 4986 λειαν.
2367 4923 2719 4996 Εὐλογητὸς
2807 4921 2887 4988 δὲ,
2936 4921 3005 4976 δι’
3056 4918 3093 4974 ἃ
3159 4916 3421 4986 ἐποίησεν
3472 4912 3676 4983 θαύμα-

2109 5041 2219 5080 σια.
2293 5017 2607 5091 ’Υψωθήτω
2670 5014 2753 5081 δὲ,
2799 5015 2921 5074 ἀντὶ
2972 5011 3092 5077 τοῦ,
3136 5009 3315 5082 μέγας
3377 5003 3675 5075 λογισθήτω

2107 5118 2262 5189 ἡμῖν.

2188 5300 2245 5352 ’0
2279 5298 2424 5364 Θεὸς
2454 5299 2491 5352 ὁ
2515 5295 2715 5361 διδους
2755 5289 3097 5360 ἐκδικήσει(
3130 5287 3285 5358 ἐμοὶ,
3322 5284 3421 5340 καί
3459 5275 3674 5339 ὑποτὰ-

2109 5394 2221 5460 ξας
2249 5390 2440 5457 λαοὺς
2470 5390 2573 5445 ὑπ’
2603 5387 2727 5457 ἐμέ.
2771 5386 3111 5452 Ἕκδικήσεις
3131 5380 3275 5436 κατὰ
3308 5379 3418 5432 τῶν
3442 5374 3673 5450 ἐχθρῶν·

2109 5485 2384 5552 ὑποτάξας
2422 5484 2479 5536 δὲ
2523 5482 2652 5544 τοὺς
2718 5479 2807 5533 διὰ
2840 5478 2931 5531 τὸν
2962 5476 3138 5531 Σαοὺλ
3199 5468 3574 5541 πολεμοῦντάς
3616 5477 3677 5552 ut

2121 5550 2412 5637 Ἰουδαίους
2437 5570 2576 5643 (68),
2599 5566 2711 5623 οἷον
2740 5570 2836 5624 καὶ
2864 5568 3095 5629 ἄκοντες
3152 5561 3272 5629 νῦν,
3335 5560 3412 5622 ὡς
3478 5550 3676 5628 βασιλεῖ

2114 5686 2228 5739 μοι,
2270 5663 2583 5734 ὑπέκυψαν.
2627 5661 2751 5714 Ἐπὶ
2781 5659 2837 5713 δὲ
2865 5656 2961 5712 τοῦ
2997 5654 3241 5732 Χριστοῦ
3288 5648 3514 5723 νοήσεις
3545 5644 3676 5700 sxa:-

1762 5848 1962 5913 Variaa
1994 5849 2306 5914 lectiones

485 5956 597 6029 (68)
632 5957 705 6011 ῖσ.
740 5956 811 6010 οι.
