3916 6532
141 495 238 559 249

1318 489 1708 557 COMMENT.
1728 486 1814 548 IN
1837 487 2208 550 PSALMOS.

3263 483 3372 547 2.30

142 620 315 686 διήσεις
363 605 468 685 μὲν
519 613 656 668 κατὰ
709 614 819 667 τῶν
867 613 1162 684 Ἐϐραίων,
1207 611 1698 692 ἐξολοθρευθέντων

1842 629 1870 668 e
1895 611 2119 668 Christo
2151 610 2442 680 intelligas,
2475 624 2571 678 per
2596 608 2865 663 Vindictas
2885 623 2946 661 ea
2972 605 3234 671 intelligo,
3258 623 3380 674 qtae

144 708 236 764 ὕπδ
273 708 604 778 Ῥωμαίων·
667 706 949 778 ὑποταγὴν
994 705 1051 760 δὲ
1107 706 1274 772 λαῶν,
1329 707 1427 776 τὴν
1477 693 1586 759 τῶν
1639 701 1702 768 ἐξ

144 804 317 858 ὲθνῶν.

213 897 271 949 '0
291 895 526 962 ρὐτης
555 911 670 963 μου
733 893 802 958 ἐξ
849 891 1079 963 ἐχθρῶν
1112 910 1231 962 μου
1274 893 1546 961 ὀργίλων.
1598 888 1706 942 Εὕ-

145 987 378 1058 χαριστία
403 986 578 1039 ταῦτα
601 986 740 1056 πρὸς
773 987 908 1040 Θεὸν
943 985 1142 1050 πάντα,
1193 988 1274 1048 εἰς
1332 985 1546 1037 εὐθεῖαν
1603 983 1702 1053 μὲν

149 1077 739 1149 μετασχηματισθέντα,
778 1077 1048 1148 κλητικῆς
1097 1079 1152 1131 δὲ
1208 1077 1439 1146 δύναμιν
1487 1077 1699 1145 ἔχοντα.

156 1171 393 1240 Ἐχθροὺς
421 1169 478 1224 δὲ
507 1169 925 1241 ὀργίλους-λέγει
984 1171 1108 1232 τοὺς
1161 1171 1306 1239 ἀμφὶ
1350 1170 1442 1223 τὸν
1500 1168 1701 1232 Σαοὺλ,

150 1257 392 1324 μηδέποτε
421 1256 519 1326 τὴν
550 1257 719 1329 ὀργὴν
747 1259 1180 1322 ἀπολελοιπότας
1223 1259 1329 1324 ἕως
1377 1260 1656 1331 περίησαν
1686 1275 1702 1290 ·

147 1351 175 1417 ἢ
197 1351 309 1411 τοὺς
325 1348 604 1418 δαίμονας.

218 1465 340 1517 Ἀπὸ
394 1464 514 1518 τῶν
565 1465 1064 1536 ἐπανισταμένων
1117 1468 1212 1520 ἐπ’
1278 1467 1385 1536 ἐμὲ
1437 1466 1708 1536 edacem

145 1576 226 1628 με.
254 1560 312 1612 Ἃ
347 1559 633 1628 προλαϐὼν
665 1556 811 1625 εἷπε,
841 1560 1020 1614 ταῦτα
1065 1560 1230 1614 πάλιν
1291 1562 1446 1632 φησι,
1499 1560 1709 1632 χαίρων

151 1651 543 1704 ὲπανακυχλοῦν
573 1652 739 1717 αὐτὰ,
782 1655 958 1723 χαρᾶς
996 1653 1128 1707 ὅντα
1160 1653 1422 1725 πρόξενοι.

220 1829 350 1884 Ἀπὸ
370 1829 598 1898 ἀνδρὸς
635 1831 851 1886 ἀδίκου
889 1832 1075 1900 primu
1101 1849 1199 1900 με.
1241 1831 1307 1885 Εἴ
1340 1850 1483 1894 τινες
1511 1832 1712 1885 ἐπανα-

1800 705 2000 761 Judzeis
2033 703 2352 758 acciderunt
2381 718 2410 756 a
2437 701 2698 777 Romanis
2724 717 2739 756 :
2768 709 2820 753 et
2849 715 2942 768 per
2973 700 3378 765 subjectinnetn

1801 796 2150 870 populorum,
2180 793 2593 849 conversionem
2631 793 2876 861 gentium
2911 791 2978 845 ad
3028 792 3211 846 ﬁdem.

1871 890 2149 946 Liberator
2176 905 2318 943 meus
2349 887 2412 941 de
2433 887 2659 941 inimicis
2717 887 2843 940 meis
2899 885 3193 939 iracundis.
3259 883 3384 939 llaec

1803 984 1990 1038 Omnia
2023 983 2088 1037 ad
2126 979 2294 1036 Deum
2325 981 2471 1034 dicta
2505 987 2634 1034 sunt
2658 979 2709 1031 in
2736 980 3036 1048 gratiarum
3067 977 3336 1030 actionem
3365 992 3379 1029 :

1803 1093 1924 1146 quae
1956 1077 2081 1130 licet
2110 1090 2206 1144 per
2239 1080 2447 1128 rectum
2481 1072 2693 1141 prolata
2725 1071 2856 1131 sint,
2887 1073 2994 1123 vim
3047 1081 3225 1123 lumen
3281 1071 3382 1121 ha-

1804 1172 1933 1226 bent
1971 1167 2228 1223 vocativi.
2289 1166 2389 1221 Per
2421 1164 2669 1218 initnictis
2694 1173 2872 1216 autem
2904 1161 3218 1223 iracundos,
3249 1161 3385 1213 Sztn—

1806 1263 1910 1318 letn
1979 1257 2276 1329 intelligit,
2356 1255 2450 1324 qui
2504 1255 2640 1308 iram
2708 1269 2986 1322 nunquam
3059 1252 3385 1314 remittebat,

1804 1359 1979 1415 donec
2015 1361 2366 1426 superasset:
2406 1352 2492 1407 vel
2524 1351 2672 1420 ipsos
2697 1349 2991 1403 daenmnns.

1876 1473 2049 1527 Vens.
2080 1470 2170 1524 49.
2198 1468 2262 1523 Et
2286 1467 2350 1522 ab
2375 1465 2768 1536 insurgentibus
2796 1465 2850 1518 in
2883 1480 2963 1517 me
2989 1461 3254 1516 exultabis
3287 1477 3384 1514 me.

1811 1567 2011 1622 Eadem
2048 1563 2266 1631 repetit,
2301 1575 2421 1630 quae
2439 1559 2699 1628 superius
2727 1557 2886 1623 dixit,
2913 1555 3158 1627 gaudens
3187 1571 3246 1604 ea
3283 1569 3385 1608 szeo

1809 1664 1932 1733 pius
1955 1658 2235 1714 revolvere
2269 1662 2434 1722 atque
2471 1651 2832 1720 iugeminare,
2863 1663 2983 1718 qua:
3012 1647 3120 1701 sibi
3147 1645 3389 1698 laetitiam

1811 1755 2173 1809 adduxerant.

1881 1846 1923 1899 Α
1961 1844 2071 1898 uiro
2096 1840 2274 1911 iniquo
2321 1835 2508 1905 eripies
2536 1850 2636 1888 me.
2678 1831 2734 1886 Si
2765 1825 2931 1900 aliqnl
2970 1831 3024 1883 in
3061 1841 3145 1880 me
3199 1828 3392 1880 insur-

155 1922 420 1993 στήσονταὶ
489 1940 608 1994 μοι,
631 1924 775 1979 κατὰ
801 1925 928 1988 τοὺς
959 1923 1302 1994 θεράποντας
1364 1923 1459 1976 τοῦ
1509 1924 1708 1987 Σαοὺλ,

1843 1937 2074 1999 exerint,
2105 1944 2164 1988 ut
2195 1931 2325 1986 olim
2357 1926 2540 1984 Saulis
2579 1925 2782 1980 milites
2817 1937 2879 1978 ac
2939 1921 3071 1976 socii
3123 1919 3396 1983 fecerunt,

155 2013 397 2084 ἀνώτερον
426 2013 620 2083 θήσεις
649 2032 716 2085 με
737 2015 918 2069 αὐτῶν
943 2031 960 2048 ⁸
982 2016 1078 2069 καὶ
1106 2016 1158 2069 ετ
1179 2033 1263 2080 τις
1287 2015 1439 2069 ἔσται
1466 2015 1710 2085 μοικατᾶι

1842 2042 1871 2080 u
1903 2022 2242 2094 superiorem
2279 2034 2365 2073 me
2399 2016 2506 2071 illis
2540 2014 2712 2070 facies
2742 2031 2756 2066 :
2818 2021 2873 2067 et
2937 2010 2983 2067 si
3043 2010 3166 2079 quis
3223 2008 3399 2062 instar

156 2105 302 2159 Σαοὺλ
333 2106 533 2170 ἀδίκως
569 2106 944 2162 ὲπιὸουλεύων
997 2107 1075 2178 τῷ
1116 2106 1365 2171 σώζοντι,
1428 2107 1590 2179 ῥῦσαι
1643 2125 1710 2178 με

157 2201 235 2251 καὶ
267 2201 326 2253 ἐκ
357 2199 579 2255 τούτου.

212 2331 305 2386 Διὰ
349 2333 527 2390 τοῦτο
618 2334 1148 2407 ἐξομολογήσομαί
1201 2351 1303 2392 σοι
1363 2337 1435 2392 ἐν
1483 2337 1708 2404 ἔθνεσι,

158 2424 326 2492 Κύριε.
352 2425 495 2478 Διότι
535 2426 784 2491 τοιοῦτος
819 2423 889 2492 εἷ,
919 2426 1031 2482 οἷον
1047 2429 1180 2499 ἐμὸς
1211 2427 1483 2499 ὲξύμνησε
1527 2429 1708 2498 λόγος,

160 2517 510 2618 εὑὲαριστήσω
544 2535 632 2573 σοι
654 2520 711 2572 ἐν
748 2521 884 2574 πᾶσι
934 2524 1047 2586 τοῖς
1104 2522 1323 2576 ἔθνεσν
1377 2521 1473 2576 καὶ
1529 2523 1711 2593 μέντοι

159 2611 292 2661 τοῦτο
310 2611 581 2682 πεποέηκε
609 2612 702 2666 διὰ
733 2613 830 2684 τῆς
858 2613 1042 2683 βίϐλου
1076 2615 1186 2668 τῶν
1208 2615 1426 2668 οἰκείων
1441 2614 1709 2686 Ψαλμῶν,

162 2699 210 2750 ὲν
239 2701 360 2754 πᾶσι
386 2699 604 2755 ἔθνεσιν
628 2704 1140 2776 ἁναπτυσσομένης.

219 2813 313 2866 Καὶ
335 2815 412 2880 τῷ
441 2817 700 2885 ὀνόματί
725 2831 842 2872 σου
868 2815 1065 2885 ψαλῶ.
1084 2814 1297 2887 Δηλαδὴ
1322 2815 1427 2881 σοὶ,
1456 2815 1598 2870 κατὰ
1614 2815 1674 2870 τό
1697 2831 1714 2848 ⁸

167 2907 322 2962 Ψαλῶ
356 2925 450 2962 σοι
480 2911 558 2964 ἐν
586 2912 796 2979 κιθάρᾳ

219 2993 579 3064 Μεγαλύνων
611 2999 717 3066 τὰς
749 3000 1048 3067 σωτηρίας
1075 2998 1183 3053 τοῦ
1206 2998 1534 3066 βασιλέως.

1820 2116 2000 2171 Saulis
2033 2111 2293 2182 iniustus,
2328 2107 2560 2164 insidias
2591 2105 2722 2160 mihi
2753 2103 3052 2159 tetenderit
3081 2142 3096 2164 ,
3129 2111 3186 2154 tu
3231 2101 3397 2154 eti.un

1819 2209 1886 2263 ab
1914 2204 2226 2278 huiusmodi
2261 2201 2484 2256 homine
2530 2214 2618 2254 me
2647 2196 2874 2266 eripies.

1889 2323 2058 2378 Vsus.
2091 2321 2180 2377 50.
2223 2317 2506 2387 Propterea
2533 2313 2820 2381 conﬁtebor
2847 2311 2938 2363 tibi
2986 2309 3041 2362 in
3072 2306 3400 2361 nationibus.

1820 2416 2063 2472 Domine.
2097 2411 2364 2479 Quoniam
2401 2417 2457 2463 tu
2489 2406 2614 2462 talis
2647 2419 2731 2466 es,
2754 2403 2971 2471 qualem
3001 2413 3255 2455 scrumne
3277 2412 3402 2449 tneo

1819 2504 2088 2568 laudavi,
2133 2500 2339 2573 gratias
2369 2514 2526 2570 agam
2566 2496 2658 2551 tibi
2714 2494 2767 2547 in
2820 2491 3075 2548 omnibus
3124 2488 3401 2557 gentibus.

1820 2598 1977 2667 Quod
2007 2611 2141 2653 sane
2174 2595 2382 2664 optime
2415 2589 2668 2661 perfecit,
2705 2588 2812 2642 hoc
2838 2584 3176 2656 psalmorum
3211 2581 3350 2636 libro
3385 2618 3402 2644 .

1755 2716 1760 2720 σ
1822 2693 1916 2764 qui
1941 2693 1995 2748 in
2027 2687 2289 2747 omnibus
2319 2683 2574 2753 gentibus
2613 2680 2833 2750 legitur.

1897 2813 1965 2864 Et
1990 2807 2222 2877 psallam
2247 2801 2448 2858 nomini
2469 2811 2579 2853 tuo.
2608 2799 2722 2852 Hoc
2745 2805 2826 2852 est
2855 2793 2952 2849 tibi
2984 2811 2998 2848 :
3023 2793 3178 2863 juxta
3217 2788 3350 2843 illttd
3387 2805 3402 2842 :

1823 2901 2060 2959 Psallam
2086 2898 2181 2952 tibi
2212 2898 2263 2950 in
2285 2896 2491 2949 cithara
2524 2893 2593 2946 ⁵¹.

1894 2996 2064 3049 Vsus.
2092 2993 2181 3048 5i.
2217 2986 2571 3058 Magniﬁcam
2602 2983 2801 3038 salutes
2832 2978 2989 3050 regis.
3025 2973 3404 3050 [Suhaudien-

163 3080 269 3138 dum
295 3097 390 3151 est,
424 3101 457 3142 ο
487 3087 722 3146 Domine
754 3109 768 3147 :
803 3098 861 3146 ut
888 3092 959 3147 sit
990 3103 1225 3144 sensus:
1253 3087 1362 3156 Tu,
1395 3105 1429 3145 ο
1456 3089 1705 3158 Domine,
1745 3098 1975 3159 magnas
2009 3084 2145 3140 lacis
2179 3083 2386 3138 salutes
2436 3092 2613 3133 meas.
2647 3076 2752 3130 Per
2783 3088 2962 3144 regem
3019 3070 3163 3125 enim
3241 3068 3392 3136 seip-

166 3193 265 3230 snm
292 3170 570 3254 intelligit.
599 3181 616 3254 ]

232 3277 287 3331 '0
312 3280 495 3334 ποιῶν
523 3279 702 3348 ἕλεος
728 3280 810 3347 τῷ
834 3281 1059 3351 χριστῷ
1080 3281 1289 3336 αὑτοῦ.
1312 3279 1404 3352 Τῷ
1437 3279 1715 3352 χρισθέντι
1742 3281 1788 3341 C

168 3368 254 3420 ὕπδ
284 3372 529 3439 σεαυτοῦ,
561 3373 768 3445 δηλάδη
811 3375 1109 3447 προστάξει
1136 3391 1253 3428 σου.

226 3459 304 3526 Τῷ
325 3465 524 3528 Δαόὶδ,
545 3465 648 3520 καὶ
667 3465 748 3532 τῷ
777 3468 1074 3537 σπέρματι
1104 3469 1312 3538 αὐτοῦ,
1343 3467 1454 3534 ἕως
1477 3466 1716 3535 αἰῶνος.

169 3553 325 3606 Εἰπὼν
355 3555 607 3626 βασιλέα,
647 3555 769 3614 εἶτα
790 3559 1035 3631 χριστὸν,
1061 3560 1312 3632 ἐπήγαγε
1335 3561 1394 3615 τὸ
1421 3560 1614 3632 ὄνομα.
1645 3559 1720 3615 Τὸ

171 3644 253 3713 μὲν
273 3644 360 3702 οὖν
382 3649 573 3704 θεόθεν
603 3651 896 3718 ἐλεεῖσθαι,
933 3654 1316 3725 προσαρμόσει
1367 3656 1482 3716 τοῖς
1531 3655 1597 3707 ἐκ
1626 3652 1720 3721 γὲο

169 3753 273 3838 voti;
307 3741 396 3794 τοῦ
421 3743 594 3798 Δασὶδ
621 3743 1010 3813 βασιλεύσασιν
1060 3745 1339 3810 Ἰουδαίοις
1362 3762 1377 3779 ο
1407 3746 1468 3800 τὸ
1496 3747 1574 3809 δὲ,
1608 3745 1722 3812 ἕως

167 3829 374 3898 αἰῶνος,
405 3835 681 3890 ἀνοίκειόν
703 3838 842 3894 ἐστι.
875 3837 1032 3892 Μετὰ
1062 3837 1171 3908 γὰρ
1213 3837 1314 3909 τὴν
1343 3836 1723 3909 αἰχμαλωσίας

170 3921 418 3988 ἐπάνοδον,
453 3928 618 3995 μόνος
662 3929 973 4000 Ζοροϐάϐελ
1017 3929 1414 4000 ἡγεμονεύσας,
1468 3929 1530 3982 οῦ
1595 3946 1726 3982 κατ-

170 4010 300 4065 ιλιπε
362 4016 733 4087 κληρονόμους
769 4018 870 4089 τῆς
918 4019 1238 4091 ἡγεμονίας.
1261 4019 1522 4074 Δειπεται
1544 4017 1726 4072 τοίνυν

171 4105 248 4155 τὸν
308 4108 512 4175 Ἰησοῦν
560 4110 797 4180 Χριστὸν
862 4111 1085 4182 σπέρμα
1124 4111 1218 4165 τοῦ
1267 4110 1431 4165 Δασὶδ
1491 4109 1728 4164 ἐνταῦθα

169 4194 421 4262 λέγεσθαι,
458 4199 551 4253 διὰ
609 4202 670 4254 τὸ
705 4203 770 4254 ὲκ
813 4201 978 4254 Δαὸὶδ
1000 4201 1335 4270 κατάγεσθαι
1381 4200 1484 4271 τὴν
1513 4199 1729 4270 μητέρα

172 4292 338 4354 αὐτοῦ,
387 4289 448 4348 οὗ
481 4295 586 4365 τῆς
633 4294 911 4366 βασιλεῖας
937 4297 1035 4349 οὐκ
1068 4295 1221 4350 ἔσται
1267 4295 1441 4358 τέλος.
1464 4296 1556 4348 Διὸ
1585 4293 1681 4350 καὶ
1703 4295 1730 4349 ὁ

172 4384 544 4456 εὐαγγελιστὴς
589 4389 852 4460 εἴρηκενο
913 4390 1134 4456 Βίϐλος
1187 4389 1485 4459 γενέσεως
1527 4389 1732 4457 Ἰησοῦ

172 4477 408 4544 Χριστοῦ
459 4481 601 4536 υἱοῦ
674 4482 872 4536 Δαϐίδ.
930 4482 1108 4536 Ποιῶν
1182 4483 1239 4535 δὲ
1289 4480 1441 4551 αὐτῷ
1505 4481 1653 4545 ἔλεος
1685 4483 1714 4535 ὁ

173 4567 325 4636 Λόγος
358 4573 451 4624 καὶ
496 4571 653 4640 Θεὸς,
719 4573 748 4627 ὁ
793 4573 1071 4644 ἡνωμένος
1101 4572 1252 4645 αῦτῷ
1308 4573 1403 4628 καὶ
1420 4570 1728 4636 τεθεωκὼς.

469 4842 574 4906 Εἰς
599 4840 666 4894 τὸ
690 4839 864 4905 τέλος
884 4838 1132 4909 ψαλμὸς
1156 4837 1237 4904 τῷ
1274 4834 1475 4891 Δασιὸ.

754 4932 1051 4986 ΨΛΛΜΟΣ
1080 4929 1189 4987 lll'.

233 5021 328 5091 Εἰς
351 5025 416 5079 τὸ
439 5025 619 5090 τέλος
647 5024 742 5080 καὶ
788 5019 944 5088 οὗτος
1000 5026 1029 5078 ὁ
1079 5023 1314 5096 ψαλμὺς,
1371 5023 1454 5076 ὅτι
1504 5019 1736 5092 γηραιὸς

179 5116 470 5184 γενόμενος,
501 5117 694 5171 τοῦτον
726 5117 1040 5182 συνέταξεν,
1084 5119 1164 5179 εἰς
1216 5115 1370 5179 τέλος
1429 5113 1577 5182 ζωῆς
1632 5112 1736 5184 ήδη

181 5207 374 5273 βλέπων
408 5228 422 5242 ⁸
461 5213 494 5282 ἢ
531 5213 613 5266 ὅτι
644 5214 1028 5283 προαναφωνεϊ
1056 5212 1288 5281 πρᾶγμα
1313 5212 1394 5274 εἰς
1425 5207 1574 5272 τέλος
1603 5208 1740 5261 ἀπο·

180 5301 468 5374 δεησόμενον
487 5349 501 5364 .
533 5308 909 5377 Ἐπιστομίζει
938 5307 1049 5377 γὰρ
1079 5307 1178 5376 τὴν
1205 5304 1508 5377 μέλλουσαν
1548 5302 1741 5356 ἀθεῒαν

181 5394 275 5448 τῶν
304 5397 613 5468 ληρούντων
643 5399 928 5469 αὐτόματα
958 5395 1214 5467 γενέσθαι
1243 5397 1312 5449 τὰ
1338 5396 1538 5450 πάντα.

241 5579 300 5630 Ol
357 5581 597 5647 οὐρανοὶ
649 5579 996 5649 διηγοῦνται
1053 5578 1243 5641 δόξαν
1304 5575 1474 5632 Θεοῦ.
1551 5575 1738 5638 Αὐτοὶ,

185 5667 356 5735 φησιν,
385 5671 432 5722 οἱ
467 5669 690 5739 οὐρανοὶ
721 5671 955 5723 πάντοτε
1013 5667 1458 5739 ἀνακηρύττουσι
1478 5665 1538 5719 τὸ
1567 5683 1740 5736 μεγα-

186 5756 315 5811 λεῖον
343 5759 435 5812 τοῦ
461 5762 616 5827 Θεοῦ,
653 5765 804 5833 φωνῇ
830 5762 1107 5833 χρώμενοι
1149 5763 1218 5830 τῇ
1273 5759 1416 5830 ὄψει.
1480 5759 1578 5813 Ἐκ
1632 5757 1740 5828 γὰρ

253 5935 294 5968 ³⁸
328 5935 469 5993 Psal.
517 5955 641 6004 Lxx,
667 5936 760 5992 22.
877 5937 923 5970 ”
954 5935 1154 5990 Matth.
1185 5951 1224 6001 ι,
1266 5933 1318 5990 ι.

1897 3273 1964 3328 Et
1982 3269 2182 3339 faciens
2213 3259 2633 3317 misericordiam
2675 3255 2872 3310 Christo
2900 3267 3017 3308 suo.
3039 3248 3284 3311 Christo,
3306 3247 3411 3302 hoc

1824 3372 1908 3421 est
1935 3368 2124 3422 uncto,
2160 3371 2190 3409 a
2223 3363 2273 3409 te
2312 3351 2596 3412 nimirum,
2628 3345 2733 3400 hoc
2761 3352 2846 3398 est
2870 3343 3027 3410 jussu
3065 3348 3180 3393 tuo.

1894 3451 2060 3508 David
2085 3493 2100 3516 ,
2139 3458 2189 3504 et
2241 3442 2427 3500 semini
2463 3441 2576 3509 ejus
2623 3451 2783 3506 usque
2822 3435 2876 3487 in
2921 3431 3196 3486 sicanium.
3257 3430 3398 3484 Cum

1819 3547 2019 3616 Regem
2047 3549 2100 3598 et
2121 3537 2398 3596 Christum
2442 3530 2638 3587 dixerit
2670 3569 2684 3592 ,
2722 3533 2998 3597 postremo
3025 3521 3178 3575 addit
3207 3529 3261 3574 et
3293 3535 3400 3573 nu-

1823 3611 1944 3697 men
1992 3634 2181 3691 David.
2239 3631 2343 3697 Qui
2395 3627 2560 3698 igitur
2611 3618 3040 3677 misericordiam
3104 3629 3163 3670 se
3215 3629 3242 3666 τι
3306 3611 3415 3667 Deo

1822 3736 2175 3790 consecutum
2206 3736 2328 3778 esse
2354 3719 2486 3774 dicit
2515 3756 2530 3782 ,
2568 3711 2808 3786 posteris
2841 3708 2988 3764 beati
3033 3702 3204 3760 David
3257 3711 3413 3758 recto

1825 3818 2170 3880 accomodari
2191 3822 2391 3888 potest.
2417 3809 2569 3877 Quod
2604 3821 2733 3860 vero
2758 3805 2833 3859 ait
2862 3817 3023 3872 usque
3047 3800 3102 3855 in
3135 3797 3408 3854 saeculum.

1826 3914 2126 3987 improprie
2157 3887 2366 3965 dictum
2400 3911 2505 3959 est.
2539 3899 2673 3954 Nam
2725 3903 2849 3968 post
2880 3893 3115 3949 reditum
3153 3905 3184 3946 e
3240 3887 3416 3957 capti-

1827 3982 2192 4066 vitate-solus
2219 3995 2522 4054 Zorobabel
2575 3989 2861 4062 regnavit,
2909 3984 3077 4041 nullis
3141 3982 3197 4037 in
3249 3993 3420 4052 regno

1831 4096 2261 4159 successoribus
2293 4089 2526 4146 relictis.
2561 4085 2824 4155 Superest
2851 4069 3102 4151 igitnr'ut
3133 4073 3417 4131 Christum

1835 4381 1941 4436 crit
1968 4375 2114 4432 linis.
2171 4370 2282 4426 ilac
2310 4368 2378 4422 de
2421 4378 2589 4422 causa
2639 4360 2803 4415 etiam
2853 4353 3189 4425 evangelista
3241 4347 3419 4401 dixit:

1837 4435 1992 4526 Liber
2038 4460 2390 4538 generationis
2422 4455 2553 4511 1m
2585 4451 2786 4508 Christi
2815 4448 2929 4518 ﬁlii
2977 4441 3145 4497 David
3199 4441 3267 4494 ιι.
3299 4435 3426 4538 ‘llle

1846 4571 2022 4617 autem
2038 4526 2144 4627 vqui
2183 4553 2312 4608 huic
2350 4547 2546 4606 semini
2577 4543 2800 4599 Christo
2839 4531 3275 4592 misericordiam
3295 4526 3426 4585 fecit

1773 4625 1816 4684 υ
1849 4619 2087 4709 Verbum
2123 4648 2265 4702 Dens
2295 4653 2412 4705 est,
2445 4638 2549 4711 ipsi
2578 4634 2772 4693 semini
2823 4633 3035 4685 unitum
3065 4635 3129 4680 a’c
3165 4622 3331 4679 Deum
3365 4619 3427 4674 il—

1837 4746 1928 4800 lud
1965 4743 2198 4798 faciens.

2175 4830 2242 4887 In
2276 4830 2431 4900 finem
2467 4823 2720 4880 Psalmus
2761 4819 2862 4888 ipsi
2896 4813 3093 4870 David.

2350 4912 2674 4978 PSALMUS
2739 4905 2925 4966 XVI".

1908 5019 2010 5074 Hic
2037 5017 2290 5073 Psalmus
2309 5012 2472 5068 etiam
2503 5010 2558 5063 in
2594 5007 2750 5076 ﬁnem
2786 4997 3136 5058 inscribitur,
3167 4993 3298 5064 quia
3335 5004 3428 5044 se-

1837 5127 1944 5168 nex
1977 5119 2095 5165 erat
2126 5108 2322 5163 beatus
2351 5100 2548 5164 David,
2587 5107 2644 5153 et
2674 5095 2742 5150 ad
2779 5095 2938 5148 linem
2971 5090 3094 5144 vita:
3126 5099 3238 5141 suae
3285 5080 3438 5150 aspi-

1839 5205 2044 5268 ciebat,
2072 5199 2296 5273 quando
2324 5211 2449 5250 eum
2489 5187 2845 5258 conscripsit.
2898 5182 2997 5238 Vel
3022 5223 3037 5246 ,
3091 5176 3220 5246 quia
3258 5175 3426 5273 linem

1839 5305 2204 5353 consecutura
2234 5295 2411 5352 erant,
2444 5299 2565 5356 qua:
2601 5283 2654 5336 in
2697 5293 2760 5334 eo
2803 5273 3199 5348 praedicuntur.
3258 5260 3428 5316 Futu-

1839 5405 1954 5447 ram
1984 5386 2128 5443 enim
2173 5354 2541 5455 quorumdam
2595 5372 2931 5442 impietatem
2988 5361 3288 5433 reprobat,
3335 5354 3429 5424 qui

1839 5478 2034 5537 dicturi
2066 5448 2222 5533 erant
2249 5513 2264 5536 ,
2298 5486 2430 5528 casu
2463 5483 2529 5522 ac
2576 5462 2802 5520 fortuito
2833 5455 3019 5511 omnia
3055 5452 3228 5508 fuisse
3265 5448 3429 5501 facta.

1911 5569 2080 5626 Vens.
2104 5567 2160 5622 9..
2193 5564 2596 5620 Caelienarrant
2619 5553 2847 5626 gloriam
2876 5547 2995 5602 Dei.
3029 5544 3134 5615 Ipsi
3161 5583 3176 5608 ,
3230 5538 3431 5609 inquit,

1848 5664 1970 5719 coeli
2001 5662 2204 5730 ubique
2237 5656 2330 5712 Dei
2384 5645 2845 5722 magnificentiam
2899 5640 3246 5712 praedicant,
3298 5646 3429 5701 pro-

1850 5755 2078 5828 prioque
2103 5725 2329 5822 aspectu
2366 5746 2430 5801 ad
2468 5745 2519 5798 id
2543 5748 2772 5797 utuntur
2832 5750 2930 5808 pro
2964 5745 3118 5790 vocc.
3155 5730 3196 5782 A
3224 5725 3433 5796 magni-
