3916 6602
203 363 322 426 257

1430 373 1820 435 COMMENT.
1870 375 1949 432 IN
1987 374 2344 434 PSALMOS.

3363 381 3474 447 258

207 493 325 530 σιν.
363 479 461 541 Ὃς
495 481 593 533 καὶ
627 481 998 550 ἠγαλλιάσατο
1046 483 1278 557 δραμεῖν
1327 484 1472 555 ὑπὲρ
1506 486 1665 555 ἡμῶν
1705 486 1789 556 sip

1915 496 2017 547 ret,
2051 490 2232 555 posuit
2263 487 2314 538 in
2347 490 2490 548 luce.
2529 489 2733 557 degens
2793 489 2898 543 sub
2952 490 3090 553 sole,
3129 490 3232 546 hoc
3271 499 3379 558 est,
3431 493 3490 548 in

203 568 312 620 ἐπὶ
339 568 420 638 τῷ
451 570 688 639 θανάτῳ.
741 573 862 628 Ἀπ’
891 576 1065 646 ἄκρου
1101 575 1157 629 δὲ
1181 575 1276 628 τοῦ
1303 575 1540 646 οὐρανοῦ
1572 575 1802 640 κατιὼν,

1911 586 2101 646 aperto
2142 593 2206 630 ac
2242 579 2418 647 palam
2445 578 2654 634 vivens.
2687 580 2750 634 Et
2776 580 2892 651 ipse
2921 589 3180 651 tanquam
3205 597 3442 652 sponsus
3469 600 3486 638 :

209 660 297 722 είς
324 661 464 714 αὐτὸ
493 663 656 718 πάλιν
689 665 1021 734 ἐπανῆλθεν.
1046 667 1240 730 Οὐδεὶς
1267 666 1325 720 δὲ
1357 666 1782 737 ὰποκρυϐήσετα

1907 667 2188 732 Speciosus
2246 670 2412 732 enim,
2473 672 2669 741 inquit,
2747 672 2924 742 forma
2982 690 3094 743 prie
3147 675 3274 744 ﬁliis
3314 677 3491 730 homi-

209 749 322 819 τῆς
347 750 563 823 Θέρμης
599 754 712 808 τῶν
734 755 910 823 λόγων
940 757 1131 810 αὐτοῦ’
1172 758 1268 810 καὶ
1289 758 1340 810 oi
1371 757 1494 827 μὲν,
1524 758 1805 828 καλυφθή-

1903 775 2024 812 nam
2058 759 2125 825 “,
2177 759 2483 817 illustratus
2547 763 2807 818 nimirum
2863 765 3128 820 virtutum
3181 767 3352 844 radiis
3423 784 3490 823 ac

214 855 435 906 σονται,
474 844 524 896 oi
553 844 610 897 δὲ
645 845 1013 917 καυθήσονται
1049 849 1187 917 (Ἠ),
1219 849 1299 900 ὅτι
1324 847 1474 918 αὐτῷ
1504 846 1634 904 Πᾶν
1653 849 1789 918 τόνοι

1904 851 2305 918 multiplicibus
2352 853 2748 908 charismatum
2804 857 2965 911 donis
3004 875 3018 911 :
3056 858 3149 928 qui
3183 857 3344 912 etiam
3393 874 3493 914 ex-

215 929 468 998 κάμψει,
496 936 640 989 κατὰ
673 937 767 990 τὸν
803 937 1155 1008 Ἀπόστολον.

1903 941 2129 995 sultavit
2158 952 2214 996 ttt
2247 957 2345 1011 pro
2412 943 2572 998 nobis
2604 955 2854 1000 curreret
2898 948 3040 1002 viam
3097 948 3165 1001 ad
3220 957 3480 1004 mortem.

216 1035 389 1090 atque
421 1039 451 1078 a
481 1042 699 1080 summo
726 1031 868 1084 coelo
920 1031 1259 1085 descendens
1315 1031 1370 1085 in
1407 1029 1538 1085 illud
1583 1045 1806 1084 rursum
1850 1046 2106 1088 reversus
2134 1042 2239 1088 est.
2305 1032 2574 1088 Prazterea
2611 1036 2774 1089 etiam
2826 1053 2986 1092 nemo
3053 1053 3112 1092 se
3187 1038 3488 1098 abscondet

217 1130 245 1167 a
270 1118 458 1170 calore
484 1133 802 1173 sermonum
832 1120 976 1188 ejus,
999 1123 1126 1191 quia
1182 1124 1274 1178 alii
1309 1124 1529 1193 quidem
1560 1137 1688 1177 vere
1713 1121 1980 1185 caleﬁent,
2008 1121 2102 1176 alii
2133 1137 2261 1176 vero
2290 1125 2374 1178 vel
2403 1124 2537 1178 illud
2605 1125 2802 1182 saltem
2862 1126 3168 1194 addiscent,
3222 1126 3370 1198 quod
3435 1135 3487 1187 ei

216 1227 371 1263 omne
405 1229 538 1280 genu
556 1213 790 1277 ﬂectitur
821 1215 1136 1286 [calestium
1180 1223 1509 1274 terrestrium
1553 1228 1603 1272 et
1631 1215 1982 1286 infernarum]
2015 1226 2072 1270 ut
2102 1217 2241 1272 dixit
2272 1219 2566 1287 Apostolus
2605 1219 2676 1274 ⁵⁷.

300 1303 366 1355 Ὀ
395 1306 583 1374 νόμος
611 1309 833 1375 Κυρίου
862 1309 1120 1379 ἄμωμος,
1159 1310 1536 1380 ἐπιστρέφων
1568 1309 1795 1380 ψυχάς.

226 1389 441 1465 ’Δρκεῖ,
491 1399 680 1467 φησὶν,
733 1402 811 1464 εἰς
862 1401 1220 1456 διδασκαλίαν
1271 1402 1602 1471 θεογνωσίας
1635 1403 1733 1456 καὶ
1772 1403 1800 1454 ὁ

213 1486 469 1557 ἄγραφος
499 1489 686 1560 νόμος,
709 1491 798 1544 διὰ
836 1494 1132 1563 μεγέθους,
1169 1496 1266 1548 καὶ
1298 1494 1554 1560 κάλλους,
1587 1495 1681 1547 καὶ
1708 1493 1800 1548 εὐ-

211 1579 411 1643 ταξίας
439 1583 550 1636 τῶν
591 1587 912 1654 κτισμάτων
939 1586 1138 1640 λαλῶν·
1175 1586 1272 1639 νῦν
1307 1587 1362 1640 δὲ
1430 1587 1526 1640 καὶ
1553 1587 1800 1657 γραπτὸν

211 1669 439 1736 δέδωκε,
461 1673 529 1726 δι’
561 1666 622 1726 οὗ
647 1677 954 1745 καταμάθοι
981 1695 1066 1740 τις
1095 1679 1195 1749 τὴν
1224 1677 1391 1731 αὐτοῦ
1416 1678 1509 1730 καὶ
1537 1677 1798 1747 πρόνοιαν

214 1764 310 1814 καὶ
344 1763 565 1830 σοφίαν.
622 1766 912 1836 Διαφόροις
945 1769 1001 1821 δὲ
1033 1769 1264 1839 ὀνόμασι
1293 1769 1386 1822 τὸν
1425 1769 1590 1839 νόμον
1617 1769 1794 1823 καλεῖ·

212 1851 377 1919 νόμος
415 1853 517 1921 μὲν
560 1855 692 1925 γὰρ,
731 1855 806 1918 ὼς
853 1857 1135 1928 ῥυθμίζων
1167 1859 1267 1930 τὴν
1300 1860 1608 1912 πολιτείανο
1653 1877 1797 1930 μαρ-

1968 1308 2132 1365 Vens.
2165 1311 2224 1364 8.
2253 1310 2358 1364 Lex:
2381 1311 2594 1365 Domini
2631 1311 3104 1381 irreprehensibilis
3129 1351 3146 1376 ,
3183 1321 3484 1368 convertens

1896 1401 2125 1454 animus.
2179 1400 2488 1467 Sulliceret,
2544 1402 2744 1470 inquit,
2789 1402 2858 1456 ad
2905 1402 3268 1470 praestandam
3325 1403 3485 1460 nobis

1900 1492 2271 1563 cognitionem
2303 1493 2369 1548 de
2397 1493 2526 1556 Deo,
2563 1493 2682 1562 ipsa
2738 1495 2824 1550 lex
2863 1504 3098 1560 naturae,
3128 1510 3251 1564 quae
3274 1495 3485 1565 magni-

1903 1583 2678 1654 tudinem,pulchritudinem
2712 1594 2768 1639 et
2803 1585 3053 1640 ordinem
3109 1600 3294 1640 rerum
3363 1599 3485 1654 quae

1901 1685 2101 1730 creatas
2129 1685 2278 1739 sunt,
2309 1690 2502 1729 omnes
2545 1674 2794 1730 homines
2856 1675 3084 1741 docuit;
3154 1689 3346 1729 verum
3381 1676 3487 1729 hoc

1905 1768 2015 1822 Deo
2045 1767 2180 1821 satis
2219 1781 2329 1820 non
2368 1765 2590 1830 fuit,sed
2611 1764 2871 1836 scriptam
2898 1766 3066 1820 etiam
3110 1766 3280 1836 legem
3317 1764 3484 1821 nobis

1907 1857 2150 1920 tradidit,
2190 1871 2288 1927 per
2313 1871 2476 1926 quam
2503 1857 2569 1912 de
2598 1857 2781 1911 divina
2804 1855 3156 1912 Providentia
3177 1872 3240 1912 ac
3271 1857 3488 1926 sapien-

211 1942 375 2011 τυρία
403 1943 482 2006 δὲ,
516 1945 591 2008 ὡς
620 1924 747 2010 τοὺς
776 1924 1200 2020 ἁμαρτάνοντας
1222 1924 1789 2022 διαμαρτυρούμενος·

1904 1950 1974 2002 tia
2033 1951 2198 2002 etiam
2266 1948 2614 2004 doceremur.
2679 1947 2857 2019 Variis
2913 1958 3096 2003 autem
3161 1948 3485 2004 nominibus

210 2035 567 2108 δικαιώματα
601 2043 682 2107 δὲ,
722 2043 800 2106 ὡς
832 2044 1103 2099 διδάσκων
1130 2046 1192 2098 τὸ
1216 2046 1424 2100 δίκαιον
1449 2063 1462 2077 ·
1494 2047 1681 2116 ἐντολὴ
1706 2046 1761 2099 δὲ
1783 2089 1798 2111 ,

208 2127 284 2190 ὡς
314 2129 376 2182 τὸ
411 2133 686 2202 πρακτέον
715 2134 1096 2204 ἐντελλόμενος
1125 2151 1137 2164 ·
1182 2135 1346 2204 φόϐος
1376 2136 1453 2200 δὲ,
1485 2134 1559 2199 ὡς
1584 2135 1800 2189 ἀδυσώ-

211 2240 409 2292 πητοςο
445 2225 717 2297 κρίματα,
752 2228 827 2291 ὡς
876 2226 1094 2299 ψήφους
1152 2229 1426 2301 ἐκφέρων,
1476 2228 1551 2292 ὡς
1597 2228 1800 2298 προλα-

210 2312 404 2379 ϐόντες
434 2311 740 2388 εἰρήκαμεν
770 2319 1109 2390 πλατύτερον
1138 2321 1196 2374 ὲν
1225 2321 1303 2390 τῷ
1346 2319 1410 2385 ιζ’
1445 2319 1666 2390 ψαλμῷ.

211 2408 557 2475 mandatum,
621 2414 747 2481 quia
775 2429 896 2483 qutc
922 2413 1130 2483 agenda
1167 2425 1295 2470 sunt
1356 2413 1606 2485 prmeipit
1665 2431 1680 2467 ε

1900 2040 2072 2110 legem
2122 2048 2302 2095 vocat.
2345 2039 2480 2094 Nam
2513 2051 2566 2095 et
2608 2041 2783 2111 legem
2833 2041 3092 2111 appellat,
3126 2041 3293 2096 veluti
3358 2055 3482 2110 quae

1898 2133 2381 2187 conversationem
2421 2135 2546 2187 vitae
2593 2132 2897 2186 concinnat
2953 2142 3006 2186 et
3055 2131 3389 2186 constituit:
3432 2142 3490 2186 et

1901 2225 2299 2291 testimonium,
2376 2226 2505 2294 quia
2560 2231 2886 2294 peceatores
2965 2232 3309 2280 contestatur
3358 2239 3375 2278 :
3429 2232 3484 2278 et

1893 2317 2373 2385 justilicationem,
2426 2315 2556 2384 quia
2588 2315 2740 2384 quod
2774 2313 2987 2381 justum
3050 2324 3135 2368 est
3174 2315 3380 2368 docet:
3425 2321 3484 2366 et

1738 2423 1793 2467 et
1835 2412 2111 2476 timorem,
2145 2410 2312 2465 veluti
2359 2409 2756 2464 inexorabilem
2795 2416 2893 2463 :ct
2954 2407 3252 2477 judicium,
3317 2405 3479 2476 quasi

211 2502 545 2554 sententiam
577 2501 786 2558 leratet
803 2505 1121 2576 suffragium
1147 2506 1792 2576 quemadmodutnlatius
1824 2504 2069 2559 diximus
2102 2502 2158 2556 in
2184 2502 2397 2571 psalmo
2429 2517 2563 2555 xv".

289 2592 345 2644 Ὀ
378 2593 568 2661 νόμος
599 2596 821 2662 Κυρίου
854 2596 1112 2666 ἄμωμος,
1144 2597 1540 2666 ὑποστρέφων
1590 2595 1796 2665 ψυχάς

211 2682 281 2735 Τί
332 2684 448 2753 γὰρ
508 2685 575 2739 ἂν
637 2686 753 2756 ἔχοι
805 2704 890 2751 τις
949 2688 1116 2741 αὐτοῦ
1185 2687 1546 2758 μέμψασθαις
1603 2688 1662 2750 ὃς
1729 2703 1794 2752 γε

213 2777 310 2828 καὶ
333 2775 450 2844 (72)
475 2778 813 2850 ἐπιστροφὴν
842 2779 1032 2849 ψυχῶν
1068 2780 1252 2851 ἐτέθη,
1297 2780 1386 2832 διὰ
1439 2779 1546 2834 τῶν
1583 2778 1796 2849 μικρῶν

207 2869 278 2918 τὰ
315 2865 494 2936 μείζω
521 2868 815 2923 διδάσκων.

292 2956 369 3011 'H
389 2961 686 3028 μαρτυρία
716 2961 956 3029 Κυρίου,
989 2961 1201 3028 πιστὴ,
1221 2958 1556 3029 σοφίζουσα
1585 2959 1792 3026 νήπια.

218 3045 592 3114 Ἀξιόπιστο;,
620 3050 744 3103 ἐπεὶ
776 3055 871 3104 καὶ
907 3053 1062 3123 παρὰ
1085 3051 1221 3104 Θεοῦ
1247 3067 1260 3082 ο
1288 3054 1458 3121 νήπια
1487 3049 1564 3115 δὲ,
1608 3052 1639 3120 ἦ
1671 3051 1796 3103 καθ’

207 3139 454 3209 ἠλικίαν,
483 3141 671 3214 ὥσπερ
697 3144 789 3196 τδν
815 3144 1036 3212 Δανιὴλ,
1075 3144 1167 3196 καὶ
1201 3143 1328 3204 τοὺς
1370 3144 1492 3195 κατ’
1526 3142 1718 3205 αὐτὸν,
1759 3143 1789 3211 ἢ

206 3235 358 3286 κατὰ
385 3235 629 3303 ἀμαθίαν
656 3236 1010 3306 ἀνθρωπίνης
1043 3236 1258 3305 σοφίας,
1290 3236 1320 3306 ἢ
1357 3235 1498 3287 κατὰ
1527 3233 1788 3287 ἀκακίαν.

1966 2593 2078 2647 Lex
2107 2591 2325 2646 Domini
2356 2590 2860 2658 irrepreltensibilis,
2909 2599 2960 2644 et
3028 2599 3331 2645 convertens
3362 2592 3482 2645 ani-

1891 2701 2028 2738 mas.
2062 2683 2201 2750 Quid
2219 2684 2364 2737 enim
2391 2684 2444 2737 in
2465 2699 2524 2737 ea
2548 2693 2655 2746 est,
2679 2682 2823 2751 quod
2855 2684 3104 2738 accusari
3127 2684 3323 2752 possit,
3354 2697 3480 2740 cum

1889 2780 1944 2827 et
1969 2774 2034 2827 ad
2066 2773 2371 2826 animarum
2409 2775 2824 2828 conversionem
2853 2771 2928 2826 sit
2959 2772 3157 2843 posita,
3182 2783 3236 2828 et
3270 2788 3334 2827 ex
3354 2789 3481 2844 paro

1892 2865 1976 2919 vis
2005 2865 2210 2931 majora
2240 2864 2460 2918 doceat.
3303 2931 3316 2936 __

1967 2954 2346 3008 Testimonium
2380 2955 2596 3009 Domini
2625 2956 2798 3024 ﬁdele,
2844 2958 3156 3024 sapientiam
3216 2967 3480 3026 prwstans

1890 3049 2149 3118 parvulis.
2207 3049 2338 3104 Fide
2401 3051 2566 3120 digna
2597 3052 2871 3106 sunthaec
2939 3050 3254 3106 testimonia
3301 3055 3479 3124 :quia

1892 3156 1919 3192 a
1954 3139 2184 3195 Domino
2208 3151 2336 3194 sunt
2377 3157 2390 3192 :
2424 3141 2687 3195 Parvulos
2744 3153 2924 3196 autem
2978 3141 3061 3196 vel
3116 3149 3277 3198 astate
3321 3144 3478 3208 dicit,

1888 3233 2353 3304 quemadmodum
2378 3233 2626 3288 videmus
2663 3235 2941 3288 accidisse
2995 3234 3049 3288 in
3111 3235 3303 3288 Daniel
3360 3234 3473 3306 [cui

207 3342 385 3396 puero
417 3328 596 3384 adhuc
626 3331 752 3386 data
777 3339 862 3386 est
890 3331 1206 3404 sapientia],
1265 3340 1361 3384 aut
1397 3331 1469 3384 ob
1529 3329 1780 3384 humana:
1820 3330 2105 3398 sapientiae
2146 3329 2650 3398 ignorantiam,aut
2679 3331 2842 3384 etiam
2876 3329 2949 3384 ob
3017 3345 3290 3386 summam
3343 3333 3479 3386 sitn-

207 3425 534 3495 plicitatem.
567 3411 858 3498 [Omnihits
883 3429 1027 3482 enim
1061 3432 1146 3484 his
1193 3428 1368 3482 modis
1398 3429 1658 3497 parvulus
1709 3429 1833 3496 quis
1869 3427 1977 3482 dici
2014 3435 2214 3495 potest.

290 3519 366 3570 Τὰ
400 3515 760 3586 δικαιώματα
822 3518 1063 3585 Κυρίου,
1107 3517 1288 3571 εὐθέα
1311 3556 1326 3580 ,
1389 3519 1796 3586 εὐφραίνοντα
1823 3527 1865 3584 (ζ

204 3607 488 3674 καρδίαν.
521 3608 705 3677 Μηδὲν
736 3608 949 3662 σκολιὸν
996 3610 1213 3678 ἔχοντα,
1267 3608 1472 3677 μᾶλλον
1521 3609 1644 3661 νοῦν
1693 3611 1789 3662 καὶ

203 3701 301 3754 διὰ
329 3700 424 3752 τοῦ
455 3701 729 3754 διδάσκειν
753 3702 850 3763 τὰς
881 3702 1062 3766 αἰτίας
1092 3702 1481 3772 εὐφραίνοντα.
1511 3703 1584 3755 ’Ἡ
1603 3703 1785 3768 εὐθέα,

203 3793 287 3854 ὡς
320 3791 617 3862 εὐθύτητος
644 3793 708 3864 δη
718 3794 981 3864 μιουργά.

278 4053 390 4109 Καὶ
450 4055 667 4121 ἐντολὴ
731 4057 983 4125 Κυρίου,
1044 4035 1391 4128 τηλαυγὴς,
1450 4057 1786 4128 φωτίζουσα

202 4149 581 4218 ὀφθαλμούς.
613 4150 869 4228 Τοὺςτῆς
899 4148 1098 4219 ψυχῆς·
1129 4151 1194 4204 δι’
1222 4150 1400 4203 αὐτῶν
1428 4150 1506 4215 δὲ,
1537 4153 1630 4205 καὶ
1658 4152 1794 4215 τοὺςΔ

203 4240 301 4294 τοῦ
335 4240 617 4311 σώματος·
643 4239 782 4294 ὥστε
813 4242 890 4312 μὴ
922 4243 1132 4311 βαίνειν
1163 4242 1281 4294 ὁδὸν
1322 4244 1586 4313 πονηράν.

284 4421 352 4475 '0
399 4423 587 4491 φόϐος
615 4421 832 4487 Κυρίου
882 4421 1087 4489 ἁγνός.
1145 4420 1257 4489 (75)
1294 4419 1488 4488 Ἀγνὸς
1525 4419 1647 4490 μὲν,
1702 4421 1785 4474 ὃτι

205 4515 348 4584 μετὰ
389 4513 660 4583 κάθαρσιν
677 4512 1010 4580 ἐπιγίνεται·
1042 4511 1315 4578 διαμένων
1344 4511 1422 4577 δὲ,
1453 4511 1537 4564 ὅτι
1571 4512 1783 4576 ἐκεῖνος

207 4607 308 4676 μὲν
376 4607 512 4674 ἄχρι
562 4604 883 4674 καθάρσεως
934 4603 1152 4672 φθάνων
1205 4601 1528 4656 ἐκϐάλλεται
1563 4604 1651 4656 διὰ
1688 4605 1779 4676 τῆς

203 4697 450 4766 ἀγάπης.
492 4689 657 4756 Οὗτος
683 4694 740 4747 δὲ
767 4693 1165 4764 ἁντεισαχθεὶς,
1198 4693 1613 4757 συνδιαιωνίζει.

1976 3514 2142 3571 Υιιιε.
2175 3518 2227 3570 9.
2253 3513 2674 3584 Justiﬁcationes
2705 3514 2912 3568 Domini
2939 3525 3114 3578 rectm,
3145 3515 3476 3584 lwtiﬁcantes

1896 3607 2083 3662 corda.
2133 3606 2280 3662 Nihil
2329 3616 2638 3662 tortuosum
2695 3617 2793 3662 aut
2859 3608 3141 3677 obliquum
3204 3607 3403 3664 habent
3454 3624 3470 3663 :

1889 3702 2136 3769 qttinimo
2182 3715 2395 3754 Slllllllla
2447 3699 2724 3753 hominem
2791 3698 2978 3752 laetitia
3039 3695 3464 3758 aﬂiciunt,dum

1891 3807 2091 3846 Causas
2125 3792 2348 3846 dot-ent.
2378 3789 2476 3844 Vel
2521 3787 2710 3846 rectas
2764 3791 3000 3860 appellat
3047 3790 3471 3859 justilleationes

1892 3883 2130 3950 Domini,
2159 3885 2318 3953 quasi
2351 3898 2474 3953 quae
2510 3881 2898 3937 rertitudinem
2943 3882 2998 3935 in
3031 3881 3290 3937 omnibus
3334 3894 3471 3949 ope-

1889 3983 2102 4027 rantur.

1961 4063 2288 4135 Prwceplum
2347 4065 2560 4120 Domini
2597 4066 2850 4132 lucidum,
2909 4065 3226 4120 illuminant
3265 4062 3466 4117 oculos.

1888 4155 2100 4209 Animae
2135 4160 2330 4212 oculos
2375 4158 2620 4228 intellige
2654 4173 2752 4226 per
2812 4174 2950 4227 quos
3005 4156 3254 4227 corporis
3301 4156 3467 4211 etiam

1891 4247 2085 4304 oculos
2139 4247 2522 4304 illuminabit:
2569 4250 2646 4304 ita
2681 4258 2738 4303 ut
2793 4263 2890 4320 per
2948 4263 3142 4318 pravas
3193 4247 3309 4302 vias
3353 4255 3467 4301 ιιοιι

1888 4340 2172 4397 incedant.

1959 4433 2126 4487 Vens.
2179 4433 2266 4488 10.
2309 4433 2488 4487 Timor
2529 4432 2744 4487 Domini
2776 4433 3020 4495 mundus,
3067 4445 3377 4500 permanens
3409 4431 3465 4482 in

1885 4525 2132 4578 sat-tilum
2163 4523 2364 4578 swculi.
2396 4522 2634 4577 Mundus
2664 4522 2831 4575 veluti
2895 4521 2988 4590 qui
3047 4521 3295 4574 accusari
3351 4534 3461 4574 non

1887 4618 2083 4685 possit,
2106 4625 2202 4670 aut
2250 4615 2575 4683 vituperari.
2609 4613 2895 4668 llumanus
2925 4612 3067 4668 enim
3101 4614 3262 4667 timor
3293 4625 3462 4666 accu-

1885 4707 1995 4758 sari
2045 4707 2187 4760 solet
2229 4715 2283 4760 et
2335 4695 2761 4774 pusillanimitas
2817 4705 3144 4775 appellatur.
3179 4702 3458 4759 Timorem

200 4802 386 4847 autem
430 4791 522 4844 hic
552 4807 672 4843 eum
704 4789 954 4860 intelligit
1013 4789 1276 4859 propheta
1328 4792 1419 4859 qui
1460 4792 1840 4861 perfectiorem
1881 4798 2156 4856 hominem
2198 4802 2397 4867 reddit,
2433 4802 2638 4873 quique
2676 4817 2852 4872 purus
2900 4809 2982 4855 est
3033 4814 3097 4853 ac
3148 4797 3385 4854 mundus
3440 4815 3454 4852 :

205 4905 369 4958 quem
399 4887 621 4958 qu0ties
649 4887 774 4956 quis
821 4887 1006 4953 habet,
1051 4902 1080 4939 a
1117 4886 1497 4941 benevolentia
1533 4887 1626 4942 Dei
1663 4906 1945 4963 nunquam
1972 4898 2198 4953 excidit.

268 4984 578 5051 Διαμένων
603 4985 690 5048 εις
707 4980 892 5035 αἰῶνα
919 4981 1151 5046 αἰῶνος.
1189 4976 1379 5048 Ἀγνὸς
1404 4983 1480 5045 ὠς
1531 4983 1773 5056 καθαρὸς

1947 4990 2176 5046 lnitialis
2249 5004 2426 5047 autem
2503 4991 2665 5047 timor
2724 4989 2960 5045 mundus
3007 5002 3116 5043 non
3171 4995 3276 5050 est,
3323 4984 3452 5055 quia

203 5076 458 5144 διαϐολῆς
485 5090 499 5104 ο
549 5075 578 5126 ὁ
607 5075 714 5144 γὰρ
766 5071 1110 5144 ἀνθρώπινος
1144 5073 1309 5143 φόϐος
1383 5075 1770 5147 διαϐέϐληται,

203 5171 372 5222 δειλία
428 5167 782 5238 καλούμενος.
827 5168 897 5219 ’Ἡ
926 5167 1092 5236 φόϐον
1121 5166 1356 5219 ἐνταῦθα
1380 5167 1470 5220 τὸν
1495 5167 1774 5222 τελειωτι-

209 5263 300 5314 κὸν
327 5261 500 5327 λέγει,
532 5260 588 5321 ὃς
638 5259 796 5328 μόνος
837 5261 953 5311 ἐστὶ
983 5259 1246 5329 καθαρὸς,
1279 5259 1368 5313 διὰ
1401 5259 1560 5331 μόνον
1591 5261 1652 5313 τὸ
1696 5262 1771 5331 μὴ

205 5353 461 5405 ἐκπεσεῖν
517 5351 615 5418 τῆς
653 5350 747 5402 τοῦ
804 5349 942 5403 Θεοῦ
975 5350 1302 5415 οἰκειώσεως
1358 5353 1770 5424 συνιστάμενος.

259 5535 305 5565 "3
334 5530 482 5588 Psal.
507 5544 630 5583 κων
679 5527 733 5582 ὃ.
796 5529 840 5560 ⁸⁷
864 5527 1094 5596 Philipp.
1143 5542 1204 5592 ιι,
1240 5526 1327 5582 10.

1878 5099 1948 5140 ex
1981 5086 2222 5154 propriis
2262 5085 2511 5140 nascitur
2576 5085 2839 5154 peccatis.
2899 5079 2998 5135 Vel
3046 5082 3282 5134 mundus
3328 5079 3449 5132 ideo

1879 5176 2080 5230 dicitur
2123 5177 2212 5231 hic
2270 5178 2457 5239 timor,
2509 5177 2635 5246 quia
2696 5173 2980 5230 munditiae
3032 5181 3119 5226 est
3173 5183 3360 5233 causa,
3397 5178 3451 5222 et

1881 5266 2116 5320 mundos
2143 5266 2392 5322 homines
2429 5266 2630 5322 reddit.
2680 5266 2974 5338 [Praeterea
3029 5261 3131 5314 alia
3169 5266 3254 5314 est
3286 5258 3450 5326 hujus

1880 5360 2094 5414 timoris
2124 5359 2190 5415 ad
2221 5359 2359 5415 alios
2385 5358 2698 5414 diﬂerentia
2765 5375 2779 5411 :
2820 5358 3092 5438 humanus
3129 5352 3313 5420 timor,
3350 5361 3450 5409 aut

1526 5641 1727 5702 Varias
1759 5639 2086 5704 lectiones.

280 5747 391 5816 (71)
421 5750 504 5802 ῐσ.
538 5744 974 5816 καμφθήσονται.

282 5748 362 5810 (71
421 5750 504 5802 ῐσ.
538 5747 974 5816 καμφθήσονται.

282 5747 394 5889 ('42;
431 5819 748 5873 Addcndunt
781 5815 881 5880 εἰς,
913 5812 995 5870 vel
1025 5813 1180 5898 πρός.

1883 5807 1902 5862 ι
1948 5737 2072 5862 1(75)
2105 5736 2233 5792 Haec
2271 5737 2487 5793 inverso
2513 5733 2704 5792 ordine
2734 5732 2934 5806 legisse
2976 5732 3190 5792 videtur
3221 5733 3446 5792 Latinus

1907 5826 1938 5862 ll
1971 5822 2180 5862 Cl'Dl‘CS.

1907 5824 2180 5879 nterpres.
