3846 6592
427 348 538 415 263

1723 347 2116 412 EUTIIYMII
2159 350 2530 411 ZlGABENI
3609 350 3703 416 264

430 475 596 536 pacto
631 463 681 518 ei
718 461 892 517 locuti
925 469 1082 529 sunt,
1133 458 1384 516 dicentes
1430 457 1605 515 :Dics
1657 460 2023 518 tribulationis

2153 461 2224 516 τοῦ
2259 463 2399 534 πρὸς
2452 464 2701 531 Ἡσαΐαν,
2756 464 2929 530 οὕτως
2981 465 3308 537 εἰρήκασιν·
3351 462 3561 535 Ἡμέρα
3587 469 3704 524 θλί-

433 569 592 628 atqus
616 556 917 628 impropcrii
952 555 1019 610 ⁵⁸.

507 650 762 719 Protegat
819 659 869 702 te
921 664 1112 703 nomen
1165 646 1265 703 Dei
1291 647 1485 705 Iacob.
1515 649 1676 717 Quod
1716 648 2027 720 negl.ctum

434 739 600 792 modo
639 746 744 802 est,
793 747 848 792 et
881 736 1323 808 blaspliematum
1354 741 1423 795 ab
1474 740 1740 812 Assyriis.
1781 737 2030 794 Meminit

434 840 620 884 autem
659 829 992 899 patriarcha:
1023 829 1218 897 Jacob,
1253 832 1383 900 quia
1409 843 1464 889 et
1486 832 1654 887 illein
1687 835 1900 902 magnis
1930 848 2027 886 ca-

435 922 782 977 lamitatibus
831 933 1088 980 versatus
1121 932 1210 980 est
1247 933 1301 981 et
1334 925 1623 996 periculis,
1660 933 1714 981 et
1749 927 1819 980 ab
1849 925 2029 980 omni-

434 1015 540 1070 bus
578 1016 796 1070 tandem
840 1019 932 1072 Dei
971 1019 1177 1073 auxilio
1207 1019 1497 1076 liberatus.

508 1109 674 1164 Vens.
709 1111 764 1166 5.
804 1109 1028 1166 Emittet
1053 1110 1150 1165 tibi
1182 1112 1448 1165 auxilium
1501 1110 1566 1166 de
1626 1123 1838 1168 sancto.
1888 1109 2030 1166 San-

432 1208 611 1264 ctum,
638 1201 902 1270 templum
931 1202 1286 1272 appellabant
1303 1203 1544 1273 antiqui,
1566 1203 1712 1274 quod
1733 1203 2030 1260 adventare

433 1288 570 1343 illnc
601 1289 771 1344 Deum
801 1292 1126 1346 credebant.

506 1379 576 1434 Et
607 1381 673 1436 de
706 1381 839 1438 Sion
873 1393 1091 1438 tueatur
1123 1395 1192 1442 te.
1229 1385 1390 1443 Mons
1427 1385 1562 1442 Sion
1593 1385 1886 1442 dedicatus
1908 1393 2030 1440 erat

432 1470 689 1528 Domino.
718 1474 782 1530 Et
821 1491 1022 1533 sensus
1057 1489 1143 1533 est
1179 1495 1193 1533 :
1231 1479 1376 1535 Deus
1400 1479 1494 1551 qui
1536 1479 1752 1540 habitat,
1787 1479 1845 1534 in
1873 1479 2028 1542 Sion,

432 1563 586 1620 illinc
612 1568 793 1622 veniet
825 1568 876 1622 in
910 1570 1177 1624 auxilium
1213 1581 1388 1627 tuum.

510 1656 676 1714 Vens.
699 1661 753 1714 4.
786 1659 996 1717 Memor
1017 1663 1086 1717 sit
1121 1665 1294 1718 omnia
1315 1665 1576 1734 sacriﬁcii
1604 1664 1704 1718 tui.
1733 1661 2026 1729 Quodcun-

2128 559 2288 624 ψεως
2311 557 2411 611 καὶ
2446 558 2714 629 όνειδισμ
2724 557 2818 614 οὗ.

2216 650 2660 718 ’Υπερασπίσαι
2688 668 2806 706 σου
2844 652 2911 705 τὸ
2946 650 3136 721 ὄνομα
3176 650 3284 705 τοῦ
3312 651 3465 706 Θεοῦ
3500 653 3701 709 Ἰακώϐ.
3804 650 3805 721 l

2131 741 2205 795 Τδ
2237 742 2596 808 ὲξουδενωθὲν
2634 744 2730 797 καὶ
2765 741 3025 813 ὑϐρισθὲν
3085 743 3191 795 ὑπὸ
3225 743 3334 795 τῶν
3372 743 3698 813 Ἀσσυρίων

2129 833 2223 887 τοῦ
2259 833 2452 890 Ἰακώϐ
2471 835 2530 888 δὲ
2553 835 2984 905 ἐμνημόνευσεν,
3003 833 3078 895 ὡς
3107 834 3362 888 κάκείνου
3387 839 3698 904 πειρασμοῖς

2129 925 2492 998 ὁμιλήσαντος
2550 926 2809 997 μεγάλοις
2855 928 2952 981 καὶ
3003 926 3214 996 φόϐοις,
3267 928 3362 980 καὶ
3423 925 3700 996 ρυσθέντος
3804 929 3805 960 ῖ

2129 1019 2350 1073 πάντων
2386 1019 2477 1072 διὰ
2511 1019 2672 1073 Θεοῦ.

2203 1113 2666 1178 Ἐξαποστείλαι
2695 1130 2794 1169 σοι
2811 1112 3105 1180 ,ϐοήθειαν
3123 1113 3193 1179 ἐξ
3213 1114 3411 1183 ἁγίου.
3443 1114 3629 1180 Ἀγιον
3673 1117 3697 1169 ὁ
3804 1141 3805 1144 η

2131 1206 2256 1272 ναὸς
2281 1207 2619 1278 ὠνομάζετο,
2640 1210 2700 1261 ἐν
2721 1203 2765 1276 ᾧ
2798 1209 2992 1278 φοιτᾷν
3019 1208 3310 1261 ἐπίστευον
3338 1207 3432 1259 τὸν
3468 1207 3619 1260 Θεὸν.

2201 1379 2310 1435 Καὶ
2338 1380 2408 1434 ἐκ
2443 1379 2599 1435 Σιὼν
2655 1380 3038 1436 ἀντιλάϐοιτό
3064 1395 3206 1434 σου.
3244 1379 3305 1433 Ἦ
3337 1379 3477 1432 Σιὼν
3505 1377 3613 1450 γὰρ
3637 1378 3701 1447 τῷ

2130 1472 2248 1543 Θεῷ
2278 1473 2557 1527 ἀνέκειτο·
2587 1476 2616 1527 6
2665 1473 2819 1538 Θεὸς,
2877 1476 2906 1527 6
2943 1474 3001 1527 ὲν
3035 1477 3101 1544 τῇ
3159 1471 3300 1526 Σιὼν
3335 1470 3436 1536 ὢν,
3466 1471 3526 1535 ἐξ
3553 1471 3704 1541 αὐτῆς
3804 1519 3805 1530 η

2130 1565 2472 1636 κινούμενος,
2515 1567 2892 1660 βοηθήσαιοσοι

2201 1660 2516 1728 Μνησθείη
2557 1661 2766 1728 ,πάσης
2786 1659 3030 1727 θυσίας
3049 1675 3193 1716 σου.
3232 1660 3335 1716 Ἢν
3361 1661 3418 1712 ὲν
3447 1659 3528 1730 τῷ
3546 1659 3701 1730 καιρῷ

434 1764 544 1819 que
581 1752 797 1808 scilicet
831 1755 883 1808 in
911 1755 1065 1826 pacis
1097 1766 1345 1825 tempore
1381 1765 1441 1811 ut
1479 1757 1603 1826 pius
1637 1770 1703 1811 ac
1735 1755 2028 1826 religiosus

2153 1751 2232 1821 τῆς
2263 1754 2488 1823 εἰρήνης
2525 1754 2824 1824 προσῆγες,
2860 1752 3280 1816 θεοσεϐὲστατος
3303 1750 3403 1807 ὢν.

432 1842 484 1896 ei
519 1843 799 1899 OlllllllSIi.

513 1935 583 1989 Et
622 1936 993 1992 holocaustum
1028 1948 1179 1991 tuum
1234 1938 1427 2008 pingue
1476 1938 1592 2008 ﬁat.
1625 1938 1732 1995 Per
1763 1938 2030 1994 holocau-

435 2040 586 2084 stum
619 2029 900 2082 victimam
954 2029 1233 2098 intelligit,
1259 2044 1426 2100 quam
1457 2037 1626 2084 totam
1681 2039 1849 2100 atque
1890 2032 2030 2087 into-

433 2135 588 2193 gram
616 2131 733 2176 crat
772 2120 1086 2176 oblaturus.
1118 2121 1268 2187 llaec,
1311 2123 1508 2191 inquit,
1545 2123 1765 2178 victima
1801 2125 2030 2195 pingue-

432 2223 574 2269 scat.
606 2213 725 2268 Fiet
750 2225 936 2270 autem
970 2215 1210 2286 pinguis,
1241 2215 1284 2270 si
1319 2214 1488 2271 libera
1521 2217 1570 2270 ei
1605 2231 1809 2286 pascua
1843 2217 2030 2272 dimit-

434 2315 645 2372 tantur,
684 2306 834 2377 quod
865 2306 992 2370 erit,
1027 2307 1299 2362 dissoluta
1328 2307 1640 2363 obsidione.
1664 2306 1766 2364 Per
1793 2310 2029 2365 victima:

432 2399 622 2468 itaque
674 2397 1091 2469 pinguedinem,
1129 2396 1445 2454 obsidionis
1478 2401 1645 2454 etiam
1701 2399 2027 2459 dissolutio-

432 2504 559 2544 nem
621 2489 742 2544 lieri
779 2496 955 2555 Optat.
998 2486 1119 2555 Vel,
1159 2490 1476 2560 pingueﬁat,
1524 2490 1630 2546 hoc
1674 2500 1781 2560 est,
1824 2493 2024 2564 pingue

431 2591 724 2652 reputetur
759 2591 814 2636 et
844 2590 1160 2652 acceptum.
1201 2582 1606 2640 Bolocaustum
1643 2583 1833 2641 Graeca
1858 2587 2029 2642 dictio

431 2683 540 2740 est,
573 2690 641 2728 ex
676 2674 920 2731 nominis
959 2677 1291 2747 etymologia
1349 2677 1432 2732 sic
1461 2677 1694 2745 dictum,
1733 2681 1879 2750 quod
1939 2692 2024 2738 to-

415 2755 551 2823 itum
596 2769 974 2824 comburatur.
995 2766 1407 2824 Sacriﬁciorum
1427 2773 1573 2825 enim
1619 2771 1726 2828 alia
1759 2773 2026 2842 totaliter,

433 2856 539 2910 alia
577 2867 760 2910 autem
799 2859 851 2911 in
883 2869 1049 2928 parte
1079 2857 1587 2916 comburebantur:
1623 2863 1791 2918 veluti
1833 2879 2026 2920 omen-

436 2957 580 3010 tum,
605 2964 794 3014 reues,
828 2957 884 3002 et
910 2949 1104 3021 adeps,
1136 2959 1193 3005 et
1241 2951 1349 3006 alia
1379 2951 1723 3022 hujusmodi,
1758 2963 1816 3010 ut
1857 2957 2026 3012 habe-

436 3050 528 3093 tur
563 3040 619 3094 in
653 3038 915 3097 Levitico.

2201 1929 2312 1985 Kal
2347 1930 2414 1983 τὸ
2469 1929 2863 2000 ὁλοκαύτωμά
2911 1947 3031 1986 σου
3068 1931 3361 1985 manica).
3407 1932 3472 1985 Ὃ
3509 1931 3700 2002 μέλλεις

2131 2024 2526 2094 προσενεγκεῖν
2583 2024 2663 2086 εἰς
2728 2022 3116 2093 ὀλοκάρπωσιν
3181 2022 3353 2094 θῦμα,
3424 2023 3698 2092 πιανθείη·

2129 2115 2496 2187 πιανθήσεται
2536 2114 2616 2179 δὲ,
2651 2115 2826 2185 νομῆς
2857 2114 3155 2184 ἐλευθέρας
3193 2113 3492 2168 ἀπολαῦον.
3527 2114 3699 2168 Ἐςται

2128 2208 2187 2262 δὲ
2213 2208 2392 2272 τοῦτο,
2419 2207 2680 2277 λυθείσης
2715 2207 2847 2261 ποτὲ
2895 2206 2998 2278 τῆς
3051 2206 3374 2278 πολιορκίας
3399 2223 3413 2236 ⁸
3450 2205 3594 2260 ὥστε
3629 2206 3701 2259 διὰ

2128 2303 2228 2369 τῆς
2251 2300 2506 2370 πιότητος
2525 2299 2618 2354 τοῦ
2653 2299 2918 2370 θύματος,
2949 2299 3049 2370 τὴν
3074 2298 3230 2353 λύσιν
3259 2299 3365 2368 τῆς
3397 2299 3695 2368 πολιορκίας

2129 2393 2164 2460 ὴ
2199 2390 2334 2461 εὐχὴ
2367 2390 2642 2462 βούλεται.
2665 2391 2734 2445 Ἦ
2763 2389 3057 2455 Πιανὰτω,
3078 2391 3199 2445 ἀντὶ
3227 2389 3344 2455 τοῦ,
3376 2389 3526 2444 Hier
3575 2390 3700 2460 ἡγη-

2129 2479 2361 2544 σάσθω,
2395 2480 2490 2533 καὶ
2517 2480 2905 2536 εὐαπόδεκτον.
2935 2481 3331 2550 Ὀλοκαύτωμα
3361 2481 3419 2534 δὲ
3446 2481 3698 2545 ἐκαλεῖτο,

2127 2572 2264 2626 διότι
2294 2573 2416 2626 ὅλον
2449 2573 2668 2627 ἐκαίετο
2689 2588 2704 2603 °
2759 2575 2856 2628 καὶ
2891 2574 3000 2646 γὰρ
3035 2574 3142 2628 τῶν
3173 2573 3437 2644 θυμάτων
3485 2573 3552 2627 τὰ
3615 2573 3698 2643 μὲν

2127 2663 2536 2720 ὼλοκαυτοῦντο
2557 2681 2570 2694 ·
2621 2666 2731 2721 τῶν
2757 2665 2815 2720 δὲ
2869 2666 3034 2738 μόριά
3066 2684 3188 2720 τινα
3217 2665 3564 2730 κατεκαίετο,
3599 2669 3700 2719 ἐπί-

2129 2756 2320 2821 πλους,
2347 2760 2443 2810 καὶ
2467 2759 2680 2828 νεφροὶ,
2716 2757 2810 2812 καὶ
2833 2759 3019 2830 στέαρ,
3049 2759 3144 2813 καὶ
3179 2758 3314 2812 ἄλλα
3338 2756 3586 2823 τοιαῦτα,
3619 2775 3698 2810 κα-

2130 2847 2238 2913 θὼς
2267 2848 2329 2903 τὸ
2360 2849 2648 2905 Λευιτικὸν
2678 2849 2903 2918 ἐδίδαξε.

515 3129 676 3188 Vens.
698 3133 751 3188 5.
776 3131 995 3190 Tribuat
1023 3138 1120 3192 tibi
1151 3139 1408 3195 Dominus
1435 3140 1722 3196 secundum
1739 3157 1832 3196 cor
1854 3149 2026 3198 tuum.

2203 3120 2330 3187 Δώη
2351 3134 2452 3174 σοι
2495 3121 2711 3188 Κύριος
2761 3117 2912 3174 κατά
2939 3117 3054 3187 τὴν
3076 3117 3335 3187 καρδίαν
3379 3132 3518 3172 σου.
3551 3115 3633 3180 Ὠς
3669 3117 3695 3186 ἡ

440 3221 509 3276 lit
545 3235 816 3280 cortuum
849 3236 1028 3298 optat.
1077 3232 1188 3289 Cor
1219 3243 1404 3288 autem
1438 3233 1714 3304 Propheta
1752 3249 1900 3304 saipe
1936 3249 2028 3304 po-

2153 3213 2334 3284 ιαρδία
2374 3230 2470 3266 σου
2531 3213 2804 3283 βούλεται.
2849 3212 3095 3283 Καρδίαν
3139 3212 3192 3265 δὲ
3228 3210 3329 3284 τὴν
3383 3209 3565 3281 ψυχὴν
3591 3211 3697 3262 πολι

436 3315 520 3372 nit
561 3313 660 3388 pro
687 3320 895 3386 anima,
933 3336 1001 3378 eo
1026 3323 1174 3394 quod
1214 3340 1327 3395 prae
1351 3302 1570 3384 czeteris
1594 3327 1717 3384 aliis
1768 3302 2028 3385 membris

2153 3307 2292 3370 uixi;
2319 3309 2345 3360 6
2369 3306 2663 3378 Προφήτης
2693 3305 2866 3374 λέγει,
2901 3305 2991 3360 διὰ
3017 3307 3077 3358 τὸ
3108 3302 3340 3375 ὲξῆφθαι
3369 3302 3574 3371 ταύτην
3616 3302 3696 3368 τῆς

435 3417 535 3457 cor
577 3405 646 3459 ab
679 3408 862 3460 anima
898 3393 1231 3480 inspiretur;
1260 3411 1354 3468 Sic
1380 3414 1547 3470 etiam
1565 3415 1697 3471 alibi
1733 3417 2028 3488 accipitur:

2153 3399 2334 3471 μυχῆς,
2365 3399 2603 3470 μάλιστα
2651 3398 2760 3451 τῶν
2787 3397 2965 3453 ἄλλων
3007 3398 3208 3468 μελῶν,
3245 3394 3322 3459 ὡς
3352 3395 3413 3448 τό
3434 3411 3447 3424 ο
3494 3393 3557 3445 Ἠ
3583 3410 3698 3463 καρ-

433 3494 541 3550 Cor
569 3514 742 3553 meum
767 3511 816 3554 et
842 3517 970 3557 caro
1011 3520 1125 3559 mea
1167 3507 1569 3563 exsultaverunt
1627 3511 1684 3564 in
1737 3509 1906 3564 Deum
1956 3496 2028 3566 vi-

2153 3495 2220 3547 Βία
2256 3510 2358 3562 μου
2411 3493 2504 3546 καὶ
2555 3494 2588 3563 η
2626 3491 2764 3563 σάρξ
2811 3509 2912 3563 μου
2983 3489 3392 3560 ἡγαλλιάσαντο
3444 3489 3540 3542 ἐπὶ
3583 3487 3694 3540 Θεὸν

435 3596 657 3644 tentent.

2153 3587 2335 3653 ζῶντα.

518 3679 588 3732 Et
624 3699 776 3736 omne
799 3685 1083 3738 consilium
1139 3696 1289 3740 tuum
1356 3689 1594 3758 impleat.
1651 3689 2028 3766 Quodcunque

2204 3679 2313 3736 Kal
2346 3679 2555 3735 πᾶσαν
2584 3677 2700 3746 τὴν
2723 3677 2973 3744 ,ϐουλήν
3014 3693 3130 3731 σου
3169 3674 3511 3744 πληρώσαι.
3555 3674 3698 3740 Ἀγα-

436 3773 658 3830 scilicet
685 3788 900 3832 rectum
932 3796 996 3832 ac
1033 3780 1249 3849 justum
1288 3783 1478 3839 fuerit.

2153 3773 2238 3843 ὶὴν
2264 3773 2361 3826 καὶ
2394 3772 2610 3827 δικαίαν
2641 3768 2830 3826 οὖσαν.

509 3863 680 3922 Vsus.
711 3870 765 3923 6.
792 3867 1127 3925 Lwtabimur
1154 3874 1206 3927 in
1235 3877 1468 3930 salutari
1532 3885 1642 3933 tuo.
1703 3876 2027 3951 Speremus,

2208 3865 2724 3936 Ἀγαλλιασόμεθα
2744 3862 2844 3918 ἐπὶ
2885 3859 2964 3928 τῷ
2983 3861 3257 3931 σωτηρίῳ
3279 3876 3420 3916 σου.
3450 3857 3696 3913 Hamillu-

433 3957 633 4027 inqnit,
674 3961 818 4028 quod
844 3959 990 4017 Deus
1026 3979 1180 4019 suam
1216 3967 1291 4022 ob
1326 3969 1860 4038 clementiam,etob
1881 3983 2028 4030 tuam

2153 3979 2238 4015 ιεν
2274 3963 2356 4015 ὃτι
2377 3961 2466 4014 διὰ
2493 3958 2592 4030 τὴν
2627 3959 2792 4012 αὐτοῦ
2823 3959 3192 4028 χρηστότητα,
3232 3955 3331 4008 καὶ
3355 3955 3458 4024 τὴν
3485 3953 3580 4024 σὴν
3615 3967 3698 4004 και

434 4049 801 4116 probitatetn,
845 4053 1194 4122 praestiturus
1226 4058 1326 4112 tibi
1365 4060 1438 4114 sit
1461 4059 1722 4127 salutem,
1749 4073 1912 4133 teque
1948 4065 2028 4120 in-

2153 4055 2445 4126 .ouapalav,
2476 4054 2507 4106 6
2543 4051 2674 4115 Θεὸς
2699 4052 2795 4124 τὴν
2827 4051 3101 4121 σωτηρίαν
3133 4049 3372 4117 ποιήσει,
3415 4047 3513 4100 καὶ
3552 4048 3697 4099 ἀκατ-

435 4140 810 4210 superabilem
831 4143 1174 4211 redditurus,
1195 4163 1306 4218 quo
1333 4149 1600 4208 beneficio
1621 4162 1676 4210 et
1715 4171 1819 4212 nos
1848 4167 2028 4214 tecum

2153 4149 2436 4218 ιγώνιστον
2465 4146 2620 4216 θήσει
2645 4161 2727 4209 σε,
2764 4139 2833 4216 ἦς
2866 4147 2958 4198 καὶ
2986 4143 3149 4214 ἡμεῖς
3175 4142 3577 4208 ἀπολαύσομεν.

437 4232 646 4301 pariter
670 4232 938 4291 fruemur.
3206 4297 3224 4322 ι

515 4322 585 4376 Et
615 4326 670 4378 in
739 4328 950 4406 nomine
990 4329 1090 4385 Dei
1124 4333 1295 4387 nostri
1355 4337 1838 4406 magniﬁcabimur.
1893 4340 2028 4396 Nam

2217 4327 2322 4381 Ἕν
2351 4325 2431 4392 τῷ
2480 4326 2724 4396 ὀνόματι
2763 4326 2988 4392 Κυρίου
3020 4322 3171 4378 Θεοῦ
3204 4321 3377 4391 ἡμῶν
3418 4323 3696 4392 μεγαλυν-

435 4415 484 4470 si
511 4404 763 4473 inimicus
802 4419 947 4476 Deus
999 4427 1263 4492 conterit,
1293 4404 1667 4486 formidabilis
1692 4433 1857 4486 etiam
1925 4437 2028 4490 erit

2153 4421 2464 4492 θησόμεθα.
2494 4421 2554 4473 El
2581 4421 2691 4489 γὰρ
2722 4418 2999 4488 συντρίϐει
3035 4419 3162 4474 τοὺς
3196 4416 3450 4487 ἐχθροὺς,
3493 4414 3695 4508 φοϐερᾷ

437 4508 724 4576 gentibus,
749 4510 854 4566 hoc
879 4513 1000 4568 solo
1043 4519 1269 4574 nomine
1304 4519 1453 4575 Deus
1483 4521 1651 4576 Israel
1681 4523 1972 4580 invocatus
2009 4543 2026 4582 :

2153 4517 2288 4570 ἔσται
2319 4518 2428 4579 τοῖς
2475 4514 2676 4580 ἔθνεσι,
2717 4511 2812 4566 καὶ
2850 4512 3012 4582 μόνον
3060 4510 3470 4581 ὀνομαζόμενος
3507 4511 3534 4561 6
3583 4507 3694 4567 Θεὸς

435 4615 535 4669 per
589 4602 740 4670 quod
790 4619 992 4660 nomen
1035 4618 1089 4661 et
1150 4623 1254 4665 nos
1305 4614 1808 4684 magnilicabimur,
1864 4615 2028 4672 veluti

2153 4610 2222 4663 ῖοῦ
2263 4608 2478 4680 Ἰσραήλ
2499 4627 2513 4640 ο
2546 4609 2634 4662 διὰ
2658 4607 2715 4660 δὲ
2747 4606 2841 4660 τοῦ
2873 4604 3119 4658 τοιούτου
3155 4605 3422 4674 ὀνόματος
3451 4602 3694 4672 καὶήμεῖς

436 4693 701 4748 exaudita
734 4695 1088 4755 invocatione
1140 4697 1370 4758 nostra.

2153 4700 2675 4772 ιεγαλυνθησόμεθα
2713 4699 3222 4769 συνεξακουόμενοι.

2201 4793 2526 4864 Πληρώσαι
2574 4794 2792 4861 Κύριος
2845 4791 3044 4845 πάντα
3097 4792 3170 4846 τὰ
3212 4788 3514 4859 αὶτήματά
3573 4804 3691 4842 σου.

2145 4893 2494 4964 Ἐπιμένουσι
2519 4893 2585 4962 τῇ
2613 4891 2771 4962 εὐχῇ,
2801 4889 2888 4944 διὰ
2918 4889 3021 4959 τὴν
3051 4889 3313 4960 ἐπίμονον
3332 4888 3427 4942 τοῦ
3454 4887 3695 4958 βασιλέως

2132 4985 2426 5057 συντρισὴν
2453 4985 2552 5038 καὶ
2574 4985 2932 5037 ταπείνωσιν.

511 4782 680 4842 Vens.
710 4786 763 4841 7.
788 4787 1019 4858 Impleat
1051 4794 1311 4851 Dominus
1344 4814 1522 4854 omnes
1573 4801 1852 4869 petitiones
1883 4811 2030 4860 tuas.

437 4875 687 4934 Orationi
721 4879 992 4938 insistunt
1035 4899 1089 4941 et
1127 4890 1409 4958 precibus,
1455 4894 1526 4948 ob
1583 4894 1901 4952 diuturnam
1965 4911 2032 4953 ac

439 4979 788 5028 constantem
855 4979 1252 5036 contritionem
1304 4993 1473 5055 atque
1519 4987 1885 5044 humilitatem
1946 5006 2033 5046 re-

437 5075 544 5131 gis.

504 5154 665 5212 Nunc
688 5163 904 5233 cognovi
936 5167 1190 5234 quoniam
1212 5167 1418 5223 salvum
1440 5170 1562 5238 fecit
1594 5170 1852 5228 Dominus
1874 5174 2033 5230 Chri-

433 5258 572 5302 stum
598 5268 777 5310 suum.
809 5255 938 5314 Haec
978 5261 1139 5330 quasi
1165 5262 1232 5316 ab
1256 5278 1593 5334 unoquoque
1645 5281 1834 5321 eorum
1897 5279 2029 5327 tunc

438 5344 647 5410 pariter
671 5353 1150 5418 comprecantium
1185 5355 1332 5408 dicta
1359 5364 1508 5421 sunt,
1541 5357 1875 5415 ccrtitudinc
1896 5378 2034 5432 qua-

437 5432 564 5485 dam
607 5435 806 5493 salutis
828 5439 1018 5496 habita
1051 5457 1080 5495 a
1115 5455 1310 5501 sancto
1350 5444 1580 5518 Spiritu.
1608 5450 1892 5506 Christum
1926 5469 2027 5508 auo

438 5526 769 5609 tcmRegem
807 5537 1049 5606 appellat
1078 5546 1136 5593 ut
1173 5549 1421 5598 unctum.

508 5620 778 5681 Exaudicl
802 5629 955 5684 illum
993 5632 1059 5688 de
1082 5635 1212 5690 ccclo
1241 5646 1428 5694 sancto
1455 5655 1576 5698 suo.
1596 5640 1656 5698 In
1695 5643 1839 5702 coelo
1863 5641 2021 5700 babi-

2202 5169 2335 5224 Νῦν
2382 5169 2599 5239 ἔγνων,
2632 5166 2723 5222 ὅτι
2773 5166 2974 5221 ἔσωσε
3024 5167 3240 5236 Κύριος
3291 5166 3399 5220 τὸν
3461 5161 3694 5233 Χριστὸν

2131 5261 2343 5317 αὑτοῦ.
2359 5261 2532 5315 Τοῦτο
2565 5261 2640 5325 ὼς
2667 5261 2760 5330 ἀφ’
2790 5260 3026 5313 ἑκάστου
3056 5259 3167 5313 τῶν
3198 5259 3529 5328 εὐχομένων,
3561 5271 3693 5324 τηνιο

2133 5355 2311 5409 καῦτα
2347 5354 2724 5426 πληροφορίαν
2759 5352 2883 5407 τινὰ
2914 5352 3228 5422 δεξαμένων
3263 5350 3415 5421 παρὰ
3435 5349 3526 5401 τοῦ
3552 5347 3688 5416 ἁγίου

2131 5451 2474 5522 Πνεῦματος.
2533 5448 2770 5520 Χριστὸς
2817 5449 2924 5519 γὰρ
2977 5449 3006 5497 6
3060 5440 3341 5518 βασιλεὺς,
3387 5443 3462 5505 ὡς
3497 5441 3693 5511 χριόμε-

2127 5561 2240 5608 νος.

2195 5637 2625 5694 Ἐπακούσεται
2657 5632 2846 5691 αὐτοῦ
2881 5631 2950 5699 ἐξ
2980 5630 3244 5703 οὐρανοῦ
3305 5631 3479 5700 ἁγίου
3504 5625 3689 5682 αὐτοῦ.

504 5809 557 5841 ⁸³
593 5811 708 5869 lsa.
745 5828 952 5884 xxxvu,
991 5815 1047 5873 5.
