3916 6568
202 447 312 511 265

200 561 316 616 Καὶ
344 563 401 614 ἐν
437 562 686 632 οὐρανοῖς
728 561 837 633 γὰρ
878 560 1140 633 κατῴκει,
1198 564 1292 616 καὶ
1321 566 1378 615 ἐν
1410 565 1489 634 τῷ
1518 564 1630 635 ναῷ
1661 565 1781 616 ἐπε-

1896 566 2065 632 labat,
2095 573 2149 621 et
2178 565 2232 619 in
2267 563 2467 636 templo
2503 563 2868 622 obumbrabat

200 654 416 717 σκίαζε.
447 652 540 707 Διό
569 671 698 707 ποτε
729 654 828 724 μὲν
857 654 922 707 ἐκ
954 654 1049 708 τοῦ
1083 653 1237 720 ναοῦ,
1275 656 1406 710 ποτὲ
1438 656 1495 710 δὲ
1525 656 1584 724 ἐξ
1615 657 1785 726 οὐρα-

197 749 293 803 νοῦ
318 747 508 803 τοῦτον
537 751 904 821 παρεκάλουν.
947 749 1146 820 Ἀγίου
1166 749 1244 818 δὲ,
1274 750 1368 804 τοῦ
1401 751 1787 823 ἀφωρισμένου

275 859 371 897 τω.
1111 894 1114 897 .

199 858 371 895 αυτω.
1111 894 1114 897 .

269 894 376 985 ’έν
409 929 799 998 δυναστείαις
827 930 865 999 ἡ
902 933 1167 1002 σωτηρία
1196 933 1308 1000 τῆς
1335 930 1540 998 δεξιᾶς
1578 934 1787 992 αὑτοῦ.

212 1020 302 1073 Ἐν
332 1023 611 1095 ὑπερϐολῇ
645 1023 932 1093 δυνάμεως
975 1025 1008 1096 ἡ
1067 1025 1219 1095 παρὰ
1272 1024 1375 1097 τῆς
1419 1024 1571 1090 θείας
1605 1024 1789 1090 δεξιᾶς

196 1114 467 1183 γινομένη
505 1116 615 1166 τιν)⁵
642 1115 919 1187 σωτηρία·
953 1116 1034 1171 διὸ
1071 1117 1177 1189 χρὴ
1207 1118 1452 1190 θαρρεῖν,
1483 1116 1676 1189 καὶμὴ
1705 1118 1791 1172 δε-

112 1226 118 1233 ”
196 1209 379 1262 διέναι
436 1210 538 1279 τὴν
583 1210 849 1267 δοκοῦσαν
905 1212 1281 1267 ἀνυπόστατον
1340 1214 1450 1267 τῶν
1508 1211 1801 1283 πολεμίων

196 1302 586 1371 παρασκευήν.

279 1508 459 1568 Οὗτοι
490 1513 561 1567 ἐν
606 1516 850 1582 ἅρμασι,
898 1515 999 1572 καὶ
1023 1511 1189 1573 οὗτοι
1229 1517 1298 1571 ἐν
1327 1518 1553 1585 ἵπποις.
1594 1521 1657 1574 Οἱ
1692 1539 1789 1575 κυ-

200 1605 519 1670 κλώσαντες
548 1609 695 1677 ἡμᾶς
730 1609 788 1662 ἐν
821 1608 1034 1680 ἅρμασι
1064 1610 1158 1664 καὶ
1187 1610 1377 1676 ἵπποις
1406 1612 1534 1679 εἰσὶ,
1573 1614 1667 1666 καὶ
1698 1632 1790 1668 πε-

199 1701 461 1755 ποίθασιν
479 1719 492 1731 ⁸
520 1694 671 1756 οὗτοι
690 1703 746 1757 δὲ
772 1703 869 1757 καὶ
892 1699 1058 1771 οὗτοι,
1088 1705 1137 1757 οἱ
1159 1705 1314 1759 αὐτοί
1334 1721 1347 1736 ⁸
1375 1707 1468 1760 καὶ
1497 1707 1656 1766 τοῦτο
1681 1709 1788 1779 γὰρ

198 1792 404 1862 ιδίωμα
427 1793 530 1862 τῆς
564 1794 843 1865 Ἐϐραΐδος
868 1795 1172 1851 διαλέκτου.

281 1991 486 2062 Ἡμεῖς
516 1995 585 2048 δὲ
610 1998 680 2049 ἐν
726 1998 969 2067 ὀνόματι
1006 2000 1228 2068 Κυρίου
1268 1999 1419 2056 Θεοῦ
1469 2002 1640 2072 ἡμῶν
1670 2004 1783 2076 (76)

190 2089 799 2157 μεγαλυνθηονόμεθα.
864 2091 1057 2162 Ἡμεῖς
1093 2094 1148 2145 δὲ
1180 2095 1238 2146 ἐν
1282 2096 1508 2165 ὀνόματι
1552 2097 1780 2169 Κυρίου,

196 2176 311 2247 (77)
342 2177 402 2230 τὸ
425 2178 779 2242 ἐξονειδισθέν
812 2184 965 2252 παρὰ
993 2182 1102 2235 τῶν
1129 2184 1362 2255 ἐχθρῶν,
1410 2187 1491 2250 εἰς
1529 2185 1783 2257 βοήθειαν

196 2269 744 2341 ὲπικαλεσόμεθαοῆ
800 2273 887 2326 διὰ
926 2274 986 2327 τὸ
1019 2275 1189 2346 ϐνομα
1241 2278 1469 2347 Κυρίου,
1527 2280 1588 2333 τδ
1628 2280 1780 2351 ὑϐρι-

197 2361 348 2428 σθὲν,
388 2364 829 2436 ἐπικαλεσάμεθα
850 2367 943 2420 τὸν
970 2369 1171 2439 Κύριον
1211 2370 1428 2441 βοηθόν.

256 2566 440 2620 Αὐτοὶ
466 2566 1028 2638 συνεποδίσθησαν,
1071 2572 1171 2625 καὶ
1196 2573 1452 2628 ἔπεσον·
1491 2577 1659 2645 ἡμεῖς
1692 2578 1781 2647 δὲ,

194 2657 562 2727 ἀνέστημεν,
590 2661 687 2715 καὶ
711 2662 1160 2733 ἀνωρθώθημεν.
1198 2668 1277 2721 Τὰ
1314 2669 1412 2738 μὲν
1440 2672 1783 2741 προλαϐόντα

198 2749 363 2817 ῥητὰ,
423 2752 567 2805 κατὰ
597 2752 688 2804 τὸν
720 2754 910 2825 καιρὸν
955 2750 1094 2827 ἦσαν
1129 2756 1223 2810 τοῦ
1251 2758 1449 2829 θρήνου
1500 2765 1591 2816 καὶ
1621 2782 1783 2818 κοπε-

194 2840 289 2893 τοῦ
310 2858 325 2872 ο
360 2844 431 2894 τὰ
458 2845 567 2912 γὰρ
597 2844 869 2909 ἐντεῦθεν,
917 2848 1056 2917 μετὰ
1092 2848 1189 2918 τὴν
1220 2850 1451 2919 ἀόρατον
1500 2855 1781 2926 ἀναίρεσιν

194 2934 305 2986 τῶν
325 2936 636 3005 Ἀσσυρίων
692 2938 954 3006 ἐγίνοντο,
1005 2940 1259 3027 λυθείσης
1305 2944 1405 3013 τῆς
1438 2947 1778 3019 πολιορκίας,

197 3026 287 3077 καὶ
313 3029 618 3096 χαιρόντων
649 3030 888 3097 πάντων,
912 3033 1005 3086 καὶ
1034 3033 1125 3087 τὸν
1149 3035 1280 3087 Θεὸν
1308 3036 1659 3105 δοξαζόντων,
1688 3042 1781 3095 καὶ

195 3117 471 3187 λεγόντων
512 3121 719 3175 ταῦτα*
757 3125 1227 3197 Συνεποδίσθησαν
1267 3130 1375 3201 γὰρ
1415 3134 1479 3202 τῇ
1532 3132 1651 3205 θείᾳ
1693 3135 1783 3188 δυ-

193 3211 385 3281 νάμει,
418 3214 515 3267 καὶ
547 3217 967 3288 κατηνέχθησαν
1018 3224 1224 3292 πτῶμα
1253 3225 1583 3289 θανάσιμον’
1621 3228 1781 3297 ⁴ἡμεῖς

1362 453 1755 515 COMMENT.
1804 454 1885 515 IN
1914 455 2276 517 PSALMOS.
3351 451 3464 518 ἓϐτῑ

2928 580 2941 618 :
2986 570 3151 632 atque
3214 562 3337 619 idco
3369 564 3471 619 ali-

1890 657 2115 726 quando
2149 672 2179 713 e
2217 658 2443 727 templo,
2485 657 2788 728 aliquando
2820 672 2949 713 vero
2989 657 3350 715 ecoeloillum
3375 657 3472 711 ad-

1888 749 2176 805 vocabant.
2198 748 2453 804 Sanctum
2482 765 2612 805 vero
2674 751 2875 805 coelum
2916 749 3152 820 appellat
3170 749 3327 819 quasi
3346 764 3472 804 san-

1892 843 2189 899 ctilicatum
2227 843 2338 900 Deo
2372 860 2437 900 ac
2470 844 2807 901 dedicatum.

1968 934 2035 990 In
2073 938 2429 1006 potentatibus
2476 939 2625 993 salus
2670 939 2906 994 dexterw
2950 940 3088 1009 ejus.
3132 937 3298 993 Salus
3350 939 3467 1005 illa,

1890 1044 2012 1099 quae
2045 1030 2271 1086 obvenit
2295 1046 2324 1085 a
2354 1031 2531 1101 gratia
2566 1029 2683 1097 De‘i,
2722 1031 2948 1086 fundata
2976 1039 3061 1087 est
3096 1031 3150 1085 in
3187 1031 3470 1085 abundan-

1890 1121 1965 1175 tia
1995 1122 2230 1192 quadam
2265 1131 2429 1192 atque
2459 1138 2690 1178 excessu
2735 1124 2934 1178 divinae
2964 1122 3221 1193 potentiae
3255 1138 3270 1189 ;
3305 1133 3471 1193 atque

1893 1210 2018 1265 ideo
2042 1227 2141 1267 nos
2159 1213 2435 1268 conlidere
2455 1224 2672 1283 oportet
2690 1222 2742 1269 et
2765 1213 3115 1270 inimicorum
3137 1221 3468 1285 apparatum

1889 1318 1997 1358 non
2033 1305 2247 1371 timere,
2267 1320 2579 1374 quanquam
2648 1307 2950 1362 immensus
2979 1307 3273 1362 admodum
3305 1315 3471 1378 atque

1891 1394 2270 1452 intolerandus
2296 1398 2569 1454 videatur.

1966 1506 2132 1565 Vens.
2164 1509 2216 1563 8.
2251 1508 2325 1564 Hi
2355 1511 2408 1565 in
2434 1513 2762 1577 curribus,et
2788 1512 2911 1568 hiin
2946 1514 3120 1584 equis.
3145 1515 3211 1569 Hi
3245 1515 3337 1583 qui
3358 1515 3470 1570 cir-

1890 1598 2157 1653 cumdant
2193 1615 2319 1665 nos,
2353 1602 2409 1656 in
2446 1605 2704 1659 curribus
2737 1612 2792 1659 et
2819 1604 2872 1659 in
2897 1605 3055 1675 equis
3080 1614 3231 1671 sunt,
3270 1608 3324 1661 in
3353 1607 3473 1676 qui-

1892 1691 1997 1746 bus
2028 1691 2336 1748 conlidunt.
2395 1693 2627 1750 Eosdem
2665 1696 2811 1751 enim
2868 1697 3125 1754 inimicos
3178 1698 3472 1769 utrobique

1892 1780 2168 1853 intelligit,
2195 1782 2440 1855 [tametsi
2467 1794 2675 1854 repetat
2702 1786 3047 1860 articulum],
3112 1794 3306 1859 estque
3369 1791 3471 1844 hoc

1891 1875 2058 1928 etiam
2089 1874 2370 1932 llebraiea:
2400 1878 2603 1949 lingua:
2634 1880 2861 1936 idioma.

1943 1984 2057 2041 Nos
2082 1998 2259 2043 autent
2282 1992 2333 2043 in
2372 1992 2581 2047 nomine
2631 1993 2723 2048 Dei
2742 1997 2914 2050 nostri
2963 1998 3340 2055 invucabimus.
3362 2000 3472 2056 Nos

1892 2087 2100 2145 autem,
2142 2083 2341 2153 inquit,
2370 2084 2504 2140 illud
2538 2086 2629 2141 Dei
2677 2104 2897 2156 nomen,
2945 2092 3088 2162 quod
3122 2093 3191 2149 ab
3234 2094 3471 2150 inimicis

1891 2174 2280 2241 exprobratum
2302 2190 2364 2229 ac
2383 2179 2714 2235 contumelia
2732 2181 2985 2236 aﬂ'ectum
3005 2194 3109 2249 est,
3132 2185 3186 2238 in
3206 2186 3468 2240 auxilium

1892 2270 2137 2317 nostrum
2161 2264 2575 2323 invocabimus:
2609 2267 2718 2335 vel,
2741 2277 2969 2339 propter
2990 2286 3193 2326 nomen
3227 2271 3466 2337 Domini,

1891 2357 2037 2424 quod
2072 2356 2140 2411 ab
2177 2358 2286 2413 illis
2335 2369 2580 2430 spretum
2616 2370 2700 2417 est
2749 2361 3130 2421 invocabimus
3176 2365 3466 2421 Dominum

1891 2449 2213 2517 adjutorem.

1964 2562 2202 2617 Vens.9.
2237 2561 2349 2631 Ipsi
2374 2564 2593 2635 obligati
2635 2574 2758 2621 sunt
2786 2575 2835 2621 et
2860 2567 3183 2635 ceciderunt,
3224 2585 3318 2624 nos
3368 2587 3469 2623 au-

1892 2663 1993 2706 tem
2024 2655 2355 2709 surreximus
2384 2665 2432 2710 et
2456 2658 2616 2711 erecti
2656 2674 2861 2713 sumus.
2924 2658 3221 2730 Superiora
3279 2663 3468 2728 verba,

1891 2744 2306 2802 lamentationis
2325 2762 2388 2802 ac
2416 2748 2671 2817 planctus
2704 2757 2949 2822 tempore
2971 2752 3181 2821 prolata
3206 2752 3426 2808 fuerunt
3452 2774 3466 2809 :

1890 2852 2011 2909 quae
2047 2850 2351 2910 sequuntur
2387 2850 2510 2911 post
2544 2843 2875 2899 invisibilem
2891 2846 3246 2917 Assyriorum
3266 2848 3468 2903 cmdeni

1890 2930 2035 2984 dicta
2070 2941 2224 2995 sunt.
2277 2933 2574 2991 obsidione
2613 2936 2825 2991 scilicet
2867 2939 3162 3004 dissoluta,
3212 2942 3470 2995 omnibus

1889 3026 2252 3097 gaudentibus
2289 3037 2343 3083 ct
2372 3028 2538 3084 Deum
2566 3029 3028 3101 glorilicautibus,
3063 3041 3225 3103 atque
3278 3035 3472 3104 hujus-

1892 3116 2040 3170 niodi
2066 3118 2233 3172 verba
2262 3118 2595 3174 dicentibus.
2626 3120 2867 3192 Obligati
2922 3125 3065 3178 enim
3102 3134 3233 3179 sunt
3282 3134 3336 3180 et
3364 3124 3469 3178 im-

1890 3210 2056 3278 pediti
2080 3213 2327 3281 potentia
2356 3212 2467 3278 Dei,
2498 3222 2663 3283 atque
2692 3215 2745 3270 in
2782 3217 3037 3271 lethalem
3064 3219 3281 3273 ruinam
3324 3235 3467 3290 prte-

197 3301 253 3354 δέ
287 3308 642 3371 πεπτωκότες
667 3310 740 3379 τῷ
770 3310 897 3375 δέει,
931 3312 1241 3384 ἀνέστημεν
1274 3314 1350 3386 τῷ
1377 3318 1706 3388 φρονήματι.

1896 3302 2079 3371 τὶρίῐρε
2111 3304 2275 3357 delati
2326 3320 2479 3360 :nos
2503 3316 2682 3359 autem
2747 3308 2838 3377 qui
2902 3310 2955 3363 in
3018 3311 3187 3365 multo
3243 3326 3464 3367 eramus

264 3617 467 3685 Κύριε,
528 3618 736 3673 σῶσον
789 3624 896 3675 τὸν
942 3624 1229 3688 βασιλέα,
1272 3628 1370 3679 καὶ
1427 3627 1777 3684 ἐπάκουσον

198 3708 391 3777 ἡμῶν,
422 3712 493 3764 ἐν
515 3705 554 3782 ᾗ
573 3711 650 3765 ἂν
674 3712 859 3782 ἡμέρᾳ
894 3715 1382 3787 ἐπικαλεσώμεθά
1418 3736 1510 3774 σε.
1566 3721 1779 3794 Ὥσπερ

199 3804 293 3854 νῦν
316 3804 529 3868 ἔσωσας
569 3806 730 3859 αὑτὸν
757 3809 821 3860 ἐκ
848 3810 1030 3880 χειρὸς
1064 3809 1297 3880 ἐχθρῶν,
1331 3810 1473 3866 οὕτω
1492 3813 1584 3867 καὶ
1616 3816 1696 3878 εἰς
1718 3815 1779 3868 τὸ

197 3890 326 3962 ἑξῆς
370 3892 506 3964 (78),
534 3894 682 3960 ἄξιον
702 3895 829 3950 ὄντα
858 3898 1149 3964 σώζεσθαι,
1175 3899 1263 3952 διὰ
1300 3899 1397 3972 τὴν
1444 3903 1645 3973 ἀρετὴν
1684 3904 1782 3957 αὖ·

194 3980 290 4033 τοῦ
317 3998 330 4012 ’
370 3984 679 4039 ἐπάκουσον
717 3982 871 4051 αὖθις
894 3988 1074 4060 ἡμῶν,
1101 3990 1177 4053 ὡς
1212 3992 1305 4044 καὶ
1336 3992 1455 4057 νῦν,
1488 3992 1680 4058 ὁσάκις
1710 3996 1778 4050 ἂν

197 4077 662 4149 ἐπικαλεσώμεθά
692 4098 770 4139 σε.
820 4082 878 4137 ’0
908 4083 1007 4152 μὲν
1032 4079 1125 4137 οὖν
1147 4083 1379 4154 ψαλμδς,
1429 4088 1509 4149 εὶς
1537 4088 1606 4140 τὰ
1636 4088 1780 4142 κατὰ

195 4169 286 4224 τὸν
322 4170 576 4235 Ἐζεκίαν
623 4174 946 4245 ήρμηνεύθη
988 4177 1084 4229 καὶ
1117 4178 1331 4247 ἥρμοσε
1353 4195 1367 4212 ·
1404 4180 1552 4244 τινὲς
1581 4180 1658 4245 δὲ,
1704 4181 1781 4253 τῷ

197 4262 364 4315 Διϐὶδ
426 4265 592 4318 αὐτὸν
639 4267 897 4337 ἁρμόζειν
951 4268 1250 4338 βιάζονται,
1310 4272 1778 4344 παραταττομένῳ

199 4353 336 4421 πρὸς
366 4356 623 4417 ἐπιόντας
654 4359 901 4427 ἐχθροὺς,
935 4360 1027 4413 καί
1059 4378 1243 4429 φασιν,
1271 4362 1345 4424 ὡς
1376 4363 1538 4427 αὐτὸς
1568 4366 1595 4417 ὁ
1616 4364 1780 4418 Δαϐὶδ

198 4447 539 4518 ἐσχημάτισε
593 4451 681 4504 τὸν
709 4452 924 4522 ψαλμὸν
969 4455 1048 4517 εἰς
1081 4456 1149 4507 τὰ
1190 4454 1457 4524 πρόσωπα
1497 4456 1607 4509 τῶν
1650 4459 1779 4529 περὶ

194 4540 361 4591 αὑτὸν
413 4542 667 4614 ἑταίρων.
717 4544 1005 4614 ’Λρμόσειε
1048 4545 1093 4598 δ’
1145 4545 1212 4599 ἂν
1264 4547 1358 4599 καὶ
1399 4547 1564 4600 παντὶ
1604 4548 1779 4619 πιστῷ

198 4638 673 4707 παραταττομένῳ
693 4638 834 4691 κατὰ
850 4638 955 4691 τῶν
981 4638 1271 4708 δαιμόνων,
1295 4634 1384 4692 οἷα
1408 4640 1501 4693 τοῦ
1527 4639 1780 4711 σώματος

1889 3396 2109 3463 timore,
2148 3399 2513 3465 surreximus,
2542 3402 2897 3472 animumque
2933 3415 2987 3457 et
3013 3403 3266 3459 ﬁduciam
3309 3418 3465 3458 rece-

1889 3503 2094 3557 plmllS.

1960 3600 2126 3659 Vens.
2168 3605 2251 3661 10.
2289 3607 2748 3678 Domine,salvum
2777 3611 2862 3681 [ac
2901 3628 3112 3682 regem,
3159 3626 3208 3669 el
3268 3620 3465 3673 exaudi

1887 3715 1981 3753 nos
2006 3700 2060 3753 in
2088 3716 2395 3772 quacunque
2433 3702 2518 3757 die
2547 3705 2958 3761 invocaverimus
2989 3717 3060 3762 te.
3092 3708 3461 3775 Quemadmo-

1886 3791 2015 3846 dum
2058 3807 2220 3859 .nunc
2255 3793 2323 3849 de
2363 3810 2525 3851 manu
2569 3797 2917 3853 inimicorum
2970 3815 3151 3870 regem
3213 3803 3459 3867 salvasli,

1885 3884 1968 3941 sic
1997 3892 2051 3940 et
2087 3885 2142 3940 in
2175 3884 2423 3942 futurum
2452 3889 2683 3956 salvato,
2712 3908 2834 3945 cum
2862 3893 2932 3948 ob
2978 3895 3235 3965 proprias
3290 3896 3462 3951 virtu-

1888 3986 1988 4041 tes,
2029 3978 2225 4049 dignus
2255 3980 2347 4044 sit,
2376 3982 2468 4052 qui
2501 3996 2532 4037 a
2563 3990 2613 4037 te
2643 3983 2877 4040 salutem
2915 3996 3294 4058 consequalur
3342 4006 3356 4042 :
3409 3999 3463 4044 et

1886 4086 1987 4125 nos
2020 4087 2239 4128 rursum
2274 4075 2439 4131 etiam
2471 4077 2694 4140 exaudi,
2723 4083 2981 4147 quotiens
3014 4088 3067 4135 te
3114 4082 3459 4136 invocaveri-

1886 4179 2027 4228 mus,
2050 4166 2509 4234 quemadmodum
2549 4185 2692 4225 nunc
2721 4172 3070 4227 exaudimur.
3137 4172 3325 4243 Itaque
3381 4176 3463 4229 sic

1884 4256 2072 4321 dictis,
2103 4260 2394 4327 praesentis
2427 4261 2621 4328 psalmi
2654 4263 3053 4332 expositionem
3106 4264 3175 4317 de
3224 4264 3459 4319 Ezecbia

1886 4348 2238 4417 perfecimus.
2286 4348 2517 4415 Quidam
2545 4366 2854 4422 congruere
2878 4368 3002 4406 eum
3045 4352 3234 4407 dicunt
3298 4354 3459 4408 beato

1884 4438 2077 4507 David,
2131 4457 2257 4496 cum
2300 4444 2352 4497 in
2373 4443 2491 4498 acie
2521 4444 2790 4502 adversus
2822 4445 3076 4500 inimicos
3103 4445 3457 4513 consisteret,

1883 4540 1939 4585 et
1965 4533 2345 4602 conscriptum
2383 4535 2452 4588 ab
2492 4549 2559 4589 eo
2607 4550 2730 4590 esse
2767 4550 2835 4590 ex
2877 4536 3153 4591 sociorum
3201 4551 3458 4607 persona,

1881 4625 2129 4695 quicum
2195 4640 2260 4679 eo
2292 4625 2541 4681 aderant.
2597 4627 2863 4697 Congruit
2925 4630 3089 4683 etiam
3162 4631 3461 4700 unicuique

196 4727 638 4799 ὑπερευχομένου
666 4731 763 4799 τῆς
784 4730 980 4802 ψυχῆς.
1011 4733 1121 4785 Καὶ
1141 4734 1190 4785 οἱ
1220 4732 1475 4802 δαίμονες
1498 4733 1606 4806 γὰρ
1632 4734 1775 4799 ἐξου-

1896 4718 2030 4774 fideli
2064 4719 2325 4774 adversus
2360 4719 2637 4775 daemones
2666 4720 2990 4787 decet-tanti,
3038 4722 3153 4791 ipso
3197 4723 3457 4776 nimirum

192 4820 437 4874 δένωσαν
466 4824 525 4875 τὸ
558 4822 730 4894 ὄνομα
765 4824 857 4877 τοῦ
889 4825 1047 4880 Θεοῦ.
1083 4826 1276 4894 Ἀγιον
1302 4827 1357 4878 δὲ
1389 4829 1628 4897 νοήσεις,
1683 4830 1781 4881 καὶ

1896 4828 2133 4883 :orpore,
2182 4828 2284 4882 pro
2317 4814 2497 4868 anima
2531 4828 2721 4883 preces
2746 4814 3084 4884 porrigente.
3118 4814 3248 4869 Nam
3270 4825 3323 4870 et
3346 4816 3459 4870 da:-

197 4911 364 4977 Σιὼν,
398 4914 487 4967 τὸν
523 4916 775 4984 οὐρανὸν,
802 4917 877 4981 ὡς
909 4919 1218 4988 εἰρήκαμεν
1241 4918 1521 4981 πολλάκις.
1544 4920 1784 4989 Χριστὸς

195 5003 257 5055 δὲ
291 5006 461 5069 αὐτοῦ,
479 5008 577 5061 καὶ
606 5008 883 5078 βασιλεὺς,
906 5012 932 5063 ὁ
958 5010 1306 5081 Χριστιανὸς,
1336 5010 1413 5074 ὼς
1433 5010 1777 5081 προείρηται.

1880 4921 2074 4961 mones
2104 4921 2298 4961 nomen
2344 4904 2437 4960 Dei
2469 4917 2877 4975 contempsere.
2920 4904 3026 4961 Per
3051 4920 3303 4963 sam-tum
3364 4924 3460 4961 au-

1879 5008 2013 5064 tem,
2080 5008 2136 5052 et
2172 5013 2265 5069 per
2296 4997 2450 5065 Sion,
2483 4999 2684 5055 caelum
2744 4999 3037 5071 intelliges,
3089 5010 3144 5053 ut
3200 5015 3343 5069 saepe
3378 5001 3461 5050 di-

209 5096 313 5150 Ἐν
343 5098 548 5169 ἅρμασι
603 5101 658 5153 δὲ
688 5103 782 5155 καὶ
813 5104 872 5155 ἐν
923 5102 1132 5169 ἵπποις,
1172 5102 1222 5155 οἱ
1273 5102 1545 5171 δαίμονες,
1596 5101 1686 5155 διὰ
1719 5101 1781 5154 τὸ

1896 5102 2025 5147 :tum
2068 5101 2172 5147 est.
2209 5090 2312 5146 Per
2368 5090 2650 5147 Christum
2683 5107 2812 5147 vero
2850 5101 2905 5147 et
2927 5108 3129 5163 regem,
3159 5090 3459 5160 quemlibet

195 5189 386 5257 τάχος,
417 5194 510 5246 καὶ
541 5194 640 5261 τὴν
688 5198 747 5247 ἐν
779 5194 1039 5265 πολέμοις
1076 5196 1453 5267 παρασκευήν.
1487 5194 1714 5262 Λέγοιτο
1734 5194 1780 5248 δ’

196 5279 274 5331 ἂν
325 5280 353 5332 ὁ
400 5283 611 5353 enim;
663 5302 819 5349 ουτος
880 5285 1023 5339 κατὰ
1070 5286 1181 5339 τῶν
1235 5285 1511 5356 αἰσθητῶν
1561 5284 1775 5356 ἐχθρῶν

196 5371 381 5439 ἡμῶν,
410 5374 518 5428 τῶν
551 5376 875 5449 Βαρϐάρων,
901 5380 994 5430 καὶ
1018 5378 1158 5448 ὑπὲρ
1180 5378 1274 5430 τοῦ
1306 5377 1571 5448 βασιλέως
1592 5377 1770 5448 ἡμῶν.

1884 5186 2283 5248 Christianum,
2357 5192 2417 5236 ut
2475 5183 2601 5238 alibi
2657 5184 3032 5253 praediximus.
3090 5184 3147 5237 In
3203 5181 3458 5235 curribus

1885 5285 2140 5333 autemet
2175 5277 2229 5331 in
2257 5277 2415 5344 equis
2446 5275 2726 5332 daemones
2758 5277 3011 5331 incedere
3058 5275 3341 5336 dicuntur,
3389 5275 3459 5326 ob

1881 5387 2069 5430 eorum
2091 5370 2438 5425 velocitatem
2463 5379 2516 5424 et
2535 5368 2605 5424 ob
2640 5383 2915 5423 summum
2942 5367 3064 5421 belli
3109 5373 3458 5435 apparatum.

197 5464 325 5517 Dici
392 5473 553 5522 etiam
608 5481 783 5539 potest
836 5473 923 5527 hic
982 5473 1225 5541 psalmus
1286 5472 1548 5528 adversus
1599 5471 1855 5526 inimicos
1901 5466 2453 5536 nostroszarbaros,
2496 5475 2548 5518 et
2611 5476 2709 5531 pro
2778 5461 2997 5529 regibus
3054 5459 3259 5513 nostris
3335 5457 3463 5511 (ide-

196 5559 370 5615 Illius.

1542 5741 1738 5803 Varia:
1774 5740 2101 5802 lectiones.

282 5873 393 5943 (76)
428 5892 515 5943 γρ.
549 5872 1010 5942 ἐπικαλεσόμεθα.

277 5946 388 6015 (77)
415 5947 497 6000 ῖσ.
525 5946 603 6015 τῷ
634 5943 1062 6007 ἐξονειδισθέντι.

545 6045 815 6104 Pauor"
859 6044 975 6103 Gn.
1021 6038 1347 6102 CXXVIII.

1964 5868 2081 5938 ('78)
2116 5864 2287 5929 Adde,
2326 5862 2408 5917 vel
2443 5858 2671 5915 subaudi
2707 5855 2924 5919 σώσεις.

2984 6014 3018 6075 9
3445 5960 3478 6062 ἑ
3508 6036 3516 6043 -
