  <div class='ocr_page' id='page_1' title='image "/cluster/home/n/w/nwhite01/storage/ocr_20150623/128/hvd.32044019208230/143.png"; bbox 0 0 3846 6526; ppageno 0'>
   <div class='ocr_carea' id='block_1_1' title="bbox 428 374 538 443">
    <p class='ocr_par' dir='ltr' id='par_1_1' title="bbox 428 374 538 443">
     <span class='ocr_line' id='line_1_1' title="bbox 428 374 538 443; baseline -0.055 -1"><span class='ocrx_word' id='word_1_1' title='bbox 428 374 538 443; x_wconf 62' lang='grc' dir='ltr'>2η</span> 
     </span>
    </p>
   </div>
   <div class='ocr_carea' id='block_1_2' title="bbox 1644 378 2445 443">
    <p class='ocr_par' dir='ltr' id='par_1_2' title="bbox 1644 378 2445 443">
     <span class='ocr_line' id='line_1_2' title="bbox 1644 378 2445 443; baseline 0.006 -5"><span class='ocrx_word' id='word_1_2' title='bbox 1644 378 1851 440; x_wconf 84' lang='lat' dir='ltr'><strong>EUTH</strong></span> <span class='ocrx_word' id='word_1_3' title='bbox 1863 379 2034 443; x_wconf 81' lang='lat' dir='ltr'><strong>YMII</strong></span> <span class='ocrx_word' id='word_1_4' title='bbox 2081 379 2445 443; x_wconf 83' lang='lat' dir='ltr'><strong>ZIGABENI</strong></span> 
     </span>
    </p>
   </div>
   <div class='ocr_carea' id='block_1_3' title="bbox 3571 394 3673 456">
    <p class='ocr_par' dir='ltr' id='par_1_3' title="bbox 3571 394 3673 456">
     <span class='ocr_line' id='line_1_3' title="bbox 3571 394 3673 456; baseline 0.01 -1"><span class='ocrx_word' id='word_1_5' title='bbox 3571 394 3673 456; x_wconf 71' lang='grc' dir='ltr'><strong>Ξ.ῖέ</strong></span> 
     </span>
    </p>
   </div>
   <div class='ocr_carea' id='block_1_4' title="bbox 497 490 2004 571">
    <p class='ocr_par' dir='ltr' id='par_1_4' title="bbox 497 490 2004 564">
     <span class='ocr_line' id='line_1_4' title="bbox 497 490 2004 564; baseline 0.002 -17"><span class='ocrx_word' id='word_1_6' title='bbox 497 493 874 562; x_wconf 82' lang='lat' dir='ltr'><strong>Cogitaveruut</strong></span> <span class='ocrx_word' id='word_1_7' title='bbox 907 491 1130 545; x_wconf 78' lang='lat' dir='ltr'><strong>consilia</strong></span> <span class='ocrx_word' id='word_1_8' title='bbox 1158 491 1211 545; x_wconf 87' lang='lat' dir='ltr'><strong>iu</strong></span> <span class='ocrx_word' id='word_1_9' title='bbox 1242 491 1429 562; x_wconf 77' lang='lat' dir='ltr'><strong>quibus</strong></span> <span class='ocrx_word' id='word_1_10' title='bbox 1470 490 1657 547; x_wconf 82' lang='lat' dir='ltr'><strong>sistere</strong></span> <span class='ocrx_word' id='word_1_11' title='bbox 1690 510 1792 548; x_wconf 87' lang='lat' dir='ltr'><strong>non</strong></span> <span class='ocrx_word' id='word_1_12' title='bbox 1817 506 2004 564; x_wconf 89' lang='lat' dir='ltr'><strong>potue-</strong></span> 
     </span>
    </p>
   </div>
   <div class='ocr_carea' id='block_1_5' title="bbox 2114 490 3684 571">
    <p class='ocr_par' dir='ltr' id='par_1_5' title="bbox 2180 494 3684 571">
     <span class='ocr_line' id='line_1_5' title="bbox 2180 494 3684 571; baseline 0.008 -21"><span class='ocrx_word' id='word_1_13' title='bbox 2180 497 2610 568; x_wconf 74' lang='grc' dir='ltr'><strong>Διελογισαντο</strong></span> <span class='ocrx_word' id='word_1_14' title='bbox 2659 498 2921 566; x_wconf 71' lang='grc' dir='ltr'><strong>βουλὰς,</strong></span> <span class='ocrx_word' id='word_1_15' title='bbox 2983 494 3080 568; x_wconf 77' lang='grc' dir='ltr'><strong>αἷς</strong></span> <span class='ocrx_word' id='word_1_16' title='bbox 3132 502 3204 556; x_wconf 81' lang='grc' dir='ltr'><strong>οὐ</strong></span> <span class='ocrx_word' id='word_1_17' title='bbox 3244 502 3331 571; x_wconf 76' lang='grc' dir='ltr'><strong>μὴ</strong></span> <span class='ocrx_word' id='word_1_18' title='bbox 3391 503 3684 563; x_wconf 73' lang='grc' dir='ltr'><strong>δύνωνται</strong></span> 
     </span>
    </p>
   </div>
   <div class='ocr_carea' id='block_1_6' title="bbox 426 583 2009 653">
    <p class='ocr_par' dir='ltr' id='par_1_6' title="bbox 426 583 2009 653">
     <span class='ocr_line' id='line_1_6' title="bbox 426 583 2009 653; baseline 0.003 -13"><span class='ocrx_word' id='word_1_19' title='bbox 426 599 573 641; x_wconf 81' lang='lat' dir='ltr'><strong>runt.</strong></span> <span class='ocrx_word' id='word_1_20' title='bbox 609 586 764 642; x_wconf 85' lang='lat' dir='ltr'><strong>Licet</strong></span> <span class='ocrx_word' id='word_1_21' title='bbox 802 587 995 650; x_wconf 87' lang='lat' dir='ltr'><strong>multa,</strong></span> <span class='ocrx_word' id='word_1_22' title='bbox 1047 583 1252 653; x_wconf 85' lang='lat' dir='ltr'><strong>inquit,</strong></span> <span class='ocrx_word' id='word_1_23' title='bbox 1307 584 1575 642; x_wconf 89' lang='lat' dir='ltr'><strong>adversus</strong></span> <span class='ocrx_word' id='word_1_24' title='bbox 1619 595 1670 641; x_wconf 90' lang='lat' dir='ltr'><strong>te</strong></span> <span class='ocrx_word' id='word_1_25' title='bbox 1710 601 1774 642; x_wconf 89' lang='lat' dir='ltr'><strong>ac</strong></span> <span class='ocrx_word' id='word_1_26' title='bbox 1813 602 2009 644; x_wconf 83' lang='lat' dir='ltr'><strong>servos</strong></span> 
     </span>
    </p>
   </div>
   <div class='ocr_carea' id='block_1_7' title="bbox 427 673 2009 747">
    <p class='ocr_par' dir='ltr' id='par_1_7' title="bbox 427 673 2009 747">
     <span class='ocr_line' id='line_1_7' title="bbox 427 673 2009 747; baseline 0.004 -18"><span class='ocrx_word' id='word_1_27' title='bbox 427 688 553 731; x_wconf 87' lang='lat' dir='ltr'><strong>tuos</strong></span> <span class='ocrx_word' id='word_1_28' title='bbox 587 674 971 745; x_wconf 79' lang='lat' dir='ltr'><strong>cogitaverim,</strong></span> <span class='ocrx_word' id='word_1_29' title='bbox 1007 673 1323 744; x_wconf 87' lang='lat' dir='ltr'><strong>hujusmodi</strong></span> <span class='ocrx_word' id='word_1_30' title='bbox 1359 683 1545 731; x_wconf 88' lang='lat' dir='ltr'><strong>tamen</strong></span> <span class='ocrx_word' id='word_1_31' title='bbox 1573 678 2009 747; x_wconf 75' lang='lat' dir='ltr'><strong>cogitationibus</strong></span> 
     </span>
    </p>
   </div>
   <div class='ocr_carea' id='block_1_8' title="bbox 431 765 2008 837">
    <p class='ocr_par' dir='ltr' id='par_1_8' title="bbox 431 765 2008 837">
     <span class='ocr_line' id='line_1_8' title="bbox 431 765 2008 837; baseline 0.003 -16"><span class='ocrx_word' id='word_1_32' title='bbox 431 768 717 823; x_wconf 87' lang='lat' dir='ltr'><strong>immorari</strong></span> <span class='ocrx_word' id='word_1_33' title='bbox 743 775 907 836; x_wconf 87' lang='lat' dir='ltr'><strong>atque</strong></span> <span class='ocrx_word' id='word_1_34' title='bbox 931 765 1189 822; x_wconf 82' lang='lat' dir='ltr'><strong>insistere</strong></span> <span class='ocrx_word' id='word_1_35' title='bbox 1216 780 1324 821; x_wconf 88' lang='lat' dir='ltr'><strong>non</strong></span> <span class='ocrx_word' id='word_1_36' title='bbox 1356 774 1677 837; x_wconf 86' lang='lat' dir='ltr'><strong>potuerunt.</strong></span> <span class='ocrx_word' id='word_1_37' title='bbox 1704 767 2008 825; x_wconf 87' lang='lat' dir='ltr'><strong>Destrueu-</strong></span> 
     </span>
    </p>
   </div>
   <div class='ocr_carea' id='block_1_9' title="bbox 429 858 1295 915">
    <p class='ocr_par' dir='ltr' id='par_1_9' title="bbox 429 858 1295 915">
     <span class='ocr_line' id='line_1_9' title="bbox 429 858 1295 915; baseline 0 -1"><span class='ocrx_word' id='word_1_38' title='bbox 429 871 517 915; x_wconf 84' lang='lat' dir='ltr'><strong>tur</strong></span> <span class='ocrx_word' id='word_1_39' title='bbox 544 860 691 915; x_wconf 89' lang='lat' dir='ltr'><strong>enim</strong></span> <span class='ocrx_word' id='word_1_40' title='bbox 724 873 915 914; x_wconf 91' lang='lat' dir='ltr'><strong>eorum</strong></span> <span class='ocrx_word' id='word_1_41' title='bbox 945 858 1205 914; x_wconf 88' lang='lat' dir='ltr'><strong>consilia.</strong></span> <span class='ocrx_word' id='word_1_42' title='bbox 1286 860 1295 871; x_wconf 88' lang='lat'><em>’</em></span> 
     </span>
    </p>
   </div>
   <div class='ocr_carea' id='block_1_10' title="bbox 497 950 2004 1020">
    <p class='ocr_par' dir='ltr' id='par_1_10' title="bbox 497 950 2004 1020">
     <span class='ocr_line' id='line_1_10' title="bbox 497 950 2004 1020; baseline 0.003 -18"><span class='ocrx_word' id='word_1_43' title='bbox 497 950 667 1006; x_wconf 75' lang='lat' dir='ltr'><strong>Vsus.</strong></span> <span class='ocrx_word' id='word_1_44' title='bbox 703 950 791 1005; x_wconf 78' lang='grc'><strong>15.</strong></span> <span class='ocrx_word' id='word_1_45' title='bbox 832 950 1097 1017; x_wconf 79' lang='lat' dir='ltr'><strong>Quoniam</strong></span> <span class='ocrx_word' id='word_1_46' title='bbox 1138 966 1296 1020; x_wconf 79' lang='lat' dir='ltr'><strong>pones</strong></span> <span class='ocrx_word' id='word_1_47' title='bbox 1344 966 1432 1005; x_wconf 81' lang='lat' dir='ltr'><strong>eos</strong></span> <span class='ocrx_word' id='word_1_48' title='bbox 1486 951 1725 1005; x_wconf 85' lang='lat' dir='ltr'><strong>dorsum.</strong></span> <span class='ocrx_word' id='word_1_49' title='bbox 1769 950 2004 1006; x_wconf 82' lang='lat' dir='ltr'><strong>Dorsum</strong></span> 
     </span>
    </p>
   </div>
   <div class='ocr_carea' id='block_1_11' title="bbox 422 1042 2009 1118">
    <p class='ocr_par' dir='ltr' id='par_1_11' title="bbox 422 1042 2009 1118">
     <span class='ocr_line' id='line_1_11' title="bbox 422 1042 2009 1118; baseline -0.001 -18"><span class='ocrx_word' id='word_1_50' title='bbox 422 1046 553 1118; x_wconf 88' lang='lat' dir='ltr'><strong>poni</strong></span> <span class='ocrx_word' id='word_1_51' title='bbox 580 1044 785 1100; x_wconf 88' lang='lat' dir='ltr'><strong>dicitur</strong></span> <span class='ocrx_word' id='word_1_52' title='bbox 816 1043 913 1115; x_wconf 88' lang='lat' dir='ltr'><strong>qui</strong></span> <span class='ocrx_word' id='word_1_53' title='bbox 948 1042 1085 1116; x_wconf 63' lang='lat' dir='ltr'><strong>fugit</strong></span> <span class='ocrx_word' id='word_1_54' title='bbox 1116 1059 1181 1099; x_wconf 91' lang='lat' dir='ltr'><strong>ac</strong></span> <span class='ocrx_word' id='word_1_55' title='bbox 1204 1050 1355 1114; x_wconf 85' lang='lat' dir='ltr'><strong>terga</strong></span> <span class='ocrx_word' id='word_1_56' title='bbox 1386 1043 1500 1097; x_wconf 90' lang='lat' dir='ltr'><strong>dat.</strong></span> <span class='ocrx_word' id='word_1_57' title='bbox 1520 1043 1835 1099; x_wconf 85' lang='lat' dir='ltr'><strong>Nihilenim</strong></span> <span class='ocrx_word' id='word_1_58' title='bbox 1860 1043 2009 1099; x_wconf 85' lang='lat' dir='ltr'><strong>aliud</strong></span> 
     </span>
    </p>
   </div>
   <div class='ocr_carea' id='block_1_12' title="bbox 424 1136 2007 1209">
    <p class='ocr_par' dir='ltr' id='par_1_12' title="bbox 424 1136 2007 1209">
     <span class='ocr_line' id='line_1_12' title="bbox 424 1136 2007 1209; baseline -0.002 -16"><span class='ocrx_word' id='word_1_59' title='bbox 424 1137 681 1209; x_wconf 88' lang='lat' dir='ltr'><strong>corporis</strong></span> <span class='ocrx_word' id='word_1_60' title='bbox 716 1136 838 1208; x_wconf 85' lang='lat' dir='ltr'><strong>ejus</strong></span> <span class='ocrx_word' id='word_1_61' title='bbox 864 1144 1032 1203; x_wconf 89' lang='lat' dir='ltr'><strong>tunc,</strong></span> <span class='ocrx_word' id='word_1_62' title='bbox 1070 1150 1235 1208; x_wconf 88' lang='lat' dir='ltr'><strong>quam</strong></span> <span class='ocrx_word' id='word_1_63' title='bbox 1265 1136 1519 1203; x_wconf 83' lang='lat' dir='ltr'><strong>dorsum,</strong></span> <span class='ocrx_word' id='word_1_64' title='bbox 1550 1136 1657 1193; x_wconf 89' lang='lat' dir='ltr'><strong>hoc</strong></span> <span class='ocrx_word' id='word_1_65' title='bbox 1695 1144 1801 1202; x_wconf 89' lang='lat' dir='ltr'><strong>est,</strong></span> <span class='ocrx_word' id='word_1_66' title='bbox 1843 1151 2007 1208; x_wconf 90' lang='lat' dir='ltr'><strong>quam</strong></span> 
     </span>
    </p>
   </div>
   <div class='ocr_carea' id='block_1_13' title="bbox 426 1230 1087 1303">
    <p class='ocr_par' dir='ltr' id='par_1_13' title="bbox 426 1230 1087 1303">
     <span class='ocr_line' id='line_1_13' title="bbox 426 1230 1087 1303; baseline -0.002 -18"><span class='ocrx_word' id='word_1_67' title='bbox 426 1240 638 1303; x_wconf 89' lang='lat' dir='ltr'><strong>tergum</strong></span> <span class='ocrx_word' id='word_1_68' title='bbox 669 1230 846 1286; x_wconf 84' lang='lat' dir='ltr'><strong>videri</strong></span> <span class='ocrx_word' id='word_1_69' title='bbox 882 1237 1087 1301; x_wconf 87' lang='lat' dir='ltr'><strong>potest.</strong></span> 
     </span>
    </p>
   </div>
   <div class='ocr_carea' id='block_1_14' title="bbox 499 1324 2013 1401">
    <p class='ocr_par' dir='ltr' id='par_1_14' title="bbox 499 1324 2013 1401">
     <span class='ocr_line' id='line_1_14' title="bbox 499 1324 2013 1401; baseline -0.003 -16"><span class='ocrx_word' id='word_1_70' title='bbox 499 1329 568 1385; x_wconf 85' lang='lat' dir='ltr'><strong>In</strong></span> <span class='ocrx_word' id='word_1_71' title='bbox 601 1330 840 1401; x_wconf 79' lang='lat' dir='ltr'><strong>reliquiis</strong></span> <span class='ocrx_word' id='word_1_72' title='bbox 884 1339 1031 1383; x_wconf 89' lang='lat' dir='ltr'><strong>tuum</strong></span> <span class='ocrx_word' id='word_1_73' title='bbox 1058 1325 1393 1396; x_wconf 71' lang='lat' dir='ltr'><strong>pra’parabis</strong></span> <span class='ocrx_word' id='word_1_74' title='bbox 1426 1324 1627 1381; x_wconf 83' lang='lat' dir='ltr'><strong>vultum</strong></span> <span class='ocrx_word' id='word_1_75' title='bbox 1656 1342 1862 1381; x_wconf 87' lang='lat' dir='ltr'><strong>eorum.</strong></span> <span class='ocrx_word' id='word_1_76' title='bbox 1895 1328 2013 1381; x_wconf 80' lang='lat' dir='ltr'><strong>Hoc</strong></span> 
     </span>
    </p>
   </div>
   <div class='ocr_carea' id='block_1_15' title="bbox 425 1416 2013 1495">
    <p class='ocr_par' dir='ltr' id='par_1_15' title="bbox 425 1416 2013 1495">
     <span class='ocr_line' id='line_1_15' title="bbox 425 1416 2013 1495; baseline -0.002 -17"><span class='ocrx_word' id='word_1_77' title='bbox 425 1440 523 1495; x_wconf 88' lang='lat' dir='ltr'><strong>per</strong></span> <span class='ocrx_word' id='word_1_78' title='bbox 558 1422 907 1495; x_wconf 86' lang='lat' dir='ltr'><strong>hyperbaton</strong></span> <span class='ocrx_word' id='word_1_79' title='bbox 940 1421 1171 1492; x_wconf 80' lang='lat' dir='ltr'><strong>ﬁguram</strong></span> <span class='ocrx_word' id='word_1_80' title='bbox 1205 1416 1644 1475; x_wconf 87' lang='lat' dir='ltr'><strong>construendum</strong></span> <span class='ocrx_word' id='word_1_81' title='bbox 1677 1427 1783 1482; x_wconf 89' lang='lat' dir='ltr'><strong>est,</strong></span> <span class='ocrx_word' id='word_1_82' title='bbox 1808 1418 1853 1473; x_wconf 87' lang='lat' dir='ltr'><strong>si</strong></span> <span class='ocrx_word' id='word_1_83' title='bbox 1888 1434 2013 1475; x_wconf 89' lang='lat' dir='ltr'><strong>sen-</strong></span> 
     </span>
    </p>
   </div>
   <div class='ocr_carea' id='block_1_16' title="bbox 430 1511 2008 1582">
    <p class='ocr_par' dir='ltr' id='par_1_16' title="bbox 430 1511 2008 1582">
     <span class='ocr_line' id='line_1_16' title="bbox 430 1511 2008 1582; baseline -0.001 -11"><span class='ocrx_word' id='word_1_84' title='bbox 430 1517 619 1573; x_wconf 81' lang='lat' dir='ltr'><strong>tentiae</strong></span> <span class='ocrx_word' id='word_1_85' title='bbox 654 1525 901 1571; x_wconf 90' lang='lat' dir='ltr'><strong>tenorem</strong></span> <span class='ocrx_word' id='word_1_86' title='bbox 925 1528 1152 1570; x_wconf 85' lang='lat' dir='ltr'><strong>servare</strong></span> <span class='ocrx_word' id='word_1_87' title='bbox 1173 1512 1535 1575; x_wconf 84' lang='lat' dir='ltr'><strong>voluerimus,</strong></span> <span class='ocrx_word' id='word_1_88' title='bbox 1563 1511 1666 1567; x_wconf 90' lang='lat' dir='ltr'><strong>hoc</strong></span> <span class='ocrx_word' id='word_1_89' title='bbox 1704 1520 1865 1582; x_wconf 83' lang='lat' dir='ltr'><strong>pacto</strong></span> <span class='ocrx_word' id='word_1_90' title='bbox 1900 1530 1913 1566; x_wconf 87' lang='lat'><strong>:</strong></span> <span class='ocrx_word' id='word_1_91' title='bbox 1948 1512 2008 1569; x_wconf 81' lang='lat' dir='ltr'><strong>In</strong></span> 
     </span>
    </p>
   </div>
   <div class='ocr_carea' id='block_1_17' title="bbox 428 1603 2009 1679">
    <p class='ocr_par' dir='ltr' id='par_1_17' title="bbox 428 1603 2009 1679">
     <span class='ocr_line' id='line_1_17' title="bbox 428 1603 2009 1679; baseline -0.002 -15"><span class='ocrx_word' id='word_1_92' title='bbox 428 1610 683 1679; x_wconf 87' lang='lat' dir='ltr'><strong>reliquiis</strong></span> <span class='ocrx_word' id='word_1_93' title='bbox 735 1623 927 1664; x_wconf 89' lang='lat' dir='ltr'><strong>eorum</strong></span> <span class='ocrx_word' id='word_1_94' title='bbox 982 1603 1322 1677; x_wconf 62' lang='lat' dir='ltr'><strong>praeparabis</strong></span> <span class='ocrx_word' id='word_1_95' title='bbox 1367 1605 1579 1658; x_wconf 79' lang='lat' dir='ltr'><strong>vultum</strong></span> <span class='ocrx_word' id='word_1_96' title='bbox 1633 1614 1824 1671; x_wconf 88' lang='lat' dir='ltr'><strong>tuum;</strong></span> <span class='ocrx_word' id='word_1_97' title='bbox 1859 1619 1924 1661; x_wconf 90' lang='lat' dir='ltr'><strong>ac</strong></span> <span class='ocrx_word' id='word_1_98' title='bbox 1962 1606 2009 1661; x_wconf 90' lang='lat' dir='ltr'><strong>si</strong></span> 
     </span>
    </p>
   </div>
   <div class='ocr_carea' id='block_1_18' title="bbox 428 1694 2009 1773">
    <p class='ocr_par' dir='ltr' id='par_1_18' title="bbox 428 1694 2009 1773">
     <span class='ocr_line' id='line_1_18' title="bbox 428 1694 2009 1773; baseline -0.003 -18"><span class='ocrx_word' id='word_1_99' title='bbox 428 1702 597 1768; x_wconf 82' lang='lat' dir='ltr'><strong>dicat,</strong></span> <span class='ocrx_word' id='word_1_100' title='bbox 631 1700 779 1773; x_wconf 89' lang='lat' dir='ltr'><strong>quod</strong></span> <span class='ocrx_word' id='word_1_101' title='bbox 812 1712 992 1769; x_wconf 89' lang='lat' dir='ltr'><strong>neque</strong></span> <span class='ocrx_word' id='word_1_102' title='bbox 1018 1697 1182 1753; x_wconf 89' lang='lat' dir='ltr'><strong>etiam</strong></span> <span class='ocrx_word' id='word_1_103' title='bbox 1221 1695 1256 1750; x_wconf 93' lang='lat' dir='ltr'><strong>ii</strong></span> <span class='ocrx_word' id='word_1_104' title='bbox 1310 1694 1673 1749; x_wconf 87' lang='lat' dir='ltr'><strong>salvabuntur</strong></span> <span class='ocrx_word' id='word_1_105' title='bbox 1703 1695 1797 1763; x_wconf 88' lang='lat' dir='ltr'><strong>qui</strong></span> <span class='ocrx_word' id='word_1_106' title='bbox 1829 1694 2009 1750; x_wconf 88' lang='lat' dir='ltr'><strong>relicti</strong></span> 
     </span>
    </p>
   </div>
   <div class='ocr_carea' id='block_1_19' title="bbox 426 1782 2011 1863">
    <p class='ocr_par' dir='ltr' id='par_1_19' title="bbox 426 1782 2011 1863">
     <span class='ocr_line' id='line_1_19' title="bbox 426 1782 2011 1863; baseline -0.006 -16"><span class='ocrx_word' id='word_1_107' title='bbox 426 1803 559 1849; x_wconf 83' lang='lat' dir='ltr'><strong>sunt</strong></span> <span class='ocrx_word' id='word_1_108' title='bbox 587 1802 641 1849; x_wconf 87' lang='lat' dir='ltr'><strong>et</strong></span> <span class='ocrx_word' id='word_1_109' title='bbox 679 1789 1081 1863; x_wconf 83' lang='lat' dir='ltr'><strong>superfuerunt</strong></span> <span class='ocrx_word' id='word_1_110' title='bbox 1108 1802 1137 1841; x_wconf 91' lang='lat' dir='ltr'><strong>a</strong></span> <span class='ocrx_word' id='word_1_111' title='bbox 1174 1794 1358 1856; x_wconf 83' lang='lat' dir='ltr'><strong>strage</strong></span> <span class='ocrx_word' id='word_1_112' title='bbox 1391 1784 1542 1850; x_wconf 85' lang='lat' dir='ltr'><strong>belli,</strong></span> <span class='ocrx_word' id='word_1_113' title='bbox 1590 1793 1645 1840; x_wconf 90' lang='lat' dir='ltr'><strong>et</strong></span> <span class='ocrx_word' id='word_1_114' title='bbox 1680 1785 1773 1855; x_wconf 88' lang='lat' dir='ltr'><strong>qui</strong></span> <span class='ocrx_word' id='word_1_115' title='bbox 1832 1786 1886 1839; x_wconf 90' lang='lat' dir='ltr'><strong>in</strong></span> <span class='ocrx_word' id='word_1_116' title='bbox 1919 1782 2011 1838; x_wconf 79' lang='lat' dir='ltr'><strong>fn-</strong></span> 
     </span>
    </p>
   </div>
   <div class='ocr_carea' id='block_1_20' title="bbox 2115 586 3687 661">
    <p class='ocr_par' dir='ltr' id='par_1_20' title="bbox 2115 586 3687 661">
     <span class='ocr_line' id='line_1_20' title="bbox 2115 586 3687 661; baseline 0.01 -21"><span class='ocrx_word' id='word_1_117' title='bbox 2115 586 2357 656; x_wconf 83' lang='grc' dir='ltr'><strong>στῆναι.</strong></span> <span class='ocrx_word' id='word_1_118' title='bbox 2379 589 2442 644; x_wconf 81' lang='grc' dir='ltr'><strong>Εἰ</strong></span> <span class='ocrx_word' id='word_1_119' title='bbox 2468 589 2578 661; x_wconf 76' lang='grc' dir='ltr'><strong>γὰρ</strong></span> <span class='ocrx_word' id='word_1_120' title='bbox 2600 592 2697 646; x_wconf 73' lang='grc' dir='ltr'><strong>καὶ</strong></span> <span class='ocrx_word' id='word_1_121' title='bbox 2723 592 2896 646; x_wconf 80' lang='grc' dir='ltr'><strong>πολλὰ</strong></span> <span class='ocrx_word' id='word_1_122' title='bbox 2932 595 3078 647; x_wconf 82' lang='grc' dir='ltr'><strong>κατὰ</strong></span> <span class='ocrx_word' id='word_1_123' title='bbox 3111 596 3208 648; x_wconf 84' lang='grc' dir='ltr'><strong>σοῦ</strong></span> <span class='ocrx_word' id='word_1_124' title='bbox 3235 597 3332 649; x_wconf 82' lang='grc' dir='ltr'><strong>καὶ</strong></span> <span class='ocrx_word' id='word_1_125' title='bbox 3357 598 3467 650; x_wconf 79' lang='grc' dir='ltr'><strong>τῶν</strong></span> <span class='ocrx_word' id='word_1_126' title='bbox 3486 599 3687 655; x_wconf 81' lang='grc' dir='ltr'><strong>δούλων</strong></span> 
     </span>
    </p>
   </div>
   <div class='ocr_carea' id='block_1_21' title="bbox 2114 681 3687 762">
    <p class='ocr_par' dir='ltr' id='par_1_21' title="bbox 2114 681 3687 762">
     <span class='ocr_line' id='line_1_21' title="bbox 2114 681 3687 762; baseline 0.009 -29"><span class='ocrx_word' id='word_1_127' title='bbox 2114 698 2210 734; x_wconf 92' lang='grc' dir='ltr'><strong>σου</strong></span> <span class='ocrx_word' id='word_1_128' title='bbox 2236 682 2601 751; x_wconf 79' lang='grc' dir='ltr'><strong>ἐμελέτησαν,</strong></span> <span class='ocrx_word' id='word_1_129' title='bbox 2638 685 2756 738; x_wconf 82' lang='grc' dir='ltr'><strong>ἀλλ’</strong></span> <span class='ocrx_word' id='word_1_130' title='bbox 2804 681 2899 740; x_wconf 83' lang='grc' dir='ltr'><strong>οὖν</strong></span> <span class='ocrx_word' id='word_1_131' title='bbox 2936 686 3039 741; x_wconf 81' lang='grc' dir='ltr'>οὐκ</span> <span class='ocrx_word' id='word_1_132' title='bbox 3089 688 3405 759; x_wconf 73' lang='grc' dir='ltr'><strong>ἰσχύσουσιν</strong></span> <span class='ocrx_word' id='word_1_133' title='bbox 3429 692 3687 762; x_wconf 76' lang='grc' dir='ltr'><strong>ἐμμεῖναι</strong></span> 
     </span>
    </p>
   </div>
   <div class='ocr_carea' id='block_1_22' title="bbox 2110 773 3685 851">
    <p class='ocr_par' dir='ltr' id='par_1_22' title="bbox 2110 773 3685 851">
     <span class='ocr_line' id='line_1_22' title="bbox 2110 773 3685 851; baseline 0.008 -27"><span class='ocrx_word' id='word_1_134' title='bbox 2110 773 2225 836; x_wconf 81' lang='grc' dir='ltr'><strong>τοῖς</strong></span> <span class='ocrx_word' id='word_1_135' title='bbox 2264 773 2649 845; x_wconf 79' lang='grc' dir='ltr'><strong>δεδογμένοις’</strong></span> <span class='ocrx_word' id='word_1_136' title='bbox 2692 776 3203 849; x_wconf 83' lang='grc' dir='ltr'><strong>περιτραπήσονται</strong></span> <span class='ocrx_word' id='word_1_137' title='bbox 3242 778 3352 851; x_wconf 82' lang='grc' dir='ltr'><strong>γὰρ</strong></span> <span class='ocrx_word' id='word_1_138' title='bbox 3387 782 3446 834; x_wconf 77' lang='grc' dir='ltr'><strong>αἱ</strong></span> <span class='ocrx_word' id='word_1_139' title='bbox 3484 782 3685 836; x_wconf 73' lang='grc' dir='ltr'><strong>τούτων</strong></span> 
     </span>
    </p>
   </div>
   <div class='ocr_carea' id='block_1_23' title="bbox 2115 862 2328 933">
    <p class='ocr_par' dir='ltr' id='par_1_23' title="bbox 2115 862 2328 933">
     <span class='ocr_line' id='line_1_23' title="bbox 2115 862 2328 933; baseline 0.009 -18"><span class='ocrx_word' id='word_1_140' title='bbox 2115 862 2328 933; x_wconf 82' lang='grc' dir='ltr'><strong>βουλαί.</strong></span> 
     </span>
    </p>
   </div>
   <div class='ocr_carea' id='block_1_24' title="bbox 2183 956 3690 1030">
    <p class='ocr_par' dir='ltr' id='par_1_24' title="bbox 2183 956 3690 1030">
     <span class='ocr_line' id='line_1_24' title="bbox 2183 956 3690 1030; baseline 0.005 -21"><span class='ocrx_word' id='word_1_141' title='bbox 2183 956 2305 1009; x_wconf 88' lang='grc' dir='ltr'><strong>Ὅτι</strong></span> <span class='ocrx_word' id='word_1_142' title='bbox 2370 956 2584 1024; x_wconf 83' lang='grc' dir='ltr'><strong>θήσεις</strong></span> <span class='ocrx_word' id='word_1_143' title='bbox 2648 960 2874 1026; x_wconf 82' lang='grc' dir='ltr'><strong>αὐτοὺς</strong></span> <span class='ocrx_word' id='word_1_144' title='bbox 2927 960 3144 1015; x_wconf 80' lang='grc' dir='ltr'><strong>νῶτον.</strong></span> <span class='ocrx_word' id='word_1_145' title='bbox 3176 960 3370 1026; x_wconf 77' lang='grc' dir='ltr'><strong>Νῶτος</strong></span> <span class='ocrx_word' id='word_1_146' title='bbox 3404 962 3616 1030; x_wconf 79' lang='grc' dir='ltr'><strong>γίνεται</strong></span> <span class='ocrx_word' id='word_1_147' title='bbox 3665 965 3690 1016; x_wconf 81' lang='grc' dir='ltr'><strong>ὁ</strong></span> 
     </span>
    </p>
   </div>
   <div class='ocr_carea' id='block_1_25' title="bbox 2113 1047 3689 1126">
    <p class='ocr_par' dir='ltr' id='par_1_25' title="bbox 2113 1047 3689 1126">
     <span class='ocr_line' id='line_1_25' title="bbox 2113 1047 3689 1126; baseline 0.004 -25"><span class='ocrx_word' id='word_1_148' title='bbox 2113 1047 2336 1117; x_wconf 81' lang='grc' dir='ltr'><strong>φεύγων</strong></span> <span class='ocrx_word' id='word_1_149' title='bbox 2360 1067 2373 1080; x_wconf 91' lang='grc'><strong>·</strong></span> <span class='ocrx_word' id='word_1_150' title='bbox 2407 1049 2560 1103; x_wconf 79' lang='grc' dir='ltr'><strong>οὐδὲν</strong></span> <span class='ocrx_word' id='word_1_151' title='bbox 2592 1050 2701 1122; x_wconf 76' lang='grc' dir='ltr'><strong>γὰρ</strong></span> <span class='ocrx_word' id='word_1_152' title='bbox 2732 1051 2921 1124; x_wconf 74' lang='grc' dir='ltr'><strong>ἕτερον</strong></span> <span class='ocrx_word' id='word_1_153' title='bbox 2947 1052 3113 1106; x_wconf 79' lang='grc' dir='ltr'><strong>αὐτοῦ</strong></span> <span class='ocrx_word' id='word_1_154' title='bbox 3145 1054 3420 1123; x_wconf 74' lang='grc' dir='ltr'><strong>φαίνεται,</strong></span> <span class='ocrx_word' id='word_1_155' title='bbox 3454 1055 3490 1125; x_wconf 70' lang='grc' dir='ltr'><strong>ἢ</strong></span> <span class='ocrx_word' id='word_1_156' title='bbox 3532 1056 3689 1126; x_wconf 72' lang='grc' dir='ltr'><strong>μόνον</strong></span> 
     </span>
    </p>
   </div>
   <div class='ocr_carea' id='block_1_26' title="bbox 2113 1139 2375 1206">
    <p class='ocr_par' dir='ltr' id='par_1_26' title="bbox 2113 1139 2375 1206">
     <span class='ocr_line' id='line_1_26' title="bbox 2113 1139 2375 1206; baseline 0.011 -13"><span class='ocrx_word' id='word_1_157' title='bbox 2113 1139 2141 1192; x_wconf 83' lang='grc' dir='ltr'>ὀ</span> <span class='ocrx_word' id='word_1_158' title='bbox 2182 1140 2375 1206; x_wconf 78' lang='grc' dir='ltr'><strong>νῶτος.</strong></span> 
     </span>
    </p>
   </div>
   <div class='ocr_carea' id='block_1_27' title="bbox 2194 1327 3690 1403">
    <p class='ocr_par' dir='ltr' id='par_1_27' title="bbox 2194 1327 3690 1403">
     <span class='ocr_line' id='line_1_27' title="bbox 2194 1327 3690 1403; baseline 0.006 -23"><span class='ocrx_word' id='word_1_159' title='bbox 2194 1327 2291 1380; x_wconf 80' lang='grc' dir='ltr'><strong>Ἐν</strong></span> <span class='ocrx_word' id='word_1_160' title='bbox 2320 1327 2445 1396; x_wconf 82' lang='grc' dir='ltr'><strong>τοῖς</strong></span> <span class='ocrx_word' id='word_1_161' title='bbox 2472 1330 2847 1398; x_wconf 71' lang='grc' dir='ltr'><strong>περιλοὶποις</strong></span> <span class='ocrx_word' id='word_1_162' title='bbox 2877 1346 2994 1386; x_wconf 90' lang='grc' dir='ltr'><strong>σου</strong></span> <span class='ocrx_word' id='word_1_163' title='bbox 3038 1331 3385 1403; x_wconf 80' lang='grc' dir='ltr'><strong>ἐτοιμάσεις</strong></span> <span class='ocrx_word' id='word_1_164' title='bbox 3411 1336 3478 1388; x_wconf 82' lang='grc' dir='ltr'><strong>τὸ</strong></span> <span class='ocrx_word' id='word_1_165' title='bbox 3506 1337 3690 1403; x_wconf 76' lang='grc' dir='ltr'><strong>πρόσ-</strong></span> 
     </span>
    </p>
   </div>
   <div class='ocr_carea' id='block_1_28' title="bbox 2111 1420 3689 1497">
    <p class='ocr_par' dir='ltr' id='par_1_28' title="bbox 2111 1420 3689 1497">
     <span class='ocr_line' id='line_1_28' title="bbox 2111 1420 3689 1497; baseline 0.004 -23"><span class='ocrx_word' id='word_1_166' title='bbox 2111 1431 2276 1474; x_wconf 80' lang='grc' dir='ltr'><strong>ωπον</strong></span> <span class='ocrx_word' id='word_1_167' title='bbox 2309 1420 2530 1475; x_wconf 83' lang='grc' dir='ltr'><strong>αὐτῶν.</strong></span> <span class='ocrx_word' id='word_1_168' title='bbox 2573 1420 2749 1476; x_wconf 79' lang='grc' dir='ltr'><strong>Τοῦτο</strong></span> <span class='ocrx_word' id='word_1_169' title='bbox 2785 1422 2911 1477; x_wconf 84' lang='grc' dir='ltr'><strong>καθ’</strong></span> <span class='ocrx_word' id='word_1_170' title='bbox 2965 1424 3283 1495; x_wconf 77' lang='grc' dir='ltr'><strong>ὑπερϐατὸν</strong></span> <span class='ocrx_word' id='word_1_171' title='bbox 3336 1426 3689 1497; x_wconf 68' lang='grc' dir='ltr'><strong>συνετάξαμεν,</strong></span> 
     </span>
    </p>
   </div>
   <div class='ocr_carea' id='block_1_29' title="bbox 2111 1513 3691 1590">
    <p class='ocr_par' dir='ltr' id='par_1_29' title="bbox 2111 1513 3691 1590">
     <span class='ocr_line' id='line_1_29' title="bbox 2111 1513 3691 1590; baseline 0.005 -23"><span class='ocrx_word' id='word_1_172' title='bbox 2111 1516 2162 1567; x_wconf 78' lang='grc' dir='ltr'><strong>εἰ</strong></span> <span class='ocrx_word' id='word_1_173' title='bbox 2198 1513 2492 1585; x_wconf 82' lang='grc' dir='ltr'>μέλλοιμεν</span> <span class='ocrx_word' id='word_1_174' title='bbox 2531 1518 2872 1587; x_wconf 79' lang='grc' dir='ltr'><strong>συν-τηρῆσαι</strong></span> <span class='ocrx_word' id='word_1_175' title='bbox 2902 1515 3002 1586; x_wconf 75' lang='grc' dir='ltr'><strong>τὴν</strong></span> <span class='ocrx_word' id='word_1_176' title='bbox 3056 1517 3382 1572; x_wconf 79' lang='grc' dir='ltr'><strong>ἀκολουθίαν</strong></span> <span class='ocrx_word' id='word_1_177' title='bbox 3435 1520 3691 1590; x_wconf 41' lang='grc' dir='ltr'><strong>τῆς-δια-</strong></span> 
     </span>
    </p>
   </div>
   <div class='ocr_carea' id='block_1_30' title="bbox 2112 1601 3688 1682">
    <p class='ocr_par' dir='ltr' id='par_1_30' title="bbox 2112 1601 3688 1682">
     <span class='ocr_line' id='line_1_30' title="bbox 2112 1601 3688 1682; baseline 0.004 -24"><span class='ocrx_word' id='word_1_178' title='bbox 2112 1605 2282 1668; x_wconf 81' lang='grc' dir='ltr'><strong>νοίας.</strong></span> <span class='ocrx_word' id='word_1_179' title='bbox 2324 1601 2451 1660; x_wconf 78' lang='grc' dir='ltr'><strong>Οἷον</strong></span> <span class='ocrx_word' id='word_1_180' title='bbox 2485 1608 2542 1659; x_wconf 79' lang='grc' dir='ltr'><strong>ὲν</strong></span> <span class='ocrx_word' id='word_1_181' title='bbox 2577 1612 2692 1671; x_wconf 87' lang='grc' dir='ltr'><strong>τοῖς</strong></span> <span class='ocrx_word' id='word_1_182' title='bbox 2723 1608 3070 1680; x_wconf 80' lang='grc' dir='ltr'><strong>περιλοιποις</strong></span> <span class='ocrx_word' id='word_1_183' title='bbox 3119 1611 3299 1664; x_wconf 78' lang='grc' dir='ltr'><strong>αὐτῶν</strong></span> <span class='ocrx_word' id='word_1_184' title='bbox 3321 1652 3335 1677; x_wconf 94' lang='grc'><strong>,</strong></span> <span class='ocrx_word' id='word_1_185' title='bbox 3376 1613 3688 1682; x_wconf 71' lang='grc' dir='ltr'><strong>ὲτοιμάσεις</strong></span> 
     </span>
    </p>
   </div>
   <div class='ocr_carea' id='block_1_31' title="bbox 2111 1697 3693 1773">
    <p class='ocr_par' dir='ltr' id='par_1_31' title="bbox 2111 1697 3693 1773">
     <span class='ocr_line' id='line_1_31' title="bbox 2111 1697 3693 1773; baseline 0.004 -23"><span class='ocrx_word' id='word_1_186' title='bbox 2111 1697 2174 1751; x_wconf 72' lang='grc' dir='ltr'><strong>τὸ</strong></span> <span class='ocrx_word' id='word_1_187' title='bbox 2209 1699 2508 1769; x_wconf 75' lang='grc' dir='ltr'><strong>πρόσωπόν</strong></span> <span class='ocrx_word' id='word_1_188' title='bbox 2540 1717 2659 1763; x_wconf 81' lang='grc' dir='ltr'><strong>σου.</strong></span> <span class='ocrx_word' id='word_1_189' title='bbox 2686 1702 2994 1767; x_wconf 83' lang='grc' dir='ltr'><strong>τουτέστιν,</strong></span> <span class='ocrx_word' id='word_1_190' title='bbox 3025 1702 3138 1756; x_wconf 81' lang='grc' dir='ltr'><strong>οὐδ’</strong></span> <span class='ocrx_word' id='word_1_191' title='bbox 3160 1703 3212 1756; x_wconf 76' lang='grc' dir='ltr'><strong>οἱ</strong></span> <span class='ocrx_word' id='word_1_192' title='bbox 3248 1703 3693 1773; x_wconf 76' lang='grc' dir='ltr'><strong>περιλειφθέντες</strong></span> 
     </span>
    </p>
   </div>
   <div class='ocr_carea' id='block_1_32' title="bbox 2114 1789 3695 1867">
    <p class='ocr_par' dir='ltr' id='par_1_32' title="bbox 2114 1789 3695 1867">
     <span class='ocr_line' id='line_1_32' title="bbox 2114 1789 3695 1867; baseline 0.004 -25"><span class='ocrx_word' id='word_1_193' title='bbox 2114 1789 2224 1843; x_wconf 73' lang='grc' dir='ltr'><strong>ἀπὸ</strong></span> <span class='ocrx_word' id='word_1_194' title='bbox 2256 1791 2358 1860; x_wconf 77' lang='grc' dir='ltr'><strong>τῆς</strong></span> <span class='ocrx_word' id='word_1_195' title='bbox 2392 1793 2450 1845; x_wconf 85' lang='grc' dir='ltr'><strong>ὲν</strong></span> <span class='ocrx_word' id='word_1_196' title='bbox 2482 1793 2562 1865; x_wconf 80' lang='grc' dir='ltr'><strong>τῷ</strong></span> <span class='ocrx_word' id='word_1_197' title='bbox 2599 1793 2822 1865; x_wconf 83' lang='grc' dir='ltr'><strong>πολέμῳ</strong></span> <span class='ocrx_word' id='word_1_198' title='bbox 2856 1795 3094 1864; x_wconf 81' lang='grc' dir='ltr'><strong>σφαγῆς,</strong></span> <span class='ocrx_word' id='word_1_199' title='bbox 3127 1795 3227 1849; x_wconf 79' lang='grc' dir='ltr'><strong>καὶ</strong></span> <span class='ocrx_word' id='word_1_200' title='bbox 3256 1796 3337 1859; x_wconf 71' lang='grc' dir='ltr'><strong>εἰς</strong></span> <span class='ocrx_word' id='word_1_201' title='bbox 3359 1797 3545 1866; x_wconf 72' lang='grc' dir='ltr'><strong>φυγὴν</strong></span> <span class='ocrx_word' id='word_1_202' title='bbox 3578 1814 3695 1867; x_wconf 77' lang='grc' dir='ltr'><strong>τρα-</strong></span> 
     </span>
    </p>
   </div>
   <div class='ocr_carea' id='block_1_33' title="bbox 426 1856 2004 1962">
    <p class='ocr_par' dir='ltr' id='par_1_33' title="bbox 426 1877 2004 1962">
     <span class='ocr_line' id='line_1_33' title="bbox 426 1877 2004 1962; baseline -0.006 -18"><span class='ocrx_word' id='word_1_203' title='bbox 426 1904 551 1962; x_wconf 85' lang='lat' dir='ltr'><strong>gam</strong></span> <span class='ocrx_word' id='word_1_204' title='bbox 584 1885 837 1942; x_wconf 82' lang='lat' dir='ltr'><strong>conversi</strong></span> <span class='ocrx_word' id='word_1_205' title='bbox 866 1890 1017 1948; x_wconf 86' lang='lat' dir='ltr'><strong>sunt,</strong></span> <span class='ocrx_word' id='word_1_206' title='bbox 1046 1879 1142 1937; x_wconf 86' lang='lat' dir='ltr'><strong>sed</strong></span> <span class='ocrx_word' id='word_1_207' title='bbox 1170 1889 1363 1935; x_wconf 89' lang='lat' dir='ltr'><strong>contra</strong></span> <span class='ocrx_word' id='word_1_208' title='bbox 1392 1893 1489 1934; x_wconf 88' lang='lat' dir='ltr'><strong>eos</strong></span> <span class='ocrx_word' id='word_1_209' title='bbox 1514 1878 1707 1944; x_wconf 89' lang='lat' dir='ltr'><strong>etiam,</strong></span> <span class='ocrx_word' id='word_1_210' title='bbox 1741 1877 2004 1934; x_wconf 43' lang='lat' dir='ltr'><strong>visitatio&#39;</strong></span> 
     </span>
    </p>
   </div>
   <div class='ocr_carea' id='block_1_34' title="bbox 2114 1856 3694 1962">
    <p class='ocr_par' dir='ltr' id='par_1_34' title="bbox 2114 1881 3694 1959">
     <span class='ocr_line' id='line_1_34' title="bbox 2114 1881 3694 1959; baseline 0.006 -27"><span class='ocrx_word' id='word_1_211' title='bbox 2114 1881 2389 1950; x_wconf 73' lang='grc' dir='ltr'><strong>πήσονται</strong></span> <span class='ocrx_word' id='word_1_212' title='bbox 2411 1900 2424 1913; x_wconf 91' lang='grc'><strong>·</strong></span> <span class='ocrx_word' id='word_1_213' title='bbox 2453 1884 2592 1938; x_wconf 81' lang='grc' dir='ltr'><strong>ἀλλὰ</strong></span> <span class='ocrx_word' id='word_1_214' title='bbox 2622 1887 2720 1939; x_wconf 68' lang='grc' dir='ltr'><strong>καὶ</strong></span> <span class='ocrx_word' id='word_1_215' title='bbox 2747 1886 2871 1940; x_wconf 81' lang='grc' dir='ltr'><strong>κατ’</strong></span> <span class='ocrx_word' id='word_1_216' title='bbox 2898 1885 3079 1940; x_wconf 79' lang='grc' dir='ltr'><strong>αὐτῶν</strong></span> <span class='ocrx_word' id='word_1_217' title='bbox 3117 1889 3431 1959; x_wconf 73' lang='grc' dir='ltr'><strong>ἐπισκοπὴν</strong></span> <span class='ocrx_word' id='word_1_218' title='bbox 3464 1889 3568 1959; x_wconf 76' lang='grc' dir='ltr'><strong>τὴν</strong></span> <span class='ocrx_word' id='word_1_219' title='bbox 3603 1894 3694 1955; x_wconf 75' lang='grc' dir='ltr'><strong>σὴν</strong></span> 
     </span>
    </p>
   </div>
   <div class='ocr_carea' id='block_1_35' title="bbox 427 1972 2004 2051">
    <p class='ocr_par' dir='ltr' id='par_1_35' title="bbox 427 1972 2004 2051">
     <span class='ocr_line' id='line_1_35' title="bbox 427 1972 2004 2051; baseline -0.008 -14"><span class='ocrx_word' id='word_1_220' title='bbox 427 1998 552 2038; x_wconf 88' lang='lat' dir='ltr'><strong>nem</strong></span> <span class='ocrx_word' id='word_1_221' title='bbox 593 1991 744 2036; x_wconf 88' lang='lat' dir='ltr'><strong>tuam</strong></span> <span class='ocrx_word' id='word_1_222' title='bbox 777 1976 1137 2051; x_wconf 56' lang='lat' dir='ltr'><strong>praeparahis,</strong></span> <span class='ocrx_word' id='word_1_223' title='bbox 1189 1972 1329 2029; x_wconf 89' lang='lat' dir='ltr'><strong>adeo</strong></span> <span class='ocrx_word' id='word_1_224' title='bbox 1370 1980 1564 2029; x_wconf 90' lang='lat' dir='ltr'><strong>utnon</strong></span> <span class='ocrx_word' id='word_1_225' title='bbox 1597 1974 1813 2043; x_wconf 87' lang='lat' dir='ltr'><strong>possint</strong></span> <span class='ocrx_word' id='word_1_226' title='bbox 1875 1988 2004 2029; x_wconf 82' lang='lat' dir='ltr'><strong>eva-</strong></span> 
     </span>
    </p>
   </div>
   <div class='ocr_carea' id='block_1_36' title="bbox 2114 1972 3336 2051">
    <p class='ocr_par' dir='ltr' id='par_1_36' title="bbox 2114 1973 3336 2047">
     <span class='ocr_line' id='line_1_36' title="bbox 2114 1973 3336 2047; baseline 0.004 -19"><span class='ocrx_word' id='word_1_227' title='bbox 2114 1973 2482 2047; x_wconf 77' lang='grc' dir='ltr'><strong>ιύτρεπισεις,</strong></span> <span class='ocrx_word' id='word_1_228' title='bbox 2516 1978 2659 2032; x_wconf 81' lang='grc' dir='ltr'><strong>ὥστε</strong></span> <span class='ocrx_word' id='word_1_229' title='bbox 2687 1979 2763 2047; x_wconf 79' lang='grc' dir='ltr'><strong>μὴ</strong></span> <span class='ocrx_word' id='word_1_230' title='bbox 2796 1978 3084 2047; x_wconf 76' lang='grc' dir='ltr'><strong>διαφυγεῖν</strong></span> <span class='ocrx_word' id='word_1_231' title='bbox 3116 1979 3336 2041; x_wconf 82' lang='grc' dir='ltr'><strong>αὐτούς.</strong></span> 
     </span>
    </p>
   </div>
   <div class='ocr_carea' id='block_1_37' title="bbox 433 2063 3689 2148">
    <p class='ocr_par' dir='ltr' id='par_1_37' title="bbox 433 2063 3689 2148">
     <span class='ocr_line' id='line_1_37' title="bbox 433 2063 3689 2148; baseline -0.002 -12"><span class='ocrx_word' id='word_1_232' title='bbox 433 2081 579 2136; x_wconf 85' lang='lat' dir='ltr'><strong>:lere.</strong></span> <span class='ocrx_word' id='word_1_233' title='bbox 612 2073 703 2148; x_wconf 84' lang='lat' dir='ltr'><strong>[Et</strong></span> <span class='ocrx_word' id='word_1_234' title='bbox 734 2074 822 2127; x_wconf 90' lang='lat' dir='ltr'><strong>hic</strong></span> <span class='ocrx_word' id='word_1_235' title='bbox 849 2068 1067 2141; x_wconf 87' lang='lat' dir='ltr'><strong>quidem</strong></span> <span class='ocrx_word' id='word_1_236' title='bbox 1098 2066 1206 2122; x_wconf 90' lang='lat' dir='ltr'><strong>erit</strong></span> <span class='ocrx_word' id='word_1_237' title='bbox 1260 2081 1456 2122; x_wconf 82' lang='lat' dir='ltr'><strong>sensus</strong></span> <span class='ocrx_word' id='word_1_238' title='bbox 1494 2066 1540 2123; x_wconf 90' lang='lat' dir='ltr'><strong>si</strong></span> <span class='ocrx_word' id='word_1_239' title='bbox 1568 2066 1760 2138; x_wconf 84' lang='lat' dir='ltr'><strong>legas:</strong></span> <span class='ocrx_word' id='word_1_240' title='bbox 1795 2063 1862 2120; x_wconf 87' lang='lat' dir='ltr'><strong>In</strong></span> <span class='ocrx_word' id='word_1_241' title='bbox 1903 2065 2142 2135; x_wconf 80' lang='lat' dir='ltr'><strong>reliquiis</strong></span> <span class='ocrx_word' id='word_1_242' title='bbox 2196 2078 2370 2137; x_wconf 87' lang='lat' dir='ltr'><strong>tuum,</strong></span> <span class='ocrx_word' id='word_1_243' title='bbox 2426 2082 2536 2126; x_wconf 87' lang='lat' dir='ltr'><strong>etc.</strong></span> <span class='ocrx_word' id='word_1_244' title='bbox 2588 2069 2793 2127; x_wconf 75' lang='lat' dir='ltr'><strong>Verum</strong></span> <span class='ocrx_word' id='word_1_245' title='bbox 2871 2075 3002 2144; x_wconf 87' lang='lat' dir='ltr'><strong>quia</strong></span> <span class='ocrx_word' id='word_1_246' title='bbox 3072 2073 3243 2129; x_wconf 86' lang='lat' dir='ltr'><strong>dictio</strong></span> <span class='ocrx_word' id='word_1_247' title='bbox 3323 2073 3520 2130; x_wconf 73' lang='lat' dir='ltr'><strong>Graeca</strong></span> <span class='ocrx_word' id='word_1_248' title='bbox 3602 2090 3689 2143; x_wconf 73' lang='grc' dir='ltr'><strong>σοῦ</strong></span> 
     </span>
    </p>
   </div>
   <div class='ocr_carea' id='block_1_38' title="bbox 420 2159 3693 2244">
    <p class='ocr_par' dir='ltr' id='par_1_38' title="bbox 420 2159 3693 2244">
     <span class='ocr_line' id='line_1_38' title="bbox 420 2159 3693 2244; baseline -0.002 -16"><span class='ocrx_word' id='word_1_249' title='bbox 420 2179 609 2244; x_wconf 78' lang='lat' dir='ltr'><strong>potest</strong></span> <span class='ocrx_word' id='word_1_250' title='bbox 669 2164 925 2235; x_wconf 78' lang='lat' dir='ltr'><strong>intelligi,</strong></span> <span class='ocrx_word' id='word_1_251' title='bbox 962 2174 1020 2219; x_wconf 73' lang='lat' dir='ltr'><strong>ut</strong></span> <span class='ocrx_word' id='word_1_252' title='bbox 1053 2160 1326 2218; x_wconf 80' lang='lat' dir='ltr'><strong>referatur</strong></span> <span class='ocrx_word' id='word_1_253' title='bbox 1373 2160 1441 2215; x_wconf 90' lang='lat' dir='ltr'><strong>ad</strong></span> <span class='ocrx_word' id='word_1_254' title='bbox 1493 2159 1883 2231; x_wconf 67' lang='lat' dir='ltr'><strong>praecedentia,</strong></span> <span class='ocrx_word' id='word_1_255' title='bbox 1921 2160 1996 2214; x_wconf 86' lang='lat' dir='ltr'><strong>ita</strong></span> <span class='ocrx_word' id='word_1_256' title='bbox 2036 2169 2093 2215; x_wconf 93' lang='lat' dir='ltr'><strong>ut</strong></span> <span class='ocrx_word' id='word_1_257' title='bbox 2126 2161 2199 2220; x_wconf 86' lang='lat' dir='ltr'><strong>sit</strong></span> <span class='ocrx_word' id='word_1_258' title='bbox 2225 2162 2426 2219; x_wconf 85' lang='lat' dir='ltr'><strong>lectio:</strong></span> <span class='ocrx_word' id='word_1_259' title='bbox 2469 2162 2537 2218; x_wconf 84' lang='lat' dir='ltr'><strong>In</strong></span> <span class='ocrx_word' id='word_1_260' title='bbox 2567 2165 2806 2237; x_wconf 82' lang='lat' dir='ltr'><strong>reliquiis</strong></span> <span class='ocrx_word' id='word_1_261' title='bbox 2835 2166 2962 2232; x_wconf 78' lang='lat' dir='ltr'><strong>tuis,</strong></span> <span class='ocrx_word' id='word_1_262' title='bbox 2991 2174 3127 2231; x_wconf 91' lang='lat' dir='ltr'><strong>etc.,</strong></span> <span class='ocrx_word' id='word_1_263' title='bbox 3189 2167 3350 2238; x_wconf 76' lang='lat' dir='ltr'><strong>juxta</strong></span> <span class='ocrx_word' id='word_1_264' title='bbox 3422 2168 3569 2224; x_wconf 84' lang='lat' dir='ltr'><strong>hanc</strong></span> <span class='ocrx_word' id='word_1_265' title='bbox 3619 2170 3693 2225; x_wconf 82' lang='lat' dir='ltr'><strong>le-</strong></span> 
     </span>
    </p>
   </div>
   <div class='ocr_carea' id='block_1_39' title="bbox 427 2256 2564 2339">
    <p class='ocr_par' dir='ltr' id='par_1_39' title="bbox 427 2256 2564 2339">
     <span class='ocr_line' id='line_1_39' title="bbox 427 2256 2564 2339; baseline -0.003 -18"><span class='ocrx_word' id='word_1_266' title='bbox 427 2268 691 2328; x_wconf 87' lang='lat' dir='ltr'><strong>ctionem,</strong></span> <span class='ocrx_word' id='word_1_267' title='bbox 730 2261 895 2332; x_wconf 89' lang='lat' dir='ltr'><strong>paulo</strong></span> <span class='ocrx_word' id='word_1_268' title='bbox 938 2266 1066 2331; x_wconf 88' lang='lat' dir='ltr'><strong>post</strong></span> <span class='ocrx_word' id='word_1_269' title='bbox 1095 2256 1395 2314; x_wconf 85' lang='lat' dir='ltr'><strong>secundam</strong></span> <span class='ocrx_word' id='word_1_270' title='bbox 1450 2256 1648 2328; x_wconf 89' lang='lat' dir='ltr'><strong>psalmi</strong></span> <span class='ocrx_word' id='word_1_271' title='bbox 1695 2256 2097 2326; x_wconf 83' lang='lat' dir='ltr'><strong>expositionem</strong></span> <span class='ocrx_word' id='word_1_272' title='bbox 2140 2261 2564 2339; x_wconf 50' lang='lat' dir='ltr'><strong>tractabimus]</strong></span> 
     </span>
    </p>
   </div>
   <div class='ocr_carea' id='block_1_40' title="bbox 505 2353 2004 2431">
    <p class='ocr_par' dir='ltr' id='par_1_40' title="bbox 505 2353 2004 2431">
     <span class='ocr_line' id='line_1_40' title="bbox 505 2353 2004 2431; baseline -0.001 -21"><span class='ocrx_word' id='word_1_273' title='bbox 505 2359 673 2415; x_wconf 72' lang='lat' dir='ltr'><strong>Vens.</strong></span> <span class='ocrx_word' id='word_1_274' title='bbox 718 2357 807 2412; x_wconf 77' lang='grc' dir='ltr'><strong>Η.</strong></span> <span class='ocrx_word' id='word_1_275' title='bbox 849 2353 1134 2416; x_wconf 74' lang='lat' dir='ltr'><strong>Exaltare,</strong></span> <span class='ocrx_word' id='word_1_276' title='bbox 1184 2353 1431 2418; x_wconf 82' lang='lat' dir='ltr'><strong>Domine,</strong></span> <span class='ocrx_word' id='word_1_277' title='bbox 1490 2353 1543 2408; x_wconf 87' lang='lat' dir='ltr'><strong>iu</strong></span> <span class='ocrx_word' id='word_1_278' title='bbox 1595 2353 1830 2431; x_wconf 77' lang='lat' dir='ltr'><strong>potentia</strong></span> <span class='ocrx_word' id='word_1_279' title='bbox 1892 2361 2004 2409; x_wconf 87' lang='lat' dir='ltr'><strong>tua.</strong></span> 
     </span>
    </p>
   </div>
   <div class='ocr_carea' id='block_1_41' title="bbox 2114 2353 3694 2431">
    <p class='ocr_par' dir='ltr' id='par_1_41' title="bbox 2197 2353 3694 2429">
     <span class='ocr_line' id='line_1_41' title="bbox 2197 2353 3694 2429; baseline 0.003 -21"><span class='ocrx_word' id='word_1_280' title='bbox 2197 2353 2511 2425; x_wconf 72' lang='grc' dir='ltr'><strong>Ὑψώθητι.</strong></span> <span class='ocrx_word' id='word_1_281' title='bbox 2575 2358 2773 2426; x_wconf 76' lang='grc' dir='ltr'><strong>Κύριε,</strong></span> <span class='ocrx_word' id='word_1_282' title='bbox 2825 2358 2896 2413; x_wconf 81' lang='grc' dir='ltr'><strong>ἐν</strong></span> <span class='ocrx_word' id='word_1_283' title='bbox 2946 2358 3021 2428; x_wconf 78' lang='grc' dir='ltr'><strong>τῇ</strong></span> <span class='ocrx_word' id='word_1_284' title='bbox 3082 2358 3334 2429; x_wconf 70' lang='grc' dir='ltr'><strong>δυγάμει</strong></span> <span class='ocrx_word' id='word_1_285' title='bbox 3399 2374 3544 2415; x_wconf 76' lang='grc' dir='ltr'><strong>σου.</strong></span> <span class='ocrx_word' id='word_1_286' title='bbox 3612 2360 3694 2412; x_wconf 81' lang='grc' dir='ltr'><strong>Ἐν</strong></span> 
     </span>
    </p>
   </div>
   <div class='ocr_carea' id='block_1_42' title="bbox 425 2444 2004 2522">
    <p class='ocr_par' dir='ltr' id='par_1_42' title="bbox 425 2444 2004 2522">
     <span class='ocr_line' id='line_1_42' title="bbox 425 2444 2004 2522; baseline -0.006 -14"><span class='ocrx_word' id='word_1_287' title='bbox 425 2454 485 2509; x_wconf 81' lang='lat' dir='ltr'><strong>in</strong></span> <span class='ocrx_word' id='word_1_288' title='bbox 526 2450 737 2522; x_wconf 86' lang='lat' dir='ltr'><strong>psalmo</strong></span> <span class='ocrx_word' id='word_1_289' title='bbox 774 2464 850 2505; x_wconf 81' lang='lat' dir='ltr'><strong>vu</strong></span> <span class='ocrx_word' id='word_1_290' title='bbox 880 2445 1291 2503; x_wconf 83' lang='lat' dir='ltr'><strong>declaravimus</strong></span> <span class='ocrx_word' id='word_1_291' title='bbox 1328 2446 1457 2515; x_wconf 84' lang='lat' dir='ltr'><strong>quid</strong></span> <span class='ocrx_word' id='word_1_292' title='bbox 1487 2444 1763 2515; x_wconf 78' lang='lat' dir='ltr'><strong>signiﬁcet</strong></span> <span class='ocrx_word' id='word_1_293' title='bbox 1783 2446 2004 2500; x_wconf 85' lang='lat' dir='ltr'><strong>verbum</strong></span> 
     </span>
    </p>
   </div>
   <div class='ocr_carea' id='block_1_43' title="bbox 2114 2444 3690 2522">
    <p class='ocr_par' dir='ltr' id='par_1_43' title="bbox 2114 2446 3690 2521">
     <span class='ocr_line' id='line_1_43' title="bbox 2114 2446 3690 2521; baseline 0.003 -22"><span class='ocrx_word' id='word_1_294' title='bbox 2114 2446 2188 2517; x_wconf 83' lang='grc' dir='ltr'><strong>τῷ</strong></span> <span class='ocrx_word' id='word_1_295' title='bbox 2253 2448 2470 2520; x_wconf 67' lang='grc' dir='ltr'><strong>ἑϐδόμῳ</strong></span> <span class='ocrx_word' id='word_1_296' title='bbox 2525 2447 2730 2520; x_wconf 72' lang='grc' dir='ltr'><strong>ψαλμῷ</strong></span> <span class='ocrx_word' id='word_1_297' title='bbox 2799 2451 3227 2521; x_wconf 75' lang='grc' dir='ltr'><strong>σεσαφήνεσται,</strong></span> <span class='ocrx_word' id='word_1_298' title='bbox 3298 2451 3351 2504; x_wconf 74' lang='grc' dir='ltr'><strong>τί</strong></span> <span class='ocrx_word' id='word_1_299' title='bbox 3430 2452 3690 2521; x_wconf 74' lang='grc' dir='ltr'><strong>σημαίνει</strong></span> 
     </span>
    </p>
   </div>
   <div class='ocr_carea' id='block_1_44' title="bbox 431 2532 2004 2615">
    <p class='ocr_par' dir='ltr' id='par_1_44' title="bbox 431 2532 2004 2599">
     <span class='ocr_line' id='line_1_44' title="bbox 431 2532 2004 2599; baseline -0.006 0"><span class='ocrx_word' id='word_1_300' title='bbox 431 2532 535 2599; x_wconf 88' lang='lat' dir='ltr'><strong>hoc</strong></span> <span class='ocrx_word' id='word_1_301' title='bbox 573 2560 588 2597; x_wconf 91' lang='lat'><strong>:</strong></span> <span class='ocrx_word' id='word_1_302' title='bbox 630 2540 912 2596; x_wconf 71' lang='lat' dir='ltr'><strong>Exaltare.</strong></span> <span class='ocrx_word' id='word_1_303' title='bbox 949 2539 1218 2595; x_wconf 73' lang='lat' dir='ltr'><strong>Eumdem</strong></span> <span class='ocrx_word' id='word_1_304' title='bbox 1254 2536 1400 2593; x_wconf 85' lang='lat' dir='ltr'><strong>enim</strong></span> <span class='ocrx_word' id='word_1_305' title='bbox 1429 2552 1652 2592; x_wconf 87' lang='lat' dir='ltr'><strong>sensum</strong></span> <span class='ocrx_word' id='word_1_306' title='bbox 1709 2537 1872 2593; x_wconf 80' lang='lat' dir='ltr'><strong>habet</strong></span> <span class='ocrx_word' id='word_1_307' title='bbox 1925 2537 2004 2592; x_wconf 77' lang='lat' dir='ltr'><strong>hic</strong></span> 
     </span>
    </p>
   </div>
   <div class='ocr_carea' id='block_1_45' title="bbox 2114 2532 3696 2615">
    <p class='ocr_par' dir='ltr' id='par_1_45' title="bbox 2114 2539 3696 2615">
     <span class='ocr_line' id='line_1_45' title="bbox 2114 2539 3696 2615; baseline 0.003 -23"><span class='ocrx_word' id='word_1_308' title='bbox 2114 2541 2191 2604; x_wconf 76' lang='grc' dir='ltr'><strong>τὸ,</strong></span> <span class='ocrx_word' id='word_1_309' title='bbox 2270 2539 2567 2610; x_wconf 75' lang='grc' dir='ltr'><strong>Ὑψώθητι</strong></span> <span class='ocrx_word' id='word_1_310' title='bbox 2603 2558 2616 2571; x_wconf 90' lang='grc'><strong>·</strong></span> <span class='ocrx_word' id='word_1_311' title='bbox 2685 2543 2746 2595; x_wconf 83' lang='grc' dir='ltr'><strong>τὸ</strong></span> <span class='ocrx_word' id='word_1_312' title='bbox 2801 2545 2977 2613; x_wconf 63' lang='grc' dir='ltr'><strong>παρδν</strong></span> <span class='ocrx_word' id='word_1_313' title='bbox 3058 2544 3169 2614; x_wconf 82' lang='grc' dir='ltr'><strong>γὰρ</strong></span> <span class='ocrx_word' id='word_1_314' title='bbox 3247 2546 3433 2615; x_wconf 67' lang='grc' dir='ltr'><strong>ῥητδν,</strong></span> <span class='ocrx_word' id='word_1_315' title='bbox 3502 2547 3696 2597; x_wconf 73' lang='grc' dir='ltr'><strong>ταυτὶν</strong></span> 
     </span>
    </p>
   </div>
   <div class='ocr_carea' id='block_1_46' title="bbox 428 2618 2004 2708">
    <p class='ocr_par' dir='ltr' id='par_1_46' title="bbox 428 2618 2004 2704">
     <span class='ocr_line' id='line_1_46' title="bbox 428 2618 2004 2704; baseline -0.007 -11"><span class='ocrx_word' id='word_1_316' title='bbox 428 2618 763 2701; x_wconf 74' lang='lat' dir='ltr'><strong>versiculus,</strong></span> <span class='ocrx_word' id='word_1_317' title='bbox 790 2649 954 2704; x_wconf 88' lang='lat' dir='ltr'><strong>quem</strong></span> <span class='ocrx_word' id='word_1_318' title='bbox 990 2631 1064 2686; x_wconf 88' lang='lat' dir='ltr'><strong>ibi</strong></span> <span class='ocrx_word' id='word_1_319' title='bbox 1097 2631 1234 2685; x_wconf 86' lang='lat' dir='ltr'><strong>ille:</strong></span> <span class='ocrx_word' id='word_1_320' title='bbox 1292 2628 1362 2682; x_wconf 85' lang='lat' dir='ltr'><strong>Et</strong></span> <span class='ocrx_word' id='word_1_321' title='bbox 1416 2618 1661 2685; x_wconf 71' lang='lat' dir='ltr'><strong>exaltare</strong></span> <span class='ocrx_word' id='word_1_322' title='bbox 1725 2630 1779 2682; x_wconf 87' lang='lat' dir='ltr'><strong>in</strong></span> <span class='ocrx_word' id='word_1_323' title='bbox 1819 2628 2004 2698; x_wconf 74' lang='lat' dir='ltr'><strong>ﬁuibut</strong></span> 
     </span>
    </p>
   </div>
   <div class='ocr_carea' id='block_1_47' title="bbox 2114 2618 3693 2708">
    <p class='ocr_par' dir='ltr' id='par_1_47' title="bbox 2114 2635 3693 2708">
     <span class='ocr_line' id='line_1_47' title="bbox 2114 2635 3693 2708; baseline 0.002 -20"><span class='ocrx_word' id='word_1_324' title='bbox 2114 2635 2337 2689; x_wconf 71' lang='grc' dir='ltr'><strong>δῦναται</strong></span> <span class='ocrx_word' id='word_1_325' title='bbox 2394 2636 2473 2708; x_wconf 79' lang='grc' dir='ltr'><strong>τῷ</strong></span> <span class='ocrx_word' id='word_1_326' title='bbox 2540 2635 2844 2705; x_wconf 66' lang='grc' dir='ltr'><strong>’Υψὼθητι</strong></span> <span class='ocrx_word' id='word_1_327' title='bbox 2889 2638 2962 2691; x_wconf 78' lang='grc' dir='ltr'><strong>ἐν</strong></span> <span class='ocrx_word' id='word_1_328' title='bbox 3000 2638 3127 2692; x_wconf 69' lang='grc' dir='ltr'><strong>τοῖρ</strong></span> <span class='ocrx_word' id='word_1_329' title='bbox 3158 2637 3381 2707; x_wconf 75' lang='grc' dir='ltr'><strong>πέρασι</strong></span> <span class='ocrx_word' id='word_1_330' title='bbox 3425 2638 3549 2693; x_wconf 78' lang='grc' dir='ltr'><strong>τῶν</strong></span> <span class='ocrx_word' id='word_1_331' title='bbox 3597 2640 3693 2707; x_wconf 64' lang='lat' dir='ltr'><strong>ti);-</strong></span> 
     </span>
    </p>
   </div>
   <div class='ocr_carea' id='block_1_48' title="bbox 426 2723 2004 2798">
    <p class='ocr_par' dir='ltr' id='par_1_48' title="bbox 426 2723 1102 2785">
     <span class='ocr_line' id='line_1_48' title="bbox 426 2723 1102 2785; baseline -0.012 0"><span class='ocrx_word' id='word_1_332' title='bbox 426 2730 767 2785; x_wconf 80' lang='lat' dir='ltr'><strong>inimicerum</strong></span> <span class='ocrx_word' id='word_1_333' title='bbox 797 2736 1009 2780; x_wconf 85' lang='lat' dir='ltr'><strong>tuorum</strong></span> <span class='ocrx_word' id='word_1_334' title='bbox 1037 2723 1102 2777; x_wconf 73' lang='lat'><strong>“.</strong></span> 
     </span>
    </p>
   </div>
   <div class='ocr_carea' id='block_1_49' title="bbox 2114 2723 2450 2798">
    <p class='ocr_par' dir='ltr' id='par_1_49' title="bbox 2115 2728 2450 2798">
     <span class='ocr_line' id='line_1_49' title="bbox 2115 2728 2450 2798; baseline 0.006 -16"><span class='ocrx_word' id='word_1_335' title='bbox 2115 2728 2272 2798; x_wconf 83' lang='grc' dir='ltr'><strong>ορῶν</strong></span> <span class='ocrx_word' id='word_1_336' title='bbox 2308 2747 2450 2784; x_wconf 87' lang='grc' dir='ltr'><strong>σου.</strong></span> 
     </span>
    </p>
   </div>
   <div class='ocr_carea' id='block_1_50' title="bbox 499 2814 2004 2891">
    <p class='ocr_par' dir='ltr' id='par_1_50' title="bbox 499 2814 2004 2886">
     <span class='ocr_line' id='line_1_50' title="bbox 499 2814 2004 2886; baseline -0.004 -8"><span class='ocrx_word' id='word_1_337' title='bbox 499 2820 852 2878; x_wconf 81' lang='lat' dir='ltr'><strong>Cantabimus</strong></span> <span class='ocrx_word' id='word_1_338' title='bbox 882 2828 931 2873; x_wconf 89' lang='lat' dir='ltr'><strong>et</strong></span> <span class='ocrx_word' id='word_1_339' title='bbox 961 2816 1253 2886; x_wconf 77' lang='lat' dir='ltr'><strong>psalleutus</strong></span> <span class='ocrx_word' id='word_1_340' title='bbox 1286 2823 1590 2881; x_wconf 77' lang='lat' dir='ltr'><strong>potentatus</strong></span> <span class='ocrx_word' id='word_1_341' title='bbox 1619 2824 1759 2870; x_wconf 83' lang='lat' dir='ltr'><strong>tuos.</strong></span> <span class='ocrx_word' id='word_1_342' title='bbox 1796 2814 1854 2871; x_wconf 84' lang='lat' dir='ltr'><strong>In</strong></span> <span class='ocrx_word' id='word_1_343' title='bbox 1910 2817 2004 2873; x_wconf 72' lang='lat' dir='ltr'><strong>iiut</strong></span> 
     </span>
    </p>
   </div>
   <div class='ocr_carea' id='block_1_51' title="bbox 2114 2814 3692 2891">
    <p class='ocr_par' dir='ltr' id='par_1_51' title="bbox 2189 2820 3692 2891">
     <span class='ocr_line' id='line_1_51' title="bbox 2189 2820 3692 2891; baseline 0.009 -21"><span class='ocrx_word' id='word_1_344' title='bbox 2189 2820 2472 2889; x_wconf 81' lang='grc' dir='ltr'><strong>’ᾼσωμεν</strong></span> <span class='ocrx_word' id='word_1_345' title='bbox 2524 2822 2621 2875; x_wconf 81' lang='grc' dir='ltr'><strong>καὶ</strong></span> <span class='ocrx_word' id='word_1_346' title='bbox 2651 2822 2968 2891; x_wconf 73' lang='grc' dir='ltr'><strong>ψαλοῦμεν</strong></span> <span class='ocrx_word' id='word_1_347' title='bbox 3006 2823 3112 2887; x_wconf 80' lang='grc' dir='ltr'><strong>τὰς</strong></span> <span class='ocrx_word' id='word_1_348' title='bbox 3141 2823 3510 2891; x_wconf 67' lang='grc' dir='ltr'><strong>δυναστείας</strong></span> <span class='ocrx_word' id='word_1_349' title='bbox 3557 2842 3692 2883; x_wconf 77' lang='grc' dir='ltr'><strong>σου.</strong></span> 
     </span>
    </p>
   </div>
   <div class='ocr_carea' id='block_1_52' title="bbox 430 2905 2004 2985">
    <p class='ocr_par' dir='ltr' id='par_1_52' title="bbox 430 2905 2004 2985">
     <span class='ocr_line' id='line_1_52' title="bbox 430 2905 2004 2985; baseline -0.006 -15"><span class='ocrx_word' id='word_1_350' title='bbox 430 2912 631 2985; x_wconf 85' lang='lat' dir='ltr'><strong>psalmi</strong></span> <span class='ocrx_word' id='word_1_351' title='bbox 694 2926 793 2976; x_wconf 78' lang='lat' dir='ltr'><strong>xu,</strong></span> <span class='ocrx_word' id='word_1_352' title='bbox 858 2909 1267 2965; x_wconf 82' lang='lat' dir='ltr'><strong>dec&#39;aravimus</strong></span> <span class='ocrx_word' id='word_1_353' title='bbox 1328 2905 1461 2975; x_wconf 88' lang='lat' dir='ltr'><strong>quid</strong></span> <span class='ocrx_word' id='word_1_354' title='bbox 1526 2906 1839 2978; x_wconf 76' lang='lat' dir='ltr'><strong>signiﬁcent</strong></span> <span class='ocrx_word' id='word_1_355' title='bbox 1897 2907 2004 2962; x_wconf 70' lang='lat' dir='ltr'><strong>hanc</strong></span> 
     </span>
    </p>
   </div>
   <div class='ocr_carea' id='block_1_53' title="bbox 2114 2905 3694 2985">
    <p class='ocr_par' dir='ltr' id='par_1_53' title="bbox 2125 2911 3694 2985">
     <span class='ocr_line' id='line_1_53' title="bbox 2125 2911 3694 2985; baseline 0.002 -20"><span class='ocrx_word' id='word_1_356' title='bbox 2125 2911 2214 2965; x_wconf 83' lang='grc' dir='ltr'><strong>Ἐν</strong></span> <span class='ocrx_word' id='word_1_357' title='bbox 2248 2912 2326 2982; x_wconf 84' lang='grc' dir='ltr'><strong>τῷ</strong></span> <span class='ocrx_word' id='word_1_358' title='bbox 2382 2912 2531 2966; x_wconf 83' lang='grc' dir='ltr'><strong>τέλει</strong></span> <span class='ocrx_word' id='word_1_359' title='bbox 2575 2913 2669 2967; x_wconf 81' lang='grc' dir='ltr'><strong>τοῦ</strong></span> <span class='ocrx_word' id='word_1_360' title='bbox 2719 2911 2785 2984; x_wconf 78' lang='grc' dir='ltr'><strong>ιβ’</strong></span> <span class='ocrx_word' id='word_1_361' title='bbox 2837 2914 3058 2984; x_wconf 80' lang='grc' dir='ltr'>ψαλμοῦ</span> <span class='ocrx_word' id='word_1_362' title='bbox 3116 2915 3581 2985; x_wconf 71' lang='grc' dir='ltr'><strong>προδιελάϐομεν,</strong></span> <span class='ocrx_word' id='word_1_363' title='bbox 3643 2917 3694 2970; x_wconf 84' lang='grc' dir='ltr'><strong>τί</strong></span> 
     </span>
    </p>
   </div>
   <div class='ocr_carea' id='block_1_54' title="bbox 431 2997 2004 3075">
    <p class='ocr_par' dir='ltr' id='par_1_54' title="bbox 431 2997 2004 3070">
     <span class='ocr_line' id='line_1_54' title="bbox 431 2997 2004 3070; baseline -0.009 -9"><span class='ocrx_word' id='word_1_364' title='bbox 431 3005 601 3061; x_wconf 88' lang='lat' dir='ltr'><strong>verba</strong></span> <span class='ocrx_word' id='word_1_365' title='bbox 643 3012 866 3058; x_wconf 83' lang='lat' dir='ltr'><strong>cantare</strong></span> <span class='ocrx_word' id='word_1_366' title='bbox 897 3010 952 3054; x_wconf 89' lang='lat' dir='ltr'><strong>et</strong></span> <span class='ocrx_word' id='word_1_367' title='bbox 981 2999 1228 3069; x_wconf 73' lang='lat' dir='ltr'><strong>psallere.</strong></span> <span class='ocrx_word' id='word_1_368' title='bbox 1302 2997 1486 3067; x_wconf 81' lang='lat' dir='ltr'><strong>Aliqui</strong></span> <span class='ocrx_word' id='word_1_369' title='bbox 1536 2998 1681 3053; x_wconf 94' lang='lat' dir='ltr'><strong>hunc</strong></span> <span class='ocrx_word' id='word_1_370' title='bbox 1741 2997 2004 3070; x_wconf 85' lang='lat' dir='ltr'><strong>psalmum</strong></span> 
     </span>
    </p>
   </div>
   <div class='ocr_carea' id='block_1_55' title="bbox 2114 2997 3695 3075">
    <p class='ocr_par' dir='ltr' id='par_1_55' title="bbox 2114 3003 3695 3075">
     <span class='ocr_line' id='line_1_55' title="bbox 2114 3003 3695 3075; baseline 0.003 -18"><span class='ocrx_word' id='word_1_371' title='bbox 2114 3003 2365 3073; x_wconf 78' lang='grc' dir='ltr'><strong>βούλεται</strong></span> <span class='ocrx_word' id='word_1_372' title='bbox 2390 3003 2471 3069; x_wconf 82' lang='grc' dir='ltr'><strong>τὸ,</strong></span> <span class='ocrx_word' id='word_1_373' title='bbox 2497 3004 2646 3073; x_wconf 80' lang='grc' dir='ltr'><strong>ᾂσω,</strong></span> <span class='ocrx_word' id='word_1_374' title='bbox 2681 3008 2773 3058; x_wconf 77' lang='grc' dir='ltr'><strong>καὶ</strong></span> <span class='ocrx_word' id='word_1_375' title='bbox 2808 3006 2890 3070; x_wconf 83' lang='grc' dir='ltr'><strong>τδ,</strong></span> <span class='ocrx_word' id='word_1_376' title='bbox 2943 3004 3141 3075; x_wconf 69' lang='grc' dir='ltr'><strong>ψαλῶ.</strong></span> <span class='ocrx_word' id='word_1_377' title='bbox 3206 3007 3365 3071; x_wconf 74' lang='grc' dir='ltr'><strong>Τινὲς</strong></span> <span class='ocrx_word' id='word_1_378' title='bbox 3395 3007 3452 3061; x_wconf 79' lang='grc' dir='ltr'><strong>δὲ</strong></span> <span class='ocrx_word' id='word_1_379' title='bbox 3485 3007 3695 3061; x_wconf 74' lang='grc' dir='ltr'><strong>καὶτὸν</strong></span> 
     </span>
    </p>
   </div>
   <div class='ocr_carea' id='block_1_56' title="bbox 428 3088 2004 3171">
    <p class='ocr_par' dir='ltr' id='par_1_56' title="bbox 428 3088 2004 3169">
     <span class='ocr_line' id='line_1_56' title="bbox 428 3088 2004 3169; baseline -0.008 -15"><span class='ocrx_word' id='word_1_380' title='bbox 428 3110 736 3169; x_wconf 87' lang='lat' dir='ltr'><strong>congruere</strong></span> <span class='ocrx_word' id='word_1_381' title='bbox 751 3102 1004 3151; x_wconf 60' lang='lat' dir='ltr'><strong>asserunt</strong></span> <span class='ocrx_word' id='word_1_382' title='bbox 1030 3093 1133 3161; x_wconf 85' lang='lat' dir='ltr'><strong>ipsi</strong></span> <span class='ocrx_word' id='word_1_383' title='bbox 1154 3090 1311 3145; x_wconf 84' lang='lat' dir='ltr'><strong>beato</strong></span> <span class='ocrx_word' id='word_1_384' title='bbox 1342 3088 1530 3154; x_wconf 82' lang='lat' dir='ltr'><strong>David,</strong></span> <span class='ocrx_word' id='word_1_385' title='bbox 1562 3089 1832 3155; x_wconf 83' lang='lat' dir='ltr'><strong>dicentes,</strong></span> <span class='ocrx_word' id='word_1_386' title='bbox 1865 3088 2004 3159; x_wconf 91' lang='lat' dir='ltr'><strong>quod</strong></span> 
     </span>
    </p>
   </div>
   <div class='ocr_carea' id='block_1_57' title="bbox 2114 3088 3692 3171">
    <p class='ocr_par' dir='ltr' id='par_1_57' title="bbox 2116 3097 3692 3171">
     <span class='ocr_line' id='line_1_57' title="bbox 2116 3097 3692 3171; baseline 0.002 -21"><span class='ocrx_word' id='word_1_387' title='bbox 2116 3097 2364 3168; x_wconf 74' lang='grc' dir='ltr'><strong>παρόντα</strong></span> <span class='ocrx_word' id='word_1_388' title='bbox 2382 3097 2599 3168; x_wconf 72' lang='grc' dir='ltr'><strong>ψαλμὸν</strong></span> <span class='ocrx_word' id='word_1_389' title='bbox 2649 3099 2727 3169; x_wconf 81' lang='grc' dir='ltr'><strong>τῷ</strong></span> <span class='ocrx_word' id='word_1_390' title='bbox 2795 3099 2962 3154; x_wconf 75' lang='grc' dir='ltr'><strong>Δαὸὶδ</strong></span> <span class='ocrx_word' id='word_1_391' title='bbox 3024 3099 3348 3171; x_wconf 74' lang='grc' dir='ltr'><strong>ἁρμόζουσι,</strong></span> <span class='ocrx_word' id='word_1_392' title='bbox 3417 3100 3692 3168; x_wconf 59' lang='grc' dir='ltr'><strong>λέγοντες.</strong></span> 
     </span>
    </p>
   </div>
   <div class='ocr_carea' id='block_1_58' title="bbox 429 3182 2004 3264">
    <p class='ocr_par' dir='ltr' id='par_1_58' title="bbox 429 3182 2004 3264">
     <span class='ocr_line' id='line_1_58' title="bbox 429 3182 2004 3264; baseline -0.006 -17"><span class='ocrx_word' id='word_1_393' title='bbox 429 3206 532 3264; x_wconf 92' lang='lat' dir='ltr'><strong>pro</strong></span> <span class='ocrx_word' id='word_1_394' title='bbox 567 3190 753 3261; x_wconf 90' lang='lat' dir='ltr'><strong>seipso</strong></span> <span class='ocrx_word' id='word_1_395' title='bbox 785 3187 938 3242; x_wconf 89' lang='lat' dir='ltr'><strong>illum</strong></span> <span class='ocrx_word' id='word_1_396' title='bbox 1001 3183 1223 3240; x_wconf 83' lang='lat' dir='ltr'><strong>cecinit.</strong></span> <span class='ocrx_word' id='word_1_397' title='bbox 1282 3182 1438 3251; x_wconf 88' lang='lat' dir='ltr'><strong>Quod</strong></span> <span class='ocrx_word' id='word_1_398' title='bbox 1497 3183 1543 3237; x_wconf 87' lang='lat' dir='ltr'><strong>si</strong></span> <span class='ocrx_word' id='word_1_399' title='bbox 1599 3183 2004 3253; x_wconf 86' lang='lat' dir='ltr'><strong>susceperimus</strong></span> 
     </span>
    </p>
   </div>
   <div class='ocr_carea' id='block_1_59' title="bbox 2114 3182 3692 3264">
    <p class='ocr_par' dir='ltr' id='par_1_59' title="bbox 2115 3185 3692 3263">
     <span class='ocr_line' id='line_1_59' title="bbox 2115 3185 3692 3263; baseline 0.001 -21"><span class='ocrx_word' id='word_1_400' title='bbox 2115 3189 2255 3258; x_wconf 84' lang='grc' dir='ltr'><strong>ὑπὲρ</strong></span> <span class='ocrx_word' id='word_1_401' title='bbox 2287 3190 2482 3243; x_wconf 77' lang='grc' dir='ltr'><strong>ἑαυτοῦ</strong></span> <span class='ocrx_word' id='word_1_402' title='bbox 2516 3189 2707 3243; x_wconf 80' lang='grc' dir='ltr'><strong>τοῦτον</strong></span> <span class='ocrx_word' id='word_1_403' title='bbox 2742 3185 2893 3263; x_wconf 78' lang='grc' dir='ltr'><strong>ᾆσαι.</strong></span> <span class='ocrx_word' id='word_1_404' title='bbox 2948 3192 3010 3245; x_wconf 84' lang='lat' dir='ltr'><strong>El</strong></span> <span class='ocrx_word' id='word_1_405' title='bbox 3072 3191 3130 3243; x_wconf 76' lang='grc' dir='ltr'><strong>δὲ</strong></span> <span class='ocrx_word' id='word_1_406' title='bbox 3184 3190 3347 3244; x_wconf 82' lang='grc' dir='ltr'><strong>τοῦτο</strong></span> <span class='ocrx_word' id='word_1_407' title='bbox 3403 3191 3692 3261; x_wconf 67' lang='grc' dir='ltr'><strong>δεξόμεθα,</strong></span> 
     </span>
    </p>
   </div>
   <div class='ocr_carea' id='block_1_60' title="bbox 429 3275 2004 3354">
    <p class='ocr_par' dir='ltr' id='par_1_60' title="bbox 429 3275 2004 3352">
     <span class='ocr_line' id='line_1_60' title="bbox 429 3275 2004 3352; baseline -0.006 -13"><span class='ocrx_word' id='word_1_408' title='bbox 429 3284 589 3352; x_wconf 89' lang='lat' dir='ltr'><strong>(nihil</strong></span> <span class='ocrx_word' id='word_1_409' title='bbox 612 3282 756 3337; x_wconf 90' lang='lat' dir='ltr'><strong>enim</strong></span> <span class='ocrx_word' id='word_1_410' title='bbox 799 3279 1071 3350; x_wconf 83' lang='lat' dir='ltr'><strong>impedit),</strong></span> <span class='ocrx_word' id='word_1_411' title='bbox 1111 3278 1309 3348; x_wconf 70' lang='lat' dir='ltr'><strong>exponi</strong></span> <span class='ocrx_word' id='word_1_412' title='bbox 1380 3277 1606 3347; x_wconf 90' lang='lat' dir='ltr'><strong>poterit,</strong></span> <span class='ocrx_word' id='word_1_413' title='bbox 1651 3284 1707 3329; x_wconf 89' lang='lat' dir='ltr'><strong>ut</strong></span> <span class='ocrx_word' id='word_1_414' title='bbox 1744 3275 2004 3345; x_wconf 89' lang='lat' dir='ltr'><strong>subjicie-</strong></span> 
     </span>
    </p>
   </div>
   <div class='ocr_carea' id='block_1_61' title="bbox 2114 3275 3691 3354">
    <p class='ocr_par' dir='ltr' id='par_1_61' title="bbox 2114 3282 3691 3354">
     <span class='ocr_line' id='line_1_61' title="bbox 2114 3282 3691 3354; baseline -0.001 -19"><span class='ocrx_word' id='word_1_415' title='bbox 2114 3282 2313 3337; x_wconf 81' lang='grc' dir='ltr'><strong>κωλύει</strong></span> <span class='ocrx_word' id='word_1_416' title='bbox 2350 3283 2459 3352; x_wconf 70' lang='grc' dir='ltr'><strong>γὰρ</strong></span> <span class='ocrx_word' id='word_1_417' title='bbox 2497 3283 2673 3348; x_wconf 72' lang='grc' dir='ltr'><strong>οὐδὲν,</strong></span> <span class='ocrx_word' id='word_1_418' title='bbox 2712 3283 3257 3354; x_wconf 75' lang='grc' dir='ltr'><strong>μεθιρμηνεύσωμεν</strong></span> <span class='ocrx_word' id='word_1_419' title='bbox 3288 3285 3356 3338; x_wconf 71' lang='grc' dir='ltr'><strong>τὰ</strong></span> <span class='ocrx_word' id='word_1_420' title='bbox 3400 3282 3691 3354; x_wconf 73' lang='grc' dir='ltr'><strong>ῥητά.Καὶ</strong></span> 
     </span>
    </p>
   </div>
   <div class='ocr_carea' id='block_1_62' title="bbox 431 3358 2004 3446">
    <p class='ocr_par' dir='ltr' id='par_1_62' title="bbox 431 3358 2004 3446">
     <span class='ocr_line' id='line_1_62' title="bbox 431 3358 2004 3446; baseline -0.007 -13"><span class='ocrx_word' id='word_1_421' title='bbox 431 3395 573 3435; x_wconf 80' lang='lat' dir='ltr'><strong>Inus.</strong></span> <span class='ocrx_word' id='word_1_422' title='bbox 610 3358 769 3443; x_wconf 74' lang='lat' dir='ltr'><strong>Quod</strong></span> <span class='ocrx_word' id='word_1_423' title='bbox 794 3375 961 3446; x_wconf 80' lang='lat' dir='ltr'><strong>igitur</strong></span> <span class='ocrx_word' id='word_1_424' title='bbox 990 3374 1046 3426; x_wconf 89' lang='lat' dir='ltr'><strong>in</strong></span> <span class='ocrx_word' id='word_1_425' title='bbox 1083 3371 1360 3441; x_wconf 69' lang='lat' dir='ltr'><strong>principio</strong></span> <span class='ocrx_word' id='word_1_426' title='bbox 1399 3368 1593 3443; x_wconf 84' lang='lat' dir='ltr'><strong>psalmi</strong></span> <span class='ocrx_word' id='word_1_427' title='bbox 1621 3369 1701 3425; x_wconf 88' lang='lat' dir='ltr'><strong>ait</strong></span> <span class='ocrx_word' id='word_1_428' title='bbox 1733 3385 1749 3422; x_wconf 88' lang='lat'><strong>:</strong></span> <span class='ocrx_word' id='word_1_429' title='bbox 1804 3367 1870 3422; x_wconf 79' lang='lat' dir='ltr'><strong>In</strong></span> <span class='ocrx_word' id='word_1_430' title='bbox 1910 3385 2004 3438; x_wconf 91' lang='lat' dir='ltr'><strong>po-</strong></span> 
     </span>
    </p>
   </div>
   <div class='ocr_carea' id='block_1_63' title="bbox 2114 3358 3695 3446">
    <p class='ocr_par' dir='ltr' id='par_1_63' title="bbox 2114 3373 3695 3444">
     <span class='ocr_line' id='line_1_63' title="bbox 2114 3373 3695 3444; baseline 0.003 -19"><span class='ocrx_word' id='word_1_431' title='bbox 2114 3374 2219 3444; x_wconf 79' lang='grc' dir='ltr'><strong>γὰρ</strong></span> <span class='ocrx_word' id='word_1_432' title='bbox 2250 3373 2447 3427; x_wconf 73' lang='grc' dir='ltr'><strong>αὐτίκα</strong></span> <span class='ocrx_word' id='word_1_433' title='bbox 2479 3374 2557 3438; x_wconf 75' lang='grc' dir='ltr'><strong>τὸ,</strong></span> <span class='ocrx_word' id='word_1_434' title='bbox 2608 3376 2709 3428; x_wconf 80' lang='grc' dir='ltr'><strong>Ἑν</strong></span> <span class='ocrx_word' id='word_1_435' title='bbox 2741 3373 2813 3442; x_wconf 77' lang='grc' dir='ltr'><strong>τῇ</strong></span> <span class='ocrx_word' id='word_1_436' title='bbox 2846 3373 3096 3443; x_wconf 73' lang='grc' dir='ltr'><strong>δυνάμει</strong></span> <span class='ocrx_word' id='word_1_437' title='bbox 3127 3389 3244 3428; x_wconf 85' lang='grc' dir='ltr'><strong>σου</strong></span> <span class='ocrx_word' id='word_1_438' title='bbox 3280 3376 3695 3443; x_wconf 67' lang='grc' dir='ltr'><strong>εὐφρανθήσε-</strong></span> 
     </span>
    </p>
   </div>
   <div class='ocr_carea' id='block_1_64' title="bbox 429 3460 2004 3534">
    <p class='ocr_par' dir='ltr' id='par_1_64' title="bbox 429 3460 2004 3530">
     <span class='ocr_line' id='line_1_64' title="bbox 429 3460 2004 3530; baseline -0.008 -5"><span class='ocrx_word' id='word_1_439' title='bbox 429 3471 593 3527; x_wconf 82' lang='lat' dir='ltr'><strong>tentia</strong></span> <span class='ocrx_word' id='word_1_440' title='bbox 633 3478 727 3524; x_wconf 89' lang='lat' dir='ltr'><strong>tua</strong></span> <span class='ocrx_word' id='word_1_441' title='bbox 758 3465 1054 3530; x_wconf 70' lang='lat' dir='ltr'><strong>lambitur,</strong></span> <span class='ocrx_word' id='word_1_442' title='bbox 1084 3472 1135 3516; x_wconf 87' lang='lat' dir='ltr'><strong>et</strong></span> <span class='ocrx_word' id='word_1_443' title='bbox 1192 3462 1247 3516; x_wconf 82' lang='lat' dir='ltr'><strong>in</strong></span> <span class='ocrx_word' id='word_1_444' title='bbox 1280 3463 1515 3517; x_wconf 82' lang='lat' dir='ltr'><strong>salutari</strong></span> <span class='ocrx_word' id='word_1_445' title='bbox 1555 3472 1643 3516; x_wconf 84' lang='lat' dir='ltr'><strong>tuo</strong></span> <span class='ocrx_word' id='word_1_446' title='bbox 1698 3460 2004 3526; x_wconf 70' lang='lat' dir='ltr'><strong>exsultabit,</strong></span> 
     </span>
    </p>
   </div>
   <div class='ocr_carea' id='block_1_65' title="bbox 2114 3460 3694 3534">
    <p class='ocr_par' dir='ltr' id='par_1_65' title="bbox 2114 3462 3694 3534">
     <span class='ocr_line' id='line_1_65' title="bbox 2114 3462 3694 3534; baseline -0.001 -17"><span class='ocrx_word' id='word_1_447' title='bbox 2114 3481 2224 3529; x_wconf 83' lang='grc' dir='ltr'><strong>ται,</strong></span> <span class='ocrx_word' id='word_1_448' title='bbox 2249 3465 2471 3527; x_wconf 52' lang='grc' dir='ltr'><strong>καὶέπὶ</strong></span> <span class='ocrx_word' id='word_1_449' title='bbox 2506 3462 2585 3531; x_wconf 85' lang='grc' dir='ltr'><strong>τῷ</strong></span> <span class='ocrx_word' id='word_1_450' title='bbox 2614 3465 2906 3534; x_wconf 75' lang='grc' dir='ltr'><strong>σωτηρίῳ</strong></span> <span class='ocrx_word' id='word_1_451' title='bbox 2944 3482 3062 3521; x_wconf 86' lang='grc' dir='ltr'><strong>σου</strong></span> <span class='ocrx_word' id='word_1_452' title='bbox 3113 3464 3581 3533; x_wconf 66' lang='grc' dir='ltr'><strong>ἁγαλλιάσεται,</strong></span> <span class='ocrx_word' id='word_1_453' title='bbox 3606 3465 3694 3517; x_wconf 72' lang='grc' dir='ltr'><strong>ἐπὶ</strong></span> 
     </span>
    </p>
   </div>
   <div class='ocr_carea' id='block_1_66' title="bbox 430 3554 2004 3634">
    <p class='ocr_par' dir='ltr' id='par_1_66' title="bbox 430 3554 2004 3634">
     <span class='ocr_line' id='line_1_66' title="bbox 430 3554 2004 3634; baseline -0.008 -13"><span class='ocrx_word' id='word_1_454' title='bbox 430 3564 805 3634; x_wconf 83' lang='lat' dir='ltr'><strong>intelligemus</strong></span> <span class='ocrx_word' id='word_1_455' title='bbox 833 3560 978 3613; x_wconf 89' lang='lat' dir='ltr'><strong>dicta</strong></span> <span class='ocrx_word' id='word_1_456' title='bbox 1009 3556 1183 3611; x_wconf 83' lang='lat' dir='ltr'><strong>fuisse</strong></span> <span class='ocrx_word' id='word_1_457' title='bbox 1222 3562 1449 3626; x_wconf 85' lang='lat' dir='ltr'><strong>propter</strong></span> <span class='ocrx_word' id='word_1_458' title='bbox 1496 3554 1778 3609; x_wconf 83' lang='lat' dir='ltr'><strong>Christum</strong></span> <span class='ocrx_word' id='word_1_459' title='bbox 1832 3554 1926 3625; x_wconf 89' lang='lat' dir='ltr'><strong>qui</strong></span> <span class='ocrx_word' id='word_1_460' title='bbox 1957 3561 2004 3617; x_wconf 84' lang='lat' dir='ltr'><strong>et</strong></span> 
     </span>
    </p>
   </div>
   <div class='ocr_carea' id='block_1_67' title="bbox 2114 3554 3696 3634">
    <p class='ocr_par' dir='ltr' id='par_1_67' title="bbox 2114 3554 3696 3628">
     <span class='ocr_line' id='line_1_67' title="bbox 2114 3554 3696 3628; baseline -0.003 -17"><span class='ocrx_word' id='word_1_461' title='bbox 2114 3557 2204 3611; x_wconf 75' lang='grc' dir='ltr'><strong>τδν</strong></span> <span class='ocrx_word' id='word_1_462' title='bbox 2237 3555 2478 3626; x_wconf 79' lang='grc' dir='ltr'><strong>Χριστὸν</strong></span> <span class='ocrx_word' id='word_1_463' title='bbox 2505 3555 2759 3628; x_wconf 72' lang='grc' dir='ltr'><strong>εἰρῆσθαι</strong></span> <span class='ocrx_word' id='word_1_464' title='bbox 2832 3556 3125 3626; x_wconf 87' lang='grc' dir='ltr'><strong>νοήσομεν.</strong></span> <span class='ocrx_word' id='word_1_465' title='bbox 3172 3554 3327 3609; x_wconf 69' lang='grc' dir='ltr'><strong>Ἐπεὶ</strong></span> <span class='ocrx_word' id='word_1_466' title='bbox 3371 3556 3480 3628; x_wconf 87' lang='grc' dir='ltr'><strong>γὰρ</strong></span> <span class='ocrx_word' id='word_1_467' title='bbox 3509 3557 3541 3609; x_wconf 83' lang='grc'>6</span> <span class='ocrx_word' id='word_1_468' title='bbox 3568 3557 3696 3625; x_wconf 78' lang='grc' dir='ltr'><strong>Χρι-</strong></span> 
     </span>
    </p>
   </div>
   <div class='ocr_carea' id='block_1_68' title="bbox 431 3645 2004 3729">
    <p class='ocr_par' dir='ltr' id='par_1_68' title="bbox 431 3646 2004 3729">
     <span class='ocr_line' id='line_1_68' title="bbox 431 3646 2004 3729; baseline -0.008 -17"><span class='ocrx_word' id='word_1_469' title='bbox 431 3656 674 3729; x_wconf 88' lang='lat' dir='ltr'><strong>potentia</strong></span> <span class='ocrx_word' id='word_1_470' title='bbox 709 3652 804 3708; x_wconf 81' lang='lat' dir='ltr'><strong>Dei</strong></span> <span class='ocrx_word' id='word_1_471' title='bbox 834 3658 940 3715; x_wconf 87' lang='lat' dir='ltr'><strong>est,</strong></span> <span class='ocrx_word' id='word_1_472' title='bbox 990 3656 1044 3704; x_wconf 89' lang='lat' dir='ltr'><strong>et</strong></span> <span class='ocrx_word' id='word_1_473' title='bbox 1104 3647 1343 3710; x_wconf 86' lang='lat' dir='ltr'><strong>dicitur.</strong></span> <span class='ocrx_word' id='word_1_474' title='bbox 1370 3646 1525 3717; x_wconf 77' lang='lat' dir='ltr'><strong>juxta</strong></span> <span class='ocrx_word' id='word_1_475' title='bbox 1581 3647 1906 3718; x_wconf 79' lang='lat' dir='ltr'><strong>Apostolutn</strong></span> <span class='ocrx_word' id='word_1_476' title='bbox 1940 3648 2004 3712; x_wconf 85' lang='grc'><strong>⁸⁸,</strong></span> 
     </span>
    </p>
   </div>
   <div class='ocr_carea' id='block_1_69' title="bbox 2114 3645 3696 3729">
    <p class='ocr_par' dir='ltr' id='par_1_69' title="bbox 2114 3645 3696 3717">
     <span class='ocr_line' id='line_1_69' title="bbox 2114 3645 3696 3717; baseline -0.001 -16"><span class='ocrx_word' id='word_1_477' title='bbox 2114 3648 2373 3713; x_wconf 73' lang='grc' dir='ltr'><strong>στδς,καὶ</strong></span> <span class='ocrx_word' id='word_1_478' title='bbox 2414 3645 2553 3702; x_wconf 80' lang='grc' dir='ltr'><strong>Θεοῦ</strong></span> <span class='ocrx_word' id='word_1_479' title='bbox 2583 3648 2703 3701; x_wconf 73' lang='grc' dir='ltr'><strong>ἐστι</strong></span> <span class='ocrx_word' id='word_1_480' title='bbox 2752 3645 3009 3716; x_wconf 76' lang='grc' dir='ltr'><strong>δύναμις,</strong></span> <span class='ocrx_word' id='word_1_481' title='bbox 3078 3647 3214 3716; x_wconf 80' lang='grc' dir='ltr'><strong>φησὶ</strong></span> <span class='ocrx_word' id='word_1_482' title='bbox 3277 3646 3387 3716; x_wconf 83' lang='grc' dir='ltr'><strong>γὰρ</strong></span> <span class='ocrx_word' id='word_1_483' title='bbox 3440 3649 3469 3700; x_wconf 86' lang='grc' dir='ltr'>ὁ</span> <span class='ocrx_word' id='word_1_484' title='bbox 3519 3648 3696 3717; x_wconf 71' lang='grc' dir='ltr'><strong>μέγας</strong></span> 
     </span>
    </p>
   </div>
   <div class='ocr_carea' id='block_1_70' title="bbox 428 3740 2004 3812">
    <p class='ocr_par' dir='ltr' id='par_1_70' title="bbox 428 3740 2004 3811">
     <span class='ocr_line' id='line_1_70' title="bbox 428 3740 2004 3811; baseline -0.008 -5"><span class='ocrx_word' id='word_1_485' title='bbox 428 3761 485 3806; x_wconf 80' lang='lat' dir='ltr'><strong>et</strong></span> <span class='ocrx_word' id='word_1_486' title='bbox 519 3750 796 3804; x_wconf 77' lang='lat' dir='ltr'><strong>Salvator.</strong></span> <span class='ocrx_word' id='word_1_487' title='bbox 834 3743 959 3811; x_wconf 80' lang='lat' dir='ltr'><strong>Ipse</strong></span> <span class='ocrx_word' id='word_1_488' title='bbox 988 3742 1165 3806; x_wconf 84' lang='lat' dir='ltr'><strong>enim,</strong></span> <span class='ocrx_word' id='word_1_489' title='bbox 1190 3748 1250 3795; x_wconf 92' lang='lat' dir='ltr'><strong>ut</strong></span> <span class='ocrx_word' id='word_1_490' title='bbox 1284 3741 1360 3795; x_wconf 87' lang='lat' dir='ltr'><strong>ait</strong></span> <span class='ocrx_word' id='word_1_491' title='bbox 1386 3740 1732 3811; x_wconf 83' lang='lat' dir='ltr'><strong>Evangelista</strong></span> <span class='ocrx_word' id='word_1_492' title='bbox 1755 3781 1768 3804; x_wconf 93' lang='lat'><strong>,</strong></span> <span class='ocrx_word' id='word_1_493' title='bbox 1813 3740 2004 3796; x_wconf 83' lang='lat' dir='ltr'><strong>Salva-</strong></span> 
     </span>
    </p>
   </div>
   <div class='ocr_carea' id='block_1_71' title="bbox 2114 3740 3693 3812">
    <p class='ocr_par' dir='ltr' id='par_1_71' title="bbox 2114 3740 3693 3812">
     <span class='ocr_line' id='line_1_71' title="bbox 2114 3740 3693 3812; baseline -0.001 -16"><span class='ocrx_word' id='word_1_494' title='bbox 2114 3742 2325 3806; x_wconf 77' lang='grc' dir='ltr'><strong>Παῦλος</strong></span> <span class='ocrx_word' id='word_1_495' title='bbox 2357 3755 2370 3769; x_wconf 81' lang='grc'><strong><em>⁸</em></strong></span> <span class='ocrx_word' id='word_1_496' title='bbox 2406 3742 2662 3812; x_wconf 67' lang='grc' dir='ltr'><strong>Χριστὸς</strong></span> <span class='ocrx_word' id='word_1_497' title='bbox 2691 3742 2839 3796; x_wconf 86' lang='grc' dir='ltr'><strong>Θεοῦ</strong></span> <span class='ocrx_word' id='word_1_498' title='bbox 2872 3740 3127 3811; x_wconf 78' lang='grc' dir='ltr'><strong>δύναμις</strong></span> <span class='ocrx_word' id='word_1_499' title='bbox 3148 3755 3163 3772; x_wconf 77' lang='grc' dir='ltr'><strong><em>ο</em></strong></span> <span class='ocrx_word' id='word_1_500' title='bbox 3199 3742 3295 3796; x_wconf 80' lang='grc' dir='ltr'><strong>καὶ</strong></span> <span class='ocrx_word' id='word_1_501' title='bbox 3329 3741 3498 3796; x_wconf 86' lang='grc' dir='ltr'><strong>πάλιν</strong></span> <span class='ocrx_word' id='word_1_502' title='bbox 3533 3742 3693 3803; x_wconf 65' lang='grc' dir='ltr'><strong>αὐτὸς</strong></span> 
     </span>
    </p>
   </div>
   <div class='ocr_carea' id='block_1_72' title="bbox 431 3833 2009 3913">
    <p class='ocr_par' dir='ltr' id='par_1_72' title="bbox 431 3833 2009 3913">
     <span class='ocr_line' id='line_1_72' title="bbox 431 3833 2009 3913; baseline -0.007 -15"><span class='ocrx_word' id='word_1_503' title='bbox 431 3846 502 3898; x_wconf 87' lang='lat' dir='ltr'><strong>bit</strong></span> <span class='ocrx_word' id='word_1_504' title='bbox 525 3840 777 3913; x_wconf 85' lang='lat' dir='ltr'><strong>populum</strong></span> <span class='ocrx_word' id='word_1_505' title='bbox 801 3854 955 3893; x_wconf 81' lang='lat' dir='ltr'><strong>suum</strong></span> <span class='ocrx_word' id='word_1_506' title='bbox 983 3838 1051 3891; x_wconf 81' lang='lat'><strong>“.</strong></span> <span class='ocrx_word' id='word_1_507' title='bbox 1090 3835 1171 3889; x_wconf 78' lang='lat' dir='ltr'><strong>Ad</strong></span> <span class='ocrx_word' id='word_1_508' title='bbox 1201 3834 1419 3889; x_wconf 87' lang='lat' dir='ltr'><strong>Patrem</strong></span> <span class='ocrx_word' id='word_1_509' title='bbox 1452 3835 1641 3905; x_wconf 86' lang='lat' dir='ltr'><strong>itaque</strong></span> <span class='ocrx_word' id='word_1_510' title='bbox 1686 3834 1820 3889; x_wconf 76' lang='lat' dir='ltr'><strong>dit-it</strong></span> <span class='ocrx_word' id='word_1_511' title='bbox 1876 3833 2009 3888; x_wconf 79' lang='lat' dir='ltr'><strong>Pro-</strong></span> 
     </span>
    </p>
   </div>
   <div class='ocr_carea' id='block_1_73' title="bbox 428 3921 2007 4007">
    <p class='ocr_par' dir='ltr' id='par_1_73' title="bbox 428 3921 2007 4007">
     <span class='ocr_line' id='line_1_73' title="bbox 428 3921 2007 4007; baseline -0.006 -19"><span class='ocrx_word' id='word_1_512' title='bbox 428 3936 595 4007; x_wconf 83' lang='lat' dir='ltr'><strong>pheta</strong></span> <span class='ocrx_word' id='word_1_513' title='bbox 633 3948 646 3984; x_wconf 91' lang='lat'><strong>:</strong></span> <span class='ocrx_word' id='word_1_514' title='bbox 682 3929 906 3985; x_wconf 82' lang='lat' dir='ltr'><strong>Domine</strong></span> <span class='ocrx_word' id='word_1_515' title='bbox 936 3928 991 3981; x_wconf 83' lang='lat' dir='ltr'><strong>iu</strong></span> <span class='ocrx_word' id='word_1_516' title='bbox 1020 3926 1254 3996; x_wconf 82' lang='lat' dir='ltr'><strong>potentia</strong></span> <span class='ocrx_word' id='word_1_517' title='bbox 1302 3933 1419 3989; x_wconf 86' lang='lat' dir='ltr'><strong>tua,</strong></span> <span class='ocrx_word' id='word_1_518' title='bbox 1458 3934 1513 3980; x_wconf 88' lang='lat' dir='ltr'><strong>ct</strong></span> <span class='ocrx_word' id='word_1_519' title='bbox 1555 3925 1624 3980; x_wconf 87' lang='lat' dir='ltr'><strong>ad</strong></span> <span class='ocrx_word' id='word_1_520' title='bbox 1666 3923 1905 3979; x_wconf 80' lang='lat' dir='ltr'><strong>Filium:</strong></span> <span class='ocrx_word' id='word_1_521' title='bbox 1938 3921 2007 3978; x_wconf 84' lang='lat' dir='ltr'><strong>lu</strong></span> 
     </span>
    </p>
   </div>
   <div class='ocr_carea' id='block_1_74' title="bbox 428 4016 2007 4093">
    <p class='ocr_par' dir='ltr' id='par_1_74' title="bbox 428 4016 2007 4093">
     <span class='ocr_line' id='line_1_74' title="bbox 428 4016 2007 4093; baseline -0.008 -12"><span class='ocrx_word' id='word_1_522' title='bbox 428 4024 663 4081; x_wconf 77' lang='lat' dir='ltr'><strong>salutari</strong></span> <span class='ocrx_word' id='word_1_523' title='bbox 698 4032 811 4087; x_wconf 86' lang='lat' dir='ltr'><strong>tuo,</strong></span> <span class='ocrx_word' id='word_1_524' title='bbox 844 4022 946 4074; x_wconf 88' lang='lat' dir='ltr'><strong>hoc</strong></span> <span class='ocrx_word' id='word_1_525' title='bbox 975 4029 1060 4087; x_wconf 80' lang='lat' dir='ltr'><strong>est</strong></span> <span class='ocrx_word' id='word_1_526' title='bbox 1092 4019 1147 4073; x_wconf 90' lang='lat' dir='ltr'><strong>in</strong></span> <span class='ocrx_word' id='word_1_527' title='bbox 1202 4032 1263 4093; x_wconf 84' lang='lat' dir='ltr'><strong>ea</strong></span> <span class='ocrx_word' id='word_1_528' title='bbox 1302 4018 1503 4081; x_wconf 87' lang='lat' dir='ltr'><strong>salute,</strong></span> <span class='ocrx_word' id='word_1_529' title='bbox 1536 4030 1658 4088; x_wconf 65' lang='grc' dir='ltr'><strong>ιιιιω</strong></span> <span class='ocrx_word' id='word_1_530' title='bbox 1689 4030 1785 4087; x_wconf 83' lang='lat' dir='ltr'><strong>per</strong></span> <span class='ocrx_word' id='word_1_531' title='bbox 1815 4024 1869 4071; x_wconf 87' lang='lat' dir='ltr'><strong>te</strong></span> <span class='ocrx_word' id='word_1_532' title='bbox 1903 4016 2007 4070; x_wconf 84' lang='lat' dir='ltr'><strong>hu-</strong></span> 
     </span>
    </p>
   </div>
   <div class='ocr_carea' id='block_1_75' title="bbox 429 4110 2006 4188">
    <p class='ocr_par' dir='ltr' id='par_1_75' title="bbox 429 4110 2006 4188">
     <span class='ocr_line' id='line_1_75' title="bbox 429 4110 2006 4188; baseline -0.007 -14"><span class='ocrx_word' id='word_1_533' title='bbox 429 4133 591 4175; x_wconf 88' lang='lat' dir='ltr'><strong>mano</strong></span> <span class='ocrx_word' id='word_1_534' title='bbox 618 4114 804 4188; x_wconf 87' lang='lat' dir='ltr'><strong>generi</strong></span> <span class='ocrx_word' id='word_1_535' title='bbox 837 4114 962 4170; x_wconf 89' lang='lat' dir='ltr'><strong>data</strong></span> <span class='ocrx_word' id='word_1_536' title='bbox 991 4127 1094 4168; x_wconf 83' lang='lat' dir='ltr'><strong>est.</strong></span> <span class='ocrx_word' id='word_1_537' title='bbox 1124 4110 1237 4166; x_wconf 83' lang='lat' dir='ltr'><strong>Hoc</strong></span> <span class='ocrx_word' id='word_1_538' title='bbox 1272 4118 1432 4182; x_wconf 89' lang='lat' dir='ltr'><strong>pacto</strong></span> <span class='ocrx_word' id='word_1_539' title='bbox 1487 4111 1652 4165; x_wconf 90' lang='lat' dir='ltr'><strong>etiam</strong></span> <span class='ocrx_word' id='word_1_540' title='bbox 1684 4110 1736 4164; x_wconf 90' lang='lat' dir='ltr'><strong>in</strong></span> <span class='ocrx_word' id='word_1_541' title='bbox 1770 4124 2006 4179; x_wconf 87' lang='lat' dir='ltr'><strong>sequen-</strong></span> 
     </span>
    </p>
   </div>
   <div class='ocr_carea' id='block_1_76' title="bbox 428 4201 2006 4270">
    <p class='ocr_par' dir='ltr' id='par_1_76' title="bbox 428 4201 2006 4270">
     <span class='ocr_line' id='line_1_76' title="bbox 428 4201 2006 4270; baseline -0.004 -7"><span class='ocrx_word' id='word_1_542' title='bbox 428 4214 580 4267; x_wconf 89' lang='lat' dir='ltr'><strong>tibus</strong></span> <span class='ocrx_word' id='word_1_543' title='bbox 609 4209 716 4264; x_wconf 86' lang='lat' dir='ltr'><strong>alia</strong></span> <span class='ocrx_word' id='word_1_544' title='bbox 749 4208 815 4262; x_wconf 85' lang='lat' dir='ltr'><strong>ad</strong></span> <span class='ocrx_word' id='word_1_545' title='bbox 857 4208 1094 4270; x_wconf 80' lang='lat' dir='ltr'><strong>Patrem,</strong></span> <span class='ocrx_word' id='word_1_546' title='bbox 1146 4212 1200 4260; x_wconf 88' lang='lat' dir='ltr'><strong>ct</strong></span> <span class='ocrx_word' id='word_1_547' title='bbox 1258 4204 1365 4258; x_wconf 88' lang='lat' dir='ltr'><strong>alia</strong></span> <span class='ocrx_word' id='word_1_548' title='bbox 1434 4201 1503 4257; x_wconf 89' lang='lat' dir='ltr'><strong>ad</strong></span> <span class='ocrx_word' id='word_1_549' title='bbox 1562 4202 1758 4257; x_wconf 82' lang='lat' dir='ltr'><strong>Filium</strong></span> <span class='ocrx_word' id='word_1_550' title='bbox 1813 4201 2006 4256; x_wconf 75' lang='lat' dir='ltr'><strong>referri</strong></span> 
     </span>
    </p>
   </div>
   <div class='ocr_carea' id='block_1_77' title="bbox 429 4294 2005 4365">
    <p class='ocr_par' dir='ltr' id='par_1_77' title="bbox 429 4294 2005 4365">
     <span class='ocr_line' id='line_1_77' title="bbox 429 4294 2005 4365; baseline -0.003 -9"><span class='ocrx_word' id='word_1_551' title='bbox 429 4300 808 4358; x_wconf 83' lang='lat' dir='ltr'><strong>debent.Vere</strong></span> <span class='ocrx_word' id='word_1_552' title='bbox 839 4310 1022 4354; x_wconf 88' lang='lat' dir='ltr'><strong>autem</strong></span> <span class='ocrx_word' id='word_1_553' title='bbox 1088 4300 1284 4353; x_wconf 85' lang='lat' dir='ltr'><strong>beatus</strong></span> <span class='ocrx_word' id='word_1_554' title='bbox 1341 4294 1535 4360; x_wconf 85' lang='lat' dir='ltr'><strong>David,</strong></span> <span class='ocrx_word' id='word_1_555' title='bbox 1593 4304 1716 4365; x_wconf 86' lang='lat' dir='ltr'><strong>post</strong></span> <span class='ocrx_word' id='word_1_556' title='bbox 1774 4302 2005 4351; x_wconf 80' lang='lat' dir='ltr'><strong>mortem</strong></span> 
     </span>
    </p>
   </div>
   <div class='ocr_carea' id='block_1_78' title="bbox 429 4386 2007 4457">
    <p class='ocr_par' dir='ltr' id='par_1_78' title="bbox 429 4386 2007 4457">
     <span class='ocr_line' id='line_1_78' title="bbox 429 4386 2007 4457; baseline -0.007 -8"><span class='ocrx_word' id='word_1_557' title='bbox 429 4408 583 4449; x_wconf 84' lang='lat' dir='ltr'><strong>suam</strong></span> <span class='ocrx_word' id='word_1_558' title='bbox 623 4393 838 4446; x_wconf 83' lang='lat' dir='ltr'><strong>laetatus</strong></span> <span class='ocrx_word' id='word_1_559' title='bbox 891 4399 997 4454; x_wconf 90' lang='lat' dir='ltr'><strong>est,</strong></span> <span class='ocrx_word' id='word_1_560' title='bbox 1059 4396 1249 4457; x_wconf 63' lang='lat' dir='ltr'><strong>atquov</strong></span> <span class='ocrx_word' id='word_1_561' title='bbox 1276 4386 1594 4451; x_wconf 76' lang='lat' dir='ltr'><strong>exsultavit,</strong></span> <span class='ocrx_word' id='word_1_562' title='bbox 1659 4400 1892 4441; x_wconf 73' lang='lat' dir='ltr'><strong>cernens</strong></span> <span class='ocrx_word' id='word_1_563' title='bbox 1943 4399 2007 4439; x_wconf 91' lang='lat' dir='ltr'><strong>ac</strong></span> 
     </span>
    </p>
   </div>
   <div class='ocr_carea' id='block_1_79' title="bbox 426 4475 2000 4554">
    <p class='ocr_par' dir='ltr' id='par_1_79' title="bbox 426 4475 2000 4554">
     <span class='ocr_line' id='line_1_79' title="bbox 426 4475 2000 4554; baseline -0.005 -15"><span class='ocrx_word' id='word_1_564' title='bbox 426 4484 808 4554; x_wconf 78' lang='lat' dir='ltr'><strong>contemplans</strong></span> <span class='ocrx_word' id='word_1_565' title='bbox 841 4481 1044 4536; x_wconf 78' lang='lat' dir='ltr'><strong>divinae</strong></span> <span class='ocrx_word' id='word_1_566' title='bbox 1069 4478 1469 4535; x_wconf 84' lang='lat' dir='ltr'><strong>incarnationis</strong></span> <span class='ocrx_word' id='word_1_567' title='bbox 1500 4477 1842 4549; x_wconf 87' lang='lat' dir='ltr'><strong>mysterium.</strong></span> <span class='ocrx_word' id='word_1_568' title='bbox 1866 4475 2000 4532; x_wconf 84' lang='lat' dir='ltr'><strong>Nam</strong></span> 
     </span>
    </p>
   </div>
   <div class='ocr_carea' id='block_1_80' title="bbox 429 4568 2006 4634">
    <p class='ocr_par' dir='ltr' id='par_1_80' title="bbox 429 4568 2006 4634">
     <span class='ocr_line' id='line_1_80' title="bbox 429 4568 2006 4634; baseline -0.005 -1"><span class='ocrx_word' id='word_1_569' title='bbox 429 4578 472 4634; x_wconf 87' lang='lat' dir='ltr'><strong>si</strong></span> <span class='ocrx_word' id='word_1_570' title='bbox 514 4576 646 4630; x_wconf 88' lang='lat' dir='ltr'><strong>dum</strong></span> <span class='ocrx_word' id='word_1_571' title='bbox 694 4574 871 4629; x_wconf 89' lang='lat' dir='ltr'><strong>adhuc</strong></span> <span class='ocrx_word' id='word_1_572' title='bbox 922 4571 1166 4628; x_wconf 88' lang='lat' dir='ltr'><strong>tenebris</strong></span> <span class='ocrx_word' id='word_1_573' title='bbox 1228 4570 1480 4625; x_wconf 71' lang='lat' dir='ltr'><strong>humana:</strong></span> <span class='ocrx_word' id='word_1_574' title='bbox 1532 4570 1718 4626; x_wconf 83' lang='lat' dir='ltr'><strong>carnis</strong></span> <span class='ocrx_word' id='word_1_575' title='bbox 1782 4568 2006 4625; x_wconf 85' lang='lat' dir='ltr'><strong>indutus</strong></span> 
     </span>
    </p>
   </div>
   <div class='ocr_carea' id='block_1_81' title="bbox 423 4659 2008 4731">
    <p class='ocr_par' dir='ltr' id='par_1_81' title="bbox 423 4659 2008 4731">
     <span class='ocr_line' id='line_1_81' title="bbox 423 4659 2008 4731; baseline -0.007 -7"><span class='ocrx_word' id='word_1_576' title='bbox 423 4679 567 4731; x_wconf 87' lang='lat' dir='ltr'><strong>erat,</strong></span> <span class='ocrx_word' id='word_1_577' title='bbox 602 4667 799 4722; x_wconf 68' lang='lat' dir='ltr'><strong>animae</strong></span> <span class='ocrx_word' id='word_1_578' title='bbox 831 4674 1013 4720; x_wconf 90' lang='lat' dir='ltr'><strong>tamen</strong></span> <span class='ocrx_word' id='word_1_579' title='bbox 1041 4678 1106 4719; x_wconf 90' lang='lat' dir='ltr'><strong>ac</strong></span> <span class='ocrx_word' id='word_1_580' title='bbox 1138 4664 1341 4719; x_wconf 87' lang='lat' dir='ltr'><strong>mentis</strong></span> <span class='ocrx_word' id='word_1_581' title='bbox 1393 4661 1574 4716; x_wconf 90' lang='lat' dir='ltr'><strong>oculis</strong></span> <span class='ocrx_word' id='word_1_582' title='bbox 1640 4659 1823 4716; x_wconf 76' lang='lat' dir='ltr'><strong>futura</strong></span> <span class='ocrx_word' id='word_1_583' title='bbox 1881 4674 2008 4730; x_wconf 84' lang='lat' dir='ltr'><strong>pro-</strong></span> 
     </span>
    </p>
   </div>
   <div class='ocr_carea' id='block_1_82' title="bbox 426 4752 2005 4831">
    <p class='ocr_par' dir='ltr' id='par_1_82' title="bbox 426 4752 2005 4831">
     <span class='ocr_line' id='line_1_82' title="bbox 426 4752 2005 4831; baseline -0.004 -15"><span class='ocrx_word' id='word_1_584' title='bbox 426 4760 718 4831; x_wconf 90' lang='lat' dir='ltr'><strong>spiciebat,</strong></span> <span class='ocrx_word' id='word_1_585' title='bbox 755 4757 924 4813; x_wconf 89' lang='lat' dir='ltr'><strong>multo</strong></span> <span class='ocrx_word' id='word_1_586' title='bbox 960 4755 1137 4826; x_wconf 83' lang='lat' dir='ltr'><strong>magis</strong></span> <span class='ocrx_word' id='word_1_587' title='bbox 1165 4753 1490 4826; x_wconf 86' lang='lat' dir='ltr'><strong>hujusmodi</strong></span> <span class='ocrx_word' id='word_1_588' title='bbox 1549 4752 1798 4822; x_wconf 89' lang='lat' dir='ltr'><strong>corporis</strong></span> <span class='ocrx_word' id='word_1_589' title='bbox 1852 4759 2005 4809; x_wconf 34' lang='lat' dir='ltr'><strong>tenes</strong></span> 
     </span>
    </p>
   </div>
   <div class='ocr_carea' id='block_1_83' title="bbox 422 4842 2007 4918">
    <p class='ocr_par' dir='ltr' id='par_1_83' title="bbox 422 4842 2007 4918">
     <span class='ocr_line' id='line_1_83' title="bbox 422 4842 2007 4918; baseline -0.008 -12"><span class='ocrx_word' id='word_1_590' title='bbox 422 4851 539 4906; x_wconf 84' lang='lat' dir='ltr'><strong>bris</strong></span> <span class='ocrx_word' id='word_1_591' title='bbox 577 4846 861 4918; x_wconf 89' lang='lat' dir='ltr'><strong>depositis,</strong></span> <span class='ocrx_word' id='word_1_592' title='bbox 877 4843 1210 4902; x_wconf 87' lang='lat' dir='ltr'><strong>credendum</strong></span> <span class='ocrx_word' id='word_1_593' title='bbox 1260 4850 1345 4899; x_wconf 89' lang='lat' dir='ltr'><strong>est</strong></span> <span class='ocrx_word' id='word_1_594' title='bbox 1397 4857 1521 4897; x_wconf 83' lang='lat' dir='ltr'><strong>eum</strong></span> <span class='ocrx_word' id='word_1_595' title='bbox 1559 4842 1751 4913; x_wconf 82' lang='lat' dir='ltr'><strong>purius</strong></span> <span class='ocrx_word' id='word_1_596' title='bbox 1788 4856 1851 4897; x_wconf 89' lang='lat' dir='ltr'><strong>ac</strong></span> <span class='ocrx_word' id='word_1_597' title='bbox 1883 4857 2007 4912; x_wconf 93' lang='lat' dir='ltr'><strong>per-</strong></span> 
     </span>
    </p>
   </div>
   <div class='ocr_carea' id='block_1_84' title="bbox 424 4932 2003 5009">
    <p class='ocr_par' dir='ltr' id='par_1_84' title="bbox 424 4932 2003 5009">
     <span class='ocr_line' id='line_1_84' title="bbox 424 4932 2003 5009; baseline -0.008 -12"><span class='ocrx_word' id='word_1_598' title='bbox 424 4941 665 4997; x_wconf 88' lang='lat' dir='ltr'><strong>lucidius</strong></span> <span class='ocrx_word' id='word_1_599' title='bbox 693 4939 879 4995; x_wconf 89' lang='lat' dir='ltr'><strong>omnia</strong></span> <span class='ocrx_word' id='word_1_600' title='bbox 904 4936 1245 5009; x_wconf 89' lang='lat' dir='ltr'><strong>speculatum</strong></span> <span class='ocrx_word' id='word_1_601' title='bbox 1280 4949 1425 4990; x_wconf 89' lang='lat' dir='ltr'><strong>esse.</strong></span> <span class='ocrx_word' id='word_1_602' title='bbox 1485 4932 1551 4987; x_wconf 89' lang='lat' dir='ltr'><strong>Et</strong></span> <span class='ocrx_word' id='word_1_603' title='bbox 1603 4942 2003 5003; x_wconf 83' lang='lat' dir='ltr'><strong>consequenter</strong></span> 
     </span>
    </p>
   </div>
   <div class='ocr_carea' id='block_1_85' title="bbox 423 5029 2003 5109">
    <p class='ocr_par' dir='ltr' id='par_1_85' title="bbox 423 5029 2003 5109">
     <span class='ocr_line' id='line_1_85' title="bbox 423 5029 2003 5109; baseline -0.006 -15"><span class='ocrx_word' id='word_1_604' title='bbox 423 5037 492 5094; x_wconf 90' lang='lat' dir='ltr'><strong>ad</strong></span> <span class='ocrx_word' id='word_1_605' title='bbox 534 5035 820 5109; x_wconf 62' lang='lat' dir='ltr'><strong>praedicta,</strong></span> <span class='ocrx_word' id='word_1_606' title='bbox 850 5050 947 5106; x_wconf 90' lang='lat' dir='ltr'><strong>per</strong></span> <span class='ocrx_word' id='word_1_607' title='bbox 1002 5032 1187 5090; x_wconf 88' lang='lat' dir='ltr'><strong>cordis</strong></span> <span class='ocrx_word' id='word_1_608' title='bbox 1235 5030 1570 5086; x_wconf 86' lang='lat' dir='ltr'><strong>desiderium</strong></span> <span class='ocrx_word' id='word_1_609' title='bbox 1626 5029 2003 5099; x_wconf 81' lang='lat' dir='ltr'><strong>intelligemus</strong></span> 
     </span>
    </p>
   </div>
   <div class='ocr_carea' id='block_1_86' title="bbox 422 5118 2003 5190">
    <p class='ocr_par' dir='ltr' id='par_1_86' title="bbox 422 5118 2003 5190">
     <span class='ocr_line' id='line_1_86' title="bbox 422 5118 2003 5190; baseline -0.012 -1"><span class='ocrx_word' id='word_1_610' title='bbox 422 5132 761 5190; x_wconf 88' lang='lat' dir='ltr'><strong>desiderium</strong></span> <span class='ocrx_word' id='word_1_611' title='bbox 804 5126 1025 5185; x_wconf 82' lang='lat' dir='ltr'><strong>videndi</strong></span> <span class='ocrx_word' id='word_1_612' title='bbox 1086 5122 1530 5180; x_wconf 82' lang='lat' dir='ltr'><strong>incarnationem</strong></span> <span class='ocrx_word' id='word_1_613' title='bbox 1566 5118 1708 5175; x_wconf 86' lang='lat' dir='ltr'><strong>hanc</strong></span> <span class='ocrx_word' id='word_1_614' title='bbox 1732 5119 2003 5185; x_wconf 85' lang='lat' dir='ltr'><strong>divinam,</strong></span> 
     </span>
    </p>
   </div>
   <div class='ocr_carea' id='block_1_87' title="bbox 423 5214 2008 5298">
    <p class='ocr_par' dir='ltr' id='par_1_87' title="bbox 423 5214 2008 5298">
     <span class='ocr_line' id='line_1_87' title="bbox 423 5214 2008 5298; baseline -0.011 -15"><span class='ocrx_word' id='word_1_615' title='bbox 423 5227 583 5296; x_wconf 83' lang='lat' dir='ltr'><strong>cujus</strong></span> <span class='ocrx_word' id='word_1_616' title='bbox 623 5232 812 5298; x_wconf 85' lang='lat' dir='ltr'><strong>typum</strong></span> <span class='ocrx_word' id='word_1_617' title='bbox 838 5236 903 5277; x_wconf 89' lang='lat' dir='ltr'><strong>ac</strong></span> <span class='ocrx_word' id='word_1_618' title='bbox 954 5220 1184 5291; x_wconf 82' lang='lat' dir='ltr'><strong>ﬁguram</strong></span> <span class='ocrx_word' id='word_1_619' title='bbox 1218 5214 1433 5272; x_wconf 84' lang='lat' dir='ltr'><strong>viderat</strong></span> <span class='ocrx_word' id='word_1_620' title='bbox 1462 5232 1476 5281; x_wconf 89' lang='lat'><strong>;</strong></span> <span class='ocrx_word' id='word_1_621' title='bbox 1508 5219 1565 5269; x_wconf 87' lang='lat' dir='ltr'><strong>et</strong></span> <span class='ocrx_word' id='word_1_622' title='bbox 1625 5228 1722 5284; x_wconf 89' lang='lat' dir='ltr'><strong>per</strong></span> <span class='ocrx_word' id='word_1_623' title='bbox 1756 5214 2008 5266; x_wconf 88' lang='lat' dir='ltr'><strong>volunta-</strong></span> 
     </span>
    </p>
   </div>
   <div class='ocr_carea' id='block_1_88' title="bbox 423 5306 2011 5383">
    <p class='ocr_par' dir='ltr' id='par_1_88' title="bbox 423 5306 2011 5383">
     <span class='ocr_line' id='line_1_88' title="bbox 423 5306 2011 5383; baseline -0.01 -7"><span class='ocrx_word' id='word_1_624' title='bbox 423 5330 533 5376; x_wconf 83' lang='lat' dir='ltr'><strong>tem</strong></span> <span class='ocrx_word' id='word_1_625' title='bbox 563 5318 858 5383; x_wconf 87' lang='lat' dir='ltr'><strong>lahiorum,</strong></span> <span class='ocrx_word' id='word_1_626' title='bbox 896 5311 1222 5370; x_wconf 86' lang='lat' dir='ltr'><strong>iudesineus</strong></span> <span class='ocrx_word' id='word_1_627' title='bbox 1250 5324 1316 5366; x_wconf 91' lang='lat' dir='ltr'><strong>ac</strong></span> <span class='ocrx_word' id='word_1_628' title='bbox 1355 5318 1679 5381; x_wconf 86' lang='lat' dir='ltr'><strong>perpetuum</strong></span> <span class='ocrx_word' id='word_1_629' title='bbox 1718 5306 1850 5361; x_wconf 90' lang='lat' dir='ltr'><strong>illud</strong></span> <span class='ocrx_word' id='word_1_630' title='bbox 1886 5317 2011 5361; x_wconf 77' lang='lat' dir='ltr'><strong>stu-,</strong></span> 
     </span>
    </p>
   </div>
   <div class='ocr_carea' id='block_1_89' title="bbox 423 5400 1996 5471">
    <p class='ocr_par' dir='ltr' id='par_1_89' title="bbox 423 5400 1996 5471">
     <span class='ocr_line' id='line_1_89' title="bbox 423 5400 1996 5471; baseline -0.008 -6"><span class='ocrx_word' id='word_1_631' title='bbox 423 5415 573 5469; x_wconf 87' lang='lat' dir='ltr'><strong>dium</strong></span> <span class='ocrx_word' id='word_1_632' title='bbox 609 5409 845 5467; x_wconf 88' lang='lat' dir='ltr'><strong>canendi</strong></span> <span class='ocrx_word' id='word_1_633' title='bbox 879 5422 943 5463; x_wconf 87' lang='lat' dir='ltr'><strong>ac</strong></span> <span class='ocrx_word' id='word_1_634' title='bbox 1007 5402 1266 5460; x_wconf 76' lang='lat' dir='ltr'><strong>laudandi</strong></span> <span class='ocrx_word' id='word_1_635' title='bbox 1323 5400 1516 5467; x_wconf 88' lang='lat' dir='ltr'><strong>Deum,</strong></span> <span class='ocrx_word' id='word_1_636' title='bbox 1574 5416 1685 5471; x_wconf 88' lang='lat' dir='ltr'><strong>quo</strong></span> <span class='ocrx_word' id='word_1_637' title='bbox 1725 5400 1996 5457; x_wconf 87' lang='lat' dir='ltr'><strong>desiderio</strong></span> 
     </span>
    </p>
   </div>
   <div class='ocr_carea' id='block_1_90' title="bbox 422 5478 1993 5575">
    <p class='ocr_par' dir='ltr' id='par_1_90' title="bbox 422 5478 1993 5575">
     <span class='ocr_line' id='line_1_90' title="bbox 422 5478 1993 5575; baseline -0.01 -14"><span class='ocrx_word' id='word_1_638' title='bbox 422 5517 701 5575; x_wconf 89' lang='lat' dir='ltr'><strong>nunquam</strong></span> <span class='ocrx_word' id='word_1_639' title='bbox 733 5501 1039 5557; x_wconf 76' lang='lat' dir='ltr'><strong>frustratus</strong></span> <span class='ocrx_word' id='word_1_640' title='bbox 1068 5478 1172 5550; x_wconf 85' lang='lat' dir='ltr'><strong>est.</strong></span> <span class='ocrx_word' id='word_1_641' title='bbox 1208 5492 1367 5549; x_wconf 84' lang='lat' dir='ltr'><strong>Canit</strong></span> <span class='ocrx_word' id='word_1_642' title='bbox 1395 5492 1594 5563; x_wconf 86' lang='lat' dir='ltr'><strong>quippe</strong></span> <span class='ocrx_word' id='word_1_643' title='bbox 1614 5490 1722 5546; x_wconf 90' lang='lat' dir='ltr'><strong>Deo</strong></span> <span class='ocrx_word' id='word_1_644' title='bbox 1752 5490 1993 5557; x_wconf 81' lang='lat' dir='ltr'><strong>assidue,</strong></span> 
     </span>
    </p>
   </div>
   <div class='ocr_carea' id='block_1_91' title="bbox 425 5582 1993 5659">
    <p class='ocr_par' dir='ltr' id='par_1_91' title="bbox 425 5582 1993 5659">
     <span class='ocr_line' id='line_1_91' title="bbox 425 5582 1993 5659; baseline -0.01 -8"><span class='ocrx_word' id='word_1_645' title='bbox 425 5596 665 5652; x_wconf 77' lang='lat' dir='ltr'><strong>ﬁdelium</strong></span> <span class='ocrx_word' id='word_1_646' title='bbox 696 5591 941 5648; x_wconf 91' lang='lat' dir='ltr'><strong>omnium</strong></span> <span class='ocrx_word' id='word_1_647' title='bbox 982 5602 1076 5641; x_wconf 86' lang='lat' dir='ltr'><strong>ore</strong></span> <span class='ocrx_word' id='word_1_648' title='bbox 1112 5593 1274 5642; x_wconf 89' lang='lat' dir='ltr'><strong>utens</strong></span> <span class='ocrx_word' id='word_1_649' title='bbox 1297 5599 1361 5640; x_wconf 88' lang='lat' dir='ltr'><strong>ac</strong></span> <span class='ocrx_word' id='word_1_650' title='bbox 1392 5582 1574 5640; x_wconf 90' lang='lat' dir='ltr'><strong>labiis.</strong></span> <span class='ocrx_word' id='word_1_651' title='bbox 1599 5583 1777 5637; x_wconf 81' lang='lat' dir='ltr'><strong>Vitam</strong></span> <span class='ocrx_word' id='word_1_652' title='bbox 1813 5592 1993 5659; x_wconf 78' lang='lat' dir='ltr'><strong>autem</strong></span> 
     </span>
    </p>
   </div>
   <div class='ocr_carea' id='block_1_92' title="bbox 424 5674 2011 5760">
    <p class='ocr_par' dir='ltr' id='par_1_92' title="bbox 424 5674 2011 5760">
     <span class='ocr_line' id='line_1_92' title="bbox 424 5674 2011 5760; baseline -0.011 -16"><span class='ocrx_word' id='word_1_653' title='bbox 424 5688 580 5760; x_wconf 77' lang='lat' dir='ltr'><strong>petiit</strong></span> <span class='ocrx_word' id='word_1_654' title='bbox 613 5701 643 5740; x_wconf 90' lang='lat' dir='ltr'><strong>a</strong></span> <span class='ocrx_word' id='word_1_655' title='bbox 676 5684 808 5750; x_wconf 84' lang='lat' dir='ltr'><strong>Deo.</strong></span> <span class='ocrx_word' id='word_1_656' title='bbox 838 5691 891 5738; x_wconf 88' lang='lat' dir='ltr'><strong>ct</strong></span> <span class='ocrx_word' id='word_1_657' title='bbox 917 5679 1151 5749; x_wconf 82' lang='lat' dir='ltr'><strong>accepit,</strong></span> <span class='ocrx_word' id='word_1_658' title='bbox 1186 5692 1308 5734; x_wconf 80' lang='lat' dir='ltr'><strong>cum</strong></span> <span class='ocrx_word' id='word_1_659' title='bbox 1330 5677 1383 5732; x_wconf 90' lang='lat' dir='ltr'><strong>in</strong></span> <span class='ocrx_word' id='word_1_660' title='bbox 1416 5676 1648 5732; x_wconf 85' lang='lat' dir='ltr'><strong>summis</strong></span> <span class='ocrx_word' id='word_1_661' title='bbox 1675 5689 1817 5746; x_wconf 67' lang='lat' dir='ltr'><strong>sazpe</strong></span> <span class='ocrx_word' id='word_1_662' title='bbox 1850 5674 2011 5744; x_wconf 85' lang='lat' dir='ltr'><strong>pcri-_</strong></span> 
     </span>
    </p>
   </div>
   <div class='ocr_carea' id='block_1_93' title="bbox 472 5856 1954 5949">
    <p class='ocr_par' dir='ltr' id='par_1_93' title="bbox 472 5856 1954 5949">
     <span class='ocr_line' id='line_1_93' title="bbox 472 5856 1954 5949; baseline -0.008 -27"><span class='ocrx_word' id='word_1_663' title='bbox 472 5868 517 5900; x_wconf 76' lang='grc'><strong>⁶⁸</strong></span> <span class='ocrx_word' id='word_1_664' title='bbox 549 5865 696 5926; x_wconf 87' lang='lat' dir='ltr'><strong>Psal,</strong></span> <span class='ocrx_word' id='word_1_665' title='bbox 726 5880 819 5932; x_wconf 86' lang='lat' dir='ltr'><strong>vn,</strong></span> <span class='ocrx_word' id='word_1_666' title='bbox 847 5863 910 5949; x_wconf 25' lang='lat'><strong>.7.</strong></span> <span class='ocrx_word' id='word_1_667' title='bbox 968 5859 1075 5943; x_wconf 56' lang='lat'><strong>&quot;&#39;1</strong></span> <span class='ocrx_word' id='word_1_668' title='bbox 1100 5860 1228 5917; x_wconf 77' lang='lat' dir='ltr'><strong>Cor.</strong></span> <span class='ocrx_word' id='word_1_669' title='bbox 1266 5877 1305 5928; x_wconf 89' lang='grc' dir='ltr'><strong>ι,</strong></span> <span class='ocrx_word' id='word_1_670' title='bbox 1338 5859 1517 5927; x_wconf 52' lang='lat'><strong>‘21,“</strong></span> <span class='ocrx_word' id='word_1_671' title='bbox 1557 5856 1748 5913; x_wconf 84' lang='lat' dir='ltr'><strong>Matth.</strong></span> <span class='ocrx_word' id='word_1_672' title='bbox 1791 5873 1831 5925; x_wconf 80' lang='grc' dir='ltr'><strong>ι,</strong></span> <span class='ocrx_word' id='word_1_673' title='bbox 1862 5858 1954 5911; x_wconf 75' lang='lat'><strong>21.</strong></span> 
     </span>
    </p>
   </div>
   <div class='ocr_carea' id='block_1_94' title="bbox 2113 3832 3691 3906">
    <p class='ocr_par' dir='ltr' id='par_1_94' title="bbox 2113 3832 3691 3906">
     <span class='ocr_line' id='line_1_94' title="bbox 2113 3832 3691 3906; baseline -0.001 -19"><span class='ocrx_word' id='word_1_674' title='bbox 2113 3834 2210 3887; x_wconf 77' lang='grc' dir='ltr'><strong>καὶ</strong></span> <span class='ocrx_word' id='word_1_675' title='bbox 2233 3832 2425 3906; x_wconf 81' lang='grc' dir='ltr'><strong>Σωτήρ</strong></span> <span class='ocrx_word' id='word_1_676' title='bbox 2456 3834 2573 3886; x_wconf 77' lang='grc' dir='ltr'><strong>ἐστι</strong></span> <span class='ocrx_word' id='word_1_677' title='bbox 2594 3850 2606 3863; x_wconf 91' lang='grc'><strong>·</strong></span> <span class='ocrx_word' id='word_1_678' title='bbox 2646 3835 2781 3903; x_wconf 74' lang='grc' dir='ltr'><strong>φησὶ</strong></span> <span class='ocrx_word' id='word_1_679' title='bbox 2824 3832 2932 3903; x_wconf 75' lang='grc' dir='ltr'><strong>γὰρ</strong></span> <span class='ocrx_word' id='word_1_680' title='bbox 2961 3835 2989 3886; x_wconf 86' lang='grc' dir='ltr'>ὁ</span> <span class='ocrx_word' id='word_1_681' title='bbox 3024 3832 3419 3904; x_wconf 72' lang='grc' dir='ltr'><strong>εὐαγγελιστής</strong></span> <span class='ocrx_word' id='word_1_682' title='bbox 3459 3848 3476 3865; x_wconf 76' lang='grc'><strong><em>⁸</em></strong></span> <span class='ocrx_word' id='word_1_683' title='bbox 3499 3836 3691 3899; x_wconf 75' lang='grc' dir='ltr'><strong>Αὐτός</strong></span> 
     </span>
    </p>
   </div>
   <div class='ocr_carea' id='block_1_95' title="bbox 2107 3923 3694 4001">
    <p class='ocr_par' dir='ltr' id='par_1_95' title="bbox 2107 3923 3694 4001">
     <span class='ocr_line' id='line_1_95' title="bbox 2107 3923 3694 4001; baseline 0.003 -28"><span class='ocrx_word' id='word_1_684' title='bbox 2107 3928 2220 3994; x_wconf 67' lang='grc' dir='ltr'><strong>γὰρ</strong></span> <span class='ocrx_word' id='word_1_685' title='bbox 2249 3923 2435 3978; x_wconf 80' lang='grc' dir='ltr'><strong>σώσει</strong></span> <span class='ocrx_word' id='word_1_686' title='bbox 2466 3925 2573 4001; x_wconf 56' lang='lat' dir='ltr'><strong>tau</strong></span> <span class='ocrx_word' id='word_1_687' title='bbox 2596 3925 2750 3977; x_wconf 61' lang='grc' dir='ltr'><strong>λαιῖν</strong></span> <span class='ocrx_word' id='word_1_688' title='bbox 2776 3924 2966 3978; x_wconf 81' lang='grc' dir='ltr'><strong>αὐτοῦ</strong></span> <span class='ocrx_word' id='word_1_689' title='bbox 2988 3940 3002 3953; x_wconf 72' lang='grc' dir='ltr'><strong>ο</strong></span> <span class='ocrx_word' id='word_1_690' title='bbox 3046 3925 3184 3993; x_wconf 75' lang='grc' dir='ltr'><strong>πρὸς</strong></span> <span class='ocrx_word' id='word_1_691' title='bbox 3217 3925 3319 3994; x_wconf 73' lang='grc' dir='ltr'><strong>μὲν</strong></span> <span class='ocrx_word' id='word_1_692' title='bbox 3353 3924 3445 3978; x_wconf 80' lang='grc' dir='ltr'><strong>τὸν</strong></span> <span class='ocrx_word' id='word_1_693' title='bbox 3472 3926 3694 3993; x_wconf 80' lang='grc' dir='ltr'><strong>Πατέρα</strong></span> 
     </span>
    </p>
   </div>
   <div class='ocr_carea' id='block_1_96' title="bbox 2108 4011 3695 4085">
    <p class='ocr_par' dir='ltr' id='par_1_96' title="bbox 2108 4011 3695 4085">
     <span class='ocr_line' id='line_1_96' title="bbox 2108 4011 3695 4085; baseline -0.001 -16"><span class='ocrx_word' id='word_1_694' title='bbox 2108 4011 2261 4070; x_wconf 77' lang='grc' dir='ltr'><strong>εἶπεν</strong></span> <span class='ocrx_word' id='word_1_695' title='bbox 2286 4033 2299 4047; x_wconf 85' lang='grc'><strong>·</strong></span> <span class='ocrx_word' id='word_1_696' title='bbox 2329 4016 2620 4083; x_wconf 40' lang='grc' dir='ltr'><strong>Κύμιεών</strong></span> <span class='ocrx_word' id='word_1_697' title='bbox 2641 4014 2716 4083; x_wconf 77' lang='grc' dir='ltr'><strong>τῇ</strong></span> <span class='ocrx_word' id='word_1_698' title='bbox 2768 4015 3025 4085; x_wconf 78' lang='grc' dir='ltr'><strong>δυνάμει</strong></span> <span class='ocrx_word' id='word_1_699' title='bbox 3067 4031 3185 4070; x_wconf 83' lang='grc' dir='ltr'><strong>σου</strong></span> <span class='ocrx_word' id='word_1_700' title='bbox 3221 4031 3234 4046; x_wconf 94' lang='grc'><strong>·</strong></span> <span class='ocrx_word' id='word_1_701' title='bbox 3279 4014 3419 4085; x_wconf 67' lang='grc' dir='ltr'><strong>πρὸς</strong></span> <span class='ocrx_word' id='word_1_702' title='bbox 3492 4015 3555 4068; x_wconf 84' lang='grc' dir='ltr'><strong>δὲ</strong></span> <span class='ocrx_word' id='word_1_703' title='bbox 3608 4017 3695 4068; x_wconf 77' lang='grc' dir='ltr'><strong>τὸν</strong></span> 
     </span>
    </p>
   </div>
   <div class='ocr_carea' id='block_1_97' title="bbox 2108 4107 3693 4177">
    <p class='ocr_par' dir='ltr' id='par_1_97' title="bbox 2108 4107 3693 4177">
     <span class='ocr_line' id='line_1_97' title="bbox 2108 4107 3693 4177; baseline 0 -17"><span class='ocrx_word' id='word_1_704' title='bbox 2108 4108 2238 4162; x_wconf 83' lang='grc' dir='ltr'><strong>Υἱόν</strong></span> <span class='ocrx_word' id='word_1_705' title='bbox 2268 4124 2281 4137; x_wconf 88' lang='grc'><strong>·</strong></span> <span class='ocrx_word' id='word_1_706' title='bbox 2306 4110 2407 4164; x_wconf 77' lang='grc' dir='ltr'><strong>Καὶ</strong></span> <span class='ocrx_word' id='word_1_707' title='bbox 2439 4108 2537 4162; x_wconf 76' lang='grc' dir='ltr'><strong>ἐπὶ</strong></span> <span class='ocrx_word' id='word_1_708' title='bbox 2562 4107 2638 4175; x_wconf 84' lang='grc' dir='ltr'><strong>τῷ</strong></span> <span class='ocrx_word' id='word_1_709' title='bbox 2666 4109 2940 4176; x_wconf 60' lang='grc' dir='ltr'><strong>σωτηρίῳ</strong></span> <span class='ocrx_word' id='word_1_710' title='bbox 2968 4125 3107 4173; x_wconf 89' lang='grc' dir='ltr'><strong>σου,</strong></span> <span class='ocrx_word' id='word_1_711' title='bbox 3138 4109 3415 4173; x_wconf 78' lang='grc' dir='ltr'><strong>τουτέστι,</strong></span> <span class='ocrx_word' id='word_1_712' title='bbox 3447 4112 3514 4177; x_wconf 80' lang='grc' dir='ltr'><strong>τῇ</strong></span> <span class='ocrx_word' id='word_1_713' title='bbox 3542 4110 3693 4175; x_wconf 67' lang='grc' dir='ltr'><strong>παρὰ</strong></span> 
     </span>
    </p>
   </div>
   <div class='ocr_carea' id='block_1_98' title="bbox 2109 4199 3693 4272">
    <p class='ocr_par' dir='ltr' id='par_1_98' title="bbox 2109 4199 3693 4272">
     <span class='ocr_line' id='line_1_98' title="bbox 2109 4199 3693 4272; baseline -0.001 -17"><span class='ocrx_word' id='word_1_714' title='bbox 2109 4200 2204 4255; x_wconf 79' lang='grc' dir='ltr'><strong>σοῦ</strong></span> <span class='ocrx_word' id='word_1_715' title='bbox 2240 4201 2501 4272; x_wconf 76' lang='grc' dir='ltr'><strong>γινομένῃ</strong></span> <span class='ocrx_word' id='word_1_716' title='bbox 2536 4201 2781 4271; x_wconf 75' lang='grc' dir='ltr'><strong>σωτηρίᾳ</strong></span> <span class='ocrx_word' id='word_1_717' title='bbox 2805 4200 2913 4253; x_wconf 83' lang='grc' dir='ltr'><strong>τῶν</strong></span> <span class='ocrx_word' id='word_1_718' title='bbox 2952 4201 3280 4267; x_wconf 80' lang='grc' dir='ltr'><strong>ἀνθρώπων.</strong></span> <span class='ocrx_word' id='word_1_719' title='bbox 3319 4199 3478 4255; x_wconf 73' lang='grc' dir='ltr'><strong>Οὕτω</strong></span> <span class='ocrx_word' id='word_1_720' title='bbox 3505 4201 3567 4255; x_wconf 74' lang='grc' dir='ltr'><strong>δὲ</strong></span> <span class='ocrx_word' id='word_1_721' title='bbox 3603 4203 3693 4254; x_wconf 78' lang='grc' dir='ltr'><strong>καὶ</strong></span> 
     </span>
    </p>
   </div>
   <div class='ocr_carea' id='block_1_99' title="bbox 2108 4291 3693 4363">
    <p class='ocr_par' dir='ltr' id='par_1_99' title="bbox 2108 4291 3693 4363">
     <span class='ocr_line' id='line_1_99' title="bbox 2108 4291 3693 4363; baseline 0.001 -21"><span class='ocrx_word' id='word_1_722' title='bbox 2108 4291 2178 4344; x_wconf 78' lang='grc' dir='ltr'><strong>τὰ</strong></span> <span class='ocrx_word' id='word_1_723' title='bbox 2206 4292 2354 4361; x_wconf 78' lang='grc' dir='ltr'><strong>ἑξῆς,</strong></span> <span class='ocrx_word' id='word_1_724' title='bbox 2375 4293 2444 4345; x_wconf 78' lang='grc' dir='ltr'><strong>τὰ</strong></span> <span class='ocrx_word' id='word_1_725' title='bbox 2479 4293 2579 4361; x_wconf 82' lang='grc' dir='ltr'><strong>μὲν</strong></span> <span class='ocrx_word' id='word_1_726' title='bbox 2618 4292 2756 4363; x_wconf 71' lang='grc' dir='ltr'><strong>πρὸς</strong></span> <span class='ocrx_word' id='word_1_727' title='bbox 2787 4293 2879 4345; x_wconf 78' lang='grc' dir='ltr'><strong>τὸν</strong></span> <span class='ocrx_word' id='word_1_728' title='bbox 2903 4294 3149 4363; x_wconf 75' lang='grc' dir='ltr'><strong>Πατέρα,</strong></span> <span class='ocrx_word' id='word_1_729' title='bbox 3182 4292 3250 4345; x_wconf 73' lang='grc' dir='ltr'><strong>τὰ</strong></span> <span class='ocrx_word' id='word_1_730' title='bbox 3296 4293 3353 4346; x_wconf 81' lang='grc' dir='ltr'><strong>δὲ</strong></span> <span class='ocrx_word' id='word_1_731' title='bbox 3413 4292 3556 4363; x_wconf 75' lang='grc' dir='ltr'><strong>πρὸς</strong></span> <span class='ocrx_word' id='word_1_732' title='bbox 3604 4293 3693 4345; x_wconf 75' lang='grc' dir='ltr'><strong>τὸν</strong></span> 
     </span>
    </p>
   </div>
   <div class='ocr_carea' id='block_1_100' title="bbox 2111 4380 3693 4455">
    <p class='ocr_par' dir='ltr' id='par_1_100' title="bbox 2111 4380 3693 4455">
     <span class='ocr_line' id='line_1_100' title="bbox 2111 4380 3693 4455; baseline 0.003 -21"><span class='ocrx_word' id='word_1_733' title='bbox 2111 4380 2241 4435; x_wconf 81' lang='grc' dir='ltr'><strong>Υἱὸν</strong></span> <span class='ocrx_word' id='word_1_734' title='bbox 2267 4382 2465 4447; x_wconf 77' lang='grc' dir='ltr'><strong>λέγοιτ’</strong></span> <span class='ocrx_word' id='word_1_735' title='bbox 2497 4383 2583 4436; x_wconf 77' lang='grc' dir='ltr'><strong>ἄν.</strong></span> <span class='ocrx_word' id='word_1_736' title='bbox 2620 4382 2729 4437; x_wconf 77' lang='grc' dir='ltr'><strong>Καὶ</strong></span> <span class='ocrx_word' id='word_1_737' title='bbox 2758 4382 2931 4447; x_wconf 71' lang='grc' dir='ltr'><strong>ὅντως</strong></span> <span class='ocrx_word' id='word_1_738' title='bbox 2996 4384 3312 4455; x_wconf 71' lang='grc' dir='ltr'><strong>ηὐφράνθη,</strong></span> <span class='ocrx_word' id='word_1_739' title='bbox 3369 4384 3464 4436; x_wconf 72' lang='grc' dir='ltr'><strong>καὶ</strong></span> <span class='ocrx_word' id='word_1_740' title='bbox 3518 4385 3693 4453; x_wconf 66' lang='grc' dir='ltr'><strong>ἠγαλ-</strong></span> 
     </span>
    </p>
   </div>
   <div class='ocr_carea' id='block_1_101' title="bbox 2041 4470 3693 4565">
    <p class='ocr_par' dir='ltr' id='par_1_101' title="bbox 2041 4470 3693 4565">
     <span class='ocr_line' id='line_1_101' title="bbox 2041 4470 3693 4565; baseline 0.002 -40"><span class='ocrx_word' id='word_1_741' title='bbox 2041 4510 2083 4565; x_wconf 74' lang='lat' dir='ltr'><strong>D</strong></span> <span class='ocrx_word' id='word_1_742' title='bbox 2108 4470 2334 4565; x_wconf 71' lang='grc' dir='ltr'><strong>λιᾴσατο</strong></span> <span class='ocrx_word' id='word_1_743' title='bbox 2364 4474 2554 4538; x_wconf 67' lang='lat' dir='ltr'><strong>eam,</strong></span> <span class='ocrx_word' id='word_1_744' title='bbox 2581 4473 2922 4544; x_wconf 78' lang='grc' dir='ltr'><strong>θεασάμενος</strong></span> <span class='ocrx_word' id='word_1_745' title='bbox 2960 4477 3054 4528; x_wconf 65' lang='grc' dir='ltr'><strong>κα)⁸</strong></span> <span class='ocrx_word' id='word_1_746' title='bbox 3079 4477 3221 4545; x_wconf 75' lang='grc' dir='ltr'><strong>μετὰ</strong></span> <span class='ocrx_word' id='word_1_747' title='bbox 3252 4474 3484 4530; x_wconf 79' lang='grc' dir='ltr'><strong>θάνατον</strong></span> <span class='ocrx_word' id='word_1_748' title='bbox 3514 4475 3575 4528; x_wconf 80' lang='grc' dir='ltr'><strong>τὸ</strong></span> <span class='ocrx_word' id='word_1_749' title='bbox 3599 4475 3693 4545; x_wconf 76' lang='grc' dir='ltr'><strong>τῆς</strong></span> 
     </span>
    </p>
   </div>
   <div class='ocr_carea' id='block_1_102' title="bbox 2109 4564 3692 4638">
    <p class='ocr_par' dir='ltr' id='par_1_102' title="bbox 2109 4564 3692 4638">
     <span class='ocr_line' id='line_1_102' title="bbox 2109 4564 3692 4638; baseline 0.001 -20"><span class='ocrx_word' id='word_1_750' title='bbox 2109 4564 2261 4628; x_wconf 75' lang='grc' dir='ltr'><strong>θείας</strong></span> <span class='ocrx_word' id='word_1_751' title='bbox 2284 4565 2756 4638; x_wconf 75' lang='grc' dir='ltr'><strong>ὲνανθρωπήσεως</strong></span> <span class='ocrx_word' id='word_1_752' title='bbox 2793 4568 3119 4638; x_wconf 74' lang='grc' dir='ltr'><strong>μυστήριον.</strong></span> <span class='ocrx_word' id='word_1_753' title='bbox 3158 4568 3221 4621; x_wconf 83' lang='grc' dir='ltr'><strong>Εἰ</strong></span> <span class='ocrx_word' id='word_1_754' title='bbox 3247 4567 3358 4638; x_wconf 84' lang='grc' dir='ltr'><strong>γὰρ</strong></span> <span class='ocrx_word' id='word_1_755' title='bbox 3389 4567 3493 4638; x_wconf 83' lang='grc' dir='ltr'><strong>τὴν</strong></span> <span class='ocrx_word' id='word_1_756' title='bbox 3521 4568 3692 4637; x_wconf 71' lang='grc' dir='ltr'><strong>ἀχλὺν</strong></span> 
     </span>
    </p>
   </div>
   <div class='ocr_carea' id='block_1_103' title="bbox 2107 4657 3693 4732">
    <p class='ocr_par' dir='ltr' id='par_1_103' title="bbox 2107 4657 3693 4732">
     <span class='ocr_line' id='line_1_103' title="bbox 2107 4657 3693 4732; baseline 0 -21"><span class='ocrx_word' id='word_1_757' title='bbox 2107 4657 2209 4726; x_wconf 80' lang='grc' dir='ltr'><strong>τῆς</strong></span> <span class='ocrx_word' id='word_1_758' title='bbox 2235 4658 2434 4730; x_wconf 81' lang='grc' dir='ltr'><strong>σαρκὸς</strong></span> <span class='ocrx_word' id='word_1_759' title='bbox 2464 4659 2853 4730; x_wconf 83' lang='grc' dir='ltr'><strong>περικείμενος</strong></span> <span class='ocrx_word' id='word_1_760' title='bbox 2883 4659 3117 4725; x_wconf 82' lang='grc' dir='ltr'><strong>έτι,τοῖς</strong></span> <span class='ocrx_word' id='word_1_761' title='bbox 3148 4662 3247 4731; x_wconf 73' lang='grc' dir='ltr'><strong>τῆς</strong></span> <span class='ocrx_word' id='word_1_762' title='bbox 3279 4659 3459 4732; x_wconf 77' lang='grc' dir='ltr'><strong>ψυχῆς</strong></span> <span class='ocrx_word' id='word_1_763' title='bbox 3490 4660 3693 4729; x_wconf 80' lang='grc' dir='ltr'><strong>ὀφθαλ-</strong></span> 
     </span>
    </p>
   </div>
   <div class='ocr_carea' id='block_1_104' title="bbox 2111 4744 3690 4825">
    <p class='ocr_par' dir='ltr' id='par_1_104' title="bbox 2111 4744 3690 4825">
     <span class='ocr_line' id='line_1_104' title="bbox 2111 4744 3690 4825; baseline 0.001 -22"><span class='ocrx_word' id='word_1_764' title='bbox 2111 4752 2233 4821; x_wconf 82' lang='grc' dir='ltr'><strong>μοῖς</strong></span> <span class='ocrx_word' id='word_1_765' title='bbox 2264 4744 2419 4825; x_wconf 26' lang='grc' dir='ltr'><strong>εἷδενκ</strong></span> <span class='ocrx_word' id='word_1_766' title='bbox 2433 4751 2502 4803; x_wconf 85' lang='grc' dir='ltr'><strong>τὰ</strong></span> <span class='ocrx_word' id='word_1_767' title='bbox 2529 4751 2818 4820; x_wconf 85' lang='grc' dir='ltr'><strong>μέλλοντα,</strong></span> <span class='ocrx_word' id='word_1_768' title='bbox 2855 4751 3039 4822; x_wconf 80' lang='grc' dir='ltr'><strong>πολλῷ</strong></span> <span class='ocrx_word' id='word_1_769' title='bbox 3071 4751 3279 4820; x_wconf 80' lang='grc' dir='ltr'><strong>μᾶλλον</strong></span> <span class='ocrx_word' id='word_1_770' title='bbox 3312 4752 3519 4821; x_wconf 79' lang='grc' dir='ltr'><strong>ταύτην</strong></span> <span class='ocrx_word' id='word_1_771' title='bbox 3546 4754 3690 4805; x_wconf 68' lang='lat' dir='ltr'><strong>dno-</strong></span> 
     </span>
    </p>
   </div>
   <div class='ocr_carea' id='block_1_105' title="bbox 2109 4830 3690 4915">
    <p class='ocr_par' dir='ltr' id='par_1_105' title="bbox 2109 4830 3690 4915">
     <span class='ocr_line' id='line_1_105' title="bbox 2109 4830 3690 4915; baseline 0.002 -20"><span class='ocrx_word' id='word_1_772' title='bbox 2109 4841 2339 4912; x_wconf 77' lang='grc' dir='ltr'><strong>θέμενος</strong></span> <span class='ocrx_word' id='word_1_773' title='bbox 2405 4830 2793 4914; x_wconf 50' lang='grc' dir='ltr'><strong>καθαρώτερον</strong></span> <span class='ocrx_word' id='word_1_774' title='bbox 2849 4843 2998 4915; x_wconf 74' lang='grc' dir='ltr'><strong>ἑώρα</strong></span> <span class='ocrx_word' id='word_1_775' title='bbox 3064 4845 3160 4898; x_wconf 77' lang='grc' dir='ltr'><strong>καὶ</strong></span> <span class='ocrx_word' id='word_1_776' title='bbox 3228 4842 3690 4915; x_wconf 79' lang='grc' dir='ltr'><strong>τηλαυγέστερον.</strong></span> 
     </span>
    </p>
   </div>
   <div class='ocr_carea' id='block_1_106' title="bbox 2120 4933 3696 5006">
    <p class='ocr_par' dir='ltr' id='par_1_106' title="bbox 2120 4933 3696 5006">
     <span class='ocr_line' id='line_1_106' title="bbox 2120 4933 3696 5006; baseline 0 -19"><span class='ocrx_word' id='word_1_777' title='bbox 2120 4933 2454 4998; x_wconf 83' lang='grc' dir='ltr'><strong>Ἀκολούθως</strong></span> <span class='ocrx_word' id='word_1_778' title='bbox 2497 4934 2553 4988; x_wconf 86' lang='grc' dir='ltr'><strong>δὲ</strong></span> <span class='ocrx_word' id='word_1_779' title='bbox 2582 4934 2678 4989; x_wconf 74' lang='grc' dir='ltr'><strong>καὶ</strong></span> <span class='ocrx_word' id='word_1_780' title='bbox 2709 4934 3011 5004; x_wconf 72' lang='grc' dir='ltr'><strong>ἐπιθυμίαν</strong></span> <span class='ocrx_word' id='word_1_781' title='bbox 3041 4933 3268 5005; x_wconf 79' lang='grc' dir='ltr'><strong>καρδίας</strong></span> <span class='ocrx_word' id='word_1_782' title='bbox 3298 4934 3696 5006; x_wconf 75' lang='grc' dir='ltr'><strong>ὑποληψόμεθα</strong></span> 
     </span>
    </p>
   </div>
   <div class='ocr_carea' id='block_1_107' title="bbox 2102 5028 3692 5102">
    <p class='ocr_par' dir='ltr' id='par_1_107' title="bbox 2102 5028 3692 5102">
     <span class='ocr_line' id='line_1_107' title="bbox 2102 5028 3692 5102; baseline 0 -21"><span class='ocrx_word' id='word_1_783' title='bbox 2102 5029 2194 5083; x_wconf 81' lang='grc' dir='ltr'><strong>τὸν</strong></span> <span class='ocrx_word' id='word_1_784' title='bbox 2236 5028 2402 5083; x_wconf 78' lang='grc' dir='ltr'><strong>πόθον</strong></span> <span class='ocrx_word' id='word_1_785' title='bbox 2435 5028 2530 5083; x_wconf 83' lang='grc' dir='ltr'><strong>τοῦ</strong></span> <span class='ocrx_word' id='word_1_786' title='bbox 2562 5028 2693 5083; x_wconf 84' lang='grc' dir='ltr'><strong>ἰδεῖν</strong></span> <span class='ocrx_word' id='word_1_787' title='bbox 2726 5030 2823 5100; x_wconf 80' lang='grc' dir='ltr'><strong>τὴν</strong></span> <span class='ocrx_word' id='word_1_788' title='bbox 2853 5028 2950 5084; x_wconf 80' lang='grc' dir='ltr'><strong>τοῦ</strong></span> <span class='ocrx_word' id='word_1_789' title='bbox 2977 5031 3231 5102; x_wconf 83' lang='grc' dir='ltr'><strong>Σωτῆρος</strong></span> <span class='ocrx_word' id='word_1_790' title='bbox 3249 5030 3692 5101; x_wconf 78' lang='grc' dir='ltr'><strong>ὲνανθρώπησιν,</strong></span> 
     </span>
    </p>
   </div>
   <div class='ocr_carea' id='block_1_108' title="bbox 2101 5118 3696 5195">
    <p class='ocr_par' dir='ltr' id='par_1_108' title="bbox 2101 5118 3696 5195">
     <span class='ocr_line' id='line_1_108' title="bbox 2101 5118 3696 5195; baseline 0 -20"><span class='ocrx_word' id='word_1_791' title='bbox 2101 5118 2169 5195; x_wconf 80' lang='grc' dir='ltr'><strong>ἦς</strong></span> <span class='ocrx_word' id='word_1_792' title='bbox 2200 5122 2418 5194; x_wconf 79' lang='grc' dir='ltr'><strong>προεῖδε</strong></span> <span class='ocrx_word' id='word_1_793' title='bbox 2442 5122 2533 5175; x_wconf 76' lang='grc' dir='ltr'><strong>τὸν</strong></span> <span class='ocrx_word' id='word_1_794' title='bbox 2566 5121 2758 5176; x_wconf 81' lang='grc' dir='ltr'><strong>τύπον.</strong></span> <span class='ocrx_word' id='word_1_795' title='bbox 2793 5122 3026 5191; x_wconf 85' lang='grc' dir='ltr'><strong>Θέλησιν</strong></span> <span class='ocrx_word' id='word_1_796' title='bbox 3057 5124 3116 5177; x_wconf 82' lang='grc' dir='ltr'><strong>δὲ</strong></span> <span class='ocrx_word' id='word_1_797' title='bbox 3163 5124 3275 5176; x_wconf 84' lang='grc' dir='ltr'><strong>τῶν</strong></span> <span class='ocrx_word' id='word_1_798' title='bbox 3313 5124 3574 5194; x_wconf 80' lang='grc' dir='ltr'><strong>χειλέων,</strong></span> <span class='ocrx_word' id='word_1_799' title='bbox 3630 5123 3696 5175; x_wconf 72' lang='grc' dir='ltr'><strong>τὸ</strong></span> 
     </span>
    </p>
   </div>
   <div class='ocr_carea' id='block_1_109' title="bbox 2104 5214 3692 5287">
    <p class='ocr_par' dir='ltr' id='par_1_109' title="bbox 2104 5214 3692 5287">
     <span class='ocr_line' id='line_1_109' title="bbox 2104 5214 3692 5287; baseline -0.001 -19"><span class='ocrx_word' id='word_1_800' title='bbox 2104 5214 2283 5269; x_wconf 87' lang='grc' dir='ltr'><strong>θέλειν</strong></span> <span class='ocrx_word' id='word_1_801' title='bbox 2316 5214 2407 5267; x_wconf 69' lang='grc' dir='ltr'><strong>διὰ.</strong></span> <span class='ocrx_word' id='word_1_802' title='bbox 2436 5215 2651 5279; x_wconf 81' lang='grc' dir='ltr'><strong>πανπδς</strong></span> <span class='ocrx_word' id='word_1_803' title='bbox 2680 5214 2830 5287; x_wconf 73' lang='grc' dir='ltr'><strong>ᾄδειν</strong></span> <span class='ocrx_word' id='word_1_804' title='bbox 2860 5215 2980 5286; x_wconf 84' lang='grc' dir='ltr'><strong>Θεῷ</strong></span> <span class='ocrx_word' id='word_1_805' title='bbox 3014 5232 3028 5247; x_wconf 79' lang='grc' dir='ltr'><strong>ο</strong></span> <span class='ocrx_word' id='word_1_806' title='bbox 3063 5216 3159 5270; x_wconf 69' lang='grc' dir='ltr'><strong>καὶ</strong></span> <span class='ocrx_word' id='word_1_807' title='bbox 3185 5216 3378 5286; x_wconf 85' lang='grc' dir='ltr'><strong>μέντοι</strong></span> <span class='ocrx_word' id='word_1_808' title='bbox 3434 5215 3530 5270; x_wconf 77' lang='grc' dir='ltr'><strong>καὶ</strong></span> <span class='ocrx_word' id='word_1_809' title='bbox 3574 5214 3692 5285; x_wconf 65' lang='grc' dir='ltr'><strong>ᾅδει</strong></span> 
     </span>
    </p>
   </div>
   <div class='ocr_carea' id='block_1_110' title="bbox 2104 5306 3693 5379">
    <p class='ocr_par' dir='ltr' id='par_1_110' title="bbox 2104 5306 3693 5379">
     <span class='ocr_line' id='line_1_110' title="bbox 2104 5306 3693 5379; baseline 0.001 -20"><span class='ocrx_word' id='word_1_810' title='bbox 2104 5306 2363 5379; x_wconf 77' lang='grc' dir='ltr'><strong>πάντοτε,</strong></span> <span class='ocrx_word' id='word_1_811' title='bbox 2394 5310 2507 5369; x_wconf 82' lang='grc' dir='ltr'><strong>τοῖς</strong></span> <span class='ocrx_word' id='word_1_812' title='bbox 2543 5306 2652 5360; x_wconf 84' lang='grc' dir='ltr'><strong>τῶν</strong></span> <span class='ocrx_word' id='word_1_813' title='bbox 2680 5307 2889 5361; x_wconf 84' lang='grc' dir='ltr'><strong>πιστῶν</strong></span> <span class='ocrx_word' id='word_1_814' title='bbox 2912 5307 3118 5378; x_wconf 74' lang='grc' dir='ltr'><strong>χείλεσι</strong></span> <span class='ocrx_word' id='word_1_815' title='bbox 3159 5307 3466 5379; x_wconf 85' lang='grc' dir='ltr'><strong>χρώμενος.</strong></span> <span class='ocrx_word' id='word_1_816' title='bbox 3531 5306 3693 5376; x_wconf 77' lang='grc' dir='ltr'><strong>Ζωὴν</strong></span> 
     </span>
    </p>
   </div>
   <div class='ocr_carea' id='block_1_111' title="bbox 2104 5400 3692 5472">
    <p class='ocr_par' dir='ltr' id='par_1_111' title="bbox 2104 5400 3692 5472">
     <span class='ocr_line' id='line_1_111' title="bbox 2104 5400 3692 5472; baseline -0.002 -18"><span class='ocrx_word' id='word_1_817' title='bbox 2104 5400 2162 5454; x_wconf 77' lang='grc' dir='ltr'><strong>δὲ</strong></span> <span class='ocrx_word' id='word_1_818' title='bbox 2186 5401 2450 5472; x_wconf 69' lang='grc' dir='ltr'><strong>ᾐτήσατο,</strong></span> <span class='ocrx_word' id='word_1_819' title='bbox 2483 5401 2577 5454; x_wconf 70' lang='grc' dir='ltr'><strong>καὶ</strong></span> <span class='ocrx_word' id='word_1_820' title='bbox 2606 5400 2792 5465; x_wconf 74' lang='grc' dir='ltr'><strong>ἔλαϐε,</strong></span> <span class='ocrx_word' id='word_1_821' title='bbox 2823 5400 3088 5466; x_wconf 77' lang='grc' dir='ltr'><strong>πολλάκις</strong></span> <span class='ocrx_word' id='word_1_822' title='bbox 3135 5400 3491 5462; x_wconf 81' lang='grc' dir='ltr'><strong>κινδυνεύσας</strong></span> <span class='ocrx_word' id='word_1_823' title='bbox 3548 5400 3692 5453; x_wconf 76' lang='grc' dir='ltr'><strong>ἀπο·</strong></span> 
     </span>
    </p>
   </div>
   <div class='ocr_carea' id='block_1_112' title="bbox 2108 5491 3691 5565">
    <p class='ocr_par' dir='ltr' id='par_1_112' title="bbox 2108 5491 3691 5565">
     <span class='ocr_line' id='line_1_112' title="bbox 2108 5491 3691 5565; baseline -0.003 -17"><span class='ocrx_word' id='word_1_824' title='bbox 2108 5492 2294 5548; x_wconf 83' lang='grc' dir='ltr'><strong>θανεῖν</strong></span> <span class='ocrx_word' id='word_1_825' title='bbox 2324 5494 2415 5546; x_wconf 82' lang='grc' dir='ltr'><strong>ὑπ’</strong></span> <span class='ocrx_word' id='word_1_826' title='bbox 2463 5493 2697 5563; x_wconf 79' lang='grc' dir='ltr'><strong>ἐχθρῶν,</strong></span> <span class='ocrx_word' id='word_1_827' title='bbox 2734 5495 2828 5547; x_wconf 77' lang='grc' dir='ltr'><strong>καὶ</strong></span> <span class='ocrx_word' id='word_1_828' title='bbox 2856 5493 2926 5548; x_wconf 80' lang='grc' dir='ltr'><strong>δι’</strong></span> <span class='ocrx_word' id='word_1_829' title='bbox 2963 5492 3131 5564; x_wconf 81' lang='grc' dir='ltr'><strong>εὐχῆς</strong></span> <span class='ocrx_word' id='word_1_830' title='bbox 3167 5491 3517 5565; x_wconf 74' lang='grc' dir='ltr'><strong>περισωθείς.</strong></span> <span class='ocrx_word' id='word_1_831' title='bbox 3572 5494 3691 5545; x_wconf 76' lang='lat' dir='ltr'><strong>M8-</strong></span> 
     </span>
    </p>
   </div>
   <div class='ocr_carea' id='block_1_113' title="bbox 2107 5584 3692 5656">
    <p class='ocr_par' dir='ltr' id='par_1_113' title="bbox 2107 5584 3692 5656">
     <span class='ocr_line' id='line_1_113' title="bbox 2107 5584 3692 5656; baseline -0.005 -15"><span class='ocrx_word' id='word_1_832' title='bbox 2107 5586 2261 5656; x_wconf 66' lang='grc' dir='ltr'><strong>γάλη</strong></span> <span class='ocrx_word' id='word_1_833' title='bbox 2279 5585 2346 5638; x_wconf 85' lang='grc' dir='ltr'><strong>δὲ</strong></span> <span class='ocrx_word' id='word_1_834' title='bbox 2370 5585 2406 5652; x_wconf 74' lang='grc' dir='ltr'><strong><em>ἠ</em></strong></span> <span class='ocrx_word' id='word_1_835' title='bbox 2441 5585 2593 5651; x_wconf 79' lang='grc' dir='ltr'><strong>δόξα</strong></span> <span class='ocrx_word' id='word_1_836' title='bbox 2628 5585 2817 5641; x_wconf 79' lang='grc' dir='ltr'><strong>αὐτοῦ</strong></span> <span class='ocrx_word' id='word_1_837' title='bbox 2859 5586 2930 5641; x_wconf 75' lang='grc' dir='ltr'><strong>ἐν</strong></span> <span class='ocrx_word' id='word_1_838' title='bbox 2957 5584 3037 5651; x_wconf 82' lang='grc' dir='ltr'><strong>τῷ</strong></span> <span class='ocrx_word' id='word_1_839' title='bbox 3062 5586 3336 5653; x_wconf 83' lang='grc' dir='ltr'><strong>σωτηρΙῳ</strong></span> <span class='ocrx_word' id='word_1_840' title='bbox 3365 5599 3505 5648; x_wconf 85' lang='grc' dir='ltr'><strong>σου,</strong></span> <span class='ocrx_word' id='word_1_841' title='bbox 3526 5598 3692 5647; x_wconf 76' lang='grc' dir='ltr'><strong>τουτ-</strong></span> 
     </span>
    </p>
   </div>
   <div class='ocr_carea' id='block_1_114' title="bbox 2110 5675 3688 5751">
    <p class='ocr_par' dir='ltr' id='par_1_114' title="bbox 2110 5675 3688 5751">
     <span class='ocr_line' id='line_1_114' title="bbox 2110 5675 3688 5751; baseline -0.002 -21"><span class='ocrx_word' id='word_1_842' title='bbox 2110 5678 2248 5743; x_wconf 75' lang='grc' dir='ltr'><strong>έστι,</strong></span> <span class='ocrx_word' id='word_1_843' title='bbox 2281 5678 2367 5733; x_wconf 64' lang='grc' dir='ltr'><strong>διὰ</strong></span> <span class='ocrx_word' id='word_1_844' title='bbox 2393 5679 2493 5750; x_wconf 78' lang='grc' dir='ltr'><strong>τὴν</strong></span> <span class='ocrx_word' id='word_1_845' title='bbox 2530 5678 2678 5751; x_wconf 78' lang='grc' dir='ltr'><strong>παρὰ</strong></span> <span class='ocrx_word' id='word_1_846' title='bbox 2706 5679 2801 5735; x_wconf 75' lang='grc' dir='ltr'><strong>σοῦ</strong></span> <span class='ocrx_word' id='word_1_847' title='bbox 2837 5680 3111 5751; x_wconf 81' lang='grc' dir='ltr'><strong>σωτηρίαν</strong></span> <span class='ocrx_word' id='word_1_848' title='bbox 3146 5696 3161 5711; x_wconf 86' lang='grc'><strong>·</strong></span> <span class='ocrx_word' id='word_1_849' title='bbox 3221 5676 3484 5748; x_wconf 74' lang='grc' dir='ltr'><strong>ἐδοξάσθη</strong></span> <span class='ocrx_word' id='word_1_850' title='bbox 3578 5675 3688 5747; x_wconf 75' lang='grc' dir='ltr'><strong>γὰρ</strong></span> 
     </span>
    </p>
   </div>
  </div>
