3916 6532
203 413 316 478 273

1347 424 1737 490 COMMEN'I‘.
1773 427 1854 488 1N
1892 386 2251 490 PSALMOS.

3352 431 3465 493 27$

203 526 454 595 ἀληθῶς,
485 529 569 581 ὅτι
595 530 659 583 ὲκ
691 530 789 598 τῆς
824 532 978 603 ῥίζης
1012 532 1181 585 αὐτοῦ
1244 538 1274 605 ἡ
1333 538 1579 607 σωτηρία
1628 537 1786 607 ἡμῶν

1895 542 2029 597 culis
2059 541 2223 595 fuerit
2256 522 2320 595 ac
2352 543 2511 595 morti
2543 539 2848 609 proximus,
2876 547 2929 593 et
2950 546 3172 605 demum
3205 543 3470 611 precibus

174 618 539 691 .ὲ6λάστησε,
598 622 692 674 καὶ
747 624 921 691 μέγας
984 624 1230 693 γέγονεν,
1289 627 1385 680 καὶ
1444 629 1786 700 περιϐόητος.

205 711 553 778 Εὐφρανεῖς
591 712 651 766 δὲ
684 715 874 769 αὐτὸν
921 716 992 770 ἐν
1020 719 1172 788 χαρᾷ
1189 719 1341 787 μετὰ
1395 720 1501 774 τοῦ
1559 723 1791 789 προσὼρ

205 814 330 853 που
363 819 505 866 σου,
537 805 659 858 ἀντὶ
704 806 825 870 τοῦ,
885 808 1121 878 Τέρψεις
1164 810 1327 864 αὐτὸν
1379 811 1466 865 διὰ
1508 812 1603 866 τοῦ
1656 813 1789 866 Υῐοῦ

210 908 332 947 σου.
403 895 706 966 Πρόσωπον
765 898 875 970 γὰρ
925 901 1157 971 Πατρδς,
1207 902 1334 967 Υἱός
1366 921 1378 934 ·
1441 904 1574 972 φησὶ
1636 906 1741 977 γάρ
1772 912 1793 938 ”

220 985 287 1038 '0
342 986 625 1057 ἑωρακὼς
648 991 774 1060 ἐμὲ,
799 992 1020 1061 ἑώρακε
1051 996 1158 1049 τὸν
1201 996 1454 1065 Πατέρα.
1531 998 1790 1070 Ἑχθροῦς

204 1074 264 1128 δὲ
295 1076 394 1129 τοῦ
429 1077 568 1132 Θεοῦ
599 1083 818 1151 νοήσεις
862 1085 989 1147 τοὺς
1048 1087 1433 1158 μισοχρίστους
1480 1090 1789 1156 Ἰουδαίους,

208 1159 293 1229 οἷς
328 1172 427 1220 καὶ
474 1169 548 1224 τὰ
607 1170 886 1244 δεινότερα
946 1177 1243 1244 ἐπαρᾶται,
1300 1182 1395 1233 καὶ
1457 1181 1790 1252 προφητεύει

206 1257 310 1311 ὅσα
362 1261 459 1313 καὶ
516 1265 874 1330 πεπόνθασιν,
937 1260 1014 1321 ὧν
1043 1269 1105 1322 τὸ
1166 1271 1386 1341 σπέρμα
1443 1272 1791 1346 πανωλεθρίᾳ

205 1349 510 1422 διεφθάρη,
544 1353 750 1427 δηλαδὴ
791 1355 902 1409 τῶν
953 1360 1390 1430 σταυρωσὰντων
1418 1361 1510 1415 τὸν
1567 1363 1789 1434 Κύριον.

205 1440 270 1494 Oi
300 1443 416 1513 γὰρ
447 1444 506 1498 έν
537 1448 660 1508 ταῖς
696 1446 1044 1519 διασποραϊς,
1094 1450 1530 1520 διαπεφεύγασιν
1581 1454 1792 1509 ἐκεῖνον

203 1532 298 1587 τὸν
326 1533 581 1605 ὄλεθρον.
626 1538 846 1609 Ericen;
875 1540 931 1595 δὲ
963 1542 1189 1608 αὐτοὺς
1222 1544 1303 1611 ὡς
1344 1547 1636 1600 κλίϐανον
1674 1563 1792 1602 πυο

198 1625 313 1693 ρὸς
339 1628 415 1682 ἐν
439 1627 519 1695 τῷ
552 1630 733 1701 καιρῷ
759 1632 866 1687 τοῦ
898 1634 1226 1704 προσώπου
1261 1653 1401 1700 σου,
1433 1638 1636 1709 δηλαδὴ
1691 1639 1788 1694 τοῦ

209 1718 345 1773 Υιοῦ
374 1736 496 1786 σου,
538 1722 722 1787 καθὼς
755 1726 1086 1797 εἰρήκαμεν.
1110 1728 1267 1782 Μετὰ
1321 1731 1427 1800 γὰρ
1467 1731 1564 1802 τὴν
1601 1733 1792 1801 ὲπιδψ

211 1812 347 1881 μίαν
390 1815 560 1869 αὐτοῦ
595 1816 693 1869 τοῦ
744 1818 984 1889 Χριστοῦ
1030 1821 1353 1886 πεπόνθασι,
1409 1826 1505 1877 καὶ
1534 1824 1781 1895 ἤρξαντο

1894 636 2013 690 suis
2052 634 2119 689 ad
2155 635 2320 689 Deum
2349 633 2816 688 inter-redentibus
2849 632 2918 688 ab
2946 648 3012 687 eo
3077 633 3321 688 salvatus
3369 634 3467 688 sit.

1890 723 2085 795 Magna
2114 738 2190 779 est
2215 724 2385 793 gloria
2441 724 2555 792 ejus
2625 725 2679 777 in
2732 723 2965 778 salutari
3006 731 3147 779 tuo:
3202 723 3306 779 hoc
3356 735 3470 789 est,

1893 824 2118 886 propter
2148 817 2379 871 salutem
2434 817 2602 880 illam,
2666 831 2787 886 qua:
2846 830 2874 867 a
2942 824 2994 872 te
3044 823 3149 872 est.
3215 815 3466 887 Magnam

1891 905 2093 974 quippe
2130 897 2355 975 gloriam
2392 912 2681 960 asseCutus
2709 912 2794 959 est
2818 905 3008 959 beatus
3039 902 3228 970 David,
3255 920 3378 959 cum
3399 920 3465 957 ex
3509 888 3515 903 “

1892 995 2010 1066 ejus
2063 996 2250 1052 radice
2279 996 2431 1053 salus
2465 1005 2651 1051 nostra
2689 995 3036 1065 pullulaverit
3067 1012 3082 1049 :
3117 994 3261 1050 unde
3289 995 3467 1065 major

1893 1105 1959 1145 ac
1987 1089 2267 1145 celebrior
2302 1090 2443 1159 apud
2513 1103 2704 1143 omnes
2733 1086 2958 1143 eﬂ'ectus
2988 1095 3089 1143 est.
3126 1085 3473 1156 {Laetiﬁcabis

1892 1192 2074 1238 autem
2104 1199 2223 1237 eum
2249 1182 2304 1236 in
2328 1182 2523 1254 gaudio
2550 1197 2669 1234 cum
2697 1181 2843 1234 vultu
2869 1188 2998 1245 tuo;
3039 1179 3142 1233 hoc
3172 1186 3280 1245 est,
3314 1178 3467 1234 dele-

1892 1273 2067 1328 ctahis
2105 1287 2230 1327 eum
2264 1287 2359 1344 per
2410 1270 2609 1326 Filiqu
2663 1280 2838 1325 tuum.
2915 1267 3112 1324 Vultus
3156 1270 3301 1324 enim
3368 1286 3469 1324 Srtt

1896 1364 2063 1421 facies
2092 1363 2291 1429 Patris,
2318 1362 2492 1419 Filius
2554 1363 2757 1418 dicitur
2791 1381 2803 1416 :
2873 1361 2976 1426 Qui
3018 1363 3159 1416 enim
3194 1362 3321 1416 uidit
3364 1378 3466 1425 me,

1894 1456 2095 1525 inquit,
2126 1456 2257 1510 uidit
2280 1464 2330 1510 et
2355 1454 2573 1509 Patrem
2595 1470 2768 1508 meum
2794 1454 2859 1507 ⁸⁷.
2885 1453 2989 1508 Per
3012 1453 3264 1509 inimicos
3286 1465 3468 1509 autem

1895 1548 1988 1604 Dei
2049 1548 2269 1606 Judmos
2328 1548 2593 1618 intellige,
2653 1547 2862 1604 Christi
2922 1548 3201 1613 inimicos,
3266 1547 3470 1618 quibus

1891 1646 2080 1717 gravia
2114 1646 2455 1716 imprecatur
2494 1644 2787 1714 Pmpheta,
2842 1641 3150 1715 praedicens
3181 1640 3285 1695 hoc
3312 1649 3474 1710 pacto

1893 1754 2237 1808 qmeeunquc
2288 1746 2476 1806 postea
2510 1736 2729 1807 passuri
2761 1744 2941 1802 erant,
2998 1743 3052 1789 ct
3094 1748 3333 1803 quorum
3379 1747 3465 1785 se-

1894 1846 2018 1884 men
2057 1828 2169 1900 jam
2205 1844 2438 1899 prorsus
2476 1829 2718 1884 deletum
2755 1838 2841 1885 εει
2877 1846 2891 1894 ;
2924 1841 3116 1882 eorum
3177 1826 3322 1890 dico,
3380 1823 3475 1894 qui

206 1908 328 1959 κατ’
351 1908 537 1962 αὐτῶν
558 1887 894 1978 φύεσθαι-τὰ
927 1912 1098 1980 δεινὰ,
1133 1913 1228 1983 ἀφ’
1256 1909 1316 1969 οὗ
1349 1887 1587 1984 Χριστὸς
1624 1887 1789 1970 *εἶπεν

1895 1920 2169 1975 Christum
2202 1920 2622 1977 cruciﬁxerunt.
2663 1921 2797 1979 Nam
2858 1926 2951 1994 qui
3008 1931 3165 1979 erant
3208 1924 3320 1991 jam
3380 1936 3477 1992 per

201 1999 397 2062 αὐτοῖς
417 2016 431 2031 ’
476 2001 819 2070 Ἀρθήονεται
841 2004 942 2072 ἀφ’
966 2005 1132 2074 ὑμῶν
1159 2007 1198 2074 ἡ
1232 2007 1547 2072 βασιλεία.
1586 2040 1653 2051 --
1682 2011 1794 2063 Ἐν

201 2089 274 2144 δὲ
300 2092 432 2157 τοῖς
460 2096 838 2163 περιλοίποις
866 2114 1004 2164 σου,
1052 2099 1302 2153 τουτέστι
1351 2104 1466 2164 τοῖς
1504 2102 1565 2167 ἐξ
1612 2103 1793 2157 αὐτῶν

203 2185 647 2238 πεπιστευκόσιν
676 2190 757 2250 εἰς
794 2187 851 2240 σὲ
884 2188 979 2242 τὸν
1031 2189 1181 2256 Υῑδν,
1213 2191 1309 2244 καὶ
1364 2193 1789 2261 ὑπολειφθεῖσιν.

212 2272 613 2343 Ἐτοιμὰσεις,
672 2278 839 2348 ἦγουν
880 2281 1205 2351 κοσμήσεις,
1282 2283 1377 2336 καὶ
1435 2283 1681 2350 δοξάσεις
1734 2285 1794 2339 τὸ

198 2363 367 2433 γένος
394 2367 577 2421 αὐτῶν
616 2381 631 2399 ·
679 2370 807 2436 δῦξα
851 2371 959 2444 γὰρ
1010 2375 1123 2437 τοῖς
1184 2373 1460 2445 Ἑϐραίοις
1506 2375 1664 2439 τέως,
1707 2378 1791 2431 ὅτι

200 2458 453 2528 πατέρες
481 2460 590 2514 τῶν
624 2464 944 2517 ἀποστόλων
978 2464 1291 2533 γεγόνασιν,
1319 2468 1367 2521 εἰ
1398 2469 1493 2521 καὶ
1517 2468 1641 2522 καθ’
1662 2470 1793 2523 ἑαυ-

199 2550 336 2612 τοὺς
372 2552 677 2617 ἄδοξοὶεἰσι
703 2557 796 2609 καὶ
817 2557 1063 2625 ipsumet.
1135 2557 1479 2631 Ἀρμόζομεν
1523 2561 1615 2614 τὸν
1658 2562 1792 2632 ψαλ-

202 2648 308 2719 μδν
332 2651 527 2707 τοῦτον
552 2654 647 2708 καὶ
672 2655 752 2726 τῷ
781 2655 994 2726 βασιλεῖ
1025 2657 1185 2729 ἡμῶν
1231 2659 1377 2714 κατὰ
1427 2660 1537 2713 τῶν
1577 2660 1794 2729 Batde-

200 2757 340 2810 ρων,
382 2744 458 2808 ὡς
489 2747 583 2800 καὶ
618 2747 711 2802 τὸν
736 2749 845 2818 πρὸ
866 2749 1085 2805 τούτου.

1895 2012 2084 2067 orbem
2122 2013 2392 2085 dispersi,
2428 2015 2507 2069 illi
2544 2012 2923 2070 Romanorum
2966 2016 3238 2087 ﬂagellum
3287 2030 3477 2070 evase-

1891 2114 2043 2161 runt.
2080 2106 2247 2161 Panes
2281 2107 2448 2163 etiam
2482 2124 2570 2162 eos
2601 2118 2655 2161 ut
2688 2109 2955 2163 clibanum
2982 2110 3120 2180 ignis
3151 2110 3206 2163 in
3241 2119 3473 2175 tempore

1891 2198 2069 2253 vultus
2108 2201 2208 2264 tui,
2237 2199 2337 2254 hoc
2369 2208 2473 2262 est.
2506 2200 2558 2254 in
2593 2208 2840 2270 tempore
2914 2201 3035 2255 Filii
3098 2200 3199 2265 tui,
3253 2209 3313 2253 ut
3359 2199 3472 2266 jam

1892 2289 2165 2346 diximus:
2203 2306 2324 2361 quae
2353 2307 2440 2347 res
2472 2301 2596 2363 post
2624 2293 2916 2348 adventum
2958 2292 3173 2349 Christi
3242 2290 3471 2347 accidit.

1890 2381 1969 2436 Ex
1993 2383 2085 2436 illo
2104 2384 2249 2438 enim
2271 2392 2521 2454 tempore
2543 2400 2653 2453 quo
2667 2385 2803 2439 dixit
2825 2385 3086 2440 Dominus
3104 2384 3172 2439 ad
3209 2382 3427 2439 Judwos
3459 2400 3472 2437 :

1891 2474 2343 2531 Tolleturavobis
2378 2493 2596 2547 regnum
2652 2477 2719 2540 ⁸⁸,
2771 2487 2902 2543 ειε.,
2962 2477 3151 2548 gravia
3208 2475 3477 2529 adversus

1889 2583 1987 2625 eos
2040 2569 2093 2623 iu
2128 2567 2249 2625 dies
2299 2579 2588 2641 coeperunt
2641 2571 2775 2625 oriri
2834 2569 3069 2639 ﬂagella.
3119 2567 3187 2623 In
3238 2567 3476 2637 reliquiis

1892 2663 2022 2727 tuis,
2056 2663 2159 2717 hoc
2212 2672 2296 2718 est
2359 2664 2413 2718 in
2480 2663 2547 2718 iis
2576 2661 2802 2725 Iudaeis,
2851 2663 2944 2732 qui
3010 2660 3363 2716 crediderunt
3421 2656 3476 2710 in

1858 2763 1947 2836 ,ιε
2010 2752 2208 2809 Filium
2239 2753 2361 2819 Dei,
2391 2763 2446 2809 et
2482 2757 2574 2826 qui
2609 2756 2706 2810 ιίὶιί
2748 2755 2929 2810 relicti
2963 2764 3091 2809 sunt
3148 2762 3206 2807 ut
3266 2749 3478 2809 ﬁdeles.

198 2837 574 2905 Pmparabis,
616 2841 722 2896 hoc
756 2845 1139 2911 est,ornabis,
1167 2855 1219 2900 et
1252 2846 1589 2917 gloriﬁcabis
1615 2862 1791 2919 genus
1828 2862 2045 2902 eorum.
2081 2848 2310 2903 Summa
2351 2848 2554 2919 quippe
2586 2848 2761 2918 gloria
2802 2848 2969 2902 etiam
3038 2846 3309 2902 hactenus
3383 2842 3480 2899 Ju-

198 2935 341 2989 daeis
370 2945 482 3000 est,
511 2939 659 3008 quod
723 2949 912 3011 patres
977 2944 1357 3012 apostolorum
1421 2943 1677 3001 fuerint:

1763 2946 1986 3003 tametsi
2047 2946 2151 3018 ipsi
2211 2959 2311 3017 per
2369 2960 2431 3002 se
2498 2945 2713 3015 inglorii
2783 2944 2895 2999 sint
2948 2951 3002 2997 et
3061 2940 3478 2997 abominahiles-

199 3029 517 3091 Possumus
571 3046 629 3089 et
680 3036 829 3093 hunc
890 3039 1167 3109 psalmum
1228 3040 1341 3112 regi
1398 3049 1595 3097 nostro
1646 3041 1794 3096 tideli
1866 3042 2310 3106 accommodare,
2391 3048 2445 3095 et
2495 3040 2765 3095 adversus
2852 3037 3102 3094 infideles
3181 3035 3482 3107 Barbaros,

197 3125 674 3193 quemadmodum
754 3130 995 3187 diximus
1065 3134 1314 3204 proxime
1391 3133 1790 3204 praecedentem
1831 3135 1996 3189 etiam
2020 3134 2423 3191 accommodari
2456 3147 2637 3203 posse.

196 3218 303 3284 Εἰς
332 3218 403 3272 τὸ
431 3218 605 3289 τέλος
631 3223 785 3299 ὑπέρ
819 3224 930 3299 τῆς
960 3226 1343 3299 ἀντιλήψεως
1396 3226 1509 3298 τῆς
1539 3226 1789 3296 ἑωθινῆς

1901 3227 1967 3282 In
2001 3230 2159 3299 ﬁnem
2185 3244 2281 3297 pro
2304 3225 2510 3281 auxilio
2552 3225 2815 3280 matutino
2866 3223 3113 3278 Psalmus
3154 3223 3256 3291 ipsi
3291 3221 3480 3276 David.

707 3296 952 3365 ψαλμὸς
987 3297 1067 3360 τῷ
1092 3297 1293 3351 Δαόίδ.

778 3388 1079 3442 ΨΑΛΜΟΣ
1111 3390 1244 3443 KA'.

292 3473 352 3527 '0
370 3473 589 3544 ψαλμὸς
611 3469 772 3540 οὗτος
807 3480 1064 3551 φανερῶς
1103 3484 1183 3545 εἰς
1230 3482 1471 3553 Χριστὸν
1485 3482 1751 3553 ἀνάγεται
1776 3498 1791 3514 ⁶

201 3567 650 3637 προαναγορεύει
685 3574 791 3641 γὰρ
828 3571 898 3625 τά
938 3573 1033 3626 τοῦ
1061 3573 1524 3645 προσλήμματος,
1578 3577 1671 3629 καὶ
1726 3576 1795 3629 τὲ

199 3658 302 3710 τοῦ
347 3662 624 3730 σωτηρίου
676 3662 885 3727 πάθους
940 3665 1133 3732 αὑτοῦ,
1191 3666 1227 3721 ἃ
1271 3667 1422 3732 τέλος
1485 3669 1794 3738 εἰλήφασιν.

214 3748 396 3817 Ὑπὲρ
430 3750 542 3818 τῆς
565 3753 951 3824 ἀντιλήψεως
999 3757 1056 3810 δὲ
1093 3759 1526 3830 ἐπιγέγραπται,
1591 3761 1680 3814 διὰ
1736 3760 1797 3814 τὸ

204 3843 493 3913 περιέχειν
527 3845 761 3913 ῑκεσὶαν,
793 3847 937 3919 ὑπὲρ
967 3847 1062 3902 τοῦ
1089 3847 1263 3903 ἐλθεῖν
1297 3851 1448 3922 αὑτῷ
1503 3852 1655 3924 παρὰ
1697 3849 1794 3905 τοῦ

202 3936 427 4006 Πατρὸς
459 3939 519 3990 ἐν
549 3934 628 4009 τῷ
673 3940 856 4012 καιρῷ
913 3943 1009 3995 τοῦ
1076 3943 1306 4009 πάθους,
1368 3947 1449 4009 εἰς
1505 3945 1796 4016 ἀντίληψιν

198 4026 569 4096 ὲνισχὺουσαν
596 4046 611 4062 ·
647 4030 760 4099 τῆς
790 4033 1042 4100 ἑωθινῆς
1069 4035 1126 4089 δὲ
1161 4036 1517 4107 πρόσκειται,
1545 4039 1667 4092 ἀντὶ
1696 4040 1797 4107 τῆς

197 4119 301 4173 τοῦ
329 4122 591 4191 Χριστοῦ.
621 4123 858 4196 Ὄρθρος
887 4126 997 4197 γάρ
1024 4119 1181 4190 οὗτος
1213 4127 1563 4199 ὀνομάζεται,
1596 4132 1624 4185 ὃ
1648 4132 1797 4185 ἐστιν

200 4212 426 4280 ἡμέρας
461 4214 629 4284 ἀρχή.
678 4217 890 4280 Ὄντως
942 4218 1051 4288 γάρ
1107 4220 1386 4274 ἀνέτειλεν
1412 4223 1545 4292 ἡμῖν
1591 4226 1707 4287 τοῖς
1738 4224 1798 4277 ἐν

200 4305 392 4357 σκότει
416 4306 517 4375 τῆς
548 4307 761 4377 πλάνης
825 4309 1167 4380 καθημένοις
1220 4314 1376 4384 ἦλιος
1420 4315 1797 4384 δικαιοσύνης.

200 4396 301 4449 καὶ
332 4396 451 4466 φῶς
478 4400 753 4465 γνώσεως.
798 4401 1035 4457 ’ἱκέτευε
1062 4404 1118 4457 δὲ
1176 4405 1254 4470 ὡς
1306 4405 1616 4477 ἄνθρωπος,
1648 4409 1798 4464 διδά-

200 4504 356 4541 σκων
386 4487 647 4560 εὔχεσθαι
674 4493 816 4548 κατὰ
838 4493 932 4549 τδν
959 4494 1055 4549 τοῦ
1093 4497 1332 4552 θανάτου
1365 4500 1584 4572 καιρόν.
1632 4502 1798 4556 Φύσει

2461 3383 2781 3442 PSALMUS
2809 3381 2954 3437 XXI.

1967 3479 2219 3536 Praesens
2244 3477 2500 3534 Psahnus
2565 3475 3013 3531 manifestissime
3070 3476 3138 3529 ad
3199 3473 3481 3530 Christum

1897 3572 2225 3629 referendus
2254 3580 2361 3636 est,
2399 3577 2454 3625 et
2480 3570 2652 3623 multa
2681 3566 2955 3639 praedicit,
2990 3582 3113 3638 quae
3143 3565 3212 3620 ad
3265 3580 3482 3620 assum-

1897 3677 2044 3737 ptam
2068 3681 2293 3722 carnem
2320 3673 2375 3720 et
2395 3664 2460 3719 ad
2493 3662 2795 3718 salutarem
2841 3661 2964 3730 eius
2991 3659 3300 3731 passionem
3361 3646 3485 3728 per;

1898 3761 2097 3825 tinent,
2121 3767 2174 3814 et
2196 3757 2309 3828 jam
2369 3756 2532 3811 linem
2585 3769 2745 3810 suum
2820 3760 3118 3809 consecuta
3168 3759 3319 3807 sunt.
3375 3750 3484 3805 Pro

1897 3851 2097 3905 auxilio
2134 3863 2315 3904 autem
2371 3848 2498 3903 ideo
2526 3845 2855 3918 inscriptum
2891 3851 2995 3907 est,
3031 3842 3163 3915 quia
3194 3842 3481 3911 supplica-

1898 3945 2104 3999 tionem
2134 3941 2344 3998 Christi
2404 3942 2677 4004 continet,
2731 3954 2840 4010 qua
2897 3937 3177 4019 passionis
3234 3946 3484 4007 tempore

1901 4051 1928 4089 a
1972 4034 2138 4091 Patre
2165 4033 2431 4089 auxilium
2461 4031 2638 4103 petiit.
2665 4030 2992 4098 Matutinum
3010 4045 3144 4085 vero
3168 4045 3264 4085 seu
3294 4031 3482 4094 etiam,

1899 4138 1958 4183 ut
1987 4129 2175 4184 Graeca
2238 4127 2409 4182 dictio
2466 4134 2648 4191 sonat,
2694 4124 2963 4181 orientale
3025 4122 3293 4178 auxilium
3348 4122 3487 4174 Pro-

1899 4223 2061 4293 pheta
2092 4221 2372 4276 Christum
2411 4218 2727 4290 appellavit,
2762 4217 2856 4286 qui
2892 4231 3052 4270 mane
3086 4222 3253 4285 atque
3297 4212 3484 4267 oriens

1898 4321 2153 4374 vocatur,
2185 4310 2288 4365 hoc
2316 4317 2413 4365 est.
2429 4308 2537 4363 diei
2564 4306 2923 4379 principium.
2955 4303 3096 4359 Vere
3126 4304 3274 4358 enim
3328 4301 3487 4356 nobis

1902 4402 2191 4467 Dominus,
2224 4401 2548 4457 sedentibus
2577 4400 2631 4454 in
2664 4399 2862 4453 umhra
2897 4395 3120 4461 mortis,
3155 4408 3265 4449 non
3320 4410 3484 4448 secus

1903 4511 1967 4551 ac
1990 4494 2073 4550 sol
2098 4492 2324 4564 quidam
2346 4491 2579 4562 iustitiae
2601 4497 2760 4545 ortus
2787 4495 2895 4552 est,
2928 4502 3024 4543 seu
3050 4486 3236 4540 lumen
3296 4484 3483 4539 scien-

198 4576 317 4648 γὰρ
349 4577 476 4631 τότε
498 4581 593 4633 καὶ
620 4583 648 4634 ὁ
675 4581 821 4637 πάνυ
851 4583 1086 4650 δίκαιος,
1119 4586 1295 4659 δειλιᾷ
1340 4589 1415 4655 τὸ,
1465 4592 1655 4646 καινὸν
1694 4595 1790 4664 τῆς

1900 4590 2007 4644 tite.
2037 4588 2194 4655 Quod
2227 4595 2410 4642 autem
2440 4584 2733 4655 supplicat,
2769 4581 2899 4636 facit
2961 4588 3226 4650 tanquam
3294 4578 3482 4644 homo,

200 4670 563 4737 διαζεύξεως.
596 4676 757 4740 Τινὲς
788 4677 844 4732 δὲ
865 4679 1117 4743 νοοῦντες
1153 4681 1414 4753 πρόθεσιν
1440 4686 1564 4739 ἀντὶ
1590 4687 1795 4758 προθέ-

207 4778 369 4827 σεως.
404 4764 531 4827 έθος
564 4766 689 4839 ’γὰρ
733 4770 829 4823 καὶ
867 4771 1029 4825 τοῦτο
1083 4775 1196 4837 τοῖς
1242 4775 1497 4841 παλαιοῖς
1538 4779 1675 4848 φασὶ
1709 4781 1801 4833 τὸν

200 4854 421 4924 ψαλμὸν
442 4855 635 4912 τοῦτον
665 4855 808 4915 εἶναι
837 4863 972 4931 περὶ
1009 4864 1119 4918 τῶν
1148 4867 1340 4920 παθῶν
1378 4868 1476 4923 τοῦ
1533 4871 1800 4942 Χριστοῦ.

198 4945 380 5000 ταῦτα
403 4949 516 5017 γάρ
544 4952 695 5007 ἐστιν
726 4953 960 5026 έωθεινὴ
980 4955 1289 5028 ἀντίληψις,
1333 4960 1415 5014 ὅτι
1443 4961 1569 5015 τότε
1601 4962 1803 5032 μᾶλλον

198 5036 542 5092 ἀντελάϐετο
572 5040 731 5111 ἡμῶν
758 5043 787 5096 ό
805 5042 1302 5115 δηλωθεὶςόρθρος,
1339 5048 1368 5100 ὅ
1394 5048 1511 5101 ἐστι
1538 5048 1799 5119 Χριστὸς,

199 5131 424 5203 θανάτῳ
457 5135 692 5205 νικήσας
728 5134 821 5188 τὸν
853 5137 915 5189 τὸ
941 5139 1149 5209 κράτος
1182 5139 1380 5210 ἔχοντα
1402 5140 1501 5195 τοῦ
1536 5141 1799 5196 θανάτου.

1895 4692 1957 4738 ιιι
1985 4696 2085 4736 nos
2104 4694 2266 4736 orare
2321 4678 2569 4743 doceret,
2608 4676 2661 4730 in
2695 4674 2890 4729 mortis
2952 4682 3200 4742 tempore
3241 4689 3255 4727 :
3309 4687 3490 4741 quau-

1896 4772 2192 4843 doquidem
2221 4772 2268 4825 is
2297 4770 2464 4826 etiam
2519 4768 2614 4840 qui
2663 4774 2862 4822 natura
2956 4766 3076 4835 ipsa
3142 4763 3488 4832 justissimus

1896 4873 2002 4930 est,
2029 4871 2256 4934 propter
2290 4863 2563 4918 insuetam
2598 4860 2796 4915 animae
2854 4873 2918 4913 ac
2958 4855 3209 4925 corporis
3274 4855 3484 4925 disjun-

1895 4957 2135 5011 ctionem
2171 4966 2306 5010 tunc
2335 4955 2602 5025 temporis
2652 4950 2911 5006 formidat
2970 4964 3034 5003 ac
3090 4945 3483 5018 perhorrescit.

1898 5048 2133 5116 Quidam
2171 5063 2301 5103 vero
2336 5044 2782 5118 praepositionem
2810 5058 2933 5112 pro,
2965 5041 3085 5095 loco
3139 5035 3484 5109 praepositio-

1905 5145 1994 5197 nis
2025 5139 2112 5205 de,
2148 5138 2384 5209 positam
2415 5153 2540 5194 esse
2611 5138 2985 5207 intelligentes
3049 5132 3131 5201 (ut
3182 5127 3314 5183 alibi
3366 5123 3484 5195 ple-

198 5245 442 5302 rumque
476 5231 792 5304 reperitur),
831 5235 987 5290 aiunt
1051 5236 1324 5305 psalmum
1388 5241 1538 5296 hunc
1614 5240 1683 5296 de
1764 5239 1970 5296 Christi
2032 5238 2381 5310 passionibus
2435 5237 2812 5307 conscriptum
2877 5247 3020 5288 esse.
3072 5225 3281 5284 Christi
3335 5223 3480 5277 enim

198 5325 496 5391 passiones
564 5324 864 5395 significari
927 5326 1142 5394 dicunt,
1212 5346 1310 5400 per
1381 5333 1647 5388 auxilium
1705 5334 2086 5400 matutinum;
2142 5330 2296 5402 quia
2379 5336 2807 5385 commemorato
2879 5322 3155 5395 passionis
3230 5327 3482 5388 tempore

199 5432 389 5481 mane,
421 5416 583 5483 illud,
615 5428 783 5490 atque
829 5420 1038 5488 oriens,
1064 5425 1211 5494 quod
1241 5427 1507 5494 diximus,
1537 5431 1644 5487 hoc
1676 5439 1783 5487 est.
1825 5430 2081 5484 Christus
2112 5445 2127 5496 ;
2159 5429 2455 5484 maximum
2494 5425 2653 5480 nobis
2684 5422 2951 5478 auxilium
3037 5414 3314 5489 praestitit,
3383 5414 3486 5469 de-

198 5508 350 5563 victo
379 5524 480 5578 per
511 5521 744 5565 mortem
780 5515 1076 5584 propriam,
1112 5519 1205 5574 illo
1241 5529 1474 5590 tyranno
1500 5525 1595 5593 qui
1635 5526 1830 5579 mortis
1853 5534 2014 5578 antea
2046 5524 2334 5594 imperium
2374 5526 2764 5588 occupaverat.

278 5607 340 5658 '0
379 5604 554 5672 Θεὸς,
591 5609 625 5661 ό
656 5609 800 5675 Θεός
820 5627 964 5678 μου,
994 5614 1265 5682 πρόσχες
1285 5634 1415 5685 μοι,
1468 5620 1628 5673 ινατι
1691 5620 1790 5690 ἐγ-

1971 5617 2140 5673 νειιε.
2171 5618 2225 5670 2.
2263 5617 2407 5672 Deus
2438 5630 2584 5669 meus
2626 5612 2828 5680 respice
2852 5610 2904 5663 in
2946 5623 3026 5661 me
3054 5622 3220 5675 quare
3263 5619 3344 5658 me
3391 5601 3483 5655 de.

198 5692 532 5759 κατέλιπές
557 5711 669 5764 με·
722 5697 939 5763 Δειλίας
993 5701 1093 5771 μὲν
1143 5699 1494 5775 ἀνθρωπίνης
1530 5707 1558 5760 ὁ
1588 5705 1746 5775 λόγος
1778 5724 1790 5739 ·

1905 5707 2202 5776 reliquisti?
2233 5696 2614 5761 llumauze’est
2647 5700 2957 5758 formidinis
2991 5712 3199 5761 sermo,
3229 5708 3340 5766 quo
3367 5706 3484 5747 ma-

272 5877 321 5910 ⁶⁷
362 5874 528 5932 Joan.
582 5891 695 5947 xtv,
748 5881 802 5935 9.
882 5881 927 5912 “
965 5881 1163 5940 Matth.
1219 5900 1338 5952 ut,
1382 5884 1474 5940 45.
