3916 6608
359 369 472 434 279

1542 378 1930 439 summu
1967 382 2327 442 ZIGABENI
2395 333 2406 346 ’

359 484 548 554 specie
565 483 796 556 exiguus
828 487 920 549 sit,
948 486 1172 541 materia
1197 494 1378 541 tamen
1415 492 1758 544 corrooeudo
1782 490 1927 547 delet
1967 501 2020 547 et
2049 509 2110 546 ac
2140 495 2338 564 perdit,
2373 495 2445 547 ita
2472 504 2526 550 et
2558 493 2813 550 Christus
2875 493 3002 550 licet
3058 503 3286 565 aspectu
3359 511 3423 550 ac
3483 511 3636 565 pra:—

361 583 538 636 sentia
567 582 728 637 exilis
753 581 1052 646 videretur,
1116 583 1424 637 contrarius
1484 591 1663 639 tamen
1691 598 1752 638 ac
1785 585 1889 639 sibi
1933 587 2257 643 resistentes
2299 587 2609 642 diemonum
2643 596 2810 658 atque
2855 587 3084 642 aliorum
3149 595 3453 658 potestates
3509 591 3637 643 dis-

362 677 628 753 perdidit.

447 769 802 840 Opprobrium
853 767 1121 821 hominum
1161 780 1210 824 et
1264 772 1519 843 neglectio
1579 731 1765 839 plebis:
1819 771 1944 827 lelazc
1974 775 2020 834 Α

362 865 530 921 verba
589 860 884 917 manifeste
924 863 1301 930 praenuntiant
1353 881 1416 920 ea
1473 879 1596 935 quae
1658 863 1944 920 Passionis

365 970 613 1027 tempore
645 954 821 1011 διιόωί
875 956 1280 1012 contumeliose
1335 959 1598 1013 adversus
1652 955 1943 1011 Dominum

365 1052 647 1112 dixerunt,
677 1049 972 1106 illudentcs
1009 1051 1266 1106 nimirum
1292 1058 1347 1106 et
1364 1050 1702 1106 deridentes.
1728 1049 1944 1121 Oppro-

364 1143 544 1197 brium
574 1150 758 1197 autem
793 1142 1079 1196 hominum
1109 1150 1163 1199 et
1197 1142 1596 1212 neglectionem
1643 1143 1828 1213 populi
1862 1143 1948 1196 in-

366 1233 575 1303 Iellige.
611 1241 668 1286 ut
697 1231 838 1287 idem
871 1232 1209 1303 signiﬁcent.
1241 1231 1347 1288 Per
1377 1233 1630 1289 homines
1651 1243 1833 1288 autem
1857 1234 1947 1288 hic

366 1323 647 1401 Romanos
679 1322 878 1379 milites
916 1324 1180 1394 intellige,
1211 1332 1262 1380 et
1299 1339 1394 1395 per
1418 1324 1656 1394 plebem,
1690 1323 1947 1394 populum

362 1414 699 1469 Judzcorum.

443 1506 607 1562 Vsus.
646 1506 699 1568 8,
745 1505 798 1560 9.
837 1507 1031 1561 Omnes
1077 1506 1308 1560 videntes
1364 1523 1447 1560 me
1493 1505 1953 1561 subsannaverunt

367 1617 486 1664 me;
527 1599 690 1653 locuti
720 1610 843 1653 sunt
878 1599 1036 1653 labiis
1075 1608 1124 1652 et
1159 1610 1429 1652 moverunt
1463 1609 1616 1666 caput
1654 1615 1671 1651 :
1709 1599 1950 1666 Speravit

368 1691 424 1742 in
444 1689 694 1776 ἱζοηὺιο,
720 1691 913 1760 eripiat
939 1706 1081 1756 eum,
1101 1691 1303 1745 salvum
1332 1690 1499 1759 faciat
1524 1707 1661 1754 eum,
1701 1692 1951 1760 quoniam

368 1783 477 1836 vult
517 1799 655 1836 eum.
694 1781 816 1836 llaec
861 1781 1212 1851 apertissime
1259 1782 1506 1836 invenies
1545 1781 1749 1851 scripta
1810 1783 1951 1852 apud

373 1873 685 1928 Matthazum
719 1874 781 1929 ⁷³.
809 1873 1062 1928 Aitenim
1085 1874 1230 1943 quod
1270 1873 1343 1928 illi
1391 1875 1483 1944 qui
1520 1875 1952 1944 pertransibunt,

371 1967 850 2034 blasphemabant,
879 1976 1162 2022 moventes
1183 1967 1360 2036 capita
1398 1981 1518 2033 sua,
1549 1976 1602 2020 et
1637 1967 1745 2022 alia
1778 1968 1956 2023 dicen-

373 2067 480 2119 tes,
517 2073 638 2127 quae
673 2060 784 2114 illic
812 2069 1140 2130 sequuntur.

447 2150 615 2209 Vnus.
656 2153 742 2208 10.
783 2152 1047 2219 Quoniam
1083 2168 1137 2207 tu
1161 2172 1213 2208 es
1269 2156 1360 2224 qui
1409 2157 1692 2210 extruxisti
1754 2173 1833 2210 me
1891 2156 1956 2211 de
1982 2128 2030 2187 Β

376 2251 573 2295 ventre.
603 2239 714 2294 Viri
753 2243 948 2312 copula
993 2243 1277 2313 virginalia
1313 2243 1521 2297 ventris
1558 2243 1798 2296 claustra
1829 2257 1956 2313 ape-

373 2333 442 2387 rit
471 2350 485 2387 :
512 2333 819 2388 immissum
839 2334 980 2388 enim
1018 2349 1208 2388 semen
1233 2335 1562 2389 naturaliter
1595 2334 1808 2388 vulvam
1829 2348 1956 2402 ape-

372 2424 466 2489 rit,
502 2439 621 2493 qum
651 2425 909 2495 deinceps
929 2425 1253 2480 conclusum
1292 2426 1425 2481 illud
1478 2427 1743 2491 continet,
1779 2426 1955 2480 donec

373 2515 540 2570 {intus
580 2517 921 2586 perﬁciatur.
957 2520 1033 2573 Ac
1056 2518 1274 2572 demum
1306 2519 1544 2588 pondere
1574 2527 1797 2588 gravata
1834 2534 1957 2574 rur-

373 2622 497 2661 sum
525 2608 787 2678 aperitur,
821 2617 876 2664 et
901 2609 1090 2663 [cetum
1125 2609 1232 2662 labi
1268 2609 1552 2680 permittit.
1579 2610 1636 2664 In
1667 2609 1956 2665 Salvatore

375 2712 558 2756 autem
589 2711 781 2757 nosuo
821 2701 1289 2772 quemadmodum
1315 2704 1601 2774 conceptio
1626 2705 1956 2774 absqueulla

377 2792 484 2848 fuit
549 2793 655 2848 viri
716 2795 934 2864 copula,
997 2794 1070 2848 ita
1123 2803 1178 2850 et
1213 2796 1529 2865 pragressio
1593 2796 1738 2851 fetus
1791 2813 1957 2866 supra

378 2895 630 2940 naturam
716 2885 926 2941 exstitit
981 2905 995 2945 :
1060 2887 1176 2956 ipsa
1243 2887 1454 2942 scilicet
1519 2888 1704 2943 divina
1748 2889 1800 2943 vi
1859 2890 1959 2944 lue-

387 2989 510 3035 tum
548 2979 893 3045 extrahente,
949 2990 1001 3035 et
1037 2979 1294 3050 virgineis
1341 2981 1597 3035 claustris
1645 2981 1958 3036 nullatenus

379 3071 608 3141 apertis.

454 3161 586 3233 Spes
619 3181 733 3219 mea
762 3164 826 3218 ab
870 3165 1118 3220 uberibus
1150 3166 1336 3220 matris
1371 3179 1520 3222 mere.
1575 3166 1658 3221 Tu
1718 3165 1786 3221 ab
1816 3167 1957 3237 ipso,

382 3256 584 3327 inquit,
612 3257 752 3314 lacte
775 3257 926 3314 fuisti
964 3273 1094 3330 spes
1117 3274 1260 3314 mea.
1296 3260 1373 3313 Ex
1405 3259 1500 3315 illo
1532 3261 1677 3315 enim
1714 3268 1959 3331 tempore

383 3348 614 3417 cognovi
649 3363 774 3419 spes
813 3365 965 3406 meas
1017 3365 1210 3407 omnes
1271 3351 1322 3405 in
1343 3365 1451 3405 uno
1481 3351 1777 3408 collocatas
1813 3369 1956 3408 esse:

381 3438 613 3494 edoctus
639 3440 899 3494 nimirum
938 3456 966 3494 a
997 3440 1284 3497 divinitate
1303 3442 1434 3497 mihi
1467 3444 1782 3513 c0njuncta.
1807 3442 1959 3498 Scri-

387 3533 464 3586 bit
485 3533 630 3586 enim
664 3532 731 3588 de
750 3532 971 3590 Christo
1001 3533 1181 3590 Lucas
1213 3534 1256 3566 "
1303 3535 1447 3605 quod
1487 3550 1626 3604 puer
1655 3535 1959 3599 crescebat,

387 3633 549 3694 atque
576 3624 949 3681 invalescebat
971 3626 1194 3696 spiritu,
1219 3635 1274 3682 et
1323 3626 1637 3695 replebatur
1669 3624 1960 3695 sapientia,

386 3728 438 3772 ct
471 3719 644 3787 gratia
677 3717 769 3772 Dei
805 3726 923 3773 erat
952 3733 1076 3773 cum
1102 3719 1220 3774 illo.

471 3809 638 3867 Vens.
665 3811 752 3875 ll,
783 3812 869 3866 12.
904 3809 972 3864 In
1009 3820 1058 3866 te
1094 3811 1363 3881 projectus
1388 3828 1505 3866 sum
1538 3826 1604 3866 ea:
1630 3817 1802 3866 utero.
1829 3809 1962 3866 Pro-

389 3904 672 3958 curatione
702 3911 815 3966 tua,
846 3903 1047 3972 inquit,
1067 3903 1346 3974 projectus
1369 3918 1490 3959 sum
1514 3917 1577 3959 ex
1600 3913 1776 3970 utero,
1795 3904 1962 3960 veluti

389 3996 479 4066 qui
505 4004 709 4065 patrem
746 3995 799 4049 in
835 4002 978 4050 terra
1013 3995 1221 4050 nullum
1245 3994 1435 4049 habui.

461 4090 504 4142 Α
533 4099 710 4143 ventre
739 4089 929 4142 matris
955 4104 1082 4142 mete
1122 4087 1264 4143 Deus
1295 4105 1441 4142 meus
1499 4103 1554 4143 es
1612 4097 1687 4144 tu.
1745 4089 1962 4155 Statim,

393 4183 592 4252 inquit,
619 4192 668 4236 te
701 4183 868 4237 Deum
905 4182 1156 4250 cognovi,
1190 4181 1418 4239 edoctus
1440 4184 1508 4238 ab
1537 4183 1657 4253 ipsa
1685 4184 1969 4242 divinitate

394 4283 454 4328 ut
480 4273 800 4344 praedictum
852 4284 954 4330 est.
988 4274 1026 4328 Α
1068 4283 1245 4330 ventre
1279 4282 1457 4329 autem
1521 4274 1680 4340 dixit,
1709 4277 1796 4331 vel
1837 4277 1966 4347 quia

393 4369 447 4422 in
476 4383 641 4424 carne
665 4369 904 4434 erat,vel
932 4369 1059 4439 quia
1089 4384 1345 4439 egressus
1379 4365 1443 4421 de
1472 4375 1661 4422 ventre
1708 4366 1846 4440 [haee
1867 4385 1967 4424 au-

2122 772 2395 837 Ὀνειδος
2451 769 2798 838 ἀνθρώπων,
2856 768 2952 822 καὶ
3012 766 3389 836 ἐξουθένημα
3451 766 3635 820 λαοῦ.

2051 863 2224 919 Τοῦτο
2261 863 2630 934 προαγορεύει
2677 863 2885 931 σαφῶς,
2909 861 2943 915 ἃ.
2973 864 3052 923 είς
3103 860 3265 914 αὑτὸν
3300 861 3642 930 πεπαρῳνή-

2052 975 2180 1011 κατι
2222 957 2362 1010 κατὰ
2390 956 2480 1010 τὸν
2505 954 2696 1026 καιρὸν
2736 954 2830 1008 τοῦ
2865 954 3090 1019 πάθους,
3140 941 3504 1020 ἐμπαίζοντες
3541 953 3644 1004 καὶ

2051 1047 2423 1118 χλευάζοντες.
2481 1047 2590 1100 Καὶ
2618 1045 2814 1098 ταύτὸν
2848 1044 2945 1114 μὲν
2978 1043 3044 1096 ἂν
3091 1042 3180 1111 εἴη
3206 1039 3267 1092 τὸ
3309 1039 3510 1102 δνειδος
3544 1040 3645 1090 ἀν-

2053 1141 2322 1212 θρώπων,
2366 1139 2479 1210 (80)
2520 1139 2580 1193 τὸ
2609 1137 2949 1206 ἐξουθένημα
2993 1133 3147 1187 λαοῦ.
3195 1133 3263 1186 "ﬂ
3297 1130 3502 1193 ὄνειδος
3539 1131 3643 1200 μὲν

2052 1233 2380 1305 ἀνθρώπων,
2399 1234 2508 1284 τῶν
2537 1233 2600 1284 ὲκ
2635 1229 2854 1301 Ῥώμης
2887 1225 3238 1301 στρατιωτῶν
3257 1243 3270 1257 ·
3297 1223 3644 1292 ἐξουθένημο.

2052 1329 2109 1381 δὲ
2138 1326 2292 1388 λαοῦ,
2319 1325 2426 1377 τῶν
2462 1323 2751 1378 Ἰουδαίων.

2127 1510 2359 1576 Πάντες
2415 1511 2470 1562 οι
2522 1504 2887 1575 θεωροῦντές
2931 1521 3028 1572 με,
3087 1499 3508 1572 ἐμυκτήρισιὶν
3541 1516 3644 1567 με,

2053 1605 2373 1672 ἐλάλησαν
2397 1603 2466 1656 ἐν
2490 1603 2788 1672 χείλεσιν,
2827 1597 3128 1664 ἐκίνησαν
3161 1594 3458 1664 κεφαλήν,
3497 1595 3648 1646 "H.1-

2057 1714 2242 1751 πισεν
2271 1695 2370 1750 ἐπὶ
2409 1695 2646 1763 Κύριον,
2685 1689 2982 1760 ῥυσάσθω
3002 1689 3209 1752 αὑτὸν,
3252 1685 3508 1740 σωσάτω
3542 1685 3648 1738 αὑ·

2055 1791 2185 1856 τὸν,
2215 1791 2301 1843 ὅτι
2337 1787 2498 1842 σέλει
2530 1785 2740 1840 αὐτόν.
2782 1783 2971 1836 Ταῦτα
3007 1779 3195 1849 σαφῶς
3216 1779 3471 1850 εὑρήσεις
3493 1778 3650 1847 παρὰ

2055 1884 2134 1955 τῷ
2193 1881 2459 1951 Ματοαίῳ
2525 1879 2784 1948 κείμενα⁶
2841 1876 2974 1946 φησὶ
3023 1875 3167 1943 γάρ’
3217 1875 3280 1926 Oi
3331 1871 3400 1923 δὲ
3451 1885 3651 1937 παρα-

2057 1975 2448 2046 πορευόμενοι
2511 1968 2954 2038 ἐϐλασφήμουν
3019 1963 3251 2029 αὐτὸν,
3328 1958 3652 2022 κινοῦντες

2060 2070 2163 2136 τὰς
2187 2063 2454 2137 κεφαλὰς
2479 2059 2702 2123 αὐτῶν.
2729 2059 2828 2113 καὶ
2855 2060 3162 2126 λέγοντες,
3193 2054 3289 2106 καὶ
3313 2050 3384 2104 τὰ
3416 2051 3576 2118 ἑξῆς.

2131 2162 2263 2214 Ὀτι
2295 2158 2376 2212 σὺ
2399 2153 2459 2211 εἴ
2481 2158 2514 2210 ό
2539 2151 2862 2215 ἐκσπάσας
2898 2165 2970 2219 με
2993 2148 3061 2201 ἐκ
3102 2143 3380 2216 γαστρός.
3431 2139 3653 2209 Ἀνδρος

2067 2255 2166 2326 μὲν
2193 2250 2381 2323 ὁμιλία
2435 2245 2644 2303 διαλύει
2677 2243 2748 2298 τὰ
2781 2238 3091 2312 παρθενικὰ
3130 2237 3246 2307 (81)
3277 2234 3507 2303 κλεῖθρα
3549 2231 3653 2326 τῆς

2047 2325 2303 2416 σαρκός·
2354 2339 2784 2411 ἁκοντιζόμενον
2837 2336 2895 2390 δὲ
2945 2334 3008 2389 τὸ
3075 2332 3340 2402 σπέρμα,
3401 2325 3654 2396 φυσικῶς

2063 2439 2272 2508 ἀνοίγει
2297 2436 2394 2509 τὴν
2430 2436 2643 2506 μήτραν
2668 2449 2683 2464 ο
2711 2429 2852 2501 αὕτη
2888 2428 2945 2482 δὲ
2988 2425 3177 2480 λοιπὸν
3217 2422 3462 2494 μύσασα,
3496 2417 3655 2471 συνὲ⁴

2064 2551 2150 2606 χει
2183 2531 2364 2594 τοῦτο,
2423 2527 2617 2600 μέχρις
2675 2525 2743 2579 ἂν
2795 2524 2874 2586 εἰς
2933 2519 3134 2591 βρέφος
3185 2509 3648 2606 τελεσιουργηθῇ·

2065 2600 2158 2680 καὶ
2189 2623 2332 2676 οὕτω
2379 2615 2852 2689 στενοχωρηθεῖσα
2911 2612 3074 2666 πάλιν
3109 2609 3186 2679 τῷ
3224 2605 3396 2675 ὄγκῳ,
3428 2600 3651 2668 ἀνοίγε-

2063 2734 2155 2772 ται
2223 2714 2319 2768 καὶ
2379 2711 2796 2781 παραχωρεῖται
2825 2705 3000 2774 τούτῳ
3055 2697 3454 2755 διολισθαίνειν.
3526 2693 3652 2746 Ἐπὶ

2049 2807 2122 2878 ,δὲ
2180 2805 2274 2859 τοῦ
2332 2801 2586 2873 Σωτῆρος
2607 2841 2622 2863 ,
2654 2797 2843 2868 ὥσπερ
2876 2794 3004 2848 ἄνευ
3040 2790 3255 2862 ὁμιλίας
3291 2790 3324 2858 ἡ
3357 2783 3651 2878 σύλληψις,

2067 2899 2210 2954 οὕτω
2258 2896 2352 2950 καὶ
2389 2897 2422 2964 ἡ
2453 2891 2679 2964 πρόοδος
2732 2887 2828 2940 τοῦ
2882 2885 3120 2955 βρέφους
3182 2878 3491 2950 ὑπερφυὴς,
3549 2873 3653 2942 τῆς

2065 2992 2160 3046 τοῦ
2206 2988 2345 3044 Θεοῦ
2393 2986 2678 3056 δυνάμεως
2715 2979 3023 3049 ὲλκυσάσης
3047 2975 3198 3039 αὐτὸ,
3241 2972 3352 3026 τῶν
3380 2967 3652 3038 κλείθρων

2071 3081 2336 3157 μηδαμῶς
2392 3078 2742 3146 ὰνοιγέντων.

2148 3174 2220 3229 Ἦ
2257 3173 2434 3238 ἐλπίς
2462 3187 2581 3238 μου
2611 3167 2728 3222 ἀπὸ
2779 3163 3030 3235 μαστῶν
3067 3161 3177 3227 τῆς
3216 3156 3445 3227 μητρός
3500 3169 3648 3221 μου.

2081 3269 2143 3322 Ἡ
2173 3265 2329 3330 ἐλπίς
2396 3281 2500 3334 μου
2533 3263 2591 3327 ἐξ
2631 3258 2802 3328 αὐτῆς
2842 3256 3031 3326 οηλῆς.
3075 3253 3209 3305 Ἀπὸ
3253 3250 3375 3302 τότε
3427 3245 3539 3314 γάρ
3591 3260 3650 3295 σε

2068 3357 2387 3428 ἐγνώριζον.
2440 3353 2632 3408 ἐλπίδα
2696 3367 2798 3420 μου
2841 3344 3174 3406 συνετισθεὶς
3225 3341 3328 3394 ὑπὸ
3384 3338 3480 3404 τῆς
3513 3336 3651 3428 ἑνω-

2070 3426 2256 3520 eam
2285 3465 2375 3519 μοι
2402 3445 2675 3516 Θεότητος.
2719 3441 2856 3512 Φησὶ
2887 3439 2943 3490 δὲ
2975 3437 3105 3507 περὶ
3148 3433 3338 3486 τούτου
3387 3426 3650 3520 Λουκᾶς.

2072 3545 2140 3598 Τὸ
2181 3541 2424 3596 παιδίον
2472 3537 2724 3606 ηὔξανε,
2764 3532 2861 3588 καὶ
2903 3526 3287 3600 ἐκραταιοῦτο
3337 3523 3418 3588 τῷ
3468 3519 3652 3573 «ratio

2061 3653 2225 3706 ματι,
2268 3632 2696 3702 πληρούμενον
2741 3631 2985 3697 σοφίας,
3038 3620 3132 3676 καί
3170 3618 3343 3689 χάρις
3385 3613 3533 3669 Θεοῦ
3576 3608 3654 3682 ἦν

2067 3728 2159 3782 ἐπ’
2198 3727 2374 3781 αὑτό.
3591 3715 3603 3725 ’

2153 3821 2278 3874 Ἐπί
2315 3821 2391 3874 σὲ
2416 3817 2746 3888 ἐπερῤίφην
2797 3815 2866 3868 ἐκ
2916 3810 3166 3878 μήτρας.
3217 3807 3298 3876 Τῇ
3347 3804 3412 3873 σῇ
3471 3799 3651 3868 σκέπῃ

2067 3912 2397 3982 ὲπερῤίφην,
2432 3902 2520 3962 οἶα
2557 3907 2632 3978 μὴ
2667 3905 2808 3976 ἔχων
2833 3904 2925 3957 ἐπὶ
2957 3902 3057 3971 γῆς
3094 3896 3329 3968 πατέρα.

2149 4092 2294 4148 Ἀπὸ
2338 4089 2599 4161 γαστρὸς
2619 4086 2842 4159 μητρός
2864 4101 2984 4155 μου
3021 4080 3164 4146 Θεός
3190 4094 3312 4147 μου
3337 4070 3398 4129 εἷ
3414 4073 3519 4126 σύ.
3548 4069 3651 4123 E5-

2067 4186 2162 4249 θὺς
2192 4186 2248 4239 σὲ
2285 4186 2418 4239 Θεὸν
2471 4183 2737 4251 ἐπέγνων,
2781 4175 3138 4240 συνετισθεὶς,
3165 4172 3241 4237 ὡς
3300 4167 3649 4241 προείρηται.

2068 4279 2143 4332 Τὸ
2176 4279 2219 4334 δ’
2249 4279 2369 4333 ἀπὸ
2400 4279 2682 4348 γαστρός,
2713 4275 2746 4345 ἢ
2783 4275 2863 4327 ὅτι
2899 4273 2954 4325 ἐν
2985 4272 3051 4341 τῇ
3083 4266 3284 4338 γαστρὶ
3338 4261 3447 4335 (82)
3481 4258 3581 4326 ὣν,
3617 4256 3649 4326 ἦ

2067 4373 2148 4426 ὅτι
2173 4372 2274 4443 τῆς
2310 4371 2548 4444 γαστρὸς
2571 4367 2823 4435 ἐξελθών.

393 4468 500 4515 tem
534 4474 596 4513 ex
633 4457 846 4514 Christi
903 4473 1140 4530 persona
1188 4459 1328 4513 dicta
1384 4467 1530 4513 sunt.
1587 4457 1718 4529 Ego.
1772 4459 1969 4532 inquit,
2005 4457 2150 4520 Deus
2179 4466 2398 4536 quidem
2420 4479 2564 4528 sum,
2594 4471 2650 4518 et
2706 4460 2851 4514 illius
2886 4467 3148 4520 azternus,
3217 4449 3314 4508 sed
3356 4457 3647 4520 postquam

393 4551 526 4608 mihi
555 4566 777 4607 carnem
805 4551 859 4605 in
882 4560 1039 4606 utero
1067 4551 1295 4622 virginis
1311 4562 1550 4606 creatam
1577 4555 1874 4624 assumpsi,
1898 4571 1964 4609 ex
2006 4563 2208 4622 tunc,o
2243 4567 2416 4628 pater,
2451 4567 2508 4612 tu
2539 4556 2693 4611 .Deus
2719 4567 2874 4608 meus
2894 4567 2974 4606 es.

473 4642 555 4698 Νι
577 4643 884 4698 discesseris
923 4659 953 4696 a
985 4659 1088 4708 me,
1113 4644 1362 4712 quoniam
1394 4644 1676 4706 tribulatio,
1719 4647 1961 4714 proxima

2142 4650 2238 4719 Μὴ
2289 4647 2562 4716 ἀποστῇς
2607 4646 2709 4702 ἀπ’
2742 4644 2910 4715 ἐμοῦ,
2943 4641 3031 4697 ὅτι
3079 4639 3288 4707 θλίψις
3331 4634 3532 4707 ἐγγὺς,
3561 4633 3649 4685 ὅτι

391 4745 491 4801 est,
523 4737 775 4807 quoniam
810 4753 911 4789 non
937 4737 1141 4806 est,qui
1173 4736 1384 4803 adiuvet
1417 4754 1515 4791 me.
1547 4737 1621 4792 De
1657 4738 1757 4793 hoc
1793 4740 1960 4794 etiam

389 4828 616 4886 tradunt
643 4829 1013 4899 evangelista,
1045 4828 1372 4899 quodCaepit
1423 4829 1594 4884 tristis
1638 4846 1702 4884 ac
1757 4834 1962 4886 mantis

390 4938 522 4988 esse,
552 4933 606 4977 et
635 4936 845 4986 rui'sus,
869 4922 1013 4992 quod
1048 4921 1294 4992 discipuli
1317 4941 1491 4979 omnes
1523 4923 1705 4977 relicto
1739 4939 1796 4976 eo
1815 4924 1966 4995 fuge-

390 5023 537 5070 runt.

455 5107 626 5166 Vens.
668 5109 751 5165 15.
804 5111 1279 5166 Circumdederunt
1322 5125 1402 5164 me
1430 5109 1580 5163 vituli
1608 5108 1784 5175 multi,
1824 5112 1966 5165 tauri

393 5202 612 5272 pingues
652 5201 968 5258 obsederunt
1005 5219 1102 5258 me.
1159 5203 1262 5258 Per
1322 5201 1521 5256 vitulos
1575 5201 1838 5270 plebeiam
1875 5203 1974 5259 Ju-

395 5292 639 5349 dzorum
673 5295 1080 5352 multitudinem
1113 5294 1393 5366 intelligit,
1426 5292 1590 5345 veluti
1628 5291 1970 5361 juventumm

394 5386 542 5440 omni
573 5402 798 5456 prorsus
864 5390 1051 5461 regula
1079 5397 1399 5445 carentem:
1432 5399 1530 5456 per
1583 5399 1770 5444 tauros
1822 5403 1973 5452 vero,

399 5481 716 5550 pontiﬁces,
766 5485 980 5540 scribas
1043 5493 1099 5540 et
1157 5483 1404 5539 seniores
1472 5482 1684 5554 p0puli,
1749 5493 1976 5553 prapter

467 5603 512 5635 ⁷⁸
548 5601 739 5657 Matth.
782 5619 952 5668 xxvii,
992 5605 1080 5660 59.
1168 5605 1214 5638 "
1253 5601 1386 5658 Luc.
1423 5618 1483 5670 ιι,
1516 5601 1605 5657 40.

2074 4744 2184 4796 οὐκ
2209 4742 2382 4795 ἐστιν
2412 4745 2444 4795 ό
2467 4739 2712 4806 βοηθῶν
2753 4753 2874 4806 μοι.
2930 4734 3040 4788 Καὶ
3093 4733 3219 4802 περὶ
3250 4729 3442 4783 τούτου
3486 4726 3648 4795 φασὶν

2073 4834 2123 4886 οἱ
2151 4833 2558 4901 εὐαγγελισταὶ,
2581 4831 2684 4894 ὅτι,
2703 4826 2954 4896 Ἠρξατο
2970 4822 3293 4879 λυπεῖσθαι
3319 4818 3649 4888 aediﬁciorum-

2073 4923 2222 4977 νεῖν.
2255 4924 2366 4978 Καὶ
2390 4921 2551 4976 πάλιν
2572 4935 2585 4950 ·
2632 4919 2770 4972 Τότε
2797 4918 2850 4970 οἱ
2872 4915 3131 4986 μαθηταὶ
3153 4913 3373 4979 πάντες
3395 4910 3648 4980 ἀφέντες

2072 5016 2281 5078 αὑτὸν,
2307 5016 2552 5085 ἔφυγον.

2145 5105 2646 5176 Περιεκύκλωσάν
2673 5119 2751 5173 με
2777 5102 2999 5172 μόσχοι
3025 5097 3267 5166 πολλοὶ,
3288 5095 3491 5165 taivpot
3519 5098 3648 5149 πίο-

2072 5219 2177 5268 νες
2207 5199 2538 5268 περιέσχον
2564 5214 2662 5267 με.
2695 5196 2950 5265 Μόσχους
2969 5192 3124 5246 καλεῖ
3151 5191 3211 5244 τὸ
3237 5190 3481 5260 δημῶδες
3515 5188 3647 5256 πλῆ-

2074 5295 2164 5358 θος
2197 5295 2306 5346 τῶν
2362 5291 2654 5354 Ἰουδαίων,
2688 5289 2776 5342 διὰ
2825 5286 2884 5340 τὸ
2943 5284 3207 5355 νεώτερον
3249 5285 3343 5337 καὶ⁹
3372 5283 3605 5337 ἄτακτον
3629 5297 3644 5311 ο

2073 5388 2308 5457 ταύρους
2336 5387 2413 5447 δὲ,
2440 5383 2564 5448 τοὺς
2595 5383 2872 5455 ἀρχιερεῖς
2903 5380 3000 5433 καὶ
3030 5379 3376 5448 γραμματεῖς
3394 5376 3488 5429 καὶ
3513 5391 3644 5445 πρε-

2079 5479 2372 5548 σῦντέρους
2395 5477 2489 5531 τοῦ
2512 5475 2666 5539 λαοῦ,
2699 5474 2790 5528 διὰ
2808 5471 2869 5527 τὸ
2903 5470 3244 5544 προϐεϐηκὸς
3279 5468 3374 5522 καὶ
3395 5467 3642 5536 ἔξαρχον,

1709 5692 1905 5756 Varia:
1937 5690 2268 5754 lectiones.

476 5801 584 5862 (80)
617 5802 704 5858 Ῑσ.
732 5802 830 5870 τῷ.

476 5872 585 5944 (Si)
623 5873 706 5929 ῐσ.
746 5875 1000 5944 γαστρός.

2135 5791 2247 5856 (82)
2277 5789 2463 5845 (li-recc
2489 5790 2709 5858 γαστρὶ,
2745 5796 2939 5860 ventre,
2962 5802 3057 5858 pro
3087 5803 3194 5860 quo
3212 5788 3437 5844 Latinus
3461 5785 3635 5841 Inter-

2078 5878 2201 5933 prcs
2232 5862 2427 5932 legisse
2465 5863 2675 5915 videtur
2704 5858 2888 5931 σαρκί.

3513 382 3632 447 ΞΒΟ
3722 401 3729 406 ‘
