3916 6536
231 391 346 457 28⁸3

1395 397 1789 461 COMMENT.
1831 397 1913 458 ΙΝ
1953 397 2314 460 PSALMOS.

3384 398 3492 463 290

312 506 423 560 Kal
459 505 1005 574 προσκυνήσουσιν
1031 505 1287 560 ἐνώπιον
1314 508 1503 562 αὑτοῦ
1546 507 1736 565 πᾶσαι
1764 509 1815 561 al

1988 507 2059 558 Et
2094 507 2395 562 adorabunt
2429 505 2484 561 in
2512 515 2789 575 conspectu
2819 506 2935 575 ejus
2961 507 3218 565 uniuersa:
3271 511 3493 579 [auiilire

236 598 485 664 πατριαὶ
511 596 631 651 τῶν
653 596 863 653 ἐθνῶν.
889 599 1000 652 Καὶ
1024 597 1129 669 μὴν
1150 598 1275 651 οὔτε
1313 601 1489 654 πάντα
1506 601 1571 653 τὰ
1603 601 1815 671 πέρατα

232 690 337 756 τῆς
360 692 464 758 γῆς
500 688 1006 756 ἑπίστευσαν,οὗτε
1061 691 1118 743 αἱ
1181 694 1415 763 πατριαὶ
1468 691 1576 745 τῶν
1622 689 1813 747 ἐθνῶν.

246 780 397 834 Ἀλλ’
434 783 556 836 ἐπεὶ
585 782 681 837 καὶ
705 785 785 846 εις
815 785 996 837 πάντα
1033 785 1104 838 τὰ
1130 784 1345 854 πέρατα
1382 785 1482 855 τῆς
1537 785 1662 857 γῆς,
1722 784 1817 840 καὶ

233 872 319 934 ei;
347 873 526 927 πάντα
555 874 626 927 τὰ
653 873 785 944 ἔθνη
815 874 877 927 τὸ
904 875 1236 944 Εὐαγγέλιον
1262 875 1525 946 ἔφθασεν,
1580 876 1693 931 ἀπὸ
1718 875 1816 932 τοῦ

231 963 362 1017 ὅλου
395 964 456 1016 τὸ
493 964 658 1035 μέρος
702 964 1041 1036 δεδήλωκεν,
1096 967 1171 1032 ὡς
1225 969 1283 1020 ὲν
1341 967 1523 1031 ἄλλοις
1586 970 1816 1024 τούναν-

230 1055 373 1119 τίον,
409 1055 519 1109 ἀπὸ
554 1056 753 1127 μέρους
780 1071 841 1109 το
863 1056 1002 1111 ὅλον.
1038 1057 1246 1122 ’Λλλως
1268 1075 1326 1111 τε
1347 1056 1402 1112 δὲ
1438 1058 1695 1130 πατριὰ·,
1719 1058 1817 1125 τὰς

234 1148 565 1215 συγγενείας
602 1149 760 1202 καλεῖ
787 1160 799 1174 ·
831 1149 993 1220 δῆλον
1027 1149 1084 1203 δὲ
1113 1150 1195 1203 ὅτι
1230 1151 1432 1214 παντὸς
1460 1151 1659 1216 ’ἔθνους
1683 1168 1816 1220 συγ-

232 1243 416 1309 γενεῖς
448 1240 780 1296 ἐπίστευσαν
810 1244 891 1305 εἰς
914 1242 1172 1315 Χριστὸν,
1203 1245 1297 1299 καὶ
1335 1245 1404 1299 δι’
1442 1242 1609 1300 αὑτοῦ
1643 1262 1817 1317 προσ-

235 1333 514 1403 εκύνησαν
539 1334 629 1388 τὸν
663 1334 901 1408 Πατέρα.

310 1517 439 1570 Ὅτι
472 1514 578 1570 τοῦ
611 1518 832 1585 Κυρίου
859 1518 897 1586 ἡ
918 1497 1229 1583 βασιλεία,
1264 1518 1359 1574 καὶ
1384 1519 1568 1585 αὐτὸς
1593 1518 1816 1575 δεσπόν

234 1604 315 1666 ζει
387 1605 510 1659 τῶν
554 1607 768 1662 ἐθνῶν.
828 1604 1001 1673 Οὗτός
1046 1610 1164 1663 ἐστι
1217 1610 1312 1665 καὶ
1348 1610 1818 1681 βασι).εὺς,αὑτῶν

1922 600 2180 666 gentium.
2224 600 2391 669 Atqui
2420 612 2520 655 nec
2552 599 2794 655 universi
2846 598 2981 655 lines
3026 607 3186 655 terrae
3231 601 3489 656 credide-

1920 698 2071 750 runt,
2106 704 2281 758 neque
2313 704 2507 745 omnes
2540 690 2785 760 gentium
2826 687 3087 757 familhe;
3144 704 3329 745 verum
3362 690 3492 761 quia

1918 778 1973 834 in
2009 794 2226 835 onmem
2261 790 2465 835 terram
2503 780 2856 851 Evangelium
2891 790 2944 834 ct
2979 779 3048 834 ad
3082 794 3275 836 omnes
3298 790 3492 852 gentes

1917 876 2241 946 penetravit,
2279 891 2308 928 a
2344 884 2457 930 toto
2510 887 2718 946 partem
2770 874 3049 945 signiﬁcat
3089 894 3103 930 :
3137 878 3492 944 quemadmo-

1920 967 2048 1022 dum
2102 967 2229 1035 alibi
2283 976 2498 1033 contra,
2548 975 2721 1022 totum
2768 982 2799 1022 a
2826 976 3012 1037 parte.
3053 967 3119 1021 Et
3152 966 3311 1022 aliter
3342 984 3357 1023 :
3389 964 3494 1020 Per

1920 1057 2153 1113 familias
2181 1056 2345 1130 [quas
2365 1059 2523 1130 juxta
2553 1058 2727 1115 Graeci
2751 1059 2992 1116 nominis
3021 1058 3153 1124 vim,
3180 1061 3491 1130 parentclas

1921 1150 2110 1221 potius
2167 1151 2353 1206 dicere
2404 1150 2751 1225 possumus],
2800 1152 3159 1222 cngnaliones
3219 1152 3489 1224 intelligit.

1916 1239 2265 1313 Manifestum
2290 1256 2419 1297 vero
2440 1245 2584 1298 enim
2616 1245 2759 1313 quod
2794 1245 2862 1299 de
2884 1246 3141 1300 omnibus
3172 1246 3492 1304 nationibus

1824 1374 1827 1379 λ
1918 1332 2134 1401 plurimi
2158 1334 2252 1404 qui
2285 1336 2426 1390 inter
2454 1350 2513 1392 se
2539 1337 2757 1404 cognati
2787 1346 2967 1402 erant,
2991 1338 3212 1395 Christo
3240 1340 3495 1395 credide-

1840 1456 1853 1463 σ
1918 1435 2070 1489 runt,
2102 1434 2156 1481 et
2186 1442 2282 1496 per
2308 1426 2510 1495 ipsum,
2542 1427 2757 1483 Patrem
2784 1429 3171 1485 adorarcruut.

1992 1514 2161 1573 Vsus.
2194 1517 2283 1572 29.
2316 1517 2581 1585 Quoniam
2618 1516 2828 1572 Domini
2881 1528 2958 1573 est
3013 1535 3228 1591 regnum
3281 1530 3331 1575 et
3382 1523 3493 1590 ipse

1915 1609 2279 1664 dominabitur
2298 1611 2550 1681 gentium.
2585 1610 2706 1680 Ipso
2738 1611 2884 1665 enim
2930 1626 3119 1665 eorum
3155 1612 3272 1667 Rex
3301 1623 3387 1668 est
3435 1608 3493 1668 et

240 1698 339 1749 καὶ
397 1699 693 1769 Δεσπότης,
751 1699 892 1753 κατὰ
954 1699 1015 1754 τό
1047 1716 1061 1729 ⁸
1130 1699 1238 1755 Kal
1302 1699 1474 1753 δώσω
1528 1716 1628 1754 σοι
1673 1699 1815 1767 ἔθνη

1933 1703 2185 1758 Dominus
2201 1702 2358 1773 juxta
2385 1703 2518 1758 illud
2554 1720 2567 1757 :
2605 1703 2830 1758 Postulo
2852 1719 2883 1756 a
2905 1719 2985 1756 me
3006 1713 3054 1758 et
3085 1702 3222 1756 dabo
3248 1704 3344 1758 tibi
3366 1720 3494 1774 gen-

232 1787 353 1855 τὴν
391 1791 800 1859 κληρονομίαν
827 1809 968 1852 σου.
991 1791 1089 1846 καὶ
1136 1792 1251 1861 τὴν
1280 1793 1660 1861 κατάσχεσιν
1698 1808 1815 1846 σου

1933 1805 1995 1849 εει
2035 1794 2402 1850 [nereditatem
2435 1804 2601 1858 tuam,
2635 1804 2684 1850 et
2703 1798 3090 1865 possessionem
3121 1806 3269 1851 tuam
3310 1800 3493 1853 termi-

235 1882 309 1934 τὰ
331 1883 563 1950 πέρατα
594 1883 705 1952 τῆς
741 1883 851 1954 γῆς
883 1902 896 1915 ·
925 1886 1020 1938 καὶ
1049 1886 1138 1940 διὰ
1190 1859 1349 1938 τοῦτο
1400 1859 1814 1956 προσκυνήσου-

1933 1891 2092 1943 uiuos
2126 1898 2284 1944 terra:
2310 1890 2376 1944 “.
2405 1888 2471 1963 Et
2505 1889 2629 1946 ideo
2662 1890 2972 1945 adorabunt
3002 1904 3126 1945 cum
3157 1906 3189 1946 ι
3224 1890 3493 1948 daemonis

237 1994 323 2028 σιν
381 1976 565 2043 αὐτὸν,
614 1979 715 2048 τῆς
767 1977 1085 2050 διαὸολικῆς
1138 1978 1460 2053 τυραννίδος
1510 1977 1813 2051 ἐλευθερω-

234 2067 452 2133 θέντες.

309 2160 577 2229 Ἐφαγον
605 2160 703 2215 καὶ
734 2164 1207 2231 προσεκύνησαν
1244 2162 1469 2231 πάντες
1518 2167 1571 2220 οἱ
1607 2165 1815 2230 πίονες

233 2253 347 2322 τῆς
375 2252 717 2323 γῆς-,Πίονας
739 2255 890 2325 λέγει
910 2257 1035 2320 τοὺς
1059 2256 1373 2323 πλουσίους,
1419 2258 1545 2321 τοὺς
1581 2258 1814 2328 πλουτή-

236 2362 444 2407 σαντας
464 2346 565 2416 τὴν
599 2346 906 2410 εὐσέϐειαν,
932 2346 1001 2402 οἳ.
1041 2347 1307 2420 πρότερον
1358 2350 1591 2420 πένητες
1644 2343 1811 2420 ἦσαν,

235 2435 315 2501 ὡς
347 2439 780 2510 προειρήκαμεν.

312 2527 610 2583 ἐνὼπιον
676 2529 864 2586 αὐτοῦ
931 2534 1422 2600 προσπεσοῦνται
1484 2533 1705 2600 πάντες
1758 2535 1814 2588 οι

239 2623 710 2691 καταϐαίνοντες
765 2627 852 2691 εις
909 2625 1045 2695 γῆν.
1108 2628 1591 2699 Προσκυνήσουσιν
1667 2624 1815 2697 αὺτῷ

244 2714 447 2778 πάντες
483 2716 531 2768 οἱ
549 2716 1009 2787 ἀποθνήσκοντες,
1050 2718 1143 2771 καὶ
1170 2720 1248 2782 εἰς
1281 2719 1384 2789 γῆν
1434 2719 1813 2789 ἁναλυόμενοι.

237 2808 397 2861 Μετὰ
424 2806 534 2878 γὰρ
588 2806 686 2875 τὴν
740 2808 927 2880 κοινὴν
977 2807 1296 2876 ἀνάστασιν,
1339 2810 1491 2880 αὐτῷ
1521 2813 1629 2864 πᾶν
1684 2810 1812 2879 γόνυ

240 2899 473 2969 κάμψει,
512 2902 654 2957 κατὰ
675 2900 767 2963 τὸν
787 2898 1140 2957 ’Λπόστολονο
1176 2906 1272 2957 καὶ
1311 2905 1362 2961 οἱ
1426 2901 1550 2974 μὲν,
1597 2903 1815 2968 ἑκόντες

237 2993 336 3045 καὶ
362 2992 513 3064 πόθῳ
538 3011 551 3024 ’
588 2995 636 3046 οἱ
664 2994 741 3055 δὲ.
776 2993 999 3060 ἄκοντες
1034 2997 1127 3050 καὶ
1158 2995 1332 3065 φόϐῳ.

308 3085 415 3139 Kal
441 3084 479 3151 ἠ
508 3085 676 3154 ψυχή
697 3103 818 3155 μου
844 3086 1004 3152 αὐτῷ
1025 3085 1112 3157 ζῇ.
1150 3087 1322 3150 Αὐτός
1352 3087 1499 3140 ἐστιν
1536 3088 1566 3141 δ
1608 3087 1814 3159 ταύτην

1919 1979 2208 2050 tyrannide
2235 1980 2473 2036 liberati.

1989 2154 2158 2211 Vens.
2193 2157 2282 2211 50.
2317 2156 2777 2212 Manducareruut
2815 2168 2864 2211 et
2909 2158 3264 2214 adoraveruut
3310 2177 3491 2216 omnes

1913 2249 2132 2320 pingues
2156 2257 2334 2303 terrm.
2368 2247 2470 2302 Pcr
2510 2249 2737 2320 pingues
2777 2257 2940 2304 terra:
2968 2250 3165 2307 divites
3194 2252 3446 2324 intelligit
3473 2271 3488 2307 :

1916 2338 2134 2403 divites,
2162 2341 2409 2411 inquam,
2437 2339 2635 2409 pietate
2662 2350 2714 2395 et
2742 2340 3022 2410 religione,
3052 2343 3144 2413 qui
3175 2354 3333 2397 antea
3362 2359 3493 2413 pau-

1919 2446 2077 2501 peres
2108 2429 2352 2493 fuerant,
2389 2438 2441 2483 ut
2469 2429 2844 2499 praediximus.
3125 2482 3131 2488 ,

1991 2521 2056 2577 1η
2088 2535 2373 2592 conspectu
2405 2519 2517 2590 ejus
2542 2523 2730 2577 cadent
2757 2539 2935 2579 omnes
2965 2524 3061 2595 qui
3083 2524 3405 2580 descendunt
3433 2527 3488 2580 in

1917 2624 2136 2670 terram.
2180 2615 2502 2673 Adorabunt
2562 2631 2686 2670 eum
2749 2617 3008 2673 mortales
3051 2632 3243 2672 omnes
3300 2620 3389 2689 qui
3433 2621 3486 2675 in

1918 2718 2119 2765 terram
2153 2711 2546 2765 revolvuntur:
2573 2709 2701 2779 quia
2732 2718 2853 2778 post
2873 2724 3217 2767 communem
3243 2713 3488 2768 omnium

1919 2802 2381 2857 resurrectionem
2413 2843 2427 2869 ,
2484 2818 2647 2858 omne
2692 2816 2833 2872 genu
2879 2803 2926 2858 ei
2981 2801 3230 2859 ﬂectetur
3288 2820 3492 2861 secun-

1916 2896 2045 2950 dum
2106 2894 2427 2963 Apostolnm
2461 2895 2504 2927 ⁹¹
2536 2912 2552 2963 ;
2608 2894 2700 2949 alii
2738 2894 3000 2950 nimirum
3060 2903 3258 2966 sponte
3289 2912 3387 2951 sua
3429 2912 3493 2952 ac

1918 2987 2107 3042 libenti
2138 2988 2345 3051 animo,
2392 2988 2483 3044 alii
2532 3003 2661 3044 vero
2694 2988 2852 3043 inviti
2886 2997 2940 3043 et
2971 3004 3094 3044 cum
3129 2989 3344 3047 timore.

1990 3080 2153 3137 Vens.
2188 3081 2279 3136 5i.
2328 3080 2394 3137 Et
2432 3081 2612 3135 anima
2647 3098 2761 3135 mea
2788 3082 2870 3136 illi
2898 3083 3042 3136 vivit.
3079 3079 3198 3152 Ipse
3229 3083 3378 3139 enim
3404 3088 3492 3140 est

236 3178 418 3242 ζωῶν,
444 3179 536 3230 καὶ
568 3178 645 3248 μὴ
674 3178 778 3230 ὲῶν
821 3178 1188 3248 ἀποθνήσκειν
1220 3177 1324 3232 ὑπὸ
1354 3178 1453 3248 τῆς
1478 3178 1770 3248 ’ἁμαρτίας
1796 3194 1810 3207 ·

1933 3171 2011 3240 ιιιί
2047 3187 2167 3227 eam
2196 3173 2455 3237 viviﬁcat,
2478 3160 2683 3243 quique
2709 3187 2738 3225 a
2770 3181 2994 3242 peccato
3016 3175 3189 3230 occidi
3220 3191 3341 3247 eam
3380 3190 3489 3230 non

235 3268 400 3322 τοῦτο
436 3268 493 3322 δὲ
527 3269 626 3322 καὶ
655 3270 750 3322 ἐπὶ
784 3269 879 3322 τοῦ
913 3270 1125 3340 Πατρὸς
1150 3272 1370 3337 νοεῖται,
1421 3270 1517 3325 καὶ
1568 3270 1663 3323 ἐπὶ
1714 3268 1809 3323 τοῦ

1933 3263 2090 3329 sinit;
2134 3264 2236 3318 hoc
2264 3272 2444 3319 autem
2475 3273 2529 3318 et
2569 3263 2638 3319 de
2666 3263 2822 3319 Patre
2854 3264 3082 3335 intelligi
3118 3275 3299 3335 potest
3333 3273 3386 3320 et
3422 3266 3491 3321 de

239 3360 393 3415 Υἰοῦ.
439 3363 549 3416 Καὶ
576 3361 752 3425 ἄλλως
775 3360 853 3426 δὲ,
893 3363 969 3434 Ζῇ
1020 3362 1097 3432 τῷ
1142 3362 1282 3434 Θεῷ,
1335 3363 1521 3434 φησὶν,
1570 3365 1604 3433 ἡ
1662 3362 1809 3433 ψυχή

1933 3353 2079 3409 Filio.
2117 3352 2208 3409 Vel
2242 3349 2636 3418 aliter:Vivit,
2700 3354 2900 3427 inquit,
2955 3354 3139 3408 anima
3189 3369 3307 3409 mea
3353 3352 3489 3419 Deo,

237 3470 367 3522 μου,
409 3452 486 3516 ὡς
518 3453 738 3521 ἐνεργὸς
756 3451 891 3507 οὖσα
914 3454 1049 3525 πρὸς
1074 3454 1255 3520 αὐτὸν,
1286 3453 1477 3528 ὥσπερ
1496 3457 1591 3508 rei.
1620 3457 1684 3508 ὲκ
1716 3452 1811 3508 τοῦ

1933 3446 2085 3502 veluti
2118 3461 2240 3518 qum
2263 3447 2511 3500 actiones
2567 3460 2699 3500 suas
2729 3460 2921 3501 omnes
2975 3445 3045 3499 ad
3096 3460 3221 3499 eum
3279 3445 3490 3516 dirigit,

238 3544 510 3608 ἐναντίου,
540 3543 769 3613 τέθνηκε
803 3544 880 3613 τῷ
908 3545 1144 3616 δαίμονι,
1168 3544 1244 3610 ὡς
1291 3544 1624 3617 ἀκινητοῦσα
1678 3546 1813 3617 πρὸς

1933 3535 2376 3608 [ueniadmodum
2438 3544 2632 3592 contra
2674 3551 2689 3587 :
2727 3535 2962 3591 dmmoni
3003 3536 3207 3592 dicitur
3246 3545 3487 3599 mortua,

235 3635 337 3697 τὰς
374 3633 655 3705 ὑποθήκας
690 3635 881 3688 αὑτοῦ.

315 3808 387 3863 Τὸ
438 3807 678 3877 σπέρμα
734 3870 743 3875 _
758 3826 876 3879 μου
945 3808 1268 3865 δουλεύσει
1334 3810 1514 3877 αὐτῷ.
1581 3810 1813 3880 Σπέρμα

232 3902 503 3973 Χριστοῦ,
537 3905 656 3973 ήτοι
700 3904 889 3966 τέκνα,
923 3902 1125 3967 πάντες
1152 3906 1203 3959 οἱ
1234 3904 1323 3958 διὰ
1351 3906 1446 3959 τοῦ
1478 3905 1812 3976 Εὑαγγελίου

234 3994 598 4065 γεννηθέντες
624 3994 796 4065 αὐτῷ,
826 3993 918 4060 οὓς
942 3994 1037 4048 καὶ
1064 3996 1305 4063 ὑπέταξε
1339 3996 1418 4068 τῷ
1449 3997 1648 4070 Πατρί.

322 4257 829 4328 Ἀναγγελήσεται
856 4258 937 4326 τῷ
959 4260 1158 4328 Κυρίῳ
1184 4262 1361 4332 γενεὰ
1404 4262 1443 4333 ἡ
1495 4260 1812 4335 ἐρχομένη.

235 4350 686 4420 Γνωρισθήσεται
713 4351 793 4421 τῷ
818 4350 938 4421 Θεῴ
972 4352 1005 4423 ή
1043 4352 1105 4418 ἐξ
1133 4354 1305 4407 ἐθνῶν
1335 4353 1499 4423 γενεὰ
1551 4356 1660 4409 τῶν
1724 4374 1816 4410 πι-

235 4441 405 4500 στῶν.
440 4442 473 4510 ή
500 4440 830 4513 ὲὶευσομένη
862 4442 922 4496 ὲν
950 4444 1070 4507 ταῖς
1099 4443 1337 4516 ἡμέραις
1392 4446 1493 4517 τῆς
1543 4446 1815 4519 ὲνανθρω-

236 4536 316 4601 πή
328 4550 461 4595 seu);
492 4533 587 4585 τοῦ
616 4532 769 4586 Υῐοῦ.

312 4623 423 4677 Kal
450 4625 857 4694 ἀναγγελοῦσι
890 4627 1005 4694 τὴν
1023 4627 1426 4700 δικαιοσύνην
1457 4633 1644 4690 αὐτοῦ
1686 4635 1815 4705 ,λαῷ

236 4715 322 4779 τῷ
345 4718 787 4786 τεχθησομένῳ.
819 4720 880 4772 0i
910 4720 999 4773 διὰ
1025 4721 1263 4785 πίστεως
1296 4724 1612 4794 τεχθέντες,
1644 4728 1815 4795 ἀναγ-

236 4806 461 4875 τελοῦσι
488 4810 603 4871 τοῖς
642 4810 1080 4881 τεχθησομένοις,
1132 4813 1228 4866 καὶ
1283 4812 1346 4866 τὸ
1399 4814 1638 4888 καθεξῆς
1706 4818 1815 4874 ἀεί.

236 4900 652 4966 Δικαιοσύνην
690 4903 768 4963 δὲ,
803 4902 885 4955 ὅτι
918 4902 1136 4957 καθεῖλε
1196 4905 1289 4960 τὸν
1343 4905 1635 4963 ἀδικοῦντα
1691 4912 1819 4974 τοὺς

238 4989 567 5063 ἀνθρώπους
609 4990 888 5064 πολέμιον.

319 5179 430 5231 ⁸ον
449 5177 743 5243 ἐποίησεν
765 5182 797 5234 ό
828 5180 1062 5250 Κύριος.
1084 5214 1152 5226 -
1195 5186 1303 5237 ’ον
1332 5183 1639 5253 ἐποίησεν,
1699 5186 1819 5258 ήτοι

246 5267 619 5336 συνεστήσατο
640 5267 765 5321 λαὸν
794 5269 997 5342 ἑαυτῷ,
1022 5273 1288 5343 πρότερον
1326 5273 1456 5327 λαὸν
1497 5274 1649 5341 ὄντα,
1700 5274 1818 5330 ἀλλ’

236 5358 572 5426 ἀπωσμένον
601 5374 615 5387 ·
653 5357 685 5427 ἦ
715 5358 775 5413 δν
808 5359 1233 5433 ἐδημιούργησε.
1264 5364 1339 5418 Τὸ
1372 5365 1450 5430 δὲ,
1484 5365 1819 5437 ἀναγγελτῇ-

237 5465 417 5504 σεται
480 5447 560 5515 τῷ
620 5452 835 5520 Κυρίῳ,
894 5454 1037 5519 τινὲς
1087 5455 1260 5521 ἄλλως
1319 5458 1694 5530 ήρμήνευσαν,
1735 5459 1816 5514 ὅτι

315 5637 364 5669 ὀ
405 5632 550 5691 Psal.
588 5651 648 5703 ιι,
687 5567 762 5691 8.)
814 5633 860 5667 "
901 5634 1135 5706 Philipp.
1190 5651 1249 5703 ιι,
1288 5636 1374 5692 l0.

1914 3628 2134 3699 quando
2153 3627 2219 3683 ad
2237 3643 2435 3699 pravas
2466 3627 2611 3682 illius
2643 3628 3025 3700 suggestiones
3048 3626 3344 3683 immobilis
3367 3643 3491 3697 pcr-

1916 3726 2127 3773 Inanet.

1984 3807 2054 3862 Et
2074 3825 2248 3865 semen
2268 3825 2441 3863 meum
2461 3809 2651 3864 serviet
2674 3808 2800 3879 ipsi.
2840 3806 3047 3864 Semen
3089 3809 3244 3881 (8i),
3291 3808 3488 3880 inquit,

1918 3916 2094 3956 meum
2126 3902 2405 3966 Christus,
2426 3899 2573 3957 Patri
2598 3916 2721 3956 meo
2742 3900 2971 3956 serviet.
2997 3899 3104 3955 Per
3134 3916 3343 3965 semen,
3369 3916 3492 3956 om-

1916 4009 2015 4049 nes
2052 3993 2193 4050 lllios
2218 3993 2513 4064 intelligas,
2541 3993 2633 4063 qui
2672 3993 2723 4049 ei
2749 4008 2848 4064 per
2866 3992 3221 4063 Evangelium
3245 3992 3492 4065 generati

1920 4094 2071 4150 sunt,
2104 4094 2159 4141 et
2181 4101 2321 4158 quos
2364 4086 2481 4159 ipse
2512 4084 2598 4159 [ut
2630 4084 2810 4157 inquit
2856 4082 3178 4158 Apostolus]
3215 4085 3360 4140 Patri
3389 4101 3495 4142 suo

1918 4177 2176 4247 subjecit.

1997 4270 2166 4325 Vsus.
2200 4269 2291 4325 52.
2326 4268 2747 4324 Annuntiabitur
2788 4265 3017 4322 Domino
3063 4267 3332 4338 generatio
3374 4285 3495 4322 ven-

1918 4377 2061 4422 tura.
2092 4364 2466 4433 Cognoscetur
2493 4376 2523 4415 a
2556 4358 2691 4423 Deo,
2718 4358 2916 4427 inquit,
2940 4359 3218 4427 generatio
3249 4359 3488 4413 ﬁdelium

1918 4475 1982 4515 ex
2019 4455 2297 4529 gentibus,
2359 4467 2482 4522 quae
2514 4459 2745 4506 ventura
2774 4457 2858 4504 est
2896 4450 2952 4503 in
2981 4448 3174 4503 diebus
3231 4448 3495 4503 lncarna-

1838 4539 1892 4599 Ῑ)
1921 4549 2084 4605 tionis
2111 4545 2232 4600 Filii
2264 4544 2407 4614 ejus.

1922 4688 1929 4695 .
1991 4638 2059 4693 Ει
2082 4635 2475 4692 annuntiabunt
2498 4633 2775 4705 justitiam
2807 4631 2923 4702 ejus
2955 4632 3150 4702 popqu
3176 4635 3267 4703 qui
3304 4651 3491 4687 nasce-

1920 4740 2028 4786 tur.
2054 4729 2094 4785 Ii
2128 4730 2219 4800 qui
2253 4742 2349 4799 per
2382 4725 2539 4780 [idem
2596 4726 2844 4795 generati
2877 4734 3032 4789 sunt,
3089 4726 3495 4779 annuntiubunt

1918 4836 2042 4878 eam
2078 4817 2341 4891 posteris,
2366 4824 2419 4872 et
2452 4815 2505 4870 bi
2535 4815 2851 4883 successive
2885 4813 3031 4868 aliis.
3058 4811 3332 4868 Justitiam
3360 4830 3491 4867 vero

1918 4914 2043 4968 illeo
2071 4908 2328 4983 appellat,
2362 4907 2503 4980 quia
2532 4906 2763 4961 humani
2792 4905 3010 4976 generis
3064 4904 3342 4959 inimicum
3395 4908 3494 4959 (ιο-

1922 5000 2146 5065 struxit,
2183 4998 2276 5071 qui
2327 4998 2524 5069 injuria
2568 4996 2699 5051 illud
2739 5009 2956 5065 semper
3004 5007 3067 5048 ac
3114 4993 3316 5049 damno
3365 4993 3494 5048 alle-

1922 5101 2092 5151 cerat.

1996 5184 2161 5252 Quem
2183 5182 2305 5255 fecit
2343 5181 2620 5236 Dominus.
2678 5178 2793 5234 Hoc
2828 5189 2933 5246 eet,
2967 5191 3130 5248 quem
3167 5175 3270 5230 sibi
3317 5188 3492 5243 popu-

1926 5279 2039 5335 lum
2065 5276 2353 5333 constituit
2383 5289 2509 5331 cum
2544 5280 2703 5327 antea
2738 5271 2829 5327 Dei
2861 5272 3094 5341 populus
3122 5281 3230 5321 non
3276 5266 3494 5320 dicere-

1926 5382 2016 5425 tur
2048 5386 2061 5422 :
2097 5367 2345 5438 quiuimo
2370 5364 2629 5434 repulsus
2663 5369 2782 5417 erat
2813 5368 2866 5415 et
2905 5371 3125 5414 exosus.
3160 5353 3258 5411 Vel
3289 5354 3448 5410 aliter
3476 5371 3494 5410 :

1927 5460 2092 5529 Quem
2114 5459 2257 5529 lecit,
2294 5457 2397 5513 hoc
2423 5462 2526 5524 est,
2568 5466 2730 5527 quem
2754 5450 2983 5508 creavit.
3019 5447 3083 5505 Et
3108 5448 3257 5521 quod
3286 5448 3494 5504 dictum

1599 5732 1802 5793 Variae
1835 5731 2165 5794 lectiones.

317 5836 435 5911 (34)
486 5837 797 5893 Graecorum
859 5835 1146 5893 verborum
1199 5849 1397 5892 sensus
1442 5843 1569 5892 est:
1616 5832 1798 5890 Semen
1825 5831 2043 5897 Clu-isti,
2070 5847 2160 5886 seu
2190 5830 2476 5900 lt'ilii,sunt
2499 5845 2679 5886 omnes
2711 5829 2801 5901 qui
2820 5843 2913 5900 per
2929 5827 3291 5902 Erangelium,
3311 5834 3420 5885 etc.
