3916 6568
200 457 289 518 2:)3
1347 448 1713 508 COMMENT
1749 448 1827 508 IN
1863 447 1994 508 PSA
2007 447 2228 508 LMOS.
3306 441 3415 506 294

201 587 282 637 νην
304 564 521 619 ἐνταῦθα
553 564 699 631 λέγει
731 562 826 634 τὴν
860 561 1116 627 καθόλου,
1162 564 1260 632 τὴν
1297 564 1736 634 ἐμπεριέχουσαν

1883 563 2210 619 niversalem
2261 561 2408 617 illam
2459 561 3031 632 justitiamintelligit,
3074 575 3194 632 quae
3231 576 3419 615 omnes

203 662 354 721 πάσας
381 658 469 720 τὰς
498 656 688 726 ἀρετάς
711 673 724 685 ’
763 655 984 727 τρίϐους
1019 657 1074 708 δὲ
1114 654 1338 726 ταύτης,
1371 656 1470 718 τὰς
1505 657 1740 726 μερικὰς

1879 654 2218 723 nmpleetitur
2259 654 2530 720 virtutes;
2568 672 2660 724 per
2684 655 2910 709 semitas
2937 671 3068 708 vero
3099 657 3233 708 alias
3259 654 3425 722 parti-

203 752 392 821 ἁρετὰς,
417 749 543 802 διότι
570 749 826 818 φέρουσιν
866 751 944 813 εἰς
987 749 1176 819 αὐτὴν.
1211 750 1386 814 Αὐτὸς
1426 749 1534 818 γὰρ
1585 751 1741 803 ἐναν-

1874 742 2055 797 ulares
2081 745 2334 802 virtutes.
2371 759 2490 812 qua:
2529 744 2593 797 ad
2631 743 2774 797 illam
2803 744 3056 797 tendunt.
3104 742 3222 810 Ipse
3272 744 3416 796 enim

203 841 484 911 Θρωπήςας,
537 841 694 909 ἔτεμε
745 840 968 904 ταύτας,
1030 843 1125 894 καὶ
1176 841 1399 912 βαδίσας
1437 840 1736 906 ὑπέδειξεν,

1873 835 2107 888 tominus
2148 835 2486 898 incarnatus,
2541 834 2640 888 ltas
2681 836 2840 890 nobis
2889 837 3007 889 vias
3056 835 3294 903 aperuit,
3369 845 3419 889 et

204 935 326 1002 ἔργῳ
357 935 440 984 καὶ
470 931 606 1002 λόγῳ
639 933 1022 1002 καθοδηγήσας
1058 935 1223 1003 ἡμᾶς·

1870 947 1936 982 ναι*
1965 945 2058 984 eas
2097 929 2431 999 ingrediens,
2468 943 2523 983 rc
2550 941 2613 983 ac
2647 928 2828 983 verbis
2868 929 2974 982 dux
3008 927 3169 982 nobis
3203 928 3416 982 itineris

1840 1023 2020 1077 fat-tus
2052 1035 2156 1079 est.

261 1108 494 1160 Ἕνεκεν
543 1106 646 1160 τοῦ
687 1107 980 1177 ὀνόματος
1010 1109 1217 1164 αὑτοῦ.
1259 1109 1357 1162 Διὰ
1385 1110 1444 1163 τὸ
1474 1109 1738 1180 κληθῆναί

1879 1112 2139 1181 .Propter
2183 1131 2372 1168 nomen
2413 1129 2590 1173 suum.
2625 1113 2858 1182 Propter
2907 1110 3010 1165 hoc
3065 1109 3211 1179 quod
3265 1107 3422 1162 Chri-

203 1215 258 1268 με
287 1199 631 1268 Χριστιανόν·
671 1199 703 1270 ἢ
758 1200 847 1253 ἵνα
885 1201 958 1270 μὴ
1019 1201 1409 1273 βλασφημῆται
1461 1203 1520 1257 τὸ
1569 1203 1737 1273 ὖνομα

1872 1208 2055 1262 tianus
2087 1223 2298 1261 vocor:
2339 1207 2444 1273 vel,
2493 1221 2561 1260 ne
2594 1220 2796 1258 nomen
2838 1219 3000 1258 suum
3041 1203 3111 1257 ob
3145 1201 3282 1255 mala
3316 1218 3418 1255 no-

201 1291 340 1345 αὒτοῦ
369 1291 448 1343 διὰ
479 1291 585 1343 τῶν
621 1292 878 1362 πράξεων
909 1295 1058 1364 παρὰ
1091 1299 1206 1358 τοῖς
1243 1296 1516 1359 ἀπίστοις.

1844 1310 1957 1353 stra
1988 1315 2152 1368 Opera
2188 1299 2256 1352 ab
2291 1297 2598 1352 infidelibus
2635 1295 3063 1366 blaSpltemetur.

269 1384 388 1436 Ἐὰν
411 1383 516 1452 γὰρ
546 1385 644 1437 καί
680 1387 950 1455 πορευθῶ
971 1387 1040 1441 ἐν
1060 1390 1227 1457 μέσῳ
1250 1388 1426 1458 σκιᾶς
1456 1391 1737 1458 θανάτοιν,

1921 1389 2086 1445 \‘Ens.
2119 1391 2173 1444 4.
2211 1389 2354 1444 Nam
2383 1399 2432 1442 et
2460 1388 2507 1442 si
2538 1388 2875 1441 antbulaecro
2925 1388 2981 1439 in
3016 1385 3190 1439 medio
3229 1385 3428 1439 umbra:

202 1479 259 1530 οὐ
288 1477 683 1546 φοϐηθήσομαι
721 1479 894 1541 κακὰ,
946 1478 1034 1532 ὅτι
1081 1480 1162 1534 σὺ
1196 1483 1324 1550 μετ’
1349 1483 1493 1551 ἐμοῦ
1521 1478 1593 1536 εἷ.
1626 1483 1738 1556 (85)

1897 1486 2046 1546 ortis,
2067 1500 2165 1536 non
2191 1481 2378 1534 timebo
2399 1480 2823 1550 mala,quonimn
2841 1489 2893 1532 tu
2918 1495 3112 1532 mecum
3132 1495 3206 1531 es.
3230 1476 3381 1532 Umb
3399 1492 3433 1529 a-

203 1569 315 1622 Σκιίι
341 1569 583 1630 Θανάτου,
609 1573 638 1621 ό
673 1570 864 1639 παρὼν
891 1571 1095 1642 κόσμος
1117 1589 1129 1603 ⁸
1163 1573 1354 1646 ὥσπερ
1388 1574 1495 1645 γὰρ
1529 1578 1554 1627 ὸ
1579 1575 1740 1628 Οὰυα-

1885 1577 2034 1629 tortis
2084 1575 2233 1628 labor
2269 1574 2357 1629 ille
2401 1582 2504 1638 est,
2547 1572 2639 1642 qui
2691 1573 2741 1624 in
2791 1585 3120 1640 quocunque
3159 1570 3431 1639 reperitur

200 1678 276 1721 τος
299 1661 502 1728 χωρίζει
540 1661 640 1730 τὴν
675 1662 854 1732 ψυχὴν
885 1663 991 1715 ἀπδ
1029 1662 1127 1715 τοῦ
1165 1664 1436 1734 σώματος,
1477 1665 1620 1719 οὕτω
1644 1668 1738 1719 καὶ

1879 1667 2114 1731 eriCulo,
2141 1667 2346 1735 quique
2374 1665 2444 1718 ob
2471 1664 2678 1720 doloris
2713 1663 3060 1717 acerbitatem
3097 1676 3236 1731 ,qute
3266 1660 3421 1714 morti

202 1753 422 1821 ὁπαρὼν
468 1753 670 1822 κόσμος
717 1754 942 1824 χωρίζει
982 1756 1072 1808 τὸν
1105 1756 1432 1827 φιλόκοσμον
1481 1759 1588 1810 ἀπὸ
1640 1757 1736 1811 τοῦ

1879 1758 2134 1813 ersimilis
2157 1769 2260 1822 εει,
2288 1757 2480 1810 umbra
2507 1771 2614 1810 mm
2631 1756 2700 1810 tis
2723 1771 2844 1810 esse
2867 1755 3088 1808 dicitur.
3121 1752 3255 1807 Mala
3275 1768 3422 1814 vero,

203 1842 332 1896 Θεοῦ.
361 1844 419 1896 El
443 1861 524 1908 τις
553 1845 612 1898 δὲ
648 1845 788 1915 μετὰ
843 1846 1000 1913 Θεοῦ,
1042 1851 1136 1902 καὶ
1177 1851 1204 1903 ὀ
1250 1850 1380 1914 Θεὸς
1422 1853 1540 1922 μετ’
1571 1849 1734 1904 αὑτοῦ

1889 1847 2169 1902 ἠειιιίοηοδ
2217 1858 2348 1902 sunt
2389 1857 2441 1901 et
2474 1848 2842 1901 calamitates.
2886 1846 3018 1901 Esse
3047 1846 3208 1899 etiam
3251 1843 3435 1897 ltomi-

206 1937 345 1988 ἐστιν.
376 1936 438 1987 Ἢ
468 1937 592 1989 σκιὰ
633 1937 885 2005 θανάτου,
929 1939 1084 2002 πόνος
1118 1940 1362 1994 κινδύνου
1403 1942 1624 2005 παντὸς,
1655 1937 1741 1995 οἶα

1889 1955 1949 1994 us
1979 1940 2180 1994 dicitur
2207 1954 2268 1993 ac
2293 1940 2607 1994 converSari
2649 1956 2769 1992 cum
2791 1937 3142 2003 Christianis,
3173 1951 3238 1990 eo
3273 1936 3435 1989 modo

207 2028 282 2079 καὶ
306 2026 483 2090 ἐοικὼς
515 2029 758 2098 θανάτῳ,
790 2029 876 2081 διὰ
905 2030 1001 2100 τὴν
1033 2033 1256 2102 πικρίαν
1279 2035 1376 2102 τῆς
1411 2034 1700 2104 ἀλγηδόνος
1725 2052 1740 2067 ·

1893 2049 1954 2085 uo
1987 2033 2103 2101 ipse
2132 2029 2432 2084 declaravit
2459 2032 2686 2085 dicens:
2720 2030 2852 2084 Ecce
2898 2047 2990 2099 ego
3028 2033 3287 2082 vobiscum
3320 2043 3439 2079 sum

207 2119 311 2170 om
344 2121 538 2186 μέντοι,
567 2121 658 2173 διὰ
688 2122 787 2192 τὴν
817 2122 1111 2192 ὁμοῖωςιν·
1152 2125 1294 2178 κακὰ
1322 2126 1399 2189 δὲ,
1432 2129 1478 2178 οἱ
1514 2144 1742 2194 πειρασ-

1886 2123 2086 2176 mnibus
2116 2122 2298 2176 diebus
2330 2139 2493 2193 usque
2525 2123 2592 2176 ad
2637 2123 3142 2177 consummationem
3173 2120 3432 2174 sa'culi".

205 2210 293 2276 μοέ.
332 2210 541 2263 Σύνεστι
562 2211 622 2264 δὲ
651 2214 783 2264 πᾶσι
817 2216 929 2274 τοῖς
960 2213 1176 2282 ἀληθῶς
1204 2216 1549 2283 Χριστιανοῖς
1576 2218 1602 2268 ὁ
1632 2217 1746 2270 Κύ-

1897 2216 1966 2272 ὀι
2006 2217 2166 2271 aliter
2220 2235 2233 2272 :
2277 2216 2477 2270 Unibra
2511 2217 2704 2270 inuitis
2739 2227 2816 2269 est
2851 2216 2957 2267 \‘ita
2995 2229 3273 2282 prmst‘ns;
3312 2228 3443 2266 nam

205 2315 328 2368 ριος·
363 2301 524 2354 αὑτοῦ
548 2303 662 2372 γὰρ
699 2304 730 2355 ὁ
762 2303 919 2372 λόγος
941 2321 955 2336 ο
984 2305 1092 2359 Καὶ
1116 2305 1246 2359 ἰδοὺ
1289 2305 1402 2375 ἐγὼ
1431 2307 1555 2374 μεθ’
1579 2307 1748 2376 ὑμῶν

1894 2307 2320 2384 uemadmoduut
2383 2323 2532 2361 mors
2578 2307 2815 2360 animant
2869 2313 3092 2374 sep.irat
3124 2318 3151 2356 a
3185 2319 3436 2371 corporo,

203 2395 297 2461 εἰμι
314 2394 501 2462 πάσας
530 2398 644 2464 τὰς
668 2397 914 2467 ἡμέρας,
943 2397 1056 2464 ἔως
1087 2397 1197 2466 τῆς
1239 2402 1597 2467 συντελείας
1642 2399 1748 2454 τοῦ

1886 2413 1929 2454 ta
1959 2411 2012 2456 et
2046 2414 2294 2470 prmsens
2354 2398 2593 2453 mundus
2651 2407 2928 2452 amatores
2979 2412 3112 2451 suos
3149 2403 3370 2466 separat
3403 2411 3432 2448 a

203 2483 406 2552 αἰῶνος.
1856 2493 1967 2547 Deo
1998 2510 2010 2545 :
2038 2491 2183 2560 quod
2214 2491 2260 2546 si
2291 2491 2416 2561 quis
2448 2506 2572 2544 cum
2620 2489 2732 2544 Deo
2789 2497 2895 2555 est,
2931 2490 3035 2544 erit
3088 2488 3256 2543 etiam
3294 2488 3439 2542 Deus

1856 2597 1980 2637 cum
2018 2597 2104 2638 ρο.

258 2666 322 2719 Ἦ
337 2668 548 2736 ῥάϐδος
587 2687 708 2725 σου
745 2672 841 2726 καί
889 2675 927 2742 ἡ
955 2673 1261 2742 ,βακτηρία
1299 2689 1440 2738 σου,
1471 2671 1650 2730 αὗται
1677 2692 1753 2744 με

1941 2673 2100 2744 Virga
2139 2684 2233 2728 tua
2283 2683 2334 2730 et
2383 2673 2607 2728 baculus
2673 2684 2816 2739 tuus,
2871 2674 2986 2742 ipsa
3037 2689 3118 2726 me
3167 2671 3438 2727 consolata

209 2759 622 2826 παρεκάλεσαν.
659 2763 772 2833 (86)
807 2763 1029 2829 Ῥάὸδος
1062 2765 1184 2834 μὲν,
1213 2767 1246 2835 ἡ
1271 2765 1449 2837 κρίσις
1476 2765 1570 2819 τοῦ
1597 2765 1752 2818 Θεοῦ·

1891 2779 2000 2823 unt.
2043 2769 2198 2839 Virga
2232 2781 2316 2826 est
2367 2786 2473 2840 qua
2514 2779 2761 2825 errantes
2806 2770 3153 2839 corrigimus,
3207 2767 3437 2822 baculus

213 2847 446 2920 βακτηρία
467 2853 544 2917 δὲ,
586 2855 622 2924 ή
650 2854 878 2924 πρόνοια
928 2856 1118 2922 αὑτοῦ,
1143 2856 1198 2910 αἳ
1233 2855 1647 2926 παρακαλοῦσιν
1680 2859 1759 2920 εἰς

1892 2878 2017 2924 ero,
2073 2877 2184 2932 quo
2229 2863 2608 2933 pusillanimes
2666 2863 3001 2916 innituntur.
3058 2861 3268 2915 Sensus
3311 2868 3438 2913 est:

211 2941 471 3010 σωτηρίαν.
501 2945 575 2996 Ἢ
625 2944 850 3009 Ῥἀὸδος
881 2947 1002 3017 μὲν,
1029 2947 1064 3018 ἡ
1099 2947 1423 3020 παιδευτικὴ
1458 2948 1566 3001 τῶν
1593 2947 1757 3017 σφαλ-

1894 2955 1946 3007 fu
1979 2966 2033 3009 et
2066 2964 2361 3024 peccantes
2406 2954 2726 3018 correxisti,
2765 2953 3192 3022 laborantesque
3248 2967 3311 3005 ac
3361 2952 3440 3004 la-

210 3029 420 3100 λομένων
442 3051 457 3064 ·
489 3034 771 3106 βακτηρία
798 3037 879 3104 δὲ,
914 3039 949 3109 ἡ
981 3039 1339 3110 ὑπερειστικὴ
1369 3040 1478 3094 τῶν
1501 3040 1756 3109 ὀλιγοψύ-

1893 3055 2068 3102 ιιιιιῑοε
2102 3047 2385 3109 stabilisti,
2441 3057 2495 3100 et
2546 3060 2786 3115 utroque
2847 3057 3006 3114 pacto
3068 3045 3227 3100 nobis
3279 3060 3439 3113 opem

210 3139 331 3192 χωνο
355 3129 656 3191 τουτέστιν,
694 3131 1104 3201 Ἀμαρτάνοντα
1144 3132 1496 3198 ἐπαίδευσας,
1545 3135 1639 3186 καὶ
1666 3150 1756 3186 πε·

1898 3137 2066 3192 ulisti.
2101 3136 2264 3210 [Illud
2319 3149 2500 3191 autem
2560 3137 3106 3191 animadvertendum
3157 3143 3266 3199 est,
3299 3133 3441 3202 quod

212 3216 450 3284 πονηκότα
499 3218 903 3290 ὑπεστήριξας,
947 3221 1041 3275 καὶ
1090 3220 1158 3273 δι’
1189 3220 1525 3291 ἀμφοτέρων
1551 3222 1758 3292 man-

1900 3230 2061 3282 irzcca
2096 3229 2266 3283 dictio
2326 3230 2712 3298 παρεκάλεσαν
2747 3244 2853 3282 non
2908 3234 3118 3281 tantum
3170 3226 3446 3294 signiﬁcat

212 3320 312 3368 σας.
367 3309 517 3363 Ἔστι
581 3310 644 3363 δὲ
701 3313 861 3381 καὶὴ
906 3311 1158 3376 σύνταξις
1213 3313 1412 3376 οὕτως’
1474 3312 1644 3366 Ait-ai
1698 3329 1758 3383 με

1909 3321 2150 3375 onsolata
2215 3330 2360 3383 siml,
2420 3321 2512 3374 sed
2573 3320 2736 3373 etiam
2797 3318 3187 3372 advocaverunt
3237 3333 3255 3371 :
3299 3318 3455 3372 unde.

214 3398 586 3463 παρεκάλεσαν,
645 3401 678 3468 ἡ
739 3400 932 3472 ῥάϐδος
981 3419 1076 3455 σου
1111 3402 1206 3455 καὶ
1255 3402 1598 3474 ἡβακτηρία
1631 3419 1760 3457 σου·

1902 3415 2217 3467 'arailetum
2260 3412 2583 3466 advocatum
2621 3420 2674 3462 et
2727 3410 3132 3465 consolatorem
3167 3408 3448 3477 interpre-

213 3491 640 3558 Παρεκάιεσαν,
697 3495 820 3548 ἀντὶ
869 3495 962 3550 τοῦ
987 3535 1001 3559 ,
1060 3496 1471 3567 Ἐνουθέτησαν.
1536 3499 1594 3552 '0
1659 3501 1759 3571 γὰρ

1895 3501 2102 3575 amur.]
2131 3502 2277 3558 Ordo
2310 3502 2477 3572 igitur
2517 3502 2596 3557 sic
2639 3503 2729 3554 fiat
2770 3518 2782 3554 :
2823 3500 2943 3569 ipsa
2978 3501 3086 3554 duo
3116 3499 3253 3560 haec,
3290 3499 3439 3568 virga

213 3582 470 3651 νουθετῶν,
519 3587 836 3657 παρακαλεῖ
879 3591 976 3641 καὶ
1005 3587 1160 3640 ἕλκει
1191 3589 1331 3659 πρὸς
1361 3589 1423 3642 τὸ
1455 3591 1759 3661 συμφέρον.

1903 3597 2132 3651 imirum
2171 3607 2224 3653 ct
2275 3595 2525 3659 baculus,
2570 3594 2975 3651 advocaverunt
3025 3606 3142 3656 me,
3185 3592 3290 3645 hoc
3338 3601 3449 3653 est,

214 3671 344 3737 Τινὲς
374 3675 429 3731 δι
463 3679 666 3748 ῥάϐδον
701 3682 798 3734 καὶ
827 3679 1156 3751 βακτηρίαν,
1187 3680 1280 3733 τὸν
1309 3681 1542 3751 σταυρὸν
1567 3681 1760 3736 ἐκάλε-

1897 3695 2301 3757 idntouuerunt.
2337 3686 2470 3741 Nam
2499 3687 2590 3756 qui
2623 3685 2856 3754 aliquem
2890 3684 3170 3743 admonet.
3215 3682 3443 3736 advocat

215 3769 397 3831 οαν,ὼς
416 3772 588 3826 ἐκδύο
621 3774 930 3843 τμημάτων
948 3775 1328 3847 συγκείμενον,
1349 3770 1424 3830 ὧν
1455 3775 1516 3828 τὸ
1552 3774 1650 3846 μὲν
1675 3776 1761 3846 ὀρ-

1904 3799 1988 3835 nm
2027 3791 2080 3835 et
2122 3782 2290 3834 trahit
2327 3778 2391 3832 ad
2424 3778 2476 3833 id
2504 3778 2647 3848 quod
2681 3776 2915 3830 confert.
2941 3776 3166 3842 Quidam
3201 3770 3326 3829 vero
3351 3790 3450 3844 per

214 3856 308 3924 ὒὸν,
328 3860 652 3935 βακτηρίαν,
669 3865 736 3918 δι’
754 3859 821 3937 ἧς
834 3865 1175 3937 ὠρθώθημεν
1207 3867 1450 3938 κείμενοι
1477 3869 1536 3921 ὲν
1560 3867 1760 3938 πλάνῃ·

1907 3873 2076 3943 irgam
2113 3883 2164 3927 et
2197 3871 2455 3925 baculum
2489 3883 2707 3924 crucem
2752 3867 3093 3922 intellexere.
3128 3865 3205 3920 Ex
3228 3865 3450 3920 duabus

213 3951 334 4007 τὸδὲ
362 3957 612 4026 πλάγιον,
644 3958 860 4030 ῥάϐδον,
895 3960 961 4012 δι’
994 3954 1063 4032 ἦς
1091 3960 1314 4032 ἔπληξε,
1360 3961 1455 4014 καὶ
1484 3961 1759 4032 κατήραξε

1895 3969 2011 4020 nim
2058 3965 2333 4035 partibus,
2377 3978 2510 4019 crux
2541 3960 2918 4030 componitur,
2945 3973 3182 4029 quarum
3210 3969 3441 4020 rectam,

213 4047 318 4111 τοὺς
345 4047 626 4120 δαίμονας.
652 4051 902 4119 Πλαγίως
927 4053 1034 4123 γὰρ
1049 4053 1099 4106 oi
1133 4052 1378 4124 στερρῶς
1406 4053 1759 4124 πλήττοντες,

1905 4058 2122 4112 acutum
2153 4055 2386 4111 dicunt:
2431 4071 2459 4109 a
2487 4071 2598 4126 quo
2638 4054 2806 4109 erecti
2842 4067 3053 4116 sumus,
3095 4066 3220 4104 cum
3269 4050 3321 4103 in
3362 4065 3451 4103 er-

213 4136 293 4206 τὴν
321 4139 523 4211 πληγὴν
573 4143 968 4214 καταφέρουσι.
1016 4144 1364 4216 Προταγῆναι
1396 4144 1452 4198 δέ
1483 4162 1620 4213 φασι
1663 4149 1759 4214 τὴν

1909 4167 2006 4204 ore
2057 4151 2371 4220 jaceremus
2407 4166 2420 4204 :
2455 4157 2825 4204 transversam
2879 4160 3032 4211 vero,
3081 4143 3288 4213 virgam
3329 4157 3455 4197 esse

214 4229 402 4297 ῥάϐδον,
435 4231 569 4287 διότι
627 4234 843 4304 πρῶτον
872 4234 960 4288 διὰ
1000 4233 1094 4288 τοῦ
1145 4237 1381 4304 σταυροῦ
1419 4237 1639 4291 καθεῖλε
1674 4239 1760 4292 τὸν

1908 4243 2050 4302 iunt,
2093 4257 2189 4311 per
2220 4255 2384 4310 quam
2435 4237 2712 4310 percussit
2742 4236 3012 4290 Dominus
3063 4249 3127 4288 ac
3181 4231 3451 4296 confre,it

215 4320 472 4391 τύραννον,
503 4321 627 4379 εἶτα
676 4327 766 4381 διὰ
795 4326 889 4380 τοῦ
943 4325 1110 4381 αὐτοῦ
1147 4329 1239 4380 καὶ
1289 4329 1438 4400 ἡμᾶς
1473 4329 1761 4400 ἐρρύσατο.

1903 4337 2174 4386 lzemones.
2234 4331 2428 4386 Solent
2472 4331 2622 4384 enim
2660 4327 2759 4399 qui
2805 4325 2986 4380 valide
3025 4325 3342 4394 percutiunt
3385 4339 3449 4375 ex

224 4411 298 4476 Ὠς
344 4411 480 4469 εἶναι
517 4417 619 4488 τὴν
649 4418 968 4489 ἑρμηνείαν,
1010 4420 1115 4486 ὅτι,
1161 4419 1222 4473 Ὀ-
1255 4421 1492 4492 σταυρός
1551 4439 1646 4475 σου
1701 4423 1770 4492 μὲ

1905 4437 2197 4478 rausverso
2255 4423 2424 4476 ictum
2461 4421 2690 4484 inferre,
2753 4428 2811 4472 ut
2867 4417 3175 4486 graviorem
3233 4413 3451 4482 plagam

216 4507 562 4573 παρεκάλεσεν
605 4508 684 4570 εἰς
721 4509 1026 4564 εὑσέσειαν.

1901 4513 2146 4584 inﬂigunt.
2189 4513 2440 4582 Pra'poni
2490 4521 2671 4565 autem
2726 4509 2944 4574 dicunt»
2975 4507 3181 4576 virgam
3226 4506 3447 4569 baculo,

216 4599 325 4665 quia
357 4599 550 4668 primo,
581 4614 752 4655 cruce
801 4603 1422 4672 tyraannmdestruxit,
1481 4614 1535 4660 et
1576 4606 1764 4661 eadem
1799 4608 2150 4676 p0stmodum
2187 4620 2285 4658 nos
2314 4603 2588 4669 redemit;
2623 4603 2695 4656 ita
2739 4609 2796 4654 ut
2863 4615 3060 4655 sensus
3105 4601 3175 4653 sit
3211 4617 3223 4652 :
3296 4595 3451 4662 Quod

216 4707 330 4744 crux
355 4702 442 4746 tua
466 4698 532 4748 ad
555 4693 814 4764 pietatem
851 4711 962 4761 me,
979 4707 1033 4750 et
1070 4695 1138 4750 ad
1167 4697 1492 4768 religionem
1527 4699 1840 4754 advocavit.
1884 4699 1945 4753 Et
1969 4700 2178 4752 aliter:
2232 4697 2390 4767 Virga
2424 4695 2648 4763 quidem
2705 4710 2804 4765 pro
2858 4692 2952 4748 Dei
3021 4691 3234 4762 judicio
3302 4696 3452 4746 sumi

217 4793 394 4852 potest,
417 4793 469 4838 ct
503 4784 736 4841 baculus
765 4801 864 4855 pro
894 4786 1262 4856 providentia,
1295 4803 1528 4857 quorum
1557 4799 1834 4860 utrunque
1866 4807 1972 4846 non
2015 4791 2080 4844 ad
2115 4788 2345 4843 salutem
2379 4787 2634 4841 advocat.

285 4876 630 4946 Ἠτοίμασας
676 4879 932 4933 ἐνώπιόν
965 4896 1084 4948 μου
1124 4879 1436 4948 τράπεζαν,
1489 4881 1558 4946 ἐξ
1591 4881 1768 4935 ἐναν-
1807 4891 1831 4945 [

1947 4881 2114 4937 Vens.
2144 4881 2196 4935 5.
2239 4879 2455 4934 Parasti
2498 4879 2552 4932 in
2581 4885 2862 4946 conspectu
2905 4893 3016 4931 meo
3070 4895 3304 4931 mensam
3351 4879 3447 4930 ad-

218 4968 332 5033 τιάς
370 4968 485 5022 τῶν
523 4971 850 5024 θλιϐόντων
874 4987 968 5040 με.
1026 4971 1099 5024 Οὐ
1149 4973 1329 5041 μόνον,
1360 4974 1434 5035 ὡς
1483 4975 1764 5044 προεῖπον,

1909 4993 2053 5029 ersus
2078 4991 2164 5028 eos
2195 4975 2284 5044 qui
2320 4972 2578 5026 tribulam
2611 4987 2713 5025 me.
2733 4969 2850 5024 Non
2880 4971 3085 5035 solum,
3119 4979 3178 5023 ut
3205 4971 3451 5040 prtrdixi,

219 5061 597 5132 εὖηργὲτησας,
630 5062 764 5116 ἀλλὰ
805 5065 892 5116 καὶ
928 5063 1136 5134 τρυφὴν
1166 5064 1546 5137 πνευματικὴν
1578 5066 1765 5136 ὲχαρί·

1907 5085 1967 5122 ne
2000 5068 2286 5123 beneﬁciis
2320 5066 2576 5128 ath-cisti,
2617 5065 2710 5119 sed
2739 5077 2791 5118 et
2817 5065 3122 5134 spiritualia
3157 5067 3321 5118 etiam
3353 5065 3453 5115 ob-

222 5167 305 5201 σω·
351 5152 442 5204 τοῦ
455 5170 505 5206 co
535 5153 643 5221 γὰρ
667 5151 768 5218 νῦν,
794 5154 827 5223 ἡ
857 5152 1105 5222 τράπεζα
1135 5154 1402 5224 βούλεται.
1439 5157 1534 5209 καὶ
1563 5155 1768 5227 ταύτην

1911 5167 2210 5214 eetamenta
2239 5156 2480 5222 donasti,
2512 5171 2633 5224 qua:
2668 5169 2762 5222 per
2815 5168 3055 5207 mensam
3109 5153 3197 5205 hic
3248 5151 3457 5220 signiﬁ-

220 5244 430 5296 ἐνώπιον
457 5243 568 5296 τῶν
603 5243 825 5314 ,ἐχθρῶν
881 5262 1006 5315 μου,
1041 5246 1115 5308 ὡς
1145 5248 1397 5300 ἀνιᾶσθαι
1447 5247 1766 5318 βλέποντας.

1915 5259 2101 5303 antur.
2144 5250 2296 5302 Hanc
2342 5255 2524 5301 autem
2561 5246 2613 5298 in
2649 5252 2975 5313 conspectu,
3029 5241 3231 5308 inquit,
3275 5239 3458 5292 inimi-

221 5335 281 5406 Ἦ
312 5337 406 5401 Ἐξ
426 5337 726 5402 ἐναντίας,
751 5336 869 5391 ἀντὶ
905 5337 1024 5404 τοῦ,
1075 5338 1148 5392 Τδ
1188 5339 1432 5393 ἐναντίον
1459 5342 1595 5412 ὅπερ
1623 5337 1767 5395 οὗτοι

1913 5357 2072 5396 orum
2105 5355 2352 5394 meorum
2389 5337 2617 5410 parasti,
2643 5347 2700 5390 ut
2724 5335 2969 5390 videntes
2996 5333 3186 5387 dolore
3216 5331 3458 5386 tabesce-

223 5425 480 5488 βούλονται
501 5445 515 5458 ·
538 5430 632 5481 καὶ
662 5430 770 5500 γὰρ
802 5430 954 5483 αὐτοὶ
983 5431 1182 5500 μᾶλλον
1210 5433 1296 5485 ἀεὶ
1318 5433 1474 5504 ἀνιᾷν
1507 5449 1575 5504 με
1609 5435 1769 5487 σπεύ-

1915 5441 2010 5488 ent
2044 5452 2056 5488 :
2087 5433 2171 5487 vel
2201 5432 2468 5486 adversus
2499 5444 2615 5492 eos,
2675 5428 2774 5481 hoc
2814 5433 2895 5481 est
2957 5434 3148 5480 contra
3205 5425 3258 5480 id
3309 5423 3455 5494 quod

220 5517 383 5571 δουσιν
404 5537 418 5551 ο
467 5522 501 5590 ἦ
532 5521 807 5590 τράπεζαν
830 5523 978 5591 λέγει
1005 5524 1104 5595 τὴν
1130 5526 1430 5584 ἀπόλαυσιν
1471 5526 1580 5580 τῶν
1639 5527 1766 5597 μελ-

1907 5527 2132 5596 utpiunt.
2182 5523 2262 5578 iiii
2295 5523 2441 5578 enim
2474 5535 2710 5574 [πλαξε-(πο
2740 5534 2825 5573 me
2863 5532 3081 5587 semper
3121 5531 3186 5572 ac
3232 5515 3453 5570 tristitia

293 5636 334 5667 ³⁷
369 5635 562 5690 Matth.
615 5623 806 5704 iniu,
863 5637 954 5692 20.

1524 5728 1726 5790 Variae
1765 5729 2093 5791 lectiones.

288 5823 397 5892 (8‘3)
422 5825 546 5884 Haec
580 5829 684 5886 alio
715 5830 905 5887 ordine
947 5830 1148 5901 legisse
1179 5829 1395 5886 videtur
1436 5830 1666 5886 Latinus
1693 5833 1788 5887 in»
1969 5831 2077 5902 (86)
2104 5832 2228 5902 Haec
2263 5829 2448 5884 itidem
2490 5829 2595 5884 alio
2627 5823 2821 5888 ordine
2844 5831 3100 5901 leguntur
3125 5822 3267 5896 apud
3302 5819 3456 5876 Lati-

225 5899 446 5961 terpres.
1009 5899 1027 5901 ⁷
1884 5899 2014 5957 nutu
2051 5900 2299 5955 eumdem
2333 5903 2464 5954 inti-t
2483 5910 2711 5966 pre-tem.
