  <div class='ocr_page' id='page_1' title='image "/cluster/home/n/w/nwhite01/storage/ocr_20150623/128/hvd.32044019208230/155.png"; bbox 0 0 3846 6530; ppageno 0'>
   <div class='ocr_carea' id='block_1_1' title="bbox 363 345 542 443">
    <p class='ocr_par' dir='ltr' id='par_1_1' title="bbox 363 345 542 443">
     <span class='ocr_line' id='line_1_1' title="bbox 363 345 542 443; baseline 0.017 -3"><span class='ocrx_word' id='word_1_1' title='bbox 363 345 367 349; x_wconf 65' lang='grc'><em>’</em></span> <span class='ocrx_word' id='word_1_2' title='bbox 431 380 542 443; x_wconf 75' lang='lat'><strong>29-5</strong></span> 
     </span>
    </p>
   </div>
   <div class='ocr_carea' id='block_1_2' title="bbox 1629 345 3680 432">
    <p class='ocr_par' dir='ltr' id='par_1_2' title="bbox 1629 345 3680 432">
     <span class='ocr_line' id='line_1_2' title="bbox 1629 345 3680 432; baseline -0.018 -2"><span class='ocrx_word' id='word_1_3' title='bbox 1629 367 2014 432; x_wconf 76' lang='lat' dir='ltr'><strong>EUTHYMII</strong></span> <span class='ocrx_word' id='word_1_4' title='bbox 2054 363 2418 426; x_wconf 76' lang='lat' dir='ltr'><strong>ZIGABENI</strong></span> <span class='ocrx_word' id='word_1_5' title='bbox 3372 345 3378 349; x_wconf 74' lang='grc'>⁷</span> <span class='ocrx_word' id='word_1_6' title='bbox 3589 363 3680 428; x_wconf 56' lang='lat'><strong>£96</strong></span> 
     </span>
    </p>
   </div>
   <div class='ocr_carea' id='block_1_3' title="bbox 427 475 2003 606">
    <p class='ocr_par' dir='ltr' id='par_1_3' title="bbox 427 487 1997 606">
     <span class='ocr_line' id='line_1_3' title="bbox 427 487 1997 567; baseline -0.01 -14"><span class='ocrx_word' id='word_1_7' title='bbox 427 497 602 567; x_wconf 83' lang='lat' dir='ltr'><strong>magis</strong></span> <span class='ocrx_word' id='word_1_8' title='bbox 625 491 839 549; x_wconf 78' lang='lat' dir='ltr'><strong>afﬁcere</strong></span> <span class='ocrx_word' id='word_1_9' title='bbox 868 489 1114 546; x_wconf 95' lang='lat' dir='ltr'><strong>student.</strong></span> <span class='ocrx_word' id='word_1_10' title='bbox 1141 488 1236 542; x_wconf 72' lang='lat' dir='ltr'><strong>Vcl</strong></span> <span class='ocrx_word' id='word_1_11' title='bbox 1264 504 1356 559; x_wconf 88' lang='lat' dir='ltr'><strong>per</strong></span> <span class='ocrx_word' id='word_1_12' title='bbox 1384 506 1656 553; x_wconf 88' lang='lat' dir='ltr'><strong>mensam,</strong></span> <span class='ocrx_word' id='word_1_13' title='bbox 1684 487 1997 542; x_wconf 81' lang='lat' dir='ltr'><strong>futurorum</strong></span> 
     </span>
     <span class='ocr_line' id='line_1_4' title="bbox 429 574 1995 606; baseline 0 0"><span class='ocrx_word' id='word_1_14' title='bbox 429 589 442 606; x_wconf 88' lang='grc' dir='ltr'><strong>ι</strong></span> <span class='ocrx_word' id='word_1_15' title='bbox 481 601 703 606; x_wconf 33' lang='lat'><strong>._-____.</strong></span> <span class='ocrx_word' id='word_1_16' title='bbox 748 583 1068 606; x_wconf 69' lang='lat' dir='ltr'><strong>r_-.:.:-..-...</strong></span> <span class='ocrx_word' id='word_1_17' title='bbox 1123 578 1375 606; x_wconf 68' lang='lat' dir='ltr'><strong>:..n..ll:..:.</strong></span> <span class='ocrx_word' id='word_1_18' title='bbox 1461 595 1619 606; x_wconf 69' lang='lat'><strong>-.......</strong></span> <span class='ocrx_word' id='word_1_19' title='bbox 1675 574 1995 606; x_wconf 59' lang='lat' dir='ltr'><strong>--m......n..:s</strong></span> 
     </span>
    </p>
   </div>
   <div class='ocr_carea' id='block_1_4' title="bbox 2121 475 3679 606">
    <p class='ocr_par' dir='ltr' id='par_1_4' title="bbox 2121 475 3679 606">
     <span class='ocr_line' id='line_1_5' title="bbox 2121 475 3679 550; baseline -0.001 -15"><span class='ocrx_word' id='word_1_20' title='bbox 2121 481 2305 535; x_wconf 71' lang='lat' dir='ltr'><strong>t6vrtov</strong></span> <span class='ocrx_word' id='word_1_21' title='bbox 2356 476 2579 548; x_wconf 79' lang='grc' dir='ltr'><strong>ἀγαθῶν</strong></span> <span class='ocrx_word' id='word_1_22' title='bbox 2607 475 2642 532; x_wconf 71' lang='grc' dir='ltr'>ἃ</span> <span class='ocrx_word' id='word_1_23' title='bbox 2671 475 2973 550; x_wconf 72' lang='grc' dir='ltr'>ἡτοίμασεν</span> <span class='ocrx_word' id='word_1_24' title='bbox 3014 478 3040 531; x_wconf 71' lang='lat'><strong>6</strong></span> <span class='ocrx_word' id='word_1_25' title='bbox 3083 476 3215 543; x_wconf 76' lang='grc' dir='ltr'>Θεὸς</span> <span class='ocrx_word' id='word_1_26' title='bbox 3245 479 3357 542; x_wconf 75' lang='grc' dir='ltr'>τοῖς</span> <span class='ocrx_word' id='word_1_27' title='bbox 3401 478 3679 547; x_wconf 79' lang='grc' dir='ltr'>ὸγαπῶσιν</span> 
     </span>
     <span class='ocr_line' id='line_1_6' title="bbox 2121 570 3664 606; baseline 0 0"><span class='ocrx_word' id='word_1_28' title='bbox 2121 574 2272 606; x_wconf 78' lang='grc' dir='ltr'><strong>..·.-.ι..</strong></span> <span class='ocrx_word' id='word_1_29' title='bbox 2331 573 2402 606; x_wconf 70' lang='grc' dir='ltr'>«ιι</span> <span class='ocrx_word' id='word_1_30' title='bbox 2433 573 2525 606; x_wconf 64' lang='lat' dir='ltr'><strong>wn</strong></span> <span class='ocrx_word' id='word_1_31' title='bbox 2565 572 2664 606; x_wconf 44' lang='grc' dir='ltr'>ηδτ..</span> <span class='ocrx_word' id='word_1_32' title='bbox 2693 571 2790 606; x_wconf 64' lang='grc' dir='ltr'>...ηπ</span> <span class='ocrx_word' id='word_1_33' title='bbox 2844 570 3236 606; x_wconf 63' lang='grc' dir='ltr'><strong>θηρηημρηιη..</strong></span> <span class='ocrx_word' id='word_1_34' title='bbox 3269 571 3555 606; x_wconf 53' lang='grc' dir='ltr'><strong>,δέρει-ν-..</strong></span> <span class='ocrx_word' id='word_1_35' title='bbox 3608 574 3664 606; x_wconf 72' lang='grc' dir='ltr'><strong>ι..</strong></span> 
     </span>
    </p>
   </div>
   <div class='ocr_carea' id='block_1_5' title="bbox 429 570 2003 651">
    <p class='ocr_par' dir='ltr' id='par_1_5' title="bbox 429 574 2002 651">
     <span class='ocr_line' id='line_1_7' title="bbox 429 574 2002 651; baseline -0.008 -8"><span class='ocrx_word' id='word_1_36' title='bbox 429 589 706 642; x_wconf 91' lang='lat' dir='ltr'><strong>bonorum</strong></span> <span class='ocrx_word' id='word_1_37' title='bbox 748 583 1069 637; x_wconf 81' lang='lat' dir='ltr'><strong>fruitionem</strong></span> <span class='ocrx_word' id='word_1_38' title='bbox 1123 578 1404 651; x_wconf 76' lang='lat' dir='ltr'><strong>intelligit,</strong></span> <span class='ocrx_word' id='word_1_39' title='bbox 1457 595 1620 650; x_wconf 90' lang='lat' dir='ltr'><strong>quam</strong></span> <span class='ocrx_word' id='word_1_40' title='bbox 1675 574 2002 650; x_wconf 70' lang='lat' dir='ltr'><strong>praeparavit</strong></span> 
     </span>
    </p>
   </div>
   <div class='ocr_carea' id='block_1_6' title="bbox 2121 570 3664 651">
    <p class='ocr_par' dir='ltr' id='par_1_6' title="bbox 2121 570 3664 643">
     <span class='ocr_line' id='line_1_8' title="bbox 2121 570 3664 643; baseline -0.002 -16"><span class='ocrx_word' id='word_1_41' title='bbox 2121 574 2291 628; x_wconf 82' lang='grc' dir='ltr'>ιῦτόν,</span> <span class='ocrx_word' id='word_1_42' title='bbox 2331 573 2402 626; x_wconf 84' lang='grc' dir='ltr'><em>Ἢ</em></span> <span class='ocrx_word' id='word_1_43' title='bbox 2433 573 2530 626; x_wconf 66' lang='grc' dir='ltr'><strong>κα)⁵</strong></span> <span class='ocrx_word' id='word_1_44' title='bbox 2565 572 2664 642; x_wconf 86' lang='grc' dir='ltr'>τὴν</span> <span class='ocrx_word' id='word_1_45' title='bbox 2693 571 2790 625; x_wconf 83' lang='grc' dir='ltr'>τοῦ</span> <span class='ocrx_word' id='word_1_46' title='bbox 2844 570 3236 643; x_wconf 73' lang='grc' dir='ltr'><strong>θυσιαστηρίου</strong></span> <span class='ocrx_word' id='word_1_47' title='bbox 3269 571 3578 642; x_wconf 79' lang='grc' dir='ltr'>τράπεζαν,</span> <span class='ocrx_word' id='word_1_48' title='bbox 3608 574 3664 642; x_wconf 77' lang='grc' dir='ltr'><strong>ἐφ</strong></span> 
     </span>
    </p>
   </div>
   <div class='ocr_carea' id='block_1_7' title="bbox 432 662 2003 748">
    <p class='ocr_par' dir='ltr' id='par_1_7' title="bbox 432 672 2003 748">
     <span class='ocr_line' id='line_1_9' title="bbox 432 672 2003 748; baseline -0.005 -16"><span class='ocrx_word' id='word_1_49' title='bbox 432 680 576 734; x_wconf 80' lang='lat' dir='ltr'><strong>Deus</strong></span> <span class='ocrx_word' id='word_1_50' title='bbox 603 676 960 748; x_wconf 76' lang='lat' dir='ltr'><strong>diligentibus</strong></span> <span class='ocrx_word' id='word_1_51' title='bbox 994 689 1089 739; x_wconf 87' lang='lat' dir='ltr'><strong>se;</strong></span> <span class='ocrx_word' id='word_1_52' title='bbox 1127 672 1210 727; x_wconf 79' lang='lat' dir='ltr'><strong>vel</strong></span> <span class='ocrx_word' id='word_1_53' title='bbox 1240 673 1436 730; x_wconf 90' lang='lat' dir='ltr'><strong>altaris</strong></span> <span class='ocrx_word' id='word_1_54' title='bbox 1468 688 1742 736; x_wconf 90' lang='lat' dir='ltr'><strong>mensam,</strong></span> <span class='ocrx_word' id='word_1_55' title='bbox 1790 673 1845 726; x_wconf 93' lang='lat' dir='ltr'><strong>in</strong></span> <span class='ocrx_word' id='word_1_56' title='bbox 1894 683 2003 741; x_wconf 88' lang='lat' dir='ltr'><strong>qua</strong></span> 
     </span>
    </p>
   </div>
   <div class='ocr_carea' id='block_1_8' title="bbox 2121 662 3678 748">
    <p class='ocr_par' dir='ltr' id='par_1_8' title="bbox 2121 662 3678 740">
     <span class='ocr_line' id='line_1_10' title="bbox 2121 662 3678 740; baseline -0.008 -18"><span class='ocrx_word' id='word_1_57' title='bbox 2121 662 2167 740; x_wconf 65' lang='lat' dir='ltr'><strong>ig</strong></span> <span class='ocrx_word' id='word_1_58' title='bbox 2195 666 2483 737; x_wconf 83' lang='grc' dir='ltr'>πρόκειται</span> <span class='ocrx_word' id='word_1_59' title='bbox 2512 667 2538 719; x_wconf 90' lang='lat'><strong>6</strong></span> <span class='ocrx_word' id='word_1_60' title='bbox 2567 665 2784 729; x_wconf 77' lang='grc' dir='ltr'>δεῖπνος</span> <span class='ocrx_word' id='word_1_61' title='bbox 2826 667 2855 719; x_wconf 98' lang='lat'><strong>6</strong></span> <span class='ocrx_word' id='word_1_62' title='bbox 2880 667 3174 736; x_wconf 53' lang='grc' dir='ltr'>μυστικάς</span> <span class='ocrx_word' id='word_1_63' title='bbox 3205 668 3238 737; x_wconf 85' lang='grc' dir='ltr'>ἥ</span> <span class='ocrx_word' id='word_1_64' title='bbox 3285 667 3542 738; x_wconf 81' lang='grc' dir='ltr'>τράπεζα</span> <span class='ocrx_word' id='word_1_65' title='bbox 3573 667 3678 738; x_wconf 65' lang='grc' dir='ltr'><strong>μὲν9</strong></span> 
     </span>
    </p>
   </div>
   <div class='ocr_carea' id='block_1_9' title="bbox 425 765 2004 841">
    <p class='ocr_par' dir='ltr' id='par_1_9' title="bbox 425 765 2004 841">
     <span class='ocr_line' id='line_1_11' title="bbox 425 765 2004 841; baseline -0.008 -13"><span class='ocrx_word' id='word_1_66' title='bbox 425 785 583 828; x_wconf 70' lang='lat' dir='ltr'><strong>eterra</strong></span> <span class='ocrx_word' id='word_1_67' title='bbox 621 769 850 841; x_wconf 86' lang='lat' dir='ltr'><strong>mystica</strong></span> <span class='ocrx_word' id='word_1_68' title='bbox 884 765 978 820; x_wconf 86' lang='lat' dir='ltr'><strong>illa</strong></span> <span class='ocrx_word' id='word_1_69' title='bbox 1009 766 1183 835; x_wconf 83' lang='lat' dir='ltr'><strong>jacet,</strong></span> <span class='ocrx_word' id='word_1_70' title='bbox 1209 767 1293 821; x_wconf 85' lang='lat' dir='ltr'><strong>vel</strong></span> <span class='ocrx_word' id='word_1_71' title='bbox 1327 766 1493 820; x_wconf 89' lang='lat' dir='ltr'><strong>etiam</strong></span> <span class='ocrx_word' id='word_1_72' title='bbox 1523 766 1784 819; x_wconf 79' lang='lat' dir='ltr'><strong>virtutem</strong></span> <span class='ocrx_word' id='word_1_73' title='bbox 1820 777 2004 817; x_wconf 88' lang='lat' dir='ltr'><strong>mora-</strong></span> 
     </span>
    </p>
   </div>
   <div class='ocr_carea' id='block_1_10' title="bbox 424 856 2004 931">
    <p class='ocr_par' dir='ltr' id='par_1_10' title="bbox 424 856 2004 931">
     <span class='ocr_line' id='line_1_12' title="bbox 424 856 2004 931; baseline -0.004 -15"><span class='ocrx_word' id='word_1_74' title='bbox 424 865 528 920; x_wconf 89' lang='lat' dir='ltr'><strong>lem</strong></span> <span class='ocrx_word' id='word_1_75' title='bbox 563 880 579 916; x_wconf 89' lang='lat'><strong>:</strong></span> <span class='ocrx_word' id='word_1_76' title='bbox 609 869 662 914; x_wconf 88' lang='lat' dir='ltr'><strong>et</strong></span> <span class='ocrx_word' id='word_1_77' title='bbox 697 876 796 931; x_wconf 91' lang='lat' dir='ltr'><strong>per</strong></span> <span class='ocrx_word' id='word_1_78' title='bbox 830 860 1011 912; x_wconf 89' lang='lat' dir='ltr'><strong>oleum</strong></span> <span class='ocrx_word' id='word_1_79' title='bbox 1050 857 1196 928; x_wconf 87' lang='lat' dir='ltr'><strong>quod</strong></span> <span class='ocrx_word' id='word_1_80' title='bbox 1240 867 1476 912; x_wconf 89' lang='lat' dir='ltr'><strong>mentem</strong></span> <span class='ocrx_word' id='word_1_81' title='bbox 1515 856 1840 928; x_wconf 88' lang='lat' dir='ltr'><strong>impinguat,</strong></span> <span class='ocrx_word' id='word_1_82' title='bbox 1866 870 2004 909; x_wconf 86' lang='lat' dir='ltr'><strong>con-</strong></span> 
     </span>
    </p>
   </div>
   <div class='ocr_carea' id='block_1_11' title="bbox 426 947 2004 1025">
    <p class='ocr_par' dir='ltr' id='par_1_11' title="bbox 426 947 2004 1025">
     <span class='ocr_line' id='line_1_13' title="bbox 426 947 2004 1025; baseline -0.006 -16"><span class='ocrx_word' id='word_1_83' title='bbox 426 956 839 1025; x_wconf 90' lang='lat' dir='ltr'><strong>templationem</strong></span> <span class='ocrx_word' id='word_1_84' title='bbox 882 969 1075 1008; x_wconf 86' lang='lat' dir='ltr'><strong>earum</strong></span> <span class='ocrx_word' id='word_1_85' title='bbox 1109 952 1389 1006; x_wconf 86' lang='lat' dir='ltr'><strong>rationum</strong></span> <span class='ocrx_word' id='word_1_86' title='bbox 1446 949 1719 1019; x_wconf 86' lang='lat' dir='ltr'><strong>intellige,</strong></span> <span class='ocrx_word' id='word_1_87' title='bbox 1774 962 1898 1017; x_wconf 66' lang='lat' dir='ltr'><strong>quae</strong></span> <span class='ocrx_word' id='word_1_88' title='bbox 1949 947 2004 1000; x_wconf 91' lang='lat' dir='ltr'><strong>in</strong></span> 
     </span>
    </p>
   </div>
   <div class='ocr_carea' id='block_1_12' title="bbox 424 1047 952 1104">
    <p class='ocr_par' dir='ltr' id='par_1_12' title="bbox 424 1047 952 1104">
     <span class='ocr_line' id='line_1_14' title="bbox 424 1047 952 1104; baseline -0.008 0"><span class='ocrx_word' id='word_1_89' title='bbox 424 1049 700 1104; x_wconf 79' lang='lat' dir='ltr'><strong>mentibus</strong></span> <span class='ocrx_word' id='word_1_90' title='bbox 737 1047 952 1102; x_wconf 85' lang='lat' dir='ltr'><strong>insunt.</strong></span> 
     </span>
    </p>
   </div>
   <div class='ocr_carea' id='block_1_13' title="bbox 2103 758 3678 832">
    <p class='ocr_par' dir='ltr' id='par_1_13' title="bbox 2103 758 3678 832">
     <span class='ocr_line' id='line_1_15' title="bbox 2103 758 3678 832; baseline -0.001 -18"><span class='ocrx_word' id='word_1_91' title='bbox 2103 761 2140 832; x_wconf 75' lang='grc' dir='ltr'>ἡ</span> <span class='ocrx_word' id='word_1_92' title='bbox 2163 758 2445 832; x_wconf 77' lang='grc' dir='ltr'>πρακτικὴ</span> <span class='ocrx_word' id='word_1_93' title='bbox 2473 758 2645 829; x_wconf 83' lang='grc' dir='ltr'>ἀρετὴ</span> <span class='ocrx_word' id='word_1_94' title='bbox 2674 774 2688 790; x_wconf 87' lang='grc'><strong>·</strong></span> <span class='ocrx_word' id='word_1_95' title='bbox 2722 758 2900 812; x_wconf 76' lang='grc' dir='ltr'>ἔλαιον</span> <span class='ocrx_word' id='word_1_96' title='bbox 2941 759 3019 823; x_wconf 75' lang='grc' dir='ltr'><strong>δὲ,</strong></span> <span class='ocrx_word' id='word_1_97' title='bbox 3053 759 3304 815; x_wconf 83' lang='grc' dir='ltr'>λιπαίνον</span> <span class='ocrx_word' id='word_1_98' title='bbox 3337 761 3431 812; x_wconf 78' lang='grc' dir='ltr'><strong>τὸν</strong></span> <span class='ocrx_word' id='word_1_99' title='bbox 3461 759 3588 813; x_wconf 74' lang='grc' dir='ltr'>νοῦν</span> <span class='ocrx_word' id='word_1_100' title='bbox 3615 762 3678 827; x_wconf 85' lang='grc' dir='ltr'>ὡς</span> 
     </span>
    </p>
   </div>
   <div class='ocr_carea' id='block_1_14' title="bbox 2104 846 3680 924">
    <p class='ocr_par' dir='ltr' id='par_1_14' title="bbox 2104 846 3680 924">
     <span class='ocr_line' id='line_1_16' title="bbox 2104 846 3680 924; baseline 0.001 -20"><span class='ocrx_word' id='word_1_101' title='bbox 2104 850 2373 920; x_wconf 82' lang='grc' dir='ltr'>κεφαλὴν,</span> <span class='ocrx_word' id='word_1_102' title='bbox 2405 851 2439 920; x_wconf 79' lang='grc' dir='ltr'>ἠ</span> <span class='ocrx_word' id='word_1_103' title='bbox 2471 848 2678 919; x_wconf 79' lang='grc' dir='ltr'><strong>θεωρία</strong></span> <span class='ocrx_word' id='word_1_104' title='bbox 2707 849 2817 903; x_wconf 81' lang='grc' dir='ltr'>τῶν</span> <span class='ocrx_word' id='word_1_105' title='bbox 2851 853 2909 904; x_wconf 82' lang='grc' dir='ltr'>ὲν</span> <span class='ocrx_word' id='word_1_106' title='bbox 2953 852 3066 914; x_wconf 83' lang='grc' dir='ltr'>τοῖς</span> <span class='ocrx_word' id='word_1_107' title='bbox 3116 846 3236 904; x_wconf 78' lang='grc' dir='ltr'>οὖσι</span> <span class='ocrx_word' id='word_1_108' title='bbox 3267 851 3444 920; x_wconf 83' lang='grc' dir='ltr'>λόγων</span> <span class='ocrx_word' id='word_1_109' title='bbox 3472 869 3487 883; x_wconf 77' lang='grc' dir='ltr'><strong>ο</strong></span> <span class='ocrx_word' id='word_1_110' title='bbox 3526 856 3680 924; x_wconf 82' lang='grc' dir='ltr'>ποτή-</span> 
     </span>
    </p>
   </div>
   <div class='ocr_carea' id='block_1_15' title="bbox 2109 943 3680 1015">
    <p class='ocr_par' dir='ltr' id='par_1_15' title="bbox 2109 943 3680 1015">
     <span class='ocr_line' id='line_1_17' title="bbox 2109 943 3680 1015; baseline 0.001 -18"><span class='ocrx_word' id='word_1_111' title='bbox 2109 961 2224 1014; x_wconf 91' lang='grc' dir='ltr'>ριον</span> <span class='ocrx_word' id='word_1_112' title='bbox 2256 944 2333 1009; x_wconf 85' lang='grc' dir='ltr'>δὲ,</span> <span class='ocrx_word' id='word_1_113' title='bbox 2367 945 2402 1015; x_wconf 77' lang='grc' dir='ltr'><strong>ἠ</strong></span> <span class='ocrx_word' id='word_1_114' title='bbox 2429 945 2557 1013; x_wconf 80' lang='grc' dir='ltr'>περὶ</span> <span class='ocrx_word' id='word_1_115' title='bbox 2575 943 2709 996; x_wconf 81' lang='grc' dir='ltr'>Θεοῦ</span> <span class='ocrx_word' id='word_1_116' title='bbox 2734 943 2936 1012; x_wconf 81' lang='grc' dir='ltr'>γνῶσις</span> <span class='ocrx_word' id='word_1_117' title='bbox 2961 958 2976 973; x_wconf 79' lang='grc'><strong>⁸</strong></span> <span class='ocrx_word' id='word_1_118' title='bbox 3016 943 3165 1008; x_wconf 79' lang='grc' dir='ltr'>ἔλεος</span> <span class='ocrx_word' id='word_1_119' title='bbox 3203 945 3260 998; x_wconf 82' lang='grc' dir='ltr'><strong>δὲ</strong></span> <span class='ocrx_word' id='word_1_120' title='bbox 3302 944 3494 1009; x_wconf 77' lang='grc' dir='ltr'>αὐτοῦ,</span> <span class='ocrx_word' id='word_1_121' title='bbox 3515 947 3544 998; x_wconf 87' lang='lat'><strong>6</strong></span> <span class='ocrx_word' id='word_1_122' title='bbox 3573 946 3680 998; x_wconf 77' lang='grc' dir='ltr'>ἑλι-</span> 
     </span>
    </p>
   </div>
   <div class='ocr_carea' id='block_1_16' title="bbox 2103 1034 3680 1122">
    <p class='ocr_par' dir='ltr' id='par_1_16' title="bbox 2103 1034 3680 1122">
     <span class='ocr_line' id='line_1_18' title="bbox 2103 1034 3680 1122; baseline 0.003 -34"><span class='ocrx_word' id='word_1_123' title='bbox 2103 1037 2262 1107; x_wconf 87' lang='grc' dir='ltr'>ήμων</span> <span class='ocrx_word' id='word_1_124' title='bbox 2292 1034 2427 1098; x_wconf 76' lang='grc' dir='ltr'>Υἱὸς</span> <span class='ocrx_word' id='word_1_125' title='bbox 2483 1035 2580 1088; x_wconf 78' lang='grc' dir='ltr'>καὶ</span> <span class='ocrx_word' id='word_1_126' title='bbox 2631 1034 2788 1102; x_wconf 79' lang='grc' dir='ltr'>Θεὸς,</span> <span class='ocrx_word' id='word_1_127' title='bbox 2836 1035 2895 1099; x_wconf 86' lang='grc' dir='ltr'>ὃς</span> <span class='ocrx_word' id='word_1_128' title='bbox 2940 1037 3029 1091; x_wconf 74' lang='grc' dir='ltr'>διὰ</span> <span class='ocrx_word' id='word_1_129' title='bbox 3062 1039 3160 1108; x_wconf 78' lang='grc' dir='ltr'>τῆς</span> <span class='ocrx_word' id='word_1_130' title='bbox 3218 1039 3680 1122; x_wconf 77' lang='grc' dir='ltr'>ὲνανθρωπήσεως</span> 
     </span>
    </p>
   </div>
   <div class='ocr_carea' id='block_1_17' title="bbox 422 1123 3680 1208">
    <p class='ocr_par' dir='ltr' id='par_1_17' title="bbox 422 1123 3680 1208">
     <span class='ocr_line' id='line_1_19' title="bbox 422 1123 3680 1208; baseline 0.002 -10"><span class='ocrx_word' id='word_1_131' title='bbox 422 1144 606 1205; x_wconf 76' lang='grc' dir='ltr'>αὑτοῦ,</span> <span class='ocrx_word' id='word_1_132' title='bbox 630 1140 960 1196; x_wconf 81' lang='grc' dir='ltr'><strong>καταδιώκει</strong></span> <span class='ocrx_word' id='word_1_133' title='bbox 986 1139 1072 1192; x_wconf 75' lang='grc' dir='ltr'><strong>ἀεὶ</strong></span> <span class='ocrx_word' id='word_1_134' title='bbox 1099 1139 1204 1203; x_wconf 78' lang='grc' dir='ltr'><strong>ἕως</strong></span> <span class='ocrx_word' id='word_1_135' title='bbox 1236 1130 1296 1193; x_wconf 68' lang='grc' dir='ltr'>οὗ</span> <span class='ocrx_word' id='word_1_136' title='bbox 1327 1135 1616 1208; x_wconf 81' lang='grc' dir='ltr'>κα⁶ταλά6ῃ</span> <span class='ocrx_word' id='word_1_137' title='bbox 1639 1133 1848 1195; x_wconf 79' lang='grc' dir='ltr'><strong>πάντας</strong></span> <span class='ocrx_word' id='word_1_138' title='bbox 1876 1130 2002 1193; x_wconf 69' lang='grc' dir='ltr'>τοὺς</span> <span class='ocrx_word' id='word_1_139' title='bbox 2037 1126 2455 1198; x_wconf 69' lang='grc' dir='ltr'><strong>σωθησομένους</strong></span> <span class='ocrx_word' id='word_1_140' title='bbox 2471 1139 2486 1154; x_wconf 85' lang='grc'><em>’</em></span> <span class='ocrx_word' id='word_1_141' title='bbox 2520 1123 2668 1191; x_wconf 73' lang='grc' dir='ltr'><strong>οἶκος</strong></span> <span class='ocrx_word' id='word_1_142' title='bbox 2692 1127 2824 1200; x_wconf 65' lang='grc' dir='ltr'><strong>δὲιή</strong></span> <span class='ocrx_word' id='word_1_143' title='bbox 2851 1127 3102 1198; x_wconf 72' lang='grc' dir='ltr'><strong>βασιλεία</strong></span> <span class='ocrx_word' id='word_1_144' title='bbox 3131 1131 3298 1186; x_wconf 64' lang='grc' dir='ltr'><strong>αὐτοῦ</strong></span> <span class='ocrx_word' id='word_1_145' title='bbox 3332 1134 3389 1185; x_wconf 69' lang='grc' dir='ltr'>έν</span> <span class='ocrx_word' id='word_1_146' title='bbox 3557 1135 3680 1186; x_wconf 61' lang='grc' dir='ltr'><strong>ἀπ’</strong></span> 
     </span>
    </p>
   </div>
   <div class='ocr_carea' id='block_1_18' title="bbox 419 1219 2485 1301">
    <p class='ocr_par' dir='ltr' id='par_1_18' title="bbox 419 1219 2485 1301">
     <span class='ocr_line' id='line_1_20' title="bbox 419 1219 2485 1301; baseline -0.007 -11"><span class='ocrx_word' id='word_1_147' title='bbox 419 1234 775 1290; x_wconf 78' lang='grc' dir='ltr'><strong>καθίστανται</strong></span> <span class='ocrx_word' id='word_1_148' title='bbox 810 1233 1013 1295; x_wconf 77' lang='grc' dir='ltr'>πάντες</span> <span class='ocrx_word' id='word_1_149' title='bbox 1041 1233 1088 1284; x_wconf 87' lang='grc' dir='ltr'><strong>οί</strong></span> <span class='ocrx_word' id='word_1_150' title='bbox 1132 1231 1280 1301; x_wconf 75' lang='grc' dir='ltr'>ἅγιοι</span> <span class='ocrx_word' id='word_1_151' title='bbox 1307 1247 1323 1263; x_wconf 75' lang='grc' dir='ltr'><strong>ο</strong></span> <span class='ocrx_word' id='word_1_152' title='bbox 1359 1230 1640 1301; x_wconf 81' lang='grc' dir='ltr'>μακρότης</span> <span class='ocrx_word' id='word_1_153' title='bbox 1665 1228 1723 1282; x_wconf 81' lang='grc' dir='ltr'><strong>δὲ</strong></span> <span class='ocrx_word' id='word_1_154' title='bbox 1751 1224 1998 1297; x_wconf 80' lang='grc' dir='ltr'>ἡμερῶν,</span> <span class='ocrx_word' id='word_1_155' title='bbox 2035 1225 2070 1294; x_wconf 75' lang='grc' dir='ltr'>ἡ</span> <span class='ocrx_word' id='word_1_156' title='bbox 2099 1221 2318 1284; x_wconf 82' lang='grc' dir='ltr'>αίώνιος</span> <span class='ocrx_word' id='word_1_157' title='bbox 2349 1219 2485 1292; x_wconf 80' lang='grc' dir='ltr'><strong>ζωή.</strong></span> 
     </span>
    </p>
   </div>
   <div class='ocr_carea' id='block_1_19' title="bbox 485 1321 2001 1396">
    <p class='ocr_par' dir='ltr' id='par_1_19' title="bbox 485 1321 2001 1396">
     <span class='ocr_line' id='line_1_21' title="bbox 485 1321 2001 1396; baseline -0.007 -15"><span class='ocrx_word' id='word_1_158' title='bbox 485 1327 851 1396; x_wconf 82' lang='lat' dir='ltr'><strong>ltnpinguasti</strong></span> <span class='ocrx_word' id='word_1_159' title='bbox 877 1326 928 1377; x_wconf 82' lang='lat' dir='ltr'><strong>in</strong></span> <span class='ocrx_word' id='word_1_160' title='bbox 949 1325 1061 1379; x_wconf 81' lang='lat' dir='ltr'><strong>oleo</strong></span> <span class='ocrx_word' id='word_1_161' title='bbox 1090 1335 1248 1395; x_wconf 86' lang='lat' dir='ltr'><strong>caput</strong></span> <span class='ocrx_word' id='word_1_162' title='bbox 1275 1341 1468 1380; x_wconf 84' lang='lat' dir='ltr'><strong>meum.</strong></span> <span class='ocrx_word' id='word_1_163' title='bbox 1505 1324 1563 1378; x_wconf 90' lang='lat' dir='ltr'><strong>lu</strong></span> <span class='ocrx_word' id='word_1_164' title='bbox 1592 1323 1711 1378; x_wconf 91' lang='lat' dir='ltr'><strong>oleo</strong></span> <span class='ocrx_word' id='word_1_165' title='bbox 1739 1321 2001 1376; x_wconf 89' lang='lat' dir='ltr'><strong>nimirum</strong></span> 
     </span>
    </p>
   </div>
   <div class='ocr_carea' id='block_1_20' title="bbox 419 1411 2005 1491">
    <p class='ocr_par' dir='ltr' id='par_1_20' title="bbox 419 1411 2005 1491">
     <span class='ocr_line' id='line_1_22' title="bbox 419 1411 2005 1491; baseline -0.009 -12"><span class='ocrx_word' id='word_1_166' title='bbox 419 1420 723 1491; x_wconf 83' lang='lat' dir='ltr'><strong>spiritualis</strong></span> <span class='ocrx_word' id='word_1_167' title='bbox 764 1419 950 1488; x_wconf 64' lang='lat' dir='ltr'><strong>gratia:</strong></span> <span class='ocrx_word' id='word_1_168' title='bbox 978 1434 994 1472; x_wconf 86' lang='lat'><strong>:</strong></span> <span class='ocrx_word' id='word_1_169' title='bbox 1027 1425 1080 1471; x_wconf 84' lang='lat' dir='ltr'><strong>et</strong></span> <span class='ocrx_word' id='word_1_170' title='bbox 1123 1434 1219 1487; x_wconf 90' lang='lat' dir='ltr'><strong>per</strong></span> <span class='ocrx_word' id='word_1_171' title='bbox 1246 1425 1412 1487; x_wconf 91' lang='lat' dir='ltr'><strong>caput</strong></span> <span class='ocrx_word' id='word_1_172' title='bbox 1446 1425 1682 1470; x_wconf 83' lang='lat' dir='ltr'><strong>mentem</strong></span> <span class='ocrx_word' id='word_1_173' title='bbox 1716 1430 1810 1469; x_wconf 86' lang='lat' dir='ltr'><strong>seu</strong></span> <span class='ocrx_word' id='word_1_174' title='bbox 1842 1411 2005 1466; x_wconf 87' lang='lat' dir='ltr'><strong>intel-</strong></span> 
     </span>
    </p>
   </div>
   <div class='ocr_carea' id='block_1_21' title="bbox 420 1505 1998 1580">
    <p class='ocr_par' dir='ltr' id='par_1_21' title="bbox 420 1505 1998 1580">
     <span class='ocr_line' id='line_1_23' title="bbox 420 1505 1998 1580; baseline -0.006 -14"><span class='ocrx_word' id='word_1_175' title='bbox 420 1514 623 1567; x_wconf 85' lang='lat' dir='ltr'><strong>lectum</strong></span> <span class='ocrx_word' id='word_1_176' title='bbox 665 1511 911 1580; x_wconf 90' lang='lat' dir='ltr'><strong>intellige</strong></span> <span class='ocrx_word' id='word_1_177' title='bbox 939 1550 953 1574; x_wconf 92' lang='lat'><strong>,</strong></span> <span class='ocrx_word' id='word_1_178' title='bbox 1016 1510 1180 1564; x_wconf 82' lang='lat' dir='ltr'><strong>veluti</strong></span> <span class='ocrx_word' id='word_1_179' title='bbox 1234 1519 1554 1563; x_wconf 89' lang='lat' dir='ltr'><strong>contentum</strong></span> <span class='ocrx_word' id='word_1_180' title='bbox 1603 1505 1998 1562; x_wconf 87' lang='lat' dir='ltr'><strong>acontinente.</strong></span> 
     </span>
    </p>
   </div>
   <div class='ocr_carea' id='block_1_22' title="bbox 2181 1315 3680 1396">
    <p class='ocr_par' dir='ltr' id='par_1_22' title="bbox 2181 1315 3680 1396">
     <span class='ocr_line' id='line_1_24' title="bbox 2181 1315 3680 1396; baseline 0.007 -26"><span class='ocrx_word' id='word_1_181' title='bbox 2181 1315 2514 1381; x_wconf 73' lang='grc' dir='ltr'>Ἐλίπανας</span> <span class='ocrx_word' id='word_1_182' title='bbox 2541 1316 2613 1370; x_wconf 77' lang='grc' dir='ltr'><strong>ἐν</strong></span> <span class='ocrx_word' id='word_1_183' title='bbox 2647 1316 2832 1386; x_wconf 66' lang='grc' dir='ltr'>ἐλαίῳ</span> <span class='ocrx_word' id='word_1_184' title='bbox 2861 1320 2976 1389; x_wconf 81' lang='grc' dir='ltr'><strong>τὴν</strong></span> <span class='ocrx_word' id='word_1_185' title='bbox 3006 1320 3284 1390; x_wconf 69' lang='grc' dir='ltr'>κεφαλήν</span> <span class='ocrx_word' id='word_1_186' title='bbox 3306 1340 3448 1391; x_wconf 83' lang='grc' dir='ltr'>μου.</span> <span class='ocrx_word' id='word_1_187' title='bbox 3482 1325 3570 1396; x_wconf 85' lang='grc' dir='ltr'><strong>Τῷ</strong></span> <span class='ocrx_word' id='word_1_188' title='bbox 3597 1326 3680 1381; x_wconf 82' lang='grc' dir='ltr'>τοῦ</span> 
     </span>
    </p>
   </div>
   <div class='ocr_carea' id='block_1_23' title="bbox 2101 1408 3680 1493">
    <p class='ocr_par' dir='ltr' id='par_1_23' title="bbox 2101 1408 3680 1493">
     <span class='ocr_line' id='line_1_25' title="bbox 2101 1408 3680 1493; baseline 0.011 -33"><span class='ocrx_word' id='word_1_189' title='bbox 2101 1408 2480 1477; x_wconf 79' lang='grc' dir='ltr'>πνευματικοῦ</span> <span class='ocrx_word' id='word_1_190' title='bbox 2511 1411 2855 1482; x_wconf 84' lang='grc' dir='ltr'>χαρίσματος</span> <span class='ocrx_word' id='word_1_191' title='bbox 2877 1427 2892 1442; x_wconf 81' lang='grc'><strong><em>⁸</em></strong></span> <span class='ocrx_word' id='word_1_192' title='bbox 2921 1414 3166 1486; x_wconf 79' lang='grc' dir='ltr'>κεφαλὴν</span> <span class='ocrx_word' id='word_1_193' title='bbox 3198 1417 3277 1482; x_wconf 77' lang='grc' dir='ltr'><strong>δὲ,</strong></span> <span class='ocrx_word' id='word_1_194' title='bbox 3302 1419 3394 1473; x_wconf 73' lang='grc' dir='ltr'><strong>τὸν</strong></span> <span class='ocrx_word' id='word_1_195' title='bbox 3425 1420 3550 1473; x_wconf 81' lang='grc' dir='ltr'>νοῦν</span> <span class='ocrx_word' id='word_1_196' title='bbox 3578 1424 3680 1493; x_wconf 79' lang='grc' dir='ltr'>οίηο</span> 
     </span>
    </p>
   </div>
   <div class='ocr_carea' id='block_1_24' title="bbox 2097 1499 3681 1582">
    <p class='ocr_par' dir='ltr' id='par_1_24' title="bbox 2097 1499 3681 1582">
     <span class='ocr_line' id='line_1_26' title="bbox 2097 1499 3681 1582; baseline 0.01 -32"><span class='ocrx_word' id='word_1_197' title='bbox 2097 1500 2241 1564; x_wconf 87' lang='grc' dir='ltr'>τέον,</span> <span class='ocrx_word' id='word_1_198' title='bbox 2294 1500 2361 1552; x_wconf 85' lang='grc' dir='ltr'>ὲκ</span> <span class='ocrx_word' id='word_1_199' title='bbox 2383 1499 2477 1552; x_wconf 79' lang='grc' dir='ltr'>τοῦ</span> <span class='ocrx_word' id='word_1_200' title='bbox 2509 1501 2858 1572; x_wconf 83' lang='grc' dir='ltr'>περιέχοντος</span> <span class='ocrx_word' id='word_1_201' title='bbox 2888 1503 2947 1557; x_wconf 85' lang='grc' dir='ltr'>τὸ</span> <span class='ocrx_word' id='word_1_202' title='bbox 2985 1507 3398 1578; x_wconf 81' lang='grc' dir='ltr'>περιεχόμενον.</span> <span class='ocrx_word' id='word_1_203' title='bbox 3439 1511 3514 1564; x_wconf 82' lang='grc' dir='ltr'><strong>Τὸ</strong></span> <span class='ocrx_word' id='word_1_204' title='bbox 3539 1512 3681 1582; x_wconf 80' lang='grc' dir='ltr'>χάρι-</span> 
     </span>
    </p>
   </div>
   <div class='ocr_carea' id='block_1_25' title="bbox 420 1590 2003 1672">
    <p class='ocr_par' dir='ltr' id='par_1_25' title="bbox 420 1595 2003 1672">
     <span class='ocr_line' id='line_1_27' title="bbox 420 1595 2003 1672; baseline -0.008 -12"><span class='ocrx_word' id='word_1_205' title='bbox 420 1605 607 1660; x_wconf 81' lang='lat' dir='ltr'><strong>Gratia</strong></span> <span class='ocrx_word' id='word_1_206' title='bbox 645 1605 788 1658; x_wconf 84' lang='lat' dir='ltr'><strong>enint</strong></span> <span class='ocrx_word' id='word_1_207' title='bbox 823 1601 1065 1672; x_wconf 87' lang='lat' dir='ltr'><strong>Spiritus</strong></span> <span class='ocrx_word' id='word_1_208' title='bbox 1098 1602 1404 1672; x_wconf 84' lang='lat' dir='ltr'><strong>impinguat</strong></span> <span class='ocrx_word' id='word_1_209' title='bbox 1439 1613 1492 1656; x_wconf 91' lang='lat' dir='ltr'><strong>et</strong></span> <span class='ocrx_word' id='word_1_210' title='bbox 1535 1601 1764 1654; x_wconf 82' lang='lat' dir='ltr'><strong>hilarem</strong></span> <span class='ocrx_word' id='word_1_211' title='bbox 1820 1595 2003 1651; x_wconf 84' lang='lat' dir='ltr'><strong>reddit</strong></span> 
     </span>
    </p>
   </div>
   <div class='ocr_carea' id='block_1_26' title="bbox 2121 1590 3680 1672">
    <p class='ocr_par' dir='ltr' id='par_1_26' title="bbox 2121 1590 3680 1666">
     <span class='ocr_line' id='line_1_28' title="bbox 2121 1590 3680 1666; baseline 0.01 -24"><span class='ocrx_word' id='word_1_212' title='bbox 2121 1607 2214 1660; x_wconf 70' lang='grc' dir='ltr'>πμα</span> <span class='ocrx_word' id='word_1_213' title='bbox 2246 1590 2357 1660; x_wconf 86' lang='grc' dir='ltr'><strong>γὰρ</strong></span> <span class='ocrx_word' id='word_1_214' title='bbox 2386 1591 2480 1644; x_wconf 81' lang='grc' dir='ltr'>τοῦ</span> <span class='ocrx_word' id='word_1_215' title='bbox 2531 1593 2852 1664; x_wconf 77' lang='grc' dir='ltr'>Πνεύματος</span> <span class='ocrx_word' id='word_1_216' title='bbox 2910 1595 3154 1666; x_wconf 83' lang='grc' dir='ltr'>ίλαρύνει</span> <span class='ocrx_word' id='word_1_217' title='bbox 3205 1599 3304 1653; x_wconf 75' lang='grc' dir='ltr'>καὶ</span> <span class='ocrx_word' id='word_1_218' title='bbox 3353 1603 3566 1655; x_wconf 85' lang='grc' dir='ltr'>πιαίνει</span> <span class='ocrx_word' id='word_1_219' title='bbox 3603 1605 3680 1658; x_wconf 75' lang='grc' dir='ltr'>τὸν</span> 
     </span>
    </p>
   </div>
   <div class='ocr_carea' id='block_1_27' title="bbox 423 1690 2003 1760">
    <p class='ocr_par' dir='ltr' id='par_1_27' title="bbox 423 1690 2003 1760">
     <span class='ocr_line' id='line_1_29' title="bbox 423 1690 2003 1760; baseline -0.006 -8"><span class='ocrx_word' id='word_1_220' title='bbox 423 1708 682 1752; x_wconf 64' lang='lat' dir='ltr'><strong>montem.</strong></span> <span class='ocrx_word' id='word_1_221' title='bbox 716 1695 987 1750; x_wconf 87' lang='lat' dir='ltr'><strong>Fortassis</strong></span> <span class='ocrx_word' id='word_1_222' title='bbox 1021 1695 1188 1750; x_wconf 90' lang='lat' dir='ltr'><strong>etiam</strong></span> <span class='ocrx_word' id='word_1_223' title='bbox 1221 1694 1534 1748; x_wconf 87' lang='lat' dir='ltr'><strong>unctionem</strong></span> <span class='ocrx_word' id='word_1_224' title='bbox 1567 1691 1670 1747; x_wconf 85' lang='lat' dir='ltr'><strong>olei</strong></span> <span class='ocrx_word' id='word_1_225' title='bbox 1705 1690 2003 1760; x_wconf 85' lang='lat' dir='ltr'><strong>baptisma-</strong></span> 
     </span>
    </p>
   </div>
   <div class='ocr_carea' id='block_1_28' title="bbox 2097 1682 3681 1764">
    <p class='ocr_par' dir='ltr' id='par_1_28' title="bbox 2097 1682 3681 1764">
     <span class='ocr_line' id='line_1_30' title="bbox 2097 1682 3681 1764; baseline 0.008 -29"><span class='ocrx_word' id='word_1_226' title='bbox 2097 1682 2246 1737; x_wconf 82' lang='grc' dir='ltr'>νοῦν.</span> <span class='ocrx_word' id='word_1_227' title='bbox 2286 1684 2360 1736; x_wconf 83' lang='grc' dir='ltr'><strong>’Ἡ</strong></span> <span class='ocrx_word' id='word_1_228' title='bbox 2407 1682 2468 1736; x_wconf 83' lang='grc' dir='ltr'>τὸ</span> <span class='ocrx_word' id='word_1_229' title='bbox 2517 1685 2726 1756; x_wconf 87' lang='grc' dir='ltr'>χρίσμα</span> <span class='ocrx_word' id='word_1_230' title='bbox 2761 1686 2854 1740; x_wconf 81' lang='grc' dir='ltr'>τοῦ</span> <span class='ocrx_word' id='word_1_231' title='bbox 2909 1687 3272 1756; x_wconf 79' lang='grc' dir='ltr'>βαπτιστικοῦ</span> <span class='ocrx_word' id='word_1_232' title='bbox 3304 1691 3579 1764; x_wconf 81' lang='grc' dir='ltr'>ὲ&gt;.αίου,ἧ</span> <span class='ocrx_word' id='word_1_233' title='bbox 3632 1696 3681 1748; x_wconf 78' lang='grc' dir='ltr'>τὸ</span> 
     </span>
    </p>
   </div>
   <div class='ocr_carea' id='block_1_29' title="bbox 427 1773 2003 1868">
    <p class='ocr_par' dir='ltr' id='par_1_29' title="bbox 427 1780 1998 1858">
     <span class='ocr_line' id='line_1_31' title="bbox 427 1780 1998 1858; baseline -0.006 -16"><span class='ocrx_word' id='word_1_234' title='bbox 427 1793 496 1842; x_wconf 89' lang='lat' dir='ltr'><strong>Iis</strong></span> <span class='ocrx_word' id='word_1_235' title='bbox 529 1787 797 1858; x_wconf 69' lang='lat' dir='ltr'><strong>praedicit,</strong></span> <span class='ocrx_word' id='word_1_236' title='bbox 826 1794 918 1839; x_wconf 88' lang='lat' dir='ltr'><strong>aut</strong></span> <span class='ocrx_word' id='word_1_237' title='bbox 956 1794 1297 1854; x_wconf 73' lang='lat' dir='ltr'><strong>unguentum</strong></span> <span class='ocrx_word' id='word_1_238' title='bbox 1340 1784 1507 1846; x_wconf 86' lang='lat' dir='ltr'><strong>illud,</strong></span> <span class='ocrx_word' id='word_1_239' title='bbox 1538 1797 1646 1850; x_wconf 83' lang='lat' dir='ltr'><strong>quo</strong></span> <span class='ocrx_word' id='word_1_240' title='bbox 1676 1780 1937 1835; x_wconf 91' lang='lat' dir='ltr'><strong>Dominus</strong></span> <span class='ocrx_word' id='word_1_241' title='bbox 1967 1792 1998 1832; x_wconf 91' lang='lat' dir='ltr'><strong>a</strong></span> 
     </span>
    </p>
   </div>
   <div class='ocr_carea' id='block_1_30' title="bbox 2121 1773 3680 1868">
    <p class='ocr_par' dir='ltr' id='par_1_30' title="bbox 2121 1773 3680 1868">
     <span class='ocr_line' id='line_1_32' title="bbox 2121 1773 3680 1868; baseline 0.008 -42"><span class='ocrx_word' id='word_1_242' title='bbox 2121 1773 2198 1868; x_wconf 72' lang='grc' dir='ltr'><strong>τοῦ</strong></span> <span class='ocrx_word' id='word_1_243' title='bbox 2232 1773 2423 1868; x_wconf 73' lang='grc' dir='ltr'>μύρου</span> <span class='ocrx_word' id='word_1_244' title='bbox 2452 1780 2857 1868; x_wconf 83' lang='grc' dir='ltr'>προαναφωνεῖ,</span> <span class='ocrx_word' id='word_1_245' title='bbox 2894 1779 2982 1850; x_wconf 79' lang='grc' dir='ltr'><strong>ἐφ’</strong></span> <span class='ocrx_word' id='word_1_246' title='bbox 3002 1779 3061 1836; x_wconf 78' lang='grc' dir='ltr'>ὃν</span> <span class='ocrx_word' id='word_1_247' title='bbox 3094 1783 3204 1854; x_wconf 83' lang='grc'><strong>(87)</strong></span> <span class='ocrx_word' id='word_1_248' title='bbox 3252 1783 3361 1838; x_wconf 80' lang='grc' dir='ltr'>ἀπὸ</span> <span class='ocrx_word' id='word_1_249' title='bbox 3387 1785 3491 1854; x_wconf 83' lang='grc' dir='ltr'>τῆς</span> <span class='ocrx_word' id='word_1_250' title='bbox 3523 1801 3680 1855; x_wconf 78' lang='grc' dir='ltr'>κεφα-</span> 
     </span>
    </p>
   </div>
   <div class='ocr_carea' id='block_1_31' title="bbox 423 1864 2003 1945">
    <p class='ocr_par' dir='ltr' id='par_1_31' title="bbox 423 1873 2000 1945">
     <span class='ocr_line' id='line_1_33' title="bbox 423 1873 2000 1945; baseline -0.006 -12"><span class='ocrx_word' id='word_1_251' title='bbox 423 1880 653 1934; x_wconf 83' lang='lat' dir='ltr'><strong>muliere</strong></span> <span class='ocrx_word' id='word_1_252' title='bbox 681 1889 878 1932; x_wconf 89' lang='lat' dir='ltr'><strong>unctus</strong></span> <span class='ocrx_word' id='word_1_253' title='bbox 907 1885 1010 1941; x_wconf 92' lang='lat' dir='ltr'><strong>est,</strong></span> <span class='ocrx_word' id='word_1_254' title='bbox 1051 1877 1105 1930; x_wconf 91' lang='lat' dir='ltr'><strong>in</strong></span> <span class='ocrx_word' id='word_1_255' title='bbox 1131 1877 1331 1945; x_wconf 85' lang='lat' dir='ltr'><strong>quibus</strong></span> <span class='ocrx_word' id='word_1_256' title='bbox 1380 1873 1639 1930; x_wconf 87' lang='lat' dir='ltr'><strong>omnibus</strong></span> <span class='ocrx_word' id='word_1_257' title='bbox 1691 1887 1790 1943; x_wconf 68' lang='lat' dir='ltr'><strong>per</strong></span> <span class='ocrx_word' id='word_1_258' title='bbox 1835 1879 2000 1938; x_wconf 78' lang='lat' dir='ltr'><strong>caput</strong></span> 
     </span>
    </p>
   </div>
   <div class='ocr_carea' id='block_1_32' title="bbox 2121 1864 3126 1945">
    <p class='ocr_par' dir='ltr' id='par_1_32' title="bbox 2121 1864 3126 1944">
     <span class='ocr_line' id='line_1_34' title="bbox 2121 1864 3126 1944; baseline 0.013 -28"><span class='ocrx_word' id='word_1_259' title='bbox 2121 1864 2204 1935; x_wconf 61' lang='grc' dir='ltr'><strong>’.ἧς</strong></span> <span class='ocrx_word' id='word_1_260' title='bbox 2226 1865 2347 1918; x_wconf 82' lang='grc' dir='ltr'>ὅλον</span> <span class='ocrx_word' id='word_1_261' title='bbox 2379 1866 2470 1920; x_wconf 84' lang='grc' dir='ltr'><strong>τὸν</strong></span> <span class='ocrx_word' id='word_1_262' title='bbox 2499 1867 2787 1939; x_wconf 78' lang='grc' dir='ltr'>ἄνθρωπον</span> <span class='ocrx_word' id='word_1_263' title='bbox 2820 1873 3126 1944; x_wconf 81' lang='grc' dir='ltr'>νοήσωμεν.</span> 
     </span>
    </p>
   </div>
   <div class='ocr_carea' id='block_1_33' title="bbox 423 1966 1250 2036">
    <p class='ocr_par' dir='ltr' id='par_1_33' title="bbox 423 1966 1250 2036">
     <span class='ocr_line' id='line_1_35' title="bbox 423 1966 1250 2036; baseline -0.005 -12"><span class='ocrx_word' id='word_1_264' title='bbox 423 1979 596 2025; x_wconf 85' lang='lat' dir='ltr'><strong>totum</strong></span> <span class='ocrx_word' id='word_1_265' title='bbox 636 1970 912 2022; x_wconf 86' lang='lat' dir='ltr'><strong>hominem</strong></span> <span class='ocrx_word' id='word_1_266' title='bbox 952 1966 1250 2036; x_wconf 78' lang='lat' dir='ltr'><strong>signiﬁcat.</strong></span> 
     </span>
    </p>
   </div>
   <div class='ocr_carea' id='block_1_34' title="bbox 496 2055 2004 2127">
    <p class='ocr_par' dir='ltr' id='par_1_34' title="bbox 496 2055 2004 2127">
     <span class='ocr_line' id='line_1_36' title="bbox 496 2055 2004 2127; baseline -0.003 -13"><span class='ocrx_word' id='word_1_267' title='bbox 496 2061 565 2114; x_wconf 86' lang='lat' dir='ltr'><strong>Et</strong></span> <span class='ocrx_word' id='word_1_268' title='bbox 594 2061 737 2114; x_wconf 75' lang='lat' dir='ltr'><strong>calix</strong></span> <span class='ocrx_word' id='word_1_269' title='bbox 766 2070 885 2114; x_wconf 85' lang='lat' dir='ltr'><strong>tuus</strong></span> <span class='ocrx_word' id='word_1_270' title='bbox 919 2059 1186 2113; x_wconf 78' lang='lat' dir='ltr'><strong>inebrians</strong></span> <span class='ocrx_word' id='word_1_271' title='bbox 1238 2074 1316 2111; x_wconf 87' lang='lat' dir='ltr'><strong>me</strong></span> <span class='ocrx_word' id='word_1_272' title='bbox 1353 2099 1366 2122; x_wconf 90' lang='lat'><strong>,</strong></span> <span class='ocrx_word' id='word_1_273' title='bbox 1419 2072 1576 2127; x_wconf 88' lang='lat' dir='ltr'><strong>quam</strong></span> <span class='ocrx_word' id='word_1_274' title='bbox 1626 2056 1856 2125; x_wconf 84' lang='lat' dir='ltr'><strong>optimus</strong></span> <span class='ocrx_word' id='word_1_275' title='bbox 1883 2055 2004 2110; x_wconf 86' lang='lat' dir='ltr'><strong>est!</strong></span> 
     </span>
    </p>
   </div>
   <div class='ocr_carea' id='block_1_35' title="bbox 419 2150 2000 2222">
    <p class='ocr_par' dir='ltr' id='par_1_35' title="bbox 419 2150 2000 2222">
     <span class='ocr_line' id='line_1_37' title="bbox 419 2150 2000 2222; baseline -0.004 -13"><span class='ocrx_word' id='word_1_276' title='bbox 419 2155 706 2219; x_wconf 84' lang='lat' dir='ltr'><strong>Poculum,</strong></span> <span class='ocrx_word' id='word_1_277' title='bbox 741 2153 988 2222; x_wconf 89' lang='lat' dir='ltr'><strong>inquam,</strong></span> <span class='ocrx_word' id='word_1_278' title='bbox 1017 2152 1458 2222; x_wconf 80' lang='lat' dir='ltr'><strong>evangelicorum</strong></span> <span class='ocrx_word' id='word_1_279' title='bbox 1492 2164 1830 2216; x_wconf 80' lang='lat' dir='ltr'><strong>sermonum,</strong></span> <span class='ocrx_word' id='word_1_280' title='bbox 1856 2150 2000 2218; x_wconf 89' lang='lat' dir='ltr'><strong>quod</strong></span> 
     </span>
    </p>
   </div>
   <div class='ocr_carea' id='block_1_36' title="bbox 423 2241 1999 2312">
    <p class='ocr_par' dir='ltr' id='par_1_36' title="bbox 423 2241 1999 2312">
     <span class='ocr_line' id='line_1_38' title="bbox 423 2241 1999 2312; baseline -0.004 -10"><span class='ocrx_word' id='word_1_281' title='bbox 423 2263 510 2302; x_wconf 87' lang='lat' dir='ltr'><strong>me</strong></span> <span class='ocrx_word' id='word_1_282' title='bbox 538 2247 754 2300; x_wconf 89' lang='lat' dir='ltr'><strong>ebrium</strong></span> <span class='ocrx_word' id='word_1_283' title='bbox 786 2244 991 2309; x_wconf 72' lang='lat' dir='ltr'><strong>reddit,</strong></span> <span class='ocrx_word' id='word_1_284' title='bbox 1019 2244 1302 2298; x_wconf 79' lang='lat' dir='ltr'><strong>Excedere</strong></span> <span class='ocrx_word' id='word_1_285' title='bbox 1332 2243 1477 2296; x_wconf 90' lang='lat' dir='ltr'><strong>enim</strong></span> <span class='ocrx_word' id='word_1_286' title='bbox 1511 2257 1597 2296; x_wconf 90' lang='lat' dir='ltr'><strong>me</strong></span> <span class='ocrx_word' id='word_1_287' title='bbox 1619 2241 1748 2296; x_wconf 80' lang='lat' dir='ltr'><strong>facit</strong></span> <span class='ocrx_word' id='word_1_288' title='bbox 1774 2256 1804 2294; x_wconf 89' lang='lat' dir='ltr'><strong>a</strong></span> <span class='ocrx_word' id='word_1_289' title='bbox 1829 2241 1999 2312; x_wconf 89' lang='lat' dir='ltr'><strong>priori</strong></span> 
     </span>
    </p>
   </div>
   <div class='ocr_carea' id='block_1_37' title="bbox 428 2332 2002 2407">
    <p class='ocr_par' dir='ltr' id='par_1_37' title="bbox 428 2332 2002 2407">
     <span class='ocr_line' id='line_1_39' title="bbox 428 2332 2002 2407; baseline -0.001 -17"><span class='ocrx_word' id='word_1_290' title='bbox 428 2337 774 2407; x_wconf 86' lang='lat' dir='ltr'><strong>pertinacia,</strong></span> <span class='ocrx_word' id='word_1_291' title='bbox 829 2344 1019 2406; x_wconf 91' lang='lat' dir='ltr'><strong>utpote</strong></span> <span class='ocrx_word' id='word_1_292' title='bbox 1082 2343 1273 2406; x_wconf 83' lang='lat' dir='ltr'><strong>potens</strong></span> <span class='ocrx_word' id='word_1_293' title='bbox 1327 2344 1518 2388; x_wconf 91' lang='lat' dir='ltr'><strong>contra</strong></span> <span class='ocrx_word' id='word_1_294' title='bbox 1579 2334 1854 2390; x_wconf 89' lang='lat' dir='ltr'><strong>inimicos.</strong></span> <span class='ocrx_word' id='word_1_295' title='bbox 1905 2332 2002 2389; x_wconf 89' lang='lat' dir='ltr'><strong>Vel</strong></span> 
     </span>
    </p>
   </div>
   <div class='ocr_carea' id='block_1_38' title="bbox 424 2425 1803 2498">
    <p class='ocr_par' dir='ltr' id='par_1_38' title="bbox 424 2425 1803 2498">
     <span class='ocr_line' id='line_1_40' title="bbox 424 2425 1803 2498; baseline -0.003 -15"><span class='ocrx_word' id='word_1_296' title='bbox 424 2430 607 2493; x_wconf 85' lang='lat' dir='ltr'><strong>aliter,</strong></span> <span class='ocrx_word' id='word_1_297' title='bbox 643 2428 896 2498; x_wconf 89' lang='lat' dir='ltr'><strong>poculum</strong></span> <span class='ocrx_word' id='word_1_298' title='bbox 941 2427 1212 2481; x_wconf 83' lang='lat' dir='ltr'><strong>incruenti</strong></span> <span class='ocrx_word' id='word_1_299' title='bbox 1247 2425 1502 2479; x_wconf 80' lang='lat' dir='ltr'><strong>sacriﬁcii</strong></span> <span class='ocrx_word' id='word_1_300' title='bbox 1531 2425 1803 2492; x_wconf 87' lang='lat' dir='ltr'><strong>intelligit.</strong></span> 
     </span>
    </p>
   </div>
   <div class='ocr_carea' id='block_1_39' title="bbox 495 2519 2002 2588">
    <p class='ocr_par' dir='ltr' id='par_1_39' title="bbox 495 2519 2002 2588">
     <span class='ocr_line' id='line_1_41' title="bbox 495 2519 2002 2588; baseline -0.004 -12"><span class='ocrx_word' id='word_1_301' title='bbox 495 2519 664 2576; x_wconf 67' lang='lat' dir='ltr'><strong>Vens.</strong></span> <span class='ocrx_word' id='word_1_302' title='bbox 723 2520 774 2575; x_wconf 84' lang='lat'><strong>6.</strong></span> <span class='ocrx_word' id='word_1_303' title='bbox 837 2519 900 2575; x_wconf 83' lang='lat' dir='ltr'><strong>Et</strong></span> <span class='ocrx_word' id='word_1_304' title='bbox 948 2520 1318 2575; x_wconf 79' lang='lat' dir='ltr'><strong>misericordia</strong></span> <span class='ocrx_word' id='word_1_305' title='bbox 1374 2528 1465 2571; x_wconf 85' lang='lat' dir='ltr'><strong>tua</strong></span> <span class='ocrx_word' id='word_1_306' title='bbox 1521 2528 1862 2588; x_wconf 72' lang='lat' dir='ltr'><strong>persequetur</strong></span> <span class='ocrx_word' id='word_1_307' title='bbox 1922 2533 2002 2571; x_wconf 87' lang='lat' dir='ltr'><strong>me</strong></span> 
     </span>
    </p>
   </div>
   <div class='ocr_carea' id='block_1_40' title="bbox 423 2609 1999 2680">
    <p class='ocr_par' dir='ltr' id='par_1_40' title="bbox 423 2609 1999 2680">
     <span class='ocr_line' id='line_1_42' title="bbox 423 2609 1999 2680; baseline -0.007 -9"><span class='ocrx_word' id='word_1_308' title='bbox 423 2617 664 2672; x_wconf 84' lang='lat' dir='ltr'><strong>omnibus</strong></span> <span class='ocrx_word' id='word_1_309' title='bbox 695 2614 880 2669; x_wconf 75' lang='lat' dir='ltr'><strong>diebus</strong></span> <span class='ocrx_word' id='word_1_310' title='bbox 907 2615 1029 2668; x_wconf 69' lang='lat' dir='ltr'><strong>vim</strong></span> <span class='ocrx_word' id='word_1_311' title='bbox 1061 2631 1209 2668; x_wconf 69' lang='lat' dir='ltr'><strong>mea’.</strong></span> <span class='ocrx_word' id='word_1_312' title='bbox 1251 2644 1320 2654; x_wconf 90' lang='lat'>—</span> <span class='ocrx_word' id='word_1_313' title='bbox 1359 2609 1728 2680; x_wconf 77' lang='lat' dir='ltr'><strong>Persequetur,</strong></span> <span class='ocrx_word' id='word_1_314' title='bbox 1761 2611 1862 2664; x_wconf 88' lang='lat' dir='ltr'><strong>hoc</strong></span> <span class='ocrx_word' id='word_1_315' title='bbox 1893 2618 1999 2674; x_wconf 88' lang='lat' dir='ltr'><strong>est,</strong></span> 
     </span>
    </p>
   </div>
   <div class='ocr_carea' id='block_1_41' title="bbox 421 2700 2001 2776">
    <p class='ocr_par' dir='ltr' id='par_1_41' title="bbox 421 2700 2001 2776">
     <span class='ocr_line' id='line_1_43' title="bbox 421 2700 2001 2776; baseline -0.006 -14"><span class='ocrx_word' id='word_1_316' title='bbox 421 2715 684 2776; x_wconf 76' lang='lat' dir='ltr'><strong>sequetur</strong></span> <span class='ocrx_word' id='word_1_317' title='bbox 709 2722 817 2770; x_wconf 88' lang='lat' dir='ltr'><strong>me,</strong></span> <span class='ocrx_word' id='word_1_318' title='bbox 838 2710 912 2759; x_wconf 89' lang='lat' dir='ltr'><strong>ita</strong></span> <span class='ocrx_word' id='word_1_319' title='bbox 936 2705 1278 2759; x_wconf 86' lang='lat' dir='ltr'><strong>incedentem</strong></span> <span class='ocrx_word' id='word_1_320' title='bbox 1312 2704 1596 2766; x_wconf 88' lang='lat' dir='ltr'><strong>nimirum,</strong></span> <span class='ocrx_word' id='word_1_321' title='bbox 1621 2710 1670 2756; x_wconf 85' lang='lat' dir='ltr'><strong>et</strong></span> <span class='ocrx_word' id='word_1_322' title='bbox 1704 2700 2001 2772; x_wconf 76' lang='lat' dir='ltr'><strong>fugientem</strong></span> 
     </span>
    </p>
   </div>
   <div class='ocr_carea' id='block_1_42' title="bbox 423 2787 2003 2858">
    <p class='ocr_par' dir='ltr' id='par_1_42' title="bbox 423 2787 2003 2858">
     <span class='ocr_line' id='line_1_44' title="bbox 423 2787 2003 2858; baseline -0.006 -12"><span class='ocrx_word' id='word_1_323' title='bbox 423 2805 664 2846; x_wconf 85' lang='lat' dir='ltr'><strong>errores.</strong></span> <span class='ocrx_word' id='word_1_324' title='bbox 700 2788 814 2852; x_wconf 82' lang='lat' dir='ltr'><strong>Vel,</strong></span> <span class='ocrx_word' id='word_1_325' title='bbox 855 2799 1216 2858; x_wconf 51' lang='lat' dir='ltr'><strong>persequetur,</strong></span> <span class='ocrx_word' id='word_1_326' title='bbox 1254 2787 1358 2841; x_wconf 86' lang='lat' dir='ltr'><strong>hoc</strong></span> <span class='ocrx_word' id='word_1_327' title='bbox 1388 2799 1494 2851; x_wconf 85' lang='lat' dir='ltr'><strong>est,</strong></span> <span class='ocrx_word' id='word_1_328' title='bbox 1523 2789 1801 2855; x_wconf 83' lang='lat' dir='ltr'><strong>pcrquirct</strong></span> <span class='ocrx_word' id='word_1_329' title='bbox 1833 2802 1917 2840; x_wconf 85' lang='lat' dir='ltr'><strong>tne</strong></span> <span class='ocrx_word' id='word_1_330' title='bbox 1948 2791 2003 2838; x_wconf 82' lang='lat' dir='ltr'><strong>et</strong></span> 
     </span>
    </p>
   </div>
   <div class='ocr_carea' id='block_1_43' title="bbox 425 2877 834 2934">
    <p class='ocr_par' dir='ltr' id='par_1_43' title="bbox 425 2877 834 2934">
     <span class='ocr_line' id='line_1_45' title="bbox 425 2877 834 2934; baseline -0.005 0"><span class='ocrx_word' id='word_1_331' title='bbox 425 2896 536 2934; x_wconf 90' lang='lat' dir='ltr'><strong>non</strong></span> <span class='ocrx_word' id='word_1_332' title='bbox 570 2877 834 2933; x_wconf 87' lang='lat' dir='ltr'><strong>discedet.</strong></span> 
     </span>
    </p>
   </div>
   <div class='ocr_carea' id='block_1_44' title="bbox 504 2966 2002 3037">
    <p class='ocr_par' dir='ltr' id='par_1_44' title="bbox 504 2966 2002 3037">
     <span class='ocr_line' id='line_1_46' title="bbox 504 2966 2002 3037; baseline -0.002 -14"><span class='ocrx_word' id='word_1_333' title='bbox 504 2970 565 3023; x_wconf 87' lang='lat' dir='ltr'><strong>Et</strong></span> <span class='ocrx_word' id='word_1_334' title='bbox 593 2982 648 3023; x_wconf 85' lang='lat' dir='ltr'><strong>ut</strong></span> <span class='ocrx_word' id='word_1_335' title='bbox 677 2971 1024 3023; x_wconf 82' lang='lat' dir='ltr'><strong>inhabitarent</strong></span> <span class='ocrx_word' id='word_1_336' title='bbox 1052 2971 1106 3021; x_wconf 86' lang='lat' dir='ltr'><strong>in</strong></span> <span class='ocrx_word' id='word_1_337' title='bbox 1131 2968 1286 3023; x_wconf 87' lang='lat' dir='ltr'><strong>domo</strong></span> <span class='ocrx_word' id='word_1_338' title='bbox 1323 2967 1534 3023; x_wconf 85' lang='lat' dir='ltr'><strong>Domini</strong></span> <span class='ocrx_word' id='word_1_339' title='bbox 1587 2968 1638 3020; x_wconf 88' lang='lat' dir='ltr'><strong>in</strong></span> <span class='ocrx_word' id='word_1_340' title='bbox 1680 2966 2002 3037; x_wconf 71' lang='lat' dir='ltr'><strong>longitudine</strong></span> 
     </span>
    </p>
   </div>
   <div class='ocr_carea' id='block_1_45' title="bbox 425 3061 2002 3130">
    <p class='ocr_par' dir='ltr' id='par_1_45' title="bbox 425 3061 2002 3130">
     <span class='ocr_line' id='line_1_47' title="bbox 425 3061 2002 3130; baseline -0.003 -14"><span class='ocrx_word' id='word_1_341' title='bbox 425 3063 653 3118; x_wconf 79' lang='lat' dir='ltr'><strong>dierum.</strong></span> <span class='ocrx_word' id='word_1_342' title='bbox 684 3061 1053 3130; x_wconf 83' lang='lat' dir='ltr'><strong>Persequetur</strong></span> <span class='ocrx_word' id='word_1_343' title='bbox 1080 3071 1259 3115; x_wconf 89' lang='lat' dir='ltr'><strong>autem</strong></span> <span class='ocrx_word' id='word_1_344' title='bbox 1297 3077 1404 3125; x_wconf 90' lang='lat' dir='ltr'><strong>me,</strong></span> <span class='ocrx_word' id='word_1_345' title='bbox 1437 3070 1495 3115; x_wconf 91' lang='lat' dir='ltr'><strong>ut</strong></span> <span class='ocrx_word' id='word_1_346' title='bbox 1546 3068 1695 3115; x_wconf 91' lang='lat' dir='ltr'><strong>tutus</strong></span> <span class='ocrx_word' id='word_1_347' title='bbox 1737 3061 1786 3112; x_wconf 90' lang='lat' dir='ltr'><strong>iu</strong></span> <span class='ocrx_word' id='word_1_348' title='bbox 1821 3068 2002 3128; x_wconf 82' lang='lat' dir='ltr'><strong>prote-</strong></span> 
     </span>
    </p>
   </div>
   <div class='ocr_carea' id='block_1_46' title="bbox 2175 2042 3683 2126">
    <p class='ocr_par' dir='ltr' id='par_1_46' title="bbox 2175 2042 3683 2126">
     <span class='ocr_line' id='line_1_48' title="bbox 2175 2042 3683 2126; baseline 0.009 -28"><span class='ocrx_word' id='word_1_349' title='bbox 2175 2042 2286 2098; x_wconf 76' lang='grc' dir='ltr'>Καὶ</span> <span class='ocrx_word' id='word_1_350' title='bbox 2319 2043 2385 2097; x_wconf 81' lang='grc' dir='ltr'>τὸ</span> <span class='ocrx_word' id='word_1_351' title='bbox 2436 2045 2723 2114; x_wconf 77' lang='grc' dir='ltr'>ποτήριόν</span> <span class='ocrx_word' id='word_1_352' title='bbox 2767 2065 2884 2104; x_wconf 88' lang='grc' dir='ltr'><strong>σου</strong></span> <span class='ocrx_word' id='word_1_353' title='bbox 2909 2053 3222 2119; x_wconf 80' lang='grc' dir='ltr'>μεθὺσκον</span> <span class='ocrx_word' id='word_1_354' title='bbox 3243 2071 3343 2122; x_wconf 79' lang='grc' dir='ltr'><strong>με,</strong></span> <span class='ocrx_word' id='word_1_355' title='bbox 3377 2056 3522 2111; x_wconf 80' lang='grc' dir='ltr'><strong>ὡσεὶ</strong></span> <span class='ocrx_word' id='word_1_356' title='bbox 3552 2059 3683 2126; x_wconf 65' lang='lat' dir='ltr'><strong>apd-</strong></span> 
     </span>
    </p>
   </div>
   <div class='ocr_carea' id='block_1_47' title="bbox 2107 2140 3680 2221">
    <p class='ocr_par' dir='ltr' id='par_1_47' title="bbox 2107 2140 3680 2221">
     <span class='ocr_line' id='line_1_49' title="bbox 2107 2140 3680 2221; baseline 0.008 -29"><span class='ocrx_word' id='word_1_357' title='bbox 2107 2156 2334 2195; x_wconf 79' lang='grc' dir='ltr'>τιστον.</span> <span class='ocrx_word' id='word_1_358' title='bbox 2361 2140 2434 2195; x_wconf 81' lang='grc' dir='ltr'><strong>Τὸ</strong></span> <span class='ocrx_word' id='word_1_359' title='bbox 2461 2143 2614 2208; x_wconf 84' lang='grc' dir='ltr'>πόμα</span> <span class='ocrx_word' id='word_1_360' title='bbox 2646 2144 2757 2198; x_wconf 86' lang='grc' dir='ltr'>τῶν</span> <span class='ocrx_word' id='word_1_361' title='bbox 2780 2145 3158 2215; x_wconf 79' lang='grc' dir='ltr'>εὐαγγελικῶν</span> <span class='ocrx_word' id='word_1_362' title='bbox 3188 2148 3384 2217; x_wconf 81' lang='grc' dir='ltr'>λόγων,</span> <span class='ocrx_word' id='word_1_363' title='bbox 3419 2151 3680 2221; x_wconf 83' lang='grc' dir='ltr'>μεθύσκον</span> 
     </span>
    </p>
   </div>
   <div class='ocr_carea' id='block_1_48' title="bbox 2114 2229 3680 2313">
    <p class='ocr_par' dir='ltr' id='par_1_48' title="bbox 2114 2229 3680 2313">
     <span class='ocr_line' id='line_1_50' title="bbox 2114 2229 3680 2313; baseline 0.009 -32"><span class='ocrx_word' id='word_1_364' title='bbox 2114 2229 2182 2298; x_wconf 82' lang='grc' dir='ltr'>μέ</span> <span class='ocrx_word' id='word_1_365' title='bbox 2211 2231 2380 2285; x_wconf 81' lang='grc' dir='ltr'>ἐστιν.</span> <span class='ocrx_word' id='word_1_366' title='bbox 2419 2231 2719 2288; x_wconf 84' lang='grc' dir='ltr'>Ἐκστασιν</span> <span class='ocrx_word' id='word_1_367' title='bbox 2744 2234 2854 2306; x_wconf 84' lang='grc' dir='ltr'><strong>γὰρ</strong></span> <span class='ocrx_word' id='word_1_368' title='bbox 2882 2239 3104 2306; x_wconf 80' lang='grc' dir='ltr'>ἐμποιεῖ</span> <span class='ocrx_word' id='word_1_369' title='bbox 3133 2237 3224 2292; x_wconf 87' lang='grc' dir='ltr'>τοῦ</span> <span class='ocrx_word' id='word_1_370' title='bbox 3264 2241 3534 2311; x_wconf 78' lang='grc' dir='ltr'>προτέρου</span> <span class='ocrx_word' id='word_1_371' title='bbox 3561 2261 3680 2313; x_wconf 69' lang='grc' dir='ltr'>φροι</span> 
     </span>
    </p>
   </div>
   <div class='ocr_carea' id='block_1_49' title="bbox 2109 2323 3679 2402">
    <p class='ocr_par' dir='ltr' id='par_1_49' title="bbox 2109 2323 3679 2402">
     <span class='ocr_line' id='line_1_51' title="bbox 2109 2323 3679 2402; baseline 0.011 -29"><span class='ocrx_word' id='word_1_372' title='bbox 2109 2323 2372 2390; x_wconf 80' lang='grc' dir='ltr'>νήματος,</span> <span class='ocrx_word' id='word_1_373' title='bbox 2407 2324 2482 2389; x_wconf 86' lang='grc' dir='ltr'>ὡς</span> <span class='ocrx_word' id='word_1_374' title='bbox 2515 2325 2754 2396; x_wconf 81' lang='grc' dir='ltr'>κρατοῦν</span> <span class='ocrx_word' id='word_1_375' title='bbox 2781 2329 2924 2382; x_wconf 73' lang='grc' dir='ltr'>κατὰ</span> <span class='ocrx_word' id='word_1_376' title='bbox 2948 2330 3056 2383; x_wconf 84' lang='grc' dir='ltr'><strong>τῶν</strong></span> <span class='ocrx_word' id='word_1_377' title='bbox 3086 2331 3320 2402; x_wconf 79' lang='grc' dir='ltr'>ἐχθρῶν.</span> <span class='ocrx_word' id='word_1_378' title='bbox 3354 2334 3427 2388; x_wconf 79' lang='grc' dir='ltr'><strong>’Ἡ</strong></span> <span class='ocrx_word' id='word_1_379' title='bbox 3467 2337 3562 2390; x_wconf 75' lang='grc' dir='ltr'><strong>καὶ</strong></span> <span class='ocrx_word' id='word_1_380' title='bbox 3591 2355 3679 2391; x_wconf 79' lang='grc' dir='ltr'>πο·</span> 
     </span>
    </p>
   </div>
   <div class='ocr_carea' id='block_1_50' title="bbox 2109 2413 3174 2488">
    <p class='ocr_par' dir='ltr' id='par_1_50' title="bbox 2109 2413 3174 2488">
     <span class='ocr_line' id='line_1_52' title="bbox 2109 2413 3174 2488; baseline 0.009 -22"><span class='ocrx_word' id='word_1_381' title='bbox 2109 2413 2319 2484; x_wconf 84' lang='grc' dir='ltr'>τήριον,</span> <span class='ocrx_word' id='word_1_382' title='bbox 2346 2417 2408 2468; x_wconf 84' lang='grc' dir='ltr'><strong>τὸ</strong></span> <span class='ocrx_word' id='word_1_383' title='bbox 2443 2418 2540 2486; x_wconf 82' lang='grc' dir='ltr'>τῆς</span> <span class='ocrx_word' id='word_1_384' title='bbox 2578 2418 2922 2488; x_wconf 82' lang='grc' dir='ltr'>ἀναιμάκτου</span> <span class='ocrx_word' id='word_1_385' title='bbox 2965 2420 3174 2484; x_wconf 76' lang='grc' dir='ltr'>Θυσίας.</span> 
     </span>
    </p>
   </div>
   <div class='ocr_carea' id='block_1_51' title="bbox 2181 2509 3679 2588">
    <p class='ocr_par' dir='ltr' id='par_1_51' title="bbox 2181 2509 3679 2588">
     <span class='ocr_line' id='line_1_53' title="bbox 2181 2509 3679 2588; baseline 0.012 -29"><span class='ocrx_word' id='word_1_386' title='bbox 2181 2509 2290 2561; x_wconf 79' lang='grc' dir='ltr'>Καὶ</span> <span class='ocrx_word' id='word_1_387' title='bbox 2321 2509 2388 2563; x_wconf 81' lang='grc' dir='ltr'>τὸ</span> <span class='ocrx_word' id='word_1_388' title='bbox 2422 2510 2600 2576; x_wconf 75' lang='grc' dir='ltr'><strong>ἔλεός</strong></span> <span class='ocrx_word' id='word_1_389' title='bbox 2654 2527 2774 2566; x_wconf 87' lang='grc' dir='ltr'><strong>σου</strong></span> <span class='ocrx_word' id='word_1_390' title='bbox 2826 2513 3175 2577; x_wconf 79' lang='grc' dir='ltr'>καταδιώεει</span> <span class='ocrx_word' id='word_1_391' title='bbox 3223 2535 3300 2586; x_wconf 81' lang='grc' dir='ltr'><strong>με</strong></span> <span class='ocrx_word' id='word_1_392' title='bbox 3328 2519 3536 2586; x_wconf 80' lang='grc' dir='ltr'>πάσας</span> <span class='ocrx_word' id='word_1_393' title='bbox 3588 2525 3679 2588; x_wconf 84' lang='grc' dir='ltr'>τὰς</span> 
     </span>
    </p>
   </div>
   <div class='ocr_carea' id='block_1_52' title="bbox 2108 2595 3675 2679">
    <p class='ocr_par' dir='ltr' id='par_1_52' title="bbox 2108 2595 3675 2679">
     <span class='ocr_line' id='line_1_54' title="bbox 2108 2595 3675 2679; baseline 0.011 -29"><span class='ocrx_word' id='word_1_394' title='bbox 2108 2595 2336 2668; x_wconf 77' lang='grc' dir='ltr'>ἡμέρας</span> <span class='ocrx_word' id='word_1_395' title='bbox 2385 2598 2494 2669; x_wconf 83' lang='grc' dir='ltr'>τῆς</span> <span class='ocrx_word' id='word_1_396' title='bbox 2551 2599 2702 2673; x_wconf 81' lang='grc' dir='ltr'>ζωῆς</span> <span class='ocrx_word' id='word_1_397' title='bbox 2745 2621 2886 2674; x_wconf 86' lang='grc' dir='ltr'>μου.</span> <span class='ocrx_word' id='word_1_398' title='bbox 2918 2636 2986 2646; x_wconf 87' lang='grc'><strong>-</strong></span> <span class='ocrx_word' id='word_1_399' title='bbox 3019 2609 3381 2675; x_wconf 79' lang='grc' dir='ltr'>Καταὸιώξει</span> <span class='ocrx_word' id='word_1_400' title='bbox 3413 2613 3538 2667; x_wconf 81' lang='grc' dir='ltr'>ἀντὶ</span> <span class='ocrx_word' id='word_1_401' title='bbox 3571 2615 3675 2679; x_wconf 83' lang='grc' dir='ltr'>τοῦ,</span> 
     </span>
    </p>
   </div>
   <div class='ocr_carea' id='block_1_53' title="bbox 2112 2689 3678 2774">
    <p class='ocr_par' dir='ltr' id='par_1_53' title="bbox 2112 2689 3678 2774">
     <span class='ocr_line' id='line_1_55' title="bbox 2112 2689 3678 2774; baseline 0.011 -33"><span class='ocrx_word' id='word_1_402' title='bbox 2112 2689 2364 2752; x_wconf 81' lang='grc' dir='ltr'>Ἔπεται,</span> <span class='ocrx_word' id='word_1_403' title='bbox 2401 2691 2545 2747; x_wconf 81' lang='grc' dir='ltr'>οὕτω</span> <span class='ocrx_word' id='word_1_404' title='bbox 2571 2693 2814 2761; x_wconf 84' lang='grc' dir='ltr'>δηλονότι</span> <span class='ocrx_word' id='word_1_405' title='bbox 2845 2697 3223 2772; x_wconf 73' lang='grc' dir='ltr'>πορευομένῳ,</span> <span class='ocrx_word' id='word_1_406' title='bbox 3281 2704 3376 2756; x_wconf 74' lang='grc' dir='ltr'><strong>καὶ</strong></span> <span class='ocrx_word' id='word_1_407' title='bbox 3405 2704 3506 2774; x_wconf 77' lang='grc' dir='ltr'>τὴν</span> <span class='ocrx_word' id='word_1_408' title='bbox 3554 2706 3678 2760; x_wconf 69' lang='grc' dir='ltr'><strong>πλάς</strong></span> 
     </span>
    </p>
   </div>
   <div class='ocr_carea' id='block_1_54' title="bbox 2111 2784 3681 2869">
    <p class='ocr_par' dir='ltr' id='par_1_54' title="bbox 2111 2784 3681 2869">
     <span class='ocr_line' id='line_1_56' title="bbox 2111 2784 3681 2869; baseline 0.011 -34"><span class='ocrx_word' id='word_1_409' title='bbox 2111 2800 2206 2855; x_wconf 89' lang='grc' dir='ltr'><strong>νην</strong></span> <span class='ocrx_word' id='word_1_410' title='bbox 2238 2784 2514 2853; x_wconf 81' lang='grc' dir='ltr'>φεύγοντι.</span> <span class='ocrx_word' id='word_1_411' title='bbox 2544 2787 2615 2840; x_wconf 87' lang='grc' dir='ltr'>Ἢ</span> <span class='ocrx_word' id='word_1_412' title='bbox 2646 2789 2766 2854; x_wconf 75' lang='grc' dir='ltr'>καὶ,</span> <span class='ocrx_word' id='word_1_413' title='bbox 2799 2791 3026 2858; x_wconf 77' lang='grc' dir='ltr'>Διώξει,</span> <span class='ocrx_word' id='word_1_414' title='bbox 3050 2792 3174 2846; x_wconf 79' lang='grc' dir='ltr'>ἀντὶ</span> <span class='ocrx_word' id='word_1_415' title='bbox 3205 2793 3302 2864; x_wconf 76' lang='grc' dir='ltr'>τοῦ</span> <span class='ocrx_word' id='word_1_416' title='bbox 3369 2796 3681 2869; x_wconf 81' lang='grc' dir='ltr'>Ἐκζητήσει</span> 
     </span>
    </p>
   </div>
   <div class='ocr_carea' id='block_1_55' title="bbox 2115 2875 2878 2949">
    <p class='ocr_par' dir='ltr' id='par_1_55' title="bbox 2115 2875 2878 2949">
     <span class='ocr_line' id='line_1_57' title="bbox 2115 2875 2878 2949; baseline 0.01 -23"><span class='ocrx_word' id='word_1_417' title='bbox 2115 2891 2208 2944; x_wconf 83' lang='grc' dir='ltr'><strong>με,</strong></span> <span class='ocrx_word' id='word_1_418' title='bbox 2243 2875 2339 2928; x_wconf 77' lang='grc' dir='ltr'>καὶ</span> <span class='ocrx_word' id='word_1_419' title='bbox 2369 2877 2468 2929; x_wconf 77' lang='grc' dir='ltr'><strong>οὐκ</strong></span> <span class='ocrx_word' id='word_1_420' title='bbox 2491 2877 2878 2949; x_wconf 82' lang='grc' dir='ltr'>ἀποστήσεται.</span> 
     </span>
    </p>
   </div>
   <div class='ocr_carea' id='block_1_56' title="bbox 2183 2966 3680 3050">
    <p class='ocr_par' dir='ltr' id='par_1_56' title="bbox 2183 2966 3680 3050">
     <span class='ocr_line' id='line_1_58' title="bbox 2183 2966 3680 3050; baseline 0.013 -33"><span class='ocrx_word' id='word_1_421' title='bbox 2183 2966 2294 3018; x_wconf 77' lang='grc' dir='ltr'>Καὶ</span> <span class='ocrx_word' id='word_1_422' title='bbox 2319 2966 2382 3020; x_wconf 86' lang='grc' dir='ltr'>τὸ</span> <span class='ocrx_word' id='word_1_423' title='bbox 2408 2968 2710 3024; x_wconf 80' lang='grc' dir='ltr'>κατοικεῖν</span> <span class='ocrx_word' id='word_1_424' title='bbox 2733 2989 2810 3040; x_wconf 80' lang='grc' dir='ltr'><strong>με</strong></span> <span class='ocrx_word' id='word_1_425' title='bbox 2834 2973 2905 3026; x_wconf 83' lang='grc' dir='ltr'><strong>ἐν</strong></span> <span class='ocrx_word' id='word_1_426' title='bbox 2943 2975 3088 3043; x_wconf 81' lang='grc' dir='ltr'>οικῳ</span> <span class='ocrx_word' id='word_1_427' title='bbox 3104 2977 3327 3047; x_wconf 83' lang='grc' dir='ltr'>Κυρίου</span> <span class='ocrx_word' id='word_1_428' title='bbox 3354 2983 3443 3046; x_wconf 78' lang='grc' dir='ltr'>εις</span> <span class='ocrx_word' id='word_1_429' title='bbox 3470 2984 3680 3050; x_wconf 74' lang='grc' dir='ltr'>μακρό-</span> 
     </span>
    </p>
   </div>
   <div class='ocr_carea' id='block_1_57' title="bbox 2117 3058 3678 3138">
    <p class='ocr_par' dir='ltr' id='par_1_57' title="bbox 2117 3058 3678 3138">
     <span class='ocr_line' id='line_1_59' title="bbox 2117 3058 3678 3138; baseline 0.012 -28"><span class='ocrx_word' id='word_1_430' title='bbox 2117 3076 2260 3125; x_wconf 82' lang='grc' dir='ltr'>τητα</span> <span class='ocrx_word' id='word_1_431' title='bbox 2295 3058 2550 3128; x_wconf 81' lang='grc' dir='ltr'>ἡμερῶν.</span> <span class='ocrx_word' id='word_1_432' title='bbox 2585 3062 2926 3132; x_wconf 80' lang='grc' dir='ltr'>Καταδιὼξει</span> <span class='ocrx_word' id='word_1_433' title='bbox 2945 3067 3002 3120; x_wconf 80' lang='grc' dir='ltr'><strong>δέ</strong></span> <span class='ocrx_word' id='word_1_434' title='bbox 3031 3085 3099 3138; x_wconf 80' lang='grc' dir='ltr'><strong>με</strong></span> <span class='ocrx_word' id='word_1_435' title='bbox 3125 3072 3218 3124; x_wconf 76' lang='grc' dir='ltr'><strong>καὶ</strong></span> <span class='ocrx_word' id='word_1_436' title='bbox 3245 3072 3307 3124; x_wconf 84' lang='grc' dir='ltr'>τὸ</span> <span class='ocrx_word' id='word_1_437' title='bbox 3331 3077 3602 3128; x_wconf 81' lang='grc' dir='ltr'>κατοικεῖν</span> <span class='ocrx_word' id='word_1_438' title='bbox 3629 3078 3678 3128; x_wconf 75' lang='grc' dir='ltr'>ἐν</span> 
     </span>
    </p>
   </div>
   <div class='ocr_carea' id='block_1_58' title="bbox 429 3149 2003 3235">
    <p class='ocr_par' dir='ltr' id='par_1_58' title="bbox 429 3149 2002 3224">
     <span class='ocr_line' id='line_1_60' title="bbox 429 3149 2002 3224; baseline -0.004 -14"><span class='ocrx_word' id='word_1_439' title='bbox 429 3158 610 3210; x_wconf 70' lang='lat' dir='ltr'><strong>ctione</strong></span> <span class='ocrx_word' id='word_1_440' title='bbox 666 3154 753 3207; x_wconf 73' lang='lat' dir='ltr'><strong>Dci</strong></span> <span class='ocrx_word' id='word_1_441' title='bbox 792 3154 1052 3208; x_wconf 83' lang='lat' dir='ltr'><strong>habitem.</strong></span> <span class='ocrx_word' id='word_1_442' title='bbox 1094 3152 1190 3207; x_wconf 83' lang='lat' dir='ltr'><strong>Vel</strong></span> <span class='ocrx_word' id='word_1_443' title='bbox 1244 3168 1342 3224; x_wconf 88' lang='lat' dir='ltr'><strong>per</strong></span> <span class='ocrx_word' id='word_1_444' title='bbox 1383 3153 1604 3206; x_wconf 81' lang='lat' dir='ltr'><strong>domum</strong></span> <span class='ocrx_word' id='word_1_445' title='bbox 1649 3151 1859 3206; x_wconf 86' lang='lat' dir='ltr'><strong>Domini</strong></span> <span class='ocrx_word' id='word_1_446' title='bbox 1901 3149 2002 3204; x_wconf 83' lang='lat' dir='ltr'><strong>Ec-</strong></span> 
     </span>
    </p>
   </div>
   <div class='ocr_carea' id='block_1_59' title="bbox 2121 3149 3679 3235">
    <p class='ocr_par' dir='ltr' id='par_1_59' title="bbox 2121 3153 3679 3235">
     <span class='ocr_line' id='line_1_61' title="bbox 2121 3153 3679 3235; baseline 0.01 -30"><span class='ocrx_word' id='word_1_447' title='bbox 2121 3157 2174 3223; x_wconf 77' lang='grc' dir='ltr'><strong>τῇ</strong></span> <span class='ocrx_word' id='word_1_448' title='bbox 2209 3153 2389 3225; x_wconf 84' lang='grc' dir='ltr'>σκέπῃ</span> <span class='ocrx_word' id='word_1_449' title='bbox 2426 3154 2520 3208; x_wconf 81' lang='grc' dir='ltr'>τοῦ</span> <span class='ocrx_word' id='word_1_450' title='bbox 2559 3156 2767 3229; x_wconf 81' lang='grc' dir='ltr'>Κυρίου</span> <span class='ocrx_word' id='word_1_451' title='bbox 2820 3163 3380 3235; x_wconf 76' lang='grc' dir='ltr'>περιφρουροόμενον.</span> <span class='ocrx_word' id='word_1_452' title='bbox 3432 3170 3503 3221; x_wconf 88' lang='grc' dir='ltr'><strong>Ἢ</strong></span> <span class='ocrx_word' id='word_1_453' title='bbox 3545 3165 3679 3224; x_wconf 75' lang='grc' dir='ltr'>οἷκον</span> 
     </span>
    </p>
   </div>
   <div class='ocr_carea' id='block_1_60' title="bbox 424 3243 2002 3316">
    <p class='ocr_par' dir='ltr' id='par_1_60' title="bbox 424 3243 2002 3316">
     <span class='ocr_line' id='line_1_62' title="bbox 424 3243 2002 3316; baseline -0.004 -14"><span class='ocrx_word' id='word_1_454' title='bbox 424 3246 647 3302; x_wconf 87' lang='lat' dir='ltr'><strong>clcsiam</strong></span> <span class='ocrx_word' id='word_1_455' title='bbox 685 3245 817 3302; x_wconf 91' lang='lat' dir='ltr'><strong>dicit</strong></span> <span class='ocrx_word' id='word_1_456' title='bbox 851 3286 866 3309; x_wconf 94' lang='lat'><strong>,</strong></span> <span class='ocrx_word' id='word_1_457' title='bbox 899 3253 952 3298; x_wconf 89' lang='lat' dir='ltr'><strong>et</strong></span> <span class='ocrx_word' id='word_1_458' title='bbox 984 3247 1460 3316; x_wconf 84' lang='lat' dir='ltr'><strong>congregationem</strong></span> <span class='ocrx_word' id='word_1_459' title='bbox 1493 3243 1729 3298; x_wconf 82' lang='lat' dir='ltr'><strong>ﬁdelium</strong></span> <span class='ocrx_word' id='word_1_460' title='bbox 1755 3281 1770 3306; x_wconf 87' lang='lat'><strong>,</strong></span> <span class='ocrx_word' id='word_1_461' title='bbox 1807 3244 1860 3298; x_wconf 90' lang='lat' dir='ltr'><strong>in</strong></span> <span class='ocrx_word' id='word_1_462' title='bbox 1896 3259 2002 3314; x_wconf 89' lang='lat' dir='ltr'><strong>qua</strong></span> 
     </span>
    </p>
   </div>
   <div class='ocr_carea' id='block_1_61' title="bbox 423 3335 2004 3408">
    <p class='ocr_par' dir='ltr' id='par_1_61' title="bbox 423 3335 2004 3408">
     <span class='ocr_line' id='line_1_63' title="bbox 423 3335 2004 3408; baseline -0.003 -14"><span class='ocrx_word' id='word_1_463' title='bbox 423 3338 634 3394; x_wconf 81' lang='lat' dir='ltr'><strong>habitat</strong></span> <span class='ocrx_word' id='word_1_464' title='bbox 661 3337 965 3400; x_wconf 87' lang='lat' dir='ltr'><strong>Dominus,</strong></span> <span class='ocrx_word' id='word_1_465' title='bbox 999 3343 1052 3390; x_wconf 89' lang='lat' dir='ltr'><strong>et</strong></span> <span class='ocrx_word' id='word_1_466' title='bbox 1103 3337 1168 3392; x_wconf 83' lang='lat' dir='ltr'><strong>iis</strong></span> <span class='ocrx_word' id='word_1_467' title='bbox 1217 3347 1486 3408; x_wconf 88' lang='lat' dir='ltr'><strong>apparet,</strong></span> <span class='ocrx_word' id='word_1_468' title='bbox 1546 3336 1640 3406; x_wconf 82' lang='lat' dir='ltr'><strong>qui</strong></span> <span class='ocrx_word' id='word_1_469' title='bbox 1688 3336 1795 3390; x_wconf 88' lang='lat' dir='ltr'><strong>Deo</strong></span> <span class='ocrx_word' id='word_1_470' title='bbox 1854 3335 2004 3405; x_wconf 86' lang='lat' dir='ltr'><strong>digni</strong></span> 
     </span>
    </p>
   </div>
   <div class='ocr_carea' id='block_1_62' title="bbox 423 3427 2004 3499">
    <p class='ocr_par' dir='ltr' id='par_1_62' title="bbox 423 3427 2004 3499">
     <span class='ocr_line' id='line_1_64' title="bbox 423 3427 2004 3499; baseline -0.003 -14"><span class='ocrx_word' id='word_1_471' title='bbox 423 3439 556 3486; x_wconf 84' lang='lat' dir='ltr'><strong>sunt</strong></span> <span class='ocrx_word' id='word_1_472' title='bbox 602 3448 617 3496; x_wconf 93' lang='lat'><strong>;</strong></span> <span class='ocrx_word' id='word_1_473' title='bbox 668 3441 719 3486; x_wconf 88' lang='lat' dir='ltr'><strong>et</strong></span> <span class='ocrx_word' id='word_1_474' title='bbox 749 3445 945 3486; x_wconf 84' lang='lat' dir='ltr'><strong>sensus</strong></span> <span class='ocrx_word' id='word_1_475' title='bbox 973 3437 1057 3486; x_wconf 89' lang='lat' dir='ltr'><strong>est</strong></span> <span class='ocrx_word' id='word_1_476' title='bbox 1109 3445 1123 3483; x_wconf 90' lang='lat'><strong>:</strong></span> <span class='ocrx_word' id='word_1_477' title='bbox 1182 3429 1293 3499; x_wconf 84' lang='lat' dir='ltr'><strong>Ego</strong></span> <span class='ocrx_word' id='word_1_478' title='bbox 1321 3436 1374 3484; x_wconf 91' lang='lat' dir='ltr'><strong>et</strong></span> <span class='ocrx_word' id='word_1_479' title='bbox 1404 3429 1588 3483; x_wconf 73' lang='lat' dir='ltr'><strong>divina</strong></span> <span class='ocrx_word' id='word_1_480' title='bbox 1627 3427 2004 3482; x_wconf 89' lang='lat' dir='ltr'><strong>misericordia</strong></span> 
     </span>
    </p>
   </div>
   <div class='ocr_carea' id='block_1_63' title="bbox 422 3519 2006 3592">
    <p class='ocr_par' dir='ltr' id='par_1_63' title="bbox 422 3519 2006 3592">
     <span class='ocr_line' id='line_1_65' title="bbox 422 3519 2006 3592; baseline -0.004 -14"><span class='ocrx_word' id='word_1_481' title='bbox 422 3521 619 3592; x_wconf 76' lang='lat' dir='ltr'><strong>dignus</strong></span> <span class='ocrx_word' id='word_1_482' title='bbox 647 3523 935 3587; x_wconf 88' lang='lat' dir='ltr'><strong>censebor,</strong></span> <span class='ocrx_word' id='word_1_483' title='bbox 970 3531 1024 3576; x_wconf 91' lang='lat' dir='ltr'><strong>et</strong></span> <span class='ocrx_word' id='word_1_484' title='bbox 1059 3529 1310 3591; x_wconf 89' lang='lat' dir='ltr'><strong>protegar</strong></span> <span class='ocrx_word' id='word_1_485' title='bbox 1336 3535 1367 3575; x_wconf 91' lang='lat' dir='ltr'><strong>a</strong></span> <span class='ocrx_word' id='word_1_486' title='bbox 1404 3521 1513 3575; x_wconf 86' lang='lat' dir='ltr'><strong>Deo</strong></span> <span class='ocrx_word' id='word_1_487' title='bbox 1537 3562 1552 3587; x_wconf 94' lang='lat'><strong>,</strong></span> <span class='ocrx_word' id='word_1_488' title='bbox 1581 3528 1636 3575; x_wconf 90' lang='lat' dir='ltr'><strong>et</strong></span> <span class='ocrx_word' id='word_1_489' title='bbox 1671 3519 1847 3574; x_wconf 80' lang='lat' dir='ltr'><strong>ﬁdelis</strong></span> <span class='ocrx_word' id='word_1_490' title='bbox 1883 3536 2006 3589; x_wconf 85' lang='lat' dir='ltr'><strong>per-</strong></span> 
     </span>
    </p>
   </div>
   <div class='ocr_carea' id='block_1_64' title="bbox 424 3609 2002 3679">
    <p class='ocr_par' dir='ltr' id='par_1_64' title="bbox 424 3609 2002 3679">
     <span class='ocr_line' id='line_1_66' title="bbox 424 3609 2002 3679; baseline 0.001 -16"><span class='ocrx_word' id='word_1_491' title='bbox 424 3611 677 3665; x_wconf 83' lang='lat' dir='ltr'><strong>manebo.</strong></span> <span class='ocrx_word' id='word_1_492' title='bbox 709 3611 805 3668; x_wconf 91' lang='lat' dir='ltr'><strong>Vel</strong></span> <span class='ocrx_word' id='word_1_493' title='bbox 837 3612 996 3665; x_wconf 86' lang='lat' dir='ltr'><strong>aliter</strong></span> <span class='ocrx_word' id='word_1_494' title='bbox 1042 3629 1056 3665; x_wconf 91' lang='lat'>:</span> <span class='ocrx_word' id='word_1_495' title='bbox 1101 3611 1330 3665; x_wconf 89' lang='lat' dir='ltr'><strong>Dabitur</strong></span> <span class='ocrx_word' id='word_1_496' title='bbox 1378 3611 1514 3666; x_wconf 92' lang='lat' dir='ltr'><strong>mihi</strong></span> <span class='ocrx_word' id='word_1_497' title='bbox 1565 3612 1619 3664; x_wconf 89' lang='lat' dir='ltr'><strong>in</strong></span> <span class='ocrx_word' id='word_1_498' title='bbox 1664 3609 2002 3679; x_wconf 78' lang='lat' dir='ltr'><strong>longitudine</strong></span> 
     </span>
    </p>
   </div>
   <div class='ocr_carea' id='block_1_65' title="bbox 421 3695 1996 3768">
    <p class='ocr_par' dir='ltr' id='par_1_65' title="bbox 421 3695 1996 3768">
     <span class='ocr_line' id='line_1_67' title="bbox 421 3695 1996 3768; baseline 0.003 -18"><span class='ocrx_word' id='word_1_499' title='bbox 421 3695 657 3761; x_wconf 84' lang='lat' dir='ltr'><strong>dierum,</strong></span> <span class='ocrx_word' id='word_1_500' title='bbox 693 3699 795 3753; x_wconf 92' lang='lat' dir='ltr'><strong>hoc</strong></span> <span class='ocrx_word' id='word_1_501' title='bbox 819 3708 903 3754; x_wconf 90' lang='lat' dir='ltr'><strong>est</strong></span> <span class='ocrx_word' id='word_1_502' title='bbox 935 3715 1032 3768; x_wconf 89' lang='lat' dir='ltr'><strong>per</strong></span> <span class='ocrx_word' id='word_1_503' title='bbox 1059 3708 1231 3755; x_wconf 89' lang='lat' dir='ltr'><strong>totam</strong></span> <span class='ocrx_word' id='word_1_504' title='bbox 1263 3699 1428 3753; x_wconf 85' lang='lat' dir='ltr'><strong>vitam</strong></span> <span class='ocrx_word' id='word_1_505' title='bbox 1460 3740 1475 3764; x_wconf 96' lang='lat'><strong>,</strong></span> <span class='ocrx_word' id='word_1_506' title='bbox 1510 3707 1572 3754; x_wconf 94' lang='lat' dir='ltr'><strong>ut</strong></span> <span class='ocrx_word' id='word_1_507' title='bbox 1604 3700 1904 3755; x_wconf 78' lang='lat' dir='ltr'><strong>inhabilem</strong></span> <span class='ocrx_word' id='word_1_508' title='bbox 1943 3702 1996 3756; x_wconf 87' lang='lat' dir='ltr'><strong>in</strong></span> 
     </span>
    </p>
   </div>
   <div class='ocr_carea' id='block_1_66' title="bbox 2107 3248 3674 3332">
    <p class='ocr_par' dir='ltr' id='par_1_66' title="bbox 2107 3248 3674 3332">
     <span class='ocr_line' id='line_1_68' title="bbox 2107 3248 3674 3332; baseline 0.012 -33"><span class='ocrx_word' id='word_1_509' title='bbox 2107 3248 2312 3317; x_wconf 87' lang='grc' dir='ltr'>Κυρίου</span> <span class='ocrx_word' id='word_1_510' title='bbox 2344 3248 2490 3316; x_wconf 81' lang='grc' dir='ltr'>λέγει</span> <span class='ocrx_word' id='word_1_511' title='bbox 2523 3248 2621 3321; x_wconf 82' lang='grc' dir='ltr'><strong>τὴν</strong></span> <span class='ocrx_word' id='word_1_512' title='bbox 2683 3252 3012 3326; x_wconf 80' lang='grc' dir='ltr'>Ἐκκλησίαν</span> <span class='ocrx_word' id='word_1_513' title='bbox 3079 3258 3172 3310; x_wconf 82' lang='grc' dir='ltr'>καὶ</span> <span class='ocrx_word' id='word_1_514' title='bbox 3223 3263 3549 3332; x_wconf 76' lang='grc' dir='ltr'>συναγωγὴν</span> <span class='ocrx_word' id='word_1_515' title='bbox 3577 3265 3674 3318; x_wconf 82' lang='grc' dir='ltr'><strong>τῶν</strong></span> 
     </span>
    </p>
   </div>
   <div class='ocr_carea' id='block_1_67' title="bbox 2105 3334 3676 3422">
    <p class='ocr_par' dir='ltr' id='par_1_67' title="bbox 2105 3334 3676 3422">
     <span class='ocr_line' id='line_1_69' title="bbox 2105 3334 3676 3422; baseline 0.013 -31"><span class='ocrx_word' id='word_1_516' title='bbox 2105 3338 2338 3401; x_wconf 77' lang='grc' dir='ltr'>πιστῶν,</span> <span class='ocrx_word' id='word_1_517' title='bbox 2359 3342 2416 3392; x_wconf 77' lang='grc' dir='ltr'>ἐν</span> <span class='ocrx_word' id='word_1_518' title='bbox 2496 3343 2636 3395; x_wconf 75' lang='grc' dir='ltr'>οἰκεῖ</span> <span class='ocrx_word' id='word_1_519' title='bbox 2659 3344 2686 3398; x_wconf 88' lang='lat'><strong>6</strong></span> <span class='ocrx_word' id='word_1_520' title='bbox 2709 3345 2934 3416; x_wconf 81' lang='grc' dir='ltr'>Κύριος,</span> <span class='ocrx_word' id='word_1_521' title='bbox 2953 3348 3324 3420; x_wconf 80' lang='grc' dir='ltr'>ὀπτανόμενος</span> <span class='ocrx_word' id='word_1_522' title='bbox 3349 3356 3464 3418; x_wconf 87' lang='grc' dir='ltr'>τοῖς</span> <span class='ocrx_word' id='word_1_523' title='bbox 3492 3356 3676 3422; x_wconf 80' lang='grc' dir='ltr'>ἀξίοις,</span> 
     </span>
    </p>
   </div>
   <div class='ocr_carea' id='block_1_68' title="bbox 2104 3428 3678 3517">
    <p class='ocr_par' dir='ltr' id='par_1_68' title="bbox 2104 3428 3678 3517">
     <span class='ocr_line' id='line_1_70' title="bbox 2104 3428 3678 3517; baseline 0.013 -37"><span class='ocrx_word' id='word_1_524' title='bbox 2104 3428 2376 3494; x_wconf 82' lang='grc' dir='ltr'>τουτέστι,</span> <span class='ocrx_word' id='word_1_525' title='bbox 2413 3430 2527 3486; x_wconf 77' lang='grc' dir='ltr'>Καὶ</span> <span class='ocrx_word' id='word_1_526' title='bbox 2559 3432 2714 3486; x_wconf 76' lang='grc' dir='ltr'>ἐλέου</span> <span class='ocrx_word' id='word_1_527' title='bbox 2755 3434 3160 3509; x_wconf 80' lang='grc' dir='ltr'>ἀξιωθήσομαι,</span> <span class='ocrx_word' id='word_1_528' title='bbox 3183 3441 3278 3495; x_wconf 82' lang='grc' dir='ltr'>καὶ</span> <span class='ocrx_word' id='word_1_529' title='bbox 3308 3446 3678 3517; x_wconf 75' lang='grc' dir='ltr'>φρουρηθήσο·</span> 
     </span>
    </p>
   </div>
   <div class='ocr_carea' id='block_1_69' title="bbox 2113 3524 3680 3598">
    <p class='ocr_par' dir='ltr' id='par_1_69' title="bbox 2113 3524 3680 3598">
     <span class='ocr_line' id='line_1_71' title="bbox 2113 3524 3680 3598; baseline 0.015 -27"><span class='ocrx_word' id='word_1_530' title='bbox 2113 3537 2234 3590; x_wconf 87' lang='grc' dir='ltr'>μαι,</span> <span class='ocrx_word' id='word_1_531' title='bbox 2270 3524 2364 3576; x_wconf 79' lang='grc' dir='ltr'><strong>καὶ</strong></span> <span class='ocrx_word' id='word_1_532' title='bbox 2388 3525 2576 3590; x_wconf 77' lang='grc' dir='ltr'>πιστὸς</span> <span class='ocrx_word' id='word_1_533' title='bbox 2613 3525 2784 3597; x_wconf 81' lang='grc' dir='ltr'>μενῶ.</span> <span class='ocrx_word' id='word_1_534' title='bbox 2825 3529 2896 3582; x_wconf 85' lang='grc' dir='ltr'><strong>Ἦ</strong></span> <span class='ocrx_word' id='word_1_535' title='bbox 2929 3530 3024 3584; x_wconf 79' lang='grc' dir='ltr'>καὶ</span> <span class='ocrx_word' id='word_1_536' title='bbox 3069 3532 3278 3598; x_wconf 80' lang='grc' dir='ltr'>ἄλλως·</span> <span class='ocrx_word' id='word_1_537' title='bbox 3313 3537 3387 3590; x_wconf 83' lang='grc' dir='ltr'><strong>Τὸ</strong></span> <span class='ocrx_word' id='word_1_538' title='bbox 3419 3543 3680 3594; x_wconf 80' lang='grc' dir='ltr'>κατοικεῖν</span> 
     </span>
    </p>
   </div>
   <div class='ocr_carea' id='block_1_70' title="bbox 2115 3614 3679 3702">
    <p class='ocr_par' dir='ltr' id='par_1_70' title="bbox 2115 3614 3679 3702">
     <span class='ocr_line' id='line_1_72' title="bbox 2115 3614 3679 3702; baseline 0.013 -38"><span class='ocrx_word' id='word_1_539' title='bbox 2115 3629 2182 3682; x_wconf 88' lang='grc' dir='ltr'><strong>με</strong></span> <span class='ocrx_word' id='word_1_540' title='bbox 2213 3614 2270 3665; x_wconf 82' lang='grc' dir='ltr'>ὲν</span> <span class='ocrx_word' id='word_1_541' title='bbox 2294 3615 2430 3684; x_wconf 80' lang='grc' dir='ltr'>οἴκῳ</span> <span class='ocrx_word' id='word_1_542' title='bbox 2471 3617 2701 3687; x_wconf 85' lang='grc' dir='ltr'>Κυρίου,</span> <span class='ocrx_word' id='word_1_543' title='bbox 2738 3621 2898 3674; x_wconf 74' lang='grc' dir='ltr'>ἔσται</span> <span class='ocrx_word' id='word_1_544' title='bbox 2949 3639 3040 3692; x_wconf 86' lang='grc' dir='ltr'><strong>μοι</strong></span> <span class='ocrx_word' id='word_1_545' title='bbox 3082 3625 3162 3689; x_wconf 81' lang='grc' dir='ltr'><strong>είς</strong></span> <span class='ocrx_word' id='word_1_546' title='bbox 3190 3628 3516 3701; x_wconf 81' lang='grc' dir='ltr'>μακρότητα</span> <span class='ocrx_word' id='word_1_547' title='bbox 3553 3635 3679 3702; x_wconf 62' lang='lat' dir='ltr'><strong>mis-</strong></span> 
     </span>
    </p>
   </div>
   <div class='ocr_carea' id='block_1_71' title="bbox 2115 3702 3008 3782">
    <p class='ocr_par' dir='ltr' id='par_1_71' title="bbox 2115 3702 3008 3782">
     <span class='ocr_line' id='line_1_73' title="bbox 2115 3702 3008 3782; baseline 0.016 -28"><span class='ocrx_word' id='word_1_548' title='bbox 2115 3702 2247 3772; x_wconf 84' lang='grc' dir='ltr'>ρῶν,</span> <span class='ocrx_word' id='word_1_549' title='bbox 2273 3705 2460 3776; x_wconf 69' lang='grc' dir='ltr'>ἤγουν,</span> <span class='ocrx_word' id='word_1_550' title='bbox 2489 3707 2556 3761; x_wconf 86' lang='grc' dir='ltr'>δι’</span> <span class='ocrx_word' id='word_1_551' title='bbox 2589 3707 2712 3763; x_wconf 84' lang='grc' dir='ltr'>ὅλου</span> <span class='ocrx_word' id='word_1_552' title='bbox 2740 3710 2835 3764; x_wconf 82' lang='grc' dir='ltr'>τοῦ</span> <span class='ocrx_word' id='word_1_553' title='bbox 2869 3711 3008 3782; x_wconf 85' lang='grc' dir='ltr'>βίου.</span> 
     </span>
    </p>
   </div>
   <div class='ocr_carea' id='block_1_72' title="bbox 423 3788 3681 3887">
    <p class='ocr_par' dir='ltr' id='par_1_72' title="bbox 423 3788 3681 3887">
     <span class='ocr_line' id='line_1_74' title="bbox 423 3788 3681 3887; baseline 0.009 -45"><span class='ocrx_word' id='word_1_554' title='bbox 423 3789 587 3842; x_wconf 83' lang='lat' dir='ltr'><strong>domo</strong></span> <span class='ocrx_word' id='word_1_555' title='bbox 614 3788 861 3844; x_wconf 86' lang='lat' dir='ltr'><strong>Domini.</strong></span> <span class='ocrx_word' id='word_1_556' title='bbox 894 3791 958 3843; x_wconf 87' lang='lat' dir='ltr'><strong>Et</strong></span> <span class='ocrx_word' id='word_1_557' title='bbox 991 3791 1151 3845; x_wconf 90' lang='lat' dir='ltr'><strong>aliter</strong></span> <span class='ocrx_word' id='word_1_558' title='bbox 1185 3809 1199 3844; x_wconf 91' lang='lat'><strong>:</strong></span> <span class='ocrx_word' id='word_1_559' title='bbox 1245 3789 1401 3845; x_wconf 77' lang='lat' dir='ltr'><strong>Calix</strong></span> <span class='ocrx_word' id='word_1_560' title='bbox 1435 3791 1548 3863; x_wconf 88' lang='lat'><strong>(88)</strong></span> <span class='ocrx_word' id='word_1_561' title='bbox 1581 3793 1819 3863; x_wconf 89' lang='lat' dir='ltr'><strong>cognitio</strong></span> <span class='ocrx_word' id='word_1_562' title='bbox 1845 3794 1936 3848; x_wconf 90' lang='lat' dir='ltr'><strong>Dei</strong></span> <span class='ocrx_word' id='word_1_563' title='bbox 1971 3800 2076 3858; x_wconf 80' lang='lat' dir='ltr'><strong>est,</strong></span> <span class='ocrx_word' id='word_1_564' title='bbox 2112 3795 2494 3854; x_wconf 89' lang='lat' dir='ltr'><strong>misericordia</strong></span> <span class='ocrx_word' id='word_1_565' title='bbox 2528 3808 2710 3857; x_wconf 89' lang='lat' dir='ltr'><strong>autem</strong></span> <span class='ocrx_word' id='word_1_566' title='bbox 2738 3805 2884 3873; x_wconf 79' lang='lat' dir='ltr'><strong>ejus,</strong></span> <span class='ocrx_word' id='word_1_567' title='bbox 2920 3807 3240 3867; x_wconf 89' lang='lat' dir='ltr'><strong>misericors</strong></span> <span class='ocrx_word' id='word_1_568' title='bbox 3266 3812 3522 3868; x_wconf 89' lang='lat' dir='ltr'><strong>nimirum</strong></span> <span class='ocrx_word' id='word_1_569' title='bbox 3551 3815 3681 3887; x_wconf 62' lang='lat' dir='ltr'><strong>Deu,</strong></span> 
     </span>
    </p>
   </div>
   <div class='ocr_carea' id='block_1_73' title="bbox 425 3883 3678 3982">
    <p class='ocr_par' dir='ltr' id='par_1_73' title="bbox 425 3883 3678 3982">
     <span class='ocr_line' id='line_1_75' title="bbox 425 3883 3678 3982; baseline 0.009 -44"><span class='ocrx_word' id='word_1_570' title='bbox 425 3883 618 3951; x_wconf 76' lang='lat' dir='ltr'><strong>Filius,</strong></span> <span class='ocrx_word' id='word_1_571' title='bbox 656 3888 746 3954; x_wconf 88' lang='lat' dir='ltr'><strong>qui</strong></span> <span class='ocrx_word' id='word_1_572' title='bbox 777 3902 872 3956; x_wconf 88' lang='lat' dir='ltr'><strong>per</strong></span> <span class='ocrx_word' id='word_1_573' title='bbox 899 3887 1336 3942; x_wconf 88' lang='lat' dir='ltr'><strong>incarnationem</strong></span> <span class='ocrx_word' id='word_1_574' title='bbox 1389 3903 1584 3955; x_wconf 89' lang='lat' dir='ltr'><strong>suam,</strong></span> <span class='ocrx_word' id='word_1_575' title='bbox 1636 3903 1851 3960; x_wconf 91' lang='lat' dir='ltr'><strong>semper</strong></span> <span class='ocrx_word' id='word_1_576' title='bbox 1908 3906 2008 3947; x_wconf 83' lang='lat' dir='ltr'><strong>nos</strong></span> <span class='ocrx_word' id='word_1_577' title='bbox 2034 3894 2408 3965; x_wconf 86' lang='lat' dir='ltr'><strong>persequitur,</strong></span> <span class='ocrx_word' id='word_1_578' title='bbox 2442 3896 2620 3955; x_wconf 85' lang='lat' dir='ltr'><strong>donec</strong></span> <span class='ocrx_word' id='word_1_579' title='bbox 2644 3914 2834 3958; x_wconf 89' lang='lat' dir='ltr'><strong>omnes</strong></span> <span class='ocrx_word' id='word_1_580' title='bbox 2900 3906 3372 3976; x_wconf 86' lang='lat' dir='ltr'><strong>comprehendat,</strong></span> <span class='ocrx_word' id='word_1_581' title='bbox 3420 3912 3512 3982; x_wconf 89' lang='lat' dir='ltr'><strong>qui</strong></span> <span class='ocrx_word' id='word_1_582' title='bbox 3575 3883 3678 3968; x_wconf 57' lang='lat' dir='ltr'><strong>sal:</strong></span> 
     </span>
    </p>
   </div>
   <div class='ocr_carea' id='block_1_74' title="bbox 424 3981 3681 4077">
    <p class='ocr_par' dir='ltr' id='par_1_74' title="bbox 424 3981 3681 4077">
     <span class='ocr_line' id='line_1_76' title="bbox 424 3981 3681 4077; baseline 0.009 -44"><span class='ocrx_word' id='word_1_583' title='bbox 424 3981 768 4077; x_wconf 40' lang='lat' dir='ltr'><strong>vandi-sunt.</strong></span> <span class='ocrx_word' id='word_1_584' title='bbox 802 3982 1008 4040; x_wconf 90' lang='lat' dir='ltr'><strong>Domus</strong></span> <span class='ocrx_word' id='word_1_585' title='bbox 1042 3984 1204 4077; x_wconf 89' lang='lat' dir='ltr'><strong>etiam</strong></span> <span class='ocrx_word' id='word_1_586' title='bbox 1241 3985 1453 4038; x_wconf 85' lang='lat' dir='ltr'><strong>Domini</strong></span> <span class='ocrx_word' id='word_1_587' title='bbox 1489 3995 1571 4040; x_wconf 88' lang='lat' dir='ltr'><strong>est</strong></span> <span class='ocrx_word' id='word_1_588' title='bbox 1601 3985 1720 4057; x_wconf 85' lang='lat' dir='ltr'><strong>ejus</strong></span> <span class='ocrx_word' id='word_1_589' title='bbox 1756 4003 2006 4058; x_wconf 85' lang='lat' dir='ltr'><strong>regnum,</strong></span> <span class='ocrx_word' id='word_1_590' title='bbox 2036 3989 2092 4045; x_wconf 90' lang='lat' dir='ltr'><strong>in</strong></span> <span class='ocrx_word' id='word_1_591' title='bbox 2164 4009 2276 4065; x_wconf 85' lang='lat' dir='ltr'><strong>quo</strong></span> <span class='ocrx_word' id='word_1_592' title='bbox 2345 3996 2715 4052; x_wconf 82' lang='lat' dir='ltr'><strong>restituuntur</strong></span> <span class='ocrx_word' id='word_1_593' title='bbox 2738 4013 2928 4055; x_wconf 88' lang='lat' dir='ltr'><strong>omnes</strong></span> <span class='ocrx_word' id='word_1_594' title='bbox 2951 4003 3162 4069; x_wconf 87' lang='lat' dir='ltr'><strong>sancti;</strong></span> <span class='ocrx_word' id='word_1_595' title='bbox 3189 4006 3681 4077; x_wconf 84' lang='lat' dir='ltr'><strong>perlongitudincm</strong></span> 
     </span>
    </p>
   </div>
   <div class='ocr_carea' id='block_1_75' title="bbox 427 4073 1620 4148">
    <p class='ocr_par' dir='ltr' id='par_1_75' title="bbox 427 4073 1620 4148">
     <span class='ocr_line' id='line_1_77' title="bbox 427 4073 1620 4148; baseline 0.007 -22"><span class='ocrx_word' id='word_1_596' title='bbox 427 4088 558 4130; x_wconf 79' lang='lat' dir='ltr'><strong>vero</strong></span> <span class='ocrx_word' id='word_1_597' title='bbox 588 4073 830 4148; x_wconf 86' lang='lat' dir='ltr'><strong>dierum,</strong></span> <span class='ocrx_word' id='word_1_598' title='bbox 858 4085 1121 4130; x_wconf 75' lang='lat' dir='ltr'><strong>aeternam</strong></span> <span class='ocrx_word' id='word_1_599' title='bbox 1157 4076 1320 4130; x_wconf 74' lang='lat' dir='ltr'><strong>vitam</strong></span> <span class='ocrx_word' id='word_1_600' title='bbox 1359 4078 1620 4147; x_wconf 81' lang='lat' dir='ltr'><strong>intellige.</strong></span> 
     </span>
    </p>
   </div>
   <div class='ocr_carea' id='block_1_76' title="bbox 645 4164 1797 4236">
    <p class='ocr_par' dir='ltr' id='par_1_76' title="bbox 645 4164 1797 4236">
     <span class='ocr_line' id='line_1_78' title="bbox 645 4164 1797 4236; baseline 0.008 -17"><span class='ocrx_word' id='word_1_601' title='bbox 645 4164 895 4221; x_wconf 85' lang='lat' dir='ltr'><strong>Psalmus</strong></span> <span class='ocrx_word' id='word_1_602' title='bbox 912 4169 1013 4236; x_wconf 89' lang='lat' dir='ltr'><strong>ipsi</strong></span> <span class='ocrx_word' id='word_1_603' title='bbox 1039 4168 1208 4223; x_wconf 79' lang='lat' dir='ltr'><strong>David</strong></span> <span class='ocrx_word' id='word_1_604' title='bbox 1227 4171 1412 4235; x_wconf 79' lang='lat' dir='ltr'><strong>prima:</strong></span> <span class='ocrx_word' id='word_1_605' title='bbox 1432 4171 1797 4228; x_wconf 79' lang='lat' dir='ltr'><strong>sabbatorum.</strong></span> 
     </span>
    </p>
   </div>
   <div class='ocr_carea' id='block_1_77' title="bbox 941 4258 1487 4322">
    <p class='ocr_par' dir='ltr' id='par_1_77' title="bbox 941 4258 1487 4322">
     <span class='ocr_line' id='line_1_79' title="bbox 941 4258 1487 4322; baseline 0.015 -10"><span class='ocrx_word' id='word_1_606' title='bbox 941 4258 1266 4318; x_wconf 72' lang='lat' dir='ltr'><strong>PSALMUS</strong></span> <span class='ocrx_word' id='word_1_607' title='bbox 1299 4262 1487 4322; x_wconf 80' lang='lat' dir='ltr'><strong>XXIII.</strong></span> 
     </span>
    </p>
   </div>
   <div class='ocr_carea' id='block_1_78' title="bbox 501 4347 2013 4422">
    <p class='ocr_par' dir='ltr' id='par_1_78' title="bbox 501 4347 2013 4422">
     <span class='ocr_line' id='line_1_80' title="bbox 501 4347 2013 4422; baseline 0.009 -22"><span class='ocrx_word' id='word_1_608' title='bbox 501 4347 600 4403; x_wconf 29' lang='lat' dir='ltr'><strong>l‘Iic</strong></span> <span class='ocrx_word' id='word_1_609' title='bbox 627 4349 872 4418; x_wconf 88' lang='lat' dir='ltr'><strong>psalmus</strong></span> <span class='ocrx_word' id='word_1_610' title='bbox 905 4351 1314 4422; x_wconf 83' lang='lat' dir='ltr'><strong>inscriptiOnem</strong></span> <span class='ocrx_word' id='word_1_611' title='bbox 1367 4356 1527 4411; x_wconf 87' lang='lat' dir='ltr'><strong>habet</strong></span> <span class='ocrx_word' id='word_1_612' title='bbox 1562 4375 1578 4415; x_wconf 86' lang='lat'><strong>:</strong></span> <span class='ocrx_word' id='word_1_613' title='bbox 1636 4358 1836 4414; x_wconf 73' lang='lat' dir='ltr'><strong>Prima:</strong></span> <span class='ocrx_word' id='word_1_614' title='bbox 1891 4362 2013 4416; x_wconf 86' lang='lat' dir='ltr'><strong>sab-</strong></span> 
     </span>
    </p>
   </div>
   <div class='ocr_carea' id='block_1_79' title="bbox 424 4441 2010 4518">
    <p class='ocr_par' dir='ltr' id='par_1_79' title="bbox 424 4441 2010 4518">
     <span class='ocr_line' id='line_1_81' title="bbox 424 4441 2010 4518; baseline 0.008 -23"><span class='ocrx_word' id='word_1_615' title='bbox 424 4441 667 4495; x_wconf 86' lang='lat' dir='ltr'><strong>balorum</strong></span> <span class='ocrx_word' id='word_1_616' title='bbox 696 4457 716 4496; x_wconf 91' lang='lat'><strong><em>:</em></strong></span> <span class='ocrx_word' id='word_1_617' title='bbox 753 4443 855 4498; x_wconf 92' lang='lat' dir='ltr'><strong>hoc</strong></span> <span class='ocrx_word' id='word_1_618' title='bbox 885 4451 992 4510; x_wconf 87' lang='lat' dir='ltr'><strong>est,</strong></span> <span class='ocrx_word' id='word_1_619' title='bbox 1024 4444 1174 4500; x_wconf 88' lang='lat' dir='ltr'><strong>illius</strong></span> <span class='ocrx_word' id='word_1_620' title='bbox 1206 4445 1312 4500; x_wconf 93' lang='lat' dir='ltr'><strong>dici</strong></span> <span class='ocrx_word' id='word_1_621' title='bbox 1334 4443 1360 4512; x_wconf 29' lang='grc' dir='ltr'><strong>,λ</strong></span> <span class='ocrx_word' id='word_1_622' title='bbox 1383 4463 1486 4518; x_wconf 88' lang='lat' dir='ltr'><strong>qua</strong></span> <span class='ocrx_word' id='word_1_623' title='bbox 1519 4449 1778 4508; x_wconf 88' lang='lat' dir='ltr'><strong>Christus</strong></span> <span class='ocrx_word' id='word_1_624' title='bbox 1823 4468 2010 4508; x_wconf 87' lang='lat' dir='ltr'><strong>resur-</strong></span> 
     </span>
    </p>
   </div>
   <div class='ocr_carea' id='block_1_80' title="bbox 425 4534 2003 4616">
    <p class='ocr_par' dir='ltr' id='par_1_80' title="bbox 425 4534 2003 4616">
     <span class='ocr_line' id='line_1_82' title="bbox 425 4534 2003 4616; baseline 0.01 -30"><span class='ocrx_word' id='word_1_625' title='bbox 425 4534 593 4600; x_wconf 76' lang='lat' dir='ltr'><strong>rexit;</strong></span> <span class='ocrx_word' id='word_1_626' title='bbox 629 4534 777 4587; x_wconf 91' lang='lat' dir='ltr'><strong>illam</strong></span> <span class='ocrx_word' id='word_1_627' title='bbox 810 4536 955 4588; x_wconf 91' lang='lat' dir='ltr'><strong>enim</strong></span> <span class='ocrx_word' id='word_1_628' title='bbox 979 4535 1120 4590; x_wconf 91' lang='lat' dir='ltr'><strong>dicm</strong></span> <span class='ocrx_word' id='word_1_629' title='bbox 1159 4539 1407 4606; x_wconf 66' lang='lat' dir='ltr'><strong>praedicit</strong></span> <span class='ocrx_word' id='word_1_630' title='bbox 1434 4557 1597 4610; x_wconf 89' lang='lat' dir='ltr'><strong>quam</strong></span> <span class='ocrx_word' id='word_1_631' title='bbox 1623 4542 2003 4616; x_wconf 65' lang='lat' dir='ltr'><strong>Evangelistaz,</strong></span> 
     </span>
    </p>
   </div>
   <div class='ocr_carea' id='block_1_81' title="bbox 2261 4181 3536 4257">
    <p class='ocr_par' dir='ltr' id='par_1_81' title="bbox 2261 4181 3536 4257">
     <span class='ocr_line' id='line_1_83' title="bbox 2261 4181 3536 4257; baseline 0.013 -23"><span class='ocrx_word' id='word_1_632' title='bbox 2261 4181 2512 4251; x_wconf 77' lang='grc' dir='ltr'>Ψαλμὸς</span> <span class='ocrx_word' id='word_1_633' title='bbox 2545 4182 2627 4248; x_wconf 79' lang='grc' dir='ltr'>τῷ</span> <span class='ocrx_word' id='word_1_634' title='bbox 2655 4185 2856 4247; x_wconf 71' lang='grc' dir='ltr'><strong>Δαόὶδ,</strong></span> <span class='ocrx_word' id='word_1_635' title='bbox 2888 4187 2999 4256; x_wconf 84' lang='grc' dir='ltr'>τῆς</span> <span class='ocrx_word' id='word_1_636' title='bbox 3029 4188 3172 4257; x_wconf 80' lang='grc' dir='ltr'>μιᾶς</span> <span class='ocrx_word' id='word_1_637' title='bbox 3198 4183 3536 4252; x_wconf 74' lang='grc' dir='ltr'><strong>Σαϐϐάτων.</strong></span> 
     </span>
    </p>
   </div>
   <div class='ocr_carea' id='block_1_82' title="bbox 2672 4277 3138 4336">
    <p class='ocr_par' dir='ltr' id='par_1_82' title="bbox 2672 4277 3138 4336">
     <span class='ocr_line' id='line_1_84' title="bbox 2672 4277 3138 4336; baseline 0.013 -7"><span class='ocrx_word' id='word_1_638' title='bbox 2672 4277 2969 4331; x_wconf 80' lang='grc' dir='ltr'><strong>ΨΑΛΜΟΣ</strong></span> <span class='ocrx_word' id='word_1_639' title='bbox 3009 4280 3138 4336; x_wconf 69' lang='lat' dir='ltr'><strong>Kl&quot;.</strong></span> 
     </span>
    </p>
   </div>
   <div class='ocr_carea' id='block_1_83' title="bbox 2197 4361 3676 4445">
    <p class='ocr_par' dir='ltr' id='par_1_83' title="bbox 2197 4361 3676 4445">
     <span class='ocr_line' id='line_1_85' title="bbox 2197 4361 3676 4445; baseline 0.005 -18"><span class='ocrx_word' id='word_1_640' title='bbox 2197 4362 2256 4416; x_wconf 84' lang='grc'><strong>’0</strong></span> <span class='ocrx_word' id='word_1_641' title='bbox 2306 4363 2524 4434; x_wconf 72' lang='grc' dir='ltr'>ψαλμὺς</span> <span class='ocrx_word' id='word_1_642' title='bbox 2559 4361 2734 4433; x_wconf 76' lang='grc' dir='ltr'>οὗτος,</span> <span class='ocrx_word' id='word_1_643' title='bbox 2794 4369 2904 4438; x_wconf 86' lang='grc' dir='ltr'>τῆς</span> <span class='ocrx_word' id='word_1_644' title='bbox 2947 4373 3092 4441; x_wconf 81' lang='grc' dir='ltr'>μιᾶς</span> <span class='ocrx_word' id='word_1_645' title='bbox 3155 4379 3477 4433; x_wconf 78' lang='grc' dir='ltr'><strong>Σαϐϐάτων</strong></span> <span class='ocrx_word' id='word_1_646' title='bbox 3525 4381 3676 4445; x_wconf 79' lang='grc' dir='ltr'>ἐστὶν,</span> 
     </span>
    </p>
   </div>
   <div class='ocr_carea' id='block_1_84' title="bbox 2108 4455 3678 4542">
    <p class='ocr_par' dir='ltr' id='par_1_84' title="bbox 2108 4455 3678 4542">
     <span class='ocr_line' id='line_1_86' title="bbox 2108 4455 3678 4542; baseline 0.012 -35"><span class='ocrx_word' id='word_1_647' title='bbox 2108 4455 2225 4525; x_wconf 73' lang='grc' dir='ltr'>ἤτοι</span> <span class='ocrx_word' id='word_1_648' title='bbox 2265 4458 2612 4541; x_wconf 47' lang='grc' dir='ltr'>τῆς-ὴμέρας</span> <span class='ocrx_word' id='word_1_649' title='bbox 2673 4462 2795 4516; x_wconf 81' lang='grc' dir='ltr'>καθ’</span> <span class='ocrx_word' id='word_1_650' title='bbox 2844 4464 2916 4534; x_wconf 79' lang='grc' dir='ltr'>ἢν</span> <span class='ocrx_word' id='word_1_651' title='bbox 2953 4466 2982 4518; x_wconf 91' lang='lat'><strong>6</strong></span> <span class='ocrx_word' id='word_1_652' title='bbox 3039 4467 3246 4536; x_wconf 85' lang='grc' dir='ltr'>Κύριος</span> <span class='ocrx_word' id='word_1_653' title='bbox 3290 4471 3517 4542; x_wconf 83' lang='grc' dir='ltr'>ἀνέστη,</span> <span class='ocrx_word' id='word_1_654' title='bbox 3564 4477 3678 4542; x_wconf 71' lang='grc' dir='ltr'>περὶ</span> 
     </span>
    </p>
   </div>
   <div class='ocr_carea' id='block_1_85' title="bbox 2106 4548 3678 4637">
    <p class='ocr_par' dir='ltr' id='par_1_85' title="bbox 2106 4548 3678 4637">
     <span class='ocr_line' id='line_1_87' title="bbox 2106 4548 3678 4637; baseline 0.013 -37"><span class='ocrx_word' id='word_1_655' title='bbox 2106 4548 2276 4618; x_wconf 80' lang='grc' dir='ltr'>αὐτῆς</span> <span class='ocrx_word' id='word_1_656' title='bbox 2306 4553 2794 4624; x_wconf 79' lang='grc' dir='ltr'>προσαγορευθεὶς,</span> <span class='ocrx_word' id='word_1_657' title='bbox 2847 4557 2915 4627; x_wconf 78' lang='grc' dir='ltr'>ἢν</span> <span class='ocrx_word' id='word_1_658' title='bbox 2949 4559 3044 4611; x_wconf 75' lang='grc' dir='ltr'>καὶ</span> <span class='ocrx_word' id='word_1_659' title='bbox 3069 4561 3117 4613; x_wconf 76' lang='grc' dir='ltr'>οἱ</span> <span class='ocrx_word' id='word_1_660' title='bbox 3158 4562 3541 4631; x_wconf 82' lang='grc' dir='ltr'>εὐαγγελισταὶ</span> <span class='ocrx_word' id='word_1_661' title='bbox 3564 4566 3678 4637; x_wconf 84' lang='grc' dir='ltr'>μίαν</span> 
     </span>
    </p>
   </div>
   <div class='ocr_carea' id='block_1_86' title="bbox 423 4625 2003 4727">
    <p class='ocr_par' dir='ltr' id='par_1_86' title="bbox 423 4625 2002 4702">
     <span class='ocr_line' id='line_1_88' title="bbox 423 4625 2002 4702; baseline 0.011 -28"><span class='ocrx_word' id='word_1_662' title='bbox 423 4626 649 4691; x_wconf 84' lang='lat' dir='ltr'><strong>primam</strong></span> <span class='ocrx_word' id='word_1_663' title='bbox 675 4625 1019 4680; x_wconf 81' lang='lat' dir='ltr'><strong>sabbatorum</strong></span> <span class='ocrx_word' id='word_1_664' title='bbox 1049 4629 1338 4686; x_wconf 77' lang='lat' dir='ltr'><strong>manifeste</strong></span> <span class='ocrx_word' id='word_1_665' title='bbox 1359 4633 1704 4702; x_wconf 86' lang='lat' dir='ltr'><strong>appellarunt</strong></span> <span class='ocrx_word' id='word_1_666' title='bbox 1737 4651 1752 4688; x_wconf 86' lang='lat'><strong>:</strong></span> <span class='ocrx_word' id='word_1_667' title='bbox 1785 4640 2002 4694; x_wconf 83' lang='lat' dir='ltr'><strong>tametsi</strong></span> 
     </span>
    </p>
   </div>
   <div class='ocr_carea' id='block_1_87' title="bbox 2121 4625 3676 4727">
    <p class='ocr_par' dir='ltr' id='par_1_87' title="bbox 2121 4625 3676 4727">
     <span class='ocr_line' id='line_1_89' title="bbox 2121 4625 3676 4727; baseline 0.011 -36"><span class='ocrx_word' id='word_1_668' title='bbox 2121 4640 2406 4696; x_wconf 71' lang='grc' dir='ltr'>Σαϐϐάτων</span> <span class='ocrx_word' id='word_1_669' title='bbox 2443 4645 2631 4715; x_wconf 85' lang='grc' dir='ltr'>σαφῶς</span> <span class='ocrx_word' id='word_1_670' title='bbox 2655 4625 2945 4704; x_wconf 76' lang='grc' dir='ltr'>ἐκάλεσαν.</span> <span class='ocrx_word' id='word_1_671' title='bbox 2975 4625 3322 4725; x_wconf 67' lang='grc' dir='ltr'>Διεξέρχεταί</span> <span class='ocrx_word' id='word_1_672' title='bbox 3355 4656 3414 4709; x_wconf 85' lang='grc' dir='ltr'><strong>δὲ</strong></span> <span class='ocrx_word' id='word_1_673' title='bbox 3444 4658 3536 4710; x_wconf 70' lang='grc' dir='ltr'><strong>καὶ</strong></span> <span class='ocrx_word' id='word_1_674' title='bbox 3564 4625 3676 4727; x_wconf 67' lang='grc' dir='ltr'>περὶ</span> 
     </span>
    </p>
   </div>
   <div class='ocr_carea' id='block_1_88' title="bbox 424 4714 1998 4802">
    <p class='ocr_par' dir='ltr' id='par_1_88' title="bbox 424 4714 1998 4802">
     <span class='ocr_line' id='line_1_90' title="bbox 424 4714 1998 4802; baseline 0.011 -35"><span class='ocrx_word' id='word_1_675' title='bbox 424 4714 478 4768; x_wconf 90' lang='lat' dir='ltr'><strong>in</strong></span> <span class='ocrx_word' id='word_1_676' title='bbox 509 4715 613 4771; x_wconf 82' lang='lat' dir='ltr'><strong>ﬁne</strong></span> <span class='ocrx_word' id='word_1_677' title='bbox 637 4715 705 4770; x_wconf 88' lang='lat' dir='ltr'><strong>de</strong></span> <span class='ocrx_word' id='word_1_678' title='bbox 728 4720 1110 4788; x_wconf 88' lang='lat' dir='ltr'><strong>assumptione</strong></span> <span class='ocrx_word' id='word_1_679' title='bbox 1141 4723 1307 4777; x_wconf 91' lang='lat' dir='ltr'><strong>etiam</strong></span> <span class='ocrx_word' id='word_1_680' title='bbox 1332 4723 1538 4778; x_wconf 88' lang='lat' dir='ltr'><strong>Christi</strong></span> <span class='ocrx_word' id='word_1_681' title='bbox 1581 4734 1801 4784; x_wconf 85' lang='lat' dir='ltr'><strong>tractet.</strong></span> <span class='ocrx_word' id='word_1_682' title='bbox 1837 4729 1998 4802; x_wconf 79' lang='lat' dir='ltr'><strong>[Illud</strong></span> 
     </span>
    </p>
   </div>
   <div class='ocr_carea' id='block_1_89' title="bbox 2109 4733 3364 4811">
    <p class='ocr_par' dir='ltr' id='par_1_89' title="bbox 2109 4733 3364 4811">
     <span class='ocr_line' id='line_1_91' title="bbox 2109 4733 3364 4811; baseline 0.011 -25"><span class='ocrx_word' id='word_1_683' title='bbox 2109 4733 2208 4800; x_wconf 83' lang='grc' dir='ltr'>τῆς</span> <span class='ocrx_word' id='word_1_684' title='bbox 2256 4733 2350 4786; x_wconf 77' lang='grc' dir='ltr'>τοῦ</span> <span class='ocrx_word' id='word_1_685' title='bbox 2381 4735 2634 4808; x_wconf 78' lang='grc' dir='ltr'>Σωτῆρος</span> <span class='ocrx_word' id='word_1_686' title='bbox 2663 4739 2986 4810; x_wconf 73' lang='grc' dir='ltr'>ἀναλήψεως</span> <span class='ocrx_word' id='word_1_687' title='bbox 3017 4742 3074 4794; x_wconf 80' lang='grc' dir='ltr'>ὲν</span> <span class='ocrx_word' id='word_1_688' title='bbox 3102 4746 3180 4811; x_wconf 84' lang='grc' dir='ltr'>τῷ</span> <span class='ocrx_word' id='word_1_689' title='bbox 3197 4745 3364 4800; x_wconf 76' lang='grc' dir='ltr'>τέλει.</span> 
     </span>
    </p>
   </div>
   <div class='ocr_carea' id='block_1_90' title="bbox 426 4808 3677 4909">
    <p class='ocr_par' dir='ltr' id='par_1_90' title="bbox 426 4808 3677 4909">
     <span class='ocr_line' id='line_1_92' title="bbox 426 4808 3677 4909; baseline 0.012 -52"><span class='ocrx_word' id='word_1_690' title='bbox 426 4814 607 4909; x_wconf 78' lang='lat' dir='ltr'><strong>tamen</strong></span> <span class='ocrx_word' id='word_1_691' title='bbox 635 4808 1035 4909; x_wconf 73' lang='lat' dir='ltr'><strong>observandum</strong></span> <span class='ocrx_word' id='word_1_692' title='bbox 1067 4815 1213 4883; x_wconf 88' lang='lat' dir='ltr'><strong>quod</strong></span> <span class='ocrx_word' id='word_1_693' title='bbox 1246 4815 1304 4870; x_wconf 85' lang='lat' dir='ltr'><strong>in</strong></span> <span class='ocrx_word' id='word_1_694' title='bbox 1332 4816 1519 4872; x_wconf 66' lang='lat' dir='ltr'><strong>Graeca</strong></span> <span class='ocrx_word' id='word_1_695' title='bbox 1561 4818 1802 4875; x_wconf 88' lang='lat' dir='ltr'><strong>lectione</strong></span> <span class='ocrx_word' id='word_1_696' title='bbox 1841 4837 2006 4876; x_wconf 81' lang='lat' dir='ltr'><strong>unam</strong></span> <span class='ocrx_word' id='word_1_697' title='bbox 2044 4820 2403 4880; x_wconf 84' lang='lat' dir='ltr'><strong>Sabbatorum</strong></span> <span class='ocrx_word' id='word_1_698' title='bbox 2438 4827 2692 4899; x_wconf 75' lang='lat' dir='ltr'><strong>legimus,</strong></span> <span class='ocrx_word' id='word_1_699' title='bbox 2729 4808 2872 4903; x_wconf 88' lang='lat' dir='ltr'><strong>quod</strong></span> <span class='ocrx_word' id='word_1_700' title='bbox 2927 4834 3109 4890; x_wconf 87' lang='lat' dir='ltr'><strong>Latini</strong></span> <span class='ocrx_word' id='word_1_701' title='bbox 3150 4808 3503 4908; x_wconf 63' lang='lat' dir='ltr'><strong>interpretes</strong></span> <span class='ocrx_word' id='word_1_702' title='bbox 3567 4855 3677 4909; x_wconf 67' lang='lat' dir='ltr'><strong>pas-</strong></span> 
     </span>
    </p>
   </div>
   <div class='ocr_carea' id='block_1_91' title="bbox 427 4899 1133 4972">
    <p class='ocr_par' dir='ltr' id='par_1_91' title="bbox 427 4899 1133 4972">
     <span class='ocr_line' id='line_1_93' title="bbox 427 4899 1133 4972; baseline 0.007 -18"><span class='ocrx_word' id='word_1_703' title='bbox 427 4899 530 4954; x_wconf 86' lang='lat' dir='ltr'><strong>sim</strong></span> <span class='ocrx_word' id='word_1_704' title='bbox 549 4941 564 4965; x_wconf 93' lang='lat'><strong>,</strong></span> <span class='ocrx_word' id='word_1_705' title='bbox 597 4902 826 4971; x_wconf 84' lang='lat' dir='ltr'><strong>primam</strong></span> <span class='ocrx_word' id='word_1_706' title='bbox 853 4905 1133 4972; x_wconf 69' lang='lat' dir='ltr'><strong>dixerunt,</strong></span> 
     </span>
    </p>
   </div>
   <div class='ocr_carea' id='block_1_92' title="bbox 499 4993 2006 5080">
    <p class='ocr_par' dir='ltr' id='par_1_92' title="bbox 499 4993 2006 5080">
     <span class='ocr_line' id='line_1_94' title="bbox 499 4993 2006 5080; baseline 0.012 -32"><span class='ocrx_word' id='word_1_707' title='bbox 499 4993 666 5052; x_wconf 72' lang='lat' dir='ltr'><strong>Vens.</strong></span> <span class='ocrx_word' id='word_1_708' title='bbox 714 4998 765 5053; x_wconf 83' lang='lat' dir='ltr'><strong>I.</strong></span> <span class='ocrx_word' id='word_1_709' title='bbox 808 4999 1020 5057; x_wconf 86' lang='lat' dir='ltr'><strong>Domini</strong></span> <span class='ocrx_word' id='word_1_710' title='bbox 1061 5013 1136 5058; x_wconf 81' lang='lat' dir='ltr'><strong>est</strong></span> <span class='ocrx_word' id='word_1_711' title='bbox 1173 5014 1316 5061; x_wconf 84' lang='lat' dir='ltr'><strong>terra</strong></span> <span class='ocrx_word' id='word_1_712' title='bbox 1368 5016 1418 5062; x_wconf 86' lang='lat' dir='ltr'><strong>et</strong></span> <span class='ocrx_word' id='word_1_713' title='bbox 1465 5009 1739 5078; x_wconf 75' lang='lat' dir='ltr'><strong>plenitudo</strong></span> <span class='ocrx_word' id='word_1_714' title='bbox 1761 5016 1898 5080; x_wconf 84' lang='lat' dir='ltr'><strong>ejus.</strong></span> <span class='ocrx_word' id='word_1_715' title='bbox 1929 5012 2006 5066; x_wconf 81' lang='lat' dir='ltr'><strong>Ex</strong></span> 
     </span>
    </p>
   </div>
   <div class='ocr_carea' id='block_1_93' title="bbox 426 5086 2010 5170">
    <p class='ocr_par' dir='ltr' id='par_1_93' title="bbox 426 5086 2010 5170">
     <span class='ocr_line' id='line_1_95' title="bbox 426 5086 2010 5170; baseline 0.013 -33"><span class='ocrx_word' id='word_1_716' title='bbox 426 5101 537 5154; x_wconf 84' lang='lat' dir='ltr'><strong>quo</strong></span> <span class='ocrx_word' id='word_1_717' title='bbox 565 5086 823 5143; x_wconf 90' lang='lat' dir='ltr'><strong>nimirum</strong></span> <span class='ocrx_word' id='word_1_718' title='bbox 849 5091 917 5146; x_wconf 91' lang='lat' dir='ltr'><strong>de</strong></span> <span class='ocrx_word' id='word_1_719' title='bbox 946 5093 1230 5162; x_wconf 88' lang='lat' dir='ltr'><strong>sepultura</strong></span> <span class='ocrx_word' id='word_1_720' title='bbox 1255 5099 1564 5153; x_wconf 71' lang='lat' dir='ltr'><strong>resurrexit</strong></span> <span class='ocrx_word' id='word_1_721' title='bbox 1593 5140 1610 5165; x_wconf 90' lang='lat'><strong>,</strong></span> <span class='ocrx_word' id='word_1_722' title='bbox 1637 5113 1693 5156; x_wconf 89' lang='lat' dir='ltr'><strong>et</strong></span> <span class='ocrx_word' id='word_1_723' title='bbox 1717 5102 2010 5170; x_wconf 88' lang='lat' dir='ltr'><strong>discipulis</strong></span> 
     </span>
    </p>
   </div>
   <div class='ocr_carea' id='block_1_94' title="bbox 427 5175 2007 5260">
    <p class='ocr_par' dir='ltr' id='par_1_94' title="bbox 427 5175 2007 5260">
     <span class='ocr_line' id='line_1_96' title="bbox 427 5175 2007 5260; baseline 0.013 -35"><span class='ocrx_word' id='word_1_724' title='bbox 427 5175 700 5244; x_wconf 88' lang='lat' dir='ltr'><strong>apparuit,</strong></span> <span class='ocrx_word' id='word_1_725' title='bbox 731 5177 920 5236; x_wconf 89' lang='lat' dir='ltr'><strong>dicens</strong></span> <span class='ocrx_word' id='word_1_726' title='bbox 958 5196 972 5235; x_wconf 92' lang='lat'><strong>:</strong></span> <span class='ocrx_word' id='word_1_727' title='bbox 1010 5181 1150 5237; x_wconf 88' lang='lat' dir='ltr'><strong>Data</strong></span> <span class='ocrx_word' id='word_1_728' title='bbox 1181 5195 1260 5240; x_wconf 84' lang='lat' dir='ltr'><strong>est</strong></span> <span class='ocrx_word' id='word_1_729' title='bbox 1288 5188 1415 5241; x_wconf 81' lang='lat' dir='ltr'><strong>mihi</strong></span> <span class='ocrx_word' id='word_1_730' title='bbox 1453 5191 1625 5244; x_wconf 86' lang='lat' dir='ltr'><strong>omnis</strong></span> <span class='ocrx_word' id='word_1_731' title='bbox 1659 5201 1916 5260; x_wconf 78' lang='lat' dir='ltr'><strong>potestas,</strong></span> <span class='ocrx_word' id='word_1_732' title='bbox 1952 5194 2007 5246; x_wconf 86' lang='lat' dir='ltr'><strong>in</strong></span> 
     </span>
    </p>
   </div>
   <div class='ocr_carea' id='block_1_95' title="bbox 425 5263 2011 5352">
    <p class='ocr_par' dir='ltr' id='par_1_95' title="bbox 425 5263 2011 5352">
     <span class='ocr_line' id='line_1_97' title="bbox 425 5263 2011 5352; baseline 0.016 -37"><span class='ocrx_word' id='word_1_733' title='bbox 425 5263 553 5316; x_wconf 80' lang='lat' dir='ltr'><strong>caelo</strong></span> <span class='ocrx_word' id='word_1_734' title='bbox 581 5275 628 5317; x_wconf 82' lang='lat' dir='ltr'><strong>et</strong></span> <span class='ocrx_word' id='word_1_735' title='bbox 653 5267 705 5318; x_wconf 84' lang='lat' dir='ltr'><strong>in</strong></span> <span class='ocrx_word' id='word_1_736' title='bbox 734 5279 870 5320; x_wconf 78' lang='lat' dir='ltr'><strong>terra</strong></span> <span class='ocrx_word' id='word_1_737' title='bbox 902 5271 970 5334; x_wconf 80' lang='lat'><strong>&quot;,</strong></span> <span class='ocrx_word' id='word_1_738' title='bbox 996 5287 1059 5326; x_wconf 80' lang='lat' dir='ltr'><strong>ex</strong></span> <span class='ocrx_word' id='word_1_739' title='bbox 1097 5272 1190 5328; x_wconf 90' lang='lat' dir='ltr'><strong>illo</strong></span> <span class='ocrx_word' id='word_1_740' title='bbox 1227 5290 1362 5329; x_wconf 89' lang='lat' dir='ltr'><strong>sane</strong></span> <span class='ocrx_word' id='word_1_741' title='bbox 1392 5285 1636 5347; x_wconf 89' lang='lat' dir='ltr'><strong>tempore</strong></span> <span class='ocrx_word' id='word_1_742' title='bbox 1663 5319 1678 5344; x_wconf 92' lang='lat'><strong>,</strong></span> <span class='ocrx_word' id='word_1_743' title='bbox 1725 5297 1838 5352; x_wconf 85' lang='lat' dir='ltr'><strong>quo</strong></span> <span class='ocrx_word' id='word_1_744' title='bbox 1895 5284 2011 5340; x_wconf 60' lang='lat' dir='ltr'><strong>hac</strong></span> 
     </span>
    </p>
   </div>
   <div class='ocr_carea' id='block_1_96' title="bbox 430 5353 2009 5445">
    <p class='ocr_par' dir='ltr' id='par_1_96' title="bbox 430 5353 2009 5445">
     <span class='ocr_line' id='line_1_98' title="bbox 430 5353 2009 5445; baseline 0.016 -40"><span class='ocrx_word' id='word_1_745' title='bbox 430 5353 757 5410; x_wconf 89' lang='lat' dir='ltr'><strong>acciderunt</strong></span> <span class='ocrx_word' id='word_1_746' title='bbox 788 5395 803 5422; x_wconf 93' lang='lat'><strong>,</strong></span> <span class='ocrx_word' id='word_1_747' title='bbox 836 5360 1045 5416; x_wconf 77' lang='lat' dir='ltr'><strong>Christi</strong></span> <span class='ocrx_word' id='word_1_748' title='bbox 1077 5361 1268 5418; x_wconf 77' lang='lat' dir='ltr'><strong>eﬂeCta</strong></span> <span class='ocrx_word' id='word_1_749' title='bbox 1301 5374 1384 5420; x_wconf 88' lang='lat' dir='ltr'><strong>est</strong></span> <span class='ocrx_word' id='word_1_750' title='bbox 1418 5369 1600 5425; x_wconf 89' lang='lat' dir='ltr'><strong>omnis</strong></span> <span class='ocrx_word' id='word_1_751' title='bbox 1639 5381 1784 5427; x_wconf 73' lang='lat' dir='ltr'><strong>terra</strong></span> <span class='ocrx_word' id='word_1_752' title='bbox 1815 5415 1830 5439; x_wconf 92' lang='lat'><strong>,</strong></span> <span class='ocrx_word' id='word_1_753' title='bbox 1885 5391 2009 5445; x_wconf 75' lang='lat' dir='ltr'><strong>qua:</strong></span> 
     </span>
    </p>
   </div>
   <div class='ocr_carea' id='block_1_97' title="bbox 429 5447 2008 5522">
    <p class='ocr_par' dir='ltr' id='par_1_97' title="bbox 429 5447 2008 5522">
     <span class='ocr_line' id='line_1_99' title="bbox 429 5447 2008 5522; baseline 0.016 -27"><span class='ocrx_word' id='word_1_754' title='bbox 429 5453 587 5498; x_wconf 85' lang='lat' dir='ltr'><strong>antea</strong></span> <span class='ocrx_word' id='word_1_755' title='bbox 611 5447 714 5502; x_wconf 79' lang='lat' dir='ltr'><strong>sub</strong></span> <span class='ocrx_word' id='word_1_756' title='bbox 753 5449 1062 5505; x_wconf 71' lang='lat' dir='ltr'><strong>daemonum</strong></span> <span class='ocrx_word' id='word_1_757' title='bbox 1092 5465 1362 5522; x_wconf 88' lang='lat' dir='ltr'><strong>potestate</strong></span> <span class='ocrx_word' id='word_1_758' title='bbox 1389 5458 1756 5518; x_wconf 80' lang='lat' dir='ltr'><strong>detinebatur.</strong></span> <span class='ocrx_word' id='word_1_759' title='bbox 1786 5464 1852 5518; x_wconf 85' lang='lat' dir='ltr'><strong>Et</strong></span> <span class='ocrx_word' id='word_1_760' title='bbox 1886 5466 2008 5520; x_wconf 87' lang='lat' dir='ltr'><strong>ubi-</strong></span> 
     </span>
    </p>
   </div>
   <div class='ocr_carea' id='block_1_98' title="bbox 428 5541 2006 5622">
    <p class='ocr_par' dir='ltr' id='par_1_98' title="bbox 428 5541 2006 5622">
     <span class='ocr_line' id='line_1_100' title="bbox 428 5541 2006 5622; baseline 0.018 -41"><span class='ocrx_word' id='word_1_761' title='bbox 428 5548 534 5602; x_wconf 84' lang='lat' dir='ltr'><strong>que</strong></span> <span class='ocrx_word' id='word_1_762' title='bbox 570 5548 861 5604; x_wconf 88' lang='lat' dir='ltr'><strong>terrarum,</strong></span> <span class='ocrx_word' id='word_1_763' title='bbox 891 5554 991 5610; x_wconf 90' lang='lat' dir='ltr'><strong>pro</strong></span> <span class='ocrx_word' id='word_1_764' title='bbox 1026 5541 1188 5598; x_wconf 91' lang='lat' dir='ltr'><strong>idolis</strong></span> <span class='ocrx_word' id='word_1_765' title='bbox 1226 5548 1424 5616; x_wconf 89' lang='lat' dir='ltr'><strong>templa</strong></span> <span class='ocrx_word' id='word_1_766' title='bbox 1455 5549 1566 5604; x_wconf 90' lang='lat' dir='ltr'><strong>Deo</strong></span> <span class='ocrx_word' id='word_1_767' title='bbox 1603 5562 1784 5608; x_wconf 90' lang='lat' dir='ltr'><strong>erecta</strong></span> <span class='ocrx_word' id='word_1_768' title='bbox 1831 5564 1960 5610; x_wconf 88' lang='lat' dir='ltr'><strong>sunt</strong></span> <span class='ocrx_word' id='word_1_769' title='bbox 1991 5598 2006 5622; x_wconf 95' lang='lat'><strong>,</strong></span> 
     </span>
    </p>
   </div>
   <div class='ocr_carea' id='block_1_99' title="bbox 2191 5000 3679 5095">
    <p class='ocr_par' dir='ltr' id='par_1_99' title="bbox 2191 5000 3679 5095">
     <span class='ocr_line' id='line_1_101' title="bbox 2191 5000 3679 5095; baseline 0.009 -29"><span class='ocrx_word' id='word_1_770' title='bbox 2191 5013 2301 5068; x_wconf 87' lang='grc' dir='ltr'><strong>Τοῦ</strong></span> <span class='ocrx_word' id='word_1_771' title='bbox 2327 5015 2554 5082; x_wconf 82' lang='grc' dir='ltr'>Κι·ρίου</span> <span class='ocrx_word' id='word_1_772' title='bbox 2583 5000 2730 5087; x_wconf 69' lang='grc' dir='ltr'><strong>ἦγῆ</strong></span> <span class='ocrx_word' id='word_1_773' title='bbox 2758 5021 2855 5073; x_wconf 77' lang='grc' dir='ltr'>καὶ</span> <span class='ocrx_word' id='word_1_774' title='bbox 2908 5023 2973 5074; x_wconf 84' lang='grc' dir='ltr'>τὸ</span> <span class='ocrx_word' id='word_1_775' title='bbox 3009 5025 3303 5093; x_wconf 76' lang='grc' dir='ltr'>πλήρωμα</span> <span class='ocrx_word' id='word_1_776' title='bbox 3329 5027 3537 5095; x_wconf 84' lang='grc' dir='ltr'>αὐτῆς.</span> <span class='ocrx_word' id='word_1_777' title='bbox 3564 5027 3679 5080; x_wconf 83' lang='grc' dir='ltr'>Ὅτε</span> 
     </span>
    </p>
   </div>
   <div class='ocr_carea' id='block_1_100' title="bbox 2105 5103 3676 5191">
    <p class='ocr_par' dir='ltr' id='par_1_100' title="bbox 2105 5103 3676 5191">
     <span class='ocr_line' id='line_1_102' title="bbox 2105 5103 3676 5191; baseline 0.011 -34"><span class='ocrx_word' id='word_1_778' title='bbox 2105 5103 2307 5176; x_wconf 74' lang='grc' dir='ltr'>δηλαδὴ</span> <span class='ocrx_word' id='word_1_779' title='bbox 2340 5106 2436 5160; x_wconf 82' lang='grc' dir='ltr'>τοῦ</span> <span class='ocrx_word' id='word_1_780' title='bbox 2480 5109 2769 5179; x_wconf 83' lang='grc' dir='ltr'>μνήματος</span> <span class='ocrx_word' id='word_1_781' title='bbox 2799 5111 3104 5179; x_wconf 72' lang='grc' dir='ltr'>ἐξαναστὰς</span> <span class='ocrx_word' id='word_1_782' title='bbox 3127 5157 3142 5182; x_wconf 94' lang='grc'><strong>,</strong></span> <span class='ocrx_word' id='word_1_783' title='bbox 3195 5118 3527 5191; x_wconf 77' lang='grc' dir='ltr'>ἐνεφανίσθη</span> <span class='ocrx_word' id='word_1_784' title='bbox 3573 5123 3676 5182; x_wconf 78' lang='grc' dir='ltr'>τοῖς</span> 
     </span>
    </p>
   </div>
   <div class='ocr_carea' id='block_1_101' title="bbox 2109 5195 3679 5276">
    <p class='ocr_par' dir='ltr' id='par_1_101' title="bbox 2109 5195 3679 5276">
     <span class='ocr_line' id='line_1_103' title="bbox 2109 5195 3679 5276; baseline 0.01 -27"><span class='ocrx_word' id='word_1_785' title='bbox 2109 5195 2398 5266; x_wconf 80' lang='grc' dir='ltr'>μαθηταῖς,</span> <span class='ocrx_word' id='word_1_786' title='bbox 2427 5201 2520 5252; x_wconf 71' lang='grc' dir='ltr'><strong>καὶ</strong></span> <span class='ocrx_word' id='word_1_787' title='bbox 2551 5196 2706 5254; x_wconf 73' lang='grc' dir='ltr'>εἶπεν</span> <span class='ocrx_word' id='word_1_788' title='bbox 2729 5219 2744 5233; x_wconf 90' lang='grc'><strong>·</strong></span> <span class='ocrx_word' id='word_1_789' title='bbox 2789 5204 2993 5273; x_wconf 79' lang='grc' dir='ltr'>Ἐδόθη</span> <span class='ocrx_word' id='word_1_790' title='bbox 3017 5224 3121 5274; x_wconf 83' lang='grc' dir='ltr'><strong>μοι</strong></span> <span class='ocrx_word' id='word_1_791' title='bbox 3152 5206 3323 5265; x_wconf 79' lang='grc' dir='ltr'>πᾶσα</span> <span class='ocrx_word' id='word_1_792' title='bbox 3353 5211 3590 5276; x_wconf 76' lang='grc' dir='ltr'>ἐξουσία</span> <span class='ocrx_word' id='word_1_793' title='bbox 3609 5211 3679 5264; x_wconf 76' lang='grc' dir='ltr'><strong>ἐν</strong></span> 
     </span>
    </p>
   </div>
   <div class='ocr_carea' id='block_1_102' title="bbox 2106 5286 3672 5376">
    <p class='ocr_par' dir='ltr' id='par_1_102' title="bbox 2106 5286 3672 5376">
     <span class='ocr_line' id='line_1_104' title="bbox 2106 5286 3672 5376; baseline 0.015 -36"><span class='ocrx_word' id='word_1_794' title='bbox 2106 5286 2361 5356; x_wconf 77' lang='grc' dir='ltr'>οὐρανῷ,</span> <span class='ocrx_word' id='word_1_795' title='bbox 2386 5291 2486 5345; x_wconf 78' lang='grc' dir='ltr'>καὶ</span> <span class='ocrx_word' id='word_1_796' title='bbox 2513 5292 2613 5346; x_wconf 76' lang='grc' dir='ltr'><strong>ἐπὶ</strong></span> <span class='ocrx_word' id='word_1_797' title='bbox 2642 5293 2775 5362; x_wconf 80' lang='grc' dir='ltr'>τῆς.</span> <span class='ocrx_word' id='word_1_798' title='bbox 2813 5297 2901 5364; x_wconf 79' lang='grc' dir='ltr'><strong>Ἐξ</strong></span> <span class='ocrx_word' id='word_1_799' title='bbox 2937 5299 3153 5369; x_wconf 73' lang='grc' dir='ltr'>ἐκείνης</span> <span class='ocrx_word' id='word_1_800' title='bbox 3187 5303 3297 5374; x_wconf 75' lang='grc' dir='ltr'><strong>γὰρ</strong></span> <span class='ocrx_word' id='word_1_801' title='bbox 3328 5305 3425 5376; x_wconf 80' lang='grc' dir='ltr'>τῆς</span> <span class='ocrx_word' id='word_1_802' title='bbox 3451 5307 3672 5376; x_wconf 72' lang='grc' dir='ltr'>ἡμέρας.</span> 
     </span>
    </p>
   </div>
   <div class='ocr_carea' id='block_1_103' title="bbox 2105 5378 3675 5462">
    <p class='ocr_par' dir='ltr' id='par_1_103' title="bbox 2105 5378 3675 5462">
     <span class='ocr_line' id='line_1_105' title="bbox 2105 5378 3675 5462; baseline 0.01 -31"><span class='ocrx_word' id='word_1_803' title='bbox 2105 5378 2198 5432; x_wconf 83' lang='grc' dir='ltr'>τοῦ</span> <span class='ocrx_word' id='word_1_804' title='bbox 2248 5381 2489 5449; x_wconf 82' lang='grc' dir='ltr'>Χριστοῦ</span> <span class='ocrx_word' id='word_1_805' title='bbox 2534 5385 2765 5453; x_wconf 83' lang='grc' dir='ltr'>γέγονεν</span> <span class='ocrx_word' id='word_1_806' title='bbox 2811 5387 2842 5456; x_wconf 79' lang='grc' dir='ltr'><strong>ἡ</strong></span> <span class='ocrx_word' id='word_1_807' title='bbox 2875 5389 2966 5457; x_wconf 75' lang='grc' dir='ltr'><strong>γῆ,</strong></span> <span class='ocrx_word' id='word_1_808' title='bbox 3001 5391 3269 5462; x_wconf 85' lang='grc' dir='ltr'>πρότερον</span> <span class='ocrx_word' id='word_1_809' title='bbox 3302 5394 3410 5448; x_wconf 80' lang='grc' dir='ltr'>ὑπὸ</span> <span class='ocrx_word' id='word_1_810' title='bbox 3445 5397 3544 5449; x_wconf 83' lang='grc' dir='ltr'>τῶν</span> <span class='ocrx_word' id='word_1_811' title='bbox 3567 5397 3675 5448; x_wconf 80' lang='lat' dir='ltr'><strong>61t-</strong></span> 
     </span>
    </p>
   </div>
   <div class='ocr_carea' id='block_1_104' title="bbox 2113 5471 3674 5554">
    <p class='ocr_par' dir='ltr' id='par_1_104' title="bbox 2113 5471 3674 5554">
     <span class='ocr_line' id='line_1_106' title="bbox 2113 5471 3674 5554; baseline 0.014 -31"><span class='ocrx_word' id='word_1_812' title='bbox 2113 5471 2291 5542; x_wconf 87' lang='grc' dir='ltr'>μόνων</span> <span class='ocrx_word' id='word_1_813' title='bbox 2341 5479 2882 5550; x_wconf 85' lang='grc' dir='ltr'>κατακυριευομένη.</span> <span class='ocrx_word' id='word_1_814' title='bbox 2915 5482 3199 5552; x_wconf 85' lang='grc' dir='ltr'>Πανταχοῦ</span> <span class='ocrx_word' id='word_1_815' title='bbox 3247 5486 3434 5540; x_wconf 81' lang='grc' dir='ltr'>λοιπὸν</span> <span class='ocrx_word' id='word_1_816' title='bbox 3469 5489 3558 5554; x_wconf 80' lang='grc' dir='ltr'><strong>τῆς</strong></span> <span class='ocrx_word' id='word_1_817' title='bbox 3575 5486 3674 5554; x_wconf 75' lang='grc' dir='ltr'><strong>γῆς</strong></span> 
     </span>
    </p>
   </div>
   <div class='ocr_carea' id='block_1_105' title="bbox 2106 5563 3674 5648">
    <p class='ocr_par' dir='ltr' id='par_1_105' title="bbox 2106 5563 3674 5648">
     <span class='ocr_line' id='line_1_107' title="bbox 2106 5563 3674 5648; baseline 0.011 -34"><span class='ocrx_word' id='word_1_818' title='bbox 2106 5563 2229 5616; x_wconf 77' lang='grc' dir='ltr'>ἀντὶ</span> <span class='ocrx_word' id='word_1_819' title='bbox 2256 5564 2365 5619; x_wconf 84' lang='grc' dir='ltr'>τῶν</span> <span class='ocrx_word' id='word_1_820' title='bbox 2391 5565 2628 5622; x_wconf 83' lang='grc' dir='ltr'>εἰδώλων</span> <span class='ocrx_word' id='word_1_821' title='bbox 2661 5568 2798 5623; x_wconf 87' lang='grc' dir='ltr'>θεῖοι</span> <span class='ocrx_word' id='word_1_822' title='bbox 2831 5572 2952 5625; x_wconf 69' lang='grc' dir='ltr'>ναοὶ</span> <span class='ocrx_word' id='word_1_823' title='bbox 3008 5575 3432 5648; x_wconf 80' lang='grc' dir='ltr'>καθιδρύθησαν,</span> <span class='ocrx_word' id='word_1_824' title='bbox 3463 5579 3549 5633; x_wconf 81' lang='grc' dir='ltr'>τοῦ</span> <span class='ocrx_word' id='word_1_825' title='bbox 3583 5596 3674 5646; x_wconf 74' lang='grc' dir='ltr'>κη-</span> 
     </span>
    </p>
   </div>
   <div class='ocr_carea' id='block_1_106' title="bbox 1798 5673 2359 5743">
    <p class='ocr_par' dir='ltr' id='par_1_106' title="bbox 1798 5673 2359 5743">
     <span class='ocr_line' id='line_1_108' title="bbox 1798 5673 2359 5743; baseline 0.018 -10"><span class='ocrx_word' id='word_1_826' title='bbox 1798 5673 1998 5734; x_wconf 70' lang='lat' dir='ltr'><strong>Varite</strong></span> <span class='ocrx_word' id='word_1_827' title='bbox 2033 5675 2359 5743; x_wconf 87' lang='lat' dir='ltr'><strong>lectiones.</strong></span> 
     </span>
    </p>
   </div>
   <div class='ocr_carea' id='block_1_107' title="bbox 507 5750 970 5824">
    <p class='ocr_par' dir='ltr' id='par_1_107' title="bbox 507 5750 970 5824">
     <span class='ocr_line' id='line_1_109' title="bbox 507 5750 970 5824; baseline 0.019 -23"><span class='ocrx_word' id='word_1_828' title='bbox 507 5750 620 5824; x_wconf 57' lang='grc'><strong>(37)</strong></span> <span class='ocrx_word' id='word_1_829' title='bbox 652 5753 737 5824; x_wconf 73' lang='grc' dir='ltr'><strong>ἴον.</strong></span> <span class='ocrx_word' id='word_1_830' title='bbox 769 5757 853 5824; x_wconf 75' lang='grc' dir='ltr'><strong>ἐφ’</strong></span> <span class='ocrx_word' id='word_1_831' title='bbox 875 5752 970 5812; x_wconf 81' lang='grc' dir='ltr'><strong>ὧν.</strong></span> 
     </span>
    </p>
   </div>
   <div class='ocr_carea' id='block_1_108' title="bbox 502 5821 2008 5917">
    <p class='ocr_par' dir='ltr' id='par_1_108' title="bbox 502 5821 2008 5917">
     <span class='ocr_line' id='line_1_110' title="bbox 502 5821 2008 5917; baseline 0.021 -43"><span class='ocrx_word' id='word_1_832' title='bbox 502 5821 612 5892; x_wconf 73' lang='lat'><strong>(88)</strong></span> <span class='ocrx_word' id='word_1_833' title='bbox 668 5821 854 5881; x_wconf 66' lang='lat' dir='ltr'><strong>Graeca</strong></span> <span class='ocrx_word' id='word_1_834' title='bbox 907 5831 992 5885; x_wconf 83' lang='lat' dir='ltr'><strong>hic</strong></span> <span class='ocrx_word' id='word_1_835' title='bbox 1035 5830 1245 5894; x_wconf 83' lang='lat' dir='ltr'><strong>Latinis</strong></span> <span class='ocrx_word' id='word_1_836' title='bbox 1275 5840 1688 5912; x_wconf 67' lang='lat' dir='ltr'><strong>“respondentia</strong></span> <span class='ocrx_word' id='word_1_837' title='bbox 1745 5845 2008 5917; x_wconf 83' lang='lat' dir='ltr'><strong>leguntur</strong></span> 
     </span>
    </p>
   </div>
   <div class='ocr_carea' id='block_1_109' title="bbox 2123 5784 3279 5858">
    <p class='ocr_par' dir='ltr' id='par_1_109' title="bbox 2123 5784 3279 5858">
     <span class='ocr_line' id='line_1_111' title="bbox 2123 5784 3279 5858; baseline 0.015 -25"><span class='ocrx_word' id='word_1_838' title='bbox 2123 5796 2312 5850; x_wconf 90' lang='lat' dir='ltr'><strong>supra,</strong></span> <span class='ocrx_word' id='word_1_839' title='bbox 2363 5784 2416 5838; x_wconf 93' lang='lat' dir='ltr'><strong>in</strong></span> <span class='ocrx_word' id='word_1_840' title='bbox 2476 5786 2581 5842; x_wconf 87' lang='lat' dir='ltr'><strong>line</strong></span> <span class='ocrx_word' id='word_1_841' title='bbox 2613 5790 2980 5858; x_wconf 81' lang='lat' dir='ltr'><strong>expositionis</strong></span> <span class='ocrx_word' id='word_1_842' title='bbox 3018 5793 3279 5851; x_wconf 82' lang='lat' dir='ltr'><strong>versiculi</strong></span> 
     </span>
    </p>
   </div>
   <div class='ocr_carea' id='block_1_110' title="bbox 2118 5864 2819 5922">
    <p class='ocr_par' dir='ltr' id='par_1_110' title="bbox 2118 5864 2819 5922">
     <span class='ocr_line' id='line_1_112' title="bbox 2118 5864 2819 5922; baseline 0.016 -17"><span class='ocrx_word' id='word_1_843' title='bbox 2118 5865 2398 5922; x_wconf 82' lang='lat' dir='ltr'><strong>conspectu</strong></span> <span class='ocrx_word' id='word_1_844' title='bbox 2436 5864 2528 5911; x_wconf 69' lang='lat'><strong>&quot;(0</strong></span> <span class='ocrx_word' id='word_1_845' title='bbox 2564 5873 2819 5916; x_wconf 70' lang='lat' dir='ltr'><strong>mensam.</strong></span> 
     </span>
    </p>
   </div>
   <div class='ocr_carea' id='block_1_111' title="bbox 3321 5795 3674 5852">
    <p class='ocr_par' dir='ltr' id='par_1_111' title="bbox 3321 5795 3674 5852">
     <span class='ocr_line' id='line_1_113' title="bbox 3321 5795 3674 5852; baseline 0 -2"><span class='ocrx_word' id='word_1_846' title='bbox 3321 5812 3336 5850; x_wconf 87' lang='lat'><strong>:</strong></span> <span class='ocrx_word' id='word_1_847' title='bbox 3382 5795 3588 5852; x_wconf 85' lang='lat' dir='ltr'><strong>Parasti</strong></span> <span class='ocrx_word' id='word_1_848' title='bbox 3615 5814 3674 5850; x_wconf 70' lang='grc' dir='ltr'>ιῑι</span> 
     </span>
    </p>
   </div>
  </div>
