3916 6540
145 464 243 529 329

1285 460 1680 522 COMMENT.
1707 457 1788 518 ΙΝ
1834 455 2196 519 PSALMOS.

3251 455 3358 518 33‘)

146 579 401 650 φαυλότης
432 576 603 632 αὐτῶν
631 576 883 648 ἐλεγχθῇ,
915 579 1005 630 καὶ
1043 577 1098 630 ἐν
1135 579 1313 651 καιρῷ
1361 575 1691 648 τιμωρηθῶ-

1845 579 1942 630 itas
1975 575 2148 646 magis
2184 576 2563 637 convincatur,
2598 583 2652 628 ct
2689 572 2743 627 in
2773 578 3084 643 opportuno
3119 578 3366 642 tempore

148 691 223 725 σιν
259 671 624 738 ἀσύγγνωστα.

203 765 299 818 Καὶ
331 767 416 829 εἰς
463 764 530 816 τὰ
568 763 712 832 ἔργα
751 763 868 816 τῶν
912 761 1120 832 χειρῶν
1153 761 1361 816 αὑτοῦ.
1417 761 1597 830 Ἔργα
1637 760 1692 811 δὲ

144 857 293 924 λέγω,
336 855 370 909 a
399 855 557 917 αὐτὸς
591 855 885 924 ἐργάζεται
920 856 1059 924 μετὰ
1089 855 1182 908 τοῦ
1220 851 1450 906 σκοποῦ·
1483 854 1539 905 αἱ
1578 854 1691 922 χεῖ-

151 965 230 1017 ρες
269 947 372 1016 γὰρ
404 946 667 1012 ἐνταῦθα,
721 947 781 1000 τὸ
811 946 1198 1017 λελογισμένον
1233 946 1340 1019 τῷν
1380 945 1559 1013 ἔργων
1594 946 1693 1012 ἐρ.-

150 1039 396 1110 φαίνουσι.

202 1213 471 1279 Καθελεῖς
492 1213 735 1280 αὐτοὺς,
777 1214 874 1267 καὶ
902 1216 976 1268 οὐ
1010 1214 1097 1284 μὴ
1138 1213 1558 1282 οἰκοδομήσας
1587 1215 1696 1266 αὐ-

147 1307 288 1372 τούς.
339 1307 505 1358 Τοῦτο
552 1307 862 1376 προφητεία
912 1307 1011 1377 τῆς
1063 1307 1346 1368 ἀπωλείαις
1381 1306 1579 1367 αὐτῶν,
1613 1306 1696 1358 ὅτι

150 1399 404 1460 πεσόντες,
427 1397 613 1450 οὐκέτι
639 1397 1138 1470 ἀνορθωοήσονται.

205 1670 536 1738 Εὐλογητὸς
567 1670 806 1738 Κύριος,
847 1670 937 1724 ὅτι
985 1669 1315 1738 εἱσήκουσε
1358 1669 1468 1737 τῆς
1494 1669 1702 1740 φωνῆς

151 1757 242 1824 τῆς
267 1757 521 1826 δεήσεώς
548 1777 686 1828 μου.
714 1789 781 1798 --
808 1761 1182 1828 Εὐλογητὸς,
1223 1759 1346 1814 ἀντὶ
1369 1761 1484 1826 τοῦ,
1517 1760 1706 1826 Ἀξιος

153 1847 462 1916 εὐλογεῖσθαι
521 1852 618 1902 καὶ
658 1848 946 1918 ὑμνεῖσθαι
972 1862 985 1876 ’
1018 1842 1106 1902 οἷα
1155 1848 1211 1901 δὲ
1260 1847 1704 1918 πληροφορηθεὶς

153 1935 215 1992 ὧν
239 1940 475 2009 ἐζήτησε,
505 1941 696 2010 φησιν,
724 1941 849 1994 Ὅτι
878 1941 1154 2010 ἐπήκουσέ
1193 1957 1320 2009 μου.

211 2035 406 2099 Κύριος
446 2033 681 2098 ,βοηθός
731 2049 849 2101 μου
873 2071 890 2097 ,
927 2033 1024 2086 καὶ
1063 2032 1526 2100 ὑπερασπιστὴς
1563 2050 1699 2101 μου.

157 2122 303 2176 Τοῦτο
324 2125 418 2191 τῆς
457 2123 861 2194 πληροφορίας.

224 2317 515 2385 Ἐπάὐτῷ
543 2319 816 2389 ἤλπισεν
869 2321 905 2374 ri
961 2321 1176 2389 καρδία
1212 2338 1353 2390 μου.
1423 2320 1511 2385 Ὡς
1559 2323 1706 2392 μόνῳ

163 2407 352 2477 ἀψευδεῖ
379 2411 514 2480 Θεῷ.
726 2487 728 2490 ν

223 2521 316 2574 Kal
347 2521 703 2593 ἐϐοηθήθην.
777 2527 888 2580 Καὶ
950 2527 1050 2582 οὒκ
1107 2528 1384 2598 ἀπέτυχον
1462 2529 1562 2598 τῆς
1617 2529 1705 2580 ὲλ-

168 2614 313 2680 πίδος.

235 2731 492 2788 Ἀνέθαλε
521 2735 560 2802 ἡ
605 2733 766 2804 σάρξ
822 2754 963 2805 μου.
1001 2737 1063 2790 Ἡ
1093 2739 1197 2806 πρὸ
1227 2737 1421 2791 τούτου
1480 2739 1707 2807 ἐκτεση·

171 2827 277 2876 κυία
311 2828 420 2888 ταῖς
444 2827 696 2896 φροντίσι
737 2828 828 2880 καὶ
867 2829 1286 2893 κακοπαθείαις.

227 2937 324 2992 Kal
351 2941 416 2994 ἐκ
449 2941 790 3010 θελήματος
829 2959 949 3010 μου
972 2942 1498 3013 ἐξομολογήσομαι
1529 2945 1710 3009 αὐτῷ.

183 3030 260 3082 Ἐκ
284 3033 521 3100 καρδίας,
573 3034 899 3103 προθύμως,
947 3036 1051 3088 οὐκ
1106 3036 1547 3104 ἁναγκαστιςιῶς.
1587 3038 1716 3090 Τοι-

174 3121 302 3175 οὗτόν
331 3127 439 3178 ἔστι
467 3127 576 3180 ’καὶ
607 3128 672 3178 τό
695 3143 710 3156 ο
753 3127 1085 3193 Ἑκουσίως
1118 3129 1283 3182 θύσω
1329 3142 1450 3181 σοι.
1491 3130 1718 3199 Ἐξομο-

176 3212 364 3284 λὸγησιν
394 3217 448 3270 δὲ
475 3217 575 3289 τὴν
609 3218 996 3290 εὐχαριστείαν
1025 3219 1193 3288 λέγει.

234 3332 422 3399 Κύριος
450 3335 793 3404 κραταίωμα
822 3335 927 3388 τοῦ
967 3335 1122 3389 λαοῦ
1156 3335 1366 3400 αὐτοῦ,
1407 3336 1504 3387 καὶ
1542 3337 1718 3401 ὑπερ-

180 3423 444 3490 ασπιστὴς
509 3426 634 3480 τῶν
705 3426 1014 3494 σωτηρίων
1059 3427 1166 3481 τοῦ
1220 3426 1478 3496 Χριστοῦ
1532 3424 1720 3480 αὐτοῦ

181 3511 304 3566 ἐστι.
350 3517 546 3587 Κύριος
587 3520 767 3588 ἰσχύει
804 3519 897 3572 τὸν
929 3519 1351 3588 ἀνατεθειμένον
1388 3517 1535 3589 αὐτῷ
1569 3517 1719 3582 λαὸν,

186 3608 260 3657 καὶ
308 3607 607 3681 ὑπερμαχεί
661 3611 762 3679 τῆς
826 3611 1102 3680 σωτηρίας
1140 3611 1235 3663 τοῦ
1291 3609 1606 3681 χρισθέντος
1641 3609 1723 3672 εἰς

188 3691 375 3761 βασιλέα
401 3702 544 3754 κατὰ
581 3701 886 3767 πρόσταξιν
921 3700 1110 3754 αὑτοῦ.
1171 3702 1334 3769 Λέγει
1395 3699 1452 3753 δὲ
1514 3700 1641 3768 περί
1664 3717 1722 3752 τε

186 3789 355 3854 παντὸς
378 3793 468 3846 τοῦ
495 3792 652 3858 λαοῦ,
686 3795 784 3846 καὶ
817 3795 946 3865 περὶ
975 3793 1197 3858 ἑαυτοῦ,
1235 3791 1421 3856 sua;
1457 3793 1556 3863 τὴν
1606 3793 1726 3845 ὲσο-

190 3878 333 3952 μένην
355 3886 678 3956 μεταϐολήν.

243 3995 446 4062 Σὼσον,
505 3999 707 4068 Κύριε,
742 4001 848 4053 τὸν
877 4001 1033 4054 λαόν
1060 4017 1198 4065 σου,
1250 3999 1346 4051 καὶ
1381 3998 1728 4067 εὺλόγησον·

191 4087 285 4152 τὴν
347 4093 753 4162 κληρονομίαν
809 4109 950 4148 σου.
993 4092 1084 4155 Ὠς
1132 4092 1550 4162 ἀποληψόμενος
1603 4092 1728 4143 ὅσον

193 4176 319 4232 οΰπω
339 4182 430 4253 τὴν
465 4183 776 4253 βασιλείαν,
817 4183 1185 4258 ὑπερεὺχεται
1234 4183 1329 4236 τοῦ
1359 4182 1515 4236 λαοῦ.
1561 4181 1648 4234 Ἐν
1673 4181 1728 4234 δὲ

193 4273 246 4339 τῇ
274 4272 422 4347 βίϐλῳ
438 4279 534 4348 τῆς
581 4278 798 4344 Ἐξὸδου
829 4279 856 4332 ὁ
880 4279 1014 4342 Θεὸς
1036 4277 1166 4331 λαὸν
1197 4276 1364 4330 αὐτοῦ
1392 4273 1725 4346 περιούσιον,

194 4363 724 4443 ῇτοικληρονομιαίον
765 4372 892 4434 τοὺς
936 4369 1278 4442 Ἰσραηλίτας
1315 4369 1565 4423 ἐκάλεσε.

254 4653 348 4708 Kal
377 4657 668 4726 ποίμανον
706 4658 949 4722 αὐτούς.
980 4654 1404 4727 Συμδασιλεύων
1423 4656 1565 4724 ἐμοὶ,
1591 4673 1731 4725 συμ-

200 4740 432 4800 ϐουλεύων
455 4751 595 4818 ἐμοί.

259 4862 353 4913 Kal
401 4863 626 4932 ἔπορον
702 4862 924 4928 αὐτοὺς
988 4861 1099 4927 ἕως
1159 4861 1266 4916 τοῦ
1315 4859 1549 4925 αἰῶνος.
1629 4859 1737 4911 Καὶ

208 4949 392 5018 ὕψωσον
415 4960 523 5021 τοῖς
552 4957 839 5028 τροπαίοις
867 4957 1028 5025 μέχρι
1056 4954 1274 5015 παντός.
1293 4953 1529 5007 Δύναται
1559 4951 1616 5003 δὲ
1645 4953 1738 5002 καὶ

205 5045 355 5116 ἡάρὰ
384 5050 495 5112 τοῦ,
547 5053 659 5115 Δὸς
713 5049 941 5115 αὐτοῖς,
1024 5048 1219 5116 Κύριε,
1268 5045 1419 5100 κατὰ
1465 5043 1538 5099 τὰ
1595 5043 1742 5111 ἔργα

208 5136 394 5200 αὐτῶν,
423 5145 514 5193 καὶ
546 5143 612 5194 τὰ
632 5141 781 5210 ἑξῆς,
813 5143 908 5194 καὶ
939 5140 1083 5194 κατὰ
1137 5138 1249 5191 τῶν
1302 5135 1738 5206 σταυρωσὰντων

206 5226 282 5278 τὸν
307 5230 528 5299 Χριστὸν
552 5233 827 5288 Ἰουδαίων
857 5231 1136 5293 ἕλκεσθαι,
1188 5230 1384 5292 οἵτινες
1444 5226 1740 5298 παμπιόνη-

215 5320 460 5387 manu,
483 5326 545 5377 οὐ
582 5328 827 5395 συνῆκαν
859 5328 938 5388 εἰς
957 5323 992 5377 ἃ
1022 5321 1296 5393 ἠργάζετο
1344 5321 1628 5390 τεράστια.
1653 5317 1745 5370 Διὸ

213 5408 622 5481 καθαιρεθέντας,
689 5416 872 5470 οὐκέτι
928 5413 1333 5483 ἁνωρθώθησαν
1365 5427 1380 5444 ⁸
1434 5413 1462 5464 ὁ
1513 5410 1569 5463 δὲ
1613 5409 1746 5472 Θεὸς

214 5501 551 5568 ἐκραταίωσεν
583 5507 673 5560 τὸν
709 5508 905 5563 πιστὸν
959 5505 1112 5571 λαὸν,
1171 5503 1380 5558 καιτά
1437 5501 1587 5570 ἑξῆς.
1637 5501 1748 5556 Καὶ

219 5585 348 5657 αὖθις
380 5598 410 5666 ἡ
434 5598 565 5670 εὐχὴ
593 5599 730 5669 πρὸς
755 5599 848 5653 τὸν
875 5597 1131 5668 Χριστὸν,
1156 5595 1299 5666 ὑπὲρ
1333 5594 1426 5648 τοῦ
1456 5593 1515 5660 ἐξ
1574 5590 1745 5646 ὲονῶν

218 5681 326 5738 λαοῦ
360 5691 517 5743 αὑτοῦ
549 5693 792 5755 δοθέντος
834 5691 985 5760 αὐτῷ
1014 5693 1094 5752 εἰς
1148 5687 1535 5760 κληρονομίαν,
1564 5684 1622 5738 δν
1653 5683 1747 5736 καὶ

221 5771 453 5866 tactu“:
480 5782 572 5832 καὶ
595 5781 808 5850 ’ὕψωσεν
842 5780 1079 5851 ἀληθῶςο

282 5954 319 5985 ³⁸
347 5956 483 6013 Psal.
517 5978 633 6029 LIII,
670 5966 721 6019 8.
813 5967 853 5997 ”
888 5965 1031 6020 Psal.
1071 5981 1236 6023 xxvii.
1279 5968 1331 6019 4.

489 6058 758 6120 Ριωωι..
811 6062 928 6122 Cn.
965 6061 1305 6124 CXXVIII.

1801 667 2260 722 irremissibiliter
2294 665 2600 720 afﬁciantur
2631 665 2940 736 suppliciis.

1868 762 1976 814 Nec
1997 775 2154 826 opera
2185 776 2435 813 manuum
2455 759 2589 827 ejus.
2608 757 2805 830 Opera,
2839 761 3083 829 inquam,
3109 758 3230 812 dico
3252 773 3372 828 quae

1798 850 1916 920 ipse
1957 865 2174 905 summo
2217 850 2446 904 consilio
2498 859 2791 920 cperatur,
2841 861 2894 904 et
2931 850 3040 904 non
3072 846 3204 903 casu
3231 865 3245 914 ;
3276 864 3372 918 per

1800 957 1996 995 manus
2045 941 2188 995 enim
2237 942 2327 996 hic
2380 941 2878 996 considerationem
2932 939 3263 1010 quamdam,
3319 948 3373 993 et

1800 1032 2039 1088 studium
2119 1031 2175 1085 in
2243 1031 2444 1086 divinis
2500 1029 2908 1101 operationibus
2961 1044 3084 1086 esse
3151 1028 3376 1084 demon-

1803 1129 2004 1178 strant.

1874 1214 2126 1268 Destrues
2150 1214 2271 1270 illos
2296 1223 2344 1268 et
2378 1231 2478 1268 non
2506 1213 2792 1282 mdiﬁcabis
2813 1229 2923 1268 eos.
2957 1210 3210 1267 Praxlicit
3244 1211 3379 1268 Pro-

1805 1307 1968 1378 pheta
1993 1307 2345 1362 inimicorum
2381 1323 2606 1362 suorum
2645 1307 3006 1377 perditiOuem
3035 1348 3050 1370 ,
3079 1319 3199 1375 quae
3229 1305 3379 1374 ejus-

1805 1395 1948 1450 modi
1979 1395 2164 1450 futura
2204 1405 2343 1461 eral,
2375 1404 2434 1450 ut
2483 1397 2574 1450 ubi
2622 1397 2792 1451 semel
2840 1396 2895 1449 in
2944 1409 3184 1464 praeceps
3233 1393 3380 1449 ceci-

1802 1485 2017 1542 dissent
2045 1529 2059 1554 ,
2115 1503 2398 1558 resurgere
2445 1488 2676 1558 amplius
2705 1529 2719 1553 ,
2784 1496 2878 1541 aut
2931 1502 2990 1542 se
3031 1490 3242 1556 erigere
3270 1499 3379 1541 non

1807 1589 2053 1646 possent.

1878 1666 2046 1723 Vsus.
2067 1668 2120 1723 6.
2150 1668 2466 1723 Benedictus
2501 1669 2758 1724 Dominus
2777 1670 2901 1739 quia
2921 1669 3189 1724 exaudivit
3211 1686 3381 1725 vocem

1808 1761 2196 1828 deprecationis
2228 1775 2375 1815 mea.
2405 1759 2756 1826 Benedictus,
2784 1760 2888 1816 hoc
2927 1769 3032 1827 est,
3067 1762 3262 1832 dignus
3293 1763 3382 1816 cui

1807 1853 2185 1916 benedicatur,
2223 1853 2316 1924 qui
2348 1854 2618 1908 laudetur.
2660 1853 2864 1911 Deinde
2889 1856 3046 1925 quasi
3093 1866 3277 1910 certus
3319 1855 3387 1910 de

1809 1948 1878 2003 iis
1911 1964 2033 2018 quae
2063 1950 2462 2020 postulaverat,
2506 1945 2657 2002 addit
2694 1965 2707 2002 :
2737 1947 2873 2014 Quia
2905 1949 3186 2004 exaudivit
3217 1965 3322 2003 me.

1879 2036 2048 2091 Vens.
2091 2038 2146 2092 7.
2184 2036 2437 2092 Dominus
2463 2035 2682 2105 adjutor
2705 2053 2846 2092 meus
2866 2048 2918 2092 et
2939 2047 3202 2108 protector
3223 2055 3387 2092 meus.

1808 2125 1946 2192 Hoc,
1979 2127 2144 2182 simili
2175 2129 2339 2182 modo
2367 2128 2433 2181 ad
2481 2128 2868 2183 certitudinem
2917 2131 3063 2184 illam
3108 2129 3342 2200 pertinet
3375 2171 3390 2195 ,

1809 2231 1972 2284 quam
2005 2217 2070 2271 de
2102 2218 2290 2272 divino
2315 2218 2522 2272 auxilio
2555 2226 2908 2288 conceperat.

1884 2322 1951 2378 In
1984 2326 2098 2392 ipso
2138 2329 2369 2392 speravit
2396 2343 2488 2379 cor
2522 2343 2714 2381 meum.
2755 2325 2932 2383 Veluti
2969 2329 3024 2384 in
3083 2330 3202 2387 solo
3263 2345 3393 2386 vero

1811 2433 1875 2472 at:
1897 2433 2007 2472 non
2046 2416 2224 2471 fallaci
2252 2418 2521 2487 adiutore.

1885 2531 1950 2585 Et
1980 2532 2200 2602 adjutus
2232 2548 2370 2586 sum.
2411 2532 2479 2586 Et
2507 2548 2604 2604 spe
2628 2543 2888 2606 concepta
2944 2552 3052 2592 non
3107 2553 3230 2594 sum
3281 2539 3398 2595 tru-

1815 2632 2040 2679 stratus.

1889 2735 1958 2791 Et
1991 2738 2232 2807 reﬂoruit
2262 2756 2386 2794 caro
2415 2756 2553 2796 mea.
2589 2742 2718 2808 Qua:
2750 2751 2878 2798 ante
2907 2743 2977 2799 ob
3000 2745 3398 2802 sollicitudines

1816 2835 1869 2882 ct
1895 2826 2220 2885 aﬂlictiones
2253 2830 2434 2885 varias
2473 2832 2743 2888 labefacta
2771 2845 2890 2890 erat

1889 2939 1956 2992 Et
1975 2956 2040 2994 ea:
2074 2944 2344 2998 voluntate
2376 2962 2488 2998 mea
2513 2947 2805 3015 conﬁtebor
2823 2949 2889 3001 ei.
2912 2946 3172 3019 Prompto
3191 2949 3397 3013 animo,

1819 3033 2021 3101 inquit,
2063 3045 2230 3104 atque
2259 3051 2322 3091 ex
2354 3037 2522 3092 corde
2555 3037 2608 3092 id
2643 3037 2869 3102 faciam,
2914 3054 3022 3093 non
3054 3049 3112 3093 ut
3149 3051 3399 3098 coactus.

1823 3124 2013 3182 Simile
2040 3129 2185 3182 istud
2218 3139 2300 3184 est
2341 3144 2356 3182 :
2395 3127 2712 3184 Votuntarie
2739 3131 3056 3199 sacriﬁcabo
3087 3134 3183 3186 tibi
3215 3134 3279 3187 ”.
3301 3133 3406 3189 Per

1827 3220 2242 3275 confessionem
2277 3235 2408 3276 vero
2430 3221 2734 3290 gratiarum
2783 3223 3062 3279 actionem
3134 3224 3401 3295 intellige.

1747 3268 1793 3330 ο

1898 3331 2064 3388 Vsus.
2095 3334 2150 3390 8.
2186 3333 2449 3388 Dominus
2480 3333 2741 3402 fortitudo
2772 3335 2954 3402 populi
2980 3338 3082 3400 sui,
3116 3347 3166 3390 et
3225 3347 3404 3405 prote-

1829 3432 1942 3478 ctor
1974 3424 2207 3478 solutum
2233 3423 2432 3479 Christi
2460 3428 2540 3479 sui
2564 3435 2664 3482 est.
2698 3426 2986 3494 Dominus,
3012 3428 3209 3498 inquit,
3229 3446 3405 3501 popu-

1830 3516 1942 3568 lum
1979 3531 2139 3571 suum
2166 3516 2271 3572 sibi
2310 3516 2627 3572 dedicatum
2653 3516 2942 3574 fortiorem
2971 3518 3172 3585 reddit,
3226 3530 3279 3576 et
3306 3538 3405 3593 pro

1832 3607 1982 3663 illius
2010 3617 2212 3678 pugnat
2239 3607 2441 3670 salute,
2470 3610 2565 3681 qui
2599 3609 2855 3665 mandato
2889 3609 3012 3682 ejus
3054 3611 3124 3666 ad
3177 3627 3404 3683 regnum

1835 3710 2038 3758 unctus
2066 3710 2151 3756 est
2206 3699 2485 3773 [Christus
2546 3702 2751 3754 etenim
2808 3712 3032 3756 unctum
3088 3704 3406 3778 signiﬁcat].

1839 3791 1912 3848 De
1947 3793 2132 3861 seipso
2163 3800 2344 3844 autem
2375 3805 2440 3844 ac
2475 3789 2542 3843 de
2571 3798 2688 3844 toto
2721 3793 2924 3862 populo
2963 3809 3273 3852 sermonem
3323 3797 3408 3852 fa-

1837 3886 1932 3950 cit,
1960 3883 2127 3938 veluti
2163 3881 2424 3953 praescius
2448 3873 2647 3936 futurae
2671 3884 3096 3941 immutationis.

1908 3997 2077 4053 Vsus.
2112 3997 2166 4052 9.
2199 3995 2420 4053 Salvum
2450 3996 2537 4064 fac
2573 3995 2826 4066 populant
2855 4007 3024 4062 tuum,
3057 3998 3296 4066 Domine,
3324 4002 3412 4056 be-

1839 4088 1989 4142 nedic
2021 4087 2322 4141 ltwreditati
2353 4096 2477 4138 ture.
2500 4086 2669 4152 Quasi
2693 4090 2805 4155 jam
2851 4103 3077 4156 regnum
3117 4098 3411 4160 susceptu-

1841 4190 1936 4228 rus
1973 4183 2142 4239 esset,
2171 4183 2224 4227 et
2257 4173 2388 4226 huic
2421 4173 2500 4227 rei
2527 4175 2756 4243 prepior
2812 4190 2975 4244 quam
3002 4187 3209 4245 antea,
3257 4188 3412 4250 rogat

1841 4265 2116 4337 Propheta
2149 4281 2249 4337 pro
2279 4266 2479 4336 populo
2541 4266 2636 4321 Dei
2663 4284 2677 4334 ;
2707 4275 2762 4322 et
2786 4267 2931 4338 quod
2967 4269 3272 4326 haereditati
3297 4291 3412 4329 sua:

1841 4359 1996 4422 dicit,
2022 4359 2198 4412 simile
2228 4360 2381 4412 eiest
2436 4358 2580 4426 quod
2626 4361 2855 4427 legimus
2925 4359 2978 4413 in
3045 4362 3255 4430 Exodo,
3322 4367 3412 4420 ubi

1842 4451 2118 4507 lsraelitas
2141 4449 2285 4505 Deus
2318 4449 2576 4520 populum
2614 4465 2772 4506 suum
2809 4451 3167 4522 peculiarem,
3189 4455 3292 4512 hoc
3325 4467 3415 4514 est

1846 4540 2252 4596 lmreditarium
2289 4539 2600 4609 appellavit.

1763 4621 1812 4679 θ
1913 4654 1982 4708 Et
2008 4669 2162 4720 pasce
2192 4669 2300 4706 eos.
2370 4651 2545 4706 Simul
2593 4667 2806 4707 mecum
2844 4669 3077 4726 regnans
3106 4699 3121 4723 ,
3172 4661 3419 4732 mihique

1843 4746 2153 4805 consulens.

1923 4863 1986 4916 Et
2017 4862 2206 4916 extolle
2231 4879 2316 4916 eos
2349 4878 2510 4932 usque
2537 4863 2590 4914 in
2607 4863 2884 4919 sa'cutum.
2959 4864 3025 4918 Et
3078 4868 3280 4923 extolle
3323 4885 3419 4926 eos

1849 4957 2074 5026 tropaeis
2125 4955 2424 5024 perpetuis.
2480 4955 2574 5008 llla
2610 4955 2774 5009 etiam
2807 4957 3127 5026 imprecatio
3167 4963 3420 5030 superius

1848 5051 1992 5104 facta
2025 5066 2037 5102 :
2083 5048 2166 5101 Da
2193 5049 2328 5114 illis,
2358 5048 2603 5112 Domine,
2641 5049 2928 5103 secundum
2960 5067 3116 5118 opera
3138 5069 3316 5106 eorum
3351 5055 3416 5117 ",

1848 5149 2034 5213 potest
2064 5141 2130 5196 ad
2160 5141 2521 5195 cruciﬁxores
2572 5139 2772 5195 Christi
2824 5140 3060 5197 referri:
3124 5143 3218 5211 qui
3271 5145 3420 5198 omni

1851 5237 2122 5306 pravitate
2157 5234 2376 5297 imbuti,
2401 5249 2509 5287 non
2550 5233 2942 5288 intellexerunt
2983 5235 3272 5295 miracula,
3328 5245 3425 5289 aut

1855 5325 2146 5382 aDomino
2203 5324 2369 5380 facta.
2429 5323 2776 5394 Quapmpter
2835 5333 2890 5379 et
2954 5325 3223 5379 destructi
3275 5337 3423 5393 sunt,

1858 5426 1914 5472 et
1936 5415 2172 5486 amplius
2261 5429 2368 5468 non
2466 5415 2687 5468 erecti:
2773 5398 2965 5468 contra
3052 5423 3232 5468 autem
3284 5415 3429 5472 Deus

1861 5508 2125 5579 populum
2151 5521 2312 5560 suum
2341 5503 2679 5568 fortiﬁcavit,
2714 5515 2768 5559 et
2793 5520 2915 5574 quae
2971 5518 3291 5575 sequuntur,
3318 5519 3427 5564 etc.

1859 5601 1928 5655 Et
1961 5613 2154 5654 rursus
2180 5599 2346 5654 etiam
2387 5597 2564 5652 oratio
2595 5596 2661 5650 ad
2687 5596 2970 5652 Christum
3007 5597 3301 5666 referatur,
3327 5618 3430 5673 pro

1861 5687 2064 5756 populo
2112 5701 2180 5740 ex
2231 5686 2510 5756 gentibus,
2537 5685 2630 5756 qui
2664 5686 2738 5740 illi
2781 5686 2833 5741 in
2866 5688 3237 5746 haereditatem
3268 5693 3429 5748 datus

1859 5786 1964 5844 est,
1989 5786 2042 5832 et
2069 5792 2229 5848 quem
2263 5776 2408 5846 pavit
2435 5774 2689 5835 Christus
2716 5787 2876 5850 atque
2905 5781 3183 5837 exultavit.

3051 6050 3118 6113 ll
